|raw|<div class="broadcast-blue"><strong>This battle is required to be public due to a player having a name starting with 'lt93oq'.</div>
|j|☆LT93OQ Harshal
|j|☆ripreckful
|t:|1660977085
|gametype|singles
|player|p1|LT93OQ Harshal|ethan|1903
|player|p2|ripreckful|hilbert|1871
|teamsize|p1|6
|teamsize|p2|6
|gen|8
|tier|[Gen 8] OU
|rated|
|rule|Sleep Clause Mod: Limit one foe put to sleep
|rule|Species Clause: Limit one of each Pokémon
|rule|OHKO Clause: OHKO moves are banned
|rule|Evasion Items Clause: Evasion items are banned
|rule|Evasion Moves Clause: Evasion moves are banned
|rule|Endless Battle Clause: Forcing endless battles is banned
|rule|HP Percentage Mod: HP is shown in percentages
|rule|Dynamax Clause: You cannot dynamax
|clearpoke
|poke|p1|Landorus-Therian, M|
|poke|p1|Magnezone|
|poke|p1|Tapu Fini|
|poke|p1|Garchomp, M|
|poke|p1|Tapu Lele|
|poke|p1|Kartana|
|poke|p2|Landorus-Therian, M|
|poke|p2|Melmetal|
|poke|p2|Zapdos|
|poke|p2|Urshifu-*, F|
|poke|p2|Tapu Lele|
|poke|p2|Dragapult, F|
|teampreview
|inactive|Battle timer is ON: inactive players will automatically lose when time's up. (requested by ripreckful)
|inactive|LT93OQ Harshal also wants the timer to be on.
|
|t:|1660977109
|start
|switch|p1a: Kartana|Kartana|100/100
|switch|p2a: Urshifu|Urshifu-Rapid-Strike, F|100/100
|turn|1
|inactive|LT93OQ Harshal has 120 seconds left.
|j| Iopenwithspinda
|j| morpekod
|j| lt93oq 3d
|j| LT93OQ tj
|l| Iopenwithspinda
|
|t:|1660977165
|switch|p2a: Zapdos|Zapdos|100/100
|move|p1a: Kartana|Leaf Blade|p2a: Zapdos
|-resisted|p2a: Zapdos
|-damage|p2a: Zapdos|78/100
|
|upkeep
|turn|2
|
|t:|1660977172
|switch|p1a: Garchomp|Garchomp, M|100/100
|switch|p2a: Urshifu|Urshifu-Rapid-Strike, F|100/100
|
|upkeep
|turn|3
|j| LT93OQ A
|j| The art of
|l| LT93OQ A
|j| d18l
|
|t:|1660977189
|move|p1a: Garchomp|Stealth Rock|p2a: Urshifu
|-sidestart|p2: ripreckful|move: Stealth Rock
|move|p2a: Urshifu|Close Combat|p1a: Garchomp
|-damage|p1a: Garchomp|4/100
|-unboost|p2a: Urshifu|def|1
|-unboost|p2a: Urshifu|spd|1
|-damage|p2a: Urshifu|88/100|[from] ability: Rough Skin|[of] p1a: Garchomp
|
|-heal|p1a: Garchomp|10/100|[from] item: Leftovers
|upkeep
|turn|4
|inactive|LT93OQ Harshal has 120 seconds left.
|
|t:|1660977196
|switch|p2a: Landorus|Landorus-Therian, M|100/100
|-damage|p2a: Landorus|88/100|[from] Stealth Rock
|-ability|p2a: Landorus|Intimidate|boost
|-unboost|p1a: Garchomp|atk|1
|move|p1a: Garchomp|Earthquake|p2a: Landorus
|-immune|p2a: Landorus
|
|-heal|p1a: Garchomp|16/100|[from] item: Leftovers
|-heal|p2a: Landorus|94/100|[from] item: Leftovers
|upkeep
|turn|5
|j| hamiltonion
|
|t:|1660977205
|move|p1a: Garchomp|Swords Dance|p1a: Garchomp
|-boost|p1a: Garchomp|atk|2
|move|p2a: Landorus|Stealth Rock|p1a: Garchomp
|-sidestart|p1: LT93OQ Harshal|move: Stealth Rock
|
|-heal|p1a: Garchomp|22/100|[from] item: Leftovers
|-heal|p2a: Landorus|99/100|[from] item: Leftovers
|upkeep
|turn|6
|
|t:|1660977207
|move|p1a: Garchomp|Stone Edge|p2a: Landorus
|-damage|p2a: Landorus|50/100
|move|p2a: Landorus|U-turn|p1a: Garchomp
|-damage|p1a: Garchomp|0 fnt
|-damage|p2a: Landorus|38/100|[from] ability: Rough Skin|[of] p1a: Garchomp
|faint|p1a: Garchomp
|j| MANNAT
|
|t:|1660977214
|switch|p2a: Dragapult|Dragapult, F|100/100|[from]move: U-turn
|-damage|p2a: Dragapult|88/100|[from] Stealth Rock
|
|upkeep
|
|t:|1660977218
|switch|p1a: Kartana|Kartana|100/100
|-damage|p1a: Kartana|94/100|[from] Stealth Rock
|turn|7
|
|t:|1660977222
|switch|p2a: Zapdos|Zapdos|78/100
|move|p1a: Kartana|Knock Off|p2a: Zapdos
|-damage|p2a: Zapdos|46/100
|-enditem|p2a: Zapdos|Heavy-Duty Boots|[from] move: Knock Off|[of] p1a: Kartana
|
|upkeep
|turn|8
|
|t:|1660977229
|switch|p1a: Tapu Lele|Tapu Lele|100/100
|-damage|p1a: Tapu Lele|88/100|[from] Stealth Rock
|-fieldstart|move: Psychic Terrain|[from] ability: Psychic Surge|[of] p1a: Tapu Lele
|move|p2a: Zapdos|Defog|p1a: Tapu Lele
|-unboost|p1a: Tapu Lele|evasion|1
|-sideend|p1: LT93OQ Harshal|Stealth Rock|[from] move: Defog|[of] p2a: Zapdos
|-sideend|p2: ripreckful|Stealth Rock|[from] move: Defog|[of] p2a: Zapdos
|-fieldend|move: Psychic Terrain
|
|upkeep
|turn|9
|
|t:|1660977239
|switch|p2a: Landorus|Landorus-Therian, M|38/100
|-ability|p2a: Landorus|Intimidate|boost
|-unboost|p1a: Tapu Lele|atk|1
|move|p1a: Tapu Lele|Psyshock|p2a: Landorus
|-damage|p2a: Landorus|0 fnt
|faint|p2a: Landorus
|-damage|p1a: Tapu Lele|78/100|[from] item: Life Orb
|
|upkeep
|
|t:|1660977242
|switch|p2a: Dragapult|Dragapult, F|88/100
|turn|10
|
|t:|1660977245
|switch|p1a: Landorus|Landorus-Therian, M|100/100
|-ability|p1a: Landorus|Intimidate|boost
|-unboost|p2a: Dragapult|atk|1
|move|p2a: Dragapult|Shadow Ball|p1a: Landorus
|-damage|p1a: Landorus|59/100
|-unboost|p1a: Landorus|spd|1
|
|-heal|p1a: Landorus|65/100|[from] item: Leftovers
|upkeep
|turn|11
|
|t:|1660977249
|move|p2a: Dragapult|Shadow Ball|p1a: Landorus
|-damage|p1a: Landorus|0 fnt
|faint|p1a: Landorus
|
|upkeep
|
|t:|1660977252
|switch|p1a: Kartana|Kartana|94/100
|turn|12
|
|t:|1660977258
|switch|p2a: Zapdos|Zapdos|46/100
|move|p1a: Kartana|Knock Off|p2a: Zapdos
|-damage|p2a: Zapdos|24/100
|
|upkeep
|turn|13
|
|t:|1660977262
|switch|p1a: Tapu Lele|Tapu Lele|78/100
|-fieldstart|move: Psychic Terrain|[from] ability: Psychic Surge|[of] p1a: Tapu Lele
|move|p2a: Zapdos|Volt Switch|p1a: Tapu Lele
|-damage|p1a: Tapu Lele|44/100
|
|t:|1660977263
|switch|p2a: Dragapult|Dragapult, F|88/100|[from]move: Volt Switch
|
|upkeep
|turn|14
|
|t:|1660977266
|move|p2a: Dragapult|Shadow Ball|p1a: Tapu Lele
|-supereffective|p1a: Tapu Lele
|-damage|p1a: Tapu Lele|0 fnt
|faint|p1a: Tapu Lele
|
|upkeep
|
|t:|1660977268
|switch|p1a: Tapu Fini|Tapu Fini|100/100
|-fieldstart|move: Misty Terrain|[from] ability: Misty Surge|[of] p1a: Tapu Fini
|turn|15
|
|t:|1660977276
|move|p2a: Dragapult|Shadow Ball|p1a: Tapu Fini
|-damage|p1a: Tapu Fini|61/100
|move|p1a: Tapu Fini|Calm Mind|p1a: Tapu Fini
|-boost|p1a: Tapu Fini|spa|1
|-boost|p1a: Tapu Fini|spd|1
|
|-heal|p1a: Tapu Fini|67/100|[from] item: Leftovers
|upkeep
|turn|16
|
|t:|1660977279
|switch|p2a: Melmetal|Melmetal|100/100
|move|p1a: Tapu Fini|Draining Kiss|p2a: Melmetal
|-resisted|p2a: Melmetal
|-damage|p2a: Melmetal|89/100
|-heal|p1a: Tapu Fini|78/100|[from] drain|[of] p2a: Melmetal
|
|-heal|p1a: Tapu Fini|84/100|[from] item: Leftovers
|-heal|p2a: Melmetal|95/100|[from] item: Leftovers
|upkeep
|turn|17
|
|t:|1660977295
|switch|p1a: Magnezone|Magnezone|100/100
|-item|p1a: Magnezone|Air Balloon
|move|p2a: Melmetal|Double Iron Bash|p1a: Magnezone
|-resisted|p1a: Magnezone
|-damage|p1a: Magnezone|93/100
|-enditem|p1a: Magnezone|Air Balloon
|-resisted|p1a: Magnezone
|-damage|p1a: Magnezone|85/100
|-hitcount|p1a: Magnezone|2
|
|-heal|p2a: Melmetal|100/100|[from] item: Leftovers
|upkeep
|turn|18
|
|t:|1660977301
|move|p1a: Magnezone|Iron Defense|p1a: Magnezone
|-boost|p1a: Magnezone|def|2
|move|p2a: Melmetal|Earthquake|p1a: Magnezone
|-supereffective|p1a: Magnezone
|-damage|p1a: Magnezone|24/100
|
|upkeep
|turn|19
|
|t:|1660977307
|move|p1a: Magnezone|Magnet Rise|p1a: Magnezone
|-start|p1a: Magnezone|Magnet Rise
|move|p2a: Melmetal|Earthquake|p1a: Magnezone
|-immune|p1a: Magnezone
|
|-fieldend|Misty Terrain
|upkeep
|turn|20
|
|t:|1660977312
|move|p1a: Magnezone|Iron Defense|p1a: Magnezone
|-boost|p1a: Magnezone|def|2
|move|p2a: Melmetal|Double Iron Bash|p1a: Magnezone
|-resisted|p1a: Magnezone
|-damage|p1a: Magnezone|21/100
|-resisted|p1a: Magnezone
|-damage|p1a: Magnezone|18/100
|-hitcount|p1a: Magnezone|2
|
|upkeep
|turn|21
|
|t:|1660977317
|move|p1a: Magnezone|Body Press|p2a: Melmetal
|-supereffective|p2a: Melmetal
|-damage|p2a: Melmetal|0 fnt
|faint|p2a: Melmetal
|
|upkeep
|
|t:|1660977328
|switch|p2a: Zapdos|Zapdos|24/100
|turn|22
|
|t:|1660977331
|move|p2a: Zapdos|Heat Wave|p1a: Magnezone
|-supereffective|p1a: Magnezone
|-damage|p1a: Magnezone|0 fnt
|faint|p1a: Magnezone
|
|upkeep
|l| lt93oq 3d
|
|t:|1660977356
|switch|p1a: Kartana|Kartana|94/100
|turn|23
|
|t:|1660977359
|move|p1a: Kartana|Leaf Blade|p2a: Zapdos
|-resisted|p2a: Zapdos
|-damage|p2a: Zapdos|0 fnt
|faint|p2a: Zapdos
|-ability|p1a: Kartana|Beast Boost|boost
|-boost|p1a: Kartana|atk|1
|
|upkeep
|c|☆ripreckful|this better be pads
|
|t:|1660977369
|switch|p2a: Dragapult|Dragapult, F|88/100
|turn|24
|
|t:|1660977374
|move|p1a: Kartana|Leaf Blade|p2a: Dragapult
|-resisted|p2a: Dragapult
|-damage|p2a: Dragapult|29/100
|move|p2a: Dragapult|Shadow Ball|p1a: Kartana
|-damage|p1a: Kartana|0 fnt
|faint|p1a: Kartana
|
|upkeep
|
|t:|1660977377
|switch|p1a: Tapu Fini|Tapu Fini|84/100
|-fieldstart|move: Misty Terrain|[from] ability: Misty Surge|[of] p1a: Tapu Fini
|turn|25
|
|t:|1660977382
|move|p2a: Dragapult|Shadow Ball|p1a: Tapu Fini
|-damage|p1a: Tapu Fini|44/100
|-unboost|p1a: Tapu Fini|spd|1
|move|p1a: Tapu Fini|Calm Mind|p1a: Tapu Fini
|-boost|p1a: Tapu Fini|spa|1
|-boost|p1a: Tapu Fini|spd|1
|
|-heal|p1a: Tapu Fini|50/100|[from] item: Leftovers
|upkeep
|turn|26
|
|t:|1660977389
|move|p2a: Dragapult|Shadow Ball|p1a: Tapu Fini
|-damage|p1a: Tapu Fini|10/100
|move|p1a: Tapu Fini|Draining Kiss|p2a: Dragapult
|-supereffective|p2a: Dragapult
|-damage|p2a: Dragapult|0 fnt
|-heal|p1a: Tapu Fini|30/100|[from] drain|[of] p2a: Dragapult
|faint|p2a: Dragapult
|
|-heal|p1a: Tapu Fini|36/100|[from] item: Leftovers
|upkeep
|
|t:|1660977391
|switch|p2a: Tapu Lele|Tapu Lele|100/100
|-fieldstart|move: Psychic Terrain|[from] ability: Psychic Surge|[of] p2a: Tapu Lele
|turn|27
|
|t:|1660977394
|move|p2a: Tapu Lele|Psyshock|p1a: Tapu Fini
|-damage|p1a: Tapu Fini|0 fnt
|faint|p1a: Tapu Fini
|
|win|ripreckful
|raw|LT93OQ Harshal's rating: 1903 &rarr; <strong>1881</strong><br />(-22 for losing)
|raw|ripreckful's rating: 1871 &rarr; <strong>1893</strong><br />(+22 for winning)
|l|☆LT93OQ Harshal
|c|☆ripreckful|how did u dodge all those statics
|c|☆ripreckful|gg
|l|☆ripreckful
|l| morpekod
|l| The art of
