|raw|<div class="broadcast-blue"><strong>This battle is required to be public due to a player having a name starting with 'lt91bb'.</div>
|j|☆Bleudeon
|j|☆LT91BB xdRudi
|t:|1659109662
|gametype|singles
|player|p1|Bleudeon|beauty-gen5bw2|1720
|player|p2|LT91BB xdRudi|lass-gen4|1620
|teamsize|p1|6
|teamsize|p2|6
|gen|8
|tier|[Gen 8] OU
|rated|
|rule|Sleep Clause Mod: Limit one foe put to sleep
|rule|Species Clause: Limit one of each Pokémon
|rule|OHKO Clause: OHKO moves are banned
|rule|Evasion Moves Clause: Evasion moves are banned
|rule|Endless Battle Clause: Forcing endless battles is banned
|rule|HP Percentage Mod: HP is shown in percentages
|rule|Dynamax Clause: You cannot dynamax
|clearpoke
|poke|p1|Nidoking, M|
|poke|p1|Hydreigon, M|
|poke|p1|Urshifu-*, M|
|poke|p1|Volcarona, M|
|poke|p1|Regidrago|
|poke|p1|Dragapult, M|
|poke|p2|Blissey, F|
|poke|p2|Slowking-Galar, M|
|poke|p2|Corviknight, F|
|poke|p2|Toxapex, F|
|poke|p2|Clefable, M|
|poke|p2|Gastrodon, F|
|teampreview
|inactive|Battle timer is ON: inactive players will automatically lose when time's up. (requested by LT91BB xdRudi)
|
|t:|1659109674
|start
|switch|p1a: Nidoking|Nidoking, M|100/100
|switch|p2a: Slowking|Slowking-Galar, M|100/100
|turn|1
|
|t:|1659109680
|move|p1a: Nidoking|Earthquake|p2a: Slowking
|-supereffective|p2a: Slowking
|-damage|p2a: Slowking|15/100
|move|p2a: Slowking|Scald|p1a: Nidoking
|-supereffective|p1a: Nidoking
|-damage|p1a: Nidoking|22/100
|
|upkeep
|turn|2
|
|t:|1659109688
|switch|p2a: Corviknight|Corviknight, F|100/100
|-ability|p2a: Corviknight|Pressure
|move|p1a: Nidoking|Thunder Punch|p2a: Corviknight
|-supereffective|p2a: Corviknight
|-damage|p2a: Corviknight|66/100
|
|-heal|p2a: Corviknight|72/100|[from] item: Leftovers
|upkeep
|turn|3
|
|t:|1659109698
|move|p1a: Nidoking|Thunder Punch|p2a: Corviknight
|-supereffective|p2a: Corviknight
|-damage|p2a: Corviknight|36/100
|move|p2a: Corviknight|Roost|p2a: Corviknight
|-heal|p2a: Corviknight|86/100
|-singleturn|p2a: Corviknight|move: Roost
|
|-heal|p2a: Corviknight|92/100|[from] item: Leftovers
|upkeep
|turn|4
|
|t:|1659109708
|switch|p2a: Gastrodon|Gastrodon, F|100/100
|move|p1a: Nidoking|Thunder Punch|p2a: Gastrodon
|-immune|p2a: Gastrodon
|
|upkeep
|turn|5
|
|t:|1659109724
|move|p1a: Nidoking|Stealth Rock|p2a: Gastrodon
|-sidestart|p2: LT91BB xdRudi|move: Stealth Rock
|move|p2a: Gastrodon|Scald|p1a: Nidoking
|-supereffective|p1a: Nidoking
|-damage|p1a: Nidoking|0 fnt
|faint|p1a: Nidoking
|
|upkeep
|
|t:|1659109733
|switch|p1a: Regidrago|Regidrago|100/100
|turn|6
|
|t:|1659109736
|switch|p2a: Clefable|Clefable, M|100/100
|-damage|p2a: Clefable|88/100|[from] Stealth Rock
|move|p1a: Regidrago|Substitute|p1a: Regidrago
|-start|p1a: Regidrago|Substitute
|-damage|p1a: Regidrago|76/100
|
|-heal|p1a: Regidrago|82/100|[from] item: Leftovers
|-heal|p2a: Clefable|94/100|[from] item: Leftovers
|upkeep
|turn|7
|
|t:|1659109747
|move|p1a: Regidrago|Body Slam|p2a: Clefable
|-damage|p2a: Clefable|74/100
|-status|p2a: Clefable|par
|move|p2a: Clefable|Moonblast|p1a: Regidrago
|-supereffective|p1a: Regidrago
|-end|p1a: Regidrago|Substitute
|
|-heal|p1a: Regidrago|88/100|[from] item: Leftovers
|-heal|p2a: Clefable|80/100 par|[from] item: Leftovers
|upkeep
|turn|8
|
|t:|1659109758
|switch|p1a: Volcarona|Volcarona, M|100/100
|move|p2a: Clefable|Heal Bell|p2a: Clefable
|-activate|p2a: Clefable|move: Heal Bell
|-curestatus|p2a: Clefable|par|[msg]
|
|-heal|p2a: Clefable|86/100|[from] item: Leftovers
|upkeep
|turn|9
|
|t:|1659109767
|switch|p2a: Blissey|Blissey, F|100/100
|move|p1a: Volcarona|Flamethrower|p2a: Blissey
|-damage|p2a: Blissey|82/100
|
|upkeep
|turn|10
|
|t:|1659109773
|move|p1a: Volcarona|Substitute|p1a: Volcarona
|-start|p1a: Volcarona|Substitute
|-damage|p1a: Volcarona|76/100
|move|p2a: Blissey|Toxic||[still]
|-fail|p2a: Blissey
|
|-heal|p1a: Volcarona|82/100|[from] item: Leftovers
|upkeep
|turn|11
|
|t:|1659109781
|switch|p1a: Dragapult|Dragapult, M|100/100
|move|p2a: Blissey|Seismic Toss|p1a: Dragapult
|-immune|p1a: Dragapult
|
|upkeep
|turn|12
|
|t:|1659109787
|move|p1a: Dragapult|Dragon Darts|p2a: Blissey
|-crit|p2a: Blissey
|-damage|p2a: Blissey|39/100
|-anim|p1a: Dragapult|Dragon Darts|p2a: Blissey
|-damage|p2a: Blissey|12/100
|-damage|p1a: Dragapult|91/100|[from] item: Life Orb
|move|p2a: Blissey|Stealth Rock|p1a: Dragapult
|-sidestart|p1: Bleudeon|move: Stealth Rock
|
|upkeep
|turn|13
|
|t:|1659109798
|move|p1a: Dragapult|Dragon Darts|p2a: Blissey
|-damage|p2a: Blissey|0 fnt
|faint|p2a: Blissey
|-damage|p1a: Dragapult|81/100|[from] item: Life Orb
|
|upkeep
|
|t:|1659109802
|switch|p2a: Gastrodon|Gastrodon, F|100/100
|-damage|p2a: Gastrodon|94/100|[from] Stealth Rock
|turn|14
|
|t:|1659109806
|move|p1a: Dragapult|Dragon Darts|p2a: Gastrodon
|-damage|p2a: Gastrodon|65/100
|-anim|p1a: Dragapult|Dragon Darts|p2a: Gastrodon
|-damage|p2a: Gastrodon|35/100
|-damage|p1a: Dragapult|71/100|[from] item: Life Orb
|move|p2a: Gastrodon|Earth Power|p1a: Dragapult
|-damage|p1a: Dragapult|30/100
|
|-heal|p2a: Gastrodon|41/100|[from] item: Leftovers
|upkeep
|turn|15
|
|t:|1659109817
|move|p2a: Gastrodon|Protect|p2a: Gastrodon
|-singleturn|p2a: Gastrodon|Protect
|move|p1a: Dragapult|Dragon Darts|p2a: Gastrodon
|-activate|p2a: Gastrodon|move: Protect
|
|-heal|p2a: Gastrodon|47/100|[from] item: Leftovers
|upkeep
|turn|16
|
|t:|1659109824
|move|p1a: Dragapult|Dragon Darts|p2a: Gastrodon
|-damage|p2a: Gastrodon|13/100
|-anim|p1a: Dragapult|Dragon Darts|p2a: Gastrodon
|-damage|p2a: Gastrodon|0 fnt
|faint|p2a: Gastrodon
|-damage|p1a: Dragapult|20/100|[from] item: Life Orb
|
|upkeep
|
|t:|1659109828
|switch|p2a: Corviknight|Corviknight, F|92/100
|-damage|p2a: Corviknight|79/100|[from] Stealth Rock
|-ability|p2a: Corviknight|Pressure
|turn|17
|
|t:|1659109836
|move|p1a: Dragapult|Flamethrower|p2a: Corviknight
|-supereffective|p2a: Corviknight
|-damage|p2a: Corviknight|27/100
|-damage|p1a: Dragapult|10/100|[from] item: Life Orb
|move|p2a: Corviknight|Roost|p2a: Corviknight
|-heal|p2a: Corviknight|77/100
|-singleturn|p2a: Corviknight|move: Roost
|
|-heal|p2a: Corviknight|84/100|[from] item: Leftovers
|upkeep
|turn|18
|
|t:|1659109846
|move|p1a: Dragapult|Flamethrower|p2a: Corviknight
|-supereffective|p2a: Corviknight
|-crit|p2a: Corviknight
|-damage|p2a: Corviknight|10/100
|-damage|p1a: Dragapult|0 fnt|[from] item: Life Orb
|faint|p1a: Dragapult
|move|p2a: Corviknight|Roost|p2a: Corviknight
|-heal|p2a: Corviknight|60/100
|-singleturn|p2a: Corviknight|move: Roost
|
|-heal|p2a: Corviknight|66/100|[from] item: Leftovers
|upkeep
|
|t:|1659109857
|switch|p1a: Hydreigon|Hydreigon, M|100/100
|-damage|p1a: Hydreigon|88/100|[from] Stealth Rock
|turn|19
|
|t:|1659109862
|move|p1a: Hydreigon|Defog|p2a: Corviknight
|-unboost|p2a: Corviknight|evasion|1
|-sideend|p2: LT91BB xdRudi|Stealth Rock|[from] move: Defog|[of] p1a: Hydreigon
|-sideend|p1: Bleudeon|Stealth Rock|[from] move: Defog|[of] p1a: Hydreigon
|move|p2a: Corviknight|Body Press|p1a: Hydreigon
|-supereffective|p1a: Hydreigon
|-damage|p1a: Hydreigon|32/100
|
|-heal|p2a: Corviknight|72/100|[from] item: Leftovers
|upkeep
|turn|20
|
|t:|1659109872
|switch|p1a: Volcarona|Volcarona, M|82/100
|switch|p2a: Toxapex|Toxapex, F|100/100
|
|-heal|p1a: Volcarona|88/100|[from] item: Leftovers
|upkeep
|turn|21
|
|t:|1659109880
|move|p1a: Volcarona|Substitute|p1a: Volcarona
|-start|p1a: Volcarona|Substitute
|-damage|p1a: Volcarona|63/100
|move|p2a: Toxapex|Light Screen|p2a: Toxapex
|-sidestart|p2: LT91BB xdRudi|move: Light Screen
|
|-heal|p1a: Volcarona|69/100|[from] item: Leftovers
|upkeep
|turn|22
|
|t:|1659109887
|move|p1a: Volcarona|Quiver Dance|p1a: Volcarona
|-boost|p1a: Volcarona|spa|1
|-boost|p1a: Volcarona|spd|1
|-boost|p1a: Volcarona|spe|1
|move|p2a: Toxapex|Knock Off|p1a: Volcarona
|-activate|p1a: Volcarona|move: Substitute|[damage]
|
|-heal|p1a: Volcarona|75/100|[from] item: Leftovers
|upkeep
|turn|23
|
|t:|1659109896
|switch|p2a: Clefable|Clefable, M|86/100
|move|p1a: Volcarona|Psychic|p2a: Clefable
|-damage|p2a: Clefable|69/100
|
|-heal|p1a: Volcarona|82/100|[from] item: Leftovers
|-heal|p2a: Clefable|75/100|[from] item: Leftovers
|upkeep
|turn|24
|
|t:|1659109905
|move|p1a: Volcarona|Flamethrower|p2a: Clefable
|-damage|p2a: Clefable|52/100
|move|p2a: Clefable|Calm Mind|p2a: Clefable
|-boost|p2a: Clefable|spa|1
|-boost|p2a: Clefable|spd|1
|
|-heal|p1a: Volcarona|88/100|[from] item: Leftovers
|-heal|p2a: Clefable|58/100|[from] item: Leftovers
|upkeep
|turn|25
|
|t:|1659109915
|move|p1a: Volcarona|Flamethrower|p2a: Clefable
|-damage|p2a: Clefable|40/100
|move|p2a: Clefable|Soft-Boiled|p2a: Clefable
|-heal|p2a: Clefable|90/100
|
|-heal|p1a: Volcarona|94/100|[from] item: Leftovers
|-heal|p2a: Clefable|96/100|[from] item: Leftovers
|-sideend|p2: LT91BB xdRudi|move: Light Screen
|upkeep
|turn|26
|
|t:|1659109924
|move|p1a: Volcarona|Flamethrower|p2a: Clefable
|-damage|p2a: Clefable|64/100
|move|p2a: Clefable|Calm Mind|p2a: Clefable
|-boost|p2a: Clefable|spa|1
|-boost|p2a: Clefable|spd|1
|
|-heal|p1a: Volcarona|99/100|[from] item: Leftovers
|-heal|p2a: Clefable|70/100|[from] item: Leftovers
|upkeep
|turn|27
|
|t:|1659109935
|switch|p1a: Regidrago|Regidrago|88/100
|move|p2a: Clefable|Moonblast|p1a: Regidrago
|-supereffective|p1a: Regidrago
|-damage|p1a: Regidrago|0 fnt
|faint|p1a: Regidrago
|
|-heal|p2a: Clefable|77/100|[from] item: Leftovers
|upkeep
|j| arbok13
|
|t:|1659109945
|switch|p1a: Urshifu|Urshifu-Rapid-Strike, M|100/100
|turn|28
|
|t:|1659109948
|switch|p2a: Toxapex|Toxapex, F|100/100
|move|p1a: Urshifu|Surging Strikes|p2a: Toxapex
|-resisted|p2a: Toxapex
|-crit|p2a: Toxapex
|-damage|p2a: Toxapex|94/100
|-resisted|p2a: Toxapex
|-crit|p2a: Toxapex
|-damage|p2a: Toxapex|87/100
|-resisted|p2a: Toxapex
|-crit|p2a: Toxapex
|-damage|p2a: Toxapex|81/100
|-hitcount|p2a: Toxapex|3
|
|upkeep
|turn|29
|
|t:|1659109959
|move|p1a: Urshifu|Substitute|p1a: Urshifu
|-start|p1a: Urshifu|Substitute
|-damage|p1a: Urshifu|76/100
|move|p2a: Toxapex|Toxic||[still]
|-fail|p2a: Toxapex
|
|-heal|p1a: Urshifu|82/100|[from] item: Leftovers
|upkeep
|turn|30
|
|t:|1659109967
|move|p1a: Urshifu|Bulk Up|p1a: Urshifu
|-boost|p1a: Urshifu|atk|1
|-boost|p1a: Urshifu|def|1
|move|p2a: Toxapex|Knock Off|p1a: Urshifu
|-resisted|p1a: Urshifu
|-activate|p1a: Urshifu|move: Substitute|[damage]
|
|-heal|p1a: Urshifu|88/100|[from] item: Leftovers
|upkeep
|turn|31
|
|t:|1659109976
|switch|p2a: Slowking|Slowking-Galar, M|48/100
|move|p1a: Urshifu|Bulk Up|p1a: Urshifu
|-boost|p1a: Urshifu|atk|1
|-boost|p1a: Urshifu|def|1
|
|-heal|p1a: Urshifu|94/100|[from] item: Leftovers
|upkeep
|turn|32
|
|t:|1659109984
|move|p1a: Urshifu|Drain Punch|p2a: Slowking
|-resisted|p2a: Slowking
|-crit|p2a: Slowking
|-damage|p2a: Slowking|20/100
|-heal|p1a: Urshifu|100/100|[from] drain|[of] p2a: Slowking
|move|p2a: Slowking|Sludge Bomb|p1a: Urshifu
|-end|p1a: Urshifu|Substitute
|
|upkeep
|turn|33
|
|t:|1659109993
|move|p1a: Urshifu|Substitute|p1a: Urshifu
|-start|p1a: Urshifu|Substitute
|-damage|p1a: Urshifu|76/100
|move|p2a: Slowking|Sludge Bomb|p1a: Urshifu
|-end|p1a: Urshifu|Substitute
|
|-heal|p1a: Urshifu|82/100|[from] item: Leftovers
|upkeep
|turn|34
|
|t:|1659110001
|move|p1a: Urshifu|Drain Punch|p2a: Slowking
|-resisted|p2a: Slowking
|-damage|p2a: Slowking|1/100
|-heal|p1a: Urshifu|92/100|[from] drain|[of] p2a: Slowking
|move|p2a: Slowking|Sludge Bomb|p1a: Urshifu
|-damage|p1a: Urshifu|23/100
|-status|p1a: Urshifu|psn
|
|-heal|p1a: Urshifu|29/100 psn|[from] item: Leftovers
|-damage|p1a: Urshifu|17/100 psn|[from] psn
|upkeep
|turn|35
|
|t:|1659110012
|switch|p2a: Toxapex|Toxapex, F|100/100
|move|p1a: Urshifu|Surging Strikes|p2a: Toxapex
|-resisted|p2a: Toxapex
|-crit|p2a: Toxapex
|-damage|p2a: Toxapex|89/100
|-resisted|p2a: Toxapex
|-crit|p2a: Toxapex
|-damage|p2a: Toxapex|76/100
|-resisted|p2a: Toxapex
|-crit|p2a: Toxapex
|-damage|p2a: Toxapex|64/100
|-hitcount|p2a: Toxapex|3
|
|-heal|p1a: Urshifu|23/100 psn|[from] item: Leftovers
|-damage|p1a: Urshifu|10/100 psn|[from] psn
|upkeep
|turn|36
|
|t:|1659110025
|move|p1a: Urshifu|Surging Strikes|p2a: Toxapex
|-resisted|p2a: Toxapex
|-crit|p2a: Toxapex
|-damage|p2a: Toxapex|51/100
|-resisted|p2a: Toxapex
|-crit|p2a: Toxapex
|-damage|p2a: Toxapex|40/100
|-resisted|p2a: Toxapex
|-crit|p2a: Toxapex
|-damage|p2a: Toxapex|26/100
|-hitcount|p2a: Toxapex|3
|move|p2a: Toxapex|Recover|p2a: Toxapex
|-heal|p2a: Toxapex|76/100
|
|-heal|p1a: Urshifu|17/100 psn|[from] item: Leftovers
|-damage|p1a: Urshifu|4/100 psn|[from] psn
|upkeep
|turn|37
|
|t:|1659110039
|move|p1a: Urshifu|Surging Strikes|p2a: Toxapex
|-resisted|p2a: Toxapex
|-crit|p2a: Toxapex
|-damage|p2a: Toxapex|63/100
|-resisted|p2a: Toxapex
|-crit|p2a: Toxapex
|-damage|p2a: Toxapex|51/100
|-resisted|p2a: Toxapex
|-crit|p2a: Toxapex
|-damage|p2a: Toxapex|39/100
|-hitcount|p2a: Toxapex|3
|move|p2a: Toxapex|Recover|p2a: Toxapex
|-heal|p2a: Toxapex|89/100
|
|-heal|p1a: Urshifu|10/100 psn|[from] item: Leftovers
|-damage|p1a: Urshifu|0 fnt|[from] psn
|faint|p1a: Urshifu
|upkeep
|
|t:|1659110053
|switch|p1a: Volcarona|Volcarona, M|99/100
|turn|38
|
|t:|1659110057
|move|p1a: Volcarona|Substitute|p1a: Volcarona
|-start|p1a: Volcarona|Substitute
|-damage|p1a: Volcarona|75/100
|move|p2a: Toxapex|Light Screen|p2a: Toxapex
|-sidestart|p2: LT91BB xdRudi|move: Light Screen
|
|-heal|p1a: Volcarona|81/100|[from] item: Leftovers
|upkeep
|turn|39
|
|t:|1659110064
|switch|p2a: Clefable|Clefable, M|77/100
|move|p1a: Volcarona|Quiver Dance|p1a: Volcarona
|-boost|p1a: Volcarona|spa|1
|-boost|p1a: Volcarona|spd|1
|-boost|p1a: Volcarona|spe|1
|
|-heal|p1a: Volcarona|87/100|[from] item: Leftovers
|-heal|p2a: Clefable|83/100|[from] item: Leftovers
|upkeep
|turn|40
|
|t:|1659110073
|move|p1a: Volcarona|Flamethrower|p2a: Clefable
|-damage|p2a: Clefable|59/100
|move|p2a: Clefable|Calm Mind|p2a: Clefable
|-boost|p2a: Clefable|spa|1
|-boost|p2a: Clefable|spd|1
|
|-heal|p1a: Volcarona|93/100|[from] item: Leftovers
|-heal|p2a: Clefable|65/100|[from] item: Leftovers
|upkeep
|turn|41
|-message|Bleudeon forfeited.
|
|win|LT91BB xdRudi
|raw|Bleudeon's rating: 1720 &rarr; <strong>1694</strong><br />(-26 for losing)
|raw|LT91BB xdRudi's rating: 1620 &rarr; <strong>1646</strong><br />(+26 for winning)
|l|☆Bleudeon
