|raw|<div class="broadcast-blue"><strong>This battle is required to be public due to a player having a name starting with 'lt92pf'.</div>
|j|☆pick of the litter
|j|☆LT92PF Templario
|t:|1660232663
|gametype|singles
|player|p1|pick of the litter|gambler|1588
|player|p2|LT92PF Templario|266|1767
|teamsize|p1|6
|teamsize|p2|6
|gen|8
|tier|[Gen 8] OU
|rated|
|rule|Sleep Clause Mod: Limit one foe put to sleep
|rule|Species Clause: Limit one of each Pokémon
|rule|OHKO Clause: OHKO moves are banned
|rule|Evasion Items Clause: Evasion items are banned
|rule|Evasion Moves Clause: Evasion moves are banned
|rule|Endless Battle Clause: Forcing endless battles is banned
|rule|HP Percentage Mod: HP is shown in percentages
|rule|Dynamax Clause: You cannot dynamax
|clearpoke
|poke|p1|Weavile, M|
|poke|p1|Garchomp, M|
|poke|p1|Ferrothorn, M|
|poke|p1|Zapdos|
|poke|p1|Tapu Fini|
|poke|p1|Clefable, F|
|poke|p2|Clefable, M|
|poke|p2|Ferrothorn, F|
|poke|p2|Gastrodon, M|
|poke|p2|Tornadus-Therian, M|
|poke|p2|Dragapult, F|
|poke|p2|Heatran, M|
|teampreview
|inactive|Battle timer is ON: inactive players will automatically lose when time's up. (requested by LT92PF Templario)
|
|t:|1660232684
|start
|switch|p1a: Ferrothorn|Ferrothorn, M|100/100
|switch|p2a: Ferrothorn|Ferrothorn, F|100/100
|turn|1
|
|t:|1660232690
|move|p2a: Ferrothorn|Stealth Rock|p1a: Ferrothorn
|-sidestart|p1: pick of the litter|move: Stealth Rock
|move|p1a: Ferrothorn|Stealth Rock|p2a: Ferrothorn
|-sidestart|p2: LT92PF Templario|move: Stealth Rock
|
|upkeep
|turn|2
|
|t:|1660232695
|move|p2a: Ferrothorn|Knock Off|p1a: Ferrothorn
|-damage|p1a: Ferrothorn|84/100
|-damage|p2a: Ferrothorn|88/100|[from] ability: Iron Barbs|[of] p1a: Ferrothorn
|-enditem|p1a: Ferrothorn|Leftovers|[from] move: Knock Off|[of] p2a: Ferrothorn
|move|p1a: Ferrothorn|Knock Off|p2a: Ferrothorn
|-damage|p2a: Ferrothorn|77/100
|-damage|p1a: Ferrothorn|72/100|[from] ability: Iron Barbs|[of] p2a: Ferrothorn
|-enditem|p2a: Ferrothorn|Leftovers|[from] move: Knock Off|[of] p1a: Ferrothorn
|
|upkeep
|turn|3
|
|t:|1660232698
|switch|p2a: Clefable|Clefable, M|100/100
|switch|p1a: Clefable|Clefable, F|100/100
|
|upkeep
|turn|4
|
|t:|1660232705
|move|p2a: Clefable|Calm Mind|p2a: Clefable
|-boost|p2a: Clefable|spa|1
|-boost|p2a: Clefable|spd|1
|move|p1a: Clefable|Calm Mind|p1a: Clefable
|-boost|p1a: Clefable|spa|1
|-boost|p1a: Clefable|spd|1
|
|upkeep
|turn|5
|
|t:|1660232715
|switch|p2a: Heatran|Heatran, M|100/100
|-damage|p2a: Heatran|88/100|[from] Stealth Rock
|move|p1a: Clefable|Calm Mind|p1a: Clefable
|-boost|p1a: Clefable|spa|1
|-boost|p1a: Clefable|spd|1
|
|-heal|p2a: Heatran|94/100|[from] item: Leftovers
|upkeep
|turn|6
|
|t:|1660232718
|move|p2a: Heatran|Taunt|p1a: Clefable
|-start|p1a: Clefable|move: Taunt
|move|p1a: Clefable|Thunderbolt|p2a: Heatran
|-damage|p2a: Heatran|65/100
|
|-heal|p2a: Heatran|71/100|[from] item: Leftovers
|upkeep
|turn|7
|
|t:|1660232724
|move|p2a: Heatran|Magma Storm|p1a: Clefable
|-damage|p1a: Clefable|81/100
|-activate|p1a: Clefable|move: Magma Storm|[of] p2a: Heatran
|move|p1a: Clefable|Thunderbolt|p2a: Heatran
|-damage|p2a: Heatran|44/100
|
|-heal|p2a: Heatran|50/100|[from] item: Leftovers
|upkeep
|turn|8
|
|t:|1660232729
|switch|p2a: Gastrodon|Gastrodon, M|100/100
|-damage|p2a: Gastrodon|94/100|[from] Stealth Rock
|move|p1a: Clefable|Thunderbolt|p2a: Gastrodon
|-immune|p2a: Gastrodon
|
|-heal|p2a: Gastrodon|100/100|[from] item: Leftovers
|-end|p1a: Clefable|Magma Storm|[partiallytrapped]|[silent]
|-end|p1a: Clefable|move: Taunt
|upkeep
|turn|9
|
|t:|1660232733
|move|p1a: Clefable|Moonblast|p2a: Gastrodon
|-damage|p2a: Gastrodon|59/100
|-unboost|p2a: Gastrodon|spa|1
|move|p2a: Gastrodon|Clear Smog|p1a: Clefable
|-supereffective|p1a: Clefable
|-damage|p1a: Clefable|74/100
|-clearboost|p1a: Clefable
|
|-heal|p2a: Gastrodon|66/100|[from] item: Leftovers
|upkeep
|turn|10
|
|t:|1660232739
|move|p1a: Clefable|Soft-Boiled|p1a: Clefable
|-heal|p1a: Clefable|100/100
|move|p2a: Gastrodon|Recover|p2a: Gastrodon
|-heal|p2a: Gastrodon|100/100
|
|upkeep
|turn|11
|
|t:|1660232744
|move|p1a: Clefable|Calm Mind|p1a: Clefable
|-boost|p1a: Clefable|spa|1
|-boost|p1a: Clefable|spd|1
|move|p2a: Gastrodon|Clear Smog|p1a: Clefable
|-supereffective|p1a: Clefable
|-damage|p1a: Clefable|91/100
|-clearboost|p1a: Clefable
|
|upkeep
|turn|12
|
|t:|1660232747
|move|p1a: Clefable|Calm Mind|p1a: Clefable
|-boost|p1a: Clefable|spa|1
|-boost|p1a: Clefable|spd|1
|move|p2a: Gastrodon|Clear Smog|p1a: Clefable
|-supereffective|p1a: Clefable
|-damage|p1a: Clefable|82/100
|-clearboost|p1a: Clefable
|
|upkeep
|turn|13
|
|t:|1660232752
|switch|p2a: Dragapult|Dragapult, F|100/100
|move|p1a: Clefable|Calm Mind|p1a: Clefable
|-boost|p1a: Clefable|spa|1
|-boost|p1a: Clefable|spd|1
|
|upkeep
|turn|14
|
|t:|1660232756
|move|p2a: Dragapult|Thunder Wave|p1a: Clefable|[miss]
|-miss|p2a: Dragapult|p1a: Clefable
|move|p1a: Clefable|Moonblast|p2a: Dragapult
|-supereffective|p2a: Dragapult
|-damage|p2a: Dragapult|0 fnt
|faint|p2a: Dragapult
|
|upkeep
|c|☆LT92PF Templario|amazing
|c|☆LT92PF Templario|literally won from there
|c|☆pick of the litter|Totally
|inactive|LT92PF Templario has 120 seconds left.
|c|☆LT92PF Templario|thanks for your understanding
|-message|LT92PF Templario forfeited.
|
|win|pick of the litter
|raw|pick of the litter's rating: 1588 &rarr; <strong>1617</strong><br />(+29 for winning)
|raw|LT92PF Templario's rating: 1767 &rarr; <strong>1738</strong><br />(-29 for losing)
|l|☆LT92PF Templario
|c|☆pick of the litter|Id be mad too
|c|☆pick of the litter|-29
