|html|<div class="broadcast-blue"><strong>[Gen 8] OU is currently suspecting Melmetal! For information on how to participate check out the <a href="https://www.smogon.com/forums/threads/np-ss-ou-suspect-process-round-12-monster-mash.3709234/">suspect thread</a>.</strong></div>
|j|☆Chikami
|j|‽minimax_ai
|t:|1665705124
|gametype|singles
|player|p1|Chikami|nate|1738
|player|p2|minimax_ai|101|1679
|teamsize|p1|6
|teamsize|p2|6
|gen|8
|tier|[Gen 8] OU
|rated|
|rule|Sleep Clause Mod: Limit one foe put to sleep
|rule|Species Clause: Limit one of each Pokémon
|rule|OHKO Clause: OHKO moves are banned
|rule|Evasion Items Clause: Evasion items are banned
|rule|Evasion Moves Clause: Evasion moves are banned
|rule|Endless Battle Clause: Forcing endless battles is banned
|rule|HP Percentage Mod: HP is shown in percentages
|rule|Dynamax Clause: You cannot dynamax
|clearpoke
|poke|p1|Scolipede, F|
|poke|p1|Heatran, M|
|poke|p1|Ninetales-Alola, M|
|poke|p1|Bisharp, F|
|poke|p1|Zapdos-Galar|
|poke|p1|Garchomp, F|
|poke|p2|Rotom-Wash|
|poke|p2|Weavile, M|
|poke|p2|Landorus-Therian, M|
|poke|p2|Heatran, M|
|poke|p2|Tangrowth, M|
|poke|p2|Melmetal|
|teampreview
|inactive|Battle timer is ON: inactive players will automatically lose when time's up. (requested by minimax_ai)
|
|t:|1665705132
|start
|switch|p1a: Heatran|Heatran, M|100/100
|switch|p2a: Melmetal|Melmetal|100/100
|-item|p1a: Heatran|Air Balloon
|turn|1
|
|t:|1665705134
|switch|p2a: Heatran|Heatran, M|100/100
|-item|p2a: Heatran|Air Balloon
|move|p1a: Heatran|Magma Storm|p2a: Heatran
|-start|p2a: Heatran|ability: Flash Fire
|
|upkeep
|turn|2
|
|t:|1665705139
|move|p2a: Heatran|Stealth Rock|p1a: Heatran
|-sidestart|p1: Chikami|move: Stealth Rock
|move|p1a: Heatran|Stealth Rock|p2a: Heatran
|-sidestart|p2: minimax_ai|move: Stealth Rock
|
|upkeep
|turn|3
|
|t:|1665705141
|switch|p1a: Garchomp|Garchomp, F|100/100
|-damage|p1a: Garchomp|94/100|[from] Stealth Rock
|move|p2a: Heatran|Magma Storm|p1a: Garchomp
|-resisted|p1a: Garchomp
|-damage|p1a: Garchomp|52/100
|-activate|p1a: Garchomp|move: Magma Storm|[of] p2a: Heatran
|
|-heal|p1a: Garchomp|58/100|[from] item: Leftovers
|-damage|p1a: Garchomp|46/100|[from] move: Magma Storm|[partiallytrapped]
|upkeep
|turn|4
|
|t:|1665705143
|move|p1a: Garchomp|Scale Shot|p2a: Heatran
|-resisted|p2a: Heatran
|-damage|p2a: Heatran|94/100
|-enditem|p2a: Heatran|Air Balloon
|-resisted|p2a: Heatran
|-damage|p2a: Heatran|87/100
|-hitcount|p2a: Heatran|2
|-unboost|p1a: Garchomp|def|1
|-boost|p1a: Garchomp|spe|1
|move|p2a: Heatran|Magma Storm|p1a: Garchomp|[miss]
|-miss|p2a: Heatran|p1a: Garchomp
|
|-heal|p1a: Garchomp|52/100|[from] item: Leftovers
|-damage|p1a: Garchomp|40/100|[from] move: Magma Storm|[partiallytrapped]
|upkeep
|turn|5
|
|t:|1665705166
|-end|p2a: Heatran|ability: Flash Fire|[silent]
|switch|p2a: Tangrowth|Tangrowth, M|100/100
|-damage|p2a: Tangrowth|88/100|[from] Stealth Rock
|move|p1a: Garchomp|Earthquake|p2a: Tangrowth
|-resisted|p2a: Tangrowth
|-damage|p2a: Tangrowth|75/100
|
|-heal|p1a: Garchomp|46/100|[from] item: Leftovers
|-end|p1a: Garchomp|Magma Storm|[partiallytrapped]|[silent]
|upkeep
|turn|6
|
|t:|1665705182
|switch|p1a: Heatran|Heatran, M|100/100
|-damage|p1a: Heatran|88/100|[from] Stealth Rock
|-item|p1a: Heatran|Air Balloon
|move|p2a: Tangrowth|Knock Off|p1a: Heatran
|-damage|p1a: Heatran|69/100
|-enditem|p1a: Heatran|Air Balloon
|
|upkeep
|turn|7
|inactive|Chikami has 120 seconds left.
|
|t:|1665705199
|switch|p1a: Zapdos|Zapdos-Galar|100/100
|-damage|p1a: Zapdos|88/100|[from] Stealth Rock
|switch|p2a: Rotom|Rotom-Wash|100/100
|-damage|p2a: Rotom|88/100|[from] Stealth Rock
|
|-heal|p2a: Rotom|94/100|[from] item: Leftovers
|upkeep
|turn|8
|
|t:|1665705202
|switch|p2a: Tangrowth|Tangrowth, M|100/100
|-damage|p2a: Tangrowth|88/100|[from] Stealth Rock
|move|p1a: Zapdos|U-turn|p2a: Tangrowth
|-supereffective|p2a: Tangrowth
|-damage|p2a: Tangrowth|65/100
|-damage|p1a: Zapdos|72/100|[from] item: Rocky Helmet|[of] p2a: Tangrowth
|
|t:|1665705210
|switch|p1a: Heatran|Heatran, M|69/100|[from]move: U-turn
|-damage|p1a: Heatran|56/100|[from] Stealth Rock
|
|upkeep
|turn|9
|
|t:|1665705214
|switch|p2a: Rotom|Rotom-Wash|94/100
|-damage|p2a: Rotom|82/100|[from] Stealth Rock
|move|p1a: Heatran|Magma Storm|p2a: Rotom|[miss]
|-miss|p1a: Heatran|p2a: Rotom
|
|-heal|p2a: Rotom|88/100|[from] item: Leftovers
|upkeep
|turn|10
|
|t:|1665705220
|move|p2a: Rotom|Thunderbolt|p1a: Heatran
|-damage|p1a: Heatran|29/100
|move|p1a: Heatran|Magma Storm|p2a: Rotom
|-resisted|p2a: Rotom
|-damage|p2a: Rotom|67/100
|-activate|p2a: Rotom|move: Magma Storm|[of] p1a: Heatran
|
|-heal|p2a: Rotom|73/100|[from] item: Leftovers
|-damage|p2a: Rotom|61/100|[from] move: Magma Storm|[partiallytrapped]
|upkeep
|turn|11
|
|t:|1665705227
|move|p2a: Rotom|Hydro Pump|p1a: Heatran
|-supereffective|p1a: Heatran
|-damage|p1a: Heatran|0 fnt
|faint|p1a: Heatran
|
|-heal|p2a: Rotom|67/100|[from] item: Leftovers
|-end|p2a: Rotom|Magma Storm|[partiallytrapped]|[silent]
|upkeep
|
|t:|1665705233
|switch|p1a: Ninetales|Ninetales-Alola, M|100/100
|-damage|p1a: Ninetales|76/100|[from] Stealth Rock
|-weather|Hail|[from] ability: Snow Warning|[of] p1a: Ninetales
|turn|12
|
|t:|1665705237
|switch|p2a: Melmetal|Melmetal|100/100
|-damage|p2a: Melmetal|94/100|[from] Stealth Rock
|move|p1a: Ninetales|Aurora Veil|p1a: Ninetales
|-sidestart|p1: Chikami|move: Aurora Veil
|
|-weather|Hail|[upkeep]
|-damage|p2a: Melmetal|88/100|[from] Hail
|upkeep
|turn|13
|
|t:|1665705242
|switch|p1a: Garchomp|Garchomp, F|46/100
|-damage|p1a: Garchomp|40/100|[from] Stealth Rock
|move|p2a: Melmetal|Double Iron Bash|p1a: Garchomp
|-damage|p1a: Garchomp|20/100
|-damage|p2a: Melmetal|76/100|[from] ability: Rough Skin|[of] p1a: Garchomp
|-damage|p1a: Garchomp|1/100
|-damage|p2a: Melmetal|63/100|[from] ability: Rough Skin|[of] p1a: Garchomp
|-hitcount|p1a: Garchomp|2
|
|-weather|Hail|[upkeep]
|-damage|p1a: Garchomp|0 fnt|[from] Hail
|-damage|p2a: Melmetal|57/100|[from] Hail
|faint|p1a: Garchomp
|upkeep
|j| Aitana y Zoilo
|
|t:|1665705252
|switch|p1a: Zapdos|Zapdos-Galar|72/100
|-damage|p1a: Zapdos|59/100|[from] Stealth Rock
|turn|14
|
|t:|1665705254
|switch|p2a: Tangrowth|Tangrowth, M|98/100
|-damage|p2a: Tangrowth|86/100|[from] Stealth Rock
|move|p1a: Zapdos|Close Combat|p2a: Tangrowth
|-damage|p2a: Tangrowth|51/100
|-unboost|p1a: Zapdos|def|1
|-unboost|p1a: Zapdos|spd|1
|-damage|p1a: Zapdos|43/100|[from] item: Rocky Helmet|[of] p2a: Tangrowth
|
|-weather|Hail|[upkeep]
|-damage|p1a: Zapdos|36/100|[from] Hail
|-damage|p2a: Tangrowth|45/100|[from] Hail
|upkeep
|turn|15
|
|t:|1665705257
|move|p1a: Zapdos|Close Combat|p2a: Tangrowth
|-damage|p2a: Tangrowth|11/100
|-unboost|p1a: Zapdos|def|1
|-unboost|p1a: Zapdos|spd|1
|-damage|p1a: Zapdos|20/100|[from] item: Rocky Helmet|[of] p2a: Tangrowth
|move|p2a: Tangrowth|Sleep Powder|p1a: Zapdos
|-status|p1a: Zapdos|slp|[from] move: Sleep Powder
|
|-weather|Hail|[upkeep]
|-damage|p1a: Zapdos|14/100 slp|[from] Hail
|-damage|p2a: Tangrowth|5/100|[from] Hail
|upkeep
|turn|16
|
|t:|1665705259
|cant|p1a: Zapdos|slp
|move|p2a: Tangrowth|Giga Drain|p1a: Zapdos
|-resisted|p1a: Zapdos
|-damage|p1a: Zapdos|0 fnt
|-heal|p2a: Tangrowth|10/100|[from] drain|[of] p1a: Zapdos
|faint|p1a: Zapdos
|
|-weather|none
|upkeep
|l| Aitana y Zoilo
|
|t:|1665705267
|switch|p1a: Scolipede|Scolipede, F|100/100
|turn|17
|
|t:|1665705281
|switch|p2a: Landorus|Landorus-Therian, M|100/100
|-damage|p2a: Landorus|88/100|[from] Stealth Rock
|-ability|p2a: Landorus|Intimidate|boost
|-unboost|p1a: Scolipede|atk|1
|move|p1a: Scolipede|Aqua Tail|p2a: Landorus
|-supereffective|p2a: Landorus
|-damage|p2a: Landorus|55/100
|
|-heal|p2a: Landorus|61/100|[from] item: Leftovers
|-ability|p1a: Scolipede|Speed Boost|boost
|-boost|p1a: Scolipede|spe|1
|upkeep
|turn|18
|
|t:|1665705304
|switch|p1a: Ninetales|Ninetales-Alola, M|76/100
|-damage|p1a: Ninetales|51/100|[from] Stealth Rock
|-weather|Hail|[from] ability: Snow Warning|[of] p1a: Ninetales
|move|p2a: Landorus|Defog|p1a: Ninetales
|-unboost|p1a: Ninetales|evasion|1
|-sideend|p1: Chikami|move: Aurora Veil
|-sideend|p1: Chikami|Stealth Rock|[from] move: Defog|[of] p2a: Landorus
|-sideend|p2: minimax_ai|Stealth Rock|[from] move: Defog|[of] p2a: Landorus
|
|-weather|Hail|[upkeep]
|-damage|p2a: Landorus|55/100|[from] Hail
|-heal|p2a: Landorus|61/100|[from] item: Leftovers
|upkeep
|turn|19
|
|t:|1665705312
|switch|p2a: Melmetal|Melmetal|57/100
|move|p1a: Ninetales|Aurora Veil|p1a: Ninetales
|-sidestart|p1: Chikami|move: Aurora Veil
|
|-weather|Hail|[upkeep]
|-damage|p2a: Melmetal|51/100|[from] Hail
|upkeep
|turn|20
|
|t:|1665705316
|move|p1a: Ninetales|Freeze-Dry|p2a: Melmetal
|-resisted|p2a: Melmetal
|-damage|p2a: Melmetal|46/100
|move|p2a: Melmetal|Earthquake|p1a: Ninetales
|-damage|p1a: Ninetales|27/100
|
|-weather|Hail|[upkeep]
|-damage|p2a: Melmetal|40/100|[from] Hail
|upkeep
|turn|21
|
|t:|1665705318
|move|p1a: Ninetales|Freeze-Dry|p2a: Melmetal
|-resisted|p2a: Melmetal
|-damage|p2a: Melmetal|34/100
|-status|p2a: Melmetal|frz
|cant|p2a: Melmetal|frz
|
|-weather|Hail|[upkeep]
|-damage|p2a: Melmetal|28/100 frz|[from] Hail
|upkeep
|turn|22
|
|t:|1665705327
|switch|p1a: Bisharp|Bisharp, F|100/100
|cant|p2a: Melmetal|frz
|
|-weather|none
|upkeep
|turn|23
|
|t:|1665705332
|switch|p2a: Tangrowth|Tangrowth, M|43/100
|move|p1a: Bisharp|Swords Dance|p1a: Bisharp
|-boost|p1a: Bisharp|atk|2
|
|upkeep
|turn|24
|
|t:|1665705336
|switch|p2a: Melmetal|Melmetal|28/100 frz
|move|p1a: Bisharp|Knock Off|p2a: Melmetal
|-damage|p2a: Melmetal|0 fnt
|-enditem|p2a: Melmetal|Assault Vest|[from] move: Knock Off|[of] p1a: Bisharp
|faint|p2a: Melmetal
|
|upkeep
|
|t:|1665705337
|switch|p2a: Tangrowth|Tangrowth, M|76/100
|turn|25
|
|t:|1665705340
|move|p1a: Bisharp|Iron Head|p2a: Tangrowth
|-damage|p2a: Tangrowth|30/100
|-damage|p1a: Bisharp|84/100|[from] item: Rocky Helmet|[of] p2a: Tangrowth
|move|p2a: Tangrowth|Focus Blast|p1a: Bisharp
|-supereffective|p1a: Bisharp
|-damage|p1a: Bisharp|0 fnt
|faint|p1a: Bisharp
|
|upkeep
|
|t:|1665705354
|switch|p1a: Scolipede|Scolipede, F|100/100
|turn|26
|j| Sky Land Of Akuya
|
|t:|1665705384
|switch|p2a: Landorus|Landorus-Therian, M|61/100
|-ability|p2a: Landorus|Intimidate|boost
|-unboost|p1a: Scolipede|atk|1
|move|p1a: Scolipede|Swords Dance|p1a: Scolipede
|-boost|p1a: Scolipede|atk|2
|
|-heal|p2a: Landorus|67/100|[from] item: Leftovers
|-sideend|p1: Chikami|move: Aurora Veil
|-ability|p1a: Scolipede|Speed Boost|boost
|-boost|p1a: Scolipede|spe|1
|upkeep
|turn|27
|j| Professor Aaron
|j| yeying
|
|t:|1665705394
|switch|p2a: Tangrowth|Tangrowth, M|63/100
|move|p1a: Scolipede|Swords Dance|p1a: Scolipede
|-boost|p1a: Scolipede|atk|2
|
|-ability|p1a: Scolipede|Speed Boost|boost
|-boost|p1a: Scolipede|spe|1
|upkeep
|turn|28
|
|t:|1665705399
|switch|p2a: Landorus|Landorus-Therian, M|67/100
|-ability|p2a: Landorus|Intimidate|boost
|-unboost|p1a: Scolipede|atk|1
|move|p1a: Scolipede|Megahorn|p2a: Landorus
|-resisted|p2a: Landorus
|-damage|p2a: Landorus|20/100
|
|-heal|p2a: Landorus|26/100|[from] item: Leftovers
|-ability|p1a: Scolipede|Speed Boost|boost
|-boost|p1a: Scolipede|spe|1
|upkeep
|turn|29
|
|t:|1665705404
|move|p1a: Scolipede|Megahorn|p2a: Landorus|[miss]
|-miss|p1a: Scolipede|p2a: Landorus
|move|p2a: Landorus|Earthquake|p1a: Scolipede
|-damage|p1a: Scolipede|32/100
|
|-heal|p2a: Landorus|32/100|[from] item: Leftovers
|-ability|p1a: Scolipede|Speed Boost|boost
|-boost|p1a: Scolipede|spe|1
|upkeep
|turn|30
|
|t:|1665705410
|move|p1a: Scolipede|Megahorn|p2a: Landorus
|-resisted|p2a: Landorus
|-damage|p2a: Landorus|0 fnt
|faint|p2a: Landorus
|
|-ability|p1a: Scolipede|Speed Boost|boost
|-boost|p1a: Scolipede|spe|1
|upkeep
|
|t:|1665705410
|switch|p2a: Weavile|Weavile, M|100/100
|-ability|p2a: Weavile|Pressure
|turn|31
|
|t:|1665705413
|move|p2a: Weavile|Ice Shard|p1a: Scolipede
|-damage|p1a: Scolipede|0 fnt
|faint|p1a: Scolipede
|
|upkeep
|
|t:|1665705416
|switch|p1a: Ninetales|Ninetales-Alola, M|27/100
|-weather|Hail|[from] ability: Snow Warning|[of] p1a: Ninetales
|turn|32
|
|t:|1665705417
|move|p2a: Weavile|Ice Shard|p1a: Ninetales
|-resisted|p1a: Ninetales
|-damage|p1a: Ninetales|10/100
|move|p1a: Ninetales|Aurora Veil|p1a: Ninetales
|-sidestart|p1: Chikami|move: Aurora Veil
|
|-weather|Hail|[upkeep]
|upkeep
|turn|33
|
|t:|1665705421
|move|p2a: Weavile|Ice Shard|p1a: Ninetales
|-resisted|p1a: Ninetales
|-damage|p1a: Ninetales|1/100
|move|p1a: Ninetales|Encore|p2a: Weavile
|-start|p2a: Weavile|Encore
|
|-weather|Hail|[upkeep]
|upkeep
|turn|34
|
|t:|1665705423
|move|p2a: Weavile|Ice Shard|p1a: Ninetales
|-resisted|p1a: Ninetales
|-damage|p1a: Ninetales|0 fnt
|faint|p1a: Ninetales
|
|win|minimax_ai
|raw|Chikami's rating: 1738 &rarr; <strong>1715</strong><br />(-23 for losing)
|raw|minimax_ai's rating: 1679 &rarr; <strong>1702</strong><br />(+23 for winning)
