|j|☆winter lanterns
|j|☆flyingtaco42
|player|p1|winter lanterns|265|1860
|player|p2|flyingtaco42|elesa|1822
|teamsize|p1|6
|teamsize|p2|6
|gametype|singles
|gen|8
|tier|[Gen 8] OU
|rated|
|clearpoke
|poke|p1|Excadrill, F|
|poke|p1|Dragapult, M|
|poke|p1|Cinderace, M|
|poke|p1|Magearna|
|poke|p1|Zeraora|
|poke|p1|Rillaboom, M|
|poke|p2|Torkoal, F|
|poke|p2|Venusaur, M|
|poke|p2|Cinderace, F|
|poke|p2|Mandibuzz, F|
|poke|p2|Rillaboom, F|
|poke|p2|Blissey, F|
|rule|Sleep Clause Mod: Limit one foe put to sleep
|rule|Species Clause: Limit one of each Pokémon
|rule|OHKO Clause: OHKO moves are banned
|rule|Evasion Moves Clause: Evasion moves are banned
|rule|Endless Battle Clause: Forcing endless battles is banned
|rule|HP Percentage Mod: HP is shown in percentages
|rule|Dynamax Clause: You cannot dynamax
|teampreview
|j| andrethagiiant
|inactive|Battle timer is ON: inactive players will automatically lose when time's up. (requested by flyingtaco42)
|
|start
|switch|p1a: Excadrill|Excadrill, F|100/100
|switch|p2a: Cinderace|Cinderace, F|100/100
|-ability|p1a: Excadrill|Mold Breaker
|turn|1
|j| WhichHat
|
|move|p2a: Cinderace|U-turn|p1a: Excadrill
|-start|p2a: Cinderace|typechange|Bug|[from] ability: Libero
|-resisted|p1a: Excadrill
|-damage|p1a: Excadrill|76/100
|
|switch|p2a: Rillaboom|Rillaboom, F|100/100|[from]move: U-turn
|-fieldstart|move: Grassy Terrain|[from] ability: Grassy Surge|[of] p2a: Rillaboom
|move|p1a: Excadrill|Earthquake|p2a: Rillaboom
|-resisted|p2a: Rillaboom
|-damage|p2a: Rillaboom|86/100
|
|-heal|p1a: Excadrill|82/100|[from] Grassy Terrain
|-heal|p2a: Rillaboom|93/100|[from] Grassy Terrain
|upkeep
|turn|2
|
|move|p2a: Rillaboom|Grassy Glide|p1a: Excadrill
|-damage|p1a: Excadrill|0 fnt
|faint|p1a: Excadrill
|
|-heal|p2a: Rillaboom|99/100|[from] Grassy Terrain
|upkeep
|j| centican
|
|switch|p1a: Rillaboom|Rillaboom, M|100/100
|-enditem|p1a: Rillaboom|Grassy Seed
|-boost|p1a: Rillaboom|def|1|[from] item: Grassy Seed
|turn|3
|
|switch|p2a: Torkoal|Torkoal, F|100/100
|-weather|SunnyDay|[from] ability: Drought|[of] p2a: Torkoal
|move|p1a: Rillaboom|Swords Dance|p1a: Rillaboom
|-boost|p1a: Rillaboom|atk|2
|
|-weather|SunnyDay|[upkeep]
|upkeep
|turn|4
|
|switch|p2a: Mandibuzz|Mandibuzz, F|100/100
|move|p1a: Rillaboom|High Horsepower|p2a: Mandibuzz
|-immune|p2a: Mandibuzz
|
|-weather|SunnyDay|[upkeep]
|upkeep
|turn|5
|
|move|p1a: Rillaboom|Acrobatics|p2a: Mandibuzz
|-damage|p2a: Mandibuzz|54/100
|move|p2a: Mandibuzz|U-turn|p1a: Rillaboom
|-supereffective|p1a: Rillaboom
|-damage|p1a: Rillaboom|84/100
|
|switch|p2a: Venusaur|Venusaur, M|100/100|[from]move: U-turn
|
|-weather|SunnyDay|[upkeep]
|-heal|p1a: Rillaboom|90/100|[from] Grassy Terrain
|-fieldend|move: Grassy Terrain
|upkeep
|turn|6
|
|move|p2a: Venusaur|Weather Ball|p1a: Rillaboom
|-supereffective|p1a: Rillaboom
|-damage|p1a: Rillaboom|0 fnt
|-damage|p2a: Venusaur|91/100|[from] item: Life Orb
|faint|p1a: Rillaboom
|
|-weather|SunnyDay|[upkeep]
|upkeep
|j| Fallout81
|
|switch|p1a: Cinderace|Cinderace, M|100/100
|turn|7
|
|switch|p2a: Torkoal|Torkoal, F|100/100
|move|p1a: Cinderace|Pyro Ball|p2a: Torkoal
|-resisted|p2a: Torkoal
|-damage|p2a: Torkoal|73/100
|
|-weather|SunnyDay|[upkeep]
|upkeep
|turn|8
|
|switch|p1a: Zeraora|Zeraora|100/100
|move|p2a: Torkoal|Lava Plume|p1a: Zeraora
|-damage|p1a: Zeraora|57/100
|
|-weather|SunnyDay|[upkeep]
|upkeep
|turn|9
|
|switch|p2a: Rillaboom|Rillaboom, F|99/100
|-fieldstart|move: Grassy Terrain|[from] ability: Grassy Surge|[of] p2a: Rillaboom
|move|p1a: Zeraora|Knock Off|p2a: Rillaboom
|-damage|p2a: Rillaboom|65/100
|-enditem|p2a: Rillaboom|Choice Band|[from] move: Knock Off|[of] p1a: Zeraora
|
|-weather|SunnyDay|[upkeep]
|-heal|p1a: Zeraora|63/100|[from] Grassy Terrain
|-heal|p2a: Rillaboom|71/100|[from] Grassy Terrain
|upkeep
|turn|10
|j| tapu moxo
|
|switch|p1a: Magearna|Magearna|100/100
|move|p2a: Rillaboom|Knock Off|p1a: Magearna
|-resisted|p1a: Magearna
|-damage|p1a: Magearna|85/100
|-enditem|p1a: Magearna|Weakness Policy|[from] move: Knock Off|[of] p2a: Rillaboom
|
|-weather|none
|-heal|p2a: Rillaboom|77/100|[from] Grassy Terrain
|-heal|p1a: Magearna|91/100|[from] Grassy Terrain
|upkeep
|turn|11
|
|move|p2a: Rillaboom|U-turn|p1a: Magearna
|-resisted|p1a: Magearna
|-crit|p1a: Magearna
|-damage|p1a: Magearna|83/100
|
|switch|p2a: Torkoal|Torkoal, F|73/100|[from]move: U-turn
|-weather|SunnyDay|[from] ability: Drought|[of] p2a: Torkoal
|move|p1a: Magearna|Flash Cannon|p2a: Torkoal
|-resisted|p2a: Torkoal
|-damage|p2a: Torkoal|44/100
|-unboost|p2a: Torkoal|spd|1
|
|-weather|SunnyDay|[upkeep]
|-heal|p1a: Magearna|89/100|[from] Grassy Terrain
|-heal|p2a: Torkoal|50/100|[from] Grassy Terrain
|upkeep
|turn|12
|l| tapu moxo
|
|switch|p2a: Blissey|Blissey, F|100/100
|move|p1a: Magearna|Aura Sphere|p2a: Blissey
|-supereffective|p2a: Blissey
|-damage|p2a: Blissey|80/100
|
|-weather|SunnyDay|[upkeep]
|-heal|p1a: Magearna|95/100|[from] Grassy Terrain
|-heal|p2a: Blissey|86/100|[from] Grassy Terrain
|upkeep
|turn|13
|
|switch|p1a: Zeraora|Zeraora|63/100
|move|p2a: Blissey|Teleport|p2a: Blissey
|
|switch|p2a: Venusaur|Venusaur, M|91/100|[from]move: Teleport
|
|-weather|SunnyDay|[upkeep]
|-heal|p2a: Venusaur|97/100|[from] Grassy Terrain
|-heal|p1a: Zeraora|69/100|[from] Grassy Terrain
|-fieldend|move: Grassy Terrain
|upkeep
|turn|14
|j| chapoa
|c| chapoa|Hey
|
|move|p2a: Venusaur|Weather Ball|p1a: Zeraora
|-crit|p1a: Zeraora
|-damage|p1a: Zeraora|0 fnt
|-damage|p2a: Venusaur|87/100|[from] item: Life Orb
|faint|p1a: Zeraora
|
|-weather|SunnyDay|[upkeep]
|upkeep
|c| chapoa|Bloodborne fan?
|
|switch|p1a: Dragapult|Dragapult, M|100/100
|turn|15
|l| centican
|c|☆winter lanterns|yes ur the first to get the refrence lol
|
|move|p2a: Venusaur|Weather Ball|p1a: Dragapult
|-resisted|p1a: Dragapult
|-damage|p1a: Dragapult|59/100
|-damage|p2a: Venusaur|77/100|[from] item: Life Orb
|move|p1a: Dragapult|Dragon Dance|p1a: Dragapult
|-boost|p1a: Dragapult|atk|1
|-boost|p1a: Dragapult|spe|1
|
|-weather|SunnyDay|[upkeep]
|upkeep
|turn|16
|
|move|p1a: Dragapult|Dragon Darts|p2a: Venusaur
|-damage|p2a: Venusaur|10/100
|-anim|p1a: Dragapult|Dragon Darts|p2a: Venusaur
|-damage|p2a: Venusaur|0 fnt
|-damage|p1a: Dragapult|50/100|[from] item: Life Orb
|faint|p2a: Venusaur
|
|-weather|SunnyDay|[upkeep]
|upkeep
|j| skyexperimenter
|inactive|flyingtaco42 has 120 seconds left.
|c| chapoa|Yeah its my favouritw game of all time
|inactive|flyingtaco42 has 90 seconds left.
|j| ljgjg
|c|☆winter lanterns|yeah every souls game is one of my favorites
|
|switch|p2a: Cinderace|Cinderace, F|100/100
|turn|17
|c|☆winter lanterns|bloodbornes probably the best tho
|j| Meister Bator
|
|switch|p2a: Blissey|Blissey, F|86/100
|move|p1a: Dragapult|Dragon Darts|p2a: Blissey
|-damage|p2a: Blissey|42/100
|-anim|p1a: Dragapult|Dragon Darts|p2a: Blissey
|-damage|p2a: Blissey|0 fnt
|-damage|p1a: Dragapult|40/100|[from] item: Life Orb
|faint|p2a: Blissey
|
|-weather|SunnyDay|[upkeep]
|upkeep
|c| ljgjg|flyingtaco42 cheering for u bb
|c| ljgjg|boo magearna users ;((
|j| my diggasby
|c|☆winter lanterns|no sucker?
|
|switch|p2a: Rillaboom|Rillaboom, F|77/100
|-fieldstart|move: Grassy Terrain|[from] ability: Grassy Surge|[of] p2a: Rillaboom
|turn|18
|
|move|p2a: Rillaboom|Grassy Glide|p1a: Dragapult
|-resisted|p1a: Dragapult
|-damage|p1a: Dragapult|4/100
|move|p1a: Dragapult|Dragon Darts|p2a: Rillaboom
|-damage|p2a: Rillaboom|17/100
|-anim|p1a: Dragapult|Dragon Darts|p2a: Rillaboom
|-damage|p2a: Rillaboom|0 fnt
|-damage|p1a: Dragapult|0 fnt|[from] item: Life Orb
|faint|p2a: Rillaboom
|faint|p1a: Dragapult
|
|-weather|none
|upkeep
|c| chapoa|Yeah bb
|inactive|flyingtaco42 has 90 seconds left.
|c| chapoa|And da1
|c| chapoa|Ds1
|j| Sneaky Felix
|j| tapu moxo
|l| Sneaky Felix
|l| tapu moxo
|
|switch|p1a: Cinderace|Cinderace, M|100/100
|switch|p2a: Mandibuzz|Mandibuzz, F|54/100
|turn|19
|
|switch|p1a: Magearna|Magearna|95/100
|move|p2a: Mandibuzz|Roost|p2a: Mandibuzz
|-heal|p2a: Mandibuzz|100/100
|-singleturn|p2a: Mandibuzz|move: Roost
|
|-heal|p1a: Magearna|100/100|[from] Grassy Terrain
|upkeep
|turn|20
|c| ljgjg|tapu moxo i-
|j| tapu moxo
|
|switch|p2a: Cinderace|Cinderace, F|100/100
|move|p1a: Magearna|Agility|p1a: Magearna
|-boost|p1a: Magearna|spe|2
|
|upkeep
|turn|21
|
|move|p1a: Magearna|Thunderbolt|p2a: Cinderace
|-damage|p2a: Cinderace|53/100
|move|p2a: Cinderace|Pyro Ball|p1a: Magearna
|-supereffective|p1a: Magearna
|-damage|p1a: Magearna|0 fnt
|faint|p1a: Magearna
|
|-heal|p2a: Cinderace|59/100|[from] Grassy Terrain
|upkeep
|
|switch|p1a: Cinderace|Cinderace, M|100/100
|turn|22
|
|move|p2a: Cinderace|Gunk Shot|p1a: Cinderace
|-start|p2a: Cinderace|typechange|Poison|[from] ability: Libero
|-damage|p1a: Cinderace|20/100
|move|p1a: Cinderace|Gunk Shot|p2a: Cinderace
|-start|p1a: Cinderace|typechange|Poison|[from] ability: Libero
|-resisted|p2a: Cinderace
|-damage|p2a: Cinderace|11/100
|
|-heal|p2a: Cinderace|17/100|[from] Grassy Terrain
|-heal|p1a: Cinderace|26/100|[from] Grassy Terrain
|-fieldend|move: Grassy Terrain
|upkeep
|turn|23
|l| ljgjg
|
|move|p1a: Cinderace|Sucker Punch|p2a: Cinderace
|-start|p1a: Cinderace|typechange|Dark|[from] ability: Libero
|-damage|p2a: Cinderace|0 fnt
|faint|p2a: Cinderace
|
|upkeep
|
|switch|p2a: Mandibuzz|Mandibuzz, F|100/100
|turn|24
|
|move|p1a: Cinderace|Pyro Ball|p2a: Mandibuzz
|-start|p1a: Cinderace|typechange|Fire|[from] ability: Libero
|-damage|p2a: Mandibuzz|65/100
|move|p2a: Mandibuzz|Knock Off|p1a: Cinderace
|-damage|p1a: Cinderace|0 fnt
|-enditem|p1a: Cinderace|Heavy-Duty Boots|[from] move: Knock Off|[of] p2a: Mandibuzz
|faint|p1a: Cinderace
|
|win|flyingtaco42
|l| Fallout81
|c|☆flyingtaco42|Gg
|c|☆winter lanterns|gg
|l|☆winter lanterns
|l| chapoa
|l| tapu moxo
|l| WhichHat
|l| my diggasby
||Ladder (probably) updated, but score could not be retrieved (Request timeout).
|l|☆flyingtaco42
