|j|☆GGeorgie
|j|☆antonys
|t:|1668037943
|gametype|singles
|player|p1|GGeorgie|hiker-gen2|1607
|player|p2|antonys|steven|1646
|teamsize|p1|6
|teamsize|p2|6
|gen|8
|tier|[Gen 8] OU
|rated|
|rule|Sleep Clause Mod: Limit one foe put to sleep
|rule|Species Clause: Limit one of each Pokémon
|rule|OHKO Clause: OHKO moves are banned
|rule|Evasion Items Clause: Evasion items are banned
|rule|Evasion Moves Clause: Evasion moves are banned
|rule|Endless Battle Clause: Forcing endless battles is banned
|rule|HP Percentage Mod: HP is shown in percentages
|rule|Dynamax Clause: You cannot dynamax
|clearpoke
|poke|p1|Zapdos|
|poke|p1|Tyranitar, F|
|poke|p1|Landorus-Therian, M|
|poke|p1|Excadrill, F|
|poke|p1|Clefable, F|
|poke|p1|Ferrothorn, F|
|poke|p2|Rotom-Wash|
|poke|p2|Heatran, M|
|poke|p2|Mandibuzz, F|
|poke|p2|Chansey, F|
|poke|p2|Landorus-Therian, M|
|poke|p2|Sharpedo, F|
|teampreview
|inactive|Battle timer is ON: inactive players will automatically lose when time's up. (requested by GGeorgie)
|j| MiniLarry
|
|t:|1668037967
|start
|switch|p1a: Zapdos|Zapdos|100/100
|switch|p2a: Rotom|Rotom-Wash|100/100
|turn|1
|
|t:|1668037972
|move|p2a: Rotom|Volt Switch|p1a: Zapdos
|-damage|p1a: Zapdos|57/100
|
|t:|1668037975
|switch|p2a: Landorus|Landorus-Therian, M|100/100|[from]move: Volt Switch
|-ability|p2a: Landorus|Intimidate|boost
|-unboost|p1a: Zapdos|atk|1
|move|p1a: Zapdos|Volt Switch|p2a: Landorus
|-immune|p2a: Landorus
|
|upkeep
|turn|2
|
|t:|1668037983
|switch|p1a: Ferrothorn|Ferrothorn, F, shiny|100/100
|move|p2a: Landorus|Rock Slide|p1a: Ferrothorn
|-resisted|p1a: Ferrothorn
|-damage|p1a: Ferrothorn|92/100
|
|upkeep
|turn|3
|j| down it
|
|t:|1668037995
|switch|p2a: Heatran|Heatran, M|100/100
|move|p1a: Ferrothorn|Knock Off|p2a: Heatran
|-damage|p2a: Heatran|80/100
|-enditem|p2a: Heatran|Leftovers|[from] move: Knock Off|[of] p1a: Ferrothorn
|
|upkeep
|turn|4
|
|t:|1668038002
|switch|p1a: Tyranitar|Tyranitar, F, shiny|100/100
|-weather|Sandstorm|[from] ability: Sand Stream|[of] p1a: Tyranitar
|move|p2a: Heatran|Substitute|p2a: Heatran
|-start|p2a: Heatran|Substitute
|-damage|p2a: Heatran|55/100
|
|-weather|Sandstorm|[upkeep]
|upkeep
|turn|5
|
|t:|1668038009
|move|p2a: Heatran|Flash Cannon|p1a: Tyranitar
|-supereffective|p1a: Tyranitar
|-damage|p1a: Tyranitar|40/100
|move|p1a: Tyranitar|Earthquake|p2a: Heatran
|-supereffective|p2a: Heatran
|-end|p2a: Heatran|Substitute
|
|-weather|Sandstorm|[upkeep]
|upkeep
|turn|6
|
|t:|1668038017
|move|p2a: Heatran|Substitute|p2a: Heatran
|-start|p2a: Heatran|Substitute
|-damage|p2a: Heatran|31/100
|move|p1a: Tyranitar|Earthquake|p2a: Heatran
|-supereffective|p2a: Heatran
|-end|p2a: Heatran|Substitute
|
|-weather|Sandstorm|[upkeep]
|upkeep
|turn|7
|
|t:|1668038024
|switch|p1a: Landorus|Landorus-Therian, M|100/100
|-ability|p1a: Landorus|Intimidate|boost
|-unboost|p2a: Heatran|atk|1
|move|p2a: Heatran|Flash Cannon|p1a: Landorus
|-damage|p1a: Landorus|47/100
|
|-weather|Sandstorm|[upkeep]
|upkeep
|turn|8
|
|t:|1668038036
|switch|p2a: Landorus|Landorus-Therian, M|100/100
|-ability|p2a: Landorus|Intimidate|boost
|-unboost|p1a: Landorus|atk|1
|move|p1a: Landorus|Stone Edge|p2a: Landorus
|-crit|p2a: Landorus
|-damage|p2a: Landorus|35/100
|
|-weather|none
|upkeep
|turn|9
|
|t:|1668038046
|switch|p1a: Ferrothorn|Ferrothorn, F, shiny|92/100
|move|p2a: Landorus|Rock Slide|p1a: Ferrothorn
|-resisted|p1a: Ferrothorn
|-damage|p1a: Ferrothorn|82/100
|
|upkeep
|turn|10
|
|t:|1668038053
|switch|p2a: Rotom|Rotom-Wash|100/100
|move|p1a: Ferrothorn|Spikes|p2a: Rotom
|-sidestart|p2: antonys|Spikes
|
|upkeep
|turn|11
|
|t:|1668038058
|move|p2a: Rotom|Trick|p1a: Ferrothorn
|-activate|p2a: Rotom|move: Trick|[of] p1a: Ferrothorn
|-item|p1a: Ferrothorn|Choice Scarf|[from] move: Trick
|-item|p2a: Rotom|Rocky Helmet|[from] move: Trick
|move|p1a: Ferrothorn|Power Whip|p2a: Rotom
|-supereffective|p2a: Rotom
|-damage|p2a: Rotom|0 fnt
|-damage|p1a: Ferrothorn|66/100|[from] item: Rocky Helmet|[of] p2a: Rotom
|faint|p2a: Rotom
|
|upkeep
|inactive|antonys has 120 seconds left.
|inactive|antonys has 90 seconds left.
|
|t:|1668038124
|switch|p2a: Heatran|Heatran, M|31/100
|-damage|p2a: Heatran|18/100|[from] Spikes
|turn|12
|inactive|antonys has 90 seconds left.
|
|t:|1668038134
|switch|p1a: Tyranitar|Tyranitar, F, shiny|40/100
|-weather|Sandstorm|[from] ability: Sand Stream|[of] p1a: Tyranitar
|move|p2a: Heatran|Flamethrower|p1a: Tyranitar
|-resisted|p1a: Tyranitar
|-crit|p1a: Tyranitar
|-damage|p1a: Tyranitar|17/100
|
|-weather|Sandstorm|[upkeep]
|upkeep
|turn|13
|
|t:|1668038143
|move|p2a: Heatran|Flash Cannon|p1a: Tyranitar
|-supereffective|p1a: Tyranitar
|-damage|p1a: Tyranitar|0 fnt
|faint|p1a: Tyranitar
|
|-weather|Sandstorm|[upkeep]
|upkeep
|
|t:|1668038145
|switch|p1a: Zapdos|Zapdos|57/100
|turn|14
|
|t:|1668038150
|switch|p2a: Landorus|Landorus-Therian, M|35/100
|-ability|p2a: Landorus|Intimidate|boost
|-unboost|p1a: Zapdos|atk|1
|move|p1a: Zapdos|Hurricane|p2a: Landorus|[miss]
|-miss|p1a: Zapdos|p2a: Landorus
|
|-weather|Sandstorm|[upkeep]
|-damage|p1a: Zapdos|50/100|[from] Sandstorm
|upkeep
|turn|15
|
|t:|1668038160
|switch|p1a: Ferrothorn|Ferrothorn, F, shiny|66/100
|move|p2a: Landorus|U-turn|p1a: Ferrothorn
|-damage|p1a: Ferrothorn|49/100
|-damage|p2a: Landorus|23/100|[from] ability: Iron Barbs|[of] p1a: Ferrothorn
|
|t:|1668038166
|switch|p2a: Mandibuzz|Mandibuzz, F|100/100|[from]move: U-turn
|
|-weather|Sandstorm|[upkeep]
|upkeep
|turn|16
|j| trisew
|
|t:|1668038171
|move|p2a: Mandibuzz|Defog|p1a: Ferrothorn
|-unboost|p1a: Ferrothorn|evasion|1
|-sideend|p2: antonys|Spikes|[from] move: Defog|[of] p2a: Mandibuzz
|move|p1a: Ferrothorn|Leech Seed|p2a: Mandibuzz
|-start|p2a: Mandibuzz|move: Leech Seed
|
|-weather|none
|-damage|p2a: Mandibuzz|88/100|[from] Leech Seed|[of] p1a: Ferrothorn
|-heal|p1a: Ferrothorn|64/100|[silent]
|upkeep
|turn|17
|inactive|antonys has 120 seconds left.
|
|t:|1668038184
|move|p2a: Mandibuzz|Foul Play|p1a: Ferrothorn
|-damage|p1a: Ferrothorn|44/100
|-damage|p2a: Mandibuzz|75/100|[from] ability: Iron Barbs|[of] p1a: Ferrothorn
|move|p1a: Ferrothorn|Leech Seed||[still]
|-fail|p1a: Ferrothorn
|
|-heal|p2a: Mandibuzz|82/100|[from] item: Leftovers
|-damage|p2a: Mandibuzz|69/100|[from] Leech Seed|[of] p1a: Ferrothorn
|-heal|p1a: Ferrothorn|59/100|[silent]
|upkeep
|turn|18
|inactive|antonys has 120 seconds left.
|
|t:|1668038195
|switch|p2a: Heatran|Heatran, M|18/100
|move|p1a: Ferrothorn|Leech Seed|p2a: Heatran
|-start|p2a: Heatran|move: Leech Seed
|
|-damage|p2a: Heatran|6/100|[from] Leech Seed|[of] p1a: Ferrothorn
|-heal|p1a: Ferrothorn|70/100|[silent]
|upkeep
|turn|19
|inactive|antonys has 120 seconds left.
|
|t:|1668038205
|switch|p2a: Landorus|Landorus-Therian, M|23/100
|-ability|p2a: Landorus|Intimidate|boost
|-unboost|p1a: Ferrothorn|atk|1
|switch|p1a: Clefable|Clefable, F|100/100
|
|upkeep
|turn|20
|inactive|antonys has 120 seconds left.
|
|t:|1668038216
|move|p2a: Landorus|U-turn|p1a: Clefable
|-resisted|p1a: Clefable
|-damage|p1a: Clefable|89/100
|
|t:|1668038219
|switch|p2a: Heatran|Heatran, M|6/100|[from]move: U-turn
|move|p1a: Clefable|Moonblast|p2a: Heatran
|-resisted|p2a: Heatran
|-damage|p2a: Heatran|0 fnt
|faint|p2a: Heatran
|
|upkeep
|inactive|antonys has 120 seconds left.
|
|t:|1668038229
|switch|p2a: Sharpedo|Sharpedo, F|100/100
|turn|21
|
|t:|1668038233
|move|p2a: Sharpedo|Waterfall|p1a: Clefable
|-damage|p1a: Clefable|58/100
|cant|p1a: Clefable|flinch
|
|-ability|p2a: Sharpedo|Speed Boost|boost
|-boost|p2a: Sharpedo|spe|1
|upkeep
|turn|22
|
|t:|1668038239
|move|p2a: Sharpedo|Waterfall|p1a: Clefable
|-damage|p1a: Clefable|25/100
|move|p1a: Clefable|Moonblast|p2a: Sharpedo
|-supereffective|p2a: Sharpedo
|-enditem|p2a: Sharpedo|Focus Sash
|-damage|p2a: Sharpedo|1/100
|-unboost|p2a: Sharpedo|spa|1
|
|-ability|p2a: Sharpedo|Speed Boost|boost
|-boost|p2a: Sharpedo|spe|1
|upkeep
|turn|23
|
|t:|1668038255
|switch|p2a: Landorus|Landorus-Therian, M|23/100
|-ability|p2a: Landorus|Intimidate|boost
|-unboost|p1a: Clefable|atk|1
|switch|p1a: Ferrothorn|Ferrothorn, F, shiny|70/100
|
|upkeep
|turn|24
|
|t:|1668038262
|move|p2a: Landorus|Earthquake|p1a: Ferrothorn
|-damage|p1a: Ferrothorn|35/100
|move|p1a: Ferrothorn|Knock Off|p2a: Landorus
|-crit|p2a: Landorus
|-damage|p2a: Landorus|0 fnt
|-enditem|p2a: Landorus|Choice Scarf|[from] move: Knock Off|[of] p1a: Ferrothorn
|faint|p2a: Landorus
|
|upkeep
|
|t:|1668038270
|switch|p2a: Mandibuzz|Mandibuzz, F|69/100
|turn|25
|
|t:|1668038275
|move|p2a: Mandibuzz|Foul Play|p1a: Ferrothorn
|-damage|p1a: Ferrothorn|14/100
|-damage|p2a: Mandibuzz|57/100|[from] ability: Iron Barbs|[of] p1a: Ferrothorn
|move|p1a: Ferrothorn|Knock Off|p2a: Mandibuzz
|-resisted|p2a: Mandibuzz
|-damage|p2a: Mandibuzz|51/100
|-enditem|p2a: Mandibuzz|Leftovers|[from] move: Knock Off|[of] p1a: Ferrothorn
|
|upkeep
|turn|26
|
|t:|1668038283
|switch|p1a: Zapdos|Zapdos|50/100
|move|p2a: Mandibuzz|Foul Play|p1a: Zapdos
|-damage|p1a: Zapdos|20/100
|-status|p2a: Mandibuzz|par|[from] ability: Static|[of] p1a: Zapdos
|
|upkeep
|turn|27
|
|t:|1668038290
|switch|p2a: Chansey|Chansey, F|100/100
|move|p1a: Zapdos|Volt Switch|p2a: Chansey
|-damage|p2a: Chansey|84/100
|
|t:|1668038294
|switch|p1a: Clefable|Clefable, F|25/100|[from]move: Volt Switch
|
|upkeep
|turn|28
|
|t:|1668038297
|move|p1a: Clefable|Soft-Boiled|p1a: Clefable
|-heal|p1a: Clefable|75/100
|move|p2a: Chansey|Seismic Toss|p1a: Clefable
|-damage|p1a: Clefable|49/100
|
|upkeep
|turn|29
|-message|antonys forfeited.
|
|win|GGeorgie
|raw|GGeorgie's rating: 1607 &rarr; <strong>1629</strong><br />(+22 for winning)
|raw|antonys's rating: 1646 &rarr; <strong>1624</strong><br />(-22 for losing)
|l|☆antonys
