|j|‽Lolytics1993
|j|☆roboPOKE
|t:|1644353420
|gametype|singles
|player|p1|Lolytics1993|170|1669
|player|p2|roboPOKE|2|1721
|teamsize|p1|6
|teamsize|p2|6
|gen|8
|tier|[Gen 8] OU
|rated|
|rule|Sleep Clause Mod: Limit one foe put to sleep
|rule|Species Clause: Limit one of each Pokémon
|rule|OHKO Clause: OHKO moves are banned
|rule|Evasion Moves Clause: Evasion moves are banned
|rule|Endless Battle Clause: Forcing endless battles is banned
|rule|HP Percentage Mod: HP is shown in percentages
|rule|Dynamax Clause: You cannot dynamax
|clearpoke
|poke|p1|Tyranitar, F|
|poke|p1|Heatran, M|
|poke|p1|Zapdos|
|poke|p1|Rillaboom, F|
|poke|p1|Buzzwole|
|poke|p1|Garchomp, M|
|poke|p2|Omastar, F|
|poke|p2|Weavile, M|
|poke|p2|Kartana|
|poke|p2|Tapu Lele|
|poke|p2|Landorus-Therian, M|
|poke|p2|Dragapult, M|
|teampreview
|
|t:|1644353426
|start
|switch|p1a: Garchomp|Garchomp, M|100/100
|switch|p2a: Omastar|Omastar, F|100/100
|turn|1
|
|t:|1644353432
|move|p1a: Garchomp|Earthquake|p2a: Omastar
|-supereffective|p2a: Omastar
|-enditem|p2a: Omastar|Focus Sash
|-damage|p2a: Omastar|1/100
|-ability|p2a: Omastar|Weak Armor|boost
|-unboost|p2a: Omastar|def|1
|-boost|p2a: Omastar|spe|2
|move|p2a: Omastar|Stealth Rock|p1a: Garchomp
|-sidestart|p1: Lolytics1993|move: Stealth Rock
|
|upkeep
|turn|2
|
|t:|1644353440
|move|p2a: Omastar|Surf|p1a: Garchomp
|-damage|p1a: Garchomp|64/100
|move|p1a: Garchomp|Dragon Tail|p2a: Omastar
|-damage|p2a: Omastar|0 fnt
|faint|p2a: Omastar
|
|-heal|p1a: Garchomp|70/100|[from] item: Leftovers
|upkeep
|
|t:|1644353444
|switch|p2a: Landorus|Landorus-Therian, M|100/100
|-ability|p2a: Landorus|Intimidate|boost
|-unboost|p1a: Garchomp|atk|1
|turn|3
|
|t:|1644353448
|move|p1a: Garchomp|Protect|p1a: Garchomp
|-singleturn|p1a: Garchomp|Protect
|move|p2a: Landorus|Substitute|p2a: Landorus
|-start|p2a: Landorus|Substitute
|-damage|p2a: Landorus|76/100
|
|-heal|p2a: Landorus|82/100|[from] item: Leftovers
|-heal|p1a: Garchomp|76/100|[from] item: Leftovers
|upkeep
|turn|4
|
|t:|1644353452
|move|p2a: Landorus|Bulk Up|p2a: Landorus
|-boost|p2a: Landorus|atk|1
|-boost|p2a: Landorus|def|1
|move|p1a: Garchomp|Stealth Rock|p2a: Landorus
|-sidestart|p2: roboPOKE|move: Stealth Rock
|
|-heal|p2a: Landorus|88/100|[from] item: Leftovers
|-heal|p1a: Garchomp|82/100|[from] item: Leftovers
|upkeep
|turn|5
|
|t:|1644353454
|move|p2a: Landorus|Stone Edge|p1a: Garchomp|[miss]
|-miss|p2a: Landorus|p1a: Garchomp
|move|p1a: Garchomp|Dragon Tail|p2a: Landorus
|-activate|p2a: Landorus|move: Substitute|[damage]
|
|-heal|p2a: Landorus|94/100|[from] item: Leftovers
|-heal|p1a: Garchomp|89/100|[from] item: Leftovers
|upkeep
|turn|6
|
|t:|1644353459
|switch|p1a: Buzzwole|Buzzwole|100/100
|-damage|p1a: Buzzwole|88/100|[from] Stealth Rock
|move|p2a: Landorus|Earthquake|p1a: Buzzwole
|-resisted|p1a: Buzzwole
|-damage|p1a: Buzzwole|67/100
|
|-heal|p2a: Landorus|99/100|[from] item: Leftovers
|upkeep
|turn|7
|
|t:|1644353464
|switch|p2a: Tapu Lele|Tapu Lele|100/100
|-damage|p2a: Tapu Lele|88/100|[from] Stealth Rock
|-fieldstart|move: Psychic Terrain|[from] ability: Psychic Surge|[of] p2a: Tapu Lele
|move|p1a: Buzzwole|Roost|p1a: Buzzwole
|-heal|p1a: Buzzwole|100/100
|-singleturn|p1a: Buzzwole|move: Roost
|
|upkeep
|turn|8
|
|t:|1644353466
|switch|p1a: Rillaboom|Rillaboom, F|100/100
|-damage|p1a: Rillaboom|88/100|[from] Stealth Rock
|-fieldstart|move: Grassy Terrain|[from] ability: Grassy Surge|[of] p1a: Rillaboom
|move|p2a: Tapu Lele|Focus Blast|p1a: Rillaboom
|-damage|p1a: Rillaboom|40/100
|
|-heal|p2a: Tapu Lele|94/100|[from] Grassy Terrain
|-heal|p1a: Rillaboom|46/100|[from] Grassy Terrain
|upkeep
|turn|9
|
|t:|1644353478
|switch|p2a: Kartana|Kartana|100/100
|-damage|p2a: Kartana|94/100|[from] Stealth Rock
|move|p1a: Rillaboom|Superpower|p2a: Kartana
|-supereffective|p2a: Kartana
|-damage|p2a: Kartana|0 fnt
|-unboost|p1a: Rillaboom|atk|1
|-unboost|p1a: Rillaboom|def|1
|faint|p2a: Kartana
|
|-heal|p1a: Rillaboom|52/100|[from] Grassy Terrain
|upkeep
|j| idsufbgnisdjfg
|
|t:|1644353480
|switch|p2a: Tapu Lele|Tapu Lele|94/100
|-damage|p2a: Tapu Lele|82/100|[from] Stealth Rock
|-fieldstart|move: Psychic Terrain|[from] ability: Psychic Surge|[of] p2a: Tapu Lele
|turn|10
|
|t:|1644353488
|switch|p1a: Zapdos|Zapdos|100/100
|move|p2a: Tapu Lele|Psychic|p1a: Zapdos
|-damage|p1a: Zapdos|39/100
|
|upkeep
|turn|11
|
|t:|1644353492
|switch|p1a: Tyranitar|Tyranitar, F|100/100
|-damage|p1a: Tyranitar|88/100|[from] Stealth Rock
|-weather|Sandstorm|[from] ability: Sand Stream|[of] p1a: Tyranitar
|move|p2a: Tapu Lele|Psychic|p1a: Tyranitar
|-immune|p1a: Tyranitar
|
|-weather|Sandstorm|[upkeep]
|-damage|p2a: Tapu Lele|76/100|[from] Sandstorm
|upkeep
|turn|12
|
|t:|1644353494
|switch|p2a: Weavile|Weavile, M|100/100
|-ability|p2a: Weavile|Pressure
|move|p1a: Tyranitar|Stone Edge|p2a: Weavile
|-supereffective|p2a: Weavile
|-damage|p2a: Weavile|0 fnt
|faint|p2a: Weavile
|
|-weather|Sandstorm|[upkeep]
|upkeep
|
|t:|1644353499
|switch|p2a: Landorus|Landorus-Therian, M|99/100
|-damage|p2a: Landorus|87/100|[from] Stealth Rock
|-ability|p2a: Landorus|Intimidate|boost
|-unboost|p1a: Tyranitar|atk|1
|turn|13
|
|t:|1644353504
|switch|p2a: Dragapult|Dragapult, M|100/100
|-damage|p2a: Dragapult|88/100|[from] Stealth Rock
|move|p1a: Tyranitar|Stone Edge|p2a: Dragapult
|-crit|p2a: Dragapult
|-damage|p2a: Dragapult|0 fnt
|faint|p2a: Dragapult
|
|-weather|Sandstorm|[upkeep]
|upkeep
|
|t:|1644353508
|switch|p2a: Landorus|Landorus-Therian, M|87/100
|-damage|p2a: Landorus|75/100|[from] Stealth Rock
|-ability|p2a: Landorus|Intimidate|boost
|-unboost|p1a: Tyranitar|atk|1
|turn|14
|
|t:|1644353510
|move|p2a: Landorus|Bulk Up|p2a: Landorus
|-boost|p2a: Landorus|atk|1
|-boost|p2a: Landorus|def|1
|move|p1a: Tyranitar|Stone Edge|p2a: Landorus
|-damage|p2a: Landorus|39/100
|
|-weather|Sandstorm|[upkeep]
|-heal|p2a: Landorus|45/100|[from] item: Leftovers
|-fieldend|move: Psychic Terrain
|upkeep
|turn|15
|
|t:|1644353518
|move|p2a: Landorus|Substitute|p2a: Landorus
|-start|p2a: Landorus|Substitute
|-damage|p2a: Landorus|20/100
|move|p1a: Tyranitar|Stone Edge|p2a: Landorus
|-crit|p2a: Landorus
|-end|p2a: Landorus|Substitute
|
|-weather|none
|-heal|p2a: Landorus|26/100|[from] item: Leftovers
|upkeep
|turn|16
|
|t:|1644353522
|move|p2a: Landorus|Substitute|p2a: Landorus
|-start|p2a: Landorus|Substitute
|-damage|p2a: Landorus|1/100
|move|p1a: Tyranitar|Stone Edge|p2a: Landorus
|-end|p2a: Landorus|Substitute
|
|-heal|p2a: Landorus|7/100|[from] item: Leftovers
|upkeep
|turn|17
|
|t:|1644353525
|move|p2a: Landorus|Earthquake|p1a: Tyranitar
|-supereffective|p1a: Tyranitar
|-damage|p1a: Tyranitar|0 fnt
|faint|p1a: Tyranitar
|
|-heal|p2a: Landorus|13/100|[from] item: Leftovers
|upkeep
|
|t:|1644353529
|switch|p1a: Rillaboom|Rillaboom, F|52/100
|-damage|p1a: Rillaboom|40/100|[from] Stealth Rock
|-fieldstart|move: Grassy Terrain|[from] ability: Grassy Surge|[of] p1a: Rillaboom
|turn|18
|
|t:|1644353531
|move|p1a: Rillaboom|Grassy Glide|p2a: Landorus
|-damage|p2a: Landorus|0 fnt
|faint|p2a: Landorus
|
|-heal|p1a: Rillaboom|46/100|[from] Grassy Terrain
|upkeep
|
|t:|1644353532
|switch|p2a: Tapu Lele|Tapu Lele|76/100
|-damage|p2a: Tapu Lele|63/100|[from] Stealth Rock
|-fieldstart|move: Psychic Terrain|[from] ability: Psychic Surge|[of] p2a: Tapu Lele
|turn|19
|
|t:|1644353535
|switch|p1a: Garchomp|Garchomp, M|89/100
|-damage|p1a: Garchomp|82/100|[from] Stealth Rock
|move|p2a: Tapu Lele|Focus Blast|p1a: Garchomp
|-damage|p1a: Garchomp|39/100
|
|-heal|p1a: Garchomp|45/100|[from] item: Leftovers
|upkeep
|turn|20
|
|t:|1644353537
|move|p2a: Tapu Lele|Focus Blast|p1a: Garchomp
|-damage|p1a: Garchomp|5/100
|move|p1a: Garchomp|Earthquake|p2a: Tapu Lele
|-damage|p2a: Tapu Lele|0 fnt
|faint|p2a: Tapu Lele
|
|win|Lolytics1993
|raw|Lolytics1993's rating: 1669 &rarr; <strong>1692</strong><br />(+23 for winning)
|raw|roboPOKE's rating: 1721 &rarr; <strong>1698</strong><br />(-23 for losing)
