|raw|<div class="broadcast-blue"><strong>This battle is required to be public due to a player having a name starting with 'lt94je'.</div>
|j|☆return nirvana
|j|☆LT94JE TELE
|t:|1661600360
|gametype|singles
|player|p1|return nirvana|cynthia-masters2|1953
|player|p2|LT94JE TELE|unknown|1886
|teamsize|p1|6
|teamsize|p2|6
|gen|8
|tier|[Gen 8] OU
|rated|
|rule|Sleep Clause Mod: Limit one foe put to sleep
|rule|Species Clause: Limit one of each Pokémon
|rule|OHKO Clause: OHKO moves are banned
|rule|Evasion Items Clause: Evasion items are banned
|rule|Evasion Moves Clause: Evasion moves are banned
|rule|Endless Battle Clause: Forcing endless battles is banned
|rule|HP Percentage Mod: HP is shown in percentages
|rule|Dynamax Clause: You cannot dynamax
|clearpoke
|poke|p1|Kartana|
|poke|p1|Magnezone|
|poke|p1|Tornadus-Therian, M|
|poke|p1|Weavile, M|
|poke|p1|Toxapex, M|
|poke|p1|Garchomp, F|
|poke|p2|Skarmory, M|
|poke|p2|Hippowdon, F|
|poke|p2|Excadrill, F|
|poke|p2|Dragapult, M|
|poke|p2|Toxapex, M|
|poke|p2|Victini|
|teampreview
|inactive|Battle timer is ON: inactive players will automatically lose when time's up. (requested by LT94JE TELE)
|j| waste yrself
|
|t:|1661600381
|start
|switch|p1a: Kartana|Kartana|100/100
|switch|p2a: Hippowdon|Hippowdon, F|100/100
|-weather|Sandstorm|[from] ability: Sand Stream|[of] p2a: Hippowdon
|turn|1
|j| 10 Misery nights
|
|t:|1661600390
|switch|p2a: Toxapex|Toxapex, M|100/100
|move|p1a: Kartana|Leaf Blade|p2a: Toxapex
|-damage|p2a: Toxapex|52/100
|
|-weather|Sandstorm|[upkeep]
|-damage|p2a: Toxapex|46/100|[from] Sandstorm
|upkeep
|turn|2
|
|t:|1661600396
|move|p2a: Toxapex|Baneful Bunker|p2a: Toxapex
|-singleturn|p2a: Toxapex|move: Protect
|move|p1a: Kartana|Leaf Blade|p2a: Toxapex
|-activate|p2a: Toxapex|move: Protect
|
|-weather|Sandstorm|[upkeep]
|-damage|p2a: Toxapex|40/100|[from] Sandstorm
|upkeep
|turn|3
|j| Mimikyu Stardust
|
|t:|1661600399
|switch|p2a: Victini|Victini|100/100
|move|p1a: Kartana|Knock Off|p2a: Victini
|-supereffective|p2a: Victini
|-crit|p2a: Victini
|-damage|p2a: Victini|0 fnt
|-enditem|p2a: Victini|Heavy-Duty Boots|[from] move: Knock Off|[of] p1a: Kartana
|faint|p2a: Victini
|-ability|p1a: Kartana|Beast Boost|boost
|-boost|p1a: Kartana|atk|1
|
|-weather|Sandstorm|[upkeep]
|upkeep
|j| L9BGNXTY
|
|t:|1661600402
|switch|p2a: Dragapult|Dragapult, M|100/100
|turn|4
|
|t:|1661600408
|switch|p1a: Toxapex|Toxapex, M|100/100
|move|p2a: Dragapult|Will-O-Wisp|p1a: Toxapex
|-status|p1a: Toxapex|brn
|
|-weather|Sandstorm|[upkeep]
|-damage|p2a: Dragapult|94/100|[from] Sandstorm
|-damage|p1a: Toxapex|94/100 brn|[from] Sandstorm
|-heal|p1a: Toxapex|100/100 brn|[from] item: Black Sludge
|-damage|p1a: Toxapex|94/100 brn|[from] brn
|upkeep
|turn|5
|
|t:|1661600416
|switch|p2a: Hippowdon|Hippowdon, F|100/100
|move|p1a: Toxapex|Knock Off|p2a: Hippowdon
|-damage|p2a: Hippowdon|95/100
|-enditem|p2a: Hippowdon|Smooth Rock|[from] move: Knock Off|[of] p1a: Toxapex
|
|-weather|Sandstorm|[upkeep]
|-damage|p1a: Toxapex|88/100 brn|[from] Sandstorm
|-heal|p1a: Toxapex|94/100 brn|[from] item: Black Sludge
|-damage|p1a: Toxapex|88/100 brn|[from] brn
|upkeep
|turn|6
|
|t:|1661600419
|switch|p1a: Garchomp|Garchomp, F|100/100
|move|p2a: Hippowdon|Stealth Rock|p1a: Garchomp
|-sidestart|p1: return nirvana|move: Stealth Rock
|
|-weather|Sandstorm|[upkeep]
|upkeep
|turn|7
|j|+starmaster
|
|t:|1661600423
|switch|p2a: Skarmory|Skarmory, M|100/100
|move|p1a: Garchomp|Stealth Rock|p2a: Skarmory
|-sidestart|p2: LT94JE TELE|move: Stealth Rock
|
|-weather|Sandstorm|[upkeep]
|upkeep
|turn|8
|j| nittestja naqa
|
|t:|1661600430
|switch|p1a: Tornadus|Tornadus-Therian, M|100/100
|move|p2a: Skarmory|Spikes|p1a: Tornadus
|-sidestart|p1: return nirvana|Spikes
|
|-weather|none
|upkeep
|turn|9
|
|t:|1661600435
|switch|p2a: Toxapex|Toxapex, M|73/100
|-damage|p2a: Toxapex|61/100|[from] Stealth Rock
|move|p1a: Tornadus|U-turn|p2a: Toxapex
|-resisted|p2a: Toxapex
|-damage|p2a: Toxapex|56/100
|j| LT94JE Jack G
|
|t:|1661600442
|switch|p1a: Toxapex|Toxapex, M|100/100 brn|[from]move: U-turn
|-damage|p1a: Toxapex|88/100 brn|[from] Stealth Rock
|-damage|p1a: Toxapex|75/100 brn|[from] Spikes
|
|-heal|p1a: Toxapex|82/100 brn|[from] item: Black Sludge
|-damage|p1a: Toxapex|75/100 brn|[from] brn
|upkeep
|turn|10
|
|t:|1661600446
|switch|p2a: Hippowdon|Hippowdon, F|95/100
|-damage|p2a: Hippowdon|89/100|[from] Stealth Rock
|-weather|Sandstorm|[from] ability: Sand Stream|[of] p2a: Hippowdon
|move|p1a: Toxapex|Scald|p2a: Hippowdon
|-supereffective|p2a: Hippowdon
|-damage|p2a: Hippowdon|69/100
|
|-weather|Sandstorm|[upkeep]
|-damage|p1a: Toxapex|69/100 brn|[from] Sandstorm
|-heal|p1a: Toxapex|75/100 brn|[from] item: Black Sludge
|-damage|p1a: Toxapex|69/100 brn|[from] brn
|upkeep
|turn|11
|j| Xydz
|
|t:|1661600449
|switch|p2a: Excadrill|Excadrill, F|100/100
|-damage|p2a: Excadrill|97/100|[from] Stealth Rock
|move|p1a: Toxapex|Scald|p2a: Excadrill
|-supereffective|p2a: Excadrill
|-damage|p2a: Excadrill|54/100
|
|-weather|Sandstorm|[upkeep]
|-damage|p1a: Toxapex|63/100 brn|[from] Sandstorm
|-heal|p1a: Toxapex|69/100 brn|[from] item: Black Sludge
|-damage|p1a: Toxapex|63/100 brn|[from] brn
|upkeep
|turn|12
|
|t:|1661600454
|switch|p1a: Tornadus|Tornadus-Therian, M|100/100
|move|p2a: Excadrill|Earthquake|p1a: Tornadus
|-immune|p1a: Tornadus
|
|-weather|Sandstorm|[upkeep]
|-damage|p1a: Tornadus|94/100|[from] Sandstorm
|upkeep
|turn|13
|
|t:|1661600457
|move|p2a: Excadrill|Rock Slide|p1a: Tornadus
|-supereffective|p1a: Tornadus
|-damage|p1a: Tornadus|14/100
|-damage|p2a: Excadrill|44/100|[from] item: Life Orb
|cant|p1a: Tornadus|flinch
|
|-weather|Sandstorm|[upkeep]
|-damage|p1a: Tornadus|8/100|[from] Sandstorm
|upkeep
|turn|14
|
|t:|1661600462
|switch|p1a: Garchomp|Garchomp, F|100/100
|-damage|p1a: Garchomp|94/100|[from] Stealth Rock
|-damage|p1a: Garchomp|82/100|[from] Spikes
|move|p2a: Excadrill|Rock Slide|p1a: Garchomp
|-resisted|p1a: Garchomp
|-damage|p1a: Garchomp|66/100
|-damage|p2a: Excadrill|34/100|[from] item: Life Orb
|
|-weather|none
|-heal|p1a: Garchomp|73/100|[from] item: Leftovers
|upkeep
|turn|15
|c|☆return nirvana|oh i thought i u-turn'd there
|j| PLACE NINE
|
|t:|1661600479
|switch|p2a: Dragapult|Dragapult, M|94/100
|move|p1a: Garchomp|Earthquake|p2a: Dragapult
|-damage|p2a: Dragapult|47/100
|
|-heal|p1a: Garchomp|79/100|[from] item: Leftovers
|upkeep
|turn|16
|j| Z6MC
|
|t:|1661600483
|move|p1a: Garchomp|Protect|p1a: Garchomp
|-singleturn|p1a: Garchomp|Protect
|move|p2a: Dragapult|Will-O-Wisp|p1a: Garchomp
|-activate|p1a: Garchomp|move: Protect
|
|-heal|p1a: Garchomp|85/100|[from] item: Leftovers
|upkeep
|turn|17
|
|t:|1661600488
|move|p2a: Dragapult|Will-O-Wisp|p1a: Garchomp
|-status|p1a: Garchomp|brn
|move|p1a: Garchomp|Toxic|p2a: Dragapult
|-status|p2a: Dragapult|tox
|
|-heal|p1a: Garchomp|91/100 brn|[from] item: Leftovers
|-damage|p2a: Dragapult|41/100 tox|[from] psn
|-damage|p1a: Garchomp|85/100 brn|[from] brn
|upkeep
|turn|18
|
|t:|1661600494
|switch|p2a: Toxapex|Toxapex, M|89/100
|-damage|p2a: Toxapex|77/100|[from] Stealth Rock
|move|p1a: Garchomp|Protect||[still]
|-fail|p1a: Garchomp
|
|-heal|p1a: Garchomp|91/100 brn|[from] item: Leftovers
|-damage|p1a: Garchomp|85/100 brn|[from] brn
|upkeep
|turn|19
|
|t:|1661600496
|switch|p1a: Toxapex|Toxapex, M|96/100 brn
|-damage|p1a: Toxapex|84/100 brn|[from] Stealth Rock
|-damage|p1a: Toxapex|71/100 brn|[from] Spikes
|move|p2a: Toxapex|Scald|p1a: Toxapex
|-resisted|p1a: Toxapex
|-damage|p1a: Toxapex|64/100 brn
|
|-heal|p1a: Toxapex|71/100 brn|[from] item: Black Sludge
|-damage|p1a: Toxapex|64/100 brn|[from] brn
|upkeep
|turn|20
|j| Oh So Cynical
|
|t:|1661600501
|switch|p2a: Hippowdon|Hippowdon, F|69/100
|-damage|p2a: Hippowdon|63/100|[from] Stealth Rock
|-weather|Sandstorm|[from] ability: Sand Stream|[of] p2a: Hippowdon
|move|p1a: Toxapex|Scald|p2a: Hippowdon
|-supereffective|p2a: Hippowdon
|-damage|p2a: Hippowdon|42/100
|
|-weather|Sandstorm|[upkeep]
|-damage|p1a: Toxapex|58/100 brn|[from] Sandstorm
|-heal|p1a: Toxapex|64/100 brn|[from] item: Black Sludge
|-damage|p1a: Toxapex|58/100 brn|[from] brn
|upkeep
|turn|21
|l| Xydz
|
|t:|1661600505
|switch|p1a: Tornadus|Tornadus-Therian, M|41/100
|move|p2a: Hippowdon|Body Slam|p1a: Tornadus
|-damage|p1a: Tornadus|20/100
|
|-weather|Sandstorm|[upkeep]
|-damage|p1a: Tornadus|14/100|[from] Sandstorm
|upkeep
|turn|22
|
|t:|1661600511
|move|p1a: Tornadus|Taunt|p2a: Hippowdon
|-start|p2a: Hippowdon|move: Taunt
|cant|p2a: Hippowdon|move: Taunt|Slack Off
|
|-weather|Sandstorm|[upkeep]
|-damage|p1a: Tornadus|7/100|[from] Sandstorm
|upkeep
|turn|23
|j| LT94JE Starmind
|
|t:|1661600519
|switch|p2a: Dragapult|Dragapult, M|41/100 tox
|move|p1a: Tornadus|U-turn|p2a: Dragapult
|-resisted|p2a: Dragapult
|-damage|p2a: Dragapult|33/100 tox
|
|t:|1661600522
|switch|p1a: Weavile|Weavile, M|100/100|[from]move: U-turn
|-ability|p1a: Weavile|Pressure
|
|-weather|Sandstorm|[upkeep]
|-damage|p2a: Dragapult|27/100 tox|[from] Sandstorm
|-damage|p1a: Weavile|94/100|[from] Sandstorm
|-damage|p2a: Dragapult|21/100 tox|[from] psn
|upkeep
|turn|24
|c|☆LT94JE TELE|i thought u didnt cteamed me but guess t
|j| cypherstest
|c|☆LT94JE TELE|what
|c|☆LT94JE TELE|u did
|c|☆LT94JE TELE|XD
|
|t:|1661600542
|switch|p2a: Toxapex|Toxapex, M|100/100
|-damage|p2a: Toxapex|88/100|[from] Stealth Rock
|move|p1a: Weavile|Ice Shard|p2a: Toxapex
|-resisted|p2a: Toxapex
|-damage|p2a: Toxapex|80/100
|
|-weather|none
|upkeep
|turn|25
|c|☆return nirvana|huh
|c|☆return nirvana|i have all standard sets
|
|t:|1661600554
|switch|p1a: Toxapex|Toxapex, M|91/100 brn
|-damage|p1a: Toxapex|79/100 brn|[from] Stealth Rock
|-damage|p1a: Toxapex|66/100 brn|[from] Spikes
|move|p2a: Toxapex|Scald|p1a: Toxapex
|-resisted|p1a: Toxapex
|-crit|p1a: Toxapex
|-damage|p1a: Toxapex|56/100 brn
|
|-heal|p1a: Toxapex|63/100 brn|[from] item: Black Sludge
|-damage|p1a: Toxapex|56/100 brn|[from] brn
|upkeep
|turn|26
|c|☆LT94JE TELE|kart zone + chomp + weav
|j| seven starsss
|c|☆LT94JE TELE|surely u didnt cteamed me
|-message|LT94JE TELE forfeited.
|
|win|return nirvana
|raw|return nirvana's rating: 1953 &rarr; <strong>1969</strong><br />(+16 for winning)
|raw|LT94JE TELE's rating: 1886 &rarr; <strong>1870</strong><br />(-16 for losing)
|c|☆return nirvana|i've used a different team every game bro
|l| seven starsss
|l|☆LT94JE TELE
|c| waste yrself|4 common mons that pair together well
|l| cypherstest
|c|☆return nirvana|ye
|c|☆return nirvana|he's delusional
|c| waste yrself|crazy
|l| 10 Misery nights
