|j|☆Roman2112
|j|☆Corumba
|t:|1641651676
|gametype|singles
|player|p1|Roman2112|ethan|1765
|player|p2|Corumba|1|1867
|teamsize|p1|6
|teamsize|p2|6
|gen|8
|tier|[Gen 8] OU
|rated|
|rule|Sleep Clause Mod: Limit one foe put to sleep
|rule|Species Clause: Limit one of each Pokémon
|rule|OHKO Clause: OHKO moves are banned
|rule|Evasion Moves Clause: Evasion moves are banned
|rule|Endless Battle Clause: Forcing endless battles is banned
|rule|HP Percentage Mod: HP is shown in percentages
|rule|Dynamax Clause: You cannot dynamax
|clearpoke
|poke|p1|Landorus-Therian, M|
|poke|p1|Slowbro, M|
|poke|p1|Tapu Koko|
|poke|p1|Ferrothorn, F|
|poke|p1|Latios, M|
|poke|p1|Kartana|
|poke|p2|Dragapult, M|
|poke|p2|Dragonite, F|
|poke|p2|Celesteela|
|poke|p2|Melmetal|
|poke|p2|Mamoswine, M|
|poke|p2|Ferrothorn, F|
|teampreview
|inactive|Battle timer is ON: inactive players will automatically lose when time's up. (requested by Roman2112)
|
|t:|1641651706
|start
|switch|p1a: Gollum|Ferrothorn, F|100/100
|switch|p2a: Ferrothorn|Ferrothorn, F|100/100
|turn|1
|
|t:|1641651711
|move|p2a: Ferrothorn|Thunder Wave|p1a: Gollum
|-status|p1a: Gollum|par
|move|p1a: Gollum|Stealth Rock|p2a: Ferrothorn
|-sidestart|p2: Corumba|move: Stealth Rock
|
|upkeep
|turn|2
|
|t:|1641651714
|move|p2a: Ferrothorn|Spikes|p1a: Gollum
|-sidestart|p1: Roman2112|Spikes
|cant|p1a: Gollum|par
|
|upkeep
|turn|3
|
|t:|1641651722
|switch|p1a: Smaug|Latios, M, shiny|100/100
|move|p2a: Ferrothorn|Spikes|p1a: Smaug
|-sidestart|p1: Roman2112|Spikes
|
|upkeep
|turn|4
|
|t:|1641651728
|move|p1a: Smaug|Mystical Fire|p2a: Ferrothorn
|-supereffective|p2a: Ferrothorn
|-damage|p2a: Ferrothorn|7/100
|-unboost|p2a: Ferrothorn|spa|1
|-damage|p1a: Smaug|91/100|[from] item: Life Orb
|move|p2a: Ferrothorn|Thunder Wave|p1a: Smaug
|-status|p1a: Smaug|par
|
|-heal|p2a: Ferrothorn|13/100|[from] item: Leftovers
|upkeep
|turn|5
|
|t:|1641651741
|move|p1a: Smaug|Psyshock|p2a: Ferrothorn
|-resisted|p2a: Ferrothorn
|-damage|p2a: Ferrothorn|0 fnt
|faint|p2a: Ferrothorn
|-damage|p1a: Smaug|81/100 par|[from] item: Life Orb
|
|upkeep
|
|t:|1641651747
|switch|p2a: Dragapult|Dragapult, M|100/100
|turn|6
|
|t:|1641651753
|move|p2a: Dragapult|Dragon Darts|p1a: Smaug
|-supereffective|p1a: Smaug
|-damage|p1a: Smaug|5/100 par
|-anim|p2a: Dragapult|Dragon Darts|p1a: Smaug
|-supereffective|p1a: Smaug
|-damage|p1a: Smaug|0 fnt
|faint|p1a: Smaug
|
|upkeep
|
|t:|1641651759
|switch|p1a: Legolas|Tapu Koko, shiny|100/100
|-fieldstart|move: Electric Terrain|[from] ability: Electric Surge|[of] p1a: Legolas
|turn|7
|
|t:|1641651770
|switch|p2a: Melmetal|Melmetal|100/100
|-damage|p2a: Melmetal|94/100|[from] Stealth Rock
|move|p1a: Legolas|Defog|p2a: Melmetal
|-unboost|p2a: Melmetal|evasion|1
|-sideend|p2: Corumba|Stealth Rock|[from] move: Defog|[of] p1a: Legolas
|-sideend|p1: Roman2112|Spikes|[from] move: Defog|[of] p1a: Legolas
|-fieldend|move: Electric Terrain
|
|upkeep
|turn|8
|
|t:|1641651773
|move|p1a: Legolas|Volt Switch|p2a: Melmetal
|-damage|p2a: Melmetal|58/100
|
|t:|1641651778
|switch|p1a: Gollum|Ferrothorn, F|100/100 par|[from]move: Volt Switch
|move|p2a: Melmetal|Double Iron Bash|p1a: Gollum
|-resisted|p1a: Gollum
|-damage|p1a: Gollum|88/100 par
|-activate|p1a: Gollum|ability: Iron Barbs
|-activate|p2a: Melmetal|item: Protective Pads
|-resisted|p1a: Gollum
|-crit|p1a: Gollum
|-damage|p1a: Gollum|68/100 par
|-activate|p1a: Gollum|ability: Iron Barbs
|-activate|p2a: Melmetal|item: Protective Pads
|-hitcount|p1a: Gollum|2
|
|upkeep
|turn|9
|
|t:|1641651781
|move|p2a: Melmetal|Double Iron Bash|p1a: Gollum
|-resisted|p1a: Gollum
|-damage|p1a: Gollum|55/100 par
|-activate|p1a: Gollum|ability: Iron Barbs
|-activate|p2a: Melmetal|item: Protective Pads
|-resisted|p1a: Gollum
|-damage|p1a: Gollum|41/100 par
|-activate|p1a: Gollum|ability: Iron Barbs
|-activate|p2a: Melmetal|item: Protective Pads
|-hitcount|p1a: Gollum|2
|move|p1a: Gollum|Stealth Rock|p2a: Melmetal
|-sidestart|p2: Corumba|move: Stealth Rock
|
|upkeep
|turn|10
|
|t:|1641651799
|move|p2a: Melmetal|Double Iron Bash|p1a: Gollum
|-resisted|p1a: Gollum
|-damage|p1a: Gollum|28/100 par
|-activate|p1a: Gollum|ability: Iron Barbs
|-activate|p2a: Melmetal|item: Protective Pads
|-resisted|p1a: Gollum
|-damage|p1a: Gollum|15/100 par
|-activate|p1a: Gollum|ability: Iron Barbs
|-activate|p2a: Melmetal|item: Protective Pads
|-hitcount|p1a: Gollum|2
|cant|p1a: Gollum|flinch
|
|upkeep
|turn|11
|
|t:|1641651814
|move|p2a: Melmetal|Earthquake|p1a: Gollum
|-damage|p1a: Gollum|0 fnt
|faint|p1a: Gollum
|
|upkeep
|
|t:|1641651822
|switch|p1a: Gimli|Landorus-Therian, M, shiny|100/100
|-ability|p1a: Gimli|Intimidate|boost
|-unboost|p2a: Melmetal|atk|1
|turn|12
|
|t:|1641651834
|switch|p2a: Dragonite|Dragonite, F|100/100
|move|p1a: Gimli|U-turn|p2a: Dragonite
|-resisted|p2a: Dragonite
|-damage|p2a: Dragonite|94/100
|
|t:|1641651846
|switch|p1a: Legolas|Tapu Koko, shiny|100/100|[from]move: U-turn
|-fieldstart|move: Electric Terrain|[from] ability: Electric Surge|[of] p1a: Legolas
|
|upkeep
|turn|13
|
|t:|1641651853
|move|p1a: Legolas|Dazzling Gleam|p2a: Dragonite
|-supereffective|p2a: Dragonite
|-damage|p2a: Dragonite|30/100
|move|p2a: Dragonite|Earthquake|p1a: Legolas
|-supereffective|p1a: Legolas
|-damage|p1a: Legolas|26/100
|
|upkeep
|turn|14
|
|t:|1641651861
|switch|p2a: Mamoswine|Mamoswine, M|100/100
|move|p1a: Legolas|Volt Switch|p2a: Mamoswine
|-immune|p2a: Mamoswine
|
|upkeep
|turn|15
|j| HeadphonesGirl
|
|t:|1641651865
|switch|p1a: Sam|Slowbro, M|100/100
|move|p2a: Mamoswine|Stealth Rock|p1a: Sam
|-sidestart|p1: Roman2112|move: Stealth Rock
|
|upkeep
|turn|16
|
|t:|1641651871
|switch|p2a: Dragonite|Dragonite, F|30/100
|move|p1a: Sam|Scald|p2a: Dragonite
|-resisted|p2a: Dragonite
|-damage|p2a: Dragonite|17/100
|
|-fieldend|move: Electric Terrain
|upkeep
|turn|17
|
|t:|1641651874
|move|p2a: Dragonite|Roost|p2a: Dragonite
|-heal|p2a: Dragonite|67/100
|-singleturn|p2a: Dragonite|move: Roost
|move|p1a: Sam|Yawn|p2a: Dragonite
|-start|p2a: Dragonite|move: Yawn|[of] p1a: Sam
|
|upkeep
|turn|18
|
|t:|1641651879
|switch|p2a: Melmetal|Melmetal|58/100
|-damage|p2a: Melmetal|52/100|[from] Stealth Rock
|move|p1a: Sam|Teleport|p1a: Sam
|
|t:|1641651884
|switch|p1a: Gimli|Landorus-Therian, M, shiny|100/100|[from]move: Teleport
|-damage|p1a: Gimli|88/100|[from] Stealth Rock
|-ability|p1a: Gimli|Intimidate|boost
|-unboost|p2a: Melmetal|atk|1
|
|upkeep
|turn|19
|
|t:|1641651888
|switch|p2a: Dragonite|Dragonite, F|67/100
|move|p1a: Gimli|Earthquake|p2a: Dragonite
|-immune|p2a: Dragonite
|
|upkeep
|turn|20
|
|t:|1641651893
|move|p2a: Dragonite|Ice Beam|p1a: Gimli
|-supereffective|p1a: Gimli
|-damage|p1a: Gimli|31/100
|move|p1a: Gimli|Stone Edge|p2a: Dragonite
|-supereffective|p2a: Dragonite
|-damage|p2a: Dragonite|0 fnt
|faint|p2a: Dragonite
|
|upkeep
|
|t:|1641651906
|switch|p2a: Dragapult|Dragapult, M|100/100
|turn|21
|
|t:|1641651912
|move|p2a: Dragapult|Dragon Dance|p2a: Dragapult
|-boost|p2a: Dragapult|atk|1
|-boost|p2a: Dragapult|spe|1
|move|p1a: Gimli|U-turn|p2a: Dragapult
|-resisted|p2a: Dragapult
|-damage|p2a: Dragapult|82/100
|
|t:|1641651918
|switch|p1a: Stich|Kartana|100/100|[from]move: U-turn
|-damage|p1a: Stich|94/100|[from] Stealth Rock
|
|upkeep
|turn|22
|j| Sauromon
|
|t:|1641651920
|move|p2a: Dragapult|Flamethrower|p1a: Stich
|-supereffective|p1a: Stich
|-damage|p1a: Stich|0 fnt
|faint|p1a: Stich
|
|upkeep
|c|☆Roman2112|damn
|c|☆Roman2112|gg
|c|☆Corumba|gg
|
|t:|1641651936
|switch|p1a: Sam|Slowbro, M|100/100
|-damage|p1a: Sam|88/100|[from] Stealth Rock
|turn|23
|
|t:|1641651939
|move|p2a: Dragapult|Phantom Force||[still]
|-prepare|p2a: Dragapult|Phantom Force
|move|p1a: Sam|Yawn|p2a: Dragapult|[miss]
|-miss|p1a: Sam|p2a: Dragapult
|
|-heal|p1a: Sam|94/100|[from] item: Leftovers
|upkeep
|turn|24
|
|t:|1641651942
|move|p2a: Dragapult|Phantom Force|p1a: Sam|[from]lockedmove
|-supereffective|p1a: Sam
|-damage|p1a: Sam|0 fnt
|faint|p1a: Sam
|
|upkeep
|
|t:|1641651946
|switch|p1a: Gimli|Landorus-Therian, M, shiny|31/100
|-damage|p1a: Gimli|18/100|[from] Stealth Rock
|-ability|p1a: Gimli|Intimidate|boost
|-fail|p2a: Dragapult|unboost|[from] ability: Clear Body|[of] p2a: Dragapult
|turn|25
|
|t:|1641651950
|move|p2a: Dragapult|Dragon Darts|p1a: Gimli
|-damage|p1a: Gimli|0 fnt
|faint|p1a: Gimli
|
|upkeep
|
|t:|1641651953
|switch|p1a: Legolas|Tapu Koko, shiny|26/100
|-fieldstart|move: Electric Terrain|[from] ability: Electric Surge|[of] p1a: Legolas
|turn|26
|
|t:|1641651957
|move|p2a: Dragapult|Flamethrower|p1a: Legolas
|-damage|p1a: Legolas|0 fnt
|faint|p1a: Legolas
|
|win|Corumba
|raw|Roman2112's rating: 1765 &rarr; <strong>1751</strong><br />(-14 for losing)
|raw|Corumba's rating: 1867 &rarr; <strong>1881</strong><br />(+14 for winning)
|l|☆Corumba
|l|☆Roman2112
