|j|☆RichardPepper
|j|☆KFC Chizza
|inactive|Battle timer is ON: inactive players will automatically lose when time's up.
|t:|1634901436
|gametype|singles
|player|p1|RichardPepper|steven-gen3|
|player|p2|KFC Chizza|unknown|
|teamsize|p1|6
|teamsize|p2|6
|gen|8
|tier|[Gen 8] OU
|rated|Tournament battle
|rule|Sleep Clause Mod: Limit one foe put to sleep
|rule|Species Clause: Limit one of each Pokémon
|rule|OHKO Clause: OHKO moves are banned
|rule|Evasion Moves Clause: Evasion moves are banned
|rule|Endless Battle Clause: Forcing endless battles is banned
|rule|HP Percentage Mod: HP is shown in percentages
|rule|Dynamax Clause: You cannot dynamax
|clearpoke
|poke|p1|Dragapult, M|
|poke|p1|Hawlucha, F|
|poke|p1|Nidoking, M|
|poke|p1|Heatran, F|
|poke|p1|Rillaboom, F|
|poke|p1|Chansey, F|
|poke|p2|Tornadus-Therian, M|
|poke|p2|Corviknight, F|
|poke|p2|Blissey, F|
|poke|p2|Clefable, M|
|poke|p2|Hippowdon, M|
|poke|p2|Toxapex, F|
|teampreview
|j|*Lady Monita ☽
|c|☆RichardPepper|hf
|
|t:|1634901443
|start
|switch|p1a: Rillaboom|Rillaboom, F|100/100
|switch|p2a: Toxapex|Toxapex, F|100/100
|-fieldstart|move: Grassy Terrain|[from] ability: Grassy Surge|[of] p1a: Rillaboom
|turn|1
|
|t:|1634901452
|switch|p2a: Corviknight|Corviknight, F|100/100
|-ability|p2a: Corviknight|Pressure
|move|p1a: Rillaboom|U-turn|p2a: Corviknight
|-resisted|p2a: Corviknight
|-damage|p2a: Corviknight|96/100
|-damage|p1a: Rillaboom|91/100|[from] item: Life Orb
|
|t:|1634901456
|switch|p1a: Heatran|Heatran, F|100/100|[from]move: U-turn
|
|-heal|p2a: Corviknight|100/100|[from] item: Leftovers
|upkeep
|turn|2
|
|t:|1634901459
|switch|p2a: Toxapex|Toxapex, F|100/100
|move|p1a: Heatran|Stealth Rock|p2a: Toxapex
|-sidestart|p2: KFC Chizza|move: Stealth Rock
|
|upkeep
|turn|3
|
|t:|1634901464
|switch|p1a: Chansey|Chansey, F|100/100
|move|p2a: Toxapex|Knock Off|p1a: Chansey
|-damage|p1a: Chansey|91/100
|-enditem|p1a: Chansey|Eviolite|[from] move: Knock Off|[of] p2a: Toxapex
|
|-heal|p1a: Chansey|97/100|[from] Grassy Terrain
|upkeep
|turn|4
|
|t:|1634901469
|move|p2a: Toxapex|Poison Jab|p1a: Chansey
|-damage|p1a: Chansey|79/100
|move|p1a: Chansey|Teleport|p1a: Chansey
|
|t:|1634901472
|switch|p1a: Nidoking|Nidoking, M|100/100|[from]move: Teleport
|
|upkeep
|turn|5
|
|t:|1634901479
|switch|p1a: Rillaboom|Rillaboom, F|91/100
|switch|p2a: Blissey|Blissey, F|100/100
|
|-heal|p1a: Rillaboom|97/100|[from] Grassy Terrain
|-fieldend|move: Grassy Terrain
|upkeep
|turn|6
|
|t:|1634901484
|switch|p2a: Corviknight|Corviknight, F|100/100
|-damage|p2a: Corviknight|88/100|[from] Stealth Rock
|-ability|p2a: Corviknight|Pressure
|move|p1a: Rillaboom|U-turn|p2a: Corviknight
|-resisted|p2a: Corviknight
|-damage|p2a: Corviknight|83/100
|-damage|p1a: Rillaboom|87/100|[from] item: Life Orb
|
|t:|1634901487
|switch|p1a: Nidoking|Nidoking, M|100/100|[from]move: U-turn
|
|-heal|p2a: Corviknight|90/100|[from] item: Leftovers
|upkeep
|turn|7
|
|t:|1634901494
|switch|p1a: Rillaboom|Rillaboom, F|87/100
|-fieldstart|move: Grassy Terrain|[from] ability: Grassy Surge|[of] p1a: Rillaboom
|switch|p2a: Blissey|Blissey, F|100/100
|
|-heal|p1a: Rillaboom|93/100|[from] Grassy Terrain
|upkeep
|turn|8
|
|t:|1634901500
|switch|p2a: Corviknight|Corviknight, F|90/100
|-damage|p2a: Corviknight|77/100|[from] Stealth Rock
|-ability|p2a: Corviknight|Pressure
|move|p1a: Rillaboom|Swords Dance|p1a: Rillaboom
|-boost|p1a: Rillaboom|atk|2
|
|-heal|p1a: Rillaboom|99/100|[from] Grassy Terrain
|-heal|p2a: Corviknight|83/100|[from] item: Leftovers
|upkeep
|turn|9
|
|t:|1634901507
|move|p1a: Rillaboom|Drain Punch|p2a: Corviknight
|-damage|p2a: Corviknight|43/100
|-heal|p1a: Rillaboom|100/100|[from] drain|[of] p2a: Corviknight
|-damage|p1a: Rillaboom|91/100|[from] item: Life Orb
|move|p2a: Corviknight|Roost|p2a: Corviknight
|-heal|p2a: Corviknight|93/100
|-singleturn|p2a: Corviknight|move: Roost
|
|-heal|p1a: Rillaboom|97/100|[from] Grassy Terrain
|-heal|p2a: Corviknight|99/100|[from] Grassy Terrain
|-heal|p2a: Corviknight|100/100|[from] item: Leftovers
|upkeep
|turn|10
|
|t:|1634901514
|move|p1a: Rillaboom|Swords Dance|p1a: Rillaboom
|-boost|p1a: Rillaboom|atk|2
|move|p2a: Corviknight|Iron Defense|p2a: Corviknight
|-boost|p2a: Corviknight|def|2
|
|-heal|p1a: Rillaboom|100/100|[from] Grassy Terrain
|upkeep
|turn|11
|
|t:|1634901523
|move|p1a: Rillaboom|U-turn|p2a: Corviknight
|-resisted|p2a: Corviknight
|-damage|p2a: Corviknight|94/100
|-damage|p1a: Rillaboom|91/100|[from] item: Life Orb
|
|t:|1634901526
|switch|p1a: Dragapult|Dragapult, M|100/100|[from]move: U-turn
|move|p2a: Corviknight|Defog|p1a: Dragapult
|-fail|p1a: Dragapult|unboost|[from] ability: Clear Body|[of] p1a: Dragapult
|-sideend|p2: KFC Chizza|Stealth Rock|[from] move: Defog|[of] p2a: Corviknight
|-fieldend|move: Grassy Terrain
|
|-heal|p2a: Corviknight|99/100|[from] item: Leftovers
|upkeep
|turn|12
|
|t:|1634901532
|move|p1a: Dragapult|Dragon Dance|p1a: Dragapult
|-boost|p1a: Dragapult|atk|1
|-boost|p1a: Dragapult|spe|1
|move|p2a: Corviknight|Body Press|p1a: Dragapult
|-immune|p1a: Dragapult
|
|-heal|p2a: Corviknight|100/100|[from] item: Leftovers
|upkeep
|turn|13
|
|t:|1634901541
|switch|p2a: Clefable|Clefable, M|100/100
|move|p1a: Dragapult|Dragon Darts|p2a: Clefable
|-immune|p2a: Clefable
|
|upkeep
|turn|14
|
|t:|1634901547
|switch|p1a: Heatran|Heatran, F|100/100
|switch|p2a: Hippowdon|Hippowdon, M|100/100
|-weather|Sandstorm|[from] ability: Sand Stream|[of] p2a: Hippowdon
|
|-weather|Sandstorm|[upkeep]
|upkeep
|turn|15
|
|t:|1634901551
|switch|p1a: Rillaboom|Rillaboom, F|91/100
|-fieldstart|move: Grassy Terrain|[from] ability: Grassy Surge|[of] p1a: Rillaboom
|move|p2a: Hippowdon|Toxic|p1a: Rillaboom
|-status|p1a: Rillaboom|tox
|
|-weather|Sandstorm|[upkeep]
|-damage|p1a: Rillaboom|84/100 tox|[from] Sandstorm
|-heal|p1a: Rillaboom|91/100 tox|[from] Grassy Terrain
|-damage|p1a: Rillaboom|84/100 tox|[from] psn
|upkeep
|turn|16
|
|t:|1634901557
|switch|p2a: Tornadus|Tornadus-Therian, M, shiny|100/100
|move|p1a: Rillaboom|U-turn|p2a: Tornadus
|-resisted|p2a: Tornadus
|-damage|p2a: Tornadus|84/100
|-damage|p1a: Rillaboom|74/100 tox|[from] item: Life Orb
|
|t:|1634901561
|switch|p1a: Heatran|Heatran, F|100/100|[from]move: U-turn
|
|-weather|Sandstorm|[upkeep]
|-damage|p2a: Tornadus|78/100|[from] Sandstorm
|upkeep
|turn|17
|
|t:|1634901566
|move|p2a: Tornadus|Taunt|p1a: Heatran
|-start|p1a: Heatran|move: Taunt
|cant|p1a: Heatran|move: Taunt|Stealth Rock
|
|-weather|Sandstorm|[upkeep]
|-damage|p2a: Tornadus|72/100|[from] Sandstorm
|upkeep
|turn|18
|
|t:|1634901570
|switch|p2a: Toxapex|Toxapex, F|100/100
|move|p1a: Heatran|Magma Storm|p2a: Toxapex
|-resisted|p2a: Toxapex
|-damage|p2a: Toxapex|82/100
|-activate|p2a: Toxapex|move: Magma Storm|[of] p1a: Heatran
|
|-weather|none
|-heal|p2a: Toxapex|88/100|[from] Grassy Terrain
|-damage|p2a: Toxapex|76/100|[from] move: Magma Storm|[partiallytrapped]
|upkeep
|turn|19
|
|t:|1634901581
|move|p1a: Heatran|Magma Storm|p2a: Toxapex
|-resisted|p2a: Toxapex
|-damage|p2a: Toxapex|58/100
|move|p2a: Toxapex|Knock Off|p1a: Heatran
|-damage|p1a: Heatran|90/100
|-enditem|p1a: Heatran|Leftovers|[from] move: Knock Off|[of] p2a: Toxapex
|
|-heal|p1a: Heatran|96/100|[from] Grassy Terrain
|-heal|p2a: Toxapex|64/100|[from] Grassy Terrain
|-damage|p2a: Toxapex|52/100|[from] move: Magma Storm|[partiallytrapped]
|-end|p1a: Heatran|move: Taunt
|-fieldend|move: Grassy Terrain
|upkeep
|turn|20
|
|t:|1634901588
|switch|p2a: Hippowdon|Hippowdon, M|100/100
|-weather|Sandstorm|[from] ability: Sand Stream|[of] p2a: Hippowdon
|move|p1a: Heatran|Stealth Rock|p2a: Hippowdon
|-sidestart|p2: KFC Chizza|move: Stealth Rock
|
|-weather|Sandstorm|[upkeep]
|upkeep
|turn|21
|
|t:|1634901591
|switch|p1a: Rillaboom|Rillaboom, F|74/100 tox
|-fieldstart|move: Grassy Terrain|[from] ability: Grassy Surge|[of] p1a: Rillaboom
|move|p2a: Hippowdon|Stealth Rock|p1a: Rillaboom
|-sidestart|p1: RichardPepper|move: Stealth Rock
|
|-weather|Sandstorm|[upkeep]
|-damage|p1a: Rillaboom|68/100 tox|[from] Sandstorm
|-heal|p1a: Rillaboom|74/100 tox|[from] Grassy Terrain
|-damage|p1a: Rillaboom|68/100 tox|[from] psn
|upkeep
|turn|22
|
|t:|1634901595
|switch|p2a: Tornadus|Tornadus-Therian, M, shiny|100/100
|move|p1a: Rillaboom|Swords Dance|p1a: Rillaboom
|-boost|p1a: Rillaboom|atk|2
|
|-weather|Sandstorm|[upkeep]
|-damage|p2a: Tornadus|94/100|[from] Sandstorm
|-damage|p1a: Rillaboom|62/100 tox|[from] Sandstorm
|-heal|p1a: Rillaboom|68/100 tox|[from] Grassy Terrain
|-damage|p1a: Rillaboom|56/100 tox|[from] psn
|upkeep
|turn|23
|
|t:|1634901601
|switch|p1a: Heatran|Heatran, F|96/100
|-damage|p1a: Heatran|83/100|[from] Stealth Rock
|move|p2a: Tornadus|Hurricane|p1a: Heatran|[miss]
|-miss|p2a: Tornadus|p1a: Heatran
|
|-weather|Sandstorm|[upkeep]
|-damage|p2a: Tornadus|88/100|[from] Sandstorm
|-heal|p1a: Heatran|90/100|[from] Grassy Terrain
|upkeep
|turn|24
|
|t:|1634901610
|switch|p2a: Toxapex|Toxapex, F|85/100
|-damage|p2a: Toxapex|73/100|[from] Stealth Rock
|switch|p1a: Nidoking|Nidoking, M|100/100
|-damage|p1a: Nidoking|94/100|[from] Stealth Rock
|
|-weather|none
|-heal|p1a: Nidoking|100/100|[from] Grassy Terrain
|-heal|p2a: Toxapex|79/100|[from] Grassy Terrain
|upkeep
|turn|25
|
|t:|1634901621
|switch|p1a: Dragapult|Dragapult, M|100/100
|-damage|p1a: Dragapult|88/100|[from] Stealth Rock
|switch|p2a: Blissey|Blissey, F|100/100
|
|-heal|p1a: Dragapult|94/100|[from] Grassy Terrain
|-heal|p1a: Dragapult|99/100|[from] item: Leftovers
|-fieldend|move: Grassy Terrain
|upkeep
|turn|26
|
|t:|1634901625
|move|p1a: Dragapult|Phantom Force||[still]
|-prepare|p1a: Dragapult|Phantom Force
|move|p2a: Blissey|Toxic|p1a: Dragapult|[miss]
|-miss|p2a: Blissey|p1a: Dragapult
|
|-heal|p1a: Dragapult|100/100|[from] item: Leftovers
|upkeep
|turn|27
|
|t:|1634901631
|move|p1a: Dragapult|Phantom Force|p2a: Blissey|[from]lockedmove
|-immune|p2a: Blissey
|move|p2a: Blissey|Toxic|p1a: Dragapult
|-status|p1a: Dragapult|tox
|
|-damage|p1a: Dragapult|95/100 tox|[from] psn
|upkeep
|turn|28
|
|t:|1634901642
|switch|p1a: Heatran|Heatran, F|90/100
|-damage|p1a: Heatran|77/100|[from] Stealth Rock
|switch|p2a: Hippowdon|Hippowdon, M|100/100
|-damage|p2a: Hippowdon|94/100|[from] Stealth Rock
|-weather|Sandstorm|[from] ability: Sand Stream|[of] p2a: Hippowdon
|
|-weather|Sandstorm|[upkeep]
|-heal|p2a: Hippowdon|100/100|[from] item: Leftovers
|upkeep
|turn|29
|
|t:|1634901647
|move|p1a: Heatran|Toxic|p2a: Hippowdon
|-status|p2a: Hippowdon|tox
|move|p2a: Hippowdon|Earthquake|p1a: Heatran
|-supereffective|p1a: Heatran
|-damage|p1a: Heatran|0 fnt
|faint|p1a: Heatran
|
|-weather|Sandstorm|[upkeep]
|-damage|p2a: Hippowdon|94/100 tox|[from] psn
|upkeep
|
|t:|1634901652
|switch|p1a: Rillaboom|Rillaboom, F|56/100 tox
|-damage|p1a: Rillaboom|44/100 tox|[from] Stealth Rock
|-fieldstart|move: Grassy Terrain|[from] ability: Grassy Surge|[of] p1a: Rillaboom
|turn|30
|
|t:|1634901670
|switch|p2a: Tornadus|Tornadus-Therian, M, shiny|100/100
|move|p1a: Rillaboom|U-turn|p2a: Tornadus
|-resisted|p2a: Tornadus
|-damage|p2a: Tornadus|85/100
|-damage|p1a: Rillaboom|34/100 tox|[from] item: Life Orb
|inactive|RichardPepper has 120 seconds left.
|
|t:|1634901700
|switch|p1a: Nidoking|Nidoking, M|100/100|[from]move: U-turn
|-damage|p1a: Nidoking|94/100|[from] Stealth Rock
|
|-weather|Sandstorm|[upkeep]
|-damage|p2a: Tornadus|79/100|[from] Sandstorm
|-heal|p1a: Nidoking|100/100|[from] Grassy Terrain
|upkeep
|turn|31
|
|t:|1634901714
|switch|p2a: Blissey|Blissey, F|100/100
|move|p1a: Nidoking|Sludge Wave|p2a: Blissey
|-damage|p2a: Blissey|79/100
|
|-weather|Sandstorm|[upkeep]
|-damage|p2a: Blissey|72/100|[from] Sandstorm
|-heal|p2a: Blissey|79/100|[from] Grassy Terrain
|upkeep
|turn|32
|
|t:|1634901724
|switch|p1a: Hawlucha|Hawlucha, F|100/100
|-damage|p1a: Hawlucha|88/100|[from] Stealth Rock
|-enditem|p1a: Hawlucha|Grassy Seed
|-boost|p1a: Hawlucha|def|1|[from] item: Grassy Seed
|move|p2a: Blissey|Seismic Toss|p1a: Hawlucha
|-damage|p1a: Hawlucha|60/100
|
|-weather|none
|-heal|p2a: Blissey|85/100|[from] Grassy Terrain
|upkeep
|turn|33
|
|t:|1634901727
|switch|p2a: Clefable|Clefable, M|100/100
|move|p1a: Hawlucha|Acrobatics|p2a: Clefable
|-damage|p2a: Clefable|61/100
|
|-heal|p2a: Clefable|67/100|[from] Grassy Terrain
|upkeep
|turn|34
|
|t:|1634901734
|move|p1a: Hawlucha|Acrobatics|p2a: Clefable
|-damage|p2a: Clefable|26/100
|move|p2a: Clefable|Soft-Boiled|p2a: Clefable
|-heal|p2a: Clefable|76/100
|
|-heal|p2a: Clefable|82/100|[from] Grassy Terrain
|-fieldend|move: Grassy Terrain
|upkeep
|turn|35
|
|t:|1634901738
|move|p1a: Hawlucha|Acrobatics|p2a: Clefable
|-damage|p2a: Clefable|44/100
|move|p2a: Clefable|Moonblast|p1a: Hawlucha
|-supereffective|p1a: Hawlucha
|-damage|p1a: Hawlucha|0 fnt
|faint|p1a: Hawlucha
|
|upkeep
|-message|RichardPepper forfeited.
|
|win|KFC Chizza
|n|☆RichardPepper|richardpepper
|n|☆KFC Chizza|kfcchizza
|n|*Lady Monita ☽|ladymonita
|l|*Lady Monita ☽
|l|☆RichardPepper
