|j|☆mister_ttar
|j|☆FENDINI
|t:|1653180970
|gametype|singles
|player|p1|mister_ttar|265|1807
|player|p2|FENDINI|n|1634
|teamsize|p1|6
|teamsize|p2|6
|gen|8
|tier|[Gen 8] OU
|rated|
|rule|Sleep Clause Mod: Limit one foe put to sleep
|rule|Species Clause: Limit one of each Pokémon
|rule|OHKO Clause: OHKO moves are banned
|rule|Evasion Moves Clause: Evasion moves are banned
|rule|Endless Battle Clause: Forcing endless battles is banned
|rule|HP Percentage Mod: HP is shown in percentages
|rule|Dynamax Clause: You cannot dynamax
|clearpoke
|poke|p1|Raikou|
|poke|p1|Keldeo-Resolute|
|poke|p1|Tornadus-Therian, M|
|poke|p1|Heatran, M|
|poke|p1|Landorus-Therian, M|
|poke|p1|Toxapex, F|
|poke|p2|Dragapult, M|
|poke|p2|Urshifu-*, M|
|poke|p2|Tapu Lele|
|poke|p2|Tornadus-Therian, M|
|poke|p2|Landorus-Therian, M|
|poke|p2|Ferrothorn, M|
|teampreview
|inactive|Battle timer is ON: inactive players will automatically lose when time's up. (requested by FENDINI)
|
|t:|1653180982
|start
|switch|p1a: Tornadus|Tornadus-Therian, M|100/100
|switch|p2a: Tornadus|Tornadus-Therian, M|100/100
|turn|1
|
|t:|1653180995
|move|p1a: Tornadus|Knock Off|p2a: Tornadus
|-damage|p2a: Tornadus|80/100
|-enditem|p2a: Tornadus|Heavy-Duty Boots|[from] move: Knock Off|[of] p1a: Tornadus
|move|p2a: Tornadus|Knock Off|p1a: Tornadus
|-damage|p1a: Tornadus|80/100
|-enditem|p1a: Tornadus|Heavy-Duty Boots|[from] move: Knock Off|[of] p2a: Tornadus
|
|upkeep
|turn|2
|
|t:|1653181001
|move|p1a: Tornadus|Hurricane|p2a: Tornadus|[miss]
|-miss|p1a: Tornadus|p2a: Tornadus
|move|p2a: Tornadus|U-turn|p1a: Tornadus
|-resisted|p1a: Tornadus
|-damage|p1a: Tornadus|72/100
|j| HexMark
|j| Zombini62
|
|t:|1653181018
|switch|p2a: Dragapult|Dragapult, M|100/100|[from]move: U-turn
|
|upkeep
|turn|3
|
|t:|1653181024
|switch|p1a: Toxapex|Toxapex, F|100/100
|move|p2a: Dragapult|Draco Meteor|p1a: Toxapex
|-damage|p1a: Toxapex|20/100
|-unboost|p2a: Dragapult|spa|2
|
|upkeep
|turn|4
|
|t:|1653181030
|switch|p2a: Landorus|Landorus-Therian, M|100/100
|-ability|p2a: Landorus|Intimidate|boost
|-unboost|p1a: Toxapex|atk|1
|switch|p1a: Heatran|Heatran, M|100/100
|
|upkeep
|turn|5
|
|t:|1653181037
|switch|p1a: Landorus|Landorus-Therian, M|100/100
|-ability|p1a: Landorus|Intimidate|boost
|-unboost|p2a: Landorus|atk|1
|move|p2a: Landorus|Stealth Rock|p1a: Landorus
|-sidestart|p1: mister_ttar|move: Stealth Rock
|
|upkeep
|turn|6
|
|t:|1653181044
|switch|p2a: Ferrothorn|Ferrothorn, M|100/100
|move|p1a: Landorus|Stealth Rock|p2a: Ferrothorn
|-sidestart|p2: FENDINI|move: Stealth Rock
|
|upkeep
|turn|7
|
|t:|1653181054
|switch|p1a: Heatran|Heatran, M|100/100
|-damage|p1a: Heatran|88/100|[from] Stealth Rock
|move|p2a: Ferrothorn|Spikes|p1a: Heatran
|-sidestart|p1: mister_ttar|Spikes
|
|-heal|p1a: Heatran|94/100|[from] item: Leftovers
|upkeep
|turn|8
|
|t:|1653181059
|switch|p2a: Landorus|Landorus-Therian, M|100/100
|-damage|p2a: Landorus|88/100|[from] Stealth Rock
|-ability|p2a: Landorus|Intimidate|boost
|-unboost|p1a: Heatran|atk|1
|move|p1a: Heatran|Magma Storm|p2a: Landorus
|-damage|p2a: Landorus|54/100
|-activate|p2a: Landorus|move: Magma Storm|[of] p1a: Heatran
|
|-heal|p1a: Heatran|100/100|[from] item: Leftovers
|-heal|p2a: Landorus|60/100|[from] item: Leftovers
|-damage|p2a: Landorus|47/100|[from] move: Magma Storm|[partiallytrapped]
|upkeep
|turn|9
|
|t:|1653181070
|switch|p1a: Landorus|Landorus-Therian, M|100/100
|-damage|p1a: Landorus|88/100|[from] Stealth Rock
|-ability|p1a: Landorus|Intimidate|boost
|-unboost|p2a: Landorus|atk|1
|move|p2a: Landorus|Toxic|p1a: Landorus
|-status|p1a: Landorus|tox
|
|-heal|p1a: Landorus|94/100 tox|[from] item: Leftovers
|-heal|p2a: Landorus|53/100|[from] item: Leftovers
|-damage|p1a: Landorus|88/100 tox|[from] psn
|-end|p2a: Landorus|Magma Storm|[partiallytrapped]|[silent]
|upkeep
|turn|10
|
|t:|1653181077
|switch|p2a: Ferrothorn|Ferrothorn, M|100/100
|-damage|p2a: Ferrothorn|94/100|[from] Stealth Rock
|move|p1a: Landorus|Toxic|p2a: Ferrothorn
|-immune|p2a: Ferrothorn
|
|-heal|p1a: Landorus|94/100 tox|[from] item: Leftovers
|-heal|p2a: Ferrothorn|100/100|[from] item: Leftovers
|-damage|p1a: Landorus|82/100 tox|[from] psn
|upkeep
|turn|11
|
|t:|1653181087
|switch|p1a: Tornadus|Tornadus-Therian, M|100/100
|-damage|p1a: Tornadus|76/100|[from] Stealth Rock
|switch|p2a: Urshifu|Urshifu-Rapid-Strike, M|100/100
|-damage|p2a: Urshifu|94/100|[from] Stealth Rock
|
|upkeep
|turn|12
|
|t:|1653181110
|switch|p2a: Tornadus|Tornadus-Therian, M|100/100
|-damage|p2a: Tornadus|76/100|[from] Stealth Rock
|move|p1a: Tornadus|Defog|p2a: Tornadus
|-unboost|p2a: Tornadus|evasion|1
|-sideend|p2: FENDINI|Stealth Rock|[from] move: Defog|[of] p1a: Tornadus
|-sideend|p1: mister_ttar|Spikes|[from] move: Defog|[of] p1a: Tornadus
|-sideend|p1: mister_ttar|Stealth Rock|[from] move: Defog|[of] p1a: Tornadus
|
|upkeep
|turn|13
|
|t:|1653181114
|move|p1a: Tornadus|Hurricane|p2a: Tornadus
|-damage|p2a: Tornadus|30/100
|-start|p2a: Tornadus|confusion
|-activate|p2a: Tornadus|confusion
|move|p2a: Tornadus|U-turn|p1a: Tornadus
|-resisted|p1a: Tornadus
|-crit|p1a: Tornadus
|-damage|p1a: Tornadus|64/100
|
|t:|1653181129
|switch|p2a: Dragapult|Dragapult, M|100/100|[from]move: U-turn
|
|upkeep
|turn|14
|
|t:|1653181134
|switch|p1a: Heatran|Heatran, M|100/100
|move|p2a: Dragapult|Shadow Ball|p1a: Heatran
|-damage|p1a: Heatran|61/100
|
|-heal|p1a: Heatran|68/100|[from] item: Leftovers
|upkeep
|turn|15
|
|t:|1653181140
|move|p2a: Dragapult|Shadow Ball|p1a: Heatran
|-damage|p1a: Heatran|32/100
|move|p1a: Heatran|Toxic|p2a: Dragapult
|-status|p2a: Dragapult|tox
|
|-heal|p1a: Heatran|38/100|[from] item: Leftovers
|-damage|p2a: Dragapult|95/100 tox|[from] psn
|upkeep
|turn|16
|
|t:|1653181145
|move|p2a: Dragapult|Shadow Ball|p1a: Heatran
|-crit|p1a: Heatran
|-damage|p1a: Heatran|0 fnt
|faint|p1a: Heatran
|
|-damage|p2a: Dragapult|83/100 tox|[from] psn
|upkeep
|
|t:|1653181154
|switch|p1a: Tornadus|Tornadus-Therian, M|97/100
|turn|17
|
|t:|1653181163
|switch|p2a: Tornadus|Tornadus-Therian, M|64/100
|move|p1a: Tornadus|Knock Off|p2a: Tornadus
|-damage|p2a: Tornadus|49/100
|
|upkeep
|turn|18
|j| hypno#1
|j| salm test
|
|t:|1653181187
|move|p1a: Tornadus|Hurricane|p2a: Tornadus|[miss]
|-miss|p1a: Tornadus|p2a: Tornadus
|move|p2a: Tornadus|U-turn|p1a: Tornadus
|-resisted|p1a: Tornadus
|-damage|p1a: Tornadus|89/100
|
|t:|1653181193
|switch|p2a: Dragapult|Dragapult, M|83/100 tox|[from]move: U-turn
|
|-damage|p2a: Dragapult|77/100 tox|[from] psn
|upkeep
|turn|19
|
|t:|1653181208
|move|p2a: Dragapult|Draco Meteor|p1a: Tornadus
|-damage|p1a: Tornadus|0 fnt
|-unboost|p2a: Dragapult|spa|2
|faint|p1a: Tornadus
|
|-damage|p2a: Dragapult|65/100 tox|[from] psn
|upkeep
|
|t:|1653181215
|switch|p1a: Raikou|Raikou|100/100
|-ability|p1a: Raikou|Pressure
|turn|20
|
|t:|1653181224
|switch|p2a: Landorus|Landorus-Therian, M|53/100
|-ability|p2a: Landorus|Intimidate|boost
|-unboost|p1a: Raikou|atk|1
|move|p1a: Raikou|Calm Mind|p1a: Raikou
|-boost|p1a: Raikou|spa|1
|-boost|p1a: Raikou|spd|1
|
|-heal|p2a: Landorus|59/100|[from] item: Leftovers
|upkeep
|turn|21
|
|t:|1653181232
|switch|p2a: Ferrothorn|Ferrothorn, M|100/100
|move|p1a: Raikou|Scald|p2a: Ferrothorn
|-resisted|p2a: Ferrothorn
|-damage|p2a: Ferrothorn|83/100
|
|-heal|p2a: Ferrothorn|89/100|[from] item: Leftovers
|upkeep
|turn|22
|
|t:|1653181234
|move|p1a: Raikou|Aura Sphere|p2a: Ferrothorn
|-supereffective|p2a: Ferrothorn
|-damage|p2a: Ferrothorn|26/100
|move|p2a: Ferrothorn|Knock Off|p1a: Raikou
|-damage|p1a: Raikou|70/100
|-enditem|p1a: Raikou|Leftovers|[from] move: Knock Off|[of] p2a: Ferrothorn
|
|-heal|p2a: Ferrothorn|33/100|[from] item: Leftovers
|upkeep
|turn|23
|
|t:|1653181248
|switch|p2a: Tornadus|Tornadus-Therian, M|82/100
|move|p1a: Raikou|Aura Sphere|p2a: Tornadus
|-resisted|p2a: Tornadus
|-damage|p2a: Tornadus|61/100
|
|upkeep
|turn|24
|
|t:|1653181253
|move|p2a: Tornadus|U-turn|p1a: Raikou
|-damage|p1a: Raikou|50/100
|
|t:|1653181260
|switch|p2a: Ferrothorn|Ferrothorn, M|33/100|[from]move: U-turn
|move|p1a: Raikou|Thunderbolt|p2a: Ferrothorn
|-resisted|p2a: Ferrothorn
|-damage|p2a: Ferrothorn|7/100
|
|-heal|p2a: Ferrothorn|13/100|[from] item: Leftovers
|upkeep
|turn|25
|
|t:|1653181268
|move|p1a: Raikou|Scald|p2a: Ferrothorn
|-resisted|p2a: Ferrothorn
|-damage|p2a: Ferrothorn|0 fnt
|faint|p2a: Ferrothorn
|
|upkeep
|
|t:|1653181273
|switch|p2a: Tapu Lele|Tapu Lele|100/100
|-fieldstart|move: Psychic Terrain|[from] ability: Psychic Surge|[of] p2a: Tapu Lele
|turn|26
|
|t:|1653181277
|move|p2a: Tapu Lele|Psyshock|p1a: Raikou
|-damage|p1a: Raikou|0 fnt
|faint|p1a: Raikou
|
|upkeep
|
|t:|1653181280
|switch|p1a: Landorus|Landorus-Therian, M|82/100 tox
|-ability|p1a: Landorus|Intimidate|boost
|-unboost|p2a: Tapu Lele|atk|1
|turn|27
|
|t:|1653181290
|switch|p2a: Landorus|Landorus-Therian, M|59/100
|-ability|p2a: Landorus|Intimidate|boost
|-unboost|p1a: Landorus|atk|1
|move|p1a: Landorus|Stealth Rock|p2a: Landorus
|-sidestart|p2: FENDINI|move: Stealth Rock
|
|-heal|p1a: Landorus|88/100 tox|[from] item: Leftovers
|-heal|p2a: Landorus|65/100|[from] item: Leftovers
|-damage|p1a: Landorus|82/100 tox|[from] psn
|upkeep
|turn|28
|
|t:|1653181294
|move|p1a: Landorus|Toxic|p2a: Landorus
|-status|p2a: Landorus|tox
|move|p2a: Landorus|Stealth Rock|p1a: Landorus
|-sidestart|p1: mister_ttar|move: Stealth Rock
|
|-heal|p1a: Landorus|88/100 tox|[from] item: Leftovers
|-heal|p2a: Landorus|71/100 tox|[from] item: Leftovers
|-damage|p1a: Landorus|76/100 tox|[from] psn
|-damage|p2a: Landorus|65/100 tox|[from] psn
|upkeep
|turn|29
|
|t:|1653181300
|move|p1a: Landorus|U-turn|p2a: Landorus
|-resisted|p2a: Landorus
|-damage|p2a: Landorus|58/100 tox
|
|t:|1653181316
|switch|p1a: Keldeo|Keldeo-Resolute|100/100|[from]move: U-turn
|-damage|p1a: Keldeo|94/100|[from] Stealth Rock
|move|p2a: Landorus|U-turn|p1a: Keldeo
|-resisted|p1a: Keldeo
|-damage|p1a: Keldeo|83/100
|
|t:|1653181327
|switch|p2a: Dragapult|Dragapult, M|65/100 tox|[from]move: U-turn
|-damage|p2a: Dragapult|52/100 tox|[from] Stealth Rock
|
|-heal|p1a: Keldeo|89/100|[from] item: Leftovers
|-damage|p2a: Dragapult|46/100 tox|[from] psn
|upkeep
|turn|30
|
|t:|1653181336
|switch|p1a: Toxapex|Toxapex, F|53/100
|-damage|p1a: Toxapex|41/100|[from] Stealth Rock
|move|p2a: Dragapult|Draco Meteor|p1a: Toxapex
|-damage|p1a: Toxapex|0 fnt
|-unboost|p2a: Dragapult|spa|2
|faint|p1a: Toxapex
|
|-damage|p2a: Dragapult|34/100 tox|[from] psn
|-fieldend|move: Psychic Terrain
|upkeep
|-message|mister_ttar forfeited.
|
|win|FENDINI
|raw|mister_ttar's rating: 1830 &rarr; <strong>1800</strong><br />(-30 for losing)
|raw|FENDINI's rating: 1634 &rarr; <strong>1664</strong><br />(+30 for winning)
|c|☆FENDINI|gg
|l| hypno#1
