|j|☆Arreat
|j|☆Stimo96
|t:|1655572580
|gametype|singles
|player|p1|Arreat|backpacker|1580
|player|p2|Stimo96|alder|1528
|teamsize|p1|6
|teamsize|p2|6
|gen|8
|tier|[Gen 8] OU
|rated|
|rule|Sleep Clause Mod: Limit one foe put to sleep
|rule|Species Clause: Limit one of each Pokémon
|rule|OHKO Clause: OHKO moves are banned
|rule|Evasion Moves Clause: Evasion moves are banned
|rule|Endless Battle Clause: Forcing endless battles is banned
|rule|HP Percentage Mod: HP is shown in percentages
|rule|Dynamax Clause: You cannot dynamax
|clearpoke
|poke|p1|Kartana|
|poke|p1|Zapdos|
|poke|p1|Urshifu-*, F|
|poke|p1|Slowking-Galar, F|
|poke|p1|Corviknight, F|
|poke|p1|Garchomp, F|
|poke|p2|Krookodile, F|
|poke|p2|Urshifu-*, F|
|poke|p2|Tapu Lele|
|poke|p2|Tapu Fini|
|poke|p2|Moltres|
|poke|p2|Melmetal|
|teampreview
|inactive|Battle timer is ON: inactive players will automatically lose when time's up. (requested by Stimo96)
|
|t:|1655572611
|start
|switch|p1a: Urshifu|Urshifu-Rapid-Strike, F|100/100
|switch|p2a: Tapu Lele|Tapu Lele|100/100
|-fieldstart|move: Psychic Terrain|[from] ability: Psychic Surge|[of] p2a: Tapu Lele
|turn|1
|
|t:|1655572619
|switch|p1a: Slowking|Slowking-Galar, F|100/100
|switch|p2a: Tapu Fini|Tapu Fini|100/100
|-fieldstart|move: Misty Terrain|[from] ability: Misty Surge|[of] p2a: Tapu Fini
|
|upkeep
|turn|2
|
|t:|1655572634
|switch|p2a: Melmetal|Melmetal|100/100
|move|p1a: Slowking|Future Sight|p2a: Melmetal
|-start|p1a: Slowking|move: Future Sight
|
|upkeep
|turn|3
|
|t:|1655572641
|switch|p1a: Corviknight|Corviknight, F|100/100
|-ability|p1a: Corviknight|Pressure
|move|p2a: Melmetal|Thunder Punch|p1a: Corviknight
|-supereffective|p1a: Corviknight
|-damage|p1a: Corviknight|63/100
|
|-heal|p1a: Corviknight|69/100|[from] item: Leftovers
|upkeep
|turn|4
|
|t:|1655572653
|switch|p2a: Moltres|Moltres|100/100
|move|p1a: Corviknight|Roost|p1a: Corviknight
|-heal|p1a: Corviknight|100/100
|-singleturn|p1a: Corviknight|move: Roost
|
|-end|p2a: Moltres|move: Future Sight
|-damage|p2a: Moltres|48/100
|upkeep
|turn|5
|
|t:|1655572663
|switch|p1a: Garchomp|Garchomp, F|100/100
|move|p2a: Moltres|Roost|p2a: Moltres
|-heal|p2a: Moltres|98/100
|-singleturn|p2a: Moltres|move: Roost
|
|-fieldend|Misty Terrain
|upkeep
|turn|6
|
|t:|1655572679
|switch|p2a: Tapu Fini|Tapu Fini|100/100
|-fieldstart|move: Misty Terrain|[from] ability: Misty Surge|[of] p2a: Tapu Fini
|move|p1a: Garchomp|Stealth Rock|p2a: Tapu Fini
|-sidestart|p2: Stimo96|move: Stealth Rock
|
|upkeep
|turn|7
|
|t:|1655572692
|switch|p1a: Slowking|Slowking-Galar, F|100/100
|move|p2a: Tapu Fini|Surf|p1a: Slowking
|-damage|p1a: Slowking|87/100
|
|upkeep
|turn|8
|
|t:|1655572700
|switch|p2a: Moltres|Moltres|98/100
|move|p1a: Slowking|Flamethrower|p2a: Moltres
|-resisted|p2a: Moltres
|-damage|p2a: Moltres|86/100
|
|upkeep
|turn|9
|
|t:|1655572706
|move|p2a: Moltres|Defog|p1a: Slowking
|-unboost|p1a: Slowking|evasion|1
|-sideend|p2: Stimo96|Stealth Rock|[from] move: Defog|[of] p2a: Moltres
|-fieldend|Misty Terrain
|move|p1a: Slowking|Future Sight|p2a: Moltres
|-start|p1a: Slowking|move: Future Sight
|
|upkeep
|turn|10
|
|t:|1655572712
|move|p2a: Moltres|Scorching Sands|p1a: Slowking
|-supereffective|p1a: Slowking
|-damage|p1a: Slowking|69/100
|move|p1a: Slowking|Scald|p2a: Moltres
|-supereffective|p2a: Moltres
|-damage|p2a: Moltres|38/100
|
|upkeep
|turn|11
|
|t:|1655572720
|switch|p2a: Melmetal|Melmetal|100/100
|move|p1a: Slowking|Scald|p2a: Melmetal
|-crit|p2a: Melmetal
|-damage|p2a: Melmetal|85/100
|
|-end|p2a: Melmetal|move: Future Sight
|-resisted|p2a: Melmetal
|-damage|p2a: Melmetal|73/100
|upkeep
|turn|12
|
|t:|1655572739
|switch|p2a: Moltres|Moltres|38/100
|switch|p1a: Corviknight|Corviknight, F|100/100
|-ability|p1a: Corviknight|Pressure
|
|upkeep
|turn|13
|
|t:|1655572745
|switch|p1a: Garchomp|Garchomp, F|100/100
|move|p2a: Moltres|Roost|p2a: Moltres
|-heal|p2a: Moltres|88/100
|-singleturn|p2a: Moltres|move: Roost
|
|upkeep
|turn|14
|
|t:|1655572752
|switch|p2a: Tapu Lele|Tapu Lele|100/100
|-fieldstart|move: Psychic Terrain|[from] ability: Psychic Surge|[of] p2a: Tapu Lele
|move|p1a: Garchomp|Toxic|p2a: Tapu Lele
|-status|p2a: Tapu Lele|tox
|
|-damage|p2a: Tapu Lele|94/100 tox|[from] psn
|upkeep
|turn|15
|
|t:|1655572760
|move|p1a: Garchomp|Protect|p1a: Garchomp
|-singleturn|p1a: Garchomp|Protect
|move|p2a: Tapu Lele|Psyshock|p1a: Garchomp
|-activate|p1a: Garchomp|move: Protect
|
|-damage|p2a: Tapu Lele|82/100 tox|[from] psn
|upkeep
|turn|16
|
|t:|1655572771
|switch|p2a: Urshifu|Urshifu-Rapid-Strike, F|100/100
|switch|p1a: Corviknight|Corviknight, F|100/100
|-ability|p1a: Corviknight|Pressure
|
|upkeep
|turn|17
|
|t:|1655572778
|move|p2a: Urshifu|Surging Strikes|p1a: Corviknight
|-crit|p1a: Corviknight
|-damage|p1a: Corviknight|82/100
|-crit|p1a: Corviknight
|-damage|p1a: Corviknight|64/100
|-crit|p1a: Corviknight
|-damage|p1a: Corviknight|47/100
|-hitcount|p1a: Corviknight|3
|move|p1a: Corviknight|Roost|p1a: Corviknight
|-heal|p1a: Corviknight|97/100
|-singleturn|p1a: Corviknight|move: Roost
|
|-heal|p1a: Corviknight|100/100|[from] item: Leftovers
|upkeep
|turn|18
|
|t:|1655572792
|switch|p2a: Moltres|Moltres|88/100
|move|p1a: Corviknight|U-turn|p2a: Moltres
|-resisted|p2a: Moltres
|-damage|p2a: Moltres|86/100
|
|t:|1655572797
|switch|p1a: Slowking|Slowking-Galar, F|100/100|[from]move: U-turn
|
|-fieldend|move: Psychic Terrain
|upkeep
|turn|19
|
|t:|1655572805
|switch|p2a: Krookodile|Krookodile, F|100/100
|move|p1a: Slowking|Scald|p2a: Krookodile
|-supereffective|p2a: Krookodile
|-damage|p2a: Krookodile|39/100
|
|upkeep
|turn|20
|
|t:|1655572813
|switch|p1a: Corviknight|Corviknight, F|100/100
|-ability|p1a: Corviknight|Pressure
|move|p2a: Krookodile|Knock Off|p1a: Corviknight
|-damage|p1a: Corviknight|70/100
|-enditem|p1a: Corviknight|Leftovers|[from] move: Knock Off|[of] p2a: Krookodile
|
|upkeep
|turn|21
|
|t:|1655572828
|switch|p2a: Moltres|Moltres|86/100
|move|p1a: Corviknight|Roost|p1a: Corviknight
|-heal|p1a: Corviknight|100/100
|-singleturn|p1a: Corviknight|move: Roost
|
|upkeep
|turn|22
|
|t:|1655572834
|switch|p2a: Krookodile|Krookodile, F|39/100
|switch|p1a: Slowking|Slowking-Galar, F|100/100
|
|upkeep
|turn|23
|
|t:|1655572840
|switch|p1a: Corviknight|Corviknight, F|100/100
|-ability|p1a: Corviknight|Pressure
|move|p2a: Krookodile|Stealth Rock|p1a: Corviknight
|-sidestart|p1: Arreat|move: Stealth Rock
|
|upkeep
|turn|24
|
|t:|1655572848
|switch|p2a: Moltres|Moltres|86/100
|move|p1a: Corviknight|Defog|p2a: Moltres
|-unboost|p2a: Moltres|evasion|1
|-sideend|p1: Arreat|Stealth Rock|[from] move: Defog|[of] p1a: Corviknight
|
|upkeep
|turn|25
|
|t:|1655572856
|switch|p2a: Tapu Lele|Tapu Lele|82/100 tox
|-fieldstart|move: Psychic Terrain|[from] ability: Psychic Surge|[of] p2a: Tapu Lele
|switch|p1a: Zapdos|Zapdos|100/100
|
|-damage|p2a: Tapu Lele|76/100 tox|[from] psn
|upkeep
|turn|26
|
|t:|1655572868
|move|p1a: Zapdos|Volt Switch|p2a: Tapu Lele
|-damage|p2a: Tapu Lele|22/100 tox
|
|t:|1655572871
|switch|p1a: Slowking|Slowking-Galar, F|100/100|[from]move: Volt Switch
|move|p2a: Tapu Lele|Psychic|p1a: Slowking
|-damage|p1a: Slowking|58/100
|
|-damage|p2a: Tapu Lele|10/100 tox|[from] psn
|upkeep
|turn|27
|
|t:|1655572879
|move|p2a: Tapu Lele|Psychic|p1a: Slowking
|-crit|p1a: Slowking
|-damage|p1a: Slowking|0 fnt
|faint|p1a: Slowking
|
|-damage|p2a: Tapu Lele|0 fnt|[from] psn
|faint|p2a: Tapu Lele
|upkeep
|
|t:|1655572891
|switch|p2a: Urshifu|Urshifu-Rapid-Strike, F|100/100
|switch|p1a: Zapdos|Zapdos|100/100
|turn|28
|
|t:|1655572898
|switch|p2a: Krookodile|Krookodile, F|39/100
|move|p1a: Zapdos|Hurricane|p2a: Krookodile
|-damage|p2a: Krookodile|0 fnt
|faint|p2a: Krookodile
|
|upkeep
|
|t:|1655572908
|switch|p2a: Melmetal|Melmetal|73/100
|turn|29
|
|t:|1655572912
|switch|p1a: Corviknight|Corviknight, F|100/100
|-ability|p1a: Corviknight|Pressure
|move|p2a: Melmetal|Thunder Punch|p1a: Corviknight
|-supereffective|p1a: Corviknight
|-damage|p1a: Corviknight|66/100
|
|-fieldend|move: Psychic Terrain
|upkeep
|turn|30
|
|t:|1655572925
|move|p1a: Corviknight|Roost|p1a: Corviknight
|-heal|p1a: Corviknight|100/100
|-singleturn|p1a: Corviknight|move: Roost
|move|p2a: Melmetal|Earthquake|p1a: Corviknight
|-supereffective|p1a: Corviknight
|-damage|p1a: Corviknight|62/100
|
|upkeep
|turn|31
|
|t:|1655572933
|move|p1a: Corviknight|Roost|p1a: Corviknight
|-heal|p1a: Corviknight|100/100
|-singleturn|p1a: Corviknight|move: Roost
|move|p2a: Melmetal|Ice Punch|p1a: Corviknight
|-resisted|p1a: Corviknight
|-crit|p1a: Corviknight
|-damage|p1a: Corviknight|87/100
|
|upkeep
|turn|32
|
|t:|1655572943
|move|p1a: Corviknight|U-turn|p2a: Melmetal
|-resisted|p2a: Melmetal
|-damage|p2a: Melmetal|68/100
|
|t:|1655572945
|switch|p1a: Urshifu|Urshifu-Rapid-Strike, F|100/100|[from]move: U-turn
|move|p2a: Melmetal|Ice Punch|p1a: Urshifu
|-resisted|p1a: Urshifu
|-damage|p1a: Urshifu|86/100
|
|upkeep
|turn|33
|
|t:|1655572952
|switch|p2a: Tapu Fini|Tapu Fini|100/100
|-fieldstart|move: Misty Terrain|[from] ability: Misty Surge|[of] p2a: Tapu Fini
|move|p1a: Urshifu|Surging Strikes|p2a: Tapu Fini
|-resisted|p2a: Tapu Fini
|-crit|p2a: Tapu Fini
|-damage|p2a: Tapu Fini|90/100
|-resisted|p2a: Tapu Fini
|-crit|p2a: Tapu Fini
|-damage|p2a: Tapu Fini|79/100
|-resisted|p2a: Tapu Fini
|-crit|p2a: Tapu Fini
|-damage|p2a: Tapu Fini|68/100
|-hitcount|p2a: Tapu Fini|3
|
|-heal|p2a: Tapu Fini|75/100|[from] item: Leftovers
|upkeep
|turn|34
|
|t:|1655572968
|switch|p1a: Kartana|Kartana, shiny|100/100
|move|p2a: Tapu Fini|Surf|p1a: Kartana
|-resisted|p1a: Kartana
|-damage|p1a: Kartana|56/100
|
|-heal|p2a: Tapu Fini|81/100|[from] item: Leftovers
|upkeep
|turn|35
|
|t:|1655572975
|switch|p2a: Moltres|Moltres|86/100
|move|p1a: Kartana|Knock Off|p2a: Moltres
|-damage|p2a: Moltres|50/100
|-enditem|p2a: Moltres|Heavy-Duty Boots|[from] move: Knock Off|[of] p1a: Kartana
|
|upkeep
|turn|36
|
|t:|1655572982
|switch|p1a: Garchomp|Garchomp, F|100/100
|move|p2a: Moltres|Roost|p2a: Moltres
|-heal|p2a: Moltres|99/100
|-singleturn|p2a: Moltres|move: Roost
|
|upkeep
|turn|37
|
|t:|1655572991
|switch|p2a: Tapu Fini|Tapu Fini|81/100
|move|p1a: Garchomp|Stealth Rock|p2a: Tapu Fini
|-sidestart|p2: Stimo96|move: Stealth Rock
|
|-heal|p2a: Tapu Fini|87/100|[from] item: Leftovers
|-fieldend|Misty Terrain
|upkeep
|turn|38
|
|t:|1655573001
|switch|p2a: Melmetal|Melmetal|68/100
|-damage|p2a: Melmetal|62/100|[from] Stealth Rock
|move|p1a: Garchomp|Toxic|p2a: Melmetal
|-immune|p2a: Melmetal
|
|upkeep
|turn|39
|
|t:|1655573008
|switch|p2a: Tapu Fini|Tapu Fini|87/100
|-damage|p2a: Tapu Fini|75/100|[from] Stealth Rock
|-fieldstart|move: Misty Terrain|[from] ability: Misty Surge|[of] p2a: Tapu Fini
|move|p1a: Garchomp|Earthquake|p2a: Tapu Fini
|-damage|p2a: Tapu Fini|46/100
|
|-heal|p2a: Tapu Fini|52/100|[from] item: Leftovers
|upkeep
|turn|40
|
|t:|1655573020
|switch|p1a: Kartana|Kartana, shiny|56/100
|move|p2a: Tapu Fini|Draining Kiss|p1a: Kartana
|-resisted|p1a: Kartana
|-damage|p1a: Kartana|29/100
|-heal|p2a: Tapu Fini|67/100|[from] drain|[of] p1a: Kartana
|
|-heal|p2a: Tapu Fini|73/100|[from] item: Leftovers
|upkeep
|turn|41
|
|t:|1655573029
|switch|p2a: Moltres|Moltres|99/100
|-damage|p2a: Moltres|50/100|[from] Stealth Rock
|move|p1a: Kartana|Leaf Blade|p2a: Moltres
|-resisted|p2a: Moltres
|-damage|p2a: Moltres|38/100
|
|upkeep
|turn|42
|
|t:|1655573038
|switch|p1a: Zapdos|Zapdos|100/100
|move|p2a: Moltres|Defog|p1a: Zapdos
|-unboost|p1a: Zapdos|evasion|1
|-sideend|p2: Stimo96|Stealth Rock|[from] move: Defog|[of] p2a: Moltres
|-fieldend|Misty Terrain
|
|upkeep
|turn|43
|
|t:|1655573046
|switch|p2a: Melmetal|Melmetal|62/100
|move|p1a: Zapdos|Volt Switch|p2a: Melmetal
|-damage|p2a: Melmetal|37/100
|
|t:|1655573050
|switch|p1a: Garchomp|Garchomp, F|100/100|[from]move: Volt Switch
|
|upkeep
|turn|44
|
|t:|1655573063
|switch|p2a: Urshifu|Urshifu-Rapid-Strike, F|100/100
|move|p1a: Garchomp|Earthquake|p2a: Urshifu
|-damage|p2a: Urshifu|58/100
|
|upkeep
|turn|45
|
|t:|1655573072
|switch|p1a: Corviknight|Corviknight, F|87/100
|-ability|p1a: Corviknight|Pressure
|move|p2a: Urshifu|Surging Strikes|p1a: Corviknight
|-crit|p1a: Corviknight
|-damage|p1a: Corviknight|69/100
|-crit|p1a: Corviknight
|-damage|p1a: Corviknight|49/100
|-crit|p1a: Corviknight
|-damage|p1a: Corviknight|30/100
|-hitcount|p1a: Corviknight|3
|
|upkeep
|turn|46
|
|t:|1655573082
|move|p2a: Urshifu|Surging Strikes|p1a: Corviknight
|-crit|p1a: Corviknight
|-damage|p1a: Corviknight|13/100
|-crit|p1a: Corviknight
|-damage|p1a: Corviknight|0 fnt
|faint|p1a: Corviknight
|-hitcount|p1: Corviknight|2
|
|upkeep
|
|t:|1655573085
|switch|p1a: Zapdos|Zapdos|100/100
|turn|47
|
|t:|1655573091
|switch|p2a: Melmetal|Melmetal|37/100
|move|p1a: Zapdos|Thunderbolt|p2a: Melmetal
|-damage|p2a: Melmetal|3/100
|
|upkeep
|turn|48
|
|t:|1655573097
|move|p1a: Zapdos|Thunderbolt|p2a: Melmetal
|-damage|p2a: Melmetal|0 fnt
|faint|p2a: Melmetal
|
|upkeep
|
|t:|1655573106
|switch|p2a: Tapu Fini|Tapu Fini|73/100
|-fieldstart|move: Misty Terrain|[from] ability: Misty Surge|[of] p2a: Tapu Fini
|turn|49
|
|t:|1655573116
|move|p1a: Zapdos|Thunderbolt|p2a: Tapu Fini
|-supereffective|p2a: Tapu Fini
|-damage|p2a: Tapu Fini|0 fnt
|faint|p2a: Tapu Fini
|
|upkeep
|-message|Stimo96 forfeited.
|
|win|Arreat
|raw|Arreat's rating: 1580 &rarr; <strong>1597</strong><br />(+17 for winning)
|raw|Stimo96's rating: 1528 &rarr; <strong>1511</strong><br />(-17 for losing)
|l|☆Stimo96
