|raw|<div class="broadcast-blue"><strong>This battle is required to be public due to a player having a name starting with 'lt93oq'.</div>
|j|‽LT93OQ Bee
|j|☆tanishq1
|t:|1660420836
|gametype|singles
|player|p1|LT93OQ Bee|cynthia-masters|1751
|player|p2|tanishq1|265|1740
|teamsize|p1|6
|teamsize|p2|6
|gen|8
|tier|[Gen 8] OU
|rated|
|rule|Sleep Clause Mod: Limit one foe put to sleep
|rule|Species Clause: Limit one of each Pokémon
|rule|OHKO Clause: OHKO moves are banned
|rule|Evasion Items Clause: Evasion items are banned
|rule|Evasion Moves Clause: Evasion moves are banned
|rule|Endless Battle Clause: Forcing endless battles is banned
|rule|HP Percentage Mod: HP is shown in percentages
|rule|Dynamax Clause: You cannot dynamax
|clearpoke
|poke|p1|Dragapult, M|
|poke|p1|Zapdos|
|poke|p1|Urshifu-*, F|
|poke|p1|Tapu Lele|
|poke|p1|Landorus-Therian, M|
|poke|p1|Melmetal|
|poke|p2|Dragapult, F|
|poke|p2|Tapu Fini|
|poke|p2|Blacephalon|
|poke|p2|Tapu Lele|
|poke|p2|Landorus-Therian, M|
|poke|p2|Melmetal|
|teampreview
|inactive|Battle timer is ON: inactive players will automatically lose when time's up. (requested by LT93OQ Bee)
|
|t:|1660420850
|start
|switch|p1a: Urshifu|Urshifu-Rapid-Strike, F|100/100
|switch|p2a: Tapu Fini|Tapu Fini|100/100
|-fieldstart|move: Misty Terrain|[from] ability: Misty Surge|[of] p2a: Tapu Fini
|turn|1
|
|t:|1660420860
|move|p1a: Urshifu|U-turn|p2a: Tapu Fini
|-resisted|p2a: Tapu Fini
|-damage|p2a: Tapu Fini|89/100
|
|t:|1660420866
|switch|p1a: Melmetal|Melmetal|100/100|[from]move: U-turn
|move|p2a: Tapu Fini|Knock Off|p1a: Melmetal
|-damage|p1a: Melmetal|90/100
|-enditem|p1a: Melmetal|Leftovers|[from] move: Knock Off|[of] p2a: Tapu Fini
|
|-heal|p2a: Tapu Fini|95/100|[from] item: Leftovers
|upkeep
|turn|2
|j| Sinomb
|j| BeastBraedon
|inactive|tanishq1 has 120 seconds left.
|j| simplegent
|j| CB Bhris Breezy
|
|t:|1660420906
|switch|p2a: Landorus|Landorus-Therian, M|100/100
|-ability|p2a: Landorus|Intimidate|boost
|-unboost|p1a: Melmetal|atk|1
|move|p1a: Melmetal|Double Iron Bash|p2a: Landorus
|-damage|p2a: Landorus|70/100
|-damage|p2a: Landorus|42/100
|-hitcount|p2a: Landorus|2
|
|-heal|p2a: Landorus|48/100|[from] item: Leftovers
|upkeep
|turn|3
|l| simplegent
|
|t:|1660420910
|move|p2a: Landorus|Stealth Rock|p1a: Melmetal
|-sidestart|p1: LT93OQ Bee|move: Stealth Rock
|move|p1a: Melmetal|Double Iron Bash|p2a: Landorus
|-damage|p2a: Landorus|18/100
|-damage|p2a: Landorus|0 fnt
|faint|p2a: Landorus
|-hitcount|p2: Landorus|2
|
|upkeep
|
|t:|1660420912
|switch|p2a: Blacephalon|Blacephalon|100/100
|turn|4
|j| oWyZoWyZ
|j| just nimmemja
|inactive|LT93OQ Bee has 120 seconds left.
|inactive|LT93OQ Bee has 90 seconds left.
|j| clicko
|l| oWyZoWyZ
|
|t:|1660420991
|move|p1a: Melmetal|Protect|p1a: Melmetal
|-singleturn|p1a: Melmetal|Protect
|move|p2a: Blacephalon|Flamethrower|p1a: Melmetal
|-activate|p1a: Melmetal|move: Protect
|
|upkeep
|turn|5
|
|t:|1660420998
|switch|p1a: Dragapult|Dragapult, M|100/100
|-damage|p1a: Dragapult|88/100|[from] Stealth Rock
|move|p2a: Blacephalon|Flamethrower|p1a: Dragapult
|-resisted|p1a: Dragapult
|-damage|p1a: Dragapult|38/100
|
|-fieldend|Misty Terrain
|upkeep
|turn|6
|
|t:|1660421022
|switch|p2a: Tapu Fini|Tapu Fini|95/100
|-fieldstart|move: Misty Terrain|[from] ability: Misty Surge|[of] p2a: Tapu Fini
|move|p1a: Dragapult|Shadow Ball|p2a: Tapu Fini
|-damage|p2a: Tapu Fini|48/100
|
|-heal|p2a: Tapu Fini|54/100|[from] item: Leftovers
|upkeep
|turn|7
|inactive|LT93OQ Bee has 90 seconds left.
|
|t:|1660421042
|switch|p1a: Zapdos|Zapdos|100/100
|move|p2a: Tapu Fini|Moonblast|p1a: Zapdos
|-damage|p1a: Zapdos|63/100
|
|-heal|p2a: Tapu Fini|61/100|[from] item: Leftovers
|upkeep
|turn|8
|
|t:|1660421050
|switch|p2a: Dragapult|Dragapult, F|100/100
|move|p1a: Zapdos|Thunderbolt|p2a: Dragapult
|-resisted|p2a: Dragapult
|-damage|p2a: Dragapult|69/100
|
|upkeep
|turn|9
|j| JustFranco‽
|j| santiago bernabeu
|l| santiago bernabeu
|inactive|LT93OQ Bee has 90 seconds left.
|inactive|LT93OQ Bee has 60 seconds left.
|j| Miyan
|
|t:|1660421104
|move|p2a: Dragapult|Shadow Ball|p1a: Zapdos
|-damage|p1a: Zapdos|2/100
|-unboost|p1a: Zapdos|spd|1
|move|p1a: Zapdos|Hurricane|p2a: Dragapult
|-damage|p2a: Dragapult|0 fnt
|faint|p2a: Dragapult
|
|upkeep
|
|t:|1660421108
|switch|p2a: Blacephalon|Blacephalon|100/100
|turn|10
|inactive|LT93OQ Bee has 60 seconds left.
|
|t:|1660421115
|move|p2a: Blacephalon|Shadow Ball|p1a: Zapdos
|-damage|p1a: Zapdos|0 fnt
|faint|p1a: Zapdos
|-ability|p2a: Blacephalon|Beast Boost|boost
|-boost|p2a: Blacephalon|spa|1
|
|-fieldend|Misty Terrain
|upkeep
|
|t:|1660421117
|switch|p1a: Dragapult|Dragapult, M|38/100
|-damage|p1a: Dragapult|26/100|[from] Stealth Rock
|turn|11
|
|t:|1660421119
|switch|p2a: Melmetal|Melmetal|100/100
|move|p1a: Dragapult|Shadow Ball|p2a: Melmetal
|-damage|p2a: Melmetal|50/100
|
|-heal|p2a: Melmetal|56/100|[from] item: Leftovers
|upkeep
|turn|12
|
|t:|1660421127
|switch|p1a: Landorus|Landorus-Therian, M|100/100
|-damage|p1a: Landorus|88/100|[from] Stealth Rock
|-ability|p1a: Landorus|Intimidate|boost
|-unboost|p2a: Melmetal|atk|1
|move|p2a: Melmetal|Double Iron Bash|p1a: Landorus
|-damage|p1a: Landorus|65/100
|-damage|p1a: Landorus|42/100
|-hitcount|p1a: Landorus|2
|
|-heal|p1a: Landorus|48/100|[from] item: Leftovers
|-heal|p2a: Melmetal|62/100|[from] item: Leftovers
|upkeep
|turn|13
|
|t:|1660421144
|move|p2a: Melmetal|Protect|p2a: Melmetal
|-singleturn|p2a: Melmetal|Protect
|move|p1a: Landorus|Earthquake|p2a: Melmetal
|-activate|p2a: Melmetal|move: Protect
|
|-heal|p1a: Landorus|54/100|[from] item: Leftovers
|-heal|p2a: Melmetal|68/100|[from] item: Leftovers
|upkeep
|turn|14
|inactive|LT93OQ Bee has 90 seconds left.
|
|t:|1660421151
|move|p1a: Landorus|Earthquake|p2a: Melmetal
|-supereffective|p2a: Melmetal
|-damage|p2a: Melmetal|9/100
|move|p2a: Melmetal|Double Iron Bash|p1a: Landorus
|-damage|p1a: Landorus|33/100
|-damage|p1a: Landorus|10/100
|-hitcount|p1a: Landorus|2
|
|-heal|p1a: Landorus|16/100|[from] item: Leftovers
|-heal|p2a: Melmetal|15/100|[from] item: Leftovers
|upkeep
|turn|15
|
|t:|1660421158
|move|p1a: Landorus|Earthquake|p2a: Melmetal
|-supereffective|p2a: Melmetal
|-damage|p2a: Melmetal|0 fnt
|faint|p2a: Melmetal
|
|-heal|p1a: Landorus|22/100|[from] item: Leftovers
|upkeep
|
|t:|1660421162
|switch|p2a: Blacephalon|Blacephalon|100/100
|turn|16
|
|t:|1660421165
|move|p2a: Blacephalon|Flamethrower|p1a: Landorus
|-damage|p1a: Landorus|0 fnt
|faint|p1a: Landorus
|-ability|p2a: Blacephalon|Beast Boost|boost
|-boost|p2a: Blacephalon|spa|1
|
|upkeep
|
|t:|1660421168
|switch|p1a: Dragapult|Dragapult, M|26/100
|-damage|p1a: Dragapult|13/100|[from] Stealth Rock
|turn|17
|
|t:|1660421179
|switch|p2a: Tapu Fini|Tapu Fini|61/100
|-fieldstart|move: Misty Terrain|[from] ability: Misty Surge|[of] p2a: Tapu Fini
|move|p1a: Dragapult|Shadow Ball|p2a: Tapu Fini
|-damage|p2a: Tapu Fini|15/100
|
|-heal|p2a: Tapu Fini|21/100|[from] item: Leftovers
|upkeep
|turn|18
|
|t:|1660421182
|move|p1a: Dragapult|Shadow Ball|p2a: Tapu Fini
|-damage|p2a: Tapu Fini|0 fnt
|faint|p2a: Tapu Fini
|
|upkeep
|
|t:|1660421184
|switch|p2a: Tapu Lele|Tapu Lele|100/100
|-fieldstart|move: Psychic Terrain|[from] ability: Psychic Surge|[of] p2a: Tapu Lele
|turn|19
|
|t:|1660421195
|switch|p2a: Blacephalon|Blacephalon|100/100
|switch|p1a: Melmetal|Melmetal|90/100
|-damage|p1a: Melmetal|84/100|[from] Stealth Rock
|
|upkeep
|turn|20
|
|t:|1660421205
|switch|p1a: Urshifu|Urshifu-Rapid-Strike, F|100/100
|-damage|p1a: Urshifu|94/100|[from] Stealth Rock
|move|p2a: Blacephalon|Flamethrower|p1a: Urshifu
|-resisted|p1a: Urshifu
|-damage|p1a: Urshifu|38/100
|
|upkeep
|turn|21
|
|t:|1660421208
|move|p2a: Blacephalon|Flamethrower|p1a: Urshifu
|-resisted|p1a: Urshifu
|-damage|p1a: Urshifu|0 fnt
|faint|p1a: Urshifu
|-ability|p2a: Blacephalon|Beast Boost|boost
|-boost|p2a: Blacephalon|spa|1
|
|upkeep
|
|t:|1660421210
|switch|p1a: Dragapult|Dragapult, M|13/100
|-damage|p1a: Dragapult|1/100|[from] Stealth Rock
|turn|22
|
|t:|1660421216
|move|p1a: Dragapult|Shadow Ball|p2a: Blacephalon
|-supereffective|p2a: Blacephalon
|-damage|p2a: Blacephalon|0 fnt
|faint|p2a: Blacephalon
|
|upkeep
|
|t:|1660421217
|switch|p2a: Tapu Lele|Tapu Lele|100/100
|turn|23
|j| spiderking3261
|l| spiderking3261
|
|t:|1660421237
|move|p2a: Tapu Lele|Moonblast|p1a: Dragapult
|-supereffective|p1a: Dragapult
|-damage|p1a: Dragapult|0 fnt
|faint|p1a: Dragapult
|
|-fieldend|move: Psychic Terrain
|upkeep
|
|t:|1660421238
|switch|p1a: Melmetal|Melmetal|84/100
|-damage|p1a: Melmetal|78/100|[from] Stealth Rock
|turn|24
|
|t:|1660421241
|move|p2a: Tapu Lele|Moonblast|p1a: Melmetal
|-resisted|p1a: Melmetal
|-damage|p1a: Melmetal|55/100
|-unboost|p1a: Melmetal|spa|1
|move|p1a: Melmetal|Double Iron Bash|p2a: Tapu Lele
|-supereffective|p2a: Tapu Lele
|-damage|p2a: Tapu Lele|0 fnt
|faint|p2a: Tapu Lele
|-hitcount|p2: Tapu Lele|1
|
|win|LT93OQ Bee
|raw|LT93OQ Bee's rating: 1727 &rarr; <strong>1747</strong><br />(+20 for winning)
|raw|tanishq1's rating: 1722 &rarr; <strong>1702</strong><br />(-20 for losing)
