|raw|<div class="broadcast-blue"><strong>This battle is required to be public due to a player having a name starting with 'lt92pf'.</div>
|j|☆LT92PF Templario
|j|‽BLOODCLAT
|t:|1660227150
|gametype|singles
|player|p1|LT92PF Templario|266|1758
|player|p2|BLOODCLAT|hoopster|1818
|teamsize|p1|6
|teamsize|p2|6
|gen|8
|tier|[Gen 8] OU
|rated|
|rule|Sleep Clause Mod: Limit one foe put to sleep
|rule|Species Clause: Limit one of each Pokémon
|rule|OHKO Clause: OHKO moves are banned
|rule|Evasion Items Clause: Evasion items are banned
|rule|Evasion Moves Clause: Evasion moves are banned
|rule|Endless Battle Clause: Forcing endless battles is banned
|rule|HP Percentage Mod: HP is shown in percentages
|rule|Dynamax Clause: You cannot dynamax
|clearpoke
|poke|p1|Diggersby, F|
|poke|p1|Tornadus-Therian, M|
|poke|p1|Dragapult, M|
|poke|p1|Heatran, F|
|poke|p1|Landorus-Therian, M|
|poke|p1|Slowbro, M|
|poke|p2|Tyranitar, M|
|poke|p2|Clefable, M|
|poke|p2|Excadrill, M|
|poke|p2|Tangrowth, M|
|poke|p2|Slowking-Galar, M|
|poke|p2|Rotom-Wash|
|teampreview
|inactive|Battle timer is ON: inactive players will automatically lose when time's up. (requested by LT92PF Templario)
|inactive|LT92PF Templario has 120 seconds left.
|
|t:|1660227192
|start
|switch|p1a: Heatran|Heatran, F|100/100
|switch|p2a: Rotom|Rotom-Wash|100/100
|turn|1
|j| egalvanc
|
|t:|1660227221
|move|p2a: Rotom|Hydro Pump|p1a: Heatran
|-supereffective|p1a: Heatran
|-damage|p1a: Heatran|50/100
|move|p1a: Heatran|Toxic|p2a: Rotom
|-status|p2a: Rotom|tox
|
|-heal|p1a: Heatran|56/100|[from] item: Leftovers
|-damage|p2a: Rotom|95/100 tox|[from] psn
|upkeep
|turn|2
|
|t:|1660227229
|move|p2a: Rotom|Hydro Pump|p1a: Heatran
|-supereffective|p1a: Heatran
|-damage|p1a: Heatran|12/100
|move|p1a: Heatran|Stealth Rock|p2a: Rotom
|-sidestart|p2: BLOODCLAT|move: Stealth Rock
|
|-heal|p2a: Rotom|100/100 tox|[from] item: Leftovers
|-heal|p1a: Heatran|19/100|[from] item: Leftovers
|-damage|p2a: Rotom|89/100 tox|[from] psn
|upkeep
|turn|3
|
|t:|1660227233
|switch|p1a: Landorus|Landorus-Therian, M|100/100
|-ability|p1a: Landorus|Intimidate|boost
|-unboost|p2a: Rotom|atk|1
|move|p2a: Rotom|Volt Switch|p1a: Landorus
|-immune|p1a: Landorus
|
|-heal|p2a: Rotom|95/100 tox|[from] item: Leftovers
|-damage|p2a: Rotom|77/100 tox|[from] psn
|upkeep
|turn|4
|
|t:|1660227236
|switch|p2a: Clefable|Clefable, M|100/100
|move|p1a: Landorus|Knock Off|p2a: Clefable
|-resisted|p2a: Clefable
|-damage|p2a: Clefable|86/100
|-damage|p1a: Landorus|84/100|[from] item: Rocky Helmet|[of] p2a: Clefable
|-enditem|p2a: Clefable|Rocky Helmet|[from] move: Knock Off|[of] p1a: Landorus
|
|upkeep
|turn|5
|
|t:|1660227240
|switch|p1a: Slowbro|Slowbro, M|100/100
|move|p2a: Clefable|Stealth Rock|p1a: Slowbro
|-sidestart|p1: LT92PF Templario|move: Stealth Rock
|
|upkeep
|turn|6
|j| high riser
|
|t:|1660227246
|move|p2a: Clefable|Knock Off|p1a: Slowbro
|-supereffective|p1a: Slowbro
|-enditem|p1a: Slowbro|Colbur Berry|[eat]
|-enditem|p1a: Slowbro|Colbur Berry|[weaken]
|-damage|p1a: Slowbro|92/100
|move|p1a: Slowbro|Future Sight|p2a: Clefable
|-start|p1a: Slowbro|move: Future Sight
|
|upkeep
|turn|7
|
|t:|1660227254
|move|p2a: Clefable|Soft-Boiled|p2a: Clefable
|-heal|p2a: Clefable|100/100
|move|p1a: Slowbro|Teleport|p1a: Slowbro
|
|t:|1660227258
|switch|p1a: Diggersby|Diggersby, F|100/100|[from]move: Teleport
|
|upkeep
|turn|8
|
|t:|1660227269
|switch|p2a: Slowking|Slowking-Galar, M|100/100
|-damage|p2a: Slowking|88/100|[from] Stealth Rock
|move|p1a: Diggersby|Swords Dance|p1a: Diggersby
|-boost|p1a: Diggersby|atk|2
|
|-end|p2a: Slowking|move: Future Sight
|-damage|p2a: Slowking|51/100
|-heal|p2a: Slowking|57/100|[from] item: Black Sludge
|upkeep
|turn|9
|j|+Perry
|
|t:|1660227293
|move|p1a: Diggersby|Fire Punch|p2a: Slowking
|-damage|p2a: Slowking|4/100
|move|p2a: Slowking|Psychic|p1a: Diggersby
|-damage|p1a: Diggersby|56/100
|
|-heal|p2a: Slowking|10/100|[from] item: Black Sludge
|upkeep
|turn|10
|j| Amelza
|inactive|BLOODCLAT has 120 seconds left.
|
|t:|1660227331
|move|p1a: Diggersby|Fire Punch|p2a: Slowking
|-damage|p2a: Slowking|0 fnt
|faint|p2a: Slowking
|
|upkeep
|
|t:|1660227333
|switch|p2a: Tangrowth|Tangrowth, M|100/100
|-damage|p2a: Tangrowth|88/100|[from] Stealth Rock
|turn|11
|
|t:|1660227335
|switch|p1a: Dragapult|Dragapult, M|100/100
|-damage|p1a: Dragapult|88/100|[from] Stealth Rock
|move|p2a: Tangrowth|Giga Drain|p1a: Dragapult
|-resisted|p1a: Dragapult
|-damage|p1a: Dragapult|69/100
|-heal|p2a: Tangrowth|96/100|[from] drain|[of] p1a: Dragapult
|
|upkeep
|turn|12
|
|t:|1660227340
|switch|p2a: Clefable|Clefable, M|100/100
|move|p1a: Dragapult|U-turn|p2a: Clefable
|-resisted|p2a: Clefable
|-damage|p2a: Clefable|94/100
|
|t:|1660227342
|switch|p1a: Diggersby|Diggersby, F|56/100|[from]move: U-turn
|
|upkeep
|turn|13
|
|t:|1660227355
|switch|p2a: Tangrowth|Tangrowth, M|100/100
|-damage|p2a: Tangrowth|88/100|[from] Stealth Rock
|move|p1a: Diggersby|Earthquake|p2a: Tangrowth
|-resisted|p2a: Tangrowth
|-damage|p2a: Tangrowth|71/100
|
|upkeep
|turn|14
|l| high riser
|inactive|BLOODCLAT has 120 seconds left.
|
|t:|1660227401
|switch|p1a: Tornadus|Tornadus-Therian, M|100/100
|move|p2a: Tangrowth|Sleep Powder|p1a: Tornadus
|-status|p1a: Tornadus|slp|[from] move: Sleep Powder
|
|upkeep
|turn|15
|
|t:|1660227409
|switch|p1a: Heatran|Heatran, F|19/100
|-damage|p1a: Heatran|6/100|[from] Stealth Rock
|switch|p2a: Tyranitar|Tyranitar, M|100/100
|-damage|p2a: Tyranitar|88/100|[from] Stealth Rock
|-weather|Sandstorm|[from] ability: Sand Stream|[of] p2a: Tyranitar
|
|-weather|Sandstorm|[upkeep]
|-heal|p1a: Heatran|12/100|[from] item: Leftovers
|upkeep
|turn|16
|inactive|BLOODCLAT has 120 seconds left.
|j| zftfctzdfof
|l| zftfctzdfof
|j| Xalvadore
|inactive|BLOODCLAT has 90 seconds left.
|
|t:|1660227444
|move|p2a: Tyranitar|Crunch|p1a: Heatran
|-damage|p1a: Heatran|0 fnt
|faint|p1a: Heatran
|
|-weather|Sandstorm|[upkeep]
|upkeep
|
|t:|1660227449
|switch|p1a: Landorus|Landorus-Therian, M|84/100
|-damage|p1a: Landorus|72/100|[from] Stealth Rock
|-ability|p1a: Landorus|Intimidate|boost
|-unboost|p2a: Tyranitar|atk|1
|turn|17
|
|t:|1660227455
|switch|p2a: Tangrowth|Tangrowth, M|100/100
|-damage|p2a: Tangrowth|88/100|[from] Stealth Rock
|move|p1a: Landorus|U-turn|p2a: Tangrowth
|-supereffective|p2a: Tangrowth
|-damage|p2a: Tangrowth|61/100
|-damage|p1a: Landorus|55/100|[from] item: Rocky Helmet|[of] p2a: Tangrowth
|
|t:|1660227458
|switch|p1a: Dragapult|Dragapult, M|69/100|[from]move: U-turn
|-damage|p1a: Dragapult|56/100|[from] Stealth Rock
|
|-weather|Sandstorm|[upkeep]
|-damage|p1a: Dragapult|50/100|[from] Sandstorm
|-damage|p2a: Tangrowth|55/100|[from] Sandstorm
|upkeep
|turn|18
|
|t:|1660227461
|switch|p2a: Clefable|Clefable, M|94/100
|move|p1a: Dragapult|Shadow Ball|p2a: Clefable
|-damage|p2a: Clefable|39/100
|-unboost|p2a: Clefable|spd|1
|
|-weather|Sandstorm|[upkeep]
|-damage|p1a: Dragapult|44/100|[from] Sandstorm
|upkeep
|turn|19
|
|t:|1660227471
|switch|p1a: Landorus|Landorus-Therian, M|55/100
|-damage|p1a: Landorus|43/100|[from] Stealth Rock
|-ability|p1a: Landorus|Intimidate|boost
|-unboost|p2a: Clefable|atk|1
|switch|p2a: Tyranitar|Tyranitar, M|88/100
|-damage|p2a: Tyranitar|76/100|[from] Stealth Rock
|
|-weather|none
|upkeep
|turn|20
|j| LT92PF Aniruddh
|
|t:|1660227483
|switch|p2a: Tangrowth|Tangrowth, M|88/100
|-damage|p2a: Tangrowth|75/100|[from] Stealth Rock
|move|p1a: Landorus|U-turn|p2a: Tangrowth
|-supereffective|p2a: Tangrowth
|-damage|p2a: Tangrowth|47/100
|-damage|p1a: Landorus|26/100|[from] item: Rocky Helmet|[of] p2a: Tangrowth
|
|t:|1660227486
|switch|p1a: Dragapult|Dragapult, M|44/100|[from]move: U-turn
|-damage|p1a: Dragapult|32/100|[from] Stealth Rock
|
|upkeep
|turn|21
|
|t:|1660227494
|switch|p2a: Clefable|Clefable, M|39/100
|move|p1a: Dragapult|Scald|p2a: Clefable
|-damage|p2a: Clefable|6/100
|
|upkeep
|turn|22
|j| xasah❤bae
|
|t:|1660227501
|switch|p2a: Rotom|Rotom-Wash|77/100 tox
|-damage|p2a: Rotom|65/100 tox|[from] Stealth Rock
|move|p1a: Dragapult|Scald|p2a: Rotom
|-resisted|p2a: Rotom
|-damage|p2a: Rotom|51/100 tox
|
|-heal|p2a: Rotom|57/100 tox|[from] item: Leftovers
|-damage|p2a: Rotom|51/100 tox|[from] psn
|upkeep
|turn|23
|l| xasah❤bae
|
|t:|1660227511
|switch|p1a: Diggersby|Diggersby, F|56/100
|move|p2a: Rotom|Hydro Pump|p1a: Diggersby
|-supereffective|p1a: Diggersby
|-damage|p1a: Diggersby|0 fnt
|faint|p1a: Diggersby
|
|-heal|p2a: Rotom|57/100 tox|[from] item: Leftovers
|-damage|p2a: Rotom|45/100 tox|[from] psn
|upkeep
|
|t:|1660227518
|switch|p1a: Dragapult|Dragapult, M|32/100
|-damage|p1a: Dragapult|20/100|[from] Stealth Rock
|turn|24
|
|t:|1660227531
|switch|p2a: Clefable|Clefable, M|6/100
|move|p1a: Dragapult|Shadow Ball|p2a: Clefable
|-damage|p2a: Clefable|0 fnt
|faint|p2a: Clefable
|
|upkeep
|
|t:|1660227533
|switch|p2a: Tyranitar|Tyranitar, M|76/100
|-damage|p2a: Tyranitar|64/100|[from] Stealth Rock
|-weather|Sandstorm|[from] ability: Sand Stream|[of] p2a: Tyranitar
|turn|25
|
|t:|1660227536
|switch|p1a: Tornadus|Tornadus-Therian, M|100/100 slp
|move|p2a: Tyranitar|Crunch|p1a: Tornadus
|-damage|p1a: Tornadus|30/100 slp
|
|-weather|Sandstorm|[upkeep]
|-damage|p1a: Tornadus|24/100 slp|[from] Sandstorm
|upkeep
|turn|26
|
|t:|1660227540
|cant|p1a: Tornadus|slp
|move|p2a: Tyranitar|Crunch|p1a: Tornadus
|-damage|p1a: Tornadus|0 fnt
|faint|p1a: Tornadus
|
|-weather|Sandstorm|[upkeep]
|upkeep
|
|t:|1660227548
|switch|p1a: Slowbro|Slowbro, M|100/100
|-damage|p1a: Slowbro|88/100|[from] Stealth Rock
|turn|27
|
|t:|1660227556
|move|p2a: Tyranitar|Crunch|p1a: Slowbro
|-supereffective|p1a: Slowbro
|-damage|p1a: Slowbro|7/100
|move|p1a: Slowbro|Future Sight|p2a: Tyranitar
|-start|p1a: Slowbro|move: Future Sight
|
|-weather|Sandstorm|[upkeep]
|-damage|p1a: Slowbro|1/100|[from] Sandstorm
|upkeep
|turn|28
|-message|LT92PF Templario forfeited.
|
|win|BLOODCLAT
|raw|LT92PF Templario's rating: 1758 &rarr; <strong>1743</strong><br />(-15 for losing)
|raw|BLOODCLAT's rating: 1848 &rarr; <strong>1863</strong><br />(+15 for winning)
|l|☆LT92PF Templario
|l|‽BLOODCLAT
|c| Xalvadore|I wonder what set that Ttar really is, offensive or defensive
|l|+Perry
|c| Xalvadore|Probably not choice band
