|j|☆polas18
|j|☆ldailey19
|t:|1630489032
|gametype|singles
|player|p1|polas18|lucas-gen4pt|1404
|player|p2|ldailey19|lance|1404
|teamsize|p1|6
|teamsize|p2|6
|gen|8
|tier|[Gen 8] OU
|rated|
|rule|Sleep Clause Mod: Limit one foe put to sleep
|rule|Species Clause: Limit one of each Pokémon
|rule|OHKO Clause: OHKO moves are banned
|rule|Evasion Moves Clause: Evasion moves are banned
|rule|Endless Battle Clause: Forcing endless battles is banned
|rule|HP Percentage Mod: HP is shown in percentages
|rule|Dynamax Clause: You cannot dynamax
|clearpoke
|poke|p1|Ferrothorn, M|
|poke|p1|Landorus-Therian, M|
|poke|p1|Heatran, M|
|poke|p1|Weavile, F|
|poke|p1|Dragapult, F|
|poke|p1|Slowking, F|
|poke|p2|Mew|
|poke|p2|Garchomp, F|
|poke|p2|Hawlucha, M|
|poke|p2|Magnezone|
|poke|p2|Hydreigon, F|
|poke|p2|Swampert, F|
|teampreview
|inactive|Battle timer is ON: inactive players will automatically lose when time's up. (requested by ldailey19)
|
|t:|1630489039
|start
|switch|p1a: Landorus|Landorus-Therian, M|100/100
|switch|p2a: Swampert|Swampert, F, shiny|100/100
|-ability|p1a: Landorus|Intimidate|boost
|-unboost|p2a: Swampert|atk|1
|turn|1
|
|t:|1630489049
|move|p1a: Landorus|U-turn|p2a: Swampert
|-damage|p2a: Swampert|85/100
|
|t:|1630489059
|switch|p1a: Ferrothorn|Ferrothorn, M|100/100|[from]move: U-turn
|move|p2a: Swampert|Ice Punch|p1a: Ferrothorn
|-damage|p1a: Ferrothorn|93/100
|-damage|p2a: Swampert|72/100|[from] ability: Iron Barbs|[of] p1a: Ferrothorn
|
|-heal|p1a: Ferrothorn|99/100|[from] item: Leftovers
|upkeep
|turn|2
|
|t:|1630489068
|move|p2a: Swampert|Stealth Rock|p1a: Ferrothorn
|-sidestart|p1: polas18|move: Stealth Rock
|move|p1a: Ferrothorn|Stealth Rock|p2a: Swampert
|-sidestart|p2: ldailey19|move: Stealth Rock
|
|-heal|p1a: Ferrothorn|100/100|[from] item: Leftovers
|upkeep
|turn|3
|
|t:|1630489076
|move|p2a: Swampert|Yawn|p1a: Ferrothorn
|-start|p1a: Ferrothorn|move: Yawn|[of] p2a: Swampert
|move|p1a: Ferrothorn|Knock Off|p2a: Swampert
|-damage|p2a: Swampert|58/100
|-enditem|p2a: Swampert|Rindo Berry|[from] move: Knock Off|[of] p1a: Ferrothorn
|
|upkeep
|turn|4
|
|t:|1630489085
|switch|p1a: Slowking|Slowking, F|100/100
|move|p2a: Swampert|Flip Turn|p1a: Slowking
|-resisted|p1a: Slowking
|-damage|p1a: Slowking|94/100
|
|t:|1630489100
|switch|p2a: Magnezone|Magnezone|100/100|[from]move: Flip Turn
|-damage|p2a: Magnezone|94/100|[from] Stealth Rock
|
|upkeep
|turn|5
|
|t:|1630489114
|switch|p1a: Landorus|Landorus-Therian, M|100/100
|-damage|p1a: Landorus|88/100|[from] Stealth Rock
|-ability|p1a: Landorus|Intimidate|boost
|-unboost|p2a: Magnezone|atk|1
|move|p2a: Magnezone|Flash Cannon|p1a: Landorus
|-damage|p1a: Landorus|28/100
|-unboost|p1a: Landorus|spd|1
|
|-heal|p1a: Landorus|34/100|[from] item: Leftovers
|upkeep
|turn|6
|
|t:|1630489134
|switch|p2a: Garchomp|Garchomp, F|100/100
|-damage|p2a: Garchomp|94/100|[from] Stealth Rock
|move|p1a: Landorus|Defog|p2a: Garchomp
|-unboost|p2a: Garchomp|evasion|1
|-sideend|p2: ldailey19|Stealth Rock|[from] move: Defog|[of] p1a: Landorus
|-sideend|p1: polas18|Stealth Rock|[from] move: Defog|[of] p1a: Landorus
|
|-heal|p1a: Landorus|40/100|[from] item: Leftovers
|upkeep
|turn|7
|
|t:|1630489145
|switch|p1a: Ferrothorn|Ferrothorn, M|100/100
|move|p2a: Garchomp|Swords Dance|p2a: Garchomp
|-boost|p2a: Garchomp|atk|2
|
|upkeep
|turn|8
|
|t:|1630489151
|move|p2a: Garchomp|Fire Fang|p1a: Ferrothorn
|-supereffective|p1a: Ferrothorn
|-damage|p1a: Ferrothorn|0 fnt
|-damage|p2a: Garchomp|82/100|[from] ability: Iron Barbs|[of] p1a: Ferrothorn
|faint|p1a: Ferrothorn
|
|upkeep
|
|t:|1630489160
|switch|p1a: Weavile|Weavile, F|100/100
|-ability|p1a: Weavile|Pressure
|turn|9
|
|t:|1630489174
|switch|p2a: Swampert|Swampert, F, shiny|58/100
|move|p1a: Weavile|Ice Shard|p2a: Swampert
|-damage|p2a: Swampert|39/100
|
|upkeep
|turn|10
|
|t:|1630489182
|switch|p1a: Slowking|Slowking, F|100/100
|move|p2a: Swampert|Stealth Rock|p1a: Slowking
|-sidestart|p1: polas18|move: Stealth Rock
|
|upkeep
|turn|11
|
|t:|1630489187
|move|p2a: Swampert|Yawn|p1a: Slowking
|-start|p1a: Slowking|move: Yawn|[of] p2a: Swampert
|move|p1a: Slowking|Future Sight|p2a: Swampert
|-start|p1a: Slowking|move: Future Sight
|
|upkeep
|turn|12
|
|t:|1630489195
|move|p2a: Swampert|Yawn||[still]
|-fail|p2a: Swampert
|move|p1a: Slowking|Teleport|p1a: Slowking
|
|t:|1630489204
|switch|p1a: Landorus|Landorus-Therian, M|40/100|[from]move: Teleport
|-damage|p1a: Landorus|28/100|[from] Stealth Rock
|-ability|p1a: Landorus|Intimidate|boost
|-unboost|p2a: Swampert|atk|1
|
|-heal|p1a: Landorus|34/100|[from] item: Leftovers
|upkeep
|turn|13
|
|t:|1630489213
|move|p1a: Landorus|Defog|p2a: Swampert
|-unboost|p2a: Swampert|evasion|1
|-sideend|p1: polas18|Stealth Rock|[from] move: Defog|[of] p1a: Landorus
|move|p2a: Swampert|Yawn|p1a: Landorus
|-start|p1a: Landorus|move: Yawn|[of] p2a: Swampert
|
|-end|p2a: Swampert|move: Future Sight
|-damage|p2a: Swampert|1/100
|-heal|p1a: Landorus|40/100|[from] item: Leftovers
|upkeep
|turn|14
|
|t:|1630489228
|move|p1a: Landorus|U-turn|p2a: Swampert
|-damage|p2a: Swampert|0 fnt
|faint|p2a: Swampert
|
|t:|1630489240
|switch|p1a: Weavile|Weavile, F|100/100|[from]move: U-turn
|-ability|p1a: Weavile|Pressure
|
|upkeep
|
|t:|1630489247
|switch|p2a: Magnezone|Magnezone|94/100
|turn|15
|
|t:|1630489271
|move|p1a: Weavile|Low Kick|p2a: Magnezone
|-supereffective|p2a: Magnezone
|-crit|p2a: Magnezone
|-damage|p2a: Magnezone|0 fnt
|faint|p2a: Magnezone
|
|upkeep
|
|t:|1630489286
|switch|p2a: Hydreigon|Hydreigon, F|100/100
|turn|16
|
|t:|1630489308
|switch|p1a: Heatran|Heatran, M|100/100
|move|p2a: Hydreigon|Flamethrower|p1a: Heatran
|-start|p1a: Heatran|ability: Flash Fire
|
|upkeep
|turn|17
|
|t:|1630489321
|switch|p2a: Garchomp|Garchomp, F|82/100
|move|p1a: Heatran|Toxic|p2a: Garchomp
|-status|p2a: Garchomp|tox
|
|-damage|p2a: Garchomp|76/100 tox|[from] psn
|upkeep
|turn|18
|
|t:|1630489330
|-end|p1a: Heatran|ability: Flash Fire|[silent]
|switch|p1a: Landorus|Landorus-Therian, M|40/100
|-ability|p1a: Landorus|Intimidate|boost
|-unboost|p2a: Garchomp|atk|1
|move|p2a: Garchomp|Swords Dance|p2a: Garchomp
|-boost|p2a: Garchomp|atk|2
|
|-heal|p1a: Landorus|46/100|[from] item: Leftovers
|-damage|p2a: Garchomp|64/100 tox|[from] psn
|upkeep
|turn|19
|
|t:|1630489341
|move|p2a: Garchomp|Outrage|p1a: Landorus
|-damage|p1a: Landorus|0 fnt
|faint|p1a: Landorus
|
|-damage|p2a: Garchomp|45/100 tox|[from] psn
|upkeep
|
|t:|1630489347
|switch|p1a: Slowking|Slowking, F|100/100
|turn|20
|
|t:|1630489350
|move|p2a: Garchomp|Outrage|p1a: Slowking|[from]lockedmove
|-damage|p1a: Slowking|22/100
|-start|p2a: Garchomp|confusion|[fatigue]
|move|p1a: Slowking|Slack Off|p1a: Slowking
|-heal|p1a: Slowking|73/100
|
|-damage|p2a: Garchomp|20/100 tox|[from] psn
|upkeep
|turn|21
|
|t:|1630489361
|-activate|p2a: Garchomp|confusion
|-damage|p2a: Garchomp|0 fnt|[from] confusion
|faint|p2a: Garchomp
|move|p1a: Slowking|Teleport|p1a: Slowking
|
|t:|1630489366
|switch|p1a: Weavile|Weavile, F|100/100|[from]move: Teleport
|-ability|p1a: Weavile|Pressure
|
|upkeep
|
|t:|1630489384
|switch|p2a: Hydreigon|Hydreigon, F|100/100
|turn|22
|
|t:|1630489395
|switch|p1a: Slowking|Slowking, F|100/100
|move|p2a: Hydreigon|Flamethrower|p1a: Slowking
|-resisted|p1a: Slowking
|-damage|p1a: Slowking|89/100
|
|upkeep
|turn|23
|
|t:|1630489416
|switch|p2a: Mew|Mew, shiny|100/100
|move|p1a: Slowking|Future Sight|p2a: Mew
|-start|p1a: Slowking|move: Future Sight
|
|upkeep
|turn|24
|
|t:|1630489423
|move|p2a: Mew|Nasty Plot|p2a: Mew
|-boost|p2a: Mew|spa|2
|move|p1a: Slowking|Teleport|p1a: Slowking
|
|t:|1630489427
|switch|p1a: Weavile|Weavile, F|100/100|[from]move: Teleport
|-ability|p1a: Weavile|Pressure
|
|upkeep
|turn|25
|
|t:|1630489435
|move|p1a: Weavile|Knock Off|p2a: Mew
|-supereffective|p2a: Mew
|-damage|p2a: Mew|0 fnt
|-enditem|p2a: Mew|Leftovers|[from] move: Knock Off|[of] p1a: Weavile
|faint|p2a: Mew
|
|-hint|Future Sight did not hit because the target is fainted.
|upkeep
|
|t:|1630489445
|switch|p2a: Hydreigon|Hydreigon, F|100/100
|turn|26
|
|t:|1630489451
|switch|p1a: Heatran|Heatran, M|100/100
|move|p2a: Hydreigon|Dark Pulse|p1a: Heatran
|-damage|p1a: Heatran|72/100
|
|-heal|p1a: Heatran|78/100|[from] item: Leftovers
|upkeep
|turn|27
|
|t:|1630489460
|move|p2a: Hydreigon|Dark Pulse|p1a: Heatran
|-damage|p1a: Heatran|49/100
|move|p1a: Heatran|Magma Storm|p2a: Hydreigon|[miss]
|-miss|p1a: Heatran|p2a: Hydreigon
|
|-heal|p1a: Heatran|55/100|[from] item: Leftovers
|upkeep
|turn|28
|
|t:|1630489468
|switch|p2a: Hawlucha|Hawlucha, M|100/100
|move|p1a: Heatran|Magma Storm|p2a: Hawlucha
|-damage|p2a: Hawlucha|28/100
|-activate|p2a: Hawlucha|move: Magma Storm|[of] p1a: Heatran
|-enditem|p2a: Hawlucha|Sitrus Berry|[eat]
|-heal|p2a: Hawlucha|53/100|[from] item: Sitrus Berry
|
|-heal|p1a: Heatran|61/100|[from] item: Leftovers
|-damage|p2a: Hawlucha|40/100|[from] move: Magma Storm|[partiallytrapped]
|upkeep
|turn|29
|
|t:|1630489481
|switch|p1a: Dragapult|Dragapult, F|100/100
|move|p2a: Hawlucha|Drain Punch|p1a: Dragapult
|-immune|p1a: Dragapult
|
|-end|p2a: Hawlucha|Magma Storm|[partiallytrapped]|[silent]
|upkeep
|turn|30
|
|t:|1630489489
|move|p2a: Hawlucha|Brave Bird|p1a: Dragapult
|-damage|p1a: Dragapult|24/100
|-damage|p2a: Hawlucha|13/100|[from] Recoil
|move|p1a: Dragapult|Shadow Ball|p2a: Hawlucha
|-damage|p2a: Hawlucha|0 fnt
|faint|p2a: Hawlucha
|
|upkeep
|
|t:|1630489497
|switch|p2a: Hydreigon|Hydreigon, F|100/100
|turn|31
|
|t:|1630489502
|switch|p1a: Heatran|Heatran, M|61/100
|move|p2a: Hydreigon|Dark Pulse|p1a: Heatran
|-damage|p1a: Heatran|31/100
|
|-heal|p1a: Heatran|38/100|[from] item: Leftovers
|upkeep
|turn|32
|c|☆polas18|hyfreigon scarf ?
|
|t:|1630489526
|move|p2a: Hydreigon|Dark Pulse|p1a: Heatran
|-damage|p1a: Heatran|8/100
|cant|p1a: Heatran|flinch
|
|-heal|p1a: Heatran|14/100|[from] item: Leftovers
|upkeep
|turn|33
|c|☆ldailey19|yes
|c|☆ldailey19|not that it matters
|
|t:|1630489536
|move|p2a: Hydreigon|Dark Pulse|p1a: Heatran
|-damage|p1a: Heatran|0 fnt
|faint|p1a: Heatran
|
|upkeep
|
|t:|1630489550
|switch|p1a: Weavile|Weavile, F|100/100
|-ability|p1a: Weavile|Pressure
|turn|34
|c|☆ldailey19|weavile boutta murder me
|
|t:|1630489558
|move|p2a: Hydreigon|Dark Pulse|p1a: Weavile
|-resisted|p1a: Weavile
|-damage|p1a: Weavile|72/100
|move|p1a: Weavile|Triple Axel|p2a: Hydreigon
|-supereffective|p2a: Hydreigon
|-damage|p2a: Hydreigon|65/100
|-supereffective|p2a: Hydreigon
|-damage|p2a: Hydreigon|0 fnt
|faint|p2a: Hydreigon
|-hitcount|p2: Hydreigon|2
|
|win|polas18
|raw|polas18's rating: 1404 &rarr; <strong>1424</strong><br />(+20 for winning)
|raw|ldailey19's rating: 1404 &rarr; <strong>1384</strong><br />(-20 for losing)
|c|☆polas18|gg
|c|☆ldailey19|gg
|l|☆ldailey19
