|raw|<div class="broadcast-blue"><strong>This battle is required to be public due to a player having a name starting with 'lt92pf'.</div>
|j|☆tolstoy
|j|☆LT92PF El Mainer
|t:|1660149757
|gametype|singles
|player|p1|tolstoy|#lax|1846
|player|p2|LT92PF El Mainer|102|1912
|teamsize|p1|6
|teamsize|p2|6
|gen|8
|tier|[Gen 8] OU
|rated|
|rule|Sleep Clause Mod: Limit one foe put to sleep
|rule|Species Clause: Limit one of each Pokémon
|rule|OHKO Clause: OHKO moves are banned
|rule|Evasion Items Clause: Evasion items are banned
|rule|Evasion Moves Clause: Evasion moves are banned
|rule|Endless Battle Clause: Forcing endless battles is banned
|rule|HP Percentage Mod: HP is shown in percentages
|rule|Dynamax Clause: You cannot dynamax
|clearpoke
|poke|p1|Regieleki|
|poke|p1|Skarmory, M|
|poke|p1|Weavile, M|
|poke|p1|Zeraora|
|poke|p1|Dragonite, M|
|poke|p1|Tapu Lele|
|poke|p2|Volcanion|
|poke|p2|Ninetales-Alola, M|
|poke|p2|Corviknight, M|
|poke|p2|Arctozolt|
|poke|p2|Landorus-Therian, M|
|poke|p2|Tornadus-Therian, M|
|teampreview
|inactive|Battle timer is ON: inactive players will automatically lose when time's up. (requested by tolstoy)
|j| Vessev
|
|t:|1660149773
|start
|switch|p1a: Skarmory|Skarmory, M|100/100
|switch|p2a: The Strap Winds|Ninetales-Alola, M|100/100
|-weather|Hail|[from] ability: Snow Warning|[of] p2a: The Strap Winds
|turn|1
|l| Vessev
|
|t:|1660149777
|switch|p2a: The Strap.|Arctozolt|100/100
|move|p1a: Skarmory|Stealth Rock|p2a: The Strap.
|-sidestart|p2: LT92PF El Mainer|move: Stealth Rock
|
|-weather|Hail|[upkeep]
|-damage|p1a: Skarmory|94/100|[from] Hail
|upkeep
|turn|2
|j| Vessev
|
|t:|1660149782
|switch|p1a: Zeraora|Zeraora|100/100
|move|p2a: The Strap.|Substitute|p2a: The Strap.
|-start|p2a: The Strap.|Substitute
|-damage|p2a: The Strap.|76/100
|
|-weather|Hail|[upkeep]
|-damage|p1a: Zeraora|94/100|[from] Hail
|-heal|p2a: The Strap.|82/100|[from] item: Leftovers
|upkeep
|turn|3
|l| Vessev
|
|t:|1660149786
|move|p2a: The Strap.|Blizzard|p1a: Zeraora
|-damage|p1a: Zeraora|55/100
|move|p1a: Zeraora|Drain Punch|p2a: The Strap.
|-supereffective|p2a: The Strap.
|-end|p2a: The Strap.|Substitute
|-heal|p1a: Zeraora|66/100|[from] drain|[of] p2a: The Strap.
|
|-weather|Hail|[upkeep]
|-damage|p1a: Zeraora|60/100|[from] Hail
|-heal|p2a: The Strap.|88/100|[from] item: Leftovers
|upkeep
|turn|4
|
|t:|1660149792
|move|p2a: The Strap.|Blizzard|p1a: Zeraora
|-damage|p1a: Zeraora|16/100
|move|p1a: Zeraora|Knock Off|p2a: The Strap.
|-damage|p2a: The Strap.|53/100
|-enditem|p2a: The Strap.|Leftovers|[from] move: Knock Off|[of] p1a: Zeraora
|
|-weather|Hail|[upkeep]
|-damage|p1a: Zeraora|10/100|[from] Hail
|upkeep
|turn|5
|j| LT91BB Livio
|
|t:|1660149795
|switch|p1a: Skarmory|Skarmory, M|94/100
|move|p2a: The Strap.|Blizzard|p1a: Skarmory
|-damage|p1a: Skarmory|29/100
|
|-weather|Hail|[upkeep]
|-damage|p1a: Skarmory|23/100|[from] Hail
|upkeep
|turn|6
|-enditem|p1a: Skarmory|Custap Berry|[eat]
|-activate|p1a: Skarmory|item: Custap Berry|[consumed]
|
|t:|1660149802
|move|p1a: Skarmory|Body Press|p2a: The Strap.
|-supereffective|p2a: The Strap.
|-damage|p2a: The Strap.|0 fnt
|faint|p2a: The Strap.
|
|-weather|Hail|[upkeep]
|-damage|p1a: Skarmory|16/100|[from] Hail
|upkeep
|j| Vessev
|j| Nature_K QaQ
|
|t:|1660149806
|switch|p2a: The Strap Genie|Tornadus-Therian, M|100/100
|-damage|p2a: The Strap Genie|76/100|[from] Stealth Rock
|turn|7
|l| Vessev
|j| ourghostingduties
|j| LT92PF Scottie
|
|t:|1660149809
|switch|p1a: Zeraora|Zeraora|10/100
|move|p2a: The Strap Genie|Heat Wave|p1a: Zeraora
|-crit|p1a: Zeraora
|-damage|p1a: Zeraora|0 fnt
|faint|p1a: Zeraora
|
|-weather|Hail|[upkeep]
|-damage|p2a: The Strap Genie|69/100|[from] Hail
|upkeep
|j| LT92PF SW
|j| LT92PF rej
|l| LT91BB Livio
|
|t:|1660149816
|switch|p1a: Regieleki|Regieleki|100/100
|turn|8
|
|t:|1660149819
|move|p1a: Regieleki|Wild Charge|p2a: The Strap Genie
|-supereffective|p2a: The Strap Genie
|-damage|p2a: The Strap Genie|0 fnt
|faint|p2a: The Strap Genie
|-damage|p1a: Regieleki|80/100|[from] Recoil
|-damage|p1a: Regieleki|70/100|[from] item: Life Orb
|
|-weather|none
|upkeep
|l| LT92PF SW
|
|t:|1660149822
|switch|p2a: Carson|Landorus-Therian, M|100/100
|-damage|p2a: Carson|88/100|[from] Stealth Rock
|-ability|p2a: Carson|Intimidate|boost
|-unboost|p1a: Regieleki|atk|1
|turn|9
|
|t:|1660149824
|move|p1a: Regieleki|Explosion|p2a: Carson
|-damage|p2a: Carson|20/100
|faint|p1a: Regieleki
|move|p2a: Carson|Defog|p1: Regieleki|[notarget]
|-fail|p2a: Carson
|
|-heal|p2a: Carson|26/100|[from] item: Leftovers
|upkeep
|j| LT92PF Killua
|j| Tace
|j| LT92PF Isza
|c|☆LT92PF El Mainer|Hey yoooo
|j| Panda Menor
|
|t:|1660149848
|switch|p1a: Skarmory|Skarmory, M|16/100
|turn|10
|
|t:|1660149855
|switch|p2a: The Strapcano|Volcanion|100/100
|-damage|p2a: The Strapcano|76/100|[from] Stealth Rock
|move|p1a: Skarmory|Taunt|p2a: The Strapcano
|-start|p2a: The Strapcano|move: Taunt
|
|upkeep
|turn|11
|
|t:|1660149858
|move|p1a: Skarmory|Spikes|p2a: The Strapcano
|-sidestart|p2: LT92PF El Mainer|Spikes
|move|p2a: The Strapcano|Flamethrower|p1a: Skarmory
|-supereffective|p1a: Skarmory
|-damage|p1a: Skarmory|0 fnt
|faint|p1a: Skarmory
|
|upkeep
|j| Waylaid
|
|t:|1660149867
|switch|p1a: Dragonite|Dragonite, M|100/100
|turn|12
|
|t:|1660149869
|move|p1a: Dragonite|Dragon Dance|p1a: Dragonite
|-boost|p1a: Dragonite|atk|1
|-boost|p1a: Dragonite|spe|1
|move|p2a: The Strapcano|Flamethrower|p1a: Dragonite
|-resisted|p1a: Dragonite
|-damage|p1a: Dragonite|80/100
|
|-end|p2a: The Strapcano|move: Taunt
|upkeep
|turn|13
|
|t:|1660149872
|switch|p2a: The Corvonsolo|Corviknight, M|100/100
|-damage|p2a: The Corvonsolo|88/100|[from] Stealth Rock
|-ability|p2a: The Corvonsolo|Pressure
|move|p1a: Dragonite|Dragon Dance|p1a: Dragonite
|-boost|p1a: Dragonite|atk|1
|-boost|p1a: Dragonite|spe|1
|
|upkeep
|turn|14
|j| LT92PF agmmys
|
|t:|1660149874
|move|p1a: Dragonite|Dragon Dance|p1a: Dragonite
|-boost|p1a: Dragonite|atk|1
|-boost|p1a: Dragonite|spe|1
|move|p2a: The Corvonsolo|Defog|p1a: Dragonite
|-unboost|p1a: Dragonite|evasion|1
|-sideend|p2: LT92PF El Mainer|Spikes|[from] move: Defog|[of] p2a: The Corvonsolo
|-sideend|p2: LT92PF El Mainer|Stealth Rock|[from] move: Defog|[of] p2a: The Corvonsolo
|
|upkeep
|turn|15
|
|t:|1660149878
|move|p1a: Dragonite|Dragon Dance|p1a: Dragonite
|-boost|p1a: Dragonite|atk|1
|-boost|p1a: Dragonite|spe|1
|move|p2a: The Corvonsolo|Roost|p2a: The Corvonsolo
|-heal|p2a: The Corvonsolo|100/100
|-singleturn|p2a: The Corvonsolo|move: Roost
|
|upkeep
|turn|16
|
|t:|1660149882
|move|p1a: Dragonite|Ice Punch|p2a: The Corvonsolo
|-damage|p2a: The Corvonsolo|51/100
|-damage|p1a: Dragonite|63/100|[from] item: Rocky Helmet|[of] p2a: The Corvonsolo
|move|p2a: The Corvonsolo|U-turn|p1a: Dragonite
|-resisted|p1a: Dragonite
|-damage|p1a: Dragonite|56/100
|
|t:|1660149886
|switch|p2a: The Strap Winds|Ninetales-Alola, M|100/100|[from]move: U-turn
|-weather|Hail|[from] ability: Snow Warning|[of] p2a: The Strap Winds
|
|-weather|Hail|[upkeep]
|-damage|p1a: Dragonite|50/100|[from] Hail
|upkeep
|turn|17
|
|t:|1660149889
|switch|p2a: Carson|Landorus-Therian, M|26/100
|-ability|p2a: Carson|Intimidate|boost
|-unboost|p1a: Dragonite|atk|1
|move|p1a: Dragonite|Extreme Speed|p2a: Carson
|-damage|p2a: Carson|0 fnt
|faint|p2a: Carson
|
|-weather|Hail|[upkeep]
|-damage|p1a: Dragonite|44/100|[from] Hail
|upkeep
|
|t:|1660149891
|switch|p2a: The Corvonsolo|Corviknight, M|51/100
|-ability|p2a: The Corvonsolo|Pressure
|turn|18
|
|t:|1660149895
|move|p1a: Dragonite|Dragon Dance|p1a: Dragonite
|-boost|p1a: Dragonite|atk|1
|-boost|p1a: Dragonite|spe|1
|move|p2a: The Corvonsolo|Roost|p2a: The Corvonsolo
|-heal|p2a: The Corvonsolo|100/100
|-singleturn|p2a: The Corvonsolo|move: Roost
|
|-weather|Hail|[upkeep]
|-damage|p1a: Dragonite|37/100|[from] Hail
|-damage|p2a: The Corvonsolo|94/100|[from] Hail
|upkeep
|turn|19
|
|t:|1660149898
|move|p1a: Dragonite|Dragon Dance|p1a: Dragonite
|-boost|p1a: Dragonite|atk|1
|-boost|p1a: Dragonite|spe|1
|move|p2a: The Corvonsolo|Roost|p2a: The Corvonsolo
|-heal|p2a: The Corvonsolo|100/100
|-singleturn|p2a: The Corvonsolo|move: Roost
|
|-weather|Hail|[upkeep]
|-damage|p1a: Dragonite|31/100|[from] Hail
|-damage|p2a: The Corvonsolo|94/100|[from] Hail
|upkeep
|turn|20
|j| Shafofficiel
|
|t:|1660149902
|move|p1a: Dragonite|Dragon Dance|p1a: Dragonite
|-boost|p1a: Dragonite|atk|1
|-boost|p1a: Dragonite|spe|0
|move|p2a: The Corvonsolo|Roost|p2a: The Corvonsolo
|-heal|p2a: The Corvonsolo|100/100
|-singleturn|p2a: The Corvonsolo|move: Roost
|
|-weather|Hail|[upkeep]
|-damage|p1a: Dragonite|25/100|[from] Hail
|-damage|p2a: The Corvonsolo|94/100|[from] Hail
|upkeep
|turn|21
|j| lt92pf star
|
|t:|1660149909
|move|p1a: Dragonite|Ice Punch|p2a: The Corvonsolo
|-damage|p2a: The Corvonsolo|33/100
|-damage|p1a: Dragonite|9/100|[from] item: Rocky Helmet|[of] p2a: The Corvonsolo
|move|p2a: The Corvonsolo|Roost|p2a: The Corvonsolo
|-heal|p2a: The Corvonsolo|83/100
|-singleturn|p2a: The Corvonsolo|move: Roost
|
|-weather|Hail|[upkeep]
|-damage|p1a: Dragonite|2/100|[from] Hail
|-damage|p2a: The Corvonsolo|77/100|[from] Hail
|upkeep
|turn|22
|j| LT92PF pop smoke
|c| LT92PF Killua|tu no mete cabra
|
|t:|1660149913
|move|p1a: Dragonite|Ice Punch|p2a: The Corvonsolo
|-damage|p2a: The Corvonsolo|9/100
|-damage|p1a: Dragonite|0 fnt|[from] item: Rocky Helmet|[of] p2a: The Corvonsolo
|faint|p1a: Dragonite
|move|p2a: The Corvonsolo|Roost|p2a: The Corvonsolo
|-heal|p2a: The Corvonsolo|59/100
|-singleturn|p2a: The Corvonsolo|move: Roost
|
|-weather|Hail|[upkeep]
|-damage|p2a: The Corvonsolo|53/100|[from] Hail
|upkeep
|
|t:|1660149919
|switch|p1a: Tapu Lele|Tapu Lele|100/100
|-fieldstart|move: Psychic Terrain|[from] ability: Psychic Surge|[of] p1a: Tapu Lele
|turn|23
|
|t:|1660149923
|move|p1a: Tapu Lele|Calm Mind|p1a: Tapu Lele
|-boost|p1a: Tapu Lele|spa|1
|-boost|p1a: Tapu Lele|spd|1
|move|p2a: The Corvonsolo|U-turn|p1a: Tapu Lele
|-damage|p1a: Tapu Lele|87/100
|j| arnavgupta
|
|t:|1660149926
|switch|p2a: The Strap Winds|Ninetales-Alola, M|100/100|[from]move: U-turn
|
|-weather|none
|upkeep
|turn|24
|c|☆tolstoy|do u have encore
|
|t:|1660149934
|move|p2a: The Strap Winds|Encore|p1a: Tapu Lele
|-start|p1a: Tapu Lele|Encore
|move|p1a: Tapu Lele|Calm Mind|p1a: Tapu Lele
|-boost|p1a: Tapu Lele|spa|1
|-boost|p1a: Tapu Lele|spd|1
|
|upkeep
|turn|25
|j| LT92PF Shurt
|
|t:|1660149938
|move|p2a: The Strap Winds|Moonblast|p1a: Tapu Lele
|-damage|p1a: Tapu Lele|73/100
|move|p1a: Tapu Lele|Calm Mind|p1a: Tapu Lele
|-boost|p1a: Tapu Lele|spa|1
|-boost|p1a: Tapu Lele|spd|1
|
|upkeep
|turn|26
|j| liet32120
|
|t:|1660149942
|move|p2a: The Strap Winds|Moonblast|p1a: Tapu Lele
|-damage|p1a: Tapu Lele|63/100
|move|p1a: Tapu Lele|Calm Mind|p1a: Tapu Lele
|-boost|p1a: Tapu Lele|spa|1
|-boost|p1a: Tapu Lele|spd|1
|
|-end|p1a: Tapu Lele|Encore
|upkeep
|turn|27
|
|t:|1660149946
|switch|p1a: Weavile|Weavile, M|100/100
|-ability|p1a: Weavile|Pressure
|move|p2a: The Strap Winds|Encore||[still]
|-fail|p2a: The Strap Winds
|
|-fieldend|move: Psychic Terrain
|upkeep
|turn|28
|
|t:|1660149950
|move|p1a: Weavile|Swords Dance|p1a: Weavile
|-boost|p1a: Weavile|atk|2
|move|p2a: The Strap Winds|Moonblast|p1a: Weavile
|-supereffective|p1a: Weavile
|-damage|p1a: Weavile|29/100
|
|upkeep
|turn|29
|
|t:|1660149956
|switch|p2a: The Corvonsolo|Corviknight, M|53/100
|-ability|p2a: The Corvonsolo|Pressure
|move|p1a: Weavile|Knock Off|p2a: The Corvonsolo
|-damage|p2a: The Corvonsolo|0 fnt
|-damage|p1a: Weavile|13/100|[from] item: Rocky Helmet|[of] p2a: The Corvonsolo
|-enditem|p2a: The Corvonsolo|Rocky Helmet|[from] move: Knock Off|[of] p1a: Weavile
|faint|p2a: The Corvonsolo
|-damage|p1a: Weavile|3/100|[from] item: Life Orb
|
|upkeep
|
|t:|1660149966
|switch|p2a: The Strapcano|Volcanion|76/100
|turn|30
|
|t:|1660149973
|move|p1a: Weavile|Triple Axel|p2a: The Strapcano
|-resisted|p2a: The Strapcano
|-damage|p2a: The Strapcano|68/100
|-resisted|p2a: The Strapcano
|-damage|p2a: The Strapcano|54/100
|-resisted|p2a: The Strapcano
|-damage|p2a: The Strapcano|34/100
|-hitcount|p2a: The Strapcano|3
|-damage|p1a: Weavile|0 fnt|[from] item: Life Orb
|faint|p1a: Weavile
|move|p2a: The Strapcano|Sludge Bomb|p1: Weavile|[notarget]
|-fail|p2a: The Strapcano
|
|upkeep
|
|t:|1660149976
|switch|p1a: Tapu Lele|Tapu Lele|63/100
|-fieldstart|move: Psychic Terrain|[from] ability: Psychic Surge|[of] p1a: Tapu Lele
|turn|31
|
|t:|1660149987
|move|p1a: Tapu Lele|Psyshock|p2a: The Strapcano
|-damage|p2a: The Strapcano|0 fnt
|faint|p2a: The Strapcano
|-damage|p1a: Tapu Lele|53/100|[from] item: Life Orb
|
|upkeep
|j| LT92PF Ayk
|
|t:|1660149991
|switch|p2a: The Strap Winds|Ninetales-Alola, M|100/100
|-weather|Hail|[from] ability: Snow Warning|[of] p2a: The Strap Winds
|turn|32
|
|t:|1660149995
|move|p2a: The Strap Winds|Moonblast|p1a: Tapu Lele
|-damage|p1a: Tapu Lele|30/100
|move|p1a: Tapu Lele|Psyshock|p2a: The Strap Winds
|-damage|p2a: The Strap Winds|30/100
|-damage|p1a: Tapu Lele|20/100|[from] item: Life Orb
|
|-weather|Hail|[upkeep]
|-damage|p1a: Tapu Lele|14/100|[from] Hail
|upkeep
|turn|33
|c|☆tolstoy|fk
|c|☆tolstoy|gg
|
|t:|1660150004
|move|p2a: The Strap Winds|Moonblast|p1a: Tapu Lele
|-damage|p1a: Tapu Lele|0 fnt
|faint|p1a: Tapu Lele
|
|win|LT92PF El Mainer
|raw|tolstoy's rating: 1846 &rarr; <strong>1830</strong><br />(-16 for losing)
|raw|LT92PF El Mainer's rating: 1912 &rarr; <strong>1928</strong><br />(+16 for winning)
|l|☆tolstoy
