|raw|<div class="broadcast-blue"><strong>This battle is required to be public due to a player having a name starting with 'lt91bb'.</div>
|j|☆antarctozolt
|j|☆LT91BB NeoNaruto®+
|t:|1658912121
|gametype|singles
|player|p1|antarctozolt|elesa|1816
|player|p2|LT91BB NeoNaruto®+|burglar-gen1rb|1727
|teamsize|p1|6
|teamsize|p2|6
|gen|8
|tier|[Gen 8] OU
|rated|
|rule|Sleep Clause Mod: Limit one foe put to sleep
|rule|Species Clause: Limit one of each Pokémon
|rule|OHKO Clause: OHKO moves are banned
|rule|Evasion Moves Clause: Evasion moves are banned
|rule|Endless Battle Clause: Forcing endless battles is banned
|rule|HP Percentage Mod: HP is shown in percentages
|rule|Dynamax Clause: You cannot dynamax
|clearpoke
|poke|p1|Blaziken, M|
|poke|p1|Landorus-Therian, M|
|poke|p1|Melmetal|
|poke|p1|Hawlucha, M|
|poke|p1|Toxapex, M|
|poke|p1|Tapu Lele|
|poke|p2|Landorus-Therian, M|
|poke|p2|Slowbro, F|
|poke|p2|Tapu Koko|
|poke|p2|Dragonite, M|
|poke|p2|Darmanitan, F|
|poke|p2|Tyranitar, M|
|teampreview
|inactive|Battle timer is ON: inactive players will automatically lose when time's up. (requested by LT91BB NeoNaruto®+)
|
|t:|1658912142
|start
|switch|p1a: Landorus|Landorus-Therian, M, shiny|100/100
|switch|p2a: Bernie Landers|Landorus-Therian, M|100/100
|-ability|p1a: Landorus|Intimidate|boost
|-unboost|p2a: Bernie Landers|atk|1
|-ability|p2a: Bernie Landers|Intimidate|boost
|-unboost|p1a: Landorus|atk|1
|turn|1
|
|t:|1658912144
|move|p1a: Landorus|Toxic|p2a: Bernie Landers
|-status|p2a: Bernie Landers|tox
|move|p2a: Bernie Landers|Toxic|p1a: Landorus|[miss]
|-miss|p2a: Bernie Landers|p1a: Landorus
|
|-damage|p2a: Bernie Landers|94/100 tox|[from] psn
|upkeep
|turn|2
|
|t:|1658912152
|switch|p1a: Melmetal|Melmetal, shiny|100/100
|move|p2a: Bernie Landers|Toxic|p1a: Melmetal
|-immune|p1a: Melmetal
|
|-damage|p2a: Bernie Landers|82/100 tox|[from] psn
|upkeep
|turn|3
|
|t:|1658912157
|move|p2a: Bernie Landers|U-turn|p1a: Melmetal
|-resisted|p1a: Melmetal
|-damage|p1a: Melmetal|96/100
|inactive|LT91BB NeoNaruto®+ has 120 seconds left.
|
|t:|1658912192
|switch|p2a: spvceghvstpvrrp|Slowbro, F, shiny|100/100|[from]move: U-turn
|move|p1a: Melmetal|Double Iron Bash|p2a: spvceghvstpvrrp
|-resisted|p2a: spvceghvstpvrrp
|-damage|p2a: spvceghvstpvrrp|88/100
|-damage|p1a: Melmetal|79/100|[from] item: Rocky Helmet|[of] p2a: spvceghvstpvrrp
|-resisted|p2a: spvceghvstpvrrp
|-damage|p2a: spvceghvstpvrrp|75/100
|-damage|p1a: Melmetal|62/100|[from] item: Rocky Helmet|[of] p2a: spvceghvstpvrrp
|-hitcount|p2a: spvceghvstpvrrp|2
|
|-heal|p1a: Melmetal|69/100|[from] item: Leftovers
|upkeep
|turn|4
|j| LT91BB ironwater
|
|t:|1658912195
|move|p1a: Melmetal|Toxic|p2a: spvceghvstpvrrp
|-status|p2a: spvceghvstpvrrp|tox
|move|p2a: spvceghvstpvrrp|Future Sight|p1a: Melmetal
|-start|p2a: spvceghvstpvrrp|move: Future Sight
|
|-heal|p1a: Melmetal|75/100|[from] item: Leftovers
|-damage|p2a: spvceghvstpvrrp|69/100 tox|[from] psn
|upkeep
|turn|5
|j| TakingNotesKinda
|
|t:|1658912201
|move|p1a: Melmetal|Earthquake|p2a: spvceghvstpvrrp
|-damage|p2a: spvceghvstpvrrp|45/100 tox
|move|p2a: spvceghvstpvrrp|Teleport|p2a: spvceghvstpvrrp
|j| barracades
|inactive|LT91BB NeoNaruto®+ has 120 seconds left.
|
|t:|1658912222
|switch|p2a: PURRP FOR SALE|Darmanitan, F|100/100|[from]move: Teleport
|
|-heal|p1a: Melmetal|81/100|[from] item: Leftovers
|upkeep
|turn|6
|
|t:|1658912224
|move|p1a: Melmetal|Protect|p1a: Melmetal
|-singleturn|p1a: Melmetal|Protect
|move|p2a: PURRP FOR SALE|Flare Blitz|p1a: Melmetal
|-activate|p1a: Melmetal|move: Protect
|
|-end|p1a: Melmetal|move: Future Sight
|-resisted|p1a: Melmetal
|-damage|p1a: Melmetal|62/100
|-heal|p1a: Melmetal|69/100|[from] item: Leftovers
|upkeep
|turn|7
|j| LT91BB Jqlove
|j| oraacle
|
|t:|1658912240
|switch|p2a: Bernie Landers|Landorus-Therian, M|82/100 tox
|-ability|p2a: Bernie Landers|Intimidate|boost
|-unboost|p1a: Melmetal|atk|1
|switch|p1a: Toxapex|Toxapex, M|100/100
|
|-damage|p2a: Bernie Landers|76/100 tox|[from] psn
|upkeep
|turn|8
|j| flemzy2
|
|t:|1658912247
|switch|p1a: Landorus|Landorus-Therian, M, shiny|100/100
|-ability|p1a: Landorus|Intimidate|boost
|-unboost|p2a: Bernie Landers|atk|1
|move|p2a: Bernie Landers|Stealth Rock|p1a: Landorus
|-sidestart|p1: antarctozolt|move: Stealth Rock
|
|-damage|p2a: Bernie Landers|64/100 tox|[from] psn
|upkeep
|turn|9
|
|t:|1658912248
|move|p1a: Landorus|Stealth Rock|p2a: Bernie Landers
|-sidestart|p2: LT91BB NeoNaruto®+|move: Stealth Rock
|move|p2a: Bernie Landers|Toxic|p1a: Landorus
|-status|p1a: Landorus|tox
|
|-damage|p1a: Landorus|94/100 tox|[from] psn
|-damage|p2a: Bernie Landers|46/100 tox|[from] psn
|upkeep
|turn|10
|
|t:|1658912250
|switch|p1a: Toxapex|Toxapex, M|100/100
|-damage|p1a: Toxapex|88/100|[from] Stealth Rock
|move|p2a: Bernie Landers|Knock Off|p1a: Toxapex
|-damage|p1a: Toxapex|76/100
|-enditem|p1a: Toxapex|Eject Button|[from] move: Knock Off|[of] p2a: Bernie Landers
|
|-damage|p2a: Bernie Landers|22/100 tox|[from] psn
|upkeep
|turn|11
|l| flemzy2
|
|t:|1658912256
|switch|p2a: spvceghvstpvrrp|Slowbro, F, shiny|79/100 tox
|-damage|p2a: spvceghvstpvrrp|66/100 tox|[from] Stealth Rock
|move|p1a: Toxapex|Recover|p1a: Toxapex
|-heal|p1a: Toxapex|100/100
|
|-damage|p2a: spvceghvstpvrrp|60/100 tox|[from] psn
|upkeep
|turn|12
|
|t:|1658912260
|switch|p1a: Tapu Lele|Tapu Lele|100/100
|-damage|p1a: Tapu Lele|88/100|[from] Stealth Rock
|-fieldstart|move: Psychic Terrain|[from] ability: Psychic Surge|[of] p1a: Tapu Lele
|move|p2a: spvceghvstpvrrp|Teleport|p2a: spvceghvstpvrrp
|j| croo
|
|t:|1658912264
|switch|p2a: DA LAST REX(3005)|Tyranitar, M|100/100|[from]move: Teleport
|-damage|p2a: DA LAST REX(3005)|88/100|[from] Stealth Rock
|-weather|Sandstorm|[from] ability: Sand Stream|[of] p2a: DA LAST REX(3005)
|
|-weather|Sandstorm|[upkeep]
|-damage|p1a: Tapu Lele|82/100|[from] Sandstorm
|upkeep
|turn|13
|
|t:|1658912268
|switch|p1a: Toxapex|Toxapex, M|100/100
|-damage|p1a: Toxapex|88/100|[from] Stealth Rock
|move|p2a: DA LAST REX(3005)|Heavy Slam|p1a: Toxapex
|-resisted|p1a: Toxapex
|-damage|p1a: Toxapex|78/100
|
|-weather|Sandstorm|[upkeep]
|-damage|p1a: Toxapex|72/100|[from] Sandstorm
|upkeep
|turn|14
|j| flemzy2
|
|t:|1658912275
|move|p2a: DA LAST REX(3005)|Earthquake|p1a: Toxapex
|-supereffective|p1a: Toxapex
|-damage|p1a: Toxapex|33/100
|move|p1a: Toxapex|Scald|p2a: DA LAST REX(3005)
|-supereffective|p2a: DA LAST REX(3005)
|-damage|p2a: DA LAST REX(3005)|77/100
|-status|p2a: DA LAST REX(3005)|brn
|
|-weather|Sandstorm|[upkeep]
|-damage|p1a: Toxapex|27/100|[from] Sandstorm
|-damage|p2a: DA LAST REX(3005)|70/100 brn|[from] brn
|upkeep
|turn|15
|
|t:|1658912279
|switch|p2a: VODECi|Tapu Koko|100/100
|-damage|p2a: VODECi|88/100|[from] Stealth Rock
|-fieldstart|move: Electric Terrain|[from] ability: Electric Surge|[of] p2a: VODECi
|move|p1a: Toxapex|Recover|p1a: Toxapex
|-heal|p1a: Toxapex|77/100
|
|-weather|Sandstorm|[upkeep]
|-damage|p2a: VODECi|82/100|[from] Sandstorm
|-damage|p1a: Toxapex|71/100|[from] Sandstorm
|upkeep
|turn|16
|j| arbok13
|j| Ctannn
|
|t:|1658912286
|switch|p1a: Landorus|Landorus-Therian, M, shiny|94/100 tox
|-damage|p1a: Landorus|82/100 tox|[from] Stealth Rock
|-ability|p1a: Landorus|Intimidate|boost
|-unboost|p2a: VODECi|atk|1
|move|p2a: VODECi|Dazzling Gleam|p1a: Landorus
|-damage|p1a: Landorus|41/100 tox
|
|-weather|none
|-heal|p1a: Landorus|47/100 tox|[from] item: Leftovers
|-damage|p1a: Landorus|41/100 tox|[from] psn
|upkeep
|turn|17
|
|t:|1658912291
|switch|p1a: Melmetal|Melmetal, shiny|69/100
|-damage|p1a: Melmetal|62/100|[from] Stealth Rock
|move|p2a: VODECi|Dazzling Gleam|p1a: Melmetal
|-resisted|p1a: Melmetal
|-damage|p1a: Melmetal|36/100
|
|-heal|p1a: Melmetal|43/100|[from] item: Leftovers
|upkeep
|turn|18
|l| arbok13
|j| ownerfloor
|
|t:|1658912296
|switch|p2a: spvceghvstpvrrp|Slowbro, F, shiny|93/100 tox
|-damage|p2a: spvceghvstpvrrp|81/100 tox|[from] Stealth Rock
|move|p1a: Melmetal|Earthquake|p2a: spvceghvstpvrrp
|-damage|p2a: spvceghvstpvrrp|55/100 tox
|
|-heal|p1a: Melmetal|49/100|[from] item: Leftovers
|-damage|p2a: spvceghvstpvrrp|49/100 tox|[from] psn
|upkeep
|turn|19
|
|t:|1658912299
|move|p1a: Melmetal|Earthquake|p2a: spvceghvstpvrrp
|-damage|p2a: spvceghvstpvrrp|24/100 tox
|move|p2a: spvceghvstpvrrp|Teleport|p2a: spvceghvstpvrrp
|
|t:|1658912301
|switch|p2a: Bernie Landers|Landorus-Therian, M|22/100 tox|[from]move: Teleport
|-damage|p2a: Bernie Landers|10/100 tox|[from] Stealth Rock
|-ability|p2a: Bernie Landers|Intimidate|boost
|-unboost|p1a: Melmetal|atk|1
|
|-heal|p1a: Melmetal|55/100|[from] item: Leftovers
|-damage|p2a: Bernie Landers|4/100 tox|[from] psn
|-fieldend|move: Electric Terrain
|upkeep
|turn|20
|j| LT91BB Raf
|
|t:|1658912307
|move|p1a: Melmetal|Protect|p1a: Melmetal
|-singleturn|p1a: Melmetal|Protect
|move|p2a: Bernie Landers|Knock Off|p1a: Melmetal
|-activate|p1a: Melmetal|move: Protect
|
|-heal|p1a: Melmetal|61/100|[from] item: Leftovers
|-damage|p2a: Bernie Landers|0 fnt|[from] psn
|faint|p2a: Bernie Landers
|upkeep
|
|t:|1658912310
|switch|p2a: PURRP FOR SALE|Darmanitan, F|100/100
|-damage|p2a: PURRP FOR SALE|76/100|[from] Stealth Rock
|turn|21
|
|t:|1658912316
|switch|p1a: Toxapex|Toxapex, M|100/100
|-damage|p1a: Toxapex|88/100|[from] Stealth Rock
|move|p2a: PURRP FOR SALE|Earthquake|p1a: Toxapex
|-supereffective|p1a: Toxapex
|-damage|p1a: Toxapex|16/100
|
|upkeep
|turn|22
|j| Mournfinale
|
|t:|1658912323
|switch|p2a: spvceghvstpvrrp|Slowbro, F, shiny|57/100 tox
|-damage|p2a: spvceghvstpvrrp|44/100 tox|[from] Stealth Rock
|switch|p1a: Landorus|Landorus-Therian, M, shiny|41/100 tox
|-damage|p1a: Landorus|28/100 tox|[from] Stealth Rock
|-ability|p1a: Landorus|Intimidate|boost
|-unboost|p2a: spvceghvstpvrrp|atk|1
|
|-heal|p1a: Landorus|34/100 tox|[from] item: Leftovers
|-damage|p1a: Landorus|28/100 tox|[from] psn
|-damage|p2a: spvceghvstpvrrp|38/100 tox|[from] psn
|upkeep
|turn|23
|
|t:|1658912326
|switch|p1a: Tapu Lele|Tapu Lele|82/100
|-damage|p1a: Tapu Lele|70/100|[from] Stealth Rock
|-fieldstart|move: Psychic Terrain|[from] ability: Psychic Surge|[of] p1a: Tapu Lele
|move|p2a: spvceghvstpvrrp|Teleport|p2a: spvceghvstpvrrp
|
|t:|1658912331
|switch|p2a: VODECi|Tapu Koko|82/100|[from]move: Teleport
|-damage|p2a: VODECi|70/100|[from] Stealth Rock
|-fieldstart|move: Electric Terrain|[from] ability: Electric Surge|[of] p2a: VODECi
|
|upkeep
|turn|24
|
|t:|1658912333
|move|p1a: Tapu Lele|Moonblast|p2a: VODECi
|-damage|p2a: VODECi|0 fnt
|faint|p2a: VODECi
|
|upkeep
|j| Bug-T
|
|t:|1658912335
|switch|p2a: Fat Charizard|Dragonite, M, shiny|100/100
|turn|25
|
|t:|1658912340
|move|p1a: Tapu Lele|Moonblast|p2a: Fat Charizard
|-supereffective|p2a: Fat Charizard
|-damage|p2a: Fat Charizard|46/100
|move|p2a: Fat Charizard|Dragon Dance|p2a: Fat Charizard
|-boost|p2a: Fat Charizard|atk|1
|-boost|p2a: Fat Charizard|spe|1
|
|upkeep
|turn|26
|
|t:|1658912344
|switch|p1a: Landorus|Landorus-Therian, M, shiny|28/100 tox
|-damage|p1a: Landorus|16/100 tox|[from] Stealth Rock
|-ability|p1a: Landorus|Intimidate|boost
|-unboost|p2a: Fat Charizard|atk|1
|move|p2a: Fat Charizard|Extreme Speed|p1a: Landorus
|-damage|p1a: Landorus|0 fnt
|faint|p1a: Landorus
|
|upkeep
|
|t:|1658912346
|switch|p1a: Tapu Lele|Tapu Lele|70/100
|-damage|p1a: Tapu Lele|57/100|[from] Stealth Rock
|-fieldstart|move: Psychic Terrain|[from] ability: Psychic Surge|[of] p1a: Tapu Lele
|turn|27
|
|t:|1658912354
|move|p1a: Tapu Lele|Moonblast|p2a: Fat Charizard
|-supereffective|p2a: Fat Charizard
|-damage|p2a: Fat Charizard|0 fnt
|faint|p2a: Fat Charizard
|
|upkeep
|
|t:|1658912356
|switch|p2a: DA LAST REX(3005)|Tyranitar, M|70/100 brn
|-damage|p2a: DA LAST REX(3005)|58/100 brn|[from] Stealth Rock
|-weather|Sandstorm|[from] ability: Sand Stream|[of] p2a: DA LAST REX(3005)
|turn|28
|j| Lunarr
|
|t:|1658912367
|switch|p1a: Blaziken|Blaziken, M, shiny|100/100
|-damage|p1a: Blaziken|88/100|[from] Stealth Rock
|move|p2a: DA LAST REX(3005)|Earthquake|p1a: Blaziken
|-supereffective|p1a: Blaziken
|-damage|p1a: Blaziken|46/100
|
|-weather|Sandstorm|[upkeep]
|-damage|p1a: Blaziken|40/100|[from] Sandstorm
|-damage|p2a: DA LAST REX(3005)|52/100 brn|[from] brn
|upkeep
|turn|29
|
|t:|1658912374
|switch|p2a: spvceghvstpvrrp|Slowbro, F, shiny|72/100 tox
|-damage|p2a: spvceghvstpvrrp|59/100 tox|[from] Stealth Rock
|move|p1a: Blaziken|Close Combat|p2a: spvceghvstpvrrp
|-resisted|p2a: spvceghvstpvrrp
|-damage|p2a: spvceghvstpvrrp|35/100 tox
|-unboost|p1a: Blaziken|def|1
|-unboost|p1a: Blaziken|spd|1
|-damage|p1a: Blaziken|23/100|[from] item: Rocky Helmet|[of] p2a: spvceghvstpvrrp
|-damage|p1a: Blaziken|13/100|[from] item: Life Orb
|
|-weather|Sandstorm|[upkeep]
|-damage|p1a: Blaziken|7/100|[from] Sandstorm
|-damage|p2a: spvceghvstpvrrp|29/100 tox|[from] Sandstorm
|-damage|p2a: spvceghvstpvrrp|23/100 tox|[from] psn
|-ability|p1a: Blaziken|Speed Boost|boost
|-boost|p1a: Blaziken|spe|1
|upkeep
|turn|30
|
|t:|1658912380
|move|p1a: Blaziken|Close Combat|p2a: spvceghvstpvrrp
|-resisted|p2a: spvceghvstpvrrp
|-damage|p2a: spvceghvstpvrrp|0 fnt
|-unboost|p1a: Blaziken|def|1
|-unboost|p1a: Blaziken|spd|1
|-damage|p1a: Blaziken|0 fnt|[from] item: Rocky Helmet|[of] p2a: spvceghvstpvrrp
|faint|p2a: spvceghvstpvrrp
|faint|p1a: Blaziken
|
|-weather|Sandstorm|[upkeep]
|upkeep
|
|t:|1658912386
|switch|p1a: Hawlucha|Hawlucha, M, shiny|100/100
|switch|p2a: PURRP FOR SALE|Darmanitan, F|76/100
|-damage|p2a: PURRP FOR SALE|51/100|[from] Stealth Rock
|-damage|p1a: Hawlucha|88/100|[from] Stealth Rock
|-enditem|p1a: Hawlucha|Psychic Seed
|-boost|p1a: Hawlucha|spd|1|[from] item: Psychic Seed
|turn|31
|
|t:|1658912391
|move|p1a: Hawlucha|Close Combat|p2a: PURRP FOR SALE
|-damage|p2a: PURRP FOR SALE|0 fnt
|-unboost|p1a: Hawlucha|def|1
|-unboost|p1a: Hawlucha|spd|1
|faint|p2a: PURRP FOR SALE
|
|-weather|Sandstorm|[upkeep]
|-damage|p1a: Hawlucha|82/100|[from] Sandstorm
|-fieldend|move: Psychic Terrain
|upkeep
|c|☆antarctozolt|gg
|
|t:|1658912394
|switch|p2a: DA LAST REX(3005)|Tyranitar, M|52/100 brn
|-damage|p2a: DA LAST REX(3005)|40/100 brn|[from] Stealth Rock
|turn|32
|
|t:|1658912396
|move|p1a: Hawlucha|Close Combat|p2a: DA LAST REX(3005)
|-supereffective|p2a: DA LAST REX(3005)
|-damage|p2a: DA LAST REX(3005)|0 fnt
|-unboost|p1a: Hawlucha|def|1
|-unboost|p1a: Hawlucha|spd|1
|faint|p2a: DA LAST REX(3005)
|
|win|antarctozolt
|raw|antarctozolt's rating: 1816 &rarr; <strong>1832</strong><br />(+16 for winning)
|raw|LT91BB NeoNaruto®+'s rating: 1743 &rarr; <strong>1727</strong><br />(-16 for losing)
|l|☆LT91BB NeoNaruto®+
|l| ownerfloor
|l| LT91BB Raf
|c|☆antarctozolt|ur not qualifying
