|raw|<div class="broadcast-blue"><strong>This battle is required to be public due to a player having a name starting with 'lt92pf'.</div>
|j|☆rheysali
|j|☆LT92PFMimikyuStarD
|t:|1660047712
|gametype|singles
|player|p1|rheysali|bugcatcher-gen4dp|1955
|player|p2|LT92PFMimikyuStarD|#mimikyustardust|1923
|teamsize|p1|6
|teamsize|p2|6
|gen|8
|tier|[Gen 8] OU
|rated|
|rule|Sleep Clause Mod: Limit one foe put to sleep
|rule|Species Clause: Limit one of each Pokémon
|rule|OHKO Clause: OHKO moves are banned
|rule|Evasion Items Clause: Evasion items are banned
|rule|Evasion Moves Clause: Evasion moves are banned
|rule|Endless Battle Clause: Forcing endless battles is banned
|rule|HP Percentage Mod: HP is shown in percentages
|rule|Dynamax Clause: You cannot dynamax
|clearpoke
|poke|p1|Tornadus-Therian, M|
|poke|p1|Slowking-Galar, M|
|poke|p1|Tapu Lele|
|poke|p1|Heatran, M|
|poke|p1|Gastrodon-East, F|
|poke|p1|Urshifu-*, F|
|poke|p2|Mew|
|poke|p2|Weavile, M|
|poke|p2|Celesteela|
|poke|p2|Garchomp, M|
|poke|p2|Blacephalon|
|poke|p2|Crawdaunt, M|
|teampreview
|
|t:|1660047731
|start
|switch|p1a: Heatran|Heatran, M|100/100
|switch|p2a: Mew|Mew, shiny|100/100
|turn|1
|
|t:|1660047744
|move|p2a: Mew|Taunt|p1a: Heatran
|-start|p1a: Heatran|move: Taunt
|cant|p1a: Heatran|move: Taunt|Taunt
|
|upkeep
|turn|2
|j| Spammarino
|j| jeahsdfhzs
|
|t:|1660047754
|move|p2a: Mew|Stealth Rock|p1a: Heatran
|-sidestart|p1: rheysali|move: Stealth Rock
|move|p1a: Heatran|Magma Storm|p2a: Mew|[miss]
|-miss|p1a: Heatran|p2a: Mew
|
|upkeep
|turn|3
|
|t:|1660047760
|move|p2a: Mew|Spikes|p1a: Heatran
|-sidestart|p1: rheysali|Spikes
|move|p1a: Heatran|Magma Storm|p2a: Mew
|-damage|p2a: Mew|63/100
|-activate|p2a: Mew|move: Magma Storm|[of] p1a: Heatran
|
|-damage|p2a: Mew|51/100|[from] move: Magma Storm|[partiallytrapped]
|-end|p1a: Heatran|move: Taunt
|upkeep
|turn|4
|
|t:|1660047769
|move|p2a: Mew|Thunder Wave|p1a: Heatran
|-status|p1a: Heatran|par
|move|p1a: Heatran|Magma Storm|p2a: Mew
|-damage|p2a: Mew|13/100
|
|-damage|p2a: Mew|0 fnt|[from] move: Magma Storm|[partiallytrapped]
|faint|p2a: Mew
|upkeep
|j| vo1kna12
|j| Noktuska
|
|t:|1660047780
|switch|p2a: Crawdaunt|Crawdaunt, M, shiny|100/100
|turn|5
|j| LT92P Fever
|l| Noktuska
|
|t:|1660047799
|move|p2a: Crawdaunt|Knock Off|p1a: Heatran
|-damage|p1a: Heatran|40/100 par
|-status|p2a: Crawdaunt|brn|[from] ability: Flame Body|[of] p1a: Heatran
|-enditem|p1a: Heatran|Leftovers|[from] move: Knock Off|[of] p2a: Crawdaunt
|-damage|p2a: Crawdaunt|91/100 brn|[from] item: Life Orb
|move|p1a: Heatran|Toxic||[still]
|-fail|p1a: Heatran
|
|-damage|p2a: Crawdaunt|85/100 brn|[from] brn
|upkeep
|turn|6
|j| Altaria Love
|
|t:|1660047815
|switch|p1a: Tornadus|Tornadus-Therian, M|100/100
|-damage|p1a: Tornadus|76/100|[from] Stealth Rock
|move|p2a: Crawdaunt|Crabhammer|p1a: Tornadus
|-damage|p1a: Tornadus|27/100
|-enditem|p1a: Tornadus|Eject Button
|-damage|p2a: Crawdaunt|75/100 brn|[from] item: Life Orb
|
|t:|1660047830
|switch|p1a: Tapu Lele|Tapu Lele|100/100
|-damage|p1a: Tapu Lele|88/100|[from] Stealth Rock
|-damage|p1a: Tapu Lele|76/100|[from] Spikes
|-fieldstart|move: Psychic Terrain|[from] ability: Psychic Surge|[of] p1a: Tapu Lele
|
|-damage|p2a: Crawdaunt|69/100 brn|[from] brn
|upkeep
|turn|7
|j| egal★vanc
|
|t:|1660047834
|move|p1a: Tapu Lele|Moonblast|p2a: Crawdaunt
|-supereffective|p2a: Crawdaunt
|-damage|p2a: Crawdaunt|0 fnt
|faint|p2a: Crawdaunt
|
|upkeep
|j| einnnnnnna
|
|t:|1660047838
|switch|p2a: Blacephalon|Blacephalon, shiny|100/100
|turn|8
|
|t:|1660047843
|switch|p1a: Gastrodon|Gastrodon-East, F|100/100
|-damage|p1a: Gastrodon|94/100|[from] Stealth Rock
|-damage|p1a: Gastrodon|82/100|[from] Spikes
|move|p2a: Blacephalon|Shadow Ball|p1a: Gastrodon
|-damage|p1a: Gastrodon|50/100
|-unboost|p1a: Gastrodon|spd|1
|
|-heal|p1a: Gastrodon|56/100|[from] item: Leftovers
|upkeep
|turn|9
|
|t:|1660047847
|move|p2a: Blacephalon|Shadow Ball|p1a: Gastrodon
|-damage|p1a: Gastrodon|5/100
|move|p1a: Gastrodon|Recover|p1a: Gastrodon
|-heal|p1a: Gastrodon|55/100
|
|-heal|p1a: Gastrodon|61/100|[from] item: Leftovers
|upkeep
|turn|10
|
|t:|1660047862
|switch|p2a: Weavile|Weavile, M, shiny|100/100
|-ability|p2a: Weavile|Pressure
|move|p1a: Gastrodon|Recover|p1a: Gastrodon
|-heal|p1a: Gastrodon|100/100
|
|-fieldend|move: Psychic Terrain
|upkeep
|turn|11
|
|t:|1660047882
|switch|p1a: Heatran|Heatran, M|40/100 par
|-damage|p1a: Heatran|27/100 par|[from] Stealth Rock
|-damage|p1a: Heatran|15/100 par|[from] Spikes
|move|p2a: Weavile|Knock Off|p1a: Heatran
|-damage|p1a: Heatran|0 fnt
|faint|p1a: Heatran
|-damage|p2a: Weavile|91/100|[from] item: Life Orb
|
|upkeep
|
|t:|1660047892
|switch|p1a: Urshifu|Urshifu-Rapid-Strike, F|100/100
|-damage|p1a: Urshifu|94/100|[from] Stealth Rock
|-damage|p1a: Urshifu|82/100|[from] Spikes
|turn|12
|l|☆LT92PFMimikyuStarD
|player|p2|
|j|☆LT92PFMimikyuStarD
|player|p2|LT92PFMimikyuStarD|#mimikyustardust
|l| egal★vanc
|
|t:|1660047910
|switch|p2a: Garchomp|Garchomp, M, shiny|100/100
|move|p1a: Urshifu|U-turn|p2a: Garchomp
|-damage|p2a: Garchomp|75/100
|-damage|p1a: Urshifu|70/100|[from] ability: Rough Skin|[of] p2a: Garchomp
|
|t:|1660047914
|switch|p1a: Tornadus|Tornadus-Therian, M|60/100|[from]move: U-turn
|-damage|p1a: Tornadus|35/100|[from] Stealth Rock
|
|upkeep
|turn|13
|
|t:|1660047921
|move|p1a: Tornadus|Defog|p2a: Garchomp
|-unboost|p2a: Garchomp|evasion|1
|-sideend|p1: rheysali|Spikes|[from] move: Defog|[of] p1a: Tornadus
|-sideend|p1: rheysali|Stealth Rock|[from] move: Defog|[of] p1a: Tornadus
|move|p2a: Garchomp|Scale Shot|p1a: Tornadus
|-damage|p1a: Tornadus|23/100
|-damage|p1a: Tornadus|10/100
|-damage|p1a: Tornadus|0 fnt
|faint|p1a: Tornadus
|-hitcount|p1: Tornadus|3
|-unboost|p2a: Garchomp|def|1
|-boost|p2a: Garchomp|spe|1
|
|upkeep
|
|t:|1660047929
|switch|p1a: Slowking|Slowking-Galar, M|100/100
|turn|14
|
|t:|1660047950
|move|p2a: Garchomp|Earthquake|p1a: Slowking
|-supereffective|p1a: Slowking
|-enditem|p1a: Slowking|Shuca Berry|[eat]
|-enditem|p1a: Slowking|Shuca Berry|[weaken]
|-damage|p1a: Slowking|57/100
|move|p1a: Slowking|Ice Beam|p2a: Garchomp
|-supereffective|p2a: Garchomp
|-damage|p2a: Garchomp|0 fnt
|faint|p2a: Garchomp
|
|upkeep
|
|t:|1660047954
|switch|p2a: Weavile|Weavile, M, shiny|91/100
|-ability|p2a: Weavile|Pressure
|turn|15
|
|t:|1660047963
|move|p2a: Weavile|Knock Off|p1a: Slowking
|-supereffective|p1a: Slowking
|-damage|p1a: Slowking|0 fnt
|faint|p1a: Slowking
|-damage|p2a: Weavile|81/100|[from] item: Life Orb
|
|upkeep
|
|t:|1660047968
|switch|p1a: Urshifu|Urshifu-Rapid-Strike, F|70/100
|turn|16
|
|t:|1660047974
|move|p1a: Urshifu|Surging Strikes|p2a: Weavile
|-crit|p2a: Weavile
|-damage|p2a: Weavile|46/100
|-crit|p2a: Weavile
|-damage|p2a: Weavile|13/100
|-crit|p2a: Weavile
|-damage|p2a: Weavile|0 fnt
|faint|p2a: Weavile
|-hitcount|p2: Weavile|3
|
|upkeep
|
|t:|1660047978
|switch|p2a: Celesteela|Celesteela, shiny|100/100
|turn|17
|
|t:|1660047992
|move|p1a: Urshifu|Surging Strikes|p2a: Celesteela
|-crit|p2a: Celesteela
|-damage|p2a: Celesteela|81/100
|-crit|p2a: Celesteela
|-damage|p2a: Celesteela|62/100
|-crit|p2a: Celesteela
|-damage|p2a: Celesteela|42/100
|-hitcount|p2a: Celesteela|3
|move|p2a: Celesteela|Autotomize|p2a: Celesteela
|-boost|p2a: Celesteela|spe|2
|-start|p2a: Celesteela|Autotomize
|
|upkeep
|turn|18
|-message|LT92PFMimikyuStarD forfeited.
|
|win|rheysali
|raw|rheysali's rating: 1955 &rarr; <strong>1974</strong><br />(+19 for winning)
|raw|LT92PFMimikyuStarD's rating: 1940 &rarr; <strong>1921</strong><br />(-19 for losing)
|l|☆LT92PFMimikyuStarD
|l| einnnnnnna
|l| Spammarino
