|j|☆Ctannn
|j|☆badalakazam
|t:|1667687487
|gametype|singles
|player|p1|Ctannn|102|1717
|player|p2|badalakazam|bellepa|1765
|teamsize|p1|6
|teamsize|p2|6
|gen|8
|tier|[Gen 8] OU
|rated|
|rule|Sleep Clause Mod: Limit one foe put to sleep
|rule|Species Clause: Limit one of each Pokémon
|rule|OHKO Clause: OHKO moves are banned
|rule|Evasion Items Clause: Evasion items are banned
|rule|Evasion Moves Clause: Evasion moves are banned
|rule|Endless Battle Clause: Forcing endless battles is banned
|rule|HP Percentage Mod: HP is shown in percentages
|rule|Dynamax Clause: You cannot dynamax
|clearpoke
|poke|p1|Tornadus-Therian, M|
|poke|p1|Landorus-Therian, M|
|poke|p1|Urshifu-*, F|
|poke|p1|Heatran, M|
|poke|p1|Tapu Koko|
|poke|p1|Clefable, F|
|poke|p2|Drifblim, F|
|poke|p2|Tapu Koko|
|poke|p2|Hawlucha, F|
|poke|p2|Raichu-Alola, M|
|poke|p2|Melmetal|
|poke|p2|Landorus-Therian, M|
|teampreview
|j| 85555ojnkjn
|inactive|Battle timer is ON: inactive players will automatically lose when time's up. (requested by Ctannn)
|inactive|badalakazam has 120 seconds left.
|
|t:|1667687547
|start
|switch|p1a: Clefable|Clefable, F|100/100
|switch|p2a: Tapu Koko|Tapu Koko|100/100
|-fieldstart|move: Electric Terrain|[from] ability: Electric Surge|[of] p2a: Tapu Koko
|turn|1
|c|☆badalakazam|gg
|
|t:|1667687563
|move|p2a: Tapu Koko|Thunderbolt|p1a: Clefable
|-damage|p1a: Clefable|57/100
|-status|p1a: Clefable|par
|move|p1a: Clefable|Stealth Rock|p2a: Tapu Koko
|-sidestart|p2: badalakazam|move: Stealth Rock
|
|-heal|p1a: Clefable|63/100 par|[from] item: Leftovers
|upkeep
|turn|2
|c|☆badalakazam|spec
|
|t:|1667687571
|move|p2a: Tapu Koko|U-turn|p1a: Clefable
|-resisted|p1a: Clefable
|-damage|p1a: Clefable|57/100 par
|
|t:|1667687581
|switch|p2a: Drifblim|Drifblim, F, shiny|100/100|[from]move: U-turn
|-damage|p2a: Drifblim|75/100|[from] Stealth Rock
|-enditem|p2a: Drifblim|Electric Seed
|-boost|p2a: Drifblim|def|1|[from] item: Electric Seed
|move|p1a: Clefable|Teleport|p1a: Clefable
|
|t:|1667687591
|switch|p1a: Tapu Koko|Tapu Koko|100/100|[from]move: Teleport
|
|upkeep
|turn|3
|
|t:|1667687610
|switch|p2a: Landorus|Landorus-Therian, M|100/100
|-damage|p2a: Landorus|88/100|[from] Stealth Rock
|-ability|p2a: Landorus|Intimidate|boost
|-unboost|p1a: Tapu Koko|atk|1
|move|p1a: Tapu Koko|Thunderbolt|p2a: Landorus
|-immune|p2a: Landorus
|
|-heal|p2a: Landorus|94/100|[from] item: Leftovers
|upkeep
|turn|4
|
|t:|1667687619
|move|p1a: Tapu Koko|U-turn|p2a: Landorus
|-resisted|p2a: Landorus
|-damage|p2a: Landorus|89/100
|
|t:|1667687623
|switch|p1a: Tornadus|Tornadus-Therian, M|100/100|[from]move: U-turn
|move|p2a: Landorus|U-turn|p1a: Tornadus
|-resisted|p1a: Tornadus
|-damage|p1a: Tornadus|89/100
|-damage|p2a: Landorus|72/100|[from] item: Rocky Helmet|[of] p1a: Tornadus
|
|t:|1667687636
|switch|p2a: Raichu|Raichu-Alola, M|100/100|[from]move: U-turn
|-damage|p2a: Raichu|88/100|[from] Stealth Rock
|
|upkeep
|turn|5
|j| Jongruenwald
|
|t:|1667687644
|move|p2a: Raichu|Nasty Plot|p2a: Raichu
|-boost|p2a: Raichu|spa|2
|move|p1a: Tornadus|U-turn|p2a: Raichu
|-supereffective|p2a: Raichu
|-damage|p2a: Raichu|26/100
|
|t:|1667687655
|switch|p1a: Tapu Koko|Tapu Koko|100/100|[from]move: U-turn
|
|upkeep
|turn|6
|
|t:|1667687661
|move|p2a: Raichu|Rising Voltage|p1a: Tapu Koko
|-hint|Rising Voltage's BP doubled on grounded target.
|-resisted|p1a: Tapu Koko
|-damage|p1a: Tapu Koko|0 fnt
|faint|p1a: Tapu Koko
|-damage|p2a: Raichu|16/100|[from] item: Life Orb
|
|upkeep
|
|t:|1667687668
|switch|p1a: Landorus|Landorus-Therian, M|100/100
|-ability|p1a: Landorus|Intimidate|boost
|-unboost|p2a: Raichu|atk|1
|turn|7
|
|t:|1667687673
|switch|p1a: Clefable|Clefable, F|57/100 par
|move|p2a: Raichu|Surf|p1a: Clefable
|-damage|p1a: Clefable|0 fnt
|faint|p1a: Clefable
|-damage|p2a: Raichu|6/100|[from] item: Life Orb
|
|upkeep
|
|t:|1667687688
|switch|p1a: Landorus|Landorus-Therian, M|100/100
|-ability|p1a: Landorus|Intimidate|boost
|-unboost|p2a: Raichu|atk|1
|turn|8
|
|t:|1667687703
|switch|p1a: Heatran|Heatran, M|100/100
|move|p2a: Raichu|Grass Knot|p1a: Heatran
|-resisted|p1a: Heatran
|-damage|p1a: Heatran|85/100
|-damage|p2a: Raichu|0 fnt|[from] item: Life Orb
|faint|p2a: Raichu
|
|-heal|p1a: Heatran|92/100|[from] item: Leftovers
|-fieldend|move: Electric Terrain
|upkeep
|inactive|badalakazam has 120 seconds left.
|c|☆Ctannn|What’s spec mean
|
|t:|1667687735
|switch|p2a: Tapu Koko|Tapu Koko|100/100
|-damage|p2a: Tapu Koko|88/100|[from] Stealth Rock
|-fieldstart|move: Electric Terrain|[from] ability: Electric Surge|[of] p2a: Tapu Koko
|turn|9
|inactive|badalakazam has 120 seconds left.
|
|t:|1667687742
|move|p2a: Tapu Koko|U-turn|p1a: Heatran
|-resisted|p1a: Heatran
|-damage|p1a: Heatran|89/100
|
|t:|1667687744
|switch|p2a: Drifblim|Drifblim, F, shiny|75/100|[from]move: U-turn
|-damage|p2a: Drifblim|50/100|[from] Stealth Rock
|move|p1a: Heatran|Magma Storm|p2a: Drifblim
|-damage|p2a: Drifblim|4/100
|-activate|p2a: Drifblim|move: Magma Storm|[of] p1a: Heatran
|
|-heal|p1a: Heatran|95/100|[from] item: Leftovers
|-damage|p2a: Drifblim|0 fnt|[from] move: Magma Storm|[partiallytrapped]
|faint|p2a: Drifblim
|upkeep
|
|t:|1667687748
|switch|p2a: Hawlucha|Hawlucha, F|100/100
|-damage|p2a: Hawlucha|88/100|[from] Stealth Rock
|-enditem|p2a: Hawlucha|Electric Seed
|-boost|p2a: Hawlucha|def|1|[from] item: Electric Seed
|turn|10
|
|t:|1667687765
|move|p2a: Hawlucha|Swords Dance|p2a: Hawlucha
|-boost|p2a: Hawlucha|atk|2
|move|p1a: Heatran|Flash Cannon|p2a: Hawlucha
|-damage|p2a: Hawlucha|43/100
|
|-heal|p1a: Heatran|100/100|[from] item: Leftovers
|upkeep
|turn|11
|
|t:|1667687772
|switch|p1a: Tornadus|Tornadus-Therian, M|100/100
|move|p2a: Hawlucha|Close Combat|p1a: Tornadus
|-resisted|p1a: Tornadus
|-damage|p1a: Tornadus|43/100
|-unboost|p2a: Hawlucha|def|1
|-unboost|p2a: Hawlucha|spd|1
|-damage|p2a: Hawlucha|27/100|[from] item: Rocky Helmet|[of] p1a: Tornadus
|
|upkeep
|turn|12
|
|t:|1667687777
|switch|p1a: Heatran|Heatran, M|100/100
|move|p2a: Hawlucha|Close Combat|p1a: Heatran
|-supereffective|p1a: Heatran
|-damage|p1a: Heatran|0 fnt
|-unboost|p2a: Hawlucha|def|1
|-unboost|p2a: Hawlucha|spd|1
|faint|p1a: Heatran
|
|upkeep
|c|☆badalakazam|mdr
|
|t:|1667687795
|switch|p1a: Landorus|Landorus-Therian, M|100/100
|-ability|p1a: Landorus|Intimidate|boost
|-unboost|p2a: Hawlucha|atk|1
|turn|13
|
|t:|1667687799
|switch|p1a: Tornadus|Tornadus-Therian, M|76/100
|move|p2a: Hawlucha|Acrobatics|p1a: Tornadus
|-damage|p1a: Tornadus|0 fnt
|-damage|p2a: Hawlucha|10/100|[from] item: Rocky Helmet|[of] p1a: Tornadus
|faint|p1a: Tornadus
|
|upkeep
|
|t:|1667687803
|switch|p1a: Landorus|Landorus-Therian, M|100/100
|-ability|p1a: Landorus|Intimidate|boost
|-unboost|p2a: Hawlucha|atk|1
|turn|14
|
|t:|1667687810
|move|p2a: Hawlucha|Acrobatics|p1a: Landorus
|-damage|p1a: Landorus|49/100
|move|p1a: Landorus|Knock Off|p2a: Hawlucha
|-resisted|p2a: Hawlucha
|-damage|p2a: Hawlucha|0 fnt
|faint|p2a: Hawlucha
|
|-heal|p1a: Landorus|55/100|[from] item: Leftovers
|upkeep
|
|t:|1667687820
|switch|p2a: Melmetal|Melmetal|100/100
|-damage|p2a: Melmetal|94/100|[from] Stealth Rock
|turn|15
|
|t:|1667687829
|switch|p1a: Urshifu|Urshifu-Rapid-Strike, F|100/100
|move|p2a: Melmetal|Double Iron Bash|p1a: Urshifu
|-resisted|p1a: Urshifu
|-crit|p1a: Urshifu
|-damage|p1a: Urshifu|52/100
|-resisted|p1a: Urshifu
|-damage|p1a: Urshifu|19/100
|-hitcount|p1a: Urshifu|2
|
|upkeep
|turn|16
|
|t:|1667687839
|switch|p2a: Landorus|Landorus-Therian, M|72/100
|-damage|p2a: Landorus|60/100|[from] Stealth Rock
|-ability|p2a: Landorus|Intimidate|boost
|-unboost|p1a: Urshifu|atk|1
|move|p1a: Urshifu|Surging Strikes|p2a: Landorus
|-supereffective|p2a: Landorus
|-crit|p2a: Landorus
|-damage|p2a: Landorus|19/100
|-supereffective|p2a: Landorus
|-crit|p2a: Landorus
|-damage|p2a: Landorus|0 fnt
|faint|p2a: Landorus
|-hitcount|p2: Landorus|2
|
|-fieldend|move: Electric Terrain
|upkeep
|inactive|badalakazam has 120 seconds left.
|c|☆Ctannn|I don’t know what mdr is either lol
|
|t:|1667687871
|switch|p2a: Tapu Koko|Tapu Koko|88/100
|-damage|p2a: Tapu Koko|76/100|[from] Stealth Rock
|-fieldstart|move: Electric Terrain|[from] ability: Electric Surge|[of] p2a: Tapu Koko
|turn|17
|
|t:|1667687879
|switch|p1a: Landorus|Landorus-Therian, M|55/100
|-ability|p1a: Landorus|Intimidate|boost
|-unboost|p2a: Tapu Koko|atk|1
|move|p2a: Tapu Koko|Dazzling Gleam|p1a: Landorus
|-damage|p1a: Landorus|26/100
|
|-heal|p1a: Landorus|32/100|[from] item: Leftovers
|upkeep
|turn|18
|c|☆badalakazam|mdr  = lol
|
|t:|1667687899
|move|p2a: Tapu Koko|Dazzling Gleam|p1a: Landorus
|-damage|p1a: Landorus|4/100
|move|p1a: Landorus|Earthquake|p2a: Tapu Koko
|-supereffective|p2a: Tapu Koko
|-damage|p2a: Tapu Koko|0 fnt
|faint|p2a: Tapu Koko
|
|-heal|p1a: Landorus|10/100|[from] item: Leftovers
|upkeep
|
|t:|1667687903
|switch|p2a: Melmetal|Melmetal|94/100
|-damage|p2a: Melmetal|88/100|[from] Stealth Rock
|turn|19
|
|t:|1667687907
|move|p1a: Landorus|Earthquake|p2a: Melmetal
|-supereffective|p2a: Melmetal
|-damage|p2a: Melmetal|28/100
|move|p2a: Melmetal|Ice Punch|p1a: Landorus
|-supereffective|p1a: Landorus
|-damage|p1a: Landorus|0 fnt
|faint|p1a: Landorus
|
|upkeep
|
|t:|1667687913
|switch|p1a: Urshifu|Urshifu-Rapid-Strike, F|19/100
|turn|20
|
|t:|1667687917
|move|p1a: Urshifu|Close Combat|p2a: Melmetal
|-supereffective|p2a: Melmetal
|-damage|p2a: Melmetal|0 fnt
|-unboost|p1a: Urshifu|def|1
|-unboost|p1a: Urshifu|spd|1
|faint|p2a: Melmetal
|
|win|Ctannn
|raw|Ctannn's rating: 1717 &rarr; <strong>1740</strong><br />(+23 for winning)
|raw|badalakazam's rating: 1765 &rarr; <strong>1742</strong><br />(-23 for losing)
|c|☆badalakazam|in french
|c|☆badalakazam|gg
|c|☆Ctannn|Oh lol
|c|☆Ctannn|gg
|l| 85555ojnkjn
|l|☆Ctannn
||Ladder isn't responding, score probably updated but might not have (Request timeout).
|l| Jongruenwald
