|raw|<div class="broadcast-blue"><strong>This battle is required to be public due to a player having a name starting with 'lt94je'.</div>
|j|☆LT94JE Iznamakin
|j|☆4funaccount
|t:|1661669742
|gametype|singles
|player|p1|LT94JE Iznamakin|chase|1772
|player|p2|4funaccount|dawn|1763
|teamsize|p1|6
|teamsize|p2|6
|gen|8
|tier|[Gen 8] OU
|rated|
|rule|Sleep Clause Mod: Limit one foe put to sleep
|rule|Species Clause: Limit one of each Pokémon
|rule|OHKO Clause: OHKO moves are banned
|rule|Evasion Items Clause: Evasion items are banned
|rule|Evasion Moves Clause: Evasion moves are banned
|rule|Endless Battle Clause: Forcing endless battles is banned
|rule|HP Percentage Mod: HP is shown in percentages
|rule|Dynamax Clause: You cannot dynamax
|clearpoke
|poke|p1|Kartana|
|poke|p1|Heatran, F|
|poke|p1|Landorus-Therian, M|
|poke|p1|Slowbro, M|
|poke|p1|Umbreon, M|
|poke|p1|Tapu Koko|
|poke|p2|Hippowdon, F|
|poke|p2|Tapu Lele|
|poke|p2|Zarude|
|poke|p2|Corviknight, F|
|poke|p2|Dragapult, F|
|poke|p2|Toxapex, F|
|teampreview
|
|t:|1661669756
|start
|switch|p1a: Heatran|Heatran, F|100/100
|switch|p2a: Toxapex|Toxapex, F|100/100
|turn|1
|inactive|Battle timer is ON: inactive players will automatically lose when time's up. (requested by LT94JE Iznamakin)
|
|t:|1661669760
|move|p1a: Heatran|Stealth Rock|p2a: Toxapex
|-sidestart|p2: 4funaccount|move: Stealth Rock
|move|p2a: Toxapex|Knock Off|p1a: Heatran
|-damage|p1a: Heatran|92/100
|-enditem|p1a: Heatran|Leftovers|[from] move: Knock Off|[of] p2a: Toxapex
|
|upkeep
|turn|2
|
|t:|1661669766
|switch|p1a: Slowbro|Slowbro, M|100/100
|move|p2a: Toxapex|Scald|p1a: Slowbro
|-resisted|p1a: Slowbro
|-crit|p1a: Slowbro
|-damage|p1a: Slowbro|91/100
|-status|p1a: Slowbro|brn
|
|-damage|p1a: Slowbro|85/100 brn|[from] brn
|upkeep
|turn|3
|
|t:|1661669773
|switch|p2a: Corviknight|Corviknight, F|100/100
|-damage|p2a: Corviknight|88/100|[from] Stealth Rock
|-ability|p2a: Corviknight|Pressure
|move|p1a: Slowbro|Future Sight|p2a: Corviknight
|-start|p1a: Slowbro|move: Future Sight
|
|-damage|p1a: Slowbro|79/100 brn|[from] brn
|upkeep
|turn|4
|
|t:|1661669776
|move|p2a: Corviknight|Defog|p1a: Slowbro
|-unboost|p1a: Slowbro|evasion|1
|-sideend|p2: 4funaccount|Stealth Rock|[from] move: Defog|[of] p2a: Corviknight
|move|p1a: Slowbro|Scald|p2a: Corviknight
|-damage|p2a: Corviknight|62/100
|
|-damage|p1a: Slowbro|73/100 brn|[from] brn
|upkeep
|turn|5
|
|t:|1661669781
|move|p2a: Corviknight|Roost|p2a: Corviknight
|-heal|p2a: Corviknight|100/100
|-singleturn|p2a: Corviknight|move: Roost
|move|p1a: Slowbro|Scald|p2a: Corviknight
|-damage|p2a: Corviknight|76/100
|
|-end|p2a: Corviknight|move: Future Sight
|-resisted|p2a: Corviknight
|-crit|p2a: Corviknight
|-damage|p2a: Corviknight|47/100
|-damage|p1a: Slowbro|67/100 brn|[from] brn
|upkeep
|turn|6
|
|t:|1661669784
|move|p2a: Corviknight|Roost|p2a: Corviknight
|-heal|p2a: Corviknight|97/100
|-singleturn|p2a: Corviknight|move: Roost
|move|p1a: Slowbro|Future Sight|p2a: Corviknight
|-start|p1a: Slowbro|move: Future Sight
|
|-damage|p1a: Slowbro|61/100 brn|[from] brn
|upkeep
|turn|7
|
|t:|1661669791
|switch|p2a: Zarude|Zarude|100/100
|move|p1a: Slowbro|Teleport|p1a: Slowbro
|
|t:|1661669794
|switch|p1a: Heatran|Heatran, F|92/100|[from]move: Teleport
|
|upkeep
|turn|8
|
|t:|1661669802
|switch|p2a: Hippowdon|Hippowdon, F|100/100
|-weather|Sandstorm|[from] ability: Sand Stream|[of] p2a: Hippowdon
|move|p1a: Heatran|Stealth Rock|p2a: Hippowdon
|-sidestart|p2: 4funaccount|move: Stealth Rock
|
|-weather|Sandstorm|[upkeep]
|-end|p2a: Hippowdon|move: Future Sight
|-damage|p2a: Hippowdon|69/100
|-heal|p2a: Hippowdon|76/100|[from] item: Leftovers
|upkeep
|turn|9
|
|t:|1661669810
|switch|p1a: Slowbro|Slowbro, M|94/100 brn
|move|p2a: Hippowdon|Earthquake|p1a: Slowbro
|-damage|p1a: Slowbro|62/100 brn
|
|-weather|Sandstorm|[upkeep]
|-damage|p1a: Slowbro|56/100 brn|[from] Sandstorm
|-heal|p2a: Hippowdon|82/100|[from] item: Leftovers
|-damage|p1a: Slowbro|50/100 brn|[from] brn
|upkeep
|turn|10
|
|t:|1661669814
|move|p2a: Hippowdon|Stealth Rock|p1a: Slowbro
|-sidestart|p1: LT94JE Iznamakin|move: Stealth Rock
|move|p1a: Slowbro|Future Sight|p2a: Hippowdon
|-start|p1a: Slowbro|move: Future Sight
|
|-weather|Sandstorm|[upkeep]
|-damage|p1a: Slowbro|44/100 brn|[from] Sandstorm
|-heal|p2a: Hippowdon|88/100|[from] item: Leftovers
|-damage|p1a: Slowbro|37/100 brn|[from] brn
|upkeep
|turn|11
|
|t:|1661669822
|move|p2a: Hippowdon|Earthquake|p1a: Slowbro
|-damage|p1a: Slowbro|7/100 brn
|move|p1a: Slowbro|Teleport|p1a: Slowbro
|
|t:|1661669826
|switch|p1a: Kartana|Kartana|100/100|[from]move: Teleport
|-damage|p1a: Kartana|94/100|[from] Stealth Rock
|
|-weather|Sandstorm|[upkeep]
|-heal|p2a: Hippowdon|94/100|[from] item: Leftovers
|upkeep
|turn|12
|
|t:|1661669829
|switch|p2a: Corviknight|Corviknight, F|97/100
|-damage|p2a: Corviknight|85/100|[from] Stealth Rock
|-ability|p2a: Corviknight|Pressure
|move|p1a: Kartana|Knock Off|p2a: Corviknight
|-damage|p2a: Corviknight|42/100
|-damage|p1a: Kartana|78/100|[from] item: Rocky Helmet|[of] p2a: Corviknight
|-enditem|p2a: Corviknight|Rocky Helmet|[from] move: Knock Off|[of] p1a: Kartana
|
|-weather|none
|-end|p2a: Corviknight|move: Future Sight
|-resisted|p2a: Corviknight
|-damage|p2a: Corviknight|23/100
|upkeep
|turn|13
|
|t:|1661669839
|switch|p2a: Zarude|Zarude|100/100
|-damage|p2a: Zarude|88/100|[from] Stealth Rock
|move|p1a: Kartana|Knock Off|p2a: Zarude
|-resisted|p2a: Zarude
|-damage|p2a: Zarude|57/100
|-enditem|p2a: Zarude|Leftovers|[from] move: Knock Off|[of] p1a: Kartana
|
|upkeep
|turn|14
|
|t:|1661669846
|switch|p1a: Heatran|Heatran, F|92/100
|-damage|p1a: Heatran|79/100|[from] Stealth Rock
|move|p2a: Zarude|Jungle Healing|p2a: Zarude
|-heal|p2a: Zarude|82/100
|
|upkeep
|turn|15
|
|t:|1661669852
|switch|p2a: Hippowdon|Hippowdon, F|94/100
|-damage|p2a: Hippowdon|88/100|[from] Stealth Rock
|-weather|Sandstorm|[from] ability: Sand Stream|[of] p2a: Hippowdon
|move|p1a: Heatran|Lava Plume|p2a: Hippowdon
|-damage|p2a: Hippowdon|62/100
|
|-weather|Sandstorm|[upkeep]
|-heal|p2a: Hippowdon|68/100|[from] item: Leftovers
|upkeep
|turn|16
|
|t:|1661669856
|move|p1a: Heatran|Toxic|p2a: Hippowdon
|-status|p2a: Hippowdon|tox
|move|p2a: Hippowdon|Toxic|p1a: Heatran
|-immune|p1a: Heatran
|
|-weather|Sandstorm|[upkeep]
|-heal|p2a: Hippowdon|74/100 tox|[from] item: Leftovers
|-damage|p2a: Hippowdon|68/100 tox|[from] psn
|upkeep
|turn|17
|
|t:|1661669862
|switch|p1a: Landorus|Landorus-Therian, M|100/100
|-damage|p1a: Landorus|88/100|[from] Stealth Rock
|-ability|p1a: Landorus|Intimidate|boost
|-unboost|p2a: Hippowdon|atk|1
|move|p2a: Hippowdon|Toxic|p1a: Landorus
|-status|p1a: Landorus|tox
|
|-weather|Sandstorm|[upkeep]
|-heal|p1a: Landorus|94/100 tox|[from] item: Leftovers
|-heal|p2a: Hippowdon|74/100 tox|[from] item: Leftovers
|-damage|p1a: Landorus|88/100 tox|[from] psn
|-damage|p2a: Hippowdon|62/100 tox|[from] psn
|upkeep
|turn|18
|
|t:|1661669868
|move|p1a: Landorus|U-turn|p2a: Hippowdon
|-damage|p2a: Hippowdon|46/100 tox
|
|t:|1661669871
|switch|p1a: Slowbro|Slowbro, M|40/100 brn|[from]move: U-turn
|move|p2a: Hippowdon|Slack Off|p2a: Hippowdon
|-heal|p2a: Hippowdon|96/100 tox
|
|-weather|Sandstorm|[upkeep]
|-damage|p1a: Slowbro|34/100 brn|[from] Sandstorm
|-heal|p2a: Hippowdon|100/100 tox|[from] item: Leftovers
|-damage|p2a: Hippowdon|82/100 tox|[from] psn
|-damage|p1a: Slowbro|28/100 brn|[from] brn
|upkeep
|turn|19
|
|t:|1661669877
|switch|p2a: Toxapex|Toxapex, F|100/100
|-damage|p2a: Toxapex|88/100|[from] Stealth Rock
|move|p1a: Slowbro|Teleport|p1a: Slowbro
|
|t:|1661669882
|switch|p1a: Tapu Koko|Tapu Koko|100/100|[from]move: Teleport
|-fieldstart|move: Electric Terrain|[from] ability: Electric Surge|[of] p1a: Tapu Koko
|
|-weather|none
|upkeep
|turn|20
|
|t:|1661669886
|switch|p1a: Kartana|Kartana|78/100
|-damage|p1a: Kartana|72/100|[from] Stealth Rock
|switch|p2a: Hippowdon|Hippowdon, F|82/100 tox
|-damage|p2a: Hippowdon|76/100 tox|[from] Stealth Rock
|-weather|Sandstorm|[from] ability: Sand Stream|[of] p2a: Hippowdon
|
|-weather|Sandstorm|[upkeep]
|-heal|p2a: Hippowdon|82/100 tox|[from] item: Leftovers
|-damage|p2a: Hippowdon|76/100 tox|[from] psn
|upkeep
|turn|21
|
|t:|1661669892
|switch|p2a: Toxapex|Toxapex, F|100/100
|-damage|p2a: Toxapex|88/100|[from] Stealth Rock
|move|p1a: Kartana|Leaf Blade|p2a: Toxapex
|-damage|p2a: Toxapex|28/100
|
|-weather|Sandstorm|[upkeep]
|-damage|p2a: Toxapex|22/100|[from] Sandstorm
|upkeep
|turn|22
|
|t:|1661669895
|switch|p2a: Corviknight|Corviknight, F|23/100
|-damage|p2a: Corviknight|10/100|[from] Stealth Rock
|-ability|p2a: Corviknight|Pressure
|move|p1a: Kartana|Leaf Blade|p2a: Corviknight
|-resisted|p2a: Corviknight
|-damage|p2a: Corviknight|0 fnt
|faint|p2a: Corviknight
|-ability|p1a: Kartana|Beast Boost|boost
|-boost|p1a: Kartana|atk|1
|
|-weather|Sandstorm|[upkeep]
|upkeep
|
|t:|1661669898
|switch|p2a: Dragapult|Dragapult, F|100/100
|-damage|p2a: Dragapult|88/100|[from] Stealth Rock
|turn|23
|
|t:|1661669904
|switch|p1a: Umbreon|Umbreon, M|100/100
|-damage|p1a: Umbreon|88/100|[from] Stealth Rock
|move|p2a: Dragapult|U-turn|p1a: Umbreon
|-supereffective|p1a: Umbreon
|-damage|p1a: Umbreon|69/100
|
|t:|1661669912
|switch|p2a: Tapu Lele|Tapu Lele|100/100|[from]move: U-turn
|-damage|p2a: Tapu Lele|88/100|[from] Stealth Rock
|-fieldstart|move: Psychic Terrain|[from] ability: Psychic Surge|[of] p2a: Tapu Lele
|
|-weather|Sandstorm|[upkeep]
|-damage|p2a: Tapu Lele|82/100|[from] Sandstorm
|-damage|p1a: Umbreon|63/100|[from] Sandstorm
|-heal|p1a: Umbreon|69/100|[from] item: Leftovers
|upkeep
|turn|24
|
|t:|1661669915
|move|p1a: Umbreon|Protect|p1a: Umbreon
|-singleturn|p1a: Umbreon|Protect
|move|p2a: Tapu Lele|Moonblast|p1a: Umbreon
|-activate|p1a: Umbreon|move: Protect
|
|-weather|none
|-heal|p1a: Umbreon|75/100|[from] item: Leftovers
|upkeep
|turn|25
|
|t:|1661669921
|switch|p1a: Heatran|Heatran, F|79/100
|-damage|p1a: Heatran|67/100|[from] Stealth Rock
|move|p2a: Tapu Lele|Moonblast|p1a: Heatran
|-resisted|p1a: Heatran
|-damage|p1a: Heatran|50/100
|
|upkeep
|turn|26
|
|t:|1661669928
|switch|p2a: Toxapex|Toxapex, F|55/100
|-damage|p2a: Toxapex|43/100|[from] Stealth Rock
|switch|p1a: Tapu Koko|Tapu Koko|100/100
|-fieldstart|move: Electric Terrain|[from] ability: Electric Surge|[of] p1a: Tapu Koko
|
|upkeep
|turn|27
|
|t:|1661669936
|switch|p1a: Kartana|Kartana|72/100
|-damage|p1a: Kartana|65/100|[from] Stealth Rock
|switch|p2a: Hippowdon|Hippowdon, F|76/100 tox
|-damage|p2a: Hippowdon|69/100 tox|[from] Stealth Rock
|-weather|Sandstorm|[from] ability: Sand Stream|[of] p2a: Hippowdon
|
|-weather|Sandstorm|[upkeep]
|-heal|p2a: Hippowdon|76/100 tox|[from] item: Leftovers
|-damage|p2a: Hippowdon|69/100 tox|[from] psn
|upkeep
|turn|28
|
|t:|1661669940
|switch|p2a: Dragapult|Dragapult, F|88/100
|-damage|p2a: Dragapult|76/100|[from] Stealth Rock
|move|p1a: Kartana|Leaf Blade|p2a: Dragapult
|-resisted|p2a: Dragapult
|-crit|p2a: Dragapult
|-damage|p2a: Dragapult|0 fnt
|faint|p2a: Dragapult
|-ability|p1a: Kartana|Beast Boost|boost
|-boost|p1a: Kartana|atk|1
|
|-weather|Sandstorm|[upkeep]
|upkeep
|-message|4funaccount forfeited.
|
|win|LT94JE Iznamakin
|raw|LT94JE Iznamakin's rating: 1772 &rarr; <strong>1791</strong><br />(+19 for winning)
|raw|4funaccount's rating: 1763 &rarr; <strong>1744</strong><br />(-19 for losing)
|l|☆4funaccount
|l|☆LT94JE Iznamakin
|j|☆LT94JE Iznamakin
|player|p1|LT94JE Iznamakin|chase
