|raw|<div class="broadcast-blue"><strong>This battle is required to be public due to a player having a name starting with 'lt92pf'.</div>
|j|☆LudwigFrog
|j|☆LT92PF Shurt
|t:|1660157774
|gametype|singles
|player|p1|LudwigFrog|hilbert-wonderlauncher|1806
|player|p2|LT92PF Shurt|leon-masters|1793
|teamsize|p1|6
|teamsize|p2|6
|gen|8
|tier|[Gen 8] OU
|rated|
|rule|Sleep Clause Mod: Limit one foe put to sleep
|rule|Species Clause: Limit one of each Pokémon
|rule|OHKO Clause: OHKO moves are banned
|rule|Evasion Items Clause: Evasion items are banned
|rule|Evasion Moves Clause: Evasion moves are banned
|rule|Endless Battle Clause: Forcing endless battles is banned
|rule|HP Percentage Mod: HP is shown in percentages
|rule|Dynamax Clause: You cannot dynamax
|clearpoke
|poke|p1|Heatran, M|
|poke|p1|Tapu Lele|
|poke|p1|Urshifu-*, M|
|poke|p1|Gastrodon-East, F|
|poke|p1|Tornadus-Therian, M|
|poke|p1|Ferrothorn, F|
|poke|p2|Shuckle, M|
|poke|p2|Victini|
|poke|p2|Urshifu-*, M|
|poke|p2|Kartana|
|poke|p2|Dragonite, M|
|poke|p2|Bisharp, M|
|teampreview
|inactive|Battle timer is ON: inactive players will automatically lose when time's up. (requested by LudwigFrog)
|
|t:|1660157783
|start
|switch|p1a: Gastrodon|Gastrodon-East, F|100/100
|switch|p2a: Victini|Victini|100/100
|turn|1
|
|t:|1660157798
|move|p2a: Victini|Trick|p1a: Gastrodon
|-activate|p2a: Victini|move: Trick|[of] p1a: Gastrodon
|-item|p1a: Gastrodon|Choice Scarf|[from] move: Trick
|-item|p2a: Victini|Leftovers|[from] move: Trick
|move|p1a: Gastrodon|Scald|p2a: Victini
|-supereffective|p2a: Victini
|-damage|p2a: Victini|54/100
|
|-heal|p2a: Victini|60/100|[from] item: Leftovers
|upkeep
|turn|2
|
|t:|1660157803
|switch|p2a: Shuckle|Shuckle, M|100/100
|move|p1a: Gastrodon|Scald|p2a: Shuckle
|-supereffective|p2a: Shuckle
|-damage|p2a: Shuckle|68/100
|
|upkeep
|turn|3
|
|t:|1660157806
|move|p1a: Gastrodon|Scald|p2a: Shuckle
|-supereffective|p2a: Shuckle
|-damage|p2a: Shuckle|36/100
|-status|p2a: Shuckle|brn
|move|p2a: Shuckle|Sticky Web|p1a: Gastrodon
|-sidestart|p1: LudwigFrog|move: Sticky Web
|
|-damage|p2a: Shuckle|30/100 brn|[from] brn
|upkeep
|turn|4
|-enditem|p2a: Shuckle|Custap Berry|[eat]
|-activate|p2a: Shuckle|item: Custap Berry|[consumed]
|
|t:|1660157808
|move|p2a: Shuckle|Stealth Rock|p1a: Gastrodon
|-sidestart|p1: LudwigFrog|move: Stealth Rock
|move|p1a: Gastrodon|Scald|p2a: Shuckle
|-supereffective|p2a: Shuckle
|-damage|p2a: Shuckle|0 fnt
|faint|p2a: Shuckle
|
|upkeep
|
|t:|1660157814
|switch|p2a: Kartana|Kartana|100/100
|turn|5
|
|t:|1660157816
|switch|p1a: Tornadus|Tornadus-Therian, M|100/100
|move|p2a: Kartana|Leaf Blade|p1a: Tornadus
|-resisted|p1a: Tornadus
|-crit|p1a: Tornadus
|-damage|p1a: Tornadus|58/100
|
|upkeep
|turn|6
|
|t:|1660157819
|move|p1a: Tornadus|Defog|p2a: Kartana
|-unboost|p2a: Kartana|evasion|1
|-sideend|p1: LudwigFrog|Stealth Rock|[from] move: Defog|[of] p1a: Tornadus
|-sideend|p1: LudwigFrog|Sticky Web|[from] move: Defog|[of] p1a: Tornadus
|move|p2a: Kartana|Knock Off|p1a: Tornadus
|-damage|p1a: Tornadus|12/100
|-enditem|p1a: Tornadus|Heavy-Duty Boots|[from] move: Knock Off|[of] p2a: Kartana
|
|upkeep
|turn|7
|
|t:|1660157826
|move|p1a: Tornadus|U-turn|p2a: Kartana
|-damage|p2a: Kartana|84/100
|
|t:|1660157828
|switch|p1a: Ferrothorn|Ferrothorn, F|100/100|[from]move: U-turn
|move|p2a: Kartana|Knock Off|p1a: Ferrothorn
|-damage|p1a: Ferrothorn|75/100
|-damage|p2a: Kartana|72/100|[from] ability: Iron Barbs|[of] p1a: Ferrothorn
|-enditem|p1a: Ferrothorn|Leftovers|[from] move: Knock Off|[of] p2a: Kartana
|
|upkeep
|turn|8
|
|t:|1660157833
|move|p2a: Kartana|Sacred Sword|p1a: Ferrothorn
|-supereffective|p1a: Ferrothorn
|-damage|p1a: Ferrothorn|27/100
|-damage|p2a: Kartana|60/100|[from] ability: Iron Barbs|[of] p1a: Ferrothorn
|move|p1a: Ferrothorn|Stealth Rock|p2a: Kartana
|-sidestart|p2: LT92PF Shurt|move: Stealth Rock
|
|upkeep
|turn|9
|
|t:|1660157838
|move|p2a: Kartana|Sacred Sword|p1a: Ferrothorn
|-supereffective|p1a: Ferrothorn
|-damage|p1a: Ferrothorn|0 fnt
|-damage|p2a: Kartana|47/100|[from] ability: Iron Barbs|[of] p1a: Ferrothorn
|faint|p1a: Ferrothorn
|-ability|p2a: Kartana|Beast Boost|boost
|-boost|p2a: Kartana|atk|1
|
|upkeep
|
|t:|1660157841
|switch|p1a: Heatran|Heatran, M|100/100
|turn|10
|
|t:|1660157849
|switch|p2a: Victini|Victini|60/100
|-damage|p2a: Victini|35/100|[from] Stealth Rock
|move|p1a: Heatran|Dragon Pulse|p2a: Victini
|-damage|p2a: Victini|12/100
|
|-heal|p2a: Victini|18/100|[from] item: Leftovers
|upkeep
|turn|11
|
|t:|1660157853
|move|p1a: Heatran|Dragon Pulse|p2a: Victini
|-damage|p2a: Victini|0 fnt
|faint|p2a: Victini
|
|upkeep
|
|t:|1660157858
|switch|p2a: Bisharp|Bisharp, M|100/100
|-damage|p2a: Bisharp|94/100|[from] Stealth Rock
|turn|12
|
|t:|1660157862
|switch|p1a: Gastrodon|Gastrodon-East, F|100/100
|switch|p2a: Kartana|Kartana|47/100
|-damage|p2a: Kartana|41/100|[from] Stealth Rock
|
|upkeep
|turn|13
|
|t:|1660157865
|switch|p1a: Tornadus|Tornadus-Therian, M|45/100
|move|p2a: Kartana|Leaf Blade|p1a: Tornadus
|-resisted|p1a: Tornadus
|-damage|p1a: Tornadus|14/100
|
|upkeep
|turn|14
|
|t:|1660157868
|move|p1a: Tornadus|Hurricane|p2a: Kartana|[miss]
|-miss|p1a: Tornadus|p2a: Kartana
|move|p2a: Kartana|Leaf Blade|p1a: Tornadus
|-resisted|p1a: Tornadus
|-damage|p1a: Tornadus|0 fnt
|faint|p1a: Tornadus
|-ability|p2a: Kartana|Beast Boost|boost
|-boost|p2a: Kartana|atk|1
|
|upkeep
|
|t:|1660157870
|switch|p1a: Heatran|Heatran, M|100/100
|turn|15
|
|t:|1660157887
|switch|p2a: Urshifu|Urshifu-Rapid-Strike, M|100/100
|-damage|p2a: Urshifu|94/100|[from] Stealth Rock
|move|p1a: Heatran|Dragon Pulse|p2a: Urshifu
|-damage|p2a: Urshifu|53/100
|
|upkeep
|turn|16
|
|t:|1660157891
|switch|p1a: Gastrodon|Gastrodon-East, F|100/100
|move|p2a: Urshifu|Close Combat|p1a: Gastrodon
|-damage|p1a: Gastrodon|29/100
|-unboost|p2a: Urshifu|def|1
|-unboost|p2a: Urshifu|spd|1
|
|upkeep
|turn|17
|
|t:|1660157894
|move|p2a: Urshifu|Close Combat|p1a: Gastrodon
|-damage|p1a: Gastrodon|0 fnt
|-unboost|p2a: Urshifu|def|1
|-unboost|p2a: Urshifu|spd|1
|faint|p1a: Gastrodon
|
|upkeep
|
|t:|1660157896
|switch|p1a: Urshifu|Urshifu-Rapid-Strike, M|100/100
|turn|18
|
|t:|1660157908
|move|p1a: Urshifu|Close Combat|p2a: Urshifu
|-damage|p2a: Urshifu|0 fnt
|-unboost|p1a: Urshifu|def|1
|-unboost|p1a: Urshifu|spd|1
|faint|p2a: Urshifu
|
|upkeep
|
|t:|1660157909
|switch|p2a: Kartana|Kartana|41/100
|-damage|p2a: Kartana|35/100|[from] Stealth Rock
|turn|19
|
|t:|1660157915
|switch|p1a: Heatran|Heatran, M|100/100
|move|p2a: Kartana|Knock Off|p1a: Heatran
|-damage|p1a: Heatran|56/100
|-enditem|p1a: Heatran|Choice Scarf|[from] move: Knock Off|[of] p2a: Kartana
|
|upkeep
|turn|20
|
|t:|1660157923
|move|p2a: Kartana|Sacred Sword|p1a: Heatran
|-supereffective|p1a: Heatran
|-damage|p1a: Heatran|0 fnt
|faint|p1a: Heatran
|-ability|p2a: Kartana|Beast Boost|boost
|-boost|p2a: Kartana|atk|1
|
|upkeep
|-message|LudwigFrog forfeited.
|
|win|LT92PF Shurt
|raw|LudwigFrog's rating: 1806 &rarr; <strong>1785</strong><br />(-21 for losing)
|raw|LT92PF Shurt's rating: 1793 &rarr; <strong>1814</strong><br />(+21 for winning)
|l|☆LudwigFrog
