|j|☆danny joltik
|j|☆d18l
|t:|1661047305
|gametype|singles
|player|p1|danny joltik|266|1648
|player|p2|d18l|backpacker|1720
|teamsize|p1|6
|teamsize|p2|6
|gen|8
|tier|[Gen 8] OU
|rated|
|rule|Sleep Clause Mod: Limit one foe put to sleep
|rule|Species Clause: Limit one of each Pokémon
|rule|OHKO Clause: OHKO moves are banned
|rule|Evasion Items Clause: Evasion items are banned
|rule|Evasion Moves Clause: Evasion moves are banned
|rule|Endless Battle Clause: Forcing endless battles is banned
|rule|HP Percentage Mod: HP is shown in percentages
|rule|Dynamax Clause: You cannot dynamax
|clearpoke
|poke|p1|Regieleki|
|poke|p1|Rillaboom, F|
|poke|p1|Dragonite, F|
|poke|p1|Conkeldurr, M|
|poke|p1|Melmetal|
|poke|p1|Bisharp, F|
|poke|p2|Tapu Koko|
|poke|p2|Victini|
|poke|p2|Landorus-Therian, M|
|poke|p2|Tornadus-Therian, M|
|poke|p2|Rotom-Wash|
|poke|p2|Ferrothorn, F|
|teampreview
|
|t:|1661047321
|start
|switch|p1a: Bisharp|Bisharp, F|100/100
|switch|p2a: Tapu Koko|Tapu Koko|100/100
|-fieldstart|move: Electric Terrain|[from] ability: Electric Surge|[of] p2a: Tapu Koko
|turn|1
|
|t:|1661047347
|move|p2a: Tapu Koko|Thunderbolt|p1a: Bisharp
|-enditem|p1a: Bisharp|Focus Sash
|-damage|p1a: Bisharp|1/100
|move|p1a: Bisharp|Stealth Rock|p2a: Tapu Koko
|-sidestart|p2: d18l|move: Stealth Rock
|
|upkeep
|turn|2
|
|t:|1661047354
|switch|p1a: Rillaboom|Rillaboom, F|100/100
|-fieldstart|move: Grassy Terrain|[from] ability: Grassy Surge|[of] p1a: Rillaboom
|move|p2a: Tapu Koko|Thunderbolt|p1a: Rillaboom
|-resisted|p1a: Rillaboom
|-damage|p1a: Rillaboom|66/100
|-status|p1a: Rillaboom|par
|
|-heal|p1a: Rillaboom|72/100 par|[from] Grassy Terrain
|upkeep
|turn|3
|
|t:|1661047367
|switch|p2a: Ferrothorn|Ferrothorn, F|100/100
|-damage|p2a: Ferrothorn|95/100|[from] Stealth Rock
|cant|p1a: Rillaboom|par
|
|-heal|p1a: Rillaboom|78/100 par|[from] Grassy Terrain
|-heal|p2a: Ferrothorn|100/100|[from] Grassy Terrain
|upkeep
|turn|4
|
|t:|1661047377
|move|p1a: Rillaboom|Superpower|p2a: Ferrothorn
|-supereffective|p2a: Ferrothorn
|-damage|p2a: Ferrothorn|17/100
|-unboost|p1a: Rillaboom|atk|1
|-unboost|p1a: Rillaboom|def|1
|-damage|p1a: Rillaboom|66/100 par|[from] ability: Iron Barbs|[of] p2a: Ferrothorn
|-damage|p1a: Rillaboom|49/100 par|[from] item: Rocky Helmet|[of] p2a: Ferrothorn
|move|p2a: Ferrothorn|Gyro Ball|p1a: Rillaboom
|-damage|p1a: Rillaboom|5/100 par
|
|-heal|p1a: Rillaboom|11/100 par|[from] Grassy Terrain
|-heal|p2a: Ferrothorn|23/100|[from] Grassy Terrain
|upkeep
|turn|5
|
|t:|1661047401
|switch|p1a: Conkeldurr|Conkeldurr, M|100/100
|move|p2a: Ferrothorn|Gyro Ball|p1a: Conkeldurr
|-damage|p1a: Conkeldurr|77/100
|
|-heal|p1a: Conkeldurr|83/100|[from] Grassy Terrain
|-heal|p2a: Ferrothorn|29/100|[from] Grassy Terrain
|upkeep
|turn|6
|
|t:|1661047415
|move|p1a: Conkeldurr|Drain Punch|p2a: Ferrothorn
|-supereffective|p2a: Ferrothorn
|-damage|p2a: Ferrothorn|0 fnt
|-heal|p1a: Conkeldurr|96/100|[from] drain|[of] p2a: Ferrothorn
|-damage|p1a: Conkeldurr|83/100|[from] ability: Iron Barbs|[of] p2a: Ferrothorn
|-damage|p1a: Conkeldurr|67/100|[from] item: Rocky Helmet|[of] p2a: Ferrothorn
|faint|p2a: Ferrothorn
|
|-heal|p1a: Conkeldurr|73/100|[from] Grassy Terrain
|-fieldend|move: Grassy Terrain
|upkeep
|
|t:|1661047430
|switch|p2a: Tapu Koko|Tapu Koko|100/100
|-damage|p2a: Tapu Koko|88/100|[from] Stealth Rock
|-fieldstart|move: Electric Terrain|[from] ability: Electric Surge|[of] p2a: Tapu Koko
|turn|7
|
|t:|1661047445
|switch|p1a: Bisharp|Bisharp, F|1/100
|move|p2a: Tapu Koko|Thunderbolt|p1a: Bisharp
|-damage|p1a: Bisharp|0 fnt
|faint|p1a: Bisharp
|
|upkeep
|
|t:|1661047454
|switch|p1a: Rillaboom|Rillaboom, F|11/100 par
|-fieldstart|move: Grassy Terrain|[from] ability: Grassy Surge|[of] p1a: Rillaboom
|turn|8
|
|t:|1661047457
|switch|p2a: Tornadus|Tornadus-Therian, M|100/100
|-damage|p2a: Tornadus|76/100|[from] Stealth Rock
|move|p1a: Rillaboom|Grassy Glide|p2a: Tornadus
|-resisted|p2a: Tornadus
|-damage|p2a: Tornadus|36/100
|
|-heal|p1a: Rillaboom|17/100 par|[from] Grassy Terrain
|upkeep
|turn|9
|
|t:|1661047463
|switch|p2a: Victini|Victini|100/100
|move|p1a: Rillaboom|Grassy Glide|p2a: Victini
|-resisted|p2a: Victini
|-damage|p2a: Victini|62/100
|
|-heal|p2a: Victini|68/100|[from] Grassy Terrain
|-heal|p1a: Rillaboom|23/100 par|[from] Grassy Terrain
|upkeep
|turn|10
|
|t:|1661047471
|switch|p1a: Dragonite|Dragonite, F|100/100
|move|p2a: Victini|U-turn|p1a: Dragonite
|-resisted|p1a: Dragonite
|-damage|p1a: Dragonite|95/100
|
|t:|1661047475
|switch|p2a: Rotom|Rotom-Wash|100/100|[from]move: U-turn
|-damage|p2a: Rotom|88/100|[from] Stealth Rock
|
|upkeep
|turn|11
|
|t:|1661047481
|switch|p1a: Conkeldurr|Conkeldurr, M|73/100
|move|p2a: Rotom|Volt Switch|p1a: Conkeldurr
|-damage|p1a: Conkeldurr|60/100
|
|t:|1661047484
|switch|p2a: Tapu Koko|Tapu Koko|88/100|[from]move: Volt Switch
|-damage|p2a: Tapu Koko|76/100|[from] Stealth Rock
|-fieldstart|move: Electric Terrain|[from] ability: Electric Surge|[of] p2a: Tapu Koko
|
|upkeep
|turn|12
|
|t:|1661047492
|switch|p1a: Melmetal|Melmetal|100/100
|move|p2a: Tapu Koko|Thunderbolt|p1a: Melmetal
|-damage|p1a: Melmetal|55/100
|
|upkeep
|turn|13
|
|t:|1661047503
|switch|p2a: Rotom|Rotom-Wash|88/100
|-damage|p2a: Rotom|76/100|[from] Stealth Rock
|move|p1a: Melmetal|Double Iron Bash|p2a: Rotom
|-resisted|p2a: Rotom
|-damage|p2a: Rotom|67/100
|-damage|p1a: Melmetal|38/100|[from] item: Rocky Helmet|[of] p2a: Rotom
|-resisted|p2a: Rotom
|-damage|p2a: Rotom|57/100
|-damage|p1a: Melmetal|22/100|[from] item: Rocky Helmet|[of] p2a: Rotom
|-hitcount|p2a: Rotom|2
|
|upkeep
|turn|14
|
|t:|1661047517
|move|p2a: Rotom|Hydro Pump|p1a: Melmetal
|-damage|p1a: Melmetal|0 fnt
|faint|p1a: Melmetal
|
|upkeep
|
|t:|1661047525
|switch|p1a: Conkeldurr|Conkeldurr, M|60/100
|turn|15
|
|t:|1661047535
|move|p2a: Rotom|Volt Switch|p1a: Conkeldurr
|-damage|p1a: Conkeldurr|47/100
|
|t:|1661047544
|switch|p2a: Tornadus|Tornadus-Therian, M|69/100|[from]move: Volt Switch
|-damage|p2a: Tornadus|44/100|[from] Stealth Rock
|move|p1a: Conkeldurr|Thunder Punch|p2a: Tornadus
|-supereffective|p2a: Tornadus
|-damage|p2a: Tornadus|0 fnt
|faint|p2a: Tornadus
|
|-fieldend|move: Electric Terrain
|upkeep
|
|t:|1661047554
|switch|p2a: Victini|Victini|68/100
|turn|16
|
|t:|1661047572
|move|p2a: Victini|V-create|p1a: Conkeldurr
|-damage|p1a: Conkeldurr|0 fnt
|-unboost|p2a: Victini|spe|1
|-unboost|p2a: Victini|def|1
|-unboost|p2a: Victini|spd|1
|faint|p1a: Conkeldurr
|
|upkeep
|
|t:|1661047579
|switch|p1a: Rillaboom|Rillaboom, F|23/100 par
|-fieldstart|move: Grassy Terrain|[from] ability: Grassy Surge|[of] p1a: Rillaboom
|turn|17
|c|☆danny joltik|oop
|
|t:|1661047594
|switch|p1a: Dragonite|Dragonite, F|95/100
|move|p2a: Victini|U-turn|p1a: Dragonite
|-resisted|p1a: Dragonite
|-damage|p1a: Dragonite|83/100
|
|t:|1661047597
|switch|p2a: Rotom|Rotom-Wash|57/100|[from]move: U-turn
|-damage|p2a: Rotom|45/100|[from] Stealth Rock
|
|upkeep
|turn|18
|
|t:|1661047620
|move|p1a: Dragonite|Dragon Dance|p1a: Dragonite
|-boost|p1a: Dragonite|atk|1
|-boost|p1a: Dragonite|spe|1
|move|p2a: Rotom|Will-O-Wisp|p1a: Dragonite
|-status|p1a: Dragonite|brn
|
|-damage|p1a: Dragonite|77/100 brn|[from] brn
|upkeep
|turn|19
|
|t:|1661047630
|move|p1a: Dragonite|Dragon Dance|p1a: Dragonite
|-boost|p1a: Dragonite|atk|1
|-boost|p1a: Dragonite|spe|1
|move|p2a: Rotom|Volt Switch|p1a: Dragonite
|-crit|p1a: Dragonite
|-damage|p1a: Dragonite|33/100 brn
|
|t:|1661047635
|switch|p2a: Landorus|Landorus-Therian, M|100/100|[from]move: Volt Switch
|-damage|p2a: Landorus|88/100|[from] Stealth Rock
|-ability|p2a: Landorus|Intimidate|boost
|-unboost|p1a: Dragonite|atk|1
|
|-heal|p2a: Landorus|94/100|[from] item: Leftovers
|-damage|p1a: Dragonite|27/100 brn|[from] brn
|upkeep
|turn|20
|
|t:|1661047638
|switch|p2a: Rotom|Rotom-Wash|45/100
|-damage|p2a: Rotom|33/100|[from] Stealth Rock
|move|p1a: Dragonite|Ice Beam|p2a: Rotom
|-resisted|p2a: Rotom
|-damage|p2a: Rotom|20/100
|-status|p2a: Rotom|frz
|
|-damage|p1a: Dragonite|21/100 brn|[from] brn
|upkeep
|turn|21
|
|t:|1661047646
|move|p1a: Dragonite|Thunderbolt|p2a: Rotom
|-damage|p2a: Rotom|0 fnt
|faint|p2a: Rotom
|
|-damage|p1a: Dragonite|15/100 brn|[from] brn
|-fieldend|move: Grassy Terrain
|upkeep
|
|t:|1661047653
|switch|p2a: Tapu Koko|Tapu Koko|76/100
|-damage|p2a: Tapu Koko|63/100|[from] Stealth Rock
|-fieldstart|move: Electric Terrain|[from] ability: Electric Surge|[of] p2a: Tapu Koko
|turn|22
|
|t:|1661047674
|move|p1a: Dragonite|Ice Beam|p2a: Tapu Koko
|-damage|p2a: Tapu Koko|21/100
|move|p2a: Tapu Koko|Dazzling Gleam|p1a: Dragonite
|-supereffective|p1a: Dragonite
|-damage|p1a: Dragonite|0 fnt
|faint|p1a: Dragonite
|
|upkeep
|j| LT_Alt1
|
|t:|1661047684
|switch|p1a: Regieleki|Regieleki|100/100
|turn|23
|
|t:|1661047697
|switch|p1a: Rillaboom|Rillaboom, F|23/100 par
|-fieldstart|move: Grassy Terrain|[from] ability: Grassy Surge|[of] p1a: Rillaboom
|switch|p2a: Landorus|Landorus-Therian, M|94/100
|-damage|p2a: Landorus|82/100|[from] Stealth Rock
|-ability|p2a: Landorus|Intimidate|boost
|-unboost|p1a: Rillaboom|atk|1
|
|-heal|p2a: Landorus|88/100|[from] item: Leftovers
|-heal|p1a: Rillaboom|29/100 par|[from] Grassy Terrain
|upkeep
|turn|24
|
|t:|1661047709
|switch|p2a: Tapu Koko|Tapu Koko|21/100
|-damage|p2a: Tapu Koko|9/100|[from] Stealth Rock
|-fieldstart|move: Electric Terrain|[from] ability: Electric Surge|[of] p2a: Tapu Koko
|cant|p1a: Rillaboom|par
|
|upkeep
|turn|25
|
|t:|1661047718
|move|p2a: Tapu Koko|Dazzling Gleam|p1a: Rillaboom
|-damage|p1a: Rillaboom|0 fnt
|faint|p1a: Rillaboom
|
|upkeep
|
|t:|1661047720
|switch|p1a: Regieleki|Regieleki|100/100
|turn|26
|
|t:|1661047723
|move|p1a: Regieleki|Explosion|p2a: Tapu Koko
|-damage|p2a: Tapu Koko|0 fnt
|faint|p1a: Regieleki
|faint|p2a: Tapu Koko
|
|win|d18l
|raw|danny joltik's rating: 1648 &rarr; <strong>1632</strong><br />(-16 for losing)
|raw|d18l's rating: 1720 &rarr; <strong>1736</strong><br />(+16 for winning)
|l|☆danny joltik
