|j|☆minimax_ai
|j|☆misplayin
|t:|1661415011
|gametype|singles
|player|p1|minimax_ai|lusamine-nihilego|1444
|player|p2|misplayin|bugsy|1496
|teamsize|p1|6
|teamsize|p2|6
|gen|8
|tier|[Gen 8] OU
|rated|
|rule|Sleep Clause Mod: Limit one foe put to sleep
|rule|Species Clause: Limit one of each Pokémon
|rule|OHKO Clause: OHKO moves are banned
|rule|Evasion Items Clause: Evasion items are banned
|rule|Evasion Moves Clause: Evasion moves are banned
|rule|Endless Battle Clause: Forcing endless battles is banned
|rule|HP Percentage Mod: HP is shown in percentages
|rule|Dynamax Clause: You cannot dynamax
|clearpoke
|poke|p1|Rotom-Wash|
|poke|p1|Weavile, F|
|poke|p1|Landorus-Therian, M|
|poke|p1|Heatran, M|
|poke|p1|Tangrowth, M|
|poke|p1|Melmetal|
|poke|p2|Azumarill, F|
|poke|p2|Gengar, M|
|poke|p2|Garchomp, M|
|poke|p2|Tornadus-Therian, M|
|poke|p2|Landorus-Therian, M|
|poke|p2|Buzzwole|
|teampreview
|inactive|Battle timer is ON: inactive players will automatically lose when time's up. (requested by misplayin)
|c|☆minimax_ai|hf
|inactive|minimax_ai also wants the timer to be on.
|
|t:|1661415041
|start
|switch|p1a: landorustherian|Landorus-Therian, M|100/100
|switch|p2a: Gengar|Gengar, M|100/100
|-ability|p1a: landorustherian|Intimidate|boost
|-unboost|p2a: Gengar|atk|1
|turn|1
|
|t:|1661415049
|switch|p2a: Tornadus|Tornadus-Therian, M|100/100
|move|p1a: landorustherian|Earthquake|p2a: Tornadus
|-immune|p2a: Tornadus
|
|upkeep
|turn|2
|
|t:|1661415053
|move|p2a: Tornadus|Knock Off|p1a: landorustherian
|-damage|p1a: landorustherian|81/100
|-enditem|p1a: landorustherian|Leftovers|[from] move: Knock Off|[of] p2a: Tornadus
|move|p1a: landorustherian|Toxic|p2a: Tornadus
|-status|p2a: Tornadus|tox
|
|-damage|p2a: Tornadus|94/100 tox|[from] psn
|upkeep
|turn|3
|
|t:|1661415056
|switch|p1a: Melmetal|Melmetal|100/100
|move|p2a: Tornadus|Hurricane|p1a: Melmetal|[miss]
|-miss|p2a: Tornadus|p1a: Melmetal
|
|-damage|p2a: Tornadus|82/100 tox|[from] psn
|upkeep
|turn|4
|
|t:|1661415060
|move|p2a: Tornadus|U-turn|p1a: Melmetal
|-resisted|p1a: Melmetal
|-damage|p1a: Melmetal|96/100
|
|t:|1661415062
|switch|p2a: Buzzwole|Buzzwole|100/100|[from]move: U-turn
|move|p1a: Melmetal|Double Iron Bash|p2a: Buzzwole
|-damage|p2a: Buzzwole|80/100
|-damage|p1a: Melmetal|80/100|[from] item: Rocky Helmet|[of] p2a: Buzzwole
|-damage|p2a: Buzzwole|57/100
|-damage|p1a: Melmetal|63/100|[from] item: Rocky Helmet|[of] p2a: Buzzwole
|-hitcount|p2a: Buzzwole|2
|
|upkeep
|turn|5
|
|t:|1661415066
|switch|p1a: Tangrowth|Tangrowth, M|100/100
|move|p2a: Buzzwole|Roost|p2a: Buzzwole
|-heal|p2a: Buzzwole|100/100
|-singleturn|p2a: Buzzwole|move: Roost
|
|upkeep
|turn|6
|
|t:|1661415069
|switch|p2a: Tornadus|Tornadus-Therian, M|100/100 tox
|switch|p1a: rotomwash|Rotom-Wash|100/100
|
|-damage|p2a: Tornadus|94/100 tox|[from] psn
|upkeep
|turn|7
|
|t:|1661415072
|move|p2a: Tornadus|Knock Off|p1a: rotomwash
|-damage|p1a: rotomwash|79/100
|-enditem|p1a: rotomwash|Leftovers|[from] move: Knock Off|[of] p2a: Tornadus
|move|p1a: rotomwash|Nasty Plot|p1a: rotomwash
|-boost|p1a: rotomwash|spa|2
|
|-damage|p2a: Tornadus|82/100 tox|[from] psn
|upkeep
|turn|8
|
|t:|1661415081
|move|p2a: Tornadus|Hurricane|p1a: rotomwash
|-resisted|p1a: rotomwash
|-damage|p1a: rotomwash|55/100
|-start|p1a: rotomwash|confusion
|-activate|p1a: rotomwash|confusion
|move|p1a: rotomwash|Hydro Pump|p2a: Tornadus
|-damage|p2a: Tornadus|28/100 tox
|
|-damage|p2a: Tornadus|10/100 tox|[from] psn
|upkeep
|turn|9
|
|t:|1661415084
|move|p2a: Tornadus|U-turn|p1a: rotomwash
|-damage|p1a: rotomwash|39/100
|
|t:|1661415107
|switch|p2a: Azumarill|Azumarill, F|100/100|[from]move: U-turn
|-activate|p1a: rotomwash|confusion
|move|p1a: rotomwash|Pain Split|p2a: Azumarill
|-sethp|p2a: Azumarill|66/100|[from] move: Pain Split|[silent]
|-sethp|p1a: rotomwash|80/100|[from] move: Pain Split
|
|upkeep
|turn|10
|
|t:|1661415119
|switch|p2a: Garchomp|Garchomp, M|100/100
|-end|p1a: rotomwash|confusion
|move|p1a: rotomwash|Thunderbolt|p2a: Garchomp
|-immune|p2a: Garchomp
|
|upkeep
|turn|11
|
|t:|1661415123
|move|p1a: rotomwash|Hydro Pump|p2a: Garchomp
|-damage|p2a: Garchomp|37/100
|move|p2a: Garchomp|Toxic|p1a: rotomwash
|-status|p1a: rotomwash|tox
|
|-heal|p2a: Garchomp|44/100|[from] item: Leftovers
|-damage|p1a: rotomwash|74/100 tox|[from] psn
|upkeep
|turn|12
|
|t:|1661415127
|move|p1a: rotomwash|Hydro Pump|p2a: Garchomp|[miss]
|-miss|p1a: rotomwash|p2a: Garchomp
|move|p2a: Garchomp|Stealth Rock|p1a: rotomwash
|-sidestart|p1: minimax_ai|move: Stealth Rock
|
|-heal|p2a: Garchomp|50/100|[from] item: Leftovers
|-damage|p1a: rotomwash|62/100 tox|[from] psn
|upkeep
|turn|13
|
|t:|1661415129
|move|p2a: Garchomp|Protect|p2a: Garchomp
|-singleturn|p2a: Garchomp|Protect
|move|p1a: rotomwash|Hydro Pump|p2a: Garchomp
|-activate|p2a: Garchomp|move: Protect
|
|-heal|p2a: Garchomp|56/100|[from] item: Leftovers
|-damage|p1a: rotomwash|43/100 tox|[from] psn
|upkeep
|turn|14
|
|t:|1661415135
|switch|p2a: Azumarill|Azumarill, F|66/100
|move|p1a: rotomwash|Hydro Pump|p2a: Azumarill
|-resisted|p2a: Azumarill
|-damage|p2a: Azumarill|15/100
|
|-damage|p1a: rotomwash|18/100 tox|[from] psn
|upkeep
|turn|15
|
|t:|1661415138
|switch|p1a: Tangrowth|Tangrowth, M|100/100
|-damage|p1a: Tangrowth|88/100|[from] Stealth Rock
|move|p2a: Azumarill|Aqua Jet|p1a: Tangrowth
|-resisted|p1a: Tangrowth
|-damage|p1a: Tangrowth|79/100
|-damage|p2a: Azumarill|0 fnt|[from] item: Rocky Helmet|[of] p1a: Tangrowth
|faint|p2a: Azumarill
|
|upkeep
|
|t:|1661415142
|switch|p2a: Gengar|Gengar, M|100/100
|turn|16
|
|t:|1661415148
|switch|p1a: rotomwash|Rotom-Wash|18/100 tox
|-damage|p1a: rotomwash|5/100 tox|[from] Stealth Rock
|move|p2a: Gengar|Shadow Ball|p1a: rotomwash
|-damage|p1a: rotomwash|0 fnt
|faint|p1a: rotomwash
|-damage|p2a: Gengar|91/100|[from] item: Life Orb
|
|upkeep
|
|t:|1661415148
|switch|p1a: Melmetal|Melmetal|63/100
|-damage|p1a: Melmetal|57/100|[from] Stealth Rock
|turn|17
|
|t:|1661415151
|move|p2a: Gengar|Focus Blast|p1a: Melmetal
|-supereffective|p1a: Melmetal
|-damage|p1a: Melmetal|0 fnt
|faint|p1a: Melmetal
|-damage|p2a: Gengar|81/100|[from] item: Life Orb
|
|upkeep
|
|t:|1661415151
|switch|p1a: landorustherian|Landorus-Therian, M|81/100
|-damage|p1a: landorustherian|68/100|[from] Stealth Rock
|-ability|p1a: landorustherian|Intimidate|boost
|-unboost|p2a: Gengar|atk|1
|turn|18
|
|t:|1661415157
|switch|p2a: Buzzwole|Buzzwole|100/100
|move|p1a: landorustherian|Earthquake|p2a: Buzzwole
|-resisted|p2a: Buzzwole
|-damage|p2a: Buzzwole|89/100
|
|upkeep
|turn|19
|
|t:|1661415165
|switch|p1a: Tangrowth|Tangrowth, M|100/100
|-damage|p1a: Tangrowth|88/100|[from] Stealth Rock
|move|p2a: Buzzwole|Close Combat|p1a: Tangrowth
|-damage|p1a: Tangrowth|61/100
|-unboost|p2a: Buzzwole|def|1
|-unboost|p2a: Buzzwole|spd|1
|-damage|p2a: Buzzwole|73/100|[from] item: Rocky Helmet|[of] p1a: Tangrowth
|
|upkeep
|turn|20
|
|t:|1661415169
|switch|p2a: Tornadus|Tornadus-Therian, M|43/100 tox
|move|p1a: Tangrowth|Giga Drain|p2a: Tornadus
|-resisted|p2a: Tornadus
|-damage|p2a: Tornadus|34/100 tox
|-heal|p1a: Tangrowth|65/100|[from] drain|[of] p2a: Tornadus
|
|-damage|p2a: Tornadus|28/100 tox|[from] psn
|upkeep
|turn|21
|
|t:|1661415174
|switch|p1a: Heatran|Heatran, M|100/100
|-damage|p1a: Heatran|88/100|[from] Stealth Rock
|-item|p1a: Heatran|Air Balloon
|move|p2a: Tornadus|U-turn|p1a: Heatran
|-resisted|p1a: Heatran
|-crit|p1a: Heatran
|-damage|p1a: Heatran|83/100
|-enditem|p1a: Heatran|Air Balloon
|
|t:|1661415178
|switch|p2a: Garchomp|Garchomp, M|56/100|[from]move: U-turn
|
|-heal|p2a: Garchomp|62/100|[from] item: Leftovers
|upkeep
|turn|22
|
|t:|1661415180
|switch|p1a: landorustherian|Landorus-Therian, M|68/100
|-damage|p1a: landorustherian|56/100|[from] Stealth Rock
|-ability|p1a: landorustherian|Intimidate|boost
|-unboost|p2a: Garchomp|atk|1
|move|p2a: Garchomp|Toxic|p1a: landorustherian
|-status|p1a: landorustherian|tox
|
|-heal|p2a: Garchomp|68/100|[from] item: Leftovers
|-damage|p1a: landorustherian|50/100 tox|[from] psn
|upkeep
|turn|23
|
|t:|1661415187
|move|p2a: Garchomp|Protect|p2a: Garchomp
|-singleturn|p2a: Garchomp|Protect
|move|p1a: landorustherian|Defog|p2a: Garchomp
|-activate|p2a: Garchomp|move: Protect
|
|-heal|p2a: Garchomp|75/100|[from] item: Leftovers
|-damage|p1a: landorustherian|38/100 tox|[from] psn
|upkeep
|turn|24
|
|t:|1661415191
|move|p2a: Garchomp|Stealth Rock||[still]
|-fail|p2a: Garchomp
|move|p1a: landorustherian|Defog|p2a: Garchomp
|-unboost|p2a: Garchomp|evasion|1
|-sideend|p1: minimax_ai|Stealth Rock|[from] move: Defog|[of] p1a: landorustherian
|
|-heal|p2a: Garchomp|81/100|[from] item: Leftovers
|-damage|p1a: landorustherian|20/100 tox|[from] psn
|upkeep
|turn|25
|
|t:|1661415195
|switch|p1a: Weavile|Weavile, F|100/100
|-ability|p1a: Weavile|Pressure
|move|p2a: Garchomp|Stealth Rock|p1a: Weavile
|-sidestart|p1: minimax_ai|move: Stealth Rock
|
|-heal|p2a: Garchomp|87/100|[from] item: Leftovers
|upkeep
|turn|26
|
|t:|1661415200
|switch|p2a: Landorus|Landorus-Therian, M|100/100
|-ability|p2a: Landorus|Intimidate|boost
|-unboost|p1a: Weavile|atk|1
|move|p1a: Weavile|Triple Axel|p2a: Landorus
|-supereffective|p2a: Landorus
|-damage|p2a: Landorus|63/100
|-supereffective|p2a: Landorus
|-damage|p2a: Landorus|0 fnt
|faint|p2a: Landorus
|-hitcount|p2: Landorus|2
|
|upkeep
|
|t:|1661415203
|switch|p2a: Buzzwole|Buzzwole|73/100
|turn|27
|
|t:|1661415206
|switch|p1a: Tangrowth|Tangrowth, M|98/100
|-damage|p1a: Tangrowth|86/100|[from] Stealth Rock
|switch|p2a: Gengar|Gengar, M|81/100
|
|upkeep
|turn|28
|
|t:|1661415208
|switch|p1a: landorustherian|Landorus-Therian, M|20/100 tox
|-damage|p1a: landorustherian|8/100 tox|[from] Stealth Rock
|-ability|p1a: landorustherian|Intimidate|boost
|-unboost|p2a: Gengar|atk|1
|move|p2a: Gengar|Shadow Ball|p1a: landorustherian
|-damage|p1a: landorustherian|0 fnt
|faint|p1a: landorustherian
|-damage|p2a: Gengar|71/100|[from] item: Life Orb
|
|upkeep
|
|t:|1661415208
|switch|p1a: Weavile|Weavile, F|100/100
|-damage|p1a: Weavile|76/100|[from] Stealth Rock
|-ability|p1a: Weavile|Pressure
|turn|29
|
|t:|1661415212
|switch|p2a: Buzzwole|Buzzwole|73/100
|move|p1a: Weavile|Triple Axel|p2a: Buzzwole
|-damage|p2a: Buzzwole|65/100
|-damage|p1a: Weavile|59/100|[from] item: Rocky Helmet|[of] p2a: Buzzwole
|-damage|p2a: Buzzwole|50/100
|-damage|p1a: Weavile|43/100|[from] item: Rocky Helmet|[of] p2a: Buzzwole
|-damage|p2a: Buzzwole|27/100
|-damage|p1a: Weavile|26/100|[from] item: Rocky Helmet|[of] p2a: Buzzwole
|-hitcount|p2a: Buzzwole|3
|
|upkeep
|turn|30
|
|t:|1661415214
|move|p1a: Weavile|Triple Axel|p2a: Buzzwole
|-damage|p2a: Buzzwole|20/100
|-damage|p1a: Weavile|10/100|[from] item: Rocky Helmet|[of] p2a: Buzzwole
|-damage|p2a: Buzzwole|4/100
|-damage|p1a: Weavile|0 fnt|[from] item: Rocky Helmet|[of] p2a: Buzzwole
|faint|p1a: Weavile
|-hitcount|p2a: Buzzwole|2
|move|p2a: Buzzwole|Roost|p2a: Buzzwole
|-heal|p2a: Buzzwole|54/100
|-singleturn|p2a: Buzzwole|move: Roost
|
|upkeep
|
|t:|1661415214
|switch|p1a: Heatran|Heatran, M|83/100
|-damage|p1a: Heatran|70/100|[from] Stealth Rock
|turn|31
|
|t:|1661415218
|move|p1a: Heatran|Magma Storm|p2a: Buzzwole|[miss]
|-miss|p1a: Heatran|p2a: Buzzwole
|move|p2a: Buzzwole|Close Combat|p1a: Heatran
|-supereffective|p1a: Heatran
|-damage|p1a: Heatran|0 fnt
|-unboost|p2a: Buzzwole|def|1
|-unboost|p2a: Buzzwole|spd|1
|faint|p1a: Heatran
|-ability|p2a: Buzzwole|Beast Boost|boost
|-boost|p2a: Buzzwole|def|1
|
|upkeep
|
|t:|1661415218
|switch|p1a: Tangrowth|Tangrowth, M|100/100
|-damage|p1a: Tangrowth|88/100|[from] Stealth Rock
|turn|32
|
|t:|1661415221
|move|p2a: Buzzwole|Toxic|p1a: Tangrowth
|-status|p1a: Tangrowth|tox
|move|p1a: Tangrowth|Knock Off|p2a: Buzzwole
|-resisted|p2a: Buzzwole
|-damage|p2a: Buzzwole|48/100
|-damage|p1a: Tangrowth|72/100 tox|[from] item: Rocky Helmet|[of] p2a: Buzzwole
|-enditem|p2a: Buzzwole|Rocky Helmet|[from] move: Knock Off|[of] p1a: Tangrowth
|
|-damage|p1a: Tangrowth|65/100 tox|[from] psn
|upkeep
|turn|33
|
|t:|1661415222
|move|p2a: Buzzwole|Ice Punch|p1a: Tangrowth
|-supereffective|p1a: Tangrowth
|-damage|p1a: Tangrowth|40/100 tox
|-damage|p2a: Buzzwole|32/100|[from] item: Rocky Helmet|[of] p1a: Tangrowth
|move|p1a: Tangrowth|Sleep Powder|p2a: Buzzwole
|-status|p2a: Buzzwole|slp|[from] move: Sleep Powder
|
|-damage|p1a: Tangrowth|27/100 tox|[from] psn
|upkeep
|turn|34
|
|t:|1661415224
|cant|p2a: Buzzwole|slp
|move|p1a: Tangrowth|Giga Drain|p2a: Buzzwole
|-resisted|p2a: Buzzwole
|-damage|p2a: Buzzwole|5/100 slp
|-heal|p1a: Tangrowth|41/100 tox|[from] drain|[of] p2a: Buzzwole
|
|-damage|p1a: Tangrowth|23/100 tox|[from] psn
|upkeep
|turn|35
|
|t:|1661415226
|-curestatus|p2a: Buzzwole|slp|[msg]
|move|p2a: Buzzwole|Ice Punch|p1a: Tangrowth
|-supereffective|p1a: Tangrowth
|-damage|p1a: Tangrowth|0 fnt
|-damage|p2a: Buzzwole|0 fnt|[from] item: Rocky Helmet|[of] p1a: Tangrowth
|faint|p1a: Tangrowth
|faint|p2a: Buzzwole
|
|win|misplayin
|raw|minimax_ai's rating: 1444 &rarr; <strong>1427</strong><br />(-17 for losing)
|raw|misplayin's rating: 1496 &rarr; <strong>1513</strong><br />(+17 for winning)
|c|☆minimax_ai|gg
