|j|☆clapfest
|j|☆Run For Me Plz
|t:|1649071320
|gametype|singles
|player|p1|clapfest|169|1636
|player|p2|Run For Me Plz|pokemaniac-gen3|1676
|teamsize|p1|6
|teamsize|p2|6
|gen|8
|tier|[Gen 8] OU
|rated|
|rule|Sleep Clause Mod: Limit one foe put to sleep
|rule|Species Clause: Limit one of each Pokémon
|rule|OHKO Clause: OHKO moves are banned
|rule|Evasion Moves Clause: Evasion moves are banned
|rule|Endless Battle Clause: Forcing endless battles is banned
|rule|HP Percentage Mod: HP is shown in percentages
|rule|Dynamax Clause: You cannot dynamax
|clearpoke
|poke|p1|Blacephalon|
|poke|p1|Heatran, F|
|poke|p1|Tornadus-Therian, M|
|poke|p1|Rotom-Wash|
|poke|p1|Weavile, F|
|poke|p1|Landorus-Therian, M|
|poke|p2|Tapu Bulu|
|poke|p2|Blissey, F|
|poke|p2|Corviknight, F|
|poke|p2|Slowbro, M|
|poke|p2|Magnezone|
|poke|p2|Hippowdon, M|
|teampreview
|inactive|Battle timer is ON: inactive players will automatically lose when time's up. (requested by Run For Me Plz)
|
|t:|1649071329
|start
|switch|p1a: Tornadus|Tornadus-Therian, M|100/100
|switch|p2a: Hippowdon|Hippowdon, M|100/100
|-weather|Sandstorm|[from] ability: Sand Stream|[of] p2a: Hippowdon
|turn|1
|
|t:|1649071338
|switch|p1a: Rotom|Rotom-Wash|100/100
|move|p2a: Hippowdon|Toxic|p1a: Rotom
|-status|p1a: Rotom|tox
|
|-weather|Sandstorm|[upkeep]
|-damage|p1a: Rotom|94/100 tox|[from] Sandstorm
|-heal|p1a: Rotom|100/100 tox|[from] item: Leftovers
|-damage|p1a: Rotom|94/100 tox|[from] psn
|upkeep
|turn|2
|
|t:|1649071343
|move|p1a: Rotom|Volt Switch|p2a: Hippowdon
|-immune|p2a: Hippowdon
|move|p2a: Hippowdon|Stealth Rock|p1a: Rotom
|-sidestart|p1: clapfest|move: Stealth Rock
|
|-weather|Sandstorm|[upkeep]
|-damage|p1a: Rotom|88/100 tox|[from] Sandstorm
|-heal|p1a: Rotom|94/100 tox|[from] item: Leftovers
|-damage|p1a: Rotom|82/100 tox|[from] psn
|upkeep
|turn|3
|
|t:|1649071346
|switch|p2a: Blissey|Blissey, F, shiny|100/100
|move|p1a: Rotom|Hydro Pump|p2a: Blissey
|-damage|p2a: Blissey|85/100
|
|-weather|Sandstorm|[upkeep]
|-damage|p1a: Rotom|75/100 tox|[from] Sandstorm
|-damage|p2a: Blissey|79/100|[from] Sandstorm
|-heal|p1a: Rotom|82/100 tox|[from] item: Leftovers
|-damage|p1a: Rotom|63/100 tox|[from] psn
|upkeep
|turn|4
|
|t:|1649071349
|move|p1a: Rotom|Volt Switch|p2a: Blissey
|-damage|p2a: Blissey|71/100
|
|t:|1649071351
|switch|p1a: Landorus|Landorus-Therian, M|100/100|[from]move: Volt Switch
|-damage|p1a: Landorus|88/100|[from] Stealth Rock
|-ability|p1a: Landorus|Intimidate|boost
|-unboost|p2a: Blissey|atk|1
|move|p2a: Blissey|Soft-Boiled|p2a: Blissey
|-heal|p2a: Blissey|100/100
|
|-weather|Sandstorm|[upkeep]
|-damage|p2a: Blissey|94/100|[from] Sandstorm
|-heal|p1a: Landorus|94/100|[from] item: Leftovers
|upkeep
|turn|5
|
|t:|1649071376
|switch|p2a: Corviknight|Corviknight, F, shiny|100/100
|-ability|p2a: Corviknight|Pressure
|move|p1a: Landorus|Defog|p2a: Corviknight
|-unboost|p2a: Corviknight|evasion|1
|-sideend|p1: clapfest|Stealth Rock|[from] move: Defog|[of] p1a: Landorus
|
|-weather|none
|-heal|p1a: Landorus|99/100|[from] item: Leftovers
|upkeep
|turn|6
|
|t:|1649071383
|move|p1a: Landorus|U-turn|p2a: Corviknight
|-resisted|p2a: Corviknight
|-damage|p2a: Corviknight|96/100
|
|t:|1649071388
|switch|p1a: Heatran|Heatran, F|100/100|[from]move: U-turn
|move|p2a: Corviknight|U-turn|p1a: Heatran
|-resisted|p1a: Heatran
|-damage|p1a: Heatran|97/100
|
|t:|1649071397
|switch|p2a: Tapu Bulu|Tapu Bulu, shiny|100/100|[from]move: U-turn
|-fieldstart|move: Grassy Terrain|[from] ability: Grassy Surge|[of] p2a: Tapu Bulu
|
|-heal|p1a: Heatran|100/100|[from] Grassy Terrain
|upkeep
|turn|7
|
|t:|1649071406
|switch|p1a: Tornadus|Tornadus-Therian, M|100/100
|move|p2a: Tapu Bulu|Close Combat|p1a: Tornadus
|-resisted|p1a: Tornadus
|-damage|p1a: Tornadus|60/100
|-unboost|p2a: Tapu Bulu|def|1
|-unboost|p2a: Tapu Bulu|spd|1
|
|upkeep
|turn|8
|
|t:|1649071410
|switch|p2a: Hippowdon|Hippowdon, M|100/100
|-weather|Sandstorm|[from] ability: Sand Stream|[of] p2a: Hippowdon
|move|p1a: Tornadus|Knock Off|p2a: Hippowdon
|-damage|p2a: Hippowdon|86/100
|-enditem|p2a: Hippowdon|Leftovers|[from] move: Knock Off|[of] p1a: Tornadus
|
|-weather|Sandstorm|[upkeep]
|-damage|p1a: Tornadus|54/100|[from] Sandstorm
|-heal|p2a: Hippowdon|92/100|[from] Grassy Terrain
|upkeep
|turn|9
|
|t:|1649071413
|move|p1a: Tornadus|U-turn|p2a: Hippowdon
|-damage|p2a: Hippowdon|81/100
|
|t:|1649071415
|switch|p1a: Rotom|Rotom-Wash|63/100 tox|[from]move: U-turn
|move|p2a: Hippowdon|Stealth Rock|p1a: Rotom
|-sidestart|p1: clapfest|move: Stealth Rock
|
|-weather|Sandstorm|[upkeep]
|-damage|p1a: Rotom|57/100 tox|[from] Sandstorm
|-heal|p1a: Rotom|63/100 tox|[from] item: Leftovers
|-heal|p2a: Hippowdon|88/100|[from] Grassy Terrain
|-damage|p1a: Rotom|57/100 tox|[from] psn
|upkeep
|turn|10
|
|t:|1649071418
|move|p1a: Rotom|Pain Split|p2a: Hippowdon
|-sethp|p2a: Hippowdon|64/100|[from] move: Pain Split|[silent]
|-sethp|p1a: Rotom|89/100 tox|[from] move: Pain Split
|move|p2a: Hippowdon|Slack Off|p2a: Hippowdon
|-heal|p2a: Hippowdon|100/100
|
|-weather|Sandstorm|[upkeep]
|-damage|p1a: Rotom|82/100 tox|[from] Sandstorm
|-heal|p1a: Rotom|89/100 tox|[from] item: Leftovers
|-damage|p1a: Rotom|76/100 tox|[from] psn
|-fieldend|move: Grassy Terrain
|upkeep
|turn|11
|
|t:|1649071435
|move|p1a: Rotom|Hydro Pump|p2a: Hippowdon
|-supereffective|p2a: Hippowdon
|-damage|p2a: Hippowdon|44/100
|move|p2a: Hippowdon|Slack Off|p2a: Hippowdon
|-heal|p2a: Hippowdon|94/100
|
|-weather|Sandstorm|[upkeep]
|-damage|p1a: Rotom|70/100 tox|[from] Sandstorm
|-heal|p1a: Rotom|76/100 tox|[from] item: Leftovers
|-damage|p1a: Rotom|57/100 tox|[from] psn
|upkeep
|turn|12
|
|t:|1649071443
|switch|p1a: Weavile|Weavile, F|100/100
|-ability|p1a: Weavile|Pressure
|move|p2a: Hippowdon|Slack Off|p2a: Hippowdon
|-heal|p2a: Hippowdon|100/100
|
|-weather|none
|upkeep
|turn|13
|
|t:|1649071451
|switch|p1a: Landorus|Landorus-Therian, M|99/100
|-damage|p1a: Landorus|88/100|[from] Stealth Rock
|-ability|p1a: Landorus|Intimidate|boost
|-unboost|p2a: Hippowdon|atk|1
|switch|p2a: Slowbro|Slowbro, M, shiny|100/100
|
|-heal|p1a: Landorus|94/100|[from] item: Leftovers
|upkeep
|turn|14
|
|t:|1649071456
|move|p1a: Landorus|Defog|p2a: Slowbro
|-unboost|p2a: Slowbro|evasion|1
|-sideend|p1: clapfest|Stealth Rock|[from] move: Defog|[of] p1a: Landorus
|move|p2a: Slowbro|Future Sight|p1a: Landorus
|-start|p2a: Slowbro|move: Future Sight
|
|-heal|p1a: Landorus|99/100|[from] item: Leftovers
|upkeep
|turn|15
|
|t:|1649071459
|move|p1a: Landorus|Knock Off|p2a: Slowbro
|-supereffective|p2a: Slowbro
|-enditem|p2a: Slowbro|Colbur Berry|[eat]
|-enditem|p2a: Slowbro|Colbur Berry|[weaken]
|-damage|p2a: Slowbro|84/100
|move|p2a: Slowbro|Teleport|p2a: Slowbro
|
|t:|1649071464
|switch|p2a: Tapu Bulu|Tapu Bulu, shiny|100/100|[from]move: Teleport
|-fieldstart|move: Grassy Terrain|[from] ability: Grassy Surge|[of] p2a: Tapu Bulu
|
|-heal|p1a: Landorus|100/100|[from] item: Leftovers
|upkeep
|turn|16
|
|t:|1649071470
|switch|p1a: Tornadus|Tornadus-Therian, M|87/100
|move|p2a: Tapu Bulu|Wood Hammer|p1a: Tornadus
|-resisted|p1a: Tornadus
|-damage|p1a: Tornadus|8/100
|-damage|p2a: Tapu Bulu|67/100|[from] Recoil
|
|-end|p1a: Tornadus|move: Future Sight
|-damage|p1a: Tornadus|0 fnt
|faint|p1a: Tornadus
|-heal|p2a: Tapu Bulu|73/100|[from] Grassy Terrain
|upkeep
|
|t:|1649071473
|switch|p1a: Blacephalon|Blacephalon|100/100
|turn|17
|
|t:|1649071480
|switch|p1a: Weavile|Weavile, F|100/100
|-ability|p1a: Weavile|Pressure
|switch|p2a: Blissey|Blissey, F, shiny|94/100
|
|-heal|p2a: Blissey|100/100|[from] Grassy Terrain
|upkeep
|turn|18
|
|t:|1649071482
|switch|p2a: Slowbro|Slowbro, M, shiny|100/100
|move|p1a: Weavile|Swords Dance|p1a: Weavile
|-boost|p1a: Weavile|atk|2
|
|upkeep
|turn|19
|
|t:|1649071485
|switch|p1a: Blacephalon|Blacephalon|100/100
|move|p2a: Slowbro|Body Press|p1a: Blacephalon
|-immune|p1a: Blacephalon
|
|-fieldend|move: Grassy Terrain
|upkeep
|turn|20
|
|t:|1649071487
|switch|p1a: Heatran|Heatran, F|100/100
|switch|p2a: Blissey|Blissey, F, shiny|100/100
|
|upkeep
|turn|21
|
|t:|1649071490
|move|p1a: Heatran|Magma Storm|p2a: Blissey
|-damage|p2a: Blissey|85/100
|-activate|p2a: Blissey|move: Magma Storm|[of] p1a: Heatran
|move|p2a: Blissey|Thunder Wave|p1a: Heatran
|-status|p1a: Heatran|par
|
|-damage|p2a: Blissey|73/100|[from] move: Magma Storm|[partiallytrapped]
|upkeep
|turn|22
|
|t:|1649071492
|move|p2a: Blissey|Stealth Rock|p1a: Heatran
|-sidestart|p1: clapfest|move: Stealth Rock
|move|p1a: Heatran|Taunt|p2a: Blissey
|-start|p2a: Blissey|move: Taunt
|
|-damage|p2a: Blissey|60/100|[from] move: Magma Storm|[partiallytrapped]
|upkeep
|turn|23
|
|t:|1649071494
|move|p2a: Blissey|Seismic Toss|p1a: Heatran
|-damage|p1a: Heatran|75/100 par
|move|p1a: Heatran|Magma Storm|p2a: Blissey
|-damage|p2a: Blissey|44/100
|
|-heal|p1a: Heatran|81/100 par|[from] item: Leftovers
|-damage|p2a: Blissey|31/100|[from] move: Magma Storm|[partiallytrapped]
|upkeep
|turn|24
|
|t:|1649071497
|move|p2a: Blissey|Seismic Toss|p1a: Heatran
|-damage|p1a: Heatran|55/100 par
|cant|p1a: Heatran|par
|
|-heal|p1a: Heatran|61/100 par|[from] item: Leftovers
|-damage|p2a: Blissey|19/100|[from] move: Magma Storm|[partiallytrapped]
|upkeep
|turn|25
|
|t:|1649071501
|switch|p1a: Weavile|Weavile, F|100/100
|-ability|p1a: Weavile|Pressure
|move|p2a: Blissey|Seismic Toss|p1a: Weavile
|-damage|p1a: Weavile|65/100
|
|-end|p2a: Blissey|Magma Storm|[partiallytrapped]
|-end|p2a: Blissey|move: Taunt
|upkeep
|turn|26
|
|t:|1649071505
|switch|p2a: Slowbro|Slowbro, M, shiny|100/100
|move|p1a: Weavile|Knock Off|p2a: Slowbro
|-supereffective|p2a: Slowbro
|-damage|p2a: Slowbro|62/100
|
|upkeep
|turn|27
|
|t:|1649071510
|move|p1a: Weavile|Swords Dance|p1a: Weavile
|-boost|p1a: Weavile|atk|2
|move|p2a: Slowbro|Slack Off|p2a: Slowbro
|-heal|p2a: Slowbro|100/100
|
|upkeep
|turn|28
|
|t:|1649071512
|move|p1a: Weavile|Knock Off|p2a: Slowbro
|-supereffective|p2a: Slowbro
|-damage|p2a: Slowbro|30/100
|move|p2a: Slowbro|Body Press|p1a: Weavile
|-supereffective|p1a: Weavile
|-damage|p1a: Weavile|0 fnt
|faint|p1a: Weavile
|
|upkeep
|
|t:|1649071514
|switch|p1a: Blacephalon|Blacephalon|100/100
|-damage|p1a: Blacephalon|76/100|[from] Stealth Rock
|turn|29
|
|t:|1649071517
|switch|p2a: Blissey|Blissey, F, shiny|19/100
|move|p1a: Blacephalon|Flamethrower|p2a: Blissey
|-damage|p2a: Blissey|0 fnt
|faint|p2a: Blissey
|-ability|p1a: Blacephalon|Beast Boost|boost
|-boost|p1a: Blacephalon|spa|1
|
|upkeep
|
|t:|1649071520
|switch|p2a: Hippowdon|Hippowdon, M|100/100
|-weather|Sandstorm|[from] ability: Sand Stream|[of] p2a: Hippowdon
|turn|30
|
|t:|1649071523
|switch|p1a: Landorus|Landorus-Therian, M|100/100
|-damage|p1a: Landorus|88/100|[from] Stealth Rock
|-ability|p1a: Landorus|Intimidate|boost
|-unboost|p2a: Hippowdon|atk|1
|move|p2a: Hippowdon|Earthquake|p1a: Landorus
|-immune|p1a: Landorus
|
|-weather|Sandstorm|[upkeep]
|-heal|p1a: Landorus|94/100|[from] item: Leftovers
|upkeep
|turn|31
|
|t:|1649071526
|move|p1a: Landorus|Earthquake|p2a: Hippowdon
|-damage|p2a: Hippowdon|68/100
|move|p2a: Hippowdon|Toxic|p1a: Landorus
|-status|p1a: Landorus|tox
|
|-weather|Sandstorm|[upkeep]
|-heal|p1a: Landorus|99/100 tox|[from] item: Leftovers
|-damage|p1a: Landorus|94/100 tox|[from] psn
|upkeep
|turn|32
|
|t:|1649071528
|move|p1a: Landorus|Defog|p2a: Hippowdon
|-unboost|p2a: Hippowdon|evasion|1
|-sideend|p1: clapfest|Stealth Rock|[from] move: Defog|[of] p1a: Landorus
|move|p2a: Hippowdon|Slack Off|p2a: Hippowdon
|-heal|p2a: Hippowdon|100/100
|
|-weather|Sandstorm|[upkeep]
|-heal|p1a: Landorus|99/100 tox|[from] item: Leftovers
|-damage|p1a: Landorus|88/100 tox|[from] psn
|upkeep
|turn|33
|
|t:|1649071530
|move|p1a: Landorus|Earthquake|p2a: Hippowdon
|-damage|p2a: Hippowdon|67/100
|move|p2a: Hippowdon|Stealth Rock|p1a: Landorus
|-sidestart|p1: clapfest|move: Stealth Rock
|
|-weather|Sandstorm|[upkeep]
|-heal|p1a: Landorus|94/100 tox|[from] item: Leftovers
|-damage|p1a: Landorus|76/100 tox|[from] psn
|upkeep
|turn|34
|
|t:|1649071532
|move|p1a: Landorus|Defog|p2a: Hippowdon
|-unboost|p2a: Hippowdon|evasion|1
|-sideend|p1: clapfest|Stealth Rock|[from] move: Defog|[of] p1a: Landorus
|move|p2a: Hippowdon|Slack Off|p2a: Hippowdon
|-heal|p2a: Hippowdon|100/100
|
|-weather|none
|-heal|p1a: Landorus|82/100 tox|[from] item: Leftovers
|-damage|p1a: Landorus|58/100 tox|[from] psn
|upkeep
|turn|35
|
|t:|1649071536
|switch|p1a: Rotom|Rotom-Wash|57/100 tox
|move|p2a: Hippowdon|Stealth Rock|p1a: Rotom
|-sidestart|p1: clapfest|move: Stealth Rock
|
|-heal|p1a: Rotom|64/100 tox|[from] item: Leftovers
|-damage|p1a: Rotom|57/100 tox|[from] psn
|upkeep
|turn|36
|
|t:|1649071539
|switch|p2a: Tapu Bulu|Tapu Bulu, shiny|73/100
|-fieldstart|move: Grassy Terrain|[from] ability: Grassy Surge|[of] p2a: Tapu Bulu
|move|p1a: Rotom|Hydro Pump|p2a: Tapu Bulu
|-resisted|p2a: Tapu Bulu
|-damage|p2a: Tapu Bulu|47/100
|
|-heal|p2a: Tapu Bulu|53/100|[from] Grassy Terrain
|-heal|p1a: Rotom|64/100 tox|[from] item: Leftovers
|-damage|p1a: Rotom|51/100 tox|[from] psn
|upkeep
|turn|37
|
|t:|1649071543
|move|p2a: Tapu Bulu|Horn Leech|p1a: Rotom
|-supereffective|p1a: Rotom
|-damage|p1a: Rotom|0 fnt
|-heal|p2a: Tapu Bulu|80/100|[from] drain|[of] p1a: Rotom
|faint|p1a: Rotom
|
|-heal|p2a: Tapu Bulu|86/100|[from] Grassy Terrain
|upkeep
|
|t:|1649071545
|switch|p1a: Blacephalon|Blacephalon|76/100
|-damage|p1a: Blacephalon|51/100|[from] Stealth Rock
|turn|38
|
|t:|1649071552
|switch|p2a: Slowbro|Slowbro, M, shiny|64/100
|move|p1a: Blacephalon|Flamethrower|p2a: Slowbro
|-resisted|p2a: Slowbro
|-damage|p2a: Slowbro|23/100
|
|-heal|p1a: Blacephalon|57/100|[from] Grassy Terrain
|-heal|p2a: Slowbro|29/100|[from] Grassy Terrain
|upkeep
|turn|39
|
|t:|1649071559
|move|p1a: Blacephalon|Flamethrower|p2a: Slowbro
|-resisted|p2a: Slowbro
|-damage|p2a: Slowbro|0 fnt
|faint|p2a: Slowbro
|-ability|p1a: Blacephalon|Beast Boost|boost
|-boost|p1a: Blacephalon|spa|1
|
|-heal|p1a: Blacephalon|63/100|[from] Grassy Terrain
|upkeep
|
|t:|1649071561
|switch|p2a: Hippowdon|Hippowdon, M|100/100
|-weather|Sandstorm|[from] ability: Sand Stream|[of] p2a: Hippowdon
|turn|40
|
|t:|1649071569
|switch|p1a: Heatran|Heatran, F|61/100 par
|-damage|p1a: Heatran|49/100 par|[from] Stealth Rock
|move|p2a: Hippowdon|Earthquake|p1a: Heatran
|-supereffective|p1a: Heatran
|-damage|p1a: Heatran|0 fnt
|faint|p1a: Heatran
|
|-weather|Sandstorm|[upkeep]
|-fieldend|move: Grassy Terrain
|upkeep
|
|t:|1649071571
|switch|p1a: Landorus|Landorus-Therian, M|58/100 tox
|-damage|p1a: Landorus|46/100 tox|[from] Stealth Rock
|-ability|p1a: Landorus|Intimidate|boost
|-unboost|p2a: Hippowdon|atk|1
|turn|41
|
|t:|1649071575
|move|p1a: Landorus|Defog|p2a: Hippowdon
|-unboost|p2a: Hippowdon|evasion|1
|-sideend|p1: clapfest|Stealth Rock|[from] move: Defog|[of] p1a: Landorus
|move|p2a: Hippowdon|Stealth Rock|p1a: Landorus
|-sidestart|p1: clapfest|move: Stealth Rock
|
|-weather|Sandstorm|[upkeep]
|-heal|p1a: Landorus|52/100 tox|[from] item: Leftovers
|-damage|p1a: Landorus|46/100 tox|[from] psn
|upkeep
|turn|42
|
|t:|1649071580
|move|p1a: Landorus|Earthquake|p2a: Hippowdon
|-damage|p2a: Hippowdon|65/100
|move|p2a: Hippowdon|Stealth Rock||[still]
|-fail|p2a: Hippowdon
|
|-weather|Sandstorm|[upkeep]
|-heal|p1a: Landorus|52/100 tox|[from] item: Leftovers
|-damage|p1a: Landorus|40/100 tox|[from] psn
|upkeep
|turn|43
|
|t:|1649071582
|move|p1a: Landorus|Defog|p2a: Hippowdon
|-unboost|p2a: Hippowdon|evasion|1
|-sideend|p1: clapfest|Stealth Rock|[from] move: Defog|[of] p1a: Landorus
|move|p2a: Hippowdon|Slack Off|p2a: Hippowdon
|-heal|p2a: Hippowdon|100/100
|
|-weather|Sandstorm|[upkeep]
|-heal|p1a: Landorus|46/100 tox|[from] item: Leftovers
|-damage|p1a: Landorus|28/100 tox|[from] psn
|upkeep
|turn|44
|
|t:|1649071585
|move|p1a: Landorus|Earthquake|p2a: Hippowdon
|-damage|p2a: Hippowdon|68/100
|move|p2a: Hippowdon|Stealth Rock|p1a: Landorus
|-sidestart|p1: clapfest|move: Stealth Rock
|
|-weather|none
|-heal|p1a: Landorus|34/100 tox|[from] item: Leftovers
|-damage|p1a: Landorus|10/100 tox|[from] psn
|upkeep
|turn|45
|
|t:|1649071592
|move|p1a: Landorus|Earthquake|p2a: Hippowdon
|-damage|p2a: Hippowdon|34/100
|move|p2a: Hippowdon|Slack Off|p2a: Hippowdon
|-heal|p2a: Hippowdon|84/100
|
|-heal|p1a: Landorus|16/100 tox|[from] item: Leftovers
|-damage|p1a: Landorus|0 fnt|[from] psn
|faint|p1a: Landorus
|upkeep
|
|t:|1649071595
|switch|p1a: Blacephalon|Blacephalon|63/100
|-damage|p1a: Blacephalon|39/100|[from] Stealth Rock
|turn|46
|
|t:|1649071598
|move|p1a: Blacephalon|Overheat|p2a: Hippowdon
|-damage|p2a: Hippowdon|0 fnt
|-unboost|p1a: Blacephalon|spa|2
|faint|p2a: Hippowdon
|-ability|p1a: Blacephalon|Beast Boost|boost
|-boost|p1a: Blacephalon|spa|1
|
|upkeep
|
|t:|1649071603
|switch|p2a: Corviknight|Corviknight, F, shiny|96/100
|-ability|p2a: Corviknight|Pressure
|turn|47
|
|t:|1649071605
|move|p1a: Blacephalon|Overheat|p2a: Corviknight
|-supereffective|p2a: Corviknight
|-damage|p2a: Corviknight|0 fnt
|-unboost|p1a: Blacephalon|spa|2
|faint|p2a: Corviknight
|-ability|p1a: Blacephalon|Beast Boost|boost
|-boost|p1a: Blacephalon|spa|1
|
|upkeep
|
|t:|1649071613
|switch|p2a: Tapu Bulu|Tapu Bulu, shiny|86/100
|-fieldstart|move: Grassy Terrain|[from] ability: Grassy Surge|[of] p2a: Tapu Bulu
|turn|48
|
|t:|1649071616
|move|p1a: Blacephalon|Overheat|p2a: Tapu Bulu
|-supereffective|p2a: Tapu Bulu
|-damage|p2a: Tapu Bulu|0 fnt
|-unboost|p1a: Blacephalon|spa|2
|faint|p2a: Tapu Bulu
|-ability|p1a: Blacephalon|Beast Boost|boost
|-boost|p1a: Blacephalon|spa|1
|
|-heal|p1a: Blacephalon|45/100|[from] Grassy Terrain
|upkeep
|
|t:|1649071618
|switch|p2a: Magnezone|Magnezone, shiny|100/100
|turn|49
|
|t:|1649071620
|move|p1a: Blacephalon|Overheat|p2a: Magnezone
|-supereffective|p2a: Magnezone
|-damage|p2a: Magnezone|0 fnt
|-unboost|p1a: Blacephalon|spa|2
|faint|p2a: Magnezone
|
|win|clapfest
|raw|clapfest's rating: 1618 &rarr; <strong>1641</strong><br />(+23 for winning)
|raw|Run For Me Plz's rating: 1676 &rarr; <strong>1653</strong><br />(-23 for losing)
|c|☆clapfest|woah
|l|☆Run For Me Plz
