|j|☆The Last Hero
|j|☆lt74pf din
|t:|1598772898
|player|p1|The Last Hero|acetrainersnow|1769
|player|p2|lt74pf din|lucas|1798
|teamsize|p1|6
|teamsize|p2|6
|gametype|singles
|gen|8
|tier|[Gen 8] OU
|rated|
|clearpoke
|poke|p1|Salazzle, F|
|poke|p1|Clefable, F|
|poke|p1|Flygon, M|
|poke|p1|Corviknight, M|
|poke|p1|Dragapult, M|
|poke|p1|Slowking, M|
|poke|p2|Volcarona, F|
|poke|p2|Rotom-Heat|
|poke|p2|Mandibuzz, F|
|poke|p2|Toxapex, M|
|poke|p2|Chansey, F|
|poke|p2|Quagsire, F|
|rule|Sleep Clause Mod: Limit one foe put to sleep
|rule|Species Clause: Limit one of each Pokémon
|rule|OHKO Clause: OHKO moves are banned
|rule|Evasion Moves Clause: Evasion moves are banned
|rule|Endless Battle Clause: Forcing endless battles is banned
|rule|HP Percentage Mod: HP is shown in percentages
|rule|Dynamax Clause: You cannot dynamax
|teampreview
|inactive|Battle timer is ON: inactive players will automatically lose when time's up. (requested by lt74pf din)
|j| Sir PAWN
|j| busted bro nut
|
|t:|1598772922
|start
|switch|p1a: Cabezaconcha|Slowking, M|100/100
|switch|p2a: Chansey|Chansey, F|100/100
|turn|1
|
|t:|1598772930
|switch|p1a: Crow Of Judgement|Corviknight, M|100/100
|-ability|p1a: Crow Of Judgement|Pressure
|move|p2a: Chansey|Stealth Rock|p1a: Crow Of Judgement
|-sidestart|p1: The Last Hero|move: Stealth Rock
|
|upkeep
|turn|2
|
|t:|1598772939
|switch|p2a: Toxapex|Toxapex, M|100/100
|move|p1a: Crow Of Judgement|Defog|p2a: Toxapex
|-unboost|p2a: Toxapex|evasion|1
|-sideend|p1: The Last Hero|Stealth Rock|[from] move: Defog|[of] p1a: Crow Of Judgement
|
|upkeep
|turn|3
|
|t:|1598772945
|switch|p1a: Cabezaconcha|Slowking, M|100/100
|move|p2a: Toxapex|Knock Off|p1a: Cabezaconcha
|-supereffective|p1a: Cabezaconcha
|-damage|p1a: Cabezaconcha|78/100
|-enditem|p1a: Cabezaconcha|Leftovers|[from] move: Knock Off|[of] p2a: Toxapex
|
|upkeep
|turn|4
|
|t:|1598772963
|move|p1a: Cabezaconcha|Psyshock|p2a: Toxapex
|-supereffective|p2a: Toxapex
|-damage|p2a: Toxapex|67/100
|move|p2a: Toxapex|Block|p1a: Cabezaconcha
|-activate|p1a: Cabezaconcha|trapped
|
|upkeep
|turn|5
|
|t:|1598772966
|move|p1a: Cabezaconcha|Calm Mind|p1a: Cabezaconcha
|-boost|p1a: Cabezaconcha|spa|1
|-boost|p1a: Cabezaconcha|spd|1
|move|p2a: Toxapex|Spite|p1a: Cabezaconcha
|-activate|p1a: Cabezaconcha|move: Spite|Calm Mind|4
|
|upkeep
|turn|6
|
|t:|1598772976
|switch|p2a: Chansey|Chansey, F|100/100
|move|p1a: Cabezaconcha|Psyshock|p2a: Chansey
|-damage|p2a: Chansey|76/100
|
|upkeep
|turn|7
|
|t:|1598772980
|switch|p1a: Crow Of Judgement|Corviknight, M|100/100
|-ability|p1a: Crow Of Judgement|Pressure
|move|p2a: Chansey|Stealth Rock|p1a: Crow Of Judgement
|-sidestart|p1: The Last Hero|move: Stealth Rock
|
|upkeep
|turn|8
|
|t:|1598772982
|move|p1a: Crow Of Judgement|Defog|p2a: Chansey
|-unboost|p2a: Chansey|evasion|1
|-sideend|p1: The Last Hero|Stealth Rock|[from] move: Defog|[of] p1a: Crow Of Judgement
|move|p2a: Chansey|Soft-Boiled|p2a: Chansey
|-heal|p2a: Chansey|100/100
|
|upkeep
|turn|9
|
|t:|1598772985
|move|p1a: Crow Of Judgement|Iron Head|p2a: Chansey
|-damage|p2a: Chansey|85/100
|cant|p2a: Chansey|flinch
|
|upkeep
|turn|10
|
|t:|1598772987
|switch|p2a: Toxapex|Toxapex, M|99/100
|move|p1a: Crow Of Judgement|Iron Head|p2a: Toxapex
|-resisted|p2a: Toxapex
|-damage|p2a: Toxapex|93/100
|-damage|p1a: Crow Of Judgement|84/100|[from] item: Rocky Helmet|[of] p2a: Toxapex
|
|upkeep
|turn|11
|
|t:|1598773011
|switch|p1a: Mosqueton|Flygon, M|100/100
|move|p2a: Toxapex|Knock Off|p1a: Mosqueton
|-damage|p1a: Mosqueton|89/100
|-enditem|p1a: Mosqueton|Leftovers|[from] move: Knock Off|[of] p2a: Toxapex
|
|upkeep
|turn|12
|
|t:|1598773017
|move|p1a: Mosqueton|Earthquake|p2a: Toxapex
|-supereffective|p2a: Toxapex
|-damage|p2a: Toxapex|53/100
|move|p2a: Toxapex|Knock Off|p1a: Mosqueton
|-damage|p1a: Mosqueton|82/100
|
|upkeep
|turn|13
|
|t:|1598773022
|switch|p2a: Mandibuzz|Mandibuzz, F|100/100
|move|p1a: Mosqueton|Earthquake|p2a: Mandibuzz
|-immune|p2a: Mandibuzz
|
|upkeep
|turn|14
|
|t:|1598773025
|switch|p2a: Toxapex|Toxapex, M|86/100
|move|p1a: Mosqueton|Toxic|p2a: Toxapex
|-immune|p2a: Toxapex
|
|upkeep
|turn|15
|
|t:|1598773030
|switch|p1a: Crow Of Judgement|Corviknight, M|84/100
|-ability|p1a: Crow Of Judgement|Pressure
|move|p2a: Toxapex|Spite||[still]
|-fail|p2a: Toxapex
|
|upkeep
|turn|16
|
|t:|1598773037
|switch|p1a: Mosqueton|Flygon, M|82/100
|switch|p2a: Rotom|Rotom-Heat|100/100
|
|upkeep
|turn|17
|
|t:|1598773041
|switch|p2a: Toxapex|Toxapex, M|100/100
|move|p1a: Mosqueton|Toxic|p2a: Toxapex
|-immune|p2a: Toxapex
|
|upkeep
|turn|18
|
|t:|1598773065
|switch|p1a: Crow Of Judgement|Corviknight, M|84/100
|-ability|p1a: Crow Of Judgement|Pressure
|move|p2a: Toxapex|Spite||[still]
|-fail|p2a: Toxapex
|
|upkeep
|turn|19
|
|t:|1598773080
|switch|p1a: Flames|Salazzle, F|100/100
|switch|p2a: Volcarona|Volcarona, F|100/100
|
|upkeep
|turn|20
|
|t:|1598773084
|switch|p2a: Chansey|Chansey, F|85/100
|move|p1a: Flames|Toxic|p2a: Chansey
|-status|p2a: Chansey|tox
|
|-damage|p2a: Chansey|79/100 tox|[from] psn
|upkeep
|turn|21
|
|t:|1598773090
|move|p1a: Flames|Sludge Wave|p2a: Chansey
|-damage|p2a: Chansey|65/100 tox
|move|p2a: Chansey|Stealth Rock|p1a: Flames
|-sidestart|p1: The Last Hero|move: Stealth Rock
|
|-damage|p2a: Chansey|53/100 tox|[from] psn
|upkeep
|turn|22
|
|t:|1598773094
|move|p1a: Flames|Sludge Wave|p2a: Chansey
|-damage|p2a: Chansey|40/100 tox
|move|p2a: Chansey|Soft-Boiled|p2a: Chansey
|-heal|p2a: Chansey|90/100 tox
|
|-damage|p2a: Chansey|71/100 tox|[from] psn
|upkeep
|turn|23
|
|t:|1598773099
|switch|p2a: Toxapex|Toxapex, M|100/100
|move|p1a: Flames|Toxic|p2a: Toxapex
|-status|p2a: Toxapex|tox
|
|-damage|p2a: Toxapex|94/100 tox|[from] psn
|upkeep
|turn|24
|
|t:|1598773121
|switch|p1a: Crow Of Judgement|Corviknight, M|84/100
|-damage|p1a: Crow Of Judgement|72/100|[from] Stealth Rock
|-ability|p1a: Crow Of Judgement|Pressure
|move|p2a: Toxapex|Knock Off|p1a: Crow Of Judgement
|-damage|p1a: Crow Of Judgement|60/100
|-enditem|p1a: Crow Of Judgement|Shed Shell|[from] move: Knock Off|[of] p2a: Toxapex
|
|-damage|p2a: Toxapex|82/100 tox|[from] psn
|upkeep
|turn|25
|
|t:|1598773124
|switch|p2a: Volcarona|Volcarona, F|100/100
|move|p1a: Crow Of Judgement|Defog|p2a: Volcarona
|-unboost|p2a: Volcarona|evasion|1
|-sideend|p1: The Last Hero|Stealth Rock|[from] move: Defog|[of] p1a: Crow Of Judgement
|
|upkeep
|turn|26
|
|t:|1598773128
|switch|p1a: Spyro|Dragapult, M|100/100
|move|p2a: Volcarona|Quiver Dance|p2a: Volcarona
|-boost|p2a: Volcarona|spa|1
|-boost|p2a: Volcarona|spd|1
|-boost|p2a: Volcarona|spe|1
|
|upkeep
|turn|27
|
|t:|1598773137
|move|p2a: Volcarona|Flamethrower|p1a: Spyro
|-resisted|p1a: Spyro
|-damage|p1a: Spyro|52/100
|move|p1a: Spyro|Thunder Wave|p2a: Volcarona
|-status|p2a: Volcarona|par
|
|-heal|p1a: Spyro|58/100|[from] item: Leftovers
|upkeep
|turn|28
|
|t:|1598773144
|switch|p2a: Chansey|Chansey, F|71/100
|move|p1a: Spyro|Dragon Darts|p2a: Chansey
|-damage|p2a: Chansey|56/100
|-anim|p1a: Spyro|Dragon Darts|p2a: Chansey
|-damage|p2a: Chansey|42/100
|
|-heal|p1a: Spyro|64/100|[from] item: Leftovers
|upkeep
|turn|29
|
|t:|1598773146
|move|p1a: Spyro|Dragon Darts|p2a: Chansey
|-damage|p2a: Chansey|29/100
|-anim|p1a: Spyro|Dragon Darts|p2a: Chansey
|-damage|p2a: Chansey|15/100
|move|p2a: Chansey|Soft-Boiled|p2a: Chansey
|-heal|p2a: Chansey|65/100
|
|-heal|p1a: Spyro|70/100|[from] item: Leftovers
|upkeep
|turn|30
|l| Sir PAWN
|
|t:|1598773151
|move|p1a: Spyro|U-turn|p2a: Chansey
|-damage|p2a: Chansey|53/100
|
|t:|1598773153
|switch|p1a: Crow Of Judgement|Corviknight, M|60/100|[from]move: U-turn
|-ability|p1a: Crow Of Judgement|Pressure
|move|p2a: Chansey|Toxic|p1a: Crow Of Judgement
|-immune|p1a: Crow Of Judgement
|
|upkeep
|turn|31
|
|t:|1598773155
|move|p1a: Crow Of Judgement|Roost|p1a: Crow Of Judgement
|-heal|p1a: Crow Of Judgement|100/100
|-singleturn|p1a: Crow Of Judgement|move: Roost
|move|p2a: Chansey|Soft-Boiled|p2a: Chansey
|-heal|p2a: Chansey|100/100
|
|upkeep
|turn|32
|j| UnBeatableTR26
|
|t:|1598773158
|switch|p2a: Toxapex|Toxapex, M|100/100 tox
|move|p1a: Crow Of Judgement|Iron Head|p2a: Toxapex
|-resisted|p2a: Toxapex
|-damage|p2a: Toxapex|93/100 tox
|-damage|p1a: Crow Of Judgement|84/100|[from] item: Rocky Helmet|[of] p2a: Toxapex
|
|-damage|p2a: Toxapex|87/100 tox|[from] psn
|upkeep
|turn|33
|
|t:|1598773162
|switch|p1a: Flames|Salazzle, F|100/100
|switch|p2a: Chansey|Chansey, F|100/100
|
|upkeep
|turn|34
|
|t:|1598773190
|switch|p1a: Crow Of Judgement|Corviknight, M|84/100
|-ability|p1a: Crow Of Judgement|Pressure
|move|p2a: Chansey|Seismic Toss|p1a: Crow Of Judgement
|-damage|p1a: Crow Of Judgement|59/100
|
|upkeep
|turn|35
|
|t:|1598773200
|switch|p2a: Volcarona|Volcarona, F|100/100 par
|move|p1a: Crow Of Judgement|Roost|p1a: Crow Of Judgement
|-heal|p1a: Crow Of Judgement|100/100
|-singleturn|p1a: Crow Of Judgement|move: Roost
|
|upkeep
|turn|36
|
|t:|1598773212
|switch|p1a: Spyro|Dragapult, M|70/100
|move|p2a: Volcarona|Quiver Dance|p2a: Volcarona
|-boost|p2a: Volcarona|spa|1
|-boost|p2a: Volcarona|spd|1
|-boost|p2a: Volcarona|spe|1
|
|-heal|p1a: Spyro|76/100|[from] item: Leftovers
|upkeep
|turn|37
|
|t:|1598773218
|switch|p2a: Toxapex|Toxapex, M|100/100 tox
|move|p1a: Spyro|Dragon Darts|p2a: Toxapex
|-damage|p2a: Toxapex|88/100 tox
|-anim|p1a: Spyro|Dragon Darts|p2a: Toxapex
|-damage|p2a: Toxapex|75/100 tox
|
|-heal|p1a: Spyro|82/100|[from] item: Leftovers
|-damage|p2a: Toxapex|69/100 tox|[from] psn
|upkeep
|turn|38
|
|t:|1598773226
|switch|p1a: Crow Of Judgement|Corviknight, M|100/100
|-ability|p1a: Crow Of Judgement|Pressure
|move|p2a: Toxapex|Knock Off|p1a: Crow Of Judgement
|-damage|p1a: Crow Of Judgement|93/100
|
|-damage|p2a: Toxapex|57/100 tox|[from] psn
|upkeep
|turn|39
|inactive|lt74pf din has 120 seconds left.
|
|t:|1598773267
|switch|p2a: Volcarona|Volcarona, F|100/100 par
|move|p1a: Crow Of Judgement|U-turn|p2a: Volcarona
|-resisted|p2a: Volcarona
|-damage|p2a: Volcarona|90/100 par
|-status|p1a: Crow Of Judgement|brn|[from] ability: Flame Body|[of] p2a: Volcarona
|
|t:|1598773274
|switch|p1a: Spyro|Dragapult, M|82/100|[from]move: U-turn
|
|-heal|p1a: Spyro|88/100|[from] item: Leftovers
|upkeep
|turn|40
|
|t:|1598773277
|switch|p2a: Toxapex|Toxapex, M|90/100 tox
|move|p1a: Spyro|Hex|p2a: Toxapex
|-damage|p2a: Toxapex|43/100 tox
|
|-heal|p1a: Spyro|94/100|[from] item: Leftovers
|-damage|p2a: Toxapex|37/100 tox|[from] psn
|upkeep
|turn|41
|
|t:|1598773283
|switch|p2a: Chansey|Chansey, F|100/100
|move|p1a: Spyro|Dragon Darts|p2a: Chansey
|-damage|p2a: Chansey|86/100
|-anim|p1a: Spyro|Dragon Darts|p2a: Chansey
|-damage|p2a: Chansey|72/100
|
|-heal|p1a: Spyro|99/100|[from] item: Leftovers
|upkeep
|turn|42
|inactive|lt74pf din has 120 seconds left.
|
|t:|1598773313
|move|p1a: Spyro|U-turn|p2a: Chansey
|-damage|p2a: Chansey|60/100
|
|t:|1598773316
|switch|p1a: Crow Of Judgement|Corviknight, M|93/100 brn|[from]move: U-turn
|-ability|p1a: Crow Of Judgement|Pressure
|move|p2a: Chansey|Stealth Rock|p1a: Crow Of Judgement
|-sidestart|p1: The Last Hero|move: Stealth Rock
|
|-damage|p1a: Crow Of Judgement|87/100 brn|[from] brn
|upkeep
|turn|43
|
|t:|1598773321
|move|p1a: Crow Of Judgement|Defog|p2a: Chansey
|-unboost|p2a: Chansey|evasion|1
|-sideend|p1: The Last Hero|Stealth Rock|[from] move: Defog|[of] p1a: Crow Of Judgement
|move|p2a: Chansey|Seismic Toss|p1a: Crow Of Judgement
|-damage|p1a: Crow Of Judgement|62/100 brn
|
|-damage|p1a: Crow Of Judgement|56/100 brn|[from] brn
|upkeep
|turn|44
|
|t:|1598773325
|move|p1a: Crow Of Judgement|Iron Head|p2a: Chansey
|-damage|p2a: Chansey|52/100
|move|p2a: Chansey|Soft-Boiled|p2a: Chansey
|-heal|p2a: Chansey|100/100
|
|-damage|p1a: Crow Of Judgement|50/100 brn|[from] brn
|upkeep
|turn|45
|j| Tataite tataite
|
|t:|1598773332
|switch|p2a: Rotom|Rotom-Heat|100/100
|move|p1a: Crow Of Judgement|Roost|p1a: Crow Of Judgement
|-heal|p1a: Crow Of Judgement|99/100 brn
|-singleturn|p1a: Crow Of Judgement|move: Roost
|
|-damage|p1a: Crow Of Judgement|94/100 brn|[from] brn
|upkeep
|turn|46
|
|t:|1598773337
|switch|p2a: Chansey|Chansey, F|100/100
|move|p1a: Crow Of Judgement|U-turn|p2a: Chansey
|-damage|p2a: Chansey|96/100
|
|t:|1598773345
|switch|p1a: Spyro|Dragapult, M|99/100|[from]move: U-turn
|
|-heal|p1a: Spyro|100/100|[from] item: Leftovers
|upkeep
|turn|47
|
|t:|1598773359
|switch|p1a: Crow Of Judgement|Corviknight, M|94/100 brn
|-ability|p1a: Crow Of Judgement|Pressure
|move|p2a: Chansey|Toxic||[still]
|-fail|p2a: Chansey
|
|-damage|p1a: Crow Of Judgement|88/100 brn|[from] brn
|upkeep
|turn|48
|
|t:|1598773364
|switch|p2a: Toxapex|Toxapex, M|70/100 tox
|move|p1a: Crow Of Judgement|Iron Head|p2a: Toxapex
|-resisted|p2a: Toxapex
|-damage|p2a: Toxapex|67/100 tox
|-damage|p1a: Crow Of Judgement|72/100 brn|[from] item: Rocky Helmet|[of] p2a: Toxapex
|
|-damage|p1a: Crow Of Judgement|66/100 brn|[from] brn
|-damage|p2a: Toxapex|60/100 tox|[from] psn
|upkeep
|turn|49
|
|t:|1598773367
|switch|p1a: Flames|Salazzle, F|100/100
|switch|p2a: Chansey|Chansey, F|96/100
|
|upkeep
|turn|50
|inactive|lt74pf din has 120 seconds left.
|
|t:|1598773403
|move|p1a: Flames|Toxic|p2a: Chansey
|-status|p2a: Chansey|tox
|move|p2a: Chansey|Stealth Rock|p1a: Flames
|-sidestart|p1: The Last Hero|move: Stealth Rock
|
|-damage|p2a: Chansey|90/100 tox|[from] psn
|upkeep
|turn|51
|inactive|lt74pf din has 120 seconds left.
|j| APNsBR
|
|t:|1598773411
|-curestatus|p2a: Chansey|tox|[from] ability: Natural Cure
|switch|p2a: Toxapex|Toxapex, M|94/100 tox
|move|p1a: Flames|Sludge Wave|p2a: Toxapex
|-resisted|p2a: Toxapex
|-damage|p2a: Toxapex|75/100 tox
|
|-damage|p2a: Toxapex|68/100 tox|[from] psn
|upkeep
|turn|52
|inactive|lt74pf din has 120 seconds left.
|
|t:|1598773431
|switch|p2a: Chansey|Chansey, F|90/100
|move|p1a: Flames|Sludge Wave|p2a: Chansey
|-damage|p2a: Chansey|77/100
|
|upkeep
|turn|53
|
|t:|1598773436
|switch|p1a: Crow Of Judgement|Corviknight, M|66/100 brn
|-damage|p1a: Crow Of Judgement|53/100 brn|[from] Stealth Rock
|-ability|p1a: Crow Of Judgement|Pressure
|move|p2a: Chansey|Seismic Toss|p1a: Crow Of Judgement
|-damage|p1a: Crow Of Judgement|28/100 brn
|
|-damage|p1a: Crow Of Judgement|22/100 brn|[from] brn
|upkeep
|turn|54
|
|t:|1598773440
|switch|p2a: Rotom|Rotom-Heat|100/100
|move|p1a: Crow Of Judgement|Roost|p1a: Crow Of Judgement
|-heal|p1a: Crow Of Judgement|72/100 brn
|-singleturn|p1a: Crow Of Judgement|move: Roost
|
|-damage|p1a: Crow Of Judgement|66/100 brn|[from] brn
|upkeep
|turn|55
|l| Tataite tataite
|
|t:|1598773445
|switch|p1a: Fabiole|Clefable, F|100/100
|move|p2a: Rotom|Overheat|p1a: Fabiole
|-damage|p1a: Fabiole|57/100
|-unboost|p2a: Rotom|spa|2
|
|-heal|p1a: Fabiole|63/100|[from] item: Leftovers
|upkeep
|turn|56
|
|t:|1598773450
|move|p2a: Rotom|Nasty Plot|p2a: Rotom
|-boost|p2a: Rotom|spa|2
|move|p1a: Fabiole|Wish|p1a: Fabiole
|
|-heal|p1a: Fabiole|69/100|[from] item: Leftovers
|upkeep
|turn|57
|
|t:|1598773457
|switch|p1a: Mosqueton|Flygon, M|82/100
|-damage|p1a: Mosqueton|76/100|[from] Stealth Rock
|move|p2a: Rotom|Nasty Plot|p2a: Rotom
|-boost|p2a: Rotom|spa|2
|
|-heal|p1a: Mosqueton|100/100|[from] move: Wish|[wisher] Fabiole
|upkeep
|turn|58
|
|t:|1598773463
|switch|p2a: Toxapex|Toxapex, M|100/100 tox
|move|p1a: Mosqueton|Toxic|p2a: Toxapex
|-fail|p2a: Toxapex|tox
|
|-damage|p2a: Toxapex|94/100 tox|[from] psn
|upkeep
|turn|59
|
|t:|1598773469
|switch|p2a: Chansey|Chansey, F|77/100
|move|p1a: Mosqueton|U-turn|p2a: Chansey
|-damage|p2a: Chansey|67/100
|
|t:|1598773471
|switch|p1a: Crow Of Judgement|Corviknight, M|66/100 brn|[from]move: U-turn
|-damage|p1a: Crow Of Judgement|54/100 brn|[from] Stealth Rock
|-ability|p1a: Crow Of Judgement|Pressure
|
|-damage|p1a: Crow Of Judgement|48/100 brn|[from] brn
|upkeep
|turn|60
|
|t:|1598773484
|move|p1a: Crow Of Judgement|Roost|p1a: Crow Of Judgement
|-heal|p1a: Crow Of Judgement|98/100 brn
|-singleturn|p1a: Crow Of Judgement|move: Roost
|move|p2a: Chansey|Stealth Rock||[still]
|-fail|p2a: Chansey
|
|-damage|p1a: Crow Of Judgement|92/100 brn|[from] brn
|upkeep
|turn|61
|
|t:|1598773495
|move|p1a: Crow Of Judgement|Defog|p2a: Chansey
|-unboost|p2a: Chansey|evasion|1
|-sideend|p1: The Last Hero|Stealth Rock|[from] move: Defog|[of] p1a: Crow Of Judgement
|move|p2a: Chansey|Soft-Boiled|p2a: Chansey
|-heal|p2a: Chansey|100/100
|
|-damage|p1a: Crow Of Judgement|86/100 brn|[from] brn
|upkeep
|turn|62
|
|t:|1598773502
|move|p1a: Crow Of Judgement|Iron Head|p2a: Chansey
|-crit|p2a: Chansey
|-damage|p2a: Chansey|89/100
|move|p2a: Chansey|Stealth Rock|p1a: Crow Of Judgement
|-sidestart|p1: The Last Hero|move: Stealth Rock
|
|-damage|p1a: Crow Of Judgement|80/100 brn|[from] brn
|upkeep
|turn|63
|
|t:|1598773506
|move|p1a: Crow Of Judgement|Defog|p2a: Chansey
|-unboost|p2a: Chansey|evasion|1
|-sideend|p1: The Last Hero|Stealth Rock|[from] move: Defog|[of] p1a: Crow Of Judgement
|move|p2a: Chansey|Seismic Toss|p1a: Crow Of Judgement
|-damage|p1a: Crow Of Judgement|55/100 brn
|
|-damage|p1a: Crow Of Judgement|49/100 brn|[from] brn
|upkeep
|turn|64
|j| RIPReckful
|
|t:|1598773513
|move|p1a: Crow Of Judgement|Roost|p1a: Crow Of Judgement
|-heal|p1a: Crow Of Judgement|99/100 brn
|-singleturn|p1a: Crow Of Judgement|move: Roost
|move|p2a: Chansey|Seismic Toss|p1a: Crow Of Judgement
|-damage|p1a: Crow Of Judgement|74/100 brn
|
|-damage|p1a: Crow Of Judgement|68/100 brn|[from] brn
|upkeep
|turn|65
|
|t:|1598773526
|move|p1a: Crow Of Judgement|Iron Head|p2a: Chansey
|-damage|p2a: Chansey|81/100
|move|p2a: Chansey|Stealth Rock|p1a: Crow Of Judgement
|-sidestart|p1: The Last Hero|move: Stealth Rock
|
|-damage|p1a: Crow Of Judgement|62/100 brn|[from] brn
|upkeep
|turn|66
|l| RIPReckful
|
|t:|1598773534
|switch|p2a: Toxapex|Toxapex, M|100/100 tox
|move|p1a: Crow Of Judgement|Defog|p2a: Toxapex
|-unboost|p2a: Toxapex|evasion|1
|-sideend|p1: The Last Hero|Stealth Rock|[from] move: Defog|[of] p1a: Crow Of Judgement
|
|-damage|p1a: Crow Of Judgement|56/100 brn|[from] brn
|-damage|p2a: Toxapex|94/100 tox|[from] psn
|upkeep
|turn|67
|
|t:|1598773539
|switch|p1a: Mosqueton|Flygon, M|100/100
|switch|p2a: Chansey|Chansey, F|81/100
|
|upkeep
|turn|68
|
|t:|1598773543
|move|p1a: Mosqueton|U-turn|p2a: Chansey
|-damage|p2a: Chansey|71/100
|
|t:|1598773545
|switch|p1a: Crow Of Judgement|Corviknight, M|56/100 brn|[from]move: U-turn
|-ability|p1a: Crow Of Judgement|Pressure
|move|p2a: Chansey|Stealth Rock|p1a: Crow Of Judgement
|-sidestart|p1: The Last Hero|move: Stealth Rock
|
|-damage|p1a: Crow Of Judgement|50/100 brn|[from] brn
|upkeep
|turn|69
|
|t:|1598773547
|move|p1a: Crow Of Judgement|Roost|p1a: Crow Of Judgement
|-heal|p1a: Crow Of Judgement|99/100 brn
|-singleturn|p1a: Crow Of Judgement|move: Roost
|move|p2a: Chansey|Seismic Toss|p1a: Crow Of Judgement
|-damage|p1a: Crow Of Judgement|75/100 brn
|
|-damage|p1a: Crow Of Judgement|69/100 brn|[from] brn
|upkeep
|turn|70
|j| skyexperimenter
|
|t:|1598773551
|move|p1a: Crow Of Judgement|Defog|p2a: Chansey
|-unboost|p2a: Chansey|evasion|1
|-sideend|p1: The Last Hero|Stealth Rock|[from] move: Defog|[of] p1a: Crow Of Judgement
|move|p2a: Chansey|Seismic Toss|p1a: Crow Of Judgement
|-damage|p1a: Crow Of Judgement|44/100 brn
|
|-damage|p1a: Crow Of Judgement|38/100 brn|[from] brn
|upkeep
|turn|71
|
|t:|1598773555
|move|p1a: Crow Of Judgement|Roost|p1a: Crow Of Judgement
|-heal|p1a: Crow Of Judgement|88/100 brn
|-singleturn|p1a: Crow Of Judgement|move: Roost
|move|p2a: Chansey|Seismic Toss|p1a: Crow Of Judgement
|-damage|p1a: Crow Of Judgement|63/100 brn
|
|-damage|p1a: Crow Of Judgement|57/100 brn|[from] brn
|upkeep
|turn|72
|
|t:|1598773558
|move|p1a: Crow Of Judgement|Iron Head|p2a: Chansey
|-damage|p2a: Chansey|63/100
|move|p2a: Chansey|Stealth Rock|p1a: Crow Of Judgement
|-sidestart|p1: The Last Hero|move: Stealth Rock
|
|-damage|p1a: Crow Of Judgement|51/100 brn|[from] brn
|upkeep
|turn|73
|
|t:|1598773563
|switch|p2a: Volcarona|Volcarona, F|90/100 par
|move|p1a: Crow Of Judgement|Defog|p2a: Volcarona
|-unboost|p2a: Volcarona|evasion|1
|-sideend|p1: The Last Hero|Stealth Rock|[from] move: Defog|[of] p1a: Crow Of Judgement
|
|-damage|p1a: Crow Of Judgement|45/100 brn|[from] brn
|upkeep
|turn|74
|
|t:|1598773565
|switch|p2a: Chansey|Chansey, F|63/100
|move|p1a: Crow Of Judgement|U-turn|p2a: Chansey
|-damage|p2a: Chansey|59/100
|
|t:|1598773568
|switch|p1a: Mosqueton|Flygon, M|100/100|[from]move: U-turn
|
|upkeep
|turn|75
|
|t:|1598773572
|move|p1a: Mosqueton|U-turn|p2a: Chansey
|-damage|p2a: Chansey|48/100
|
|t:|1598773574
|switch|p1a: Crow Of Judgement|Corviknight, M|45/100 brn|[from]move: U-turn
|-ability|p1a: Crow Of Judgement|Pressure
|move|p2a: Chansey|Soft-Boiled|p2a: Chansey
|-heal|p2a: Chansey|98/100
|
|-damage|p1a: Crow Of Judgement|39/100 brn|[from] brn
|upkeep
|turn|76
|
|t:|1598773579
|switch|p2a: Volcarona|Volcarona, F|90/100 par
|move|p1a: Crow Of Judgement|Roost|p1a: Crow Of Judgement
|-heal|p1a: Crow Of Judgement|89/100 brn
|-singleturn|p1a: Crow Of Judgement|move: Roost
|
|-damage|p1a: Crow Of Judgement|83/100 brn|[from] brn
|upkeep
|turn|77
|l| APNsBR
|
|t:|1598773581
|switch|p2a: Chansey|Chansey, F|98/100
|move|p1a: Crow Of Judgement|U-turn|p2a: Chansey
|-damage|p2a: Chansey|93/100
|
|t:|1598773584
|switch|p1a: Mosqueton|Flygon, M|100/100|[from]move: U-turn
|
|upkeep
|turn|78
|
|t:|1598773588
|switch|p2a: Toxapex|Toxapex, M|100/100 tox
|move|p1a: Mosqueton|U-turn|p2a: Toxapex
|-resisted|p2a: Toxapex
|-damage|p2a: Toxapex|96/100 tox
|-damage|p1a: Mosqueton|84/100|[from] item: Rocky Helmet|[of] p2a: Toxapex
|
|t:|1598773593
|switch|p1a: Cabezaconcha|Slowking, M|100/100|[from]move: U-turn
|
|-damage|p2a: Toxapex|90/100 tox|[from] psn
|upkeep
|turn|79
|
|t:|1598773599
|switch|p1a: Mosqueton|Flygon, M|84/100
|switch|p2a: Mandibuzz|Mandibuzz, F|100/100
|
|upkeep
|turn|80
|
|t:|1598773603
|switch|p2a: Toxapex|Toxapex, M|100/100 tox
|move|p1a: Mosqueton|U-turn|p2a: Toxapex
|-resisted|p2a: Toxapex
|-damage|p2a: Toxapex|96/100 tox
|-damage|p1a: Mosqueton|67/100|[from] item: Rocky Helmet|[of] p2a: Toxapex
|
|t:|1598773605
|switch|p1a: Fabiole|Clefable, F|69/100|[from]move: U-turn
|
|-heal|p1a: Fabiole|75/100|[from] item: Leftovers
|-damage|p2a: Toxapex|90/100 tox|[from] psn
|upkeep
|turn|81
|
|t:|1598773608
|move|p1a: Fabiole|Protect|p1a: Fabiole
|-singleturn|p1a: Fabiole|Protect
|move|p2a: Toxapex|Knock Off|p1a: Fabiole
|-activate|p1a: Fabiole|move: Protect
|
|-heal|p1a: Fabiole|81/100|[from] item: Leftovers
|-damage|p2a: Toxapex|77/100 tox|[from] psn
|upkeep
|turn|82
|j| RIPReckful
|
|t:|1598773613
|switch|p1a: Cabezaconcha|Slowking, M|100/100
|switch|p2a: Mandibuzz|Mandibuzz, F|100/100
|
|upkeep
|turn|83
|
|t:|1598773617
|move|p2a: Mandibuzz|Knock Off|p1a: Cabezaconcha
|-supereffective|p1a: Cabezaconcha
|-damage|p1a: Cabezaconcha|75/100
|move|p1a: Cabezaconcha|Scald|p2a: Mandibuzz
|-damage|p2a: Mandibuzz|79/100
|
|upkeep
|turn|84
|
|t:|1598773620
|switch|p2a: Toxapex|Toxapex, M|100/100 tox
|switch|p1a: Fabiole|Clefable, F|81/100
|
|-heal|p1a: Fabiole|88/100|[from] item: Leftovers
|-damage|p2a: Toxapex|94/100 tox|[from] psn
|upkeep
|turn|85
|
|t:|1598773622
|switch|p2a: Chansey|Chansey, F|93/100
|move|p1a: Fabiole|Protect||[still]
|-fail|p1a: Fabiole
|
|-heal|p1a: Fabiole|94/100|[from] item: Leftovers
|upkeep
|turn|86
|
|t:|1598773624
|switch|p1a: Crow Of Judgement|Corviknight, M|83/100 brn
|-ability|p1a: Crow Of Judgement|Pressure
|switch|p2a: Toxapex|Toxapex, M|100/100 tox
|
|-damage|p1a: Crow Of Judgement|77/100 brn|[from] brn
|-damage|p2a: Toxapex|94/100 tox|[from] psn
|upkeep
|turn|87
|
|t:|1598773627
|switch|p1a: Cabezaconcha|Slowking, M|100/100
|switch|p2a: Chansey|Chansey, F|93/100
|
|upkeep
|turn|88
|
|t:|1598773629
|switch|p2a: Toxapex|Toxapex, M|100/100 tox
|switch|p1a: Crow Of Judgement|Corviknight, M|77/100 brn
|-ability|p1a: Crow Of Judgement|Pressure
|
|-damage|p1a: Crow Of Judgement|71/100 brn|[from] brn
|-damage|p2a: Toxapex|94/100 tox|[from] psn
|upkeep
|turn|89
|
|t:|1598773633
|switch|p2a: Chansey|Chansey, F|93/100
|move|p1a: Crow Of Judgement|U-turn|p2a: Chansey
|-damage|p2a: Chansey|88/100
|
|t:|1598773635
|switch|p1a: Spyro|Dragapult, M|100/100|[from]move: U-turn
|
|upkeep
|turn|90
|
|t:|1598773638
|switch|p2a: Toxapex|Toxapex, M|100/100 tox
|move|p1a: Spyro|U-turn|p2a: Toxapex
|-resisted|p2a: Toxapex
|-damage|p2a: Toxapex|95/100 tox
|-damage|p1a: Spyro|84/100|[from] item: Rocky Helmet|[of] p2a: Toxapex
|
|t:|1598773641
|switch|p1a: Flames|Salazzle, F|100/100|[from]move: U-turn
|
|-damage|p2a: Toxapex|89/100 tox|[from] psn
|upkeep
|turn|91
|
|t:|1598773644
|move|p1a: Flames|Sludge Wave|p2a: Toxapex
|-resisted|p2a: Toxapex
|-damage|p2a: Toxapex|70/100 tox
|move|p2a: Toxapex|Knock Off|p1a: Flames
|-crit|p1a: Flames
|-damage|p1a: Flames|61/100
|-enditem|p1a: Flames|Heavy-Duty Boots|[from] move: Knock Off|[of] p2a: Toxapex
|
|-damage|p2a: Toxapex|57/100 tox|[from] psn
|upkeep
|turn|92
|j| asdfa8f7a9s7d
|
|t:|1598773649
|move|p1a: Flames|Sludge Wave|p2a: Toxapex
|-resisted|p2a: Toxapex
|-damage|p2a: Toxapex|39/100 tox
|move|p2a: Toxapex|Knock Off|p1a: Flames
|-damage|p1a: Flames|42/100
|
|-damage|p2a: Toxapex|20/100 tox|[from] psn
|upkeep
|turn|93
|
|t:|1598773653
|switch|p2a: Chansey|Chansey, F|88/100
|move|p1a: Flames|Toxic|p2a: Chansey
|-status|p2a: Chansey|tox
|
|-damage|p2a: Chansey|82/100 tox|[from] psn
|upkeep
|turn|94
|
|t:|1598773657
|-curestatus|p2a: Chansey|tox|[from] ability: Natural Cure
|switch|p2a: Toxapex|Toxapex, M|53/100 tox
|move|p1a: Flames|Endeavor|p2a: Toxapex
|-damage|p2a: Toxapex|38/100 tox
|-damage|p1a: Flames|25/100|[from] item: Rocky Helmet|[of] p2a: Toxapex
|
|-damage|p2a: Toxapex|32/100 tox|[from] psn
|upkeep
|turn|95
|
|t:|1598773675
|switch|p2a: Quagsire|Quagsire, F|100/100
|move|p1a: Flames|Sludge Wave|p2a: Quagsire
|-resisted|p2a: Quagsire
|-crit|p2a: Quagsire
|-damage|p2a: Quagsire|60/100
|
|-heal|p2a: Quagsire|66/100|[from] item: Leftovers
|upkeep
|turn|96
|
|t:|1598773683
|move|p1a: Flames|Toxic|p2a: Quagsire
|-status|p2a: Quagsire|tox
|move|p2a: Quagsire|Scald|p1a: Flames
|-supereffective|p1a: Flames
|-damage|p1a: Flames|0 fnt
|faint|p1a: Flames
|
|-heal|p2a: Quagsire|72/100 tox|[from] item: Leftovers
|-damage|p2a: Quagsire|66/100 tox|[from] psn
|upkeep
|
|t:|1598773692
|switch|p1a: Spyro|Dragapult, M|84/100
|turn|97
|
|t:|1598773699
|switch|p2a: Chansey|Chansey, F|82/100
|move|p1a: Spyro|Dragon Darts|p2a: Chansey
|-damage|p2a: Chansey|67/100
|-anim|p1a: Spyro|Dragon Darts|p2a: Chansey
|-damage|p2a: Chansey|53/100
|
|-heal|p1a: Spyro|90/100|[from] item: Leftovers
|upkeep
|turn|98
|
|t:|1598773703
|move|p1a: Spyro|U-turn|p2a: Chansey
|-damage|p2a: Chansey|40/100
|
|t:|1598773705
|switch|p1a: Crow Of Judgement|Corviknight, M|71/100 brn|[from]move: U-turn
|-ability|p1a: Crow Of Judgement|Pressure
|move|p2a: Chansey|Soft-Boiled|p2a: Chansey
|-heal|p2a: Chansey|90/100
|
|-damage|p1a: Crow Of Judgement|65/100 brn|[from] brn
|upkeep
|turn|99
|
|t:|1598773708
|switch|p2a: Toxapex|Toxapex, M|65/100 tox
|move|p1a: Crow Of Judgement|Roost|p1a: Crow Of Judgement
|-heal|p1a: Crow Of Judgement|100/100 brn
|-singleturn|p1a: Crow Of Judgement|move: Roost
|
|-damage|p1a: Crow Of Judgement|94/100 brn|[from] brn
|-damage|p2a: Toxapex|59/100 tox|[from] psn
|upkeep
|turn|100
|
|t:|1598773714
|switch|p1a: Cabezaconcha|Slowking, M|100/100
|switch|p2a: Rotom|Rotom-Heat|100/100
|
|upkeep
|turn|101
|
|t:|1598773720
|move|p2a: Rotom|Nasty Plot|p2a: Rotom
|-boost|p2a: Rotom|spa|2
|move|p1a: Cabezaconcha|Calm Mind|p1a: Cabezaconcha
|-boost|p1a: Cabezaconcha|spa|1
|-boost|p1a: Cabezaconcha|spd|1
|
|upkeep
|turn|102
|
|t:|1598773723
|move|p2a: Rotom|Discharge|p1a: Cabezaconcha
|-supereffective|p1a: Cabezaconcha
|-damage|p1a: Cabezaconcha|40/100
|move|p1a: Cabezaconcha|Calm Mind|p1a: Cabezaconcha
|-boost|p1a: Cabezaconcha|spa|1
|-boost|p1a: Cabezaconcha|spd|1
|
|upkeep
|turn|103
|
|t:|1598773725
|move|p2a: Rotom|Discharge|p1a: Cabezaconcha
|-supereffective|p1a: Cabezaconcha
|-damage|p1a: Cabezaconcha|1/100
|move|p1a: Cabezaconcha|Scald|p2a: Rotom
|-supereffective|p2a: Rotom
|-damage|p2a: Rotom|0 fnt
|faint|p2a: Rotom
|
|upkeep
|j| nomtotoro
|
|t:|1598773734
|switch|p2a: Mandibuzz|Mandibuzz, F|79/100
|turn|104
|
|t:|1598773737
|switch|p1a: Crow Of Judgement|Corviknight, M|94/100 brn
|-ability|p1a: Crow Of Judgement|Pressure
|move|p2a: Mandibuzz|Knock Off|p1a: Crow Of Judgement
|-damage|p1a: Crow Of Judgement|82/100 brn
|
|-damage|p1a: Crow Of Judgement|76/100 brn|[from] brn
|upkeep
|turn|105
|c| busted bro nut|close one
|
|t:|1598773740
|move|p2a: Mandibuzz|Knock Off|p1a: Crow Of Judgement
|-damage|p1a: Crow Of Judgement|62/100 brn
|move|p1a: Crow Of Judgement|U-turn|p2a: Mandibuzz
|-damage|p2a: Mandibuzz|75/100
|
|t:|1598773742
|switch|p1a: Cabezaconcha|Slowking, M|34/100|[from]move: U-turn
|
|upkeep
|turn|106
|
|t:|1598773744
|switch|p1a: Crow Of Judgement|Corviknight, M|62/100 brn
|-ability|p1a: Crow Of Judgement|Pressure
|move|p2a: Mandibuzz|Knock Off|p1a: Crow Of Judgement
|-damage|p1a: Crow Of Judgement|48/100 brn
|
|-damage|p1a: Crow Of Judgement|42/100 brn|[from] brn
|upkeep
|turn|107
|
|t:|1598773746
|move|p2a: Mandibuzz|Knock Off|p1a: Crow Of Judgement
|-damage|p1a: Crow Of Judgement|30/100 brn
|move|p1a: Crow Of Judgement|Roost|p1a: Crow Of Judgement
|-heal|p1a: Crow Of Judgement|80/100 brn
|-singleturn|p1a: Crow Of Judgement|move: Roost
|
|-damage|p1a: Crow Of Judgement|74/100 brn|[from] brn
|upkeep
|turn|108
|
|t:|1598773749
|move|p2a: Mandibuzz|Knock Off|p1a: Crow Of Judgement
|-damage|p1a: Crow Of Judgement|60/100 brn
|move|p1a: Crow Of Judgement|U-turn|p2a: Mandibuzz
|-damage|p2a: Mandibuzz|71/100
|
|t:|1598773750
|switch|p1a: Mosqueton|Flygon, M|67/100|[from]move: U-turn
|
|upkeep
|turn|109
|
|t:|1598773752
|switch|p2a: Toxapex|Toxapex, M|92/100 tox
|move|p1a: Mosqueton|Toxic|p2a: Toxapex
|-fail|p2a: Toxapex|tox
|
|-damage|p2a: Toxapex|86/100 tox|[from] psn
|upkeep
|turn|110
|
|t:|1598773755
|switch|p2a: Mandibuzz|Mandibuzz, F|71/100
|move|p1a: Mosqueton|Earthquake|p2a: Mandibuzz
|-immune|p2a: Mandibuzz
|
|upkeep
|turn|111
|
|t:|1598773757
|switch|p2a: Toxapex|Toxapex, M|100/100 tox
|move|p1a: Mosqueton|Earthquake|p2a: Toxapex
|-supereffective|p2a: Toxapex
|-damage|p2a: Toxapex|61/100 tox
|
|-damage|p2a: Toxapex|55/100 tox|[from] psn
|upkeep
|turn|112
|
|t:|1598773760
|move|p1a: Mosqueton|Earthquake|p2a: Toxapex
|-supereffective|p2a: Toxapex
|-damage|p2a: Toxapex|15/100 tox
|move|p2a: Toxapex|Recover|p2a: Toxapex
|-heal|p2a: Toxapex|65/100 tox
|
|-damage|p2a: Toxapex|52/100 tox|[from] psn
|upkeep
|turn|113
|
|t:|1598773763
|switch|p2a: Chansey|Chansey, F|90/100
|move|p1a: Mosqueton|Toxic|p2a: Chansey
|-status|p2a: Chansey|tox
|
|-damage|p2a: Chansey|84/100 tox|[from] psn
|upkeep
|turn|114
|
|t:|1598773765
|-curestatus|p2a: Chansey|tox|[from] ability: Natural Cure
|switch|p2a: Toxapex|Toxapex, M|85/100 tox
|move|p1a: Mosqueton|U-turn|p2a: Toxapex
|-resisted|p2a: Toxapex
|-damage|p2a: Toxapex|81/100 tox
|-damage|p1a: Mosqueton|51/100|[from] item: Rocky Helmet|[of] p2a: Toxapex
|
|t:|1598773767
|switch|p1a: Cabezaconcha|Slowking, M|67/100|[from]move: U-turn
|
|-damage|p2a: Toxapex|75/100 tox|[from] psn
|upkeep
|turn|115
|
|t:|1598773770
|switch|p2a: Chansey|Chansey, F|84/100
|move|p1a: Cabezaconcha|Scald|p2a: Chansey
|-damage|p2a: Chansey|74/100
|
|upkeep
|turn|116
|
|t:|1598773775
|switch|p1a: Fabiole|Clefable, F|94/100
|move|p2a: Chansey|Seismic Toss|p1a: Fabiole
|-damage|p1a: Fabiole|68/100
|
|-heal|p1a: Fabiole|74/100|[from] item: Leftovers
|upkeep
|turn|117
|l| asdfa8f7a9s7d
|
|t:|1598773778
|move|p1a: Fabiole|Wish|p1a: Fabiole
|move|p2a: Chansey|Stealth Rock|p1a: Fabiole
|-sidestart|p1: The Last Hero|move: Stealth Rock
|
|-heal|p1a: Fabiole|80/100|[from] item: Leftovers
|upkeep
|turn|118
|
|t:|1598773781
|switch|p2a: Volcarona|Volcarona, F|90/100 par
|move|p1a: Fabiole|Teleport|p1a: Fabiole
|
|t:|1598773784
|switch|p1a: Crow Of Judgement|Corviknight, M|60/100 brn|[from]move: Teleport
|-damage|p1a: Crow Of Judgement|48/100 brn|[from] Stealth Rock
|-ability|p1a: Crow Of Judgement|Pressure
|
|-heal|p1a: Crow Of Judgement|97/100 brn|[from] move: Wish|[wisher] Fabiole
|-damage|p1a: Crow Of Judgement|91/100 brn|[from] brn
|upkeep
|turn|119
|
|t:|1598773785
|move|p1a: Crow Of Judgement|U-turn|p2a: Volcarona
|-resisted|p2a: Volcarona
|-damage|p2a: Volcarona|84/100 par
|
|t:|1598773788
|switch|p1a: Spyro|Dragapult, M|90/100|[from]move: U-turn
|-damage|p1a: Spyro|78/100|[from] Stealth Rock
|cant|p2a: Volcarona|par
|
|-heal|p1a: Spyro|84/100|[from] item: Leftovers
|upkeep
|turn|120
|
|t:|1598773793
|switch|p2a: Toxapex|Toxapex, M|100/100 tox
|move|p1a: Spyro|Hex|p2a: Toxapex
|-damage|p2a: Toxapex|52/100 tox
|
|-heal|p1a: Spyro|90/100|[from] item: Leftovers
|-damage|p2a: Toxapex|46/100 tox|[from] psn
|upkeep
|turn|121
|
|t:|1598773797
|switch|p2a: Mandibuzz|Mandibuzz, F|71/100
|move|p1a: Spyro|Hex|p2a: Mandibuzz
|-resisted|p2a: Mandibuzz
|-damage|p2a: Mandibuzz|58/100
|
|-heal|p1a: Spyro|96/100|[from] item: Leftovers
|upkeep
|turn|122
|
|t:|1598773801
|move|p1a: Spyro|U-turn|p2a: Mandibuzz
|-damage|p2a: Mandibuzz|46/100
|
|t:|1598773803
|switch|p1a: Cabezaconcha|Slowking, M|100/100|[from]move: U-turn
|-damage|p1a: Cabezaconcha|88/100|[from] Stealth Rock
|move|p2a: Mandibuzz|Knock Off|p1a: Cabezaconcha
|-supereffective|p1a: Cabezaconcha
|-damage|p1a: Cabezaconcha|64/100
|
|upkeep
|turn|123
|
|t:|1598773806
|move|p2a: Mandibuzz|Roost|p2a: Mandibuzz
|-heal|p2a: Mandibuzz|96/100
|-singleturn|p2a: Mandibuzz|move: Roost
|move|p1a: Cabezaconcha|Scald|p2a: Mandibuzz
|-crit|p2a: Mandibuzz
|-damage|p2a: Mandibuzz|60/100
|-status|p2a: Mandibuzz|brn
|
|-damage|p2a: Mandibuzz|54/100 brn|[from] brn
|upkeep
|turn|124
|j| reje
|
|t:|1598773811
|switch|p1a: Crow Of Judgement|Corviknight, M|91/100 brn
|-damage|p1a: Crow Of Judgement|79/100 brn|[from] Stealth Rock
|-ability|p1a: Crow Of Judgement|Pressure
|move|p2a: Mandibuzz|Roost|p2a: Mandibuzz
|-heal|p2a: Mandibuzz|100/100 brn
|-singleturn|p2a: Mandibuzz|move: Roost
|
|-damage|p2a: Mandibuzz|94/100 brn|[from] brn
|-damage|p1a: Crow Of Judgement|73/100 brn|[from] brn
|upkeep
|turn|125
|
|t:|1598773816
|switch|p2a: Toxapex|Toxapex, M|79/100 tox
|move|p1a: Crow Of Judgement|Defog|p2a: Toxapex
|-unboost|p2a: Toxapex|evasion|1
|-sideend|p1: The Last Hero|Stealth Rock|[from] move: Defog|[of] p1a: Crow Of Judgement
|
|-damage|p1a: Crow Of Judgement|67/100 brn|[from] brn
|-damage|p2a: Toxapex|73/100 tox|[from] psn
|upkeep
|turn|126
|
|t:|1598773818
|switch|p1a: Cabezaconcha|Slowking, M|97/100
|switch|p2a: Chansey|Chansey, F|74/100
|
|upkeep
|turn|127
|
|t:|1598773824
|switch|p2a: Toxapex|Toxapex, M|100/100 tox
|switch|p1a: Crow Of Judgement|Corviknight, M|67/100 brn
|-ability|p1a: Crow Of Judgement|Pressure
|
|-damage|p1a: Crow Of Judgement|61/100 brn|[from] brn
|-damage|p2a: Toxapex|94/100 tox|[from] psn
|upkeep
|turn|128
|
|t:|1598773826
|switch|p1a: Mosqueton|Flygon, M|51/100
|switch|p2a: Chansey|Chansey, F|74/100
|
|upkeep
|turn|129
|
|t:|1598773829
|switch|p2a: Toxapex|Toxapex, M|100/100 tox
|move|p1a: Mosqueton|Roost|p1a: Mosqueton
|-heal|p1a: Mosqueton|100/100
|-singleturn|p1a: Mosqueton|move: Roost
|
|-damage|p2a: Toxapex|94/100 tox|[from] psn
|upkeep
|turn|130
|
|t:|1598773832
|move|p1a: Mosqueton|Earthquake|p2a: Toxapex
|-supereffective|p2a: Toxapex
|-damage|p2a: Toxapex|52/100 tox
|move|p2a: Toxapex|Spite|p1a: Mosqueton
|-activate|p1a: Mosqueton|move: Spite|Earthquake|4
|
|-damage|p2a: Toxapex|40/100 tox|[from] psn
|upkeep
|turn|131
|
|t:|1598773837
|switch|p2a: Mandibuzz|Mandibuzz, F|94/100 brn
|move|p1a: Mosqueton|Toxic||[still]
|-fail|p1a: Mosqueton
|
|-damage|p2a: Mandibuzz|88/100 brn|[from] brn
|upkeep
|turn|132
|
|t:|1598773841
|switch|p2a: Toxapex|Toxapex, M|73/100 tox
|move|p1a: Mosqueton|U-turn|p2a: Toxapex
|-resisted|p2a: Toxapex
|-damage|p2a: Toxapex|68/100 tox
|-damage|p1a: Mosqueton|84/100|[from] item: Rocky Helmet|[of] p2a: Toxapex
|
|t:|1598773844
|switch|p1a: Cabezaconcha|Slowking, M|100/100|[from]move: U-turn
|
|-damage|p2a: Toxapex|62/100 tox|[from] psn
|upkeep
|turn|133
|
|t:|1598773847
|switch|p2a: Chansey|Chansey, F|74/100
|move|p1a: Cabezaconcha|Calm Mind|p1a: Cabezaconcha
|-boost|p1a: Cabezaconcha|spa|1
|-boost|p1a: Cabezaconcha|spd|1
|
|upkeep
|turn|134
|
|t:|1598773851
|switch|p2a: Toxapex|Toxapex, M|95/100 tox
|switch|p1a: Crow Of Judgement|Corviknight, M|61/100 brn
|-ability|p1a: Crow Of Judgement|Pressure
|
|-damage|p1a: Crow Of Judgement|55/100 brn|[from] brn
|-damage|p2a: Toxapex|89/100 tox|[from] psn
|upkeep
|turn|135
|j| Xelichou
|
|t:|1598773855
|switch|p1a: Cabezaconcha|Slowking, M|100/100
|move|p2a: Toxapex|Knock Off|p1a: Cabezaconcha
|-supereffective|p1a: Cabezaconcha
|-damage|p1a: Cabezaconcha|84/100
|
|-damage|p2a: Toxapex|76/100 tox|[from] psn
|upkeep
|turn|136
|
|t:|1598773858
|switch|p2a: Chansey|Chansey, F|74/100
|move|p1a: Cabezaconcha|Scald|p2a: Chansey
|-damage|p2a: Chansey|65/100
|-status|p2a: Chansey|brn
|
|-damage|p2a: Chansey|59/100 brn|[from] brn
|upkeep
|turn|137
|
|t:|1598773861
|-curestatus|p2a: Chansey|brn|[from] ability: Natural Cure
|switch|p2a: Toxapex|Toxapex, M|100/100 tox
|switch|p1a: Fabiole|Clefable, F|80/100
|
|-heal|p1a: Fabiole|87/100|[from] item: Leftovers
|-damage|p2a: Toxapex|94/100 tox|[from] psn
|upkeep
|turn|138
|
|t:|1598773864
|switch|p1a: Cabezaconcha|Slowking, M|100/100
|switch|p2a: Chansey|Chansey, F|59/100
|
|upkeep
|turn|139
|
|t:|1598773867
|move|p2a: Chansey|Soft-Boiled|p2a: Chansey
|-heal|p2a: Chansey|100/100
|move|p1a: Cabezaconcha|Scald|p2a: Chansey
|-damage|p2a: Chansey|92/100
|
|upkeep
|turn|140
|
|t:|1598773869
|switch|p2a: Toxapex|Toxapex, M|100/100 tox
|switch|p1a: Fabiole|Clefable, F|87/100
|
|-heal|p1a: Fabiole|93/100|[from] item: Leftovers
|-damage|p2a: Toxapex|94/100 tox|[from] psn
|upkeep
|turn|141
|
|t:|1598773871
|switch|p1a: Cabezaconcha|Slowking, M|100/100
|switch|p2a: Chansey|Chansey, F|92/100
|
|upkeep
|turn|142
|
|t:|1598773875
|switch|p1a: Fabiole|Clefable, F|93/100
|move|p2a: Chansey|Stealth Rock|p1a: Fabiole
|-sidestart|p1: The Last Hero|move: Stealth Rock
|
|-heal|p1a: Fabiole|99/100|[from] item: Leftovers
|upkeep
|turn|143
|
|t:|1598773880
|switch|p2a: Volcarona|Volcarona, F|84/100 par
|move|p1a: Fabiole|Wish|p1a: Fabiole
|
|-heal|p1a: Fabiole|100/100|[from] item: Leftovers
|upkeep
|turn|144
|
|t:|1598773885
|move|p2a: Volcarona|Quiver Dance|p2a: Volcarona
|-boost|p2a: Volcarona|spa|1
|-boost|p2a: Volcarona|spd|1
|-boost|p2a: Volcarona|spe|1
|move|p1a: Fabiole|Teleport|p1a: Fabiole
|
|t:|1598773888
|switch|p1a: Spyro|Dragapult, M|96/100|[from]move: Teleport
|-damage|p1a: Spyro|83/100|[from] Stealth Rock
|
|-heal|p1a: Spyro|100/100|[from] move: Wish|[wisher] Fabiole
|upkeep
|turn|145
|
|t:|1598773890
|switch|p2a: Toxapex|Toxapex, M|100/100 tox
|move|p1a: Spyro|Dragon Darts|p2a: Toxapex
|-damage|p2a: Toxapex|87/100 tox
|-anim|p1a: Spyro|Dragon Darts|p2a: Toxapex
|-damage|p2a: Toxapex|74/100 tox
|
|-damage|p2a: Toxapex|68/100 tox|[from] psn
|upkeep
|turn|146
|
|t:|1598773897
|switch|p1a: Cabezaconcha|Slowking, M|100/100
|-damage|p1a: Cabezaconcha|88/100|[from] Stealth Rock
|move|p2a: Toxapex|Knock Off|p1a: Cabezaconcha
|-supereffective|p1a: Cabezaconcha
|-damage|p1a: Cabezaconcha|73/100
|
|-damage|p2a: Toxapex|55/100 tox|[from] psn
|upkeep
|turn|147
|
|t:|1598773902
|switch|p2a: Chansey|Chansey, F|92/100
|move|p1a: Cabezaconcha|Psyshock|p2a: Chansey
|-damage|p2a: Chansey|74/100
|
|upkeep
|turn|148
|
|t:|1598773904
|switch|p2a: Toxapex|Toxapex, M|89/100 tox
|switch|p1a: Fabiole|Clefable, F|100/100
|
|-damage|p2a: Toxapex|82/100 tox|[from] psn
|upkeep
|turn|149
|
|t:|1598773907
|switch|p1a: Cabezaconcha|Slowking, M|100/100
|-damage|p1a: Cabezaconcha|88/100|[from] Stealth Rock
|switch|p2a: Volcarona|Volcarona, F|84/100 par
|
|upkeep
|turn|150
|
|t:|1598773912
|cant|p2a: Volcarona|par
|move|p1a: Cabezaconcha|Scald|p2a: Volcarona
|-supereffective|p2a: Volcarona
|-damage|p2a: Volcarona|30/100 par
|
|upkeep
|turn|151
|
|t:|1598773917
|switch|p2a: Toxapex|Toxapex, M|100/100 tox
|move|p1a: Cabezaconcha|Scald|p2a: Toxapex
|-resisted|p2a: Toxapex
|-crit|p2a: Toxapex
|-damage|p2a: Toxapex|82/100 tox
|
|-damage|p2a: Toxapex|76/100 tox|[from] psn
|upkeep
|turn|152
|
|t:|1598773924
|switch|p1a: Mosqueton|Flygon, M|84/100
|-damage|p1a: Mosqueton|78/100|[from] Stealth Rock
|move|p2a: Toxapex|Spite||[still]
|-fail|p2a: Toxapex
|
|-damage|p2a: Toxapex|63/100 tox|[from] psn
|upkeep
|turn|153
|
|t:|1598773929
|switch|p1a: Cabezaconcha|Slowking, M|100/100
|-damage|p1a: Cabezaconcha|88/100|[from] Stealth Rock
|switch|p2a: Quagsire|Quagsire, F|66/100 tox
|
|-heal|p2a: Quagsire|72/100 tox|[from] item: Leftovers
|-damage|p2a: Quagsire|66/100 tox|[from] psn
|upkeep
|turn|154
|j| 3planes2towers
|
|t:|1598773933
|switch|p1a: Fabiole|Clefable, F|100/100
|move|p2a: Quagsire|Toxic|p1a: Fabiole
|-status|p1a: Fabiole|tox
|
|-heal|p2a: Quagsire|72/100 tox|[from] item: Leftovers
|-damage|p2a: Quagsire|60/100 tox|[from] psn
|upkeep
|turn|155
|
|t:|1598773936
|switch|p2a: Chansey|Chansey, F|74/100
|move|p1a: Fabiole|Moonblast|p2a: Chansey
|-damage|p2a: Chansey|65/100
|
|upkeep
|turn|156
|
|t:|1598773940
|switch|p2a: Volcarona|Volcarona, F|30/100 par
|move|p1a: Fabiole|Wish|p1a: Fabiole
|
|upkeep
|turn|157
|j|+rosa
|
|t:|1598773942
|move|p2a: Volcarona|Roost|p2a: Volcarona
|-heal|p2a: Volcarona|81/100 par
|-singleturn|p2a: Volcarona|move: Roost
|move|p1a: Fabiole|Moonblast|p2a: Volcarona
|-resisted|p2a: Volcarona
|-damage|p2a: Volcarona|65/100 par
|
|upkeep
|turn|158
|
|t:|1598773950
|move|p2a: Volcarona|Roost|p2a: Volcarona
|-heal|p2a: Volcarona|100/100 par
|-singleturn|p2a: Volcarona|move: Roost
|move|p1a: Fabiole|Wish|p1a: Fabiole
|
|upkeep
|turn|159
|l| 3planes2towers
|
|t:|1598773956
|move|p2a: Volcarona|Quiver Dance|p2a: Volcarona
|-boost|p2a: Volcarona|spa|1
|-boost|p2a: Volcarona|spd|1
|-boost|p2a: Volcarona|spe|1
|move|p1a: Fabiole|Teleport|p1a: Fabiole
|
|t:|1598773958
|switch|p1a: Spyro|Dragapult, M|100/100|[from]move: Teleport
|-damage|p1a: Spyro|88/100|[from] Stealth Rock
|
|-heal|p1a: Spyro|100/100|[from] move: Wish|[wisher] Fabiole
|upkeep
|turn|160
|
|t:|1598773962
|switch|p2a: Toxapex|Toxapex, M|97/100 tox
|move|p1a: Spyro|Hex|p2a: Toxapex
|-damage|p2a: Toxapex|49/100 tox
|
|-damage|p2a: Toxapex|43/100 tox|[from] psn
|upkeep
|turn|161
|
|t:|1598773968
|switch|p2a: Chansey|Chansey, F|65/100
|move|p1a: Spyro|Dragon Darts|p2a: Chansey
|-damage|p2a: Chansey|51/100
|-anim|p1a: Spyro|Dragon Darts|p2a: Chansey
|-damage|p2a: Chansey|37/100
|
|upkeep
|turn|162
|
|t:|1598773977
|move|p1a: Spyro|Dragon Darts|p2a: Chansey
|-damage|p2a: Chansey|22/100
|-anim|p1a: Spyro|Dragon Darts|p2a: Chansey
|-damage|p2a: Chansey|7/100
|move|p2a: Chansey|Toxic|p1a: Spyro
|-status|p1a: Spyro|tox
|
|-damage|p1a: Spyro|95/100 tox|[from] psn
|upkeep
|turn|163
|
|t:|1598773986
|switch|p2a: Toxapex|Toxapex, M|76/100 tox
|move|p1a: Spyro|Hex|p2a: Toxapex
|-damage|p2a: Toxapex|30/100 tox
|
|-heal|p1a: Spyro|100/100 tox|[from] item: Leftovers
|-damage|p1a: Spyro|89/100 tox|[from] psn
|-damage|p2a: Toxapex|24/100 tox|[from] psn
|upkeep
|turn|164
|
|t:|1598773990
|switch|p2a: Mandibuzz|Mandibuzz, F|88/100 brn
|move|p1a: Spyro|U-turn|p2a: Mandibuzz
|-damage|p2a: Mandibuzz|76/100 brn
|
|t:|1598773992
|switch|p1a: Cabezaconcha|Slowking, M|100/100|[from]move: U-turn
|-damage|p1a: Cabezaconcha|88/100|[from] Stealth Rock
|
|-damage|p2a: Mandibuzz|70/100 brn|[from] brn
|upkeep
|turn|165
|
|t:|1598773996
|switch|p2a: Quagsire|Quagsire, F|60/100 tox
|move|p1a: Cabezaconcha|Calm Mind|p1a: Cabezaconcha
|-boost|p1a: Cabezaconcha|spa|1
|-boost|p1a: Cabezaconcha|spd|1
|
|-heal|p2a: Quagsire|66/100 tox|[from] item: Leftovers
|-damage|p2a: Quagsire|60/100 tox|[from] psn
|upkeep
|turn|166
|
|t:|1598774000
|switch|p1a: Fabiole|Clefable, F|100/100 tox
|move|p2a: Quagsire|Toxic|p1a: Fabiole
|-fail|p1a: Fabiole|tox
|
|-heal|p2a: Quagsire|66/100 tox|[from] item: Leftovers
|-damage|p2a: Quagsire|54/100 tox|[from] psn
|upkeep
|turn|167
|n| nomtotoro@!|nomtotoro
|
|t:|1598774003
|switch|p2a: Toxapex|Toxapex, M|57/100 tox
|move|p1a: Fabiole|Moonblast|p2a: Toxapex
|-resisted|p2a: Toxapex
|-crit|p2a: Toxapex
|-damage|p2a: Toxapex|37/100 tox
|
|-damage|p2a: Toxapex|31/100 tox|[from] psn
|upkeep
|turn|168
|
|t:|1598774006
|switch|p1a: Cabezaconcha|Slowking, M|100/100
|-damage|p1a: Cabezaconcha|88/100|[from] Stealth Rock
|switch|p2a: Volcarona|Volcarona, F|100/100 par
|
|upkeep
|turn|169
|
|t:|1598774012
|move|p2a: Volcarona|Bug Buzz|p1a: Cabezaconcha
|-supereffective|p1a: Cabezaconcha
|-damage|p1a: Cabezaconcha|14/100
|move|p1a: Cabezaconcha|Calm Mind|p1a: Cabezaconcha
|-boost|p1a: Cabezaconcha|spa|1
|-boost|p1a: Cabezaconcha|spd|1
|
|upkeep
|turn|170
|
|t:|1598774019
|switch|p1a: Spyro|Dragapult, M|89/100 tox
|-damage|p1a: Spyro|76/100 tox|[from] Stealth Rock
|move|p2a: Volcarona|Quiver Dance|p2a: Volcarona
|-boost|p2a: Volcarona|spa|1
|-boost|p2a: Volcarona|spd|1
|-boost|p2a: Volcarona|spe|1
|
|-heal|p1a: Spyro|82/100 tox|[from] item: Leftovers
|-damage|p1a: Spyro|76/100 tox|[from] psn
|upkeep
|turn|171
|
|t:|1598774030
|move|p1a: Spyro|Hex|p2a: Volcarona
|-damage|p2a: Volcarona|63/100 par
|move|p2a: Volcarona|Flamethrower|p1a: Spyro
|-resisted|p1a: Spyro
|-damage|p1a: Spyro|26/100 tox
|
|-heal|p1a: Spyro|32/100 tox|[from] item: Leftovers
|-damage|p1a: Spyro|20/100 tox|[from] psn
|upkeep
|turn|172
|
|t:|1598774039
|switch|p2a: Quagsire|Quagsire, F|54/100 tox
|move|p1a: Spyro|Dragon Darts|p2a: Quagsire
|-damage|p2a: Quagsire|39/100 tox
|-anim|p1a: Spyro|Dragon Darts|p2a: Quagsire
|-damage|p2a: Quagsire|23/100 tox
|
|-heal|p1a: Spyro|26/100 tox|[from] item: Leftovers
|-heal|p2a: Quagsire|29/100 tox|[from] item: Leftovers
|-damage|p1a: Spyro|8/100 tox|[from] psn
|-damage|p2a: Quagsire|23/100 tox|[from] psn
|upkeep
|turn|173
|
|t:|1598774046
|switch|p1a: Crow Of Judgement|Corviknight, M|55/100 brn
|-damage|p1a: Crow Of Judgement|43/100 brn|[from] Stealth Rock
|-ability|p1a: Crow Of Judgement|Pressure
|switch|p2a: Toxapex|Toxapex, M|64/100 tox
|
|-damage|p1a: Crow Of Judgement|37/100 brn|[from] brn
|-damage|p2a: Toxapex|58/100 tox|[from] psn
|upkeep
|turn|174
|
|t:|1598774050
|switch|p2a: Volcarona|Volcarona, F|63/100 par
|move|p1a: Crow Of Judgement|Roost|p1a: Crow Of Judgement
|-heal|p1a: Crow Of Judgement|87/100 brn
|-singleturn|p1a: Crow Of Judgement|move: Roost
|
|-damage|p1a: Crow Of Judgement|81/100 brn|[from] brn
|upkeep
|turn|175
|n| nomtotoro|nomtotoro
|
|t:|1598774054
|move|p1a: Crow Of Judgement|Defog|p2a: Volcarona
|-unboost|p2a: Volcarona|evasion|1
|-sideend|p1: The Last Hero|Stealth Rock|[from] move: Defog|[of] p1a: Crow Of Judgement
|move|p2a: Volcarona|Flamethrower|p1a: Crow Of Judgement
|-supereffective|p1a: Crow Of Judgement
|-damage|p1a: Crow Of Judgement|15/100 brn
|
|-damage|p1a: Crow Of Judgement|9/100 brn|[from] brn
|upkeep
|turn|176
|
|t:|1598774059
|switch|p1a: Fabiole|Clefable, F|100/100 tox
|move|p2a: Volcarona|Roost|p2a: Volcarona
|-heal|p2a: Volcarona|100/100 par
|-singleturn|p2a: Volcarona|move: Roost
|
|upkeep
|turn|177
|
|t:|1598774061
|move|p2a: Volcarona|Quiver Dance|p2a: Volcarona
|-boost|p2a: Volcarona|spa|1
|-boost|p2a: Volcarona|spd|1
|-boost|p2a: Volcarona|spe|1
|move|p1a: Fabiole|Wish|p1a: Fabiole
|
|upkeep
|turn|178
|
|t:|1598774065
|move|p2a: Volcarona|Flamethrower|p1a: Fabiole
|-damage|p1a: Fabiole|33/100 tox
|move|p1a: Fabiole|Teleport|p1a: Fabiole
|
|t:|1598774067
|switch|p1a: Spyro|Dragapult, M|8/100 tox|[from]move: Teleport
|
|-heal|p1a: Spyro|70/100 tox|[from] move: Wish|[wisher] Fabiole
|-heal|p1a: Spyro|76/100 tox|[from] item: Leftovers
|-damage|p1a: Spyro|70/100 tox|[from] psn
|upkeep
|turn|179
|
|t:|1598774070
|move|p1a: Spyro|Dragon Darts|p2a: Volcarona
|-damage|p2a: Volcarona|68/100 par
|-anim|p1a: Spyro|Dragon Darts|p2a: Volcarona
|-damage|p2a: Volcarona|36/100 par
|move|p2a: Volcarona|Flamethrower|p1a: Spyro
|-resisted|p1a: Spyro
|-damage|p1a: Spyro|21/100 tox
|
|-heal|p1a: Spyro|27/100 tox|[from] item: Leftovers
|-damage|p1a: Spyro|15/100 tox|[from] psn
|upkeep
|turn|180
|
|t:|1598774080
|switch|p1a: Crow Of Judgement|Corviknight, M|9/100 brn
|-ability|p1a: Crow Of Judgement|Pressure
|switch|p2a: Toxapex|Toxapex, M|91/100 tox
|
|-damage|p1a: Crow Of Judgement|3/100 brn|[from] brn
|-damage|p2a: Toxapex|85/100 tox|[from] psn
|upkeep
|turn|181
|
|t:|1598774085
|move|p1a: Crow Of Judgement|Roost|p1a: Crow Of Judgement
|-heal|p1a: Crow Of Judgement|53/100 brn
|-singleturn|p1a: Crow Of Judgement|move: Roost
|move|p2a: Toxapex|Spite|p1a: Crow Of Judgement
|-activate|p1a: Crow Of Judgement|move: Spite|Roost|3
|
|-damage|p1a: Crow Of Judgement|47/100 brn|[from] brn
|-damage|p2a: Toxapex|72/100 tox|[from] psn
|upkeep
|turn|182
|
|t:|1598774088
|switch|p2a: Volcarona|Volcarona, F|36/100 par
|move|p1a: Crow Of Judgement|U-turn|p2a: Volcarona
|-resisted|p2a: Volcarona
|-damage|p2a: Volcarona|30/100 par
|
|t:|1598774093
|switch|p1a: Mosqueton|Flygon, M|78/100|[from]move: U-turn
|
|upkeep
|turn|183
|
|t:|1598774095
|switch|p1a: Fabiole|Clefable, F|33/100 tox
|switch|p2a: Toxapex|Toxapex, M|100/100 tox
|
|-heal|p1a: Fabiole|39/100 tox|[from] item: Leftovers
|-damage|p2a: Toxapex|94/100 tox|[from] psn
|upkeep
|turn|184
|
|t:|1598774102
|move|p1a: Fabiole|Wish|p1a: Fabiole
|move|p2a: Toxapex|Spite|p1a: Fabiole
|-activate|p1a: Fabiole|move: Spite|Wish|4
|
|-heal|p1a: Fabiole|45/100 tox|[from] item: Leftovers
|-damage|p2a: Toxapex|82/100 tox|[from] psn
|upkeep
|turn|185
|
|t:|1598774108
|switch|p2a: Volcarona|Volcarona, F|30/100 par
|move|p1a: Fabiole|Teleport|p1a: Fabiole
|
|t:|1598774111
|switch|p1a: Spyro|Dragapult, M|15/100 tox|[from]move: Teleport
|
|-heal|p1a: Spyro|77/100 tox|[from] move: Wish|[wisher] Fabiole
|-heal|p1a: Spyro|83/100 tox|[from] item: Leftovers
|-damage|p1a: Spyro|77/100 tox|[from] psn
|upkeep
|turn|186
|
|t:|1598774115
|switch|p2a: Toxapex|Toxapex, M|100/100 tox
|move|p1a: Spyro|Hex|p2a: Toxapex
|-damage|p2a: Toxapex|54/100 tox
|
|-heal|p1a: Spyro|83/100 tox|[from] item: Leftovers
|-damage|p1a: Spyro|71/100 tox|[from] psn
|-damage|p2a: Toxapex|48/100 tox|[from] psn
|upkeep
|turn|187
|
|t:|1598774122
|switch|p2a: Mandibuzz|Mandibuzz, F|70/100 brn
|move|p1a: Spyro|Dragon Darts|p2a: Mandibuzz
|-damage|p2a: Mandibuzz|57/100 brn
|-anim|p1a: Spyro|Dragon Darts|p2a: Mandibuzz
|-damage|p2a: Mandibuzz|45/100 brn
|
|-heal|p1a: Spyro|77/100 tox|[from] item: Leftovers
|-damage|p1a: Spyro|59/100 tox|[from] psn
|-damage|p2a: Mandibuzz|39/100 brn|[from] brn
|upkeep
|turn|188
|
|t:|1598774130
|move|p1a: Spyro|Dragon Darts|p2a: Mandibuzz
|-damage|p2a: Mandibuzz|27/100 brn
|-anim|p1a: Spyro|Dragon Darts|p2a: Mandibuzz
|-damage|p2a: Mandibuzz|14/100 brn
|move|p2a: Mandibuzz|Roost|p2a: Mandibuzz
|-heal|p2a: Mandibuzz|64/100 brn
|-singleturn|p2a: Mandibuzz|move: Roost
|
|-heal|p1a: Spyro|65/100 tox|[from] item: Leftovers
|-damage|p1a: Spyro|41/100 tox|[from] psn
|-damage|p2a: Mandibuzz|58/100 brn|[from] brn
|upkeep
|turn|189
|
|t:|1598774134
|move|p1a: Spyro|U-turn|p2a: Mandibuzz
|-damage|p2a: Mandibuzz|46/100 brn
|
|t:|1598774137
|switch|p1a: Cabezaconcha|Slowking, M|48/100|[from]move: U-turn
|move|p2a: Mandibuzz|Knock Off|p1a: Cabezaconcha
|-supereffective|p1a: Cabezaconcha
|-damage|p1a: Cabezaconcha|34/100
|
|-damage|p2a: Mandibuzz|40/100 brn|[from] brn
|upkeep
|turn|190
|
|t:|1598774142
|move|p2a: Mandibuzz|Roost|p2a: Mandibuzz
|-heal|p2a: Mandibuzz|90/100 brn
|-singleturn|p2a: Mandibuzz|move: Roost
|move|p1a: Cabezaconcha|Scald|p2a: Mandibuzz
|-damage|p2a: Mandibuzz|67/100 brn
|
|-damage|p2a: Mandibuzz|61/100 brn|[from] brn
|upkeep
|turn|191
|
|t:|1598774145
|switch|p2a: Toxapex|Toxapex, M|81/100 tox
|move|p1a: Cabezaconcha|Slack Off|p1a: Cabezaconcha
|-heal|p1a: Cabezaconcha|84/100
|
|-damage|p2a: Toxapex|75/100 tox|[from] psn
|upkeep
|turn|192
|
|t:|1598774149
|move|p1a: Cabezaconcha|Psyshock|p2a: Toxapex
|-supereffective|p2a: Toxapex
|-damage|p2a: Toxapex|41/100 tox
|move|p2a: Toxapex|Spite|p1a: Cabezaconcha
|-activate|p1a: Cabezaconcha|move: Spite|Psyshock|4
|
|-damage|p2a: Toxapex|28/100 tox|[from] psn
|upkeep
|turn|193
|
|t:|1598774155
|switch|p2a: Quagsire|Quagsire, F|23/100 tox
|move|p1a: Cabezaconcha|Scald|p2a: Quagsire
|-damage|p2a: Quagsire|0 fnt
|faint|p2a: Quagsire
|
|upkeep
|
|t:|1598774157
|switch|p2a: Chansey|Chansey, F|7/100
|turn|194
|
|t:|1598774166
|switch|p1a: Fabiole|Clefable, F|45/100 tox
|move|p2a: Chansey|Soft-Boiled|p2a: Chansey
|-heal|p2a: Chansey|57/100
|
|-heal|p1a: Fabiole|51/100 tox|[from] item: Leftovers
|upkeep
|turn|195
|
|t:|1598774170
|move|p1a: Fabiole|Wish|p1a: Fabiole
|move|p2a: Chansey|Stealth Rock|p1a: Fabiole
|-sidestart|p1: The Last Hero|move: Stealth Rock
|
|-heal|p1a: Fabiole|57/100 tox|[from] item: Leftovers
|upkeep
|turn|196
|
|t:|1598774175
|switch|p2a: Toxapex|Toxapex, M|61/100 tox
|move|p1a: Fabiole|Teleport|p1a: Fabiole
|
|t:|1598774177
|switch|p1a: Spyro|Dragapult, M|41/100 tox|[from]move: Teleport
|-damage|p1a: Spyro|29/100 tox|[from] Stealth Rock
|
|-heal|p1a: Spyro|91/100 tox|[from] move: Wish|[wisher] Fabiole
|-heal|p1a: Spyro|97/100 tox|[from] item: Leftovers
|-damage|p1a: Spyro|91/100 tox|[from] psn
|-damage|p2a: Toxapex|55/100 tox|[from] psn
|upkeep
|turn|197
|
|t:|1598774180
|switch|p2a: Mandibuzz|Mandibuzz, F|61/100 brn
|move|p1a: Spyro|Hex|p2a: Mandibuzz
|-resisted|p2a: Mandibuzz
|-damage|p2a: Mandibuzz|37/100 brn
|
|-heal|p1a: Spyro|97/100 tox|[from] item: Leftovers
|-damage|p1a: Spyro|85/100 tox|[from] psn
|-damage|p2a: Mandibuzz|31/100 brn|[from] brn
|upkeep
|turn|198
|j| manything
|
|t:|1598774183
|move|p1a: Spyro|Dragon Darts|p2a: Mandibuzz
|-damage|p2a: Mandibuzz|19/100 brn
|-anim|p1a: Spyro|Dragon Darts|p2a: Mandibuzz
|-damage|p2a: Mandibuzz|7/100 brn
|move|p2a: Mandibuzz|Roost|p2a: Mandibuzz
|-heal|p2a: Mandibuzz|57/100 brn
|-singleturn|p2a: Mandibuzz|move: Roost
|
|-heal|p1a: Spyro|91/100 tox|[from] item: Leftovers
|-damage|p1a: Spyro|73/100 tox|[from] psn
|-damage|p2a: Mandibuzz|51/100 brn|[from] brn
|upkeep
|turn|199
|
|t:|1598774188
|switch|p1a: Cabezaconcha|Slowking, M|100/100
|-damage|p1a: Cabezaconcha|88/100|[from] Stealth Rock
|move|p2a: Mandibuzz|Roost|p2a: Mandibuzz
|-heal|p2a: Mandibuzz|100/100 brn
|-singleturn|p2a: Mandibuzz|move: Roost
|
|-damage|p2a: Mandibuzz|94/100 brn|[from] brn
|upkeep
|turn|200
|
|t:|1598774198
|switch|p2a: Toxapex|Toxapex, M|88/100 tox
|move|p1a: Cabezaconcha|Calm Mind|p1a: Cabezaconcha
|-boost|p1a: Cabezaconcha|spa|1
|-boost|p1a: Cabezaconcha|spd|1
|
|-damage|p2a: Toxapex|82/100 tox|[from] psn
|upkeep
|turn|201
|
|t:|1598774202
|switch|p2a: Chansey|Chansey, F|57/100
|move|p1a: Cabezaconcha|Psyshock|p2a: Chansey
|-damage|p2a: Chansey|32/100
|
|upkeep
|turn|202
|j| I'm at my LIMIT!
|
|t:|1598774206
|move|p2a: Chansey|Soft-Boiled|p2a: Chansey
|-heal|p2a: Chansey|82/100
|move|p1a: Cabezaconcha|Psyshock|p2a: Chansey
|-damage|p2a: Chansey|53/100
|
|upkeep
|turn|203
|
|t:|1598774209
|switch|p1a: Fabiole|Clefable, F|57/100 tox
|move|p2a: Chansey|Toxic|p1a: Fabiole
|-fail|p1a: Fabiole|tox
|
|-heal|p1a: Fabiole|63/100 tox|[from] item: Leftovers
|upkeep
|turn|204
|
|t:|1598774211
|move|p1a: Fabiole|Wish|p1a: Fabiole
|move|p2a: Chansey|Soft-Boiled|p2a: Chansey
|-heal|p2a: Chansey|100/100
|
|-heal|p1a: Fabiole|69/100 tox|[from] item: Leftovers
|upkeep
|turn|205
|
|t:|1598774217
|switch|p2a: Toxapex|Toxapex, M|100/100 tox
|move|p1a: Fabiole|Teleport|p1a: Fabiole
|
|t:|1598774219
|switch|p1a: Crow Of Judgement|Corviknight, M|47/100 brn|[from]move: Teleport
|-damage|p1a: Crow Of Judgement|34/100 brn|[from] Stealth Rock
|-ability|p1a: Crow Of Judgement|Pressure
|
|-heal|p1a: Crow Of Judgement|84/100 brn|[from] move: Wish|[wisher] Fabiole
|-damage|p1a: Crow Of Judgement|78/100 brn|[from] brn
|-damage|p2a: Toxapex|94/100 tox|[from] psn
|upkeep
|turn|206
|
|t:|1598774225
|move|p1a: Crow Of Judgement|Defog|p2a: Toxapex
|-unboost|p2a: Toxapex|evasion|1
|-sideend|p1: The Last Hero|Stealth Rock|[from] move: Defog|[of] p1a: Crow Of Judgement
|move|p2a: Toxapex|Spite|p1a: Crow Of Judgement
|-activate|p1a: Crow Of Judgement|move: Spite|Defog|4
|
|-damage|p1a: Crow Of Judgement|72/100 brn|[from] brn
|-damage|p2a: Toxapex|82/100 tox|[from] psn
|upkeep
|turn|207
|j| Kentari
|
|t:|1598774230
|switch|p1a: Cabezaconcha|Slowking, M|100/100
|switch|p2a: Chansey|Chansey, F|100/100
|
|upkeep
|turn|208
|
|t:|1598774233
|switch|p1a: Fabiole|Clefable, F|69/100 tox
|move|p2a: Chansey|Stealth Rock|p1a: Fabiole
|-sidestart|p1: The Last Hero|move: Stealth Rock
|
|-heal|p1a: Fabiole|75/100 tox|[from] item: Leftovers
|upkeep
|turn|209
|l| skyexperimenter
|
|t:|1598774258
|switch|p2a: Volcarona|Volcarona, F|30/100 par
|move|p1a: Fabiole|Moonblast|p2a: Volcarona
|-resisted|p2a: Volcarona
|-damage|p2a: Volcarona|12/100 par
|-unboost|p2a: Volcarona|spa|1
|
|-heal|p1a: Fabiole|81/100 tox|[from] item: Leftovers
|upkeep
|turn|210
|
|t:|1598774264
|move|p2a: Volcarona|Roost|p2a: Volcarona
|-heal|p2a: Volcarona|63/100 par
|-singleturn|p2a: Volcarona|move: Roost
|move|p1a: Fabiole|Moonblast|p2a: Volcarona
|-resisted|p2a: Volcarona
|-damage|p2a: Volcarona|47/100 par
|
|-heal|p1a: Fabiole|88/100 tox|[from] item: Leftovers
|upkeep
|turn|211
|
|t:|1598774268
|move|p2a: Volcarona|Roost|p2a: Volcarona
|-heal|p2a: Volcarona|97/100 par
|-singleturn|p2a: Volcarona|move: Roost
|move|p1a: Fabiole|Wish|p1a: Fabiole
|
|-heal|p1a: Fabiole|94/100 tox|[from] item: Leftovers
|upkeep
|turn|212
|
|t:|1598774272
|switch|p2a: Toxapex|Toxapex, M|100/100 tox
|switch|p1a: Spyro|Dragapult, M|73/100 tox
|-damage|p1a: Spyro|60/100 tox|[from] Stealth Rock
|
|-heal|p1a: Spyro|100/100 tox|[from] move: Wish|[wisher] Fabiole
|-damage|p1a: Spyro|95/100 tox|[from] psn
|-damage|p2a: Toxapex|94/100 tox|[from] psn
|upkeep
|turn|213
|
|t:|1598774274
|switch|p1a: Cabezaconcha|Slowking, M|100/100
|-damage|p1a: Cabezaconcha|88/100|[from] Stealth Rock
|move|p2a: Toxapex|Knock Off|p1a: Cabezaconcha
|-supereffective|p1a: Cabezaconcha
|-damage|p1a: Cabezaconcha|72/100
|
|-damage|p2a: Toxapex|82/100 tox|[from] psn
|upkeep
|turn|214
|
|t:|1598774279
|move|p1a: Cabezaconcha|Scald|p2a: Toxapex
|-resisted|p2a: Toxapex
|-damage|p2a: Toxapex|70/100 tox
|move|p2a: Toxapex|Spite|p1a: Cabezaconcha
|-activate|p1a: Cabezaconcha|move: Spite|Scald|4
|
|-damage|p2a: Toxapex|51/100 tox|[from] psn
|upkeep
|turn|215
|
|t:|1598774284
|switch|p2a: Chansey|Chansey, F|100/100
|move|p1a: Cabezaconcha|Calm Mind|p1a: Cabezaconcha
|-boost|p1a: Cabezaconcha|spa|1
|-boost|p1a: Cabezaconcha|spd|1
|
|upkeep
|turn|216
|
|t:|1598774286
|move|p2a: Chansey|Seismic Toss|p1a: Cabezaconcha
|-damage|p1a: Cabezaconcha|47/100
|move|p1a: Cabezaconcha|Scald|p2a: Chansey
|-damage|p2a: Chansey|89/100
|-status|p2a: Chansey|brn
|
|-damage|p2a: Chansey|83/100 brn|[from] brn
|upkeep
|turn|217
|
|t:|1598774290
|-curestatus|p2a: Chansey|brn|[from] ability: Natural Cure
|switch|p2a: Toxapex|Toxapex, M|84/100 tox
|move|p1a: Cabezaconcha|Slack Off|p1a: Cabezaconcha
|-heal|p1a: Cabezaconcha|97/100
|
|-damage|p2a: Toxapex|78/100 tox|[from] psn
|upkeep
|turn|218
|
|t:|1598774293
|move|p1a: Cabezaconcha|Psyshock|p2a: Toxapex
|-supereffective|p2a: Toxapex
|-damage|p2a: Toxapex|26/100 tox
|move|p2a: Toxapex|Spite|p1a: Cabezaconcha
|-activate|p1a: Cabezaconcha|move: Spite|Psyshock|4
|
|-damage|p2a: Toxapex|14/100 tox|[from] psn
|upkeep
|turn|219
|
|t:|1598774297
|switch|p2a: Chansey|Chansey, F|83/100
|move|p1a: Cabezaconcha|Scald|p2a: Chansey
|-damage|p2a: Chansey|69/100
|
|upkeep
|turn|220
|
|t:|1598774302
|move|p2a: Chansey|Toxic|p1a: Cabezaconcha|[miss]
|-miss|p2a: Chansey|p1a: Cabezaconcha
|move|p1a: Cabezaconcha|Scald|p2a: Chansey
|-damage|p2a: Chansey|56/100
|
|upkeep
|turn|221
|
|t:|1598774305
|switch|p1a: Spyro|Dragapult, M|95/100 tox
|-damage|p1a: Spyro|82/100 tox|[from] Stealth Rock
|move|p2a: Chansey|Toxic|p1a: Spyro|[miss]
|-miss|p2a: Chansey|p1a: Spyro
|
|-heal|p1a: Spyro|88/100 tox|[from] item: Leftovers
|-damage|p1a: Spyro|82/100 tox|[from] psn
|upkeep
|turn|222
|
|t:|1598774311
|switch|p2a: Mandibuzz|Mandibuzz, F|94/100 brn
|move|p1a: Spyro|Thunder Wave||[still]
|-fail|p1a: Spyro
|
|-heal|p1a: Spyro|88/100 tox|[from] item: Leftovers
|-damage|p1a: Spyro|76/100 tox|[from] psn
|-damage|p2a: Mandibuzz|88/100 brn|[from] brn
|upkeep
|turn|223
|
|t:|1598774324
|move|p1a: Spyro|Hex|p2a: Mandibuzz
|-resisted|p2a: Mandibuzz
|-damage|p2a: Mandibuzz|63/100 brn
|move|p2a: Mandibuzz|Knock Off|p1a: Spyro
|-supereffective|p1a: Spyro
|-damage|p1a: Spyro|42/100 tox
|-enditem|p1a: Spyro|Leftovers|[from] move: Knock Off|[of] p2a: Mandibuzz
|
|-damage|p1a: Spyro|24/100 tox|[from] psn
|-damage|p2a: Mandibuzz|57/100 brn|[from] brn
|upkeep
|turn|224
|j| boqupod
|-message|The Last Hero forfeited.
|
|win|lt74pf din
|l|☆The Last Hero
|raw|The Last Hero's rating: 1769 &rarr; <strong>1750</strong><br />(-19 for losing)
|raw|lt74pf din's rating: 1777 &rarr; <strong>1796</strong><br />(+19 for winning)
