|j|☆Folabi69
|j|‽brettfavreinnocent
|t:|1667793254
|gametype|singles
|player|p1|Folabi69|lucas|1803
|player|p2|brettfavreinnocent|harlequin|1816
|teamsize|p1|6
|teamsize|p2|6
|gen|8
|tier|[Gen 8] OU
|rated|
|rule|Sleep Clause Mod: Limit one foe put to sleep
|rule|Species Clause: Limit one of each Pokémon
|rule|OHKO Clause: OHKO moves are banned
|rule|Evasion Items Clause: Evasion items are banned
|rule|Evasion Moves Clause: Evasion moves are banned
|rule|Endless Battle Clause: Forcing endless battles is banned
|rule|HP Percentage Mod: HP is shown in percentages
|rule|Dynamax Clause: You cannot dynamax
|clearpoke
|poke|p1|Corviknight, M|
|poke|p1|Tornadus-Therian, M|
|poke|p1|Garchomp, M|
|poke|p1|Chansey, F|
|poke|p1|Toxapex, M|
|poke|p1|Tapu Lele|
|poke|p2|Pelipper, F|
|poke|p2|Buzzwole|
|poke|p2|Inteleon, M|
|poke|p2|Ferrothorn, M|
|poke|p2|Barraskewda, M|
|poke|p2|Seismitoad, M|
|teampreview
|inactive|Battle timer is ON: inactive players will automatically lose when time's up. (requested by brettfavreinnocent)
|
|t:|1667793275
|start
|switch|p1a: Tapu Lele|Tapu Lele|100/100
|switch|p2a: Ferrothorn|Ferrothorn, M|100/100
|-fieldstart|move: Psychic Terrain|[from] ability: Psychic Surge|[of] p1a: Tapu Lele
|turn|1
|
|t:|1667793279
|move|p1a: Tapu Lele|Focus Blast|p2a: Ferrothorn|[miss]
|-miss|p1a: Tapu Lele|p2a: Ferrothorn
|move|p2a: Ferrothorn|Gyro Ball|p1a: Tapu Lele
|-supereffective|p1a: Tapu Lele
|-crit|p1a: Tapu Lele
|-damage|p1a: Tapu Lele|0 fnt
|faint|p1a: Tapu Lele
|
|upkeep
|j| BabyPigsAreLaughin
|
|t:|1667793284
|switch|p1a: Tornadus|Tornadus-Therian, M|100/100
|turn|2
|
|t:|1667793286
|move|p1a: Tornadus|Nasty Plot|p1a: Tornadus
|-boost|p1a: Tornadus|spa|2
|move|p2a: Ferrothorn|Knock Off|p1a: Tornadus
|-damage|p1a: Tornadus|79/100
|-enditem|p1a: Tornadus|Heavy-Duty Boots|[from] move: Knock Off|[of] p2a: Ferrothorn
|
|upkeep
|turn|3
|
|t:|1667793298
|switch|p2a: Barraskewda|Barraskewda, M, shiny|100/100
|move|p1a: Tornadus|Heat Wave|p2a: Barraskewda|[miss]
|-miss|p1a: Tornadus|p2a: Barraskewda
|
|upkeep
|turn|4
|
|t:|1667793305
|switch|p1a: Toxapex|Toxapex, M|100/100
|move|p2a: Barraskewda|Liquidation|p1a: Toxapex
|-resisted|p1a: Toxapex
|-damage|p1a: Toxapex|79/100
|-damage|p2a: Barraskewda|84/100|[from] item: Rocky Helmet|[of] p1a: Toxapex
|
|upkeep
|turn|5
|
|t:|1667793309
|switch|p2a: Ferrothorn|Ferrothorn, M|100/100
|switch|p1a: Tornadus|Tornadus-Therian, M|100/100
|
|-fieldend|move: Psychic Terrain
|upkeep
|turn|6
|
|t:|1667793314
|move|p1a: Tornadus|Nasty Plot|p1a: Tornadus
|-boost|p1a: Tornadus|spa|2
|move|p2a: Ferrothorn|Stealth Rock|p1a: Tornadus
|-sidestart|p1: Folabi69|move: Stealth Rock
|
|upkeep
|turn|7
|j| ecall
|
|t:|1667793319
|move|p1a: Tornadus|Focus Blast|p2a: Ferrothorn
|-supereffective|p2a: Ferrothorn
|-damage|p2a: Ferrothorn|21/100
|move|p2a: Ferrothorn|Gyro Ball|p1a: Tornadus
|-crit|p1a: Tornadus
|-damage|p1a: Tornadus|27/100
|
|-heal|p2a: Ferrothorn|27/100|[from] item: Leftovers
|upkeep
|turn|8
|
|t:|1667793323
|move|p1a: Tornadus|Heat Wave|p2a: Ferrothorn
|-supereffective|p2a: Ferrothorn
|-damage|p2a: Ferrothorn|0 fnt
|faint|p2a: Ferrothorn
|
|upkeep
|
|t:|1667793324
|switch|p2a: Barraskewda|Barraskewda, M, shiny|84/100
|turn|9
|
|t:|1667793328
|switch|p1a: Toxapex|Toxapex, M|100/100
|-damage|p1a: Toxapex|88/100|[from] Stealth Rock
|move|p2a: Barraskewda|Flip Turn|p1a: Toxapex
|-resisted|p1a: Toxapex
|-damage|p1a: Toxapex|72/100
|-damage|p2a: Barraskewda|68/100|[from] item: Rocky Helmet|[of] p1a: Toxapex
|
|t:|1667793331
|switch|p2a: Pelipper|Pelipper, F|100/100|[from]move: Flip Turn
|-weather|RainDance|[from] ability: Drizzle|[of] p2a: Pelipper
|
|-weather|RainDance|[upkeep]
|upkeep
|turn|10
|
|t:|1667793337
|move|p2a: Pelipper|Scald|p1a: Toxapex
|-resisted|p1a: Toxapex
|-damage|p1a: Toxapex|56/100
|move|p1a: Toxapex|Knock Off|p2a: Pelipper
|-damage|p2a: Pelipper|87/100
|-enditem|p2a: Pelipper|Damp Rock|[from] move: Knock Off|[of] p1a: Toxapex
|
|-weather|RainDance|[upkeep]
|upkeep
|turn|11
|
|t:|1667793341
|move|p2a: Pelipper|Scald|p1a: Toxapex
|-resisted|p1a: Toxapex
|-crit|p1a: Toxapex
|-damage|p1a: Toxapex|33/100
|move|p1a: Toxapex|Recover|p1a: Toxapex
|-heal|p1a: Toxapex|83/100
|
|-weather|RainDance|[upkeep]
|upkeep
|turn|12
|
|t:|1667793345
|move|p2a: Pelipper|Scald|p1a: Toxapex
|-resisted|p1a: Toxapex
|-damage|p1a: Toxapex|66/100
|move|p1a: Toxapex|Poison Jab|p2a: Pelipper
|-damage|p2a: Pelipper|74/100
|
|-weather|RainDance|[upkeep]
|upkeep
|turn|13
|j| zgiata 创世神
|
|t:|1667793349
|move|p2a: Pelipper|Scald|p1a: Toxapex
|-resisted|p1a: Toxapex
|-damage|p1a: Toxapex|51/100
|move|p1a: Toxapex|Recover|p1a: Toxapex
|-heal|p1a: Toxapex|100/100
|
|-weather|RainDance|[upkeep]
|upkeep
|turn|14
|
|t:|1667793352
|switch|p1a: Chansey|Chansey, F, shiny|100/100
|-damage|p1a: Chansey|88/100|[from] Stealth Rock
|move|p2a: Pelipper|Scald|p1a: Chansey
|-damage|p1a: Chansey|76/100
|
|-weather|RainDance|[upkeep]
|upkeep
|turn|15
|
|t:|1667793359
|move|p2a: Pelipper|U-turn|p1a: Chansey
|-damage|p1a: Chansey|70/100
|
|t:|1667793360
|switch|p2a: Buzzwole|Buzzwole, shiny|100/100|[from]move: U-turn
|move|p1a: Chansey|Thunder Wave|p2a: Buzzwole
|-status|p2a: Buzzwole|par
|
|-weather|RainDance|[upkeep]
|upkeep
|turn|16
|
|t:|1667793365
|switch|p1a: Corviknight|Corviknight, M|100/100
|-damage|p1a: Corviknight|88/100|[from] Stealth Rock
|-ability|p1a: Corviknight|Pressure
|move|p2a: Buzzwole|Earthquake|p1a: Corviknight
|-immune|p1a: Corviknight
|
|-weather|none
|-heal|p1a: Corviknight|94/100|[from] item: Leftovers
|upkeep
|turn|17
|
|t:|1667793369
|switch|p2a: Pelipper|Pelipper, F|74/100
|-weather|RainDance|[from] ability: Drizzle|[of] p2a: Pelipper
|move|p1a: Corviknight|Defog|p2a: Pelipper
|-unboost|p2a: Pelipper|evasion|1
|-sideend|p1: Folabi69|Stealth Rock|[from] move: Defog|[of] p1a: Corviknight
|
|-weather|RainDance|[upkeep]
|-heal|p1a: Corviknight|100/100|[from] item: Leftovers
|upkeep
|turn|18
|
|t:|1667793372
|switch|p1a: Chansey|Chansey, F, shiny|70/100
|move|p2a: Pelipper|U-turn|p1a: Chansey
|-damage|p1a: Chansey|65/100
|
|t:|1667793376
|switch|p2a: Barraskewda|Barraskewda, M, shiny|68/100|[from]move: U-turn
|
|-weather|RainDance|[upkeep]
|upkeep
|turn|19
|
|t:|1667793379
|switch|p1a: Toxapex|Toxapex, M|100/100
|move|p2a: Barraskewda|Flip Turn|p1a: Toxapex
|-resisted|p1a: Toxapex
|-damage|p1a: Toxapex|76/100
|-damage|p2a: Barraskewda|51/100|[from] item: Rocky Helmet|[of] p1a: Toxapex
|
|t:|1667793380
|switch|p2a: Seismitoad|Seismitoad, M, shiny|100/100|[from]move: Flip Turn
|
|-weather|RainDance|[upkeep]
|upkeep
|turn|20
|
|t:|1667793389
|switch|p1a: Chansey|Chansey, F, shiny|65/100
|move|p2a: Seismitoad|Earth Power|p1a: Chansey
|-damage|p1a: Chansey|49/100
|-damage|p2a: Seismitoad|91/100|[from] item: Life Orb
|
|-weather|RainDance|[upkeep]
|upkeep
|turn|21
|
|t:|1667793393
|-singleturn|p2a: Seismitoad|move: Focus Punch
|move|p1a: Chansey|Soft-Boiled|p1a: Chansey
|-heal|p1a: Chansey|99/100
|move|p2a: Seismitoad|Focus Punch|p1a: Chansey
|-supereffective|p1a: Chansey
|-damage|p1a: Chansey|45/100
|-damage|p2a: Seismitoad|81/100|[from] item: Life Orb
|
|-weather|none
|upkeep
|turn|22
|
|t:|1667793411
|switch|p2a: Buzzwole|Buzzwole, shiny|100/100 par
|move|p1a: Chansey|Soft-Boiled|p1a: Chansey
|-heal|p1a: Chansey|95/100
|
|upkeep
|turn|23
|
|t:|1667793414
|switch|p1a: Tornadus|Tornadus-Therian, M|60/100
|switch|p2a: Pelipper|Pelipper, F|74/100
|-weather|RainDance|[from] ability: Drizzle|[of] p2a: Pelipper
|
|-weather|RainDance|[upkeep]
|upkeep
|turn|24
|
|t:|1667793419
|move|p1a: Tornadus|Hurricane|p2a: Pelipper
|-damage|p2a: Pelipper|17/100
|-start|p2a: Pelipper|confusion
|-activate|p2a: Pelipper|confusion
|move|p2a: Pelipper|U-turn|p1a: Tornadus
|-resisted|p1a: Tornadus
|-damage|p1a: Tornadus|56/100
|
|t:|1667793422
|switch|p2a: Inteleon|Inteleon, M|100/100|[from]move: U-turn
|
|-weather|RainDance|[upkeep]
|upkeep
|turn|25
|
|t:|1667793426
|switch|p1a: Garchomp|Garchomp, M|100/100
|move|p2a: Inteleon|Focus Energy|p2a: Inteleon
|-start|p2a: Inteleon|move: Focus Energy
|
|-weather|RainDance|[upkeep]
|upkeep
|turn|26
|
|t:|1667793430
|move|p1a: Garchomp|Outrage|p2a: Inteleon
|-damage|p2a: Inteleon|1/100
|move|p2a: Inteleon|Snipe Shot|p1a: Garchomp
|-crit|p1a: Garchomp
|-damage|p1a: Garchomp|0 fnt
|faint|p1a: Garchomp
|
|-weather|RainDance|[upkeep]
|upkeep
|
|t:|1667793437
|switch|p1a: Chansey|Chansey, F, shiny|95/100
|turn|27
|
|t:|1667793441
|move|p2a: Inteleon|Hydro Cannon|p1a: Chansey
|-crit|p1a: Chansey
|-damage|p1a: Chansey|16/100
|-mustrecharge|p2a: Inteleon
|move|p1a: Chansey|Seismic Toss|p2a: Inteleon
|-damage|p2a: Inteleon|0 fnt
|faint|p2a: Inteleon
|
|-weather|none
|upkeep
|inactive|brettfavreinnocent has 120 seconds left.
|
|t:|1667793477
|switch|p2a: Buzzwole|Buzzwole, shiny|100/100 par
|turn|28
|
|t:|1667793483
|move|p1a: Chansey|Soft-Boiled|p1a: Chansey
|-heal|p1a: Chansey|66/100
|move|p2a: Buzzwole|Close Combat|p1a: Chansey
|-supereffective|p1a: Chansey
|-crit|p1a: Chansey
|-damage|p1a: Chansey|0 fnt
|-unboost|p2a: Buzzwole|def|1
|-unboost|p2a: Buzzwole|spd|1
|faint|p1a: Chansey
|-ability|p2a: Buzzwole|Beast Boost|boost
|-boost|p2a: Buzzwole|atk|1
|
|upkeep
|
|t:|1667793486
|switch|p1a: Tornadus|Tornadus-Therian, M|89/100
|turn|29
|
|t:|1667793490
|move|p1a: Tornadus|Hurricane|p2a: Buzzwole
|-supereffective|p2a: Buzzwole
|-damage|p2a: Buzzwole|0 fnt
|faint|p2a: Buzzwole
|
|upkeep
|
|t:|1667793497
|switch|p2a: Barraskewda|Barraskewda, M, shiny|51/100
|turn|30
|j| Tsukimizaka Kiriha
|
|t:|1667793500
|switch|p1a: Toxapex|Toxapex, M|100/100
|move|p2a: Barraskewda|Flip Turn|p1a: Toxapex
|-resisted|p1a: Toxapex
|-damage|p1a: Toxapex|87/100
|-damage|p2a: Barraskewda|35/100|[from] item: Rocky Helmet|[of] p1a: Toxapex
|
|t:|1667793502
|switch|p2a: Pelipper|Pelipper, F|17/100|[from]move: Flip Turn
|-weather|RainDance|[from] ability: Drizzle|[of] p2a: Pelipper
|
|-weather|RainDance|[upkeep]
|upkeep
|turn|31
|j| BTLT007Brandonlee1
|
|t:|1667793514
|switch|p1a: Tornadus|Tornadus-Therian, M|100/100
|move|p2a: Pelipper|Roost|p2a: Pelipper
|-heal|p2a: Pelipper|67/100
|-singleturn|p2a: Pelipper|move: Roost
|
|-weather|RainDance|[upkeep]
|upkeep
|turn|32
|j| Cyberacc
|
|t:|1667793535
|move|p1a: Tornadus|Hurricane|p2a: Pelipper
|-damage|p2a: Pelipper|14/100
|-start|p2a: Pelipper|confusion
|-activate|p2a: Pelipper|confusion
|move|p2a: Pelipper|U-turn|p1a: Tornadus
|-resisted|p1a: Tornadus
|-damage|p1a: Tornadus|96/100
|
|t:|1667793541
|switch|p2a: Seismitoad|Seismitoad, M, shiny|81/100|[from]move: U-turn
|
|-weather|RainDance|[upkeep]
|upkeep
|turn|33
|
|t:|1667793546
|switch|p1a: Toxapex|Toxapex, M|100/100
|move|p2a: Seismitoad|Weather Ball|p1a: Toxapex
|-resisted|p1a: Toxapex
|-damage|p1a: Toxapex|65/100
|-damage|p2a: Seismitoad|71/100|[from] item: Life Orb
|
|-weather|RainDance|[upkeep]
|upkeep
|turn|34
|
|t:|1667793549
|switch|p1a: Corviknight|Corviknight, M|100/100
|-ability|p1a: Corviknight|Pressure
|move|p2a: Seismitoad|Weather Ball|p1a: Corviknight
|-damage|p1a: Corviknight|29/100
|-damage|p2a: Seismitoad|61/100|[from] item: Life Orb
|
|-weather|none
|-heal|p1a: Corviknight|35/100|[from] item: Leftovers
|upkeep
|turn|35
|
|t:|1667793554
|-singleturn|p2a: Seismitoad|move: Focus Punch
|move|p1a: Corviknight|Brave Bird|p2a: Seismitoad
|-damage|p2a: Seismitoad|8/100
|-damage|p1a: Corviknight|20/100|[from] Recoil
|cant|p2a: Seismitoad|Focus Punch|Focus Punch
|
|-heal|p1a: Corviknight|26/100|[from] item: Leftovers
|upkeep
|turn|36
|
|t:|1667793565
|switch|p2a: Pelipper|Pelipper, F|14/100
|-weather|RainDance|[from] ability: Drizzle|[of] p2a: Pelipper
|move|p1a: Corviknight|Roost|p1a: Corviknight
|-heal|p1a: Corviknight|76/100
|-singleturn|p1a: Corviknight|move: Roost
|
|-weather|RainDance|[upkeep]
|-heal|p1a: Corviknight|83/100|[from] item: Leftovers
|upkeep
|turn|37
|
|t:|1667793571
|move|p2a: Pelipper|Roost|p2a: Pelipper
|-heal|p2a: Pelipper|65/100
|-singleturn|p2a: Pelipper|move: Roost
|move|p1a: Corviknight|U-turn|p2a: Pelipper
|-crit|p2a: Pelipper
|-damage|p2a: Pelipper|49/100
|
|t:|1667793573
|switch|p1a: Tornadus|Tornadus-Therian, M|100/100|[from]move: U-turn
|
|-weather|RainDance|[upkeep]
|upkeep
|turn|38
|
|t:|1667793574
|move|p1a: Tornadus|Hurricane|p2a: Pelipper
|-damage|p2a: Pelipper|0 fnt
|faint|p2a: Pelipper
|
|-weather|RainDance|[upkeep]
|upkeep
|-message|brettfavreinnocent forfeited.
|
|win|Folabi69
|raw|Folabi69's rating: 1803 &rarr; <strong>1824</strong><br />(+21 for winning)
|raw|brettfavreinnocent's rating: 1816 &rarr; <strong>1795</strong><br />(-21 for losing)
|l|‽brettfavreinnocent
|l|☆Folabi69
|l| ecall
|l| BabyPigsAreLaughin
||Ladder isn't responding, score probably updated but might not have (Request timeout).
