|j|☆PedroGreg
|j|☆Loege
|inactive|Battle timer is ON: inactive players will automatically lose when time's up.
|t:|1665600427
|gametype|singles
|player|p1|PedroGreg|#wcop2022brazil|
|player|p2|Loege|dawn|
|teamsize|p1|6
|teamsize|p2|6
|gen|8
|tier|[Gen 8] OU
|rated|Tournament battle
|rule|Sleep Clause Mod: Limit one foe put to sleep
|rule|Species Clause: Limit one of each Pokémon
|rule|OHKO Clause: OHKO moves are banned
|rule|Evasion Items Clause: Evasion items are banned
|rule|Evasion Moves Clause: Evasion moves are banned
|rule|Endless Battle Clause: Forcing endless battles is banned
|rule|HP Percentage Mod: HP is shown in percentages
|rule|Dynamax Clause: You cannot dynamax
|clearpoke
|poke|p1|Pelipper, F|
|poke|p1|Urshifu-*, F|
|poke|p1|Kingdra, F|
|poke|p1|Zapdos|
|poke|p1|Magnezone|
|poke|p1|Ferrothorn, M|
|poke|p2|Tapu Koko|
|poke|p2|Gastrodon, M|
|poke|p2|Scizor, M|
|poke|p2|Dragonite, F|
|poke|p2|Skarmory, M|
|poke|p2|Clefable, M|
|teampreview
|c|☆PedroGreg|hf
|j| Nebby1°
|j| Fuyuw
|j| Seiaadcria
|c|☆PedroGreg|ct
|c|☆Loege|a partida nossa de cada dia
|c| Nebby1°|grande skarmory
|l| Seiaadcria
|inactive|Loege has 120 seconds left.
|c|☆PedroGreg|loege
|c|☆Loege|oi
|c|☆PedroGreg|pelo amor de Deus
|c|☆Loege|ah cara
|c|☆PedroGreg|vc tem dnite e gastro vs rain
|c|☆Loege|para de falar isso
|c|☆PedroGreg|impossivel perder
|c|☆Loege|eu sempre fico nervoso qdo vc fala isso
|c|☆Loege|vou te mostrar um print
|inactive|Loege has 90 seconds left.
|c|☆Loege|https://prnt.sc/AzdhpGcveSO9 PedroGreg
|c|☆PedroGreg|kkkk
|inactive|Loege has 60 seconds left.
|
|t:|1665600518
|start
|switch|p1a: Pelipper|Pelipper, F|100/100
|switch|p2a: Tapu Koko|Tapu Koko|100/100
|-fieldstart|move: Electric Terrain|[from] ability: Electric Surge|[of] p2a: Tapu Koko
|-weather|RainDance|[from] ability: Drizzle|[of] p1a: Pelipper
|turn|1
|
|t:|1665600525
|switch|p1a: Ferrothorn|Ferrothorn, M|100/100
|move|p2a: Tapu Koko|Volt Switch|p1a: Ferrothorn
|-resisted|p1a: Ferrothorn
|-damage|p1a: Ferrothorn|89/100
|
|t:|1665600534
|switch|p2a: Scizor|Scizor, M|100/100|[from]move: Volt Switch
|
|-weather|RainDance|[upkeep]
|-heal|p1a: Ferrothorn|95/100|[from] item: Leftovers
|upkeep
|turn|2
|
|t:|1665600547
|move|p2a: Scizor|Swords Dance|p2a: Scizor
|-boost|p2a: Scizor|atk|2
|move|p1a: Ferrothorn|Stealth Rock|p2a: Scizor
|-sidestart|p2: Loege|move: Stealth Rock
|
|-weather|RainDance|[upkeep]
|-heal|p1a: Ferrothorn|100/100|[from] item: Leftovers
|upkeep
|turn|3
|
|t:|1665600551
|switch|p1a: Zapdos|Zapdos|100/100
|move|p2a: Scizor|Knock Off|p1a: Zapdos
|-damage|p1a: Zapdos|37/100
|-enditem|p1a: Zapdos|Heavy-Duty Boots|[from] move: Knock Off|[of] p2a: Scizor
|
|-weather|RainDance|[upkeep]
|upkeep
|turn|4
|
|t:|1665600573
|move|p2a: Scizor|Bullet Punch|p1a: Zapdos
|-resisted|p1a: Zapdos
|-damage|p1a: Zapdos|7/100
|move|p1a: Zapdos|Roost|p1a: Zapdos
|-heal|p1a: Zapdos|57/100
|-singleturn|p1a: Zapdos|move: Roost
|
|-weather|RainDance|[upkeep]
|upkeep
|turn|5
|
|t:|1665600581
|switch|p2a: Gastrodon|Gastrodon, M|100/100
|move|p1a: Zapdos|Hurricane|p2a: Gastrodon
|-damage|p2a: Gastrodon|58/100
|
|-weather|RainDance|[upkeep]
|-fieldend|move: Electric Terrain
|upkeep
|turn|6
|c|☆Loege|trollando
|c|☆Loege|mas fds esse gastro
|c|☆Loege|por incrível que pareça não é útil
|inactive|Loege has 120 seconds left.
|
|t:|1665600612
|move|p1a: Zapdos|Hurricane|p2a: Gastrodon
|-damage|p2a: Gastrodon|14/100
|move|p2a: Gastrodon|Recover|p2a: Gastrodon
|-heal|p2a: Gastrodon|64/100
|
|-weather|RainDance|[upkeep]
|upkeep
|turn|7
|
|t:|1665600621
|switch|p2a: Tapu Koko|Tapu Koko|100/100
|-fieldstart|move: Electric Terrain|[from] ability: Electric Surge|[of] p2a: Tapu Koko
|move|p1a: Zapdos|Hurricane|p2a: Tapu Koko
|-resisted|p2a: Tapu Koko
|-damage|p2a: Tapu Koko|54/100
|
|-weather|RainDance|[upkeep]
|upkeep
|turn|8
|
|t:|1665600634
|switch|p1a: Ferrothorn|Ferrothorn, M|100/100
|move|p2a: Tapu Koko|Volt Switch|p1a: Ferrothorn
|-resisted|p1a: Ferrothorn
|-damage|p1a: Ferrothorn|89/100
|
|t:|1665600643
|switch|p2a: Clefable|Clefable, M|100/100|[from]move: Volt Switch
|
|-weather|none
|-heal|p1a: Ferrothorn|95/100|[from] item: Leftovers
|upkeep
|turn|9
|
|t:|1665600652
|move|p2a: Clefable|Stealth Rock|p1a: Ferrothorn
|-sidestart|p1: PedroGreg|move: Stealth Rock
|move|p1a: Ferrothorn|Spikes|p2a: Clefable
|-sidestart|p2: Loege|Spikes
|
|-heal|p1a: Ferrothorn|100/100|[from] item: Leftovers
|upkeep
|turn|10
|j| JeanGPxp
|inactive|Loege has 120 seconds left.
|
|t:|1665600698
|move|p2a: Clefable|Moonblast|p1a: Ferrothorn
|-resisted|p1a: Ferrothorn
|-damage|p1a: Ferrothorn|90/100
|move|p1a: Ferrothorn|Spikes|p2a: Clefable
|-sidestart|p2: Loege|Spikes
|
|-heal|p1a: Ferrothorn|97/100|[from] item: Leftovers
|upkeep
|turn|11
|
|t:|1665600702
|move|p2a: Clefable|Moonblast|p1a: Ferrothorn
|-resisted|p1a: Ferrothorn
|-damage|p1a: Ferrothorn|86/100
|move|p1a: Ferrothorn|Knock Off|p2a: Clefable
|-resisted|p2a: Clefable
|-crit|p2a: Clefable
|-damage|p2a: Clefable|87/100
|-damage|p1a: Ferrothorn|70/100|[from] item: Rocky Helmet|[of] p2a: Clefable
|-enditem|p2a: Clefable|Rocky Helmet|[from] move: Knock Off|[of] p1a: Ferrothorn
|
|-heal|p1a: Ferrothorn|76/100|[from] item: Leftovers
|-fieldend|move: Electric Terrain
|upkeep
|turn|12
|inactive|Loege has 120 seconds left.
|
|t:|1665600712
|move|p2a: Clefable|Moonblast|p1a: Ferrothorn
|-resisted|p1a: Ferrothorn
|-damage|p1a: Ferrothorn|65/100
|move|p1a: Ferrothorn|Iron Head|p2a: Clefable
|-supereffective|p2a: Clefable
|-damage|p2a: Clefable|39/100
|
|-heal|p1a: Ferrothorn|71/100|[from] item: Leftovers
|upkeep
|turn|13
|
|t:|1665600716
|move|p2a: Clefable|Soft-Boiled|p2a: Clefable
|-heal|p2a: Clefable|89/100
|move|p1a: Ferrothorn|Iron Head|p2a: Clefable
|-supereffective|p2a: Clefable
|-damage|p2a: Clefable|41/100
|
|-heal|p1a: Ferrothorn|77/100|[from] item: Leftovers
|upkeep
|turn|14
|
|t:|1665600724
|move|p2a: Clefable|Soft-Boiled|p2a: Clefable
|-heal|p2a: Clefable|91/100
|move|p1a: Ferrothorn|Iron Head|p2a: Clefable
|-supereffective|p2a: Clefable
|-damage|p2a: Clefable|43/100
|
|-heal|p1a: Ferrothorn|84/100|[from] item: Leftovers
|upkeep
|turn|15
|
|t:|1665600727
|switch|p2a: Gastrodon|Gastrodon, M|64/100
|move|p1a: Ferrothorn|Iron Head|p2a: Gastrodon
|-resisted|p2a: Gastrodon
|-damage|p2a: Gastrodon|51/100
|
|-heal|p1a: Ferrothorn|90/100|[from] item: Leftovers
|upkeep
|turn|16
|
|t:|1665600733
|move|p2a: Gastrodon|Recover|p2a: Gastrodon
|-heal|p2a: Gastrodon|100/100
|move|p1a: Ferrothorn|Knock Off|p2a: Gastrodon
|-damage|p2a: Gastrodon|81/100
|-activate|p2a: Gastrodon|ability: Sticky Hold
|
|-heal|p1a: Ferrothorn|96/100|[from] item: Leftovers
|upkeep
|turn|17
|
|t:|1665600740
|move|p2a: Gastrodon|Scald|p1a: Ferrothorn
|-resisted|p1a: Ferrothorn
|-damage|p1a: Ferrothorn|88/100
|move|p1a: Ferrothorn|Spikes|p2a: Gastrodon
|-sidestart|p2: Loege|Spikes
|
|-heal|p1a: Ferrothorn|94/100|[from] item: Leftovers
|upkeep
|turn|18
|
|t:|1665600749
|switch|p1a: Pelipper|Pelipper, F|100/100
|-damage|p1a: Pelipper|76/100|[from] Stealth Rock
|-weather|RainDance|[from] ability: Drizzle|[of] p1a: Pelipper
|move|p2a: Gastrodon|Toxic|p1a: Pelipper
|-status|p1a: Pelipper|tox
|
|-weather|RainDance|[upkeep]
|-damage|p1a: Pelipper|70/100 tox|[from] psn
|upkeep
|turn|19
|j| Fotossintese
|
|t:|1665600759
|move|p1a: Pelipper|U-turn|p2a: Gastrodon
|-damage|p2a: Gastrodon|74/100
|l| Fotossintese
|
|t:|1665600766
|switch|p1a: Urshifu|Urshifu-Rapid-Strike, F|100/100|[from]move: U-turn
|-damage|p1a: Urshifu|94/100|[from] Stealth Rock
|move|p2a: Gastrodon|Toxic|p1a: Urshifu|[miss]
|-miss|p2a: Gastrodon|p1a: Urshifu
|
|-weather|RainDance|[upkeep]
|upkeep
|turn|20
|
|t:|1665600776
|switch|p2a: Skarmory|Skarmory, M|100/100
|-damage|p2a: Skarmory|88/100|[from] Stealth Rock
|move|p1a: Urshifu|U-turn|p2a: Skarmory
|-resisted|p2a: Skarmory
|-damage|p2a: Skarmory|85/100
|
|t:|1665600779
|switch|p1a: Magnezone|Magnezone|100/100|[from]move: U-turn
|-damage|p1a: Magnezone|94/100|[from] Stealth Rock
|
|-weather|RainDance|[upkeep]
|-heal|p1a: Magnezone|100/100|[from] item: Leftovers
|upkeep
|turn|21
|l| JeanGPxp
|
|t:|1665600786
|move|p2a: Skarmory|Body Press|p1a: Magnezone
|-supereffective|p1a: Magnezone
|-damage|p1a: Magnezone|57/100
|move|p1a: Magnezone|Iron Defense|p1a: Magnezone
|-boost|p1a: Magnezone|def|2
|
|-weather|RainDance|[upkeep]
|-heal|p1a: Magnezone|63/100|[from] item: Leftovers
|upkeep
|turn|22
|
|t:|1665600793
|move|p2a: Skarmory|Spikes|p1a: Magnezone
|-sidestart|p1: PedroGreg|Spikes
|move|p1a: Magnezone|Iron Defense|p1a: Magnezone
|-boost|p1a: Magnezone|def|2
|
|-weather|RainDance|[upkeep]
|-heal|p1a: Magnezone|69/100|[from] item: Leftovers
|upkeep
|turn|23
|
|t:|1665600796
|move|p2a: Skarmory|Spikes|p1a: Magnezone
|-sidestart|p1: PedroGreg|Spikes
|move|p1a: Magnezone|Discharge|p2a: Skarmory
|-supereffective|p2a: Skarmory
|-crit|p2a: Skarmory
|-damage|p2a: Skarmory|0 fnt
|faint|p2a: Skarmory
|
|-weather|RainDance|[upkeep]
|-heal|p1a: Magnezone|76/100|[from] item: Leftovers
|upkeep
|
|t:|1665600825
|switch|p2a: Dragonite|Dragonite, F|100/100
|turn|24
|
|t:|1665600828
|move|p2a: Dragonite|Dragon Dance|p2a: Dragonite
|-boost|p2a: Dragonite|atk|1
|-boost|p2a: Dragonite|spe|1
|move|p1a: Magnezone|Discharge|p2a: Dragonite
|-damage|p2a: Dragonite|83/100
|-status|p2a: Dragonite|par
|
|-weather|RainDance|[upkeep]
|-heal|p1a: Magnezone|82/100|[from] item: Leftovers
|upkeep
|turn|25
|
|t:|1665600834
|move|p2a: Dragonite|Dragon Dance|p2a: Dragonite
|-boost|p2a: Dragonite|atk|1
|-boost|p2a: Dragonite|spe|1
|move|p1a: Magnezone|Body Press|p2a: Dragonite
|-resisted|p2a: Dragonite
|-damage|p2a: Dragonite|34/100 par
|
|-weather|none
|-heal|p1a: Magnezone|88/100|[from] item: Leftovers
|upkeep
|turn|26
|
|t:|1665600848
|cant|p2a: Dragonite|par
|move|p1a: Magnezone|Body Press|p2a: Dragonite
|-resisted|p2a: Dragonite
|-damage|p2a: Dragonite|0 fnt
|faint|p2a: Dragonite
|
|-heal|p1a: Magnezone|94/100|[from] item: Leftovers
|upkeep
|c|☆Loege|que situação triste
|-message|Loege forfeited.
|
|win|PedroGreg
|n|☆PedroGreg|pedrogreg
|n|☆Loege|loege
|n| Nebby1°|nebby1
|n| Fuyuw|fuyuw
