|j|☆d18l
|j|☆Ctannn
|t:|1661566216
|gametype|singles
|player|p1|d18l|backpacker|1776
|player|p2|Ctannn|170|1844
|teamsize|p1|6
|teamsize|p2|6
|gen|8
|tier|[Gen 8] OU
|rated|
|rule|Sleep Clause Mod: Limit one foe put to sleep
|rule|Species Clause: Limit one of each Pokémon
|rule|OHKO Clause: OHKO moves are banned
|rule|Evasion Items Clause: Evasion items are banned
|rule|Evasion Moves Clause: Evasion moves are banned
|rule|Endless Battle Clause: Forcing endless battles is banned
|rule|HP Percentage Mod: HP is shown in percentages
|rule|Dynamax Clause: You cannot dynamax
|clearpoke
|poke|p1|Tapu Koko|
|poke|p1|Victini|
|poke|p1|Landorus-Therian, M|
|poke|p1|Tornadus-Therian, M|
|poke|p1|Rotom-Wash|
|poke|p1|Ferrothorn, F|
|poke|p2|Tornadus-Therian, M|
|poke|p2|Garchomp, M|
|poke|p2|Heatran, M|
|poke|p2|Aegislash, M|
|poke|p2|Urshifu-*, F|
|poke|p2|Rillaboom, M|
|teampreview
|l|☆Ctannn
|player|p2|
|j|☆Ctannn
|player|p2|Ctannn|170
|
|t:|1661566241
|start
|switch|p1a: Landorus|Landorus-Therian, M|100/100
|switch|p2a: Tornadus|Tornadus-Therian, M|100/100
|-ability|p1a: Landorus|Intimidate|boost
|-unboost|p2a: Tornadus|atk|1
|turn|1
|
|t:|1661566253
|switch|p1a: Rotom|Rotom-Wash|100/100
|move|p2a: Tornadus|Taunt|p1a: Rotom
|-start|p1a: Rotom|move: Taunt
|
|upkeep
|turn|2
|
|t:|1661566264
|move|p2a: Tornadus|Knock Off|p1a: Rotom
|-damage|p1a: Rotom|89/100
|-damage|p2a: Tornadus|84/100|[from] item: Rocky Helmet|[of] p1a: Rotom
|-enditem|p1a: Rotom|Rocky Helmet|[from] move: Knock Off|[of] p2a: Tornadus
|move|p1a: Rotom|Hydro Pump|p2a: Tornadus|[miss]
|-miss|p1a: Rotom|p2a: Tornadus
|
|upkeep
|turn|3
|
|t:|1661566272
|move|p2a: Tornadus|U-turn|p1a: Rotom
|-damage|p1a: Rotom|80/100
|
|t:|1661566275
|switch|p2a: Heatran|Heatran, M|100/100|[from]move: U-turn
|move|p1a: Rotom|Hydro Pump|p2a: Heatran
|-supereffective|p2a: Heatran
|-damage|p2a: Heatran|45/100
|
|-heal|p2a: Heatran|52/100|[from] item: Leftovers
|-end|p1a: Rotom|move: Taunt
|upkeep
|turn|4
|
|t:|1661566281
|move|p2a: Heatran|Stealth Rock|p1a: Rotom
|-sidestart|p1: d18l|move: Stealth Rock
|move|p1a: Rotom|Hydro Pump|p2a: Heatran
|-supereffective|p2a: Heatran
|-damage|p2a: Heatran|3/100
|
|-heal|p2a: Heatran|9/100|[from] item: Leftovers
|upkeep
|turn|5
|
|t:|1661566286
|move|p1a: Rotom|Volt Switch|p2a: Heatran
|-damage|p2a: Heatran|0 fnt
|faint|p2a: Heatran
|
|t:|1661566302
|switch|p1a: Victini|Victini|100/100|[from]move: Volt Switch
|
|upkeep
|
|t:|1661566309
|switch|p2a: Garchomp|Garchomp, M|100/100
|turn|6
|
|t:|1661566312
|switch|p2a: Urshifu|Urshifu-Rapid-Strike, F|100/100
|switch|p1a: Ferrothorn|Ferrothorn, F|100/100
|-damage|p1a: Ferrothorn|95/100|[from] Stealth Rock
|
|upkeep
|turn|7
|
|t:|1661566321
|switch|p1a: Landorus|Landorus-Therian, M|100/100
|-damage|p1a: Landorus|88/100|[from] Stealth Rock
|-ability|p1a: Landorus|Intimidate|boost
|-unboost|p2a: Urshifu|atk|1
|move|p2a: Urshifu|Close Combat|p1a: Landorus
|-resisted|p1a: Landorus
|-damage|p1a: Landorus|68/100
|-unboost|p2a: Urshifu|def|1
|-unboost|p2a: Urshifu|spd|1
|
|-heal|p1a: Landorus|74/100|[from] item: Leftovers
|upkeep
|turn|8
|
|t:|1661566325
|move|p2a: Urshifu|Surging Strikes|p1a: Landorus
|-supereffective|p1a: Landorus
|-crit|p1a: Landorus
|-damage|p1a: Landorus|35/100
|-supereffective|p1a: Landorus
|-crit|p1a: Landorus
|-damage|p1a: Landorus|0 fnt
|faint|p1a: Landorus
|-hitcount|p1: Landorus|2
|
|upkeep
|
|t:|1661566330
|switch|p1a: Tapu Koko|Tapu Koko|100/100
|-damage|p1a: Tapu Koko|88/100|[from] Stealth Rock
|-fieldstart|move: Electric Terrain|[from] ability: Electric Surge|[of] p1a: Tapu Koko
|turn|9
|
|t:|1661566334
|switch|p2a: Aegislash|Aegislash, M|100/100
|move|p1a: Tapu Koko|Dazzling Gleam|p2a: Aegislash
|-resisted|p2a: Aegislash
|-damage|p2a: Aegislash|82/100
|
|-heal|p2a: Aegislash|88/100|[from] item: Leftovers
|upkeep
|turn|10
|
|t:|1661566340
|switch|p1a: Tornadus|Tornadus-Therian, M|100/100
|-damage|p1a: Tornadus|76/100|[from] Stealth Rock
|-formechange|p2a: Aegislash|Aegislash-Blade||[from] ability: Stance Change
|move|p2a: Aegislash|Shadow Ball|p1a: Tornadus
|-damage|p1a: Tornadus|44/100
|
|-heal|p2a: Aegislash|94/100|[from] item: Leftovers
|upkeep
|turn|11
|
|t:|1661566345
|-formechange|p2a: Aegislash|Aegislash||[from] ability: Stance Change
|move|p2a: Aegislash|King's Shield|p2a: Aegislash
|-singleturn|p2a: Aegislash|Protect
|move|p1a: Tornadus|Knock Off|p2a: Aegislash
|-activate|p2a: Aegislash|move: Protect
|-unboost|p1a: Tornadus|atk|1
|
|-heal|p2a: Aegislash|99/100|[from] item: Leftovers
|upkeep
|turn|12
|
|t:|1661566349
|move|p1a: Tornadus|Heat Wave|p2a: Aegislash|[miss]
|-miss|p1a: Tornadus|p2a: Aegislash
|-formechange|p2a: Aegislash|Aegislash-Blade||[from] ability: Stance Change
|move|p2a: Aegislash|Shadow Ball|p1a: Tornadus
|-damage|p1a: Tornadus|13/100
|
|-heal|p2a: Aegislash|100/100|[from] item: Leftovers
|upkeep
|turn|13
|
|t:|1661566358
|switch|p1a: Victini|Victini|100/100
|move|p2a: Aegislash|Shadow Sneak|p1a: Victini
|-supereffective|p1a: Victini
|-damage|p1a: Victini|61/100
|
|-fieldend|move: Electric Terrain
|upkeep
|turn|14
|
|t:|1661566362
|-formechange|p2a: Aegislash|Aegislash||[from] ability: Stance Change
|move|p2a: Aegislash|King's Shield|p2a: Aegislash
|-singleturn|p2a: Aegislash|Protect
|move|p1a: Victini|Taunt|p2a: Aegislash
|-start|p2a: Aegislash|move: Taunt
|
|upkeep
|turn|15
|j| tony pizza
|
|t:|1661566365
|switch|p2a: Tornadus|Tornadus-Therian, M|100/100
|move|p1a: Victini|V-create|p2a: Tornadus
|-damage|p2a: Tornadus|21/100
|-unboost|p1a: Victini|spe|1
|-unboost|p1a: Victini|def|1
|-unboost|p1a: Victini|spd|1
|-damage|p1a: Victini|45/100|[from] item: Rocky Helmet|[of] p2a: Tornadus
|
|upkeep
|turn|16
|
|t:|1661566369
|switch|p1a: Ferrothorn|Ferrothorn, F|95/100
|-damage|p1a: Ferrothorn|89/100|[from] Stealth Rock
|move|p2a: Tornadus|U-turn|p1a: Ferrothorn
|-damage|p1a: Ferrothorn|79/100
|-damage|p2a: Tornadus|8/100|[from] ability: Iron Barbs|[of] p1a: Ferrothorn
|-damage|p2a: Tornadus|0 fnt|[from] item: Rocky Helmet|[of] p1a: Ferrothorn
|faint|p2a: Tornadus
|
|upkeep
|
|t:|1661566380
|switch|p2a: Aegislash|Aegislash, M|100/100
|turn|17
|
|t:|1661566392
|switch|p1a: Rotom|Rotom-Wash|80/100
|-damage|p1a: Rotom|68/100|[from] Stealth Rock
|-formechange|p2a: Aegislash|Aegislash-Blade||[from] ability: Stance Change
|move|p2a: Aegislash|Shadow Ball|p1a: Rotom
|-damage|p1a: Rotom|21/100
|
|upkeep
|turn|18
|
|t:|1661566401
|move|p1a: Rotom|Will-O-Wisp|p2a: Aegislash
|-status|p2a: Aegislash|brn
|move|p2a: Aegislash|Shadow Ball|p1a: Rotom
|-damage|p1a: Rotom|0 fnt
|faint|p1a: Rotom
|
|-damage|p2a: Aegislash|94/100 brn|[from] brn
|upkeep
|
|t:|1661566410
|switch|p1a: Victini|Victini|45/100
|turn|19
|
|t:|1661566415
|-formechange|p2a: Aegislash|Aegislash||[from] ability: Stance Change
|move|p2a: Aegislash|King's Shield|p2a: Aegislash
|-singleturn|p2a: Aegislash|Protect
|move|p1a: Victini|V-create|p2a: Aegislash
|-activate|p2a: Aegislash|move: Protect
|-unboost|p1a: Victini|atk|1
|
|-heal|p2a: Aegislash|100/100 brn|[from] item: Leftovers
|-damage|p2a: Aegislash|94/100 brn|[from] brn
|upkeep
|turn|20
|
|t:|1661566417
|switch|p2a: Garchomp|Garchomp, M|100/100
|move|p1a: Victini|V-create|p2a: Garchomp
|-resisted|p2a: Garchomp
|-damage|p2a: Garchomp|74/100
|-unboost|p1a: Victini|spe|1
|-unboost|p1a: Victini|def|1
|-unboost|p1a: Victini|spd|1
|-damage|p1a: Victini|32/100|[from] ability: Rough Skin|[of] p2a: Garchomp
|
|-heal|p2a: Garchomp|80/100|[from] item: Leftovers
|upkeep
|turn|21
|
|t:|1661566422
|switch|p1a: Ferrothorn|Ferrothorn, F|79/100
|-damage|p1a: Ferrothorn|73/100|[from] Stealth Rock
|move|p2a: Garchomp|Rock Slide|p1a: Ferrothorn
|-resisted|p1a: Ferrothorn
|-damage|p1a: Ferrothorn|65/100
|
|-heal|p2a: Garchomp|86/100|[from] item: Leftovers
|upkeep
|turn|22
|
|t:|1661566428
|move|p2a: Garchomp|Swords Dance|p2a: Garchomp
|-boost|p2a: Garchomp|atk|2
|move|p1a: Ferrothorn|Leech Seed|p2a: Garchomp
|-start|p2a: Garchomp|move: Leech Seed
|
|-heal|p2a: Garchomp|92/100|[from] item: Leftovers
|-damage|p2a: Garchomp|80/100|[from] Leech Seed|[of] p1a: Ferrothorn
|-heal|p1a: Ferrothorn|78/100|[silent]
|upkeep
|turn|23
|
|t:|1661566436
|move|p2a: Garchomp|Earthquake|p1a: Ferrothorn
|-damage|p1a: Ferrothorn|22/100
|move|p1a: Ferrothorn|Gyro Ball|p2a: Garchomp
|-damage|p2a: Garchomp|32/100
|-damage|p1a: Ferrothorn|10/100|[from] ability: Rough Skin|[of] p2a: Garchomp
|
|-heal|p2a: Garchomp|38/100|[from] item: Leftovers
|-damage|p2a: Garchomp|26/100|[from] Leech Seed|[of] p1a: Ferrothorn
|-heal|p1a: Ferrothorn|22/100|[silent]
|upkeep
|turn|24
|
|t:|1661566442
|switch|p1a: Tornadus|Tornadus-Therian, M|46/100
|-damage|p1a: Tornadus|21/100|[from] Stealth Rock
|move|p2a: Garchomp|Scale Shot|p1a: Tornadus
|-damage|p1a: Tornadus|0 fnt
|faint|p1a: Tornadus
|-hitcount|p1: Tornadus|1
|-unboost|p2a: Garchomp|def|1
|-boost|p2a: Garchomp|spe|1
|
|-heal|p2a: Garchomp|32/100|[from] item: Leftovers
|upkeep
|-message|d18l forfeited.
|
|win|Ctannn
|raw|d18l's rating: 1776 &rarr; <strong>1760</strong><br />(-16 for losing)
|raw|Ctannn's rating: 1844 &rarr; <strong>1860</strong><br />(+16 for winning)
|l|☆d18l
|j|☆d18l
|player|p1|d18l|backpacker
|l|☆Ctannn
