|j|☆hisamotomasami
|j|☆tanishq1
|t:|1658046458
|gametype|singles
|player|p1|hisamotomasami|265|1729
|player|p2|tanishq1|169|1901
|teamsize|p1|6
|teamsize|p2|6
|gen|8
|tier|[Gen 8] OU
|rated|
|rule|Sleep Clause Mod: Limit one foe put to sleep
|rule|Species Clause: Limit one of each Pokémon
|rule|OHKO Clause: OHKO moves are banned
|rule|Evasion Moves Clause: Evasion moves are banned
|rule|Endless Battle Clause: Forcing endless battles is banned
|rule|HP Percentage Mod: HP is shown in percentages
|rule|Dynamax Clause: You cannot dynamax
|clearpoke
|poke|p1|Hippowdon, M|
|poke|p1|Noivern, F|
|poke|p1|Aegislash, F|
|poke|p1|Tapu Fini|
|poke|p1|Rotom-Wash|
|poke|p1|Kartana|
|poke|p2|Urshifu-*, M|
|poke|p2|Tyranitar, M|
|poke|p2|Excadrill, M|
|poke|p2|Zapdos|
|poke|p2|Ferrothorn, M|
|poke|p2|Tapu Lele|
|teampreview
|inactive|Battle timer is ON: inactive players will automatically lose when time's up. (requested by tanishq1)
|j| jien laqwa hehe
|
|t:|1658046465
|start
|switch|p1a: Rotom|Rotom-Wash|100/100
|switch|p2a: Urshifu|Urshifu-Rapid-Strike, M|100/100
|turn|1
|j| HOF69
|
|t:|1658046470
|switch|p2a: Excadrill|Excadrill, M|100/100
|move|p1a: Rotom|Volt Switch|p2a: Excadrill
|-immune|p2a: Excadrill
|
|upkeep
|turn|2
|
|t:|1658046476
|switch|p1a: Hippowdon|Hippowdon, M|100/100
|-weather|Sandstorm|[from] ability: Sand Stream|[of] p1a: Hippowdon
|move|p2a: Excadrill|Earthquake|p1a: Hippowdon
|-damage|p1a: Hippowdon|49/100
|
|-weather|Sandstorm|[upkeep]
|-heal|p1a: Hippowdon|55/100|[from] item: Leftovers
|upkeep
|turn|3
|
|t:|1658046484
|move|p2a: Excadrill|Earthquake|p1a: Hippowdon
|-damage|p1a: Hippowdon|3/100
|move|p1a: Hippowdon|Earthquake|p2a: Excadrill
|-supereffective|p2a: Excadrill
|-damage|p2a: Excadrill|0 fnt
|faint|p2a: Excadrill
|
|-weather|Sandstorm|[upkeep]
|-heal|p1a: Hippowdon|10/100|[from] item: Leftovers
|upkeep
|
|t:|1658046492
|switch|p2a: Tyranitar|Tyranitar, M|100/100
|turn|4
|
|t:|1658046498
|move|p2a: Tyranitar|Crunch|p1a: Hippowdon
|-damage|p1a: Hippowdon|0 fnt
|faint|p1a: Hippowdon
|
|-weather|Sandstorm|[upkeep]
|upkeep
|j| Stunfisk2140
|
|t:|1658046507
|switch|p1a: Tapu Fini|Tapu Fini|100/100
|-fieldstart|move: Misty Terrain|[from] ability: Misty Surge|[of] p1a: Tapu Fini
|turn|5
|
|t:|1658046512
|switch|p2a: Zapdos|Zapdos|100/100
|move|p1a: Tapu Fini|Nature's Madness|p2a: Zapdos
|-damage|p2a: Zapdos|51/100
|
|-weather|Sandstorm|[upkeep]
|-damage|p2a: Zapdos|45/100|[from] Sandstorm
|-damage|p1a: Tapu Fini|94/100|[from] Sandstorm
|-heal|p1a: Tapu Fini|100/100|[from] item: Leftovers
|upkeep
|turn|6
|
|t:|1658046525
|switch|p1a: Rotom|Rotom-Wash|100/100
|move|p2a: Zapdos|Roost|p2a: Zapdos
|-heal|p2a: Zapdos|95/100
|-singleturn|p2a: Zapdos|move: Roost
|
|-weather|none
|upkeep
|turn|7
|
|t:|1658046532
|switch|p2a: Tapu Lele|Tapu Lele, shiny|100/100
|-fieldstart|move: Psychic Terrain|[from] ability: Psychic Surge|[of] p2a: Tapu Lele
|move|p1a: Rotom|Trick|p2a: Tapu Lele
|-activate|p1a: Rotom|move: Trick|[of] p2a: Tapu Lele
|-item|p2a: Tapu Lele|Choice Scarf|[from] move: Trick
|-item|p1a: Rotom|Choice Scarf|[from] move: Trick
|
|upkeep
|turn|8
|l|☆tanishq1
|inactive|tanishq1 disconnected and has a minute to reconnect!
|player|p2|
|l| HOF69
|j|☆tanishq1
|inactive|tanishq1 reconnected and has 125 seconds left.
|player|p2|tanishq1|169
|inactive|tanishq1 has 120 seconds left.
|
|t:|1658046566
|switch|p2a: Tyranitar|Tyranitar, M|100/100
|-weather|Sandstorm|[from] ability: Sand Stream|[of] p2a: Tyranitar
|move|p1a: Rotom|Volt Switch|p2a: Tyranitar
|-damage|p2a: Tyranitar|83/100
|
|t:|1658046573
|switch|p1a: Tapu Fini|Tapu Fini|100/100|[from]move: Volt Switch
|-fieldstart|move: Misty Terrain|[from] ability: Misty Surge|[of] p1a: Tapu Fini
|
|-weather|Sandstorm|[upkeep]
|-damage|p1a: Tapu Fini|94/100|[from] Sandstorm
|-heal|p1a: Tapu Fini|100/100|[from] item: Leftovers
|upkeep
|turn|9
|
|t:|1658046581
|move|p2a: Tyranitar|Stone Edge|p1a: Tapu Fini
|-damage|p1a: Tapu Fini|45/100
|move|p1a: Tapu Fini|Nature's Madness|p2a: Tyranitar
|-damage|p2a: Tyranitar|42/100
|
|-weather|Sandstorm|[upkeep]
|-damage|p1a: Tapu Fini|39/100|[from] Sandstorm
|-heal|p1a: Tapu Fini|45/100|[from] item: Leftovers
|upkeep
|turn|10
|
|t:|1658046590
|switch|p2a: Zapdos|Zapdos|95/100
|switch|p1a: Aegislash|Aegislash, F|100/100
|
|-weather|Sandstorm|[upkeep]
|-damage|p2a: Zapdos|89/100|[from] Sandstorm
|upkeep
|turn|11
|
|t:|1658046597
|move|p1a: Aegislash|King's Shield|p1a: Aegislash
|-singleturn|p1a: Aegislash|Protect
|move|p2a: Zapdos|Volt Switch|p1a: Aegislash
|-activate|p1a: Aegislash|move: Protect
|
|-weather|Sandstorm|[upkeep]
|-damage|p2a: Zapdos|83/100|[from] Sandstorm
|upkeep
|turn|12
|
|t:|1658046604
|move|p2a: Zapdos|Volt Switch|p1a: Aegislash
|-damage|p1a: Aegislash|75/100
|
|t:|1658046607
|switch|p2a: Ferrothorn|Ferrothorn, M|100/100|[from]move: Volt Switch
|-formechange|p1a: Aegislash|Aegislash-Blade||[from] ability: Stance Change
|move|p1a: Aegislash|Shadow Ball|p2a: Ferrothorn
|-damage|p2a: Ferrothorn|67/100
|
|-weather|none
|-heal|p1a: Aegislash|81/100|[from] item: Leftovers
|-heal|p2a: Ferrothorn|73/100|[from] item: Leftovers
|-fieldend|Misty Terrain
|upkeep
|turn|13
|j| simplegent
|
|t:|1658046617
|switch|p1a: Rotom|Rotom-Wash|100/100
|move|p2a: Ferrothorn|Leech Seed|p1a: Rotom
|-start|p1a: Rotom|move: Leech Seed
|
|-heal|p2a: Ferrothorn|79/100|[from] item: Leftovers
|-damage|p1a: Rotom|88/100|[from] Leech Seed|[of] p2a: Ferrothorn
|-heal|p2a: Ferrothorn|90/100|[silent]
|upkeep
|turn|14
|l| Stunfisk2140
|
|t:|1658046625
|move|p1a: Rotom|Volt Switch|p2a: Ferrothorn
|-resisted|p2a: Ferrothorn
|-damage|p2a: Ferrothorn|81/100
|
|t:|1658046629
|switch|p1a: Noivern|Noivern, F|100/100|[from]move: Volt Switch
|-item|p2a: Ferrothorn|Leftovers|[from] ability: Frisk|[of] p1a: Noivern|[identify]
|move|p2a: Ferrothorn|Stealth Rock|p1a: Noivern
|-sidestart|p1: hisamotomasami|move: Stealth Rock
|
|-heal|p2a: Ferrothorn|87/100|[from] item: Leftovers
|upkeep
|turn|15
|
|t:|1658046637
|move|p1a: Noivern|Super Fang|p2a: Ferrothorn
|-damage|p2a: Ferrothorn|44/100
|-damage|p1a: Noivern|88/100|[from] ability: Iron Barbs|[of] p2a: Ferrothorn
|move|p2a: Ferrothorn|Knock Off|p1a: Noivern
|-damage|p1a: Noivern|67/100
|-enditem|p1a: Noivern|Heavy-Duty Boots|[from] move: Knock Off|[of] p2a: Ferrothorn
|
|-heal|p2a: Ferrothorn|50/100|[from] item: Leftovers
|upkeep
|turn|16
|
|t:|1658046646
|switch|p2a: Tyranitar|Tyranitar, M|42/100
|-weather|Sandstorm|[from] ability: Sand Stream|[of] p2a: Tyranitar
|move|p1a: Noivern|Taunt|p2a: Tyranitar
|-start|p2a: Tyranitar|move: Taunt
|
|-weather|Sandstorm|[upkeep]
|-damage|p1a: Noivern|61/100|[from] Sandstorm
|upkeep
|turn|17
|
|t:|1658046655
|move|p1a: Noivern|Roost|p1a: Noivern
|-heal|p1a: Noivern|100/100
|-singleturn|p1a: Noivern|move: Roost
|move|p2a: Tyranitar|Crunch|p1a: Noivern
|-damage|p1a: Noivern|32/100
|
|-weather|Sandstorm|[upkeep]
|-damage|p1a: Noivern|26/100|[from] Sandstorm
|upkeep
|turn|18
|
|t:|1658046664
|move|p1a: Noivern|Super Fang|p2a: Tyranitar
|-damage|p2a: Tyranitar|21/100
|move|p2a: Tyranitar|Crunch|p1a: Noivern
|-damage|p1a: Noivern|0 fnt
|faint|p1a: Noivern
|
|-weather|Sandstorm|[upkeep]
|-end|p2a: Tyranitar|move: Taunt
|upkeep
|
|t:|1658046679
|switch|p1a: Tapu Fini|Tapu Fini|45/100
|-damage|p1a: Tapu Fini|33/100|[from] Stealth Rock
|-fieldstart|move: Misty Terrain|[from] ability: Misty Surge|[of] p1a: Tapu Fini
|turn|19
|
|t:|1658046686
|switch|p2a: Zapdos|Zapdos|83/100
|move|p1a: Tapu Fini|Nature's Madness|p2a: Zapdos
|-damage|p2a: Zapdos|42/100
|
|-weather|Sandstorm|[upkeep]
|-damage|p2a: Zapdos|36/100|[from] Sandstorm
|-damage|p1a: Tapu Fini|27/100|[from] Sandstorm
|-heal|p1a: Tapu Fini|33/100|[from] item: Leftovers
|upkeep
|turn|20
|
|t:|1658046695
|switch|p1a: Aegislash|Aegislash, F|81/100
|-damage|p1a: Aegislash|75/100|[from] Stealth Rock
|move|p2a: Zapdos|Roost|p2a: Zapdos
|-heal|p2a: Zapdos|86/100
|-singleturn|p2a: Zapdos|move: Roost
|
|-weather|none
|-heal|p1a: Aegislash|81/100|[from] item: Leftovers
|upkeep
|turn|21
|
|t:|1658046705
|move|p2a: Zapdos|Heat Wave|p1a: Aegislash|[miss]
|-miss|p2a: Zapdos|p1a: Aegislash
|-formechange|p1a: Aegislash|Aegislash-Blade||[from] ability: Stance Change
|move|p1a: Aegislash|Shadow Ball|p2a: Zapdos
|-damage|p2a: Zapdos|36/100
|
|-heal|p1a: Aegislash|88/100|[from] item: Leftovers
|upkeep
|turn|22
|
|t:|1658046713
|-formechange|p1a: Aegislash|Aegislash||[from] ability: Stance Change
|move|p1a: Aegislash|King's Shield|p1a: Aegislash
|-singleturn|p1a: Aegislash|Protect
|move|p2a: Zapdos|Roost|p2a: Zapdos
|-heal|p2a: Zapdos|86/100
|-singleturn|p2a: Zapdos|move: Roost
|
|-heal|p1a: Aegislash|94/100|[from] item: Leftovers
|upkeep
|turn|23
|
|t:|1658046729
|move|p2a: Zapdos|Volt Switch|p1a: Aegislash
|-damage|p1a: Aegislash|69/100
|
|t:|1658046731
|switch|p2a: Tyranitar|Tyranitar, M|21/100|[from]move: Volt Switch
|-weather|Sandstorm|[from] ability: Sand Stream|[of] p2a: Tyranitar
|move|p1a: Aegislash|Toxic|p2a: Tyranitar
|-activate|p2a: Tyranitar|move: Misty Terrain
|
|-weather|Sandstorm|[upkeep]
|-heal|p1a: Aegislash|75/100|[from] item: Leftovers
|-fieldend|Misty Terrain
|upkeep
|turn|24
|
|t:|1658046739
|move|p1a: Aegislash|King's Shield|p1a: Aegislash
|-singleturn|p1a: Aegislash|Protect
|move|p2a: Tyranitar|Crunch|p1a: Aegislash
|-activate|p1a: Aegislash|move: Protect
|-unboost|p2a: Tyranitar|atk|1
|
|-weather|Sandstorm|[upkeep]
|-heal|p1a: Aegislash|82/100|[from] item: Leftovers
|upkeep
|turn|25
|
|t:|1658046747
|switch|p1a: Kartana|Kartana|100/100
|-damage|p1a: Kartana|95/100|[from] Stealth Rock
|move|p2a: Tyranitar|Crunch|p1a: Kartana
|-damage|p1a: Kartana|44/100
|
|-weather|Sandstorm|[upkeep]
|upkeep
|turn|26
|
|t:|1658046754
|switch|p2a: Zapdos|Zapdos|86/100
|move|p1a: Kartana|Knock Off|p2a: Zapdos
|-damage|p2a: Zapdos|53/100
|-status|p1a: Kartana|par|[from] ability: Static|[of] p2a: Zapdos
|-enditem|p2a: Zapdos|Heavy-Duty Boots|[from] move: Knock Off|[of] p1a: Kartana
|
|-weather|Sandstorm|[upkeep]
|-damage|p2a: Zapdos|47/100|[from] Sandstorm
|upkeep
|turn|27
|
|t:|1658046764
|switch|p1a: Aegislash|Aegislash, F|82/100
|-damage|p1a: Aegislash|75/100|[from] Stealth Rock
|move|p2a: Zapdos|Roost|p2a: Zapdos
|-heal|p2a: Zapdos|97/100
|-singleturn|p2a: Zapdos|move: Roost
|
|-weather|none
|-heal|p1a: Aegislash|82/100|[from] item: Leftovers
|upkeep
|turn|28
|
|t:|1658046773
|move|p2a: Zapdos|Volt Switch|p1a: Aegislash
|-damage|p1a: Aegislash|59/100
|
|t:|1658046775
|switch|p2a: Ferrothorn|Ferrothorn, M|50/100|[from]move: Volt Switch
|move|p1a: Aegislash|Toxic|p2a: Ferrothorn
|-immune|p2a: Ferrothorn
|
|-heal|p1a: Aegislash|66/100|[from] item: Leftovers
|-heal|p2a: Ferrothorn|56/100|[from] item: Leftovers
|upkeep
|turn|29
|-message|hisamotomasami forfeited.
|
|win|tanishq1
|raw|hisamotomasami's rating: 1729 &rarr; <strong>1718</strong><br />(-11 for losing)
|raw|tanishq1's rating: 1901 &rarr; <strong>1912</strong><br />(+11 for winning)
|l|☆hisamotomasami
|l|☆tanishq1
