|j|☆Gotmyvanson
|j|☆fagiolini
|player|p1|Gotmyvanson|2|1750
|player|p2|fagiolini|elio|1698
|teamsize|p1|6
|teamsize|p2|6
|gametype|singles
|gen|8
|tier|[Gen 8] OU
|rated|
|html|<div class="broadcast-red"><strong>OU is currently suspecting Arena Trap! For information on how to participate check out the <a href="https://www.smogon.com/forums/threads/3661134/">suspect thread</a>.</strong></div>
|clearpoke
|poke|p1|Dragapult, M|
|poke|p1|Clefable, F|
|poke|p1|Excadrill, F|
|poke|p1|Kommo-o, M|
|poke|p1|Bisharp, F|
|poke|p1|Cloyster, M|
|poke|p2|Darmanitan, F|
|poke|p2|Hydreigon, F|
|poke|p2|Seismitoad, F|
|poke|p2|Dragapult, M|
|poke|p2|Clefable, M|
|poke|p2|Corviknight, M|
|rule|Sleep Clause Mod: Limit one foe put to sleep
|rule|Species Clause: Limit one of each Pokémon
|rule|OHKO Clause: OHKO moves are banned
|rule|Evasion Moves Clause: Evasion moves are banned
|rule|Endless Battle Clause: Forcing endless battles is banned
|rule|HP Percentage Mod: HP is shown in percentages
|rule|Dynamax Clause: You cannot dynamax
|teampreview
|j| steven 2222
|j| mystery333
|j| FCC Chairman
|inactive|Battle timer is ON: inactive players will automatically lose when time's up. (requested by Gotmyvanson)
|
|start
|switch|p1a: Excadrill|Excadrill, F|100/100
|switch|p2a: Darmanitan|Darmanitan, F|100/100
|-ability|p1a: Excadrill|Mold Breaker
|turn|1
|j| BurglarOfTeams
|j| Alezzz499
|
|move|p2a: Darmanitan|U-turn|p1a: Excadrill
|-resisted|p1a: Excadrill
|-damage|p1a: Excadrill|81/100
|
|switch|p2a: Corviknight|Corviknight, M|100/100|[from]move: U-turn
|-ability|p2a: Corviknight|Pressure
|move|p1a: Excadrill|Earthquake|p2a: Corviknight
|-immune|p2a: Corviknight
|
|upkeep
|turn|2
|
|move|p1a: Excadrill|Stealth Rock|p2a: Corviknight
|-sidestart|p2: fagiolini|move: Stealth Rock
|move|p2a: Corviknight|Body Press|p1a: Excadrill
|-supereffective|p1a: Excadrill
|-damage|p1a: Excadrill|9/100
|
|upkeep
|turn|3
|
|switch|p1a: Clefable|Clefable, F|100/100
|move|p2a: Corviknight|Defog|p1a: Clefable
|-unboost|p1a: Clefable|evasion|1
|-sideend|p2: fagiolini|Stealth Rock|[from] move: Defog|[of] p2a: Corviknight
|
|upkeep
|turn|4
|
|switch|p2a: Darmanitan|Darmanitan, F|100/100
|move|p1a: Clefable|Thunderbolt|p2a: Darmanitan
|-damage|p2a: Darmanitan|44/100
|
|upkeep
|turn|5
|
|switch|p1a: Dragapult|Dragapult, M|100/100
|move|p2a: Darmanitan|Flare Blitz|p1a: Dragapult
|-resisted|p1a: Dragapult
|-damage|p1a: Dragapult|32/100
|-damage|p2a: Darmanitan|23/100|[from] Recoil
|
|upkeep
|turn|6
|
|switch|p2a: Clefable|Clefable, M|100/100
|move|p1a: Dragapult|Shadow Ball|p2a: Clefable
|-damage|p2a: Clefable|71/100
|-damage|p1a: Dragapult|22/100|[from] item: Life Orb
|
|-heal|p2a: Clefable|77/100|[from] item: Leftovers
|upkeep
|turn|7
|
|move|p1a: Dragapult|U-turn|p2a: Clefable
|-resisted|p2a: Clefable
|-damage|p2a: Clefable|64/100
|-damage|p1a: Dragapult|12/100|[from] item: Life Orb
|
|switch|p1a: Bisharp|Bisharp, F|100/100|[from]move: U-turn
|move|p2a: Clefable|Wish|p2a: Clefable
|
|-heal|p2a: Clefable|70/100|[from] item: Leftovers
|upkeep
|turn|8
|
|switch|p2a: Corviknight|Corviknight, M|100/100
|-ability|p2a: Corviknight|Pressure
|move|p1a: Bisharp|Swords Dance|p1a: Bisharp
|-boost|p1a: Bisharp|atk|2
|
|upkeep
|turn|9
|
|move|p1a: Bisharp|Knock Off|p2a: Corviknight
|-damage|p2a: Corviknight|23/100
|-enditem|p2a: Corviknight|Leftovers|[from] move: Knock Off|[of] p1a: Bisharp
|move|p2a: Corviknight|Body Press|p1a: Bisharp
|-supereffective|p1a: Bisharp
|-damage|p1a: Bisharp|0 fnt
|faint|p1a: Bisharp
|
|upkeep
|
|switch|p1a: Dragapult|Dragapult, M|12/100
|turn|10
|
|move|p1a: Dragapult|U-turn|p2a: Corviknight
|-resisted|p2a: Corviknight
|-damage|p2a: Corviknight|19/100
|-damage|p1a: Dragapult|3/100|[from] item: Life Orb
|
|switch|p1a: Clefable|Clefable, F|100/100|[from]move: U-turn
|move|p2a: Corviknight|Roost|p2a: Corviknight
|-heal|p2a: Corviknight|69/100
|-singleturn|p2a: Corviknight|move: Roost
|
|upkeep
|turn|11
|
|move|p1a: Clefable|Flamethrower|p2a: Corviknight
|-supereffective|p2a: Corviknight
|-damage|p2a: Corviknight|0 fnt
|faint|p2a: Corviknight
|
|upkeep
|
|switch|p2a: Clefable|Clefable, M|70/100
|turn|12
|
|switch|p1a: Dragapult|Dragapult, M|3/100
|move|p2a: Clefable|Wish|p2a: Clefable
|
|-heal|p2a: Clefable|76/100|[from] item: Leftovers
|upkeep
|turn|13
|
|move|p1a: Dragapult|Shadow Ball|p2a: Clefable
|-damage|p2a: Clefable|47/100
|-damage|p1a: Dragapult|0 fnt|[from] item: Life Orb
|faint|p1a: Dragapult
|move|p2a: Clefable|Teleport|p2a: Clefable
|
|switch|p2a: Darmanitan|Darmanitan, F|23/100|[from]move: Teleport
|
|-heal|p2a: Darmanitan|79/100|[from] move: Wish|[wisher] Clefable
|upkeep
|
|switch|p1a: Cloyster|Cloyster, M|100/100
|turn|14
|
|move|p2a: Darmanitan|U-turn|p1a: Cloyster
|-damage|p1a: Cloyster|79/100
|
|switch|p2a: Seismitoad|Seismitoad, F|100/100|[from]move: U-turn
|move|p1a: Cloyster|Shell Smash|p1a: Cloyster
|-unboost|p1a: Cloyster|def|1
|-unboost|p1a: Cloyster|spd|1
|-boost|p1a: Cloyster|atk|2
|-boost|p1a: Cloyster|spa|2
|-boost|p1a: Cloyster|spe|2
|-enditem|p1a: Cloyster|White Herb
|-clearnegativeboost|p1a: Cloyster|[silent]
|
|upkeep
|turn|15
|
|move|p1a: Cloyster|Icicle Spear|p2a: Seismitoad
|-damage|p2a: Seismitoad|84/100
|-damage|p2a: Seismitoad|67/100
|-damage|p2a: Seismitoad|49/100
|-damage|p2a: Seismitoad|32/100
|-damage|p2a: Seismitoad|14/100
|-hitcount|p2a: Seismitoad|5
|move|p2a: Seismitoad|Earth Power|p1a: Cloyster
|-damage|p1a: Cloyster|10/100
|
|-heal|p2a: Seismitoad|20/100|[from] item: Leftovers
|upkeep
|turn|16
|
|move|p1a: Cloyster|Icicle Spear|p2a: Seismitoad
|-crit|p2a: Seismitoad
|-damage|p2a: Seismitoad|0 fnt
|-hitcount|p2a: Seismitoad|1
|faint|p2a: Seismitoad
|
|upkeep
|
|switch|p2a: Darmanitan|Darmanitan, F|79/100
|turn|17
|
|move|p1a: Cloyster|Liquidation|p2a: Darmanitan
|-supereffective|p2a: Darmanitan
|-damage|p2a: Darmanitan|0 fnt
|faint|p2a: Darmanitan
|
|upkeep
|-message|fagiolini forfeited.
|
|win|Gotmyvanson
|l|☆fagiolini
|raw|Gotmyvanson's rating: 1751 &rarr; <strong>1768</strong><br />(+17 for winning)
|raw|fagiolini's rating: 1698 &rarr; <strong>1681</strong><br />(-17 for losing)
|l| BurglarOfTeams
|l| Alezzz499
|l|☆Gotmyvanson
