|raw|<div class="broadcast-blue"><strong>This battle is required to be public due to a player having a name starting with 'lt91bb'.</div>
|j|☆LT91BB damien
|j|☆tesla roadster
|t:|1659167520
|gametype|singles
|player|p1|LT91BB damien|lucas|1715
|player|p2|tesla roadster|266|1738
|teamsize|p1|6
|teamsize|p2|6
|gen|8
|tier|[Gen 8] OU
|rated|
|rule|Sleep Clause Mod: Limit one foe put to sleep
|rule|Species Clause: Limit one of each Pokémon
|rule|OHKO Clause: OHKO moves are banned
|rule|Evasion Moves Clause: Evasion moves are banned
|rule|Endless Battle Clause: Forcing endless battles is banned
|rule|HP Percentage Mod: HP is shown in percentages
|rule|Dynamax Clause: You cannot dynamax
|clearpoke
|poke|p1|Weavile, F|
|poke|p1|Blacephalon|
|poke|p1|Slowking-Galar, M|
|poke|p1|Corviknight, F|
|poke|p1|Landorus-Therian, M|
|poke|p1|Toxapex, M|
|poke|p2|Urshifu-*, F|
|poke|p2|Tyranitar, M|
|poke|p2|Excadrill, M|
|poke|p2|Zapdos|
|poke|p2|Ferrothorn, M|
|poke|p2|Tapu Lele|
|teampreview
|inactive|Battle timer is ON: inactive players will automatically lose when time's up. (requested by LT91BB damien)
|
|t:|1659167570
|start
|switch|p1a: Blacephalon|Blacephalon|100/100
|switch|p2a: Ferrothorn|Ferrothorn, M|100/100
|turn|1
|
|t:|1659167586
|switch|p2a: Tyranitar|Tyranitar, M|100/100
|-weather|Sandstorm|[from] ability: Sand Stream|[of] p2a: Tyranitar
|move|p1a: Blacephalon|Overheat|p2a: Tyranitar
|-resisted|p2a: Tyranitar
|-damage|p2a: Tyranitar|62/100
|-unboost|p1a: Blacephalon|spa|2
|
|-weather|Sandstorm|[upkeep]
|-damage|p1a: Blacephalon|94/100|[from] Sandstorm
|upkeep
|turn|2
|j| ripreckful
|
|t:|1659167608
|switch|p1a: Toxapex|Toxapex, M|100/100
|move|p2a: Tyranitar|Stone Edge|p1a: Toxapex
|-damage|p1a: Toxapex|38/100
|-enditem|p1a: Toxapex|Eject Button
|l| ripreckful
|
|t:|1659167613
|switch|p1a: Weavile|Weavile, F|100/100
|-ability|p1a: Weavile|Pressure
|
|-weather|Sandstorm|[upkeep]
|-damage|p1a: Weavile|94/100|[from] Sandstorm
|upkeep
|turn|3
|inactive|tesla roadster has 120 seconds left.
|
|t:|1659167659
|switch|p2a: Urshifu|Urshifu-Rapid-Strike, F|100/100
|move|p1a: Weavile|Low Kick|p2a: Urshifu
|-damage|p2a: Urshifu|51/100
|
|-weather|Sandstorm|[upkeep]
|-damage|p1a: Weavile|88/100|[from] Sandstorm
|-damage|p2a: Urshifu|45/100|[from] Sandstorm
|upkeep
|turn|4
|
|t:|1659167682
|switch|p1a: Slowking|Slowking-Galar, M|100/100
|switch|p2a: Tapu Lele|Tapu Lele, shiny|100/100
|-fieldstart|move: Psychic Terrain|[from] ability: Psychic Surge|[of] p2a: Tapu Lele
|
|-weather|Sandstorm|[upkeep]
|-damage|p2a: Tapu Lele|94/100|[from] Sandstorm
|-damage|p1a: Slowking|94/100|[from] Sandstorm
|upkeep
|turn|5
|inactive|LT91BB damien has 120 seconds left.
|
|t:|1659167703
|switch|p2a: Ferrothorn|Ferrothorn, M|100/100
|switch|p1a: Corviknight|Corviknight, F|100/100
|-ability|p1a: Corviknight|Pressure
|
|-weather|none
|upkeep
|turn|6
|inactive|LT91BB damien has 120 seconds left.
|
|t:|1659167723
|switch|p1a: Toxapex|Toxapex, M|71/100
|move|p2a: Ferrothorn|Stealth Rock|p1a: Toxapex
|-sidestart|p1: LT91BB damien|move: Stealth Rock
|
|upkeep
|turn|7
|inactive|tesla roadster has 90 seconds left.
|
|t:|1659167747
|switch|p2a: Zapdos|Zapdos|100/100
|move|p1a: Toxapex|Knock Off|p2a: Zapdos
|-damage|p2a: Zapdos|88/100
|-status|p1a: Toxapex|par|[from] ability: Static|[of] p2a: Zapdos
|-enditem|p2a: Zapdos|Heavy-Duty Boots|[from] move: Knock Off|[of] p1a: Toxapex
|
|upkeep
|turn|8
|inactive|tesla roadster has 90 seconds left.
|
|t:|1659167769
|switch|p1a: Landorus|Landorus-Therian, M|100/100
|-damage|p1a: Landorus|88/100|[from] Stealth Rock
|-ability|p1a: Landorus|Intimidate|boost
|-unboost|p2a: Zapdos|atk|1
|move|p2a: Zapdos|Volt Switch|p1a: Landorus
|-immune|p1a: Landorus
|
|-heal|p1a: Landorus|94/100|[from] item: Leftovers
|-fieldend|move: Psychic Terrain
|upkeep
|turn|9
|
|t:|1659167775
|move|p2a: Zapdos|Hurricane|p1a: Landorus
|-damage|p1a: Landorus|60/100
|move|p1a: Landorus|Defog|p2a: Zapdos
|-unboost|p2a: Zapdos|evasion|1
|-sideend|p1: LT91BB damien|Stealth Rock|[from] move: Defog|[of] p1a: Landorus
|
|-heal|p1a: Landorus|66/100|[from] item: Leftovers
|upkeep
|turn|10
|inactive|tesla roadster has 90 seconds left.
|
|t:|1659167792
|move|p2a: Zapdos|Hurricane|p1a: Landorus|[miss]
|-miss|p2a: Zapdos|p1a: Landorus
|move|p1a: Landorus|Toxic|p2a: Zapdos
|-status|p2a: Zapdos|tox
|
|-heal|p1a: Landorus|72/100|[from] item: Leftovers
|-damage|p2a: Zapdos|82/100 tox|[from] psn
|upkeep
|turn|11
|
|t:|1659167801
|move|p2a: Zapdos|Hurricane|p1a: Landorus
|-damage|p1a: Landorus|41/100
|-start|p1a: Landorus|confusion
|-activate|p1a: Landorus|confusion
|move|p1a: Landorus|U-turn|p2a: Zapdos
|-resisted|p2a: Zapdos
|-damage|p2a: Zapdos|74/100 tox
|
|t:|1659167811
|switch|p1a: Blacephalon|Blacephalon|94/100|[from]move: U-turn
|
|-damage|p2a: Zapdos|62/100 tox|[from] psn
|upkeep
|turn|12
|j| OMICORIO
|
|t:|1659167820
|switch|p2a: Tapu Lele|Tapu Lele, shiny|94/100
|-fieldstart|move: Psychic Terrain|[from] ability: Psychic Surge|[of] p2a: Tapu Lele
|move|p1a: Blacephalon|Overheat|p2a: Tapu Lele
|-damage|p2a: Tapu Lele|0 fnt
|-unboost|p1a: Blacephalon|spa|2
|faint|p2a: Tapu Lele
|-ability|p1a: Blacephalon|Beast Boost|boost
|-boost|p1a: Blacephalon|spa|1
|
|upkeep
|
|t:|1659167823
|switch|p2a: Tyranitar|Tyranitar, M|62/100
|-weather|Sandstorm|[from] ability: Sand Stream|[of] p2a: Tyranitar
|turn|13
|inactive|LT91BB damien has 120 seconds left.
|inactive|tesla roadster has 90 seconds left.
|
|t:|1659167867
|switch|p1a: Corviknight|Corviknight, F|100/100
|-ability|p1a: Corviknight|Pressure
|move|p2a: Tyranitar|Stone Edge|p1a: Corviknight
|-damage|p1a: Corviknight|47/100
|
|-weather|Sandstorm|[upkeep]
|-heal|p1a: Corviknight|53/100|[from] item: Leftovers
|upkeep
|turn|14
|inactive|LT91BB damien has 120 seconds left.
|
|t:|1659167880
|switch|p1a: Landorus|Landorus-Therian, M|41/100
|-ability|p1a: Landorus|Intimidate|boost
|-unboost|p2a: Tyranitar|atk|1
|move|p2a: Tyranitar|Stone Edge|p1a: Landorus|[miss]
|-miss|p2a: Tyranitar|p1a: Landorus
|
|-weather|Sandstorm|[upkeep]
|-heal|p1a: Landorus|47/100|[from] item: Leftovers
|upkeep
|turn|15
|inactive|tesla roadster has 90 seconds left.
|
|t:|1659167910
|switch|p2a: Ferrothorn|Ferrothorn, M|100/100
|switch|p1a: Toxapex|Toxapex, M|100/100 par
|
|-weather|Sandstorm|[upkeep]
|-damage|p1a: Toxapex|95/100 par|[from] Sandstorm
|upkeep
|turn|16
|inactive|LT91BB damien has 120 seconds left.
|
|t:|1659167934
|move|p2a: Ferrothorn|Knock Off|p1a: Toxapex
|-damage|p1a: Toxapex|84/100 par
|move|p1a: Toxapex|Knock Off|p2a: Ferrothorn
|-damage|p2a: Ferrothorn|90/100
|-damage|p1a: Toxapex|72/100 par|[from] ability: Iron Barbs|[of] p2a: Ferrothorn
|-enditem|p2a: Ferrothorn|Leftovers|[from] move: Knock Off|[of] p1a: Toxapex
|
|-weather|Sandstorm|[upkeep]
|-damage|p1a: Toxapex|66/100 par|[from] Sandstorm
|-fieldend|move: Psychic Terrain
|upkeep
|turn|17
|inactive|LT91BB damien has 120 seconds left.
|
|t:|1659167957
|switch|p1a: Corviknight|Corviknight, F|53/100
|-ability|p1a: Corviknight|Pressure
|move|p2a: Ferrothorn|Stealth Rock|p1a: Corviknight
|-sidestart|p1: LT91BB damien|move: Stealth Rock
|
|-weather|none
|-heal|p1a: Corviknight|59/100|[from] item: Leftovers
|upkeep
|turn|18
|inactive|tesla roadster has 90 seconds left.
|inactive|LT91BB damien has 90 seconds left.
|j| lt91bb fenomeno
|
|t:|1659167987
|move|p1a: Corviknight|Defog|p2a: Ferrothorn
|-unboost|p2a: Ferrothorn|evasion|1
|-sideend|p1: LT91BB damien|Stealth Rock|[from] move: Defog|[of] p1a: Corviknight
|move|p2a: Ferrothorn|Knock Off|p1a: Corviknight
|-damage|p1a: Corviknight|46/100
|-enditem|p1a: Corviknight|Leftovers|[from] move: Knock Off|[of] p2a: Ferrothorn
|
|upkeep
|turn|19
|inactive|tesla roadster has 90 seconds left.
|
|t:|1659167999
|move|p1a: Corviknight|Roost|p1a: Corviknight
|-heal|p1a: Corviknight|96/100
|-singleturn|p1a: Corviknight|move: Roost
|move|p2a: Ferrothorn|Knock Off|p1a: Corviknight
|-damage|p1a: Corviknight|88/100
|
|upkeep
|turn|20
|inactive|tesla roadster has 90 seconds left.
|
|t:|1659168011
|move|p1a: Corviknight|Body Press|p2a: Ferrothorn
|-supereffective|p2a: Ferrothorn
|-damage|p2a: Ferrothorn|52/100
|-damage|p1a: Corviknight|76/100|[from] ability: Iron Barbs|[of] p2a: Ferrothorn
|move|p2a: Ferrothorn|Leech Seed|p1a: Corviknight
|-start|p1a: Corviknight|move: Leech Seed
|
|-damage|p1a: Corviknight|63/100|[from] Leech Seed|[of] p2a: Ferrothorn
|-heal|p2a: Ferrothorn|66/100|[silent]
|upkeep
|turn|21
|
|t:|1659168022
|switch|p1a: Blacephalon|Blacephalon|94/100
|move|p2a: Ferrothorn|Stealth Rock|p1a: Blacephalon
|-sidestart|p1: LT91BB damien|move: Stealth Rock
|
|upkeep
|turn|22
|
|t:|1659168035
|switch|p2a: Urshifu|Urshifu-Rapid-Strike, F|45/100
|move|p1a: Blacephalon|Overheat|p2a: Urshifu|[miss]
|-miss|p1a: Blacephalon|p2a: Urshifu
|
|upkeep
|turn|23
|
|t:|1659168041
|switch|p1a: Toxapex|Toxapex, M|99/100 par
|-damage|p1a: Toxapex|87/100 par|[from] Stealth Rock
|move|p2a: Urshifu|U-turn|p1a: Toxapex
|-resisted|p1a: Toxapex
|-damage|p1a: Toxapex|78/100 par
|inactive|tesla roadster has 90 seconds left.
|
|t:|1659168061
|switch|p2a: Zapdos|Zapdos|62/100 tox|[from]move: U-turn
|
|-damage|p2a: Zapdos|56/100 tox|[from] psn
|upkeep
|turn|24
|inactive|LT91BB damien has 120 seconds left.
|inactive|tesla roadster has 90 seconds left.
|
|t:|1659168074
|move|p2a: Zapdos|Hurricane|p1a: Toxapex
|-damage|p1a: Toxapex|48/100 par
|move|p1a: Toxapex|Recover|p1a: Toxapex
|-heal|p1a: Toxapex|98/100 par
|
|-damage|p2a: Zapdos|44/100 tox|[from] psn
|upkeep
|turn|25
|inactive|LT91BB damien has 120 seconds left.
|inactive|tesla roadster has 90 seconds left.
|
|t:|1659168088
|move|p2a: Zapdos|Roost|p2a: Zapdos
|-heal|p2a: Zapdos|94/100 tox
|-singleturn|p2a: Zapdos|move: Roost
|move|p1a: Toxapex|Recover|p1a: Toxapex
|-heal|p1a: Toxapex|100/100 par
|
|-damage|p2a: Zapdos|76/100 tox|[from] psn
|upkeep
|turn|26
|inactive|LT91BB damien has 120 seconds left.
|
|t:|1659168103
|move|p2a: Zapdos|Hurricane|p1a: Toxapex
|-damage|p1a: Toxapex|71/100 par
|move|p1a: Toxapex|Knock Off|p2a: Zapdos
|-damage|p2a: Zapdos|68/100 tox
|
|-damage|p2a: Zapdos|44/100 tox|[from] psn
|upkeep
|turn|27
|inactive|LT91BB damien has 120 seconds left.
|
|t:|1659168121
|switch|p1a: Slowking|Slowking-Galar, M|100/100
|-damage|p1a: Slowking|88/100|[from] Stealth Rock
|move|p2a: Zapdos|Volt Switch|p1a: Slowking
|-damage|p1a: Slowking|73/100
|
|t:|1659168127
|switch|p2a: Tyranitar|Tyranitar, M|62/100|[from]move: Volt Switch
|-weather|Sandstorm|[from] ability: Sand Stream|[of] p2a: Tyranitar
|
|-weather|Sandstorm|[upkeep]
|-damage|p1a: Slowking|67/100|[from] Sandstorm
|upkeep
|turn|28
|inactive|LT91BB damien has 120 seconds left.
|
|t:|1659168139
|switch|p1a: Landorus|Landorus-Therian, M|47/100
|-damage|p1a: Landorus|35/100|[from] Stealth Rock
|-ability|p1a: Landorus|Intimidate|boost
|-unboost|p2a: Tyranitar|atk|1
|move|p2a: Tyranitar|Crunch|p1a: Landorus
|-damage|p1a: Landorus|0 fnt
|faint|p1a: Landorus
|
|-weather|Sandstorm|[upkeep]
|upkeep
|
|t:|1659168168
|switch|p1a: Corviknight|Corviknight, F|63/100
|-damage|p1a: Corviknight|51/100|[from] Stealth Rock
|-ability|p1a: Corviknight|Pressure
|turn|29
|
|t:|1659168180
|switch|p2a: Urshifu|Urshifu-Rapid-Strike, F|45/100
|move|p1a: Corviknight|Defog|p2a: Urshifu
|-unboost|p2a: Urshifu|evasion|1
|-sideend|p1: LT91BB damien|Stealth Rock|[from] move: Defog|[of] p1a: Corviknight
|
|-weather|Sandstorm|[upkeep]
|-damage|p2a: Urshifu|39/100|[from] Sandstorm
|upkeep
|turn|30
|
|t:|1659168193
|switch|p1a: Toxapex|Toxapex, M|100/100 par
|move|p2a: Urshifu|Taunt|p1a: Toxapex
|-start|p1a: Toxapex|move: Taunt
|
|-weather|Sandstorm|[upkeep]
|-damage|p2a: Urshifu|32/100|[from] Sandstorm
|-damage|p1a: Toxapex|95/100 par|[from] Sandstorm
|upkeep
|turn|31
|
|t:|1659168209
|move|p2a: Urshifu|U-turn|p1a: Toxapex
|-resisted|p1a: Toxapex
|-damage|p1a: Toxapex|85/100 par
|
|t:|1659168212
|switch|p2a: Zapdos|Zapdos|44/100 tox|[from]move: U-turn
|move|p1a: Toxapex|Knock Off|p2a: Zapdos
|-damage|p2a: Zapdos|35/100 tox
|
|-weather|none
|-damage|p2a: Zapdos|29/100 tox|[from] psn
|upkeep
|turn|32
|inactive|tesla roadster has 120 seconds left.
|inactive|LT91BB damien has 90 seconds left.
|
|t:|1659168235
|switch|p1a: Blacephalon|Blacephalon|94/100
|move|p2a: Zapdos|Volt Switch|p1a: Blacephalon
|-damage|p1a: Blacephalon|43/100
|l| lt91bb fenomeno
|inactive|tesla roadster has 120 seconds left.
|
|t:|1659168241
|switch|p2a: Tyranitar|Tyranitar, M|62/100|[from]move: Volt Switch
|-weather|Sandstorm|[from] ability: Sand Stream|[of] p2a: Tyranitar
|
|-weather|Sandstorm|[upkeep]
|-damage|p1a: Blacephalon|37/100|[from] Sandstorm
|upkeep
|turn|33
|inactive|tesla roadster has 120 seconds left.
|
|t:|1659168255
|switch|p1a: Toxapex|Toxapex, M|100/100 par
|move|p2a: Tyranitar|Crunch|p1a: Toxapex
|-damage|p1a: Toxapex|42/100 par
|
|-weather|Sandstorm|[upkeep]
|-damage|p1a: Toxapex|36/100 par|[from] Sandstorm
|upkeep
|turn|34
|
|t:|1659168261
|switch|p1a: Weavile|Weavile, F|88/100
|-ability|p1a: Weavile|Pressure
|move|p2a: Tyranitar|Crunch|p1a: Weavile
|-resisted|p1a: Weavile
|-damage|p1a: Weavile|30/100
|
|-weather|Sandstorm|[upkeep]
|-damage|p1a: Weavile|24/100|[from] Sandstorm
|upkeep
|turn|35
|j| ripreckful
|
|t:|1659168273
|switch|p2a: Ferrothorn|Ferrothorn, M|66/100
|move|p1a: Weavile|Low Kick|p2a: Ferrothorn
|-supereffective|p2a: Ferrothorn
|-damage|p2a: Ferrothorn|0 fnt
|-damage|p1a: Weavile|12/100|[from] ability: Iron Barbs|[of] p2a: Ferrothorn
|faint|p2a: Ferrothorn
|
|-weather|Sandstorm|[upkeep]
|-damage|p1a: Weavile|6/100|[from] Sandstorm
|upkeep
|inactive|tesla roadster has 120 seconds left.
|
|t:|1659168290
|switch|p2a: Zapdos|Zapdos|29/100 tox
|turn|36
|inactive|LT91BB damien has 120 seconds left.
|
|t:|1659168313
|switch|p1a: Slowking|Slowking-Galar, M|100/100
|move|p2a: Zapdos|Roost|p2a: Zapdos
|-heal|p2a: Zapdos|80/100 tox
|-singleturn|p2a: Zapdos|move: Roost
|
|-weather|none
|-damage|p2a: Zapdos|74/100 tox|[from] psn
|upkeep
|turn|37
|
|t:|1659168335
|move|p2a: Zapdos|Volt Switch|p1a: Slowking
|-damage|p1a: Slowking|84/100
|
|t:|1659168340
|switch|p2a: Tyranitar|Tyranitar, M|62/100|[from]move: Volt Switch
|-weather|Sandstorm|[from] ability: Sand Stream|[of] p2a: Tyranitar
|move|p1a: Slowking|Earthquake|p2a: Tyranitar
|-supereffective|p2a: Tyranitar
|-damage|p2a: Tyranitar|31/100
|
|-weather|Sandstorm|[upkeep]
|-damage|p1a: Slowking|78/100|[from] Sandstorm
|upkeep
|turn|38
|inactive|LT91BB damien has 90 seconds left.
|inactive|LT91BB damien has 60 seconds left.
|
|t:|1659168397
|switch|p1a: Toxapex|Toxapex, M|69/100 par
|move|p2a: Tyranitar|Crunch|p1a: Toxapex
|-damage|p1a: Toxapex|16/100 par
|
|-weather|Sandstorm|[upkeep]
|-damage|p1a: Toxapex|10/100 par|[from] Sandstorm
|upkeep
|turn|39
|inactive|LT91BB damien has 60 seconds left.
|
|t:|1659168408
|move|p2a: Tyranitar|Crunch|p1a: Toxapex
|-damage|p1a: Toxapex|0 fnt
|faint|p1a: Toxapex
|
|-weather|Sandstorm|[upkeep]
|upkeep
|
|t:|1659168411
|switch|p1a: Blacephalon|Blacephalon|37/100
|turn|40
|
|t:|1659168424
|switch|p2a: Urshifu|Urshifu-Rapid-Strike, F|32/100
|move|p1a: Blacephalon|Overheat|p2a: Urshifu
|-resisted|p2a: Urshifu
|-damage|p2a: Urshifu|0 fnt
|-unboost|p1a: Blacephalon|spa|2
|faint|p2a: Urshifu
|-ability|p1a: Blacephalon|Beast Boost|boost
|-boost|p1a: Blacephalon|spa|1
|
|-weather|Sandstorm|[upkeep]
|-damage|p1a: Blacephalon|31/100|[from] Sandstorm
|upkeep
|
|t:|1659168435
|switch|p2a: Tyranitar|Tyranitar, M|31/100
|turn|41
|
|t:|1659168451
|switch|p1a: Slowking|Slowking-Galar, M|100/100
|move|p2a: Tyranitar|Crunch|p1a: Slowking
|-supereffective|p1a: Slowking
|-damage|p1a: Slowking|0 fnt
|faint|p1a: Slowking
|
|-weather|none
|upkeep
|inactive|LT91BB damien has 60 seconds left.
|
|t:|1659168484
|switch|p1a: Blacephalon|Blacephalon|31/100
|turn|42
|
|t:|1659168494
|switch|p2a: Zapdos|Zapdos|74/100 tox
|move|p1a: Blacephalon|Overheat|p2a: Zapdos
|-damage|p2a: Zapdos|0 fnt
|-unboost|p1a: Blacephalon|spa|2
|faint|p2a: Zapdos
|-ability|p1a: Blacephalon|Beast Boost|boost
|-boost|p1a: Blacephalon|spa|1
|
|upkeep
|
|t:|1659168510
|switch|p2a: Tyranitar|Tyranitar, M|31/100
|-weather|Sandstorm|[from] ability: Sand Stream|[of] p2a: Tyranitar
|turn|43
|
|t:|1659168529
|switch|p1a: Weavile|Weavile, F|6/100
|-ability|p1a: Weavile|Pressure
|switch|p2a: Excadrill|Excadrill, M|100/100
|
|-weather|Sandstorm|[upkeep]
|-damage|p1a: Weavile|0 fnt|[from] Sandstorm
|faint|p1a: Weavile
|upkeep
|
|t:|1659168535
|switch|p1a: Corviknight|Corviknight, F|51/100
|-ability|p1a: Corviknight|Pressure
|turn|44
|
|t:|1659168542
|switch|p2a: Tyranitar|Tyranitar, M|31/100
|move|p1a: Corviknight|Roost|p1a: Corviknight
|-heal|p1a: Corviknight|100/100
|-singleturn|p1a: Corviknight|move: Roost
|
|-weather|Sandstorm|[upkeep]
|upkeep
|turn|45
|inactive|LT91BB damien has 60 seconds left.
|
|t:|1659168574
|move|p2a: Tyranitar|Fire Punch|p1a: Corviknight
|-supereffective|p1a: Corviknight
|-damage|p1a: Corviknight|46/100
|move|p1a: Corviknight|Body Press|p2a: Tyranitar
|-supereffective|p2a: Tyranitar
|-damage|p2a: Tyranitar|0 fnt
|faint|p2a: Tyranitar
|
|-weather|Sandstorm|[upkeep]
|upkeep
|
|t:|1659168582
|switch|p2a: Excadrill|Excadrill, M|100/100
|turn|46
|c|☆tesla roadster|gg
|inactive|LT91BB damien has 60 seconds left.
|
|t:|1659168589
|move|p2a: Excadrill|Rock Slide|p1a: Corviknight
|-damage|p1a: Corviknight|21/100
|move|p1a: Corviknight|Roost|p1a: Corviknight
|-heal|p1a: Corviknight|71/100
|-singleturn|p1a: Corviknight|move: Roost
|
|-weather|Sandstorm|[upkeep]
|upkeep
|turn|47
|-message|tesla roadster forfeited.
|
|win|LT91BB damien
|raw|LT91BB damien's rating: 1715 &rarr; <strong>1736</strong><br />(+21 for winning)
|raw|tesla roadster's rating: 1738 &rarr; <strong>1717</strong><br />(-21 for losing)
|c|☆LT91BB damien|gg
|l|☆tesla roadster
|l|☆LT91BB damien
|l| ripreckful
