|j|☆Storm Zone
|j|☆testotesto321
|player|p1|Storm Zone|zinnia|1702
|player|p2|testotesto321|bellelba|1687
|teamsize|p1|6
|teamsize|p2|6
|gametype|singles
|gen|8
|tier|[Gen 8] OU
|rated|
|clearpoke
|poke|p1|Ninetales, M|
|poke|p1|Venusaur, M|
|poke|p1|Rhyperior, M|
|poke|p1|Togekiss, M|
|poke|p1|Aegislash, M|
|poke|p1|Darmanitan, M|
|poke|p2|Weavile, M|
|poke|p2|Zeraora|
|poke|p2|Gengar, F|
|poke|p2|Kommo-o, M|
|poke|p2|Corviknight, F|
|poke|p2|Toxapex, F|
|rule|Sleep Clause Mod: Limit one foe put to sleep
|rule|Species Clause: Limit one of each Pokémon
|rule|OHKO Clause: OHKO moves are banned
|rule|Evasion Moves Clause: Evasion moves are banned
|rule|Endless Battle Clause: Forcing endless battles is banned
|rule|HP Percentage Mod: HP is shown in percentages
|rule|Dynamax Clause: You cannot dynamax
|teampreview
|
|start
|switch|p1a: Mortar|Rhyperior, M|100/100
|switch|p2a: Kommo-o|Kommo-o, M|100/100
|turn|1
|
|move|p2a: Kommo-o|Toxic|p1a: Mortar
|-status|p1a: Mortar|tox
|move|p1a: Mortar|Stealth Rock|p2a: Kommo-o
|-sidestart|p2: testotesto321|move: Stealth Rock
|
|-damage|p1a: Mortar|94/100 tox|[from] psn
|upkeep
|turn|2
|
|switch|p2a: Corviknight|Corviknight, F, shiny|100/100
|-damage|p2a: Corviknight|88/100|[from] Stealth Rock
|-ability|p2a: Corviknight|Pressure
|switch|p1a: Naruto|Ninetales, M, shiny|100/100
|-weather|SunnyDay|[from] ability: Drought|[of] p1a: Naruto
|
|-weather|SunnyDay|[upkeep]
|-heal|p2a: Corviknight|94/100|[from] item: Leftovers
|upkeep
|turn|3
|
|switch|p2a: Kommo-o|Kommo-o, M|100/100
|-damage|p2a: Kommo-o|94/100|[from] Stealth Rock
|move|p1a: Naruto|Hypnosis|p2a: Kommo-o|[miss]
|-miss|p1a: Naruto|p2a: Kommo-o
|
|-weather|SunnyDay|[upkeep]
|-heal|p2a: Kommo-o|100/100|[from] item: Leftovers
|upkeep
|turn|4
|
|move|p1a: Naruto|Hypnosis|p2a: Kommo-o
|-status|p2a: Kommo-o|slp|[from] move: Hypnosis
|cant|p2a: Kommo-o|slp
|
|-weather|SunnyDay|[upkeep]
|upkeep
|turn|5
|
|switch|p1a: Rex|Venusaur, M|100/100
|cant|p2a: Kommo-o|slp
|
|-weather|SunnyDay|[upkeep]
|upkeep
|turn|6
|
|move|p1a: Rex|Growth|p1a: Rex
|-boost|p1a: Rex|atk|2
|-boost|p1a: Rex|spa|2
|-curestatus|p2a: Kommo-o|slp|[msg]
|move|p2a: Kommo-o|Taunt|p1a: Rex
|-start|p1a: Rex|move: Taunt
|
|-weather|SunnyDay|[upkeep]
|upkeep
|turn|7
|
|move|p1a: Rex|Earth Power|p2a: Kommo-o
|-damage|p2a: Kommo-o|28/100
|-damage|p1a: Rex|91/100|[from] item: Life Orb
|move|p2a: Kommo-o|Body Press|p1a: Rex
|-resisted|p1a: Rex
|-damage|p1a: Rex|61/100
|
|-weather|SunnyDay|[upkeep]
|-heal|p2a: Kommo-o|35/100|[from] item: Leftovers
|upkeep
|turn|8
|
|move|p1a: Rex|Giga Drain|p2a: Kommo-o
|-resisted|p2a: Kommo-o
|-damage|p2a: Kommo-o|0 fnt
|-heal|p1a: Rex|82/100|[from] drain|[of] p2a: Kommo-o
|-damage|p1a: Rex|72/100|[from] item: Life Orb
|faint|p2a: Kommo-o
|
|-weather|SunnyDay|[upkeep]
|upkeep
|
|switch|p2a: Weavile|Weavile, M|100/100
|-damage|p2a: Weavile|76/100|[from] Stealth Rock
|-ability|p2a: Weavile|Pressure
|turn|9
|j| hyper
|
|switch|p1a: Son Goku|Darmanitan, M|100/100
|move|p2a: Weavile|Ice Shard|p1a: Son Goku
|-resisted|p1a: Son Goku
|-damage|p1a: Son Goku|74/100
|
|-weather|none
|upkeep
|turn|10
|
|switch|p2a: Toxapex|Toxapex, F, shiny|100/100
|-damage|p2a: Toxapex|88/100|[from] Stealth Rock
|move|p1a: Son Goku|U-turn|p2a: Toxapex
|-resisted|p2a: Toxapex
|-damage|p2a: Toxapex|80/100
|
|switch|p1a: Naruto|Ninetales, M, shiny|100/100|[from]move: U-turn
|-weather|SunnyDay|[from] ability: Drought|[of] p1a: Naruto
|
|-weather|SunnyDay|[upkeep]
|-heal|p2a: Toxapex|87/100|[from] item: Black Sludge
|upkeep
|turn|11
|
|switch|p1a: Rex|Venusaur, M|72/100
|move|p2a: Toxapex|Toxic|p1a: Rex
|-immune|p1a: Rex
|
|-weather|SunnyDay|[upkeep]
|-heal|p2a: Toxapex|93/100|[from] item: Black Sludge
|upkeep
|turn|12
|
|move|p1a: Rex|Growth|p1a: Rex
|-boost|p1a: Rex|atk|2
|-boost|p1a: Rex|spa|2
|move|p2a: Toxapex|Scald|p1a: Rex
|-resisted|p1a: Rex
|-damage|p1a: Rex|67/100
|
|-weather|SunnyDay|[upkeep]
|-heal|p2a: Toxapex|99/100|[from] item: Black Sludge
|upkeep
|turn|13
|j|+Attribute
|
|move|p1a: Rex|Earth Power|p2a: Toxapex
|-supereffective|p2a: Toxapex
|-damage|p2a: Toxapex|0 fnt
|-damage|p1a: Rex|57/100|[from] item: Life Orb
|faint|p2a: Toxapex
|
|-weather|SunnyDay|[upkeep]
|upkeep
|j| Roxiee ☥
|j| g?e*o$t'al
|
|switch|p2a: Weavile|Weavile, M|76/100
|-damage|p2a: Weavile|51/100|[from] Stealth Rock
|-ability|p2a: Weavile|Pressure
|turn|14
|
|switch|p1a: Son Goku|Darmanitan, M|74/100
|move|p2a: Weavile|Knock Off|p1a: Son Goku
|-damage|p1a: Son Goku|0 fnt
|-enditem|p1a: Son Goku|Choice Scarf|[from] move: Knock Off|[of] p2a: Weavile
|faint|p1a: Son Goku
|
|-weather|SunnyDay|[upkeep]
|upkeep
|
|switch|p1a: Rex|Venusaur, M|57/100
|turn|15
|
|switch|p2a: Corviknight|Corviknight, F, shiny|94/100
|-damage|p2a: Corviknight|82/100|[from] Stealth Rock
|-ability|p2a: Corviknight|Pressure
|move|p1a: Rex|Weather Ball|p2a: Corviknight
|-supereffective|p2a: Corviknight
|-damage|p2a: Corviknight|0 fnt
|-damage|p1a: Rex|47/100|[from] item: Life Orb
|faint|p2a: Corviknight
|
|-weather|SunnyDay|[upkeep]
|upkeep
|
|switch|p2a: Weavile|Weavile, M|51/100
|-damage|p2a: Weavile|26/100|[from] Stealth Rock
|-ability|p2a: Weavile|Pressure
|turn|16
|
|switch|p1a: Mortar|Rhyperior, M|94/100 tox
|move|p2a: Weavile|Ice Shard|p1a: Mortar
|-supereffective|p1a: Mortar
|-damage|p1a: Mortar|68/100 tox
|
|-weather|SunnyDay|[upkeep]
|-heal|p1a: Mortar|74/100 tox|[from] item: Leftovers
|-damage|p1a: Mortar|68/100 tox|[from] psn
|upkeep
|turn|17
|
|switch|p2a: Gengar|Gengar, F|100/100
|-damage|p2a: Gengar|88/100|[from] Stealth Rock
|move|p1a: Mortar|Earthquake|p2a: Gengar
|-supereffective|p2a: Gengar
|-damage|p2a: Gengar|0 fnt
|faint|p2a: Gengar
|
|-weather|none
|-heal|p1a: Mortar|74/100 tox|[from] item: Leftovers
|-damage|p1a: Mortar|62/100 tox|[from] psn
|upkeep
|
|switch|p2a: Zeraora|Zeraora|100/100
|-damage|p2a: Zeraora|88/100|[from] Stealth Rock
|turn|18
|
|switch|p1a: Naruto|Ninetales, M, shiny|100/100
|-weather|SunnyDay|[from] ability: Drought|[of] p1a: Naruto
|move|p2a: Zeraora|Close Combat|p1a: Naruto
|-damage|p1a: Naruto|55/100
|-unboost|p2a: Zeraora|def|1
|-unboost|p2a: Zeraora|spd|1
|
|-weather|SunnyDay|[upkeep]
|-heal|p2a: Zeraora|94/100|[from] item: Leftovers
|upkeep
|turn|19
|
|move|p2a: Zeraora|Plasma Fists|p1a: Naruto
|-damage|p1a: Naruto|3/100
|-fieldactivate|move: Ion Deluge
|move|p1a: Naruto|Flamethrower|p2a: Zeraora
|-damage|p2a: Zeraora|13/100
|
|-weather|SunnyDay|[upkeep]
|-heal|p2a: Zeraora|19/100|[from] item: Leftovers
|upkeep
|turn|20
|-message|testotesto321 forfeited.
|
|win|Storm Zone
|l|☆testotesto321
