|j|☆minimax_ai
|j|☆gotsnsd
|t:|1665447812
|gametype|singles
|player|p1|minimax_ai|lusamine-nihilego|1578
|player|p2|gotsnsd|beauty-gen2jp|1559
|teamsize|p1|6
|teamsize|p2|6
|gen|8
|tier|[Gen 8] OU
|rated|
|rule|Sleep Clause Mod: Limit one foe put to sleep
|rule|Species Clause: Limit one of each Pokémon
|rule|OHKO Clause: OHKO moves are banned
|rule|Evasion Items Clause: Evasion items are banned
|rule|Evasion Moves Clause: Evasion moves are banned
|rule|Endless Battle Clause: Forcing endless battles is banned
|rule|HP Percentage Mod: HP is shown in percentages
|rule|Dynamax Clause: You cannot dynamax
|clearpoke
|poke|p1|Rotom-Wash|
|poke|p1|Weavile, F|
|poke|p1|Landorus-Therian, M|
|poke|p1|Heatran, M|
|poke|p1|Tangrowth, M|
|poke|p1|Melmetal|
|poke|p2|Melmetal|
|poke|p2|Blacephalon|
|poke|p2|Tapu Fini|
|poke|p2|Ferrothorn, F|
|poke|p2|Tornadus-Therian, M|
|poke|p2|Landorus-Therian, M|
|teampreview
|c|☆minimax_ai|hf
|inactive|Battle timer is ON: inactive players will automatically lose when time's up. (requested by minimax_ai)
|
|t:|1665447829
|start
|switch|p1a: Heatran|Heatran, M|100/100
|switch|p2a: Ferrothorn|Ferrothorn, F|100/100
|-item|p1a: Heatran|Air Balloon
|turn|1
|
|t:|1665447835
|switch|p2a: Tapu Fini|Tapu Fini|100/100
|-fieldstart|move: Misty Terrain|[from] ability: Misty Surge|[of] p2a: Tapu Fini
|move|p1a: Heatran|Magma Storm|p2a: Tapu Fini
|-resisted|p2a: Tapu Fini
|-damage|p2a: Tapu Fini|82/100
|-activate|p2a: Tapu Fini|move: Magma Storm|[of] p1a: Heatran
|
|-damage|p2a: Tapu Fini|69/100|[from] move: Magma Storm|[partiallytrapped]
|upkeep
|turn|2
|
|t:|1665447840
|move|p2a: Tapu Fini|Trick|p1a: Heatran
|-activate|p2a: Tapu Fini|move: Trick|[of] p1a: Heatran
|-item|p1a: Heatran|Choice Scarf|[from] move: Trick
|-item|p2a: Tapu Fini|Air Balloon
|-item|p2a: Tapu Fini|Air Balloon|[from] move: Trick
|move|p1a: Heatran|Stealth Rock|p2a: Tapu Fini
|-sidestart|p2: gotsnsd|move: Stealth Rock
|
|-damage|p2a: Tapu Fini|57/100|[from] move: Magma Storm|[partiallytrapped]
|upkeep
|turn|3
|
|t:|1665447843
|switch|p1a: Melmetal|Melmetal|100/100
|move|p2a: Tapu Fini|Scald|p1a: Melmetal
|-damage|p1a: Melmetal|86/100
|
|-end|p2a: Tapu Fini|Magma Storm|[partiallytrapped]|[silent]
|upkeep
|turn|4
|
|t:|1665447849
|switch|p2a: Ferrothorn|Ferrothorn, F|100/100
|-damage|p2a: Ferrothorn|95/100|[from] Stealth Rock
|move|p1a: Melmetal|Double Iron Bash|p2a: Ferrothorn
|-resisted|p2a: Ferrothorn
|-damage|p2a: Ferrothorn|82/100
|-damage|p1a: Melmetal|74/100|[from] ability: Iron Barbs|[of] p2a: Ferrothorn
|-damage|p1a: Melmetal|57/100|[from] item: Rocky Helmet|[of] p2a: Ferrothorn
|-resisted|p2a: Ferrothorn
|-damage|p2a: Ferrothorn|70/100
|-damage|p1a: Melmetal|44/100|[from] ability: Iron Barbs|[of] p2a: Ferrothorn
|-damage|p1a: Melmetal|28/100|[from] item: Rocky Helmet|[of] p2a: Ferrothorn
|-hitcount|p2a: Ferrothorn|2
|
|upkeep
|turn|5
|
|t:|1665447851
|switch|p1a: Heatran|Heatran, M|100/100
|move|p2a: Ferrothorn|Stealth Rock|p1a: Heatran
|-sidestart|p1: minimax_ai|move: Stealth Rock
|
|-fieldend|Misty Terrain
|upkeep
|turn|6
|
|t:|1665447857
|switch|p2a: Tornadus|Tornadus-Therian, M|100/100
|move|p1a: Heatran|Eruption|p2a: Tornadus
|-damage|p2a: Tornadus|23/100
|
|upkeep
|turn|7
|j| AcaiForLife
|
|t:|1665447873
|switch|p2a: Tapu Fini|Tapu Fini|57/100
|-damage|p2a: Tapu Fini|45/100|[from] Stealth Rock
|-fieldstart|move: Misty Terrain|[from] ability: Misty Surge|[of] p2a: Tapu Fini
|-item|p2a: Tapu Fini|Air Balloon
|move|p1a: Heatran|Eruption|p2a: Tapu Fini
|-resisted|p2a: Tapu Fini
|-damage|p2a: Tapu Fini|13/100
|-enditem|p2a: Tapu Fini|Air Balloon
|
|upkeep
|turn|8
|
|t:|1665447876
|move|p1a: Heatran|Eruption|p2a: Tapu Fini
|-resisted|p2a: Tapu Fini
|-damage|p2a: Tapu Fini|0 fnt
|faint|p2a: Tapu Fini
|
|upkeep
|
|t:|1665447880
|switch|p2a: Landorus|Landorus-Therian, M|100/100
|-damage|p2a: Landorus|88/100|[from] Stealth Rock
|-ability|p2a: Landorus|Intimidate|boost
|-unboost|p1a: Heatran|atk|1
|turn|9
|
|t:|1665447885
|switch|p1a: Tangrowth|Tangrowth, M|100/100
|-damage|p1a: Tangrowth|88/100|[from] Stealth Rock
|move|p2a: Landorus|Earthquake|p1a: Tangrowth
|-resisted|p1a: Tangrowth
|-damage|p1a: Tangrowth|75/100
|
|-heal|p2a: Landorus|94/100|[from] item: Leftovers
|upkeep
|turn|10
|
|t:|1665447892
|switch|p2a: Ferrothorn|Ferrothorn, F|70/100
|-damage|p2a: Ferrothorn|64/100|[from] Stealth Rock
|move|p1a: Tangrowth|Knock Off|p2a: Ferrothorn
|-damage|p2a: Ferrothorn|51/100
|-damage|p1a: Tangrowth|62/100|[from] ability: Iron Barbs|[of] p2a: Ferrothorn
|-damage|p1a: Tangrowth|46/100|[from] item: Rocky Helmet|[of] p2a: Ferrothorn
|-enditem|p2a: Ferrothorn|Rocky Helmet|[from] move: Knock Off|[of] p1a: Tangrowth
|
|upkeep
|turn|11
|
|t:|1665447896
|switch|p2a: Tornadus|Tornadus-Therian, M|56/100
|move|p1a: Tangrowth|Focus Blast|p2a: Tornadus|[miss]
|-miss|p1a: Tangrowth|p2a: Tornadus
|
|-fieldend|Misty Terrain
|upkeep
|turn|12
|
|t:|1665447898
|switch|p1a: landorustherian|Landorus-Therian, M|100/100
|-damage|p1a: landorustherian|88/100|[from] Stealth Rock
|-ability|p1a: landorustherian|Intimidate|boost
|-unboost|p2a: Tornadus|atk|1
|move|p2a: Tornadus|Hurricane|p1a: landorustherian
|-damage|p1a: landorustherian|55/100
|
|-heal|p1a: landorustherian|61/100|[from] item: Leftovers
|upkeep
|turn|13
|
|t:|1665447903
|move|p2a: Tornadus|Hurricane|p1a: landorustherian|[miss]
|-miss|p2a: Tornadus|p1a: landorustherian
|move|p1a: landorustherian|Toxic|p2a: Tornadus
|-status|p2a: Tornadus|tox
|
|-heal|p1a: landorustherian|67/100|[from] item: Leftovers
|-damage|p2a: Tornadus|50/100 tox|[from] psn
|upkeep
|turn|14
|
|t:|1665447906
|move|p2a: Tornadus|Knock Off|p1a: landorustherian
|-crit|p1a: landorustherian
|-damage|p1a: landorustherian|39/100
|-enditem|p1a: landorustherian|Leftovers|[from] move: Knock Off|[of] p2a: Tornadus
|move|p1a: landorustherian|Toxic|p2a: Tornadus
|-fail|p2a: Tornadus|tox
|
|-damage|p2a: Tornadus|38/100 tox|[from] psn
|upkeep
|turn|15
|
|t:|1665447912
|switch|p2a: Landorus|Landorus-Therian, M|94/100
|-damage|p2a: Landorus|82/100|[from] Stealth Rock
|-ability|p2a: Landorus|Intimidate|boost
|-unboost|p1a: landorustherian|atk|1
|move|p1a: landorustherian|Defog|p2a: Landorus
|-unboost|p2a: Landorus|evasion|1
|-sideend|p2: gotsnsd|Stealth Rock|[from] move: Defog|[of] p1a: landorustherian
|-sideend|p1: minimax_ai|Stealth Rock|[from] move: Defog|[of] p1a: landorustherian
|
|-heal|p2a: Landorus|88/100|[from] item: Leftovers
|upkeep
|turn|16
|
|t:|1665447917
|move|p2a: Landorus|Gravity|p2a: Landorus
|-fieldstart|move: Gravity
|move|p1a: landorustherian|Toxic|p2a: Landorus
|-status|p2a: Landorus|tox
|
|-heal|p2a: Landorus|94/100 tox|[from] item: Leftovers
|-damage|p2a: Landorus|88/100 tox|[from] psn
|upkeep
|turn|17
|
|t:|1665447921
|switch|p1a: Tangrowth|Tangrowth, M|79/100
|move|p2a: Landorus|Swords Dance|p2a: Landorus
|-boost|p2a: Landorus|atk|2
|
|-heal|p2a: Landorus|94/100 tox|[from] item: Leftovers
|-damage|p2a: Landorus|82/100 tox|[from] psn
|upkeep
|turn|18
|
|t:|1665447925
|switch|p2a: Blacephalon|Blacephalon|100/100
|move|p1a: Tangrowth|Knock Off|p2a: Blacephalon
|-supereffective|p2a: Blacephalon
|-damage|p2a: Blacephalon|0 fnt
|-enditem|p2a: Blacephalon|Choice Specs|[from] move: Knock Off|[of] p1a: Tangrowth
|faint|p2a: Blacephalon
|
|upkeep
|
|t:|1665447929
|switch|p2a: Tornadus|Tornadus-Therian, M|71/100 tox
|turn|19
|
|t:|1665447932
|switch|p1a: Heatran|Heatran, M|100/100
|move|p2a: Tornadus|Hurricane|p1a: Heatran
|-resisted|p1a: Heatran
|-damage|p1a: Heatran|81/100
|
|-damage|p2a: Tornadus|65/100 tox|[from] psn
|upkeep
|turn|20
|
|t:|1665447935
|move|p1a: Heatran|Eruption|p2a: Tornadus
|-damage|p2a: Tornadus|6/100 tox
|move|p2a: Tornadus|Knock Off|p1a: Heatran
|-damage|p1a: Heatran|59/100
|-enditem|p1a: Heatran|Choice Scarf|[from] move: Knock Off|[of] p2a: Tornadus
|
|-damage|p2a: Tornadus|0 fnt|[from] psn
|faint|p2a: Tornadus
|-fieldend|move: Gravity
|upkeep
|
|t:|1665447941
|switch|p2a: Landorus|Landorus-Therian, M|82/100 tox
|-ability|p2a: Landorus|Intimidate|boost
|-unboost|p1a: Heatran|atk|1
|turn|21
|
|t:|1665447946
|switch|p1a: Tangrowth|Tangrowth, M|100/100
|move|p2a: Landorus|Swords Dance|p2a: Landorus
|-boost|p2a: Landorus|atk|2
|
|-heal|p2a: Landorus|88/100 tox|[from] item: Leftovers
|-damage|p2a: Landorus|82/100 tox|[from] psn
|upkeep
|turn|22
|
|t:|1665447953
|move|p2a: Landorus|Stone Edge|p1a: Tangrowth
|-crit|p1a: Tangrowth
|-damage|p1a: Tangrowth|51/100
|move|p1a: Tangrowth|Giga Drain|p2a: Landorus
|-damage|p2a: Landorus|52/100 tox
|-heal|p1a: Tangrowth|65/100|[from] drain|[of] p2a: Landorus
|
|-heal|p2a: Landorus|58/100 tox|[from] item: Leftovers
|-damage|p2a: Landorus|46/100 tox|[from] psn
|upkeep
|turn|23
|
|t:|1665447957
|switch|p2a: Melmetal|Melmetal|100/100
|move|p1a: Tangrowth|Giga Drain|p2a: Melmetal
|-resisted|p2a: Melmetal
|-damage|p2a: Melmetal|83/100
|-heal|p1a: Tangrowth|74/100|[from] drain|[of] p2a: Melmetal
|
|upkeep
|turn|24
|
|t:|1665447961
|move|p2a: Melmetal|Double Iron Bash|p1a: Tangrowth
|-crit|p1a: Tangrowth
|-damage|p1a: Tangrowth|42/100
|-damage|p1a: Tangrowth|17/100
|-hitcount|p1a: Tangrowth|2
|cant|p1a: Tangrowth|flinch
|
|upkeep
|turn|25
|
|t:|1665447965
|switch|p2a: Landorus|Landorus-Therian, M|46/100 tox
|-ability|p2a: Landorus|Intimidate|boost
|-unboost|p1a: Tangrowth|atk|1
|switch|p1a: rotomwash|Rotom-Wash|100/100
|
|-heal|p2a: Landorus|52/100 tox|[from] item: Leftovers
|-damage|p2a: Landorus|46/100 tox|[from] psn
|upkeep
|turn|26
|
|t:|1665447968
|switch|p1a: Tangrowth|Tangrowth, M|50/100
|move|p2a: Landorus|Stone Edge|p1a: Tangrowth|[miss]
|-miss|p2a: Landorus|p1a: Tangrowth
|
|-heal|p2a: Landorus|52/100 tox|[from] item: Leftovers
|-damage|p2a: Landorus|40/100 tox|[from] psn
|upkeep
|turn|27
|-message|gotsnsd forfeited.
|
|win|minimax_ai
|raw|minimax_ai's rating: 1578 &rarr; <strong>1597</strong><br />(+19 for winning)
|raw|gotsnsd's rating: 1559 &rarr; <strong>1540</strong><br />(-19 for losing)
|c|☆minimax_ai|gg
