|j|☆Valentine
|j|☆Hayburner
|player|p1|Valentine|#wcop2020uswest|
|player|p2|Hayburner|#wcop2020canada|
|teamsize|p1|6
|teamsize|p2|6
|gametype|singles
|gen|8
|tier|[Gen 8] OU
|clearpoke
|poke|p1|Haxorus, M|
|poke|p1|Kommo-o, F|
|poke|p1|Dragapult, M|
|poke|p1|Skarmory, M|
|poke|p1|Magnezone|
|poke|p1|Cinderace, M|
|poke|p2|Ninetales-Alola, F|
|poke|p2|Magearna|
|poke|p2|Azumarill, F|
|poke|p2|Terrakion|
|poke|p2|Rillaboom, F|
|poke|p2|Haxorus, F|
|rule|Sleep Clause Mod: Limit one foe put to sleep
|rule|Species Clause: Limit one of each Pokémon
|rule|OHKO Clause: OHKO moves are banned
|rule|Evasion Moves Clause: Evasion moves are banned
|rule|Endless Battle Clause: Forcing endless battles is banned
|rule|HP Percentage Mod: HP is shown in percentages
|rule|Dynamax Clause: You cannot dynamax
|teampreview
|c|☆Hayburner|hf
|raw|<div class="broadcast-red"><strong>Moderated chat was set to +!</strong><br />Only users of rank + and higher can talk.</div>
|j|+Chaitanya
|j|+Analytic
|l|+Chaitanya
|j|+Jordy
|j|@Finchinator
|
|start
|switch|p1a: boat|Cinderace, M|100/100
|switch|p2a: Terrakion|Terrakion|100/100
|turn|1
|c|@Finchinator|why.
|j|+Excal
|j|+Chaitanya
|c|☆Hayburner|idk val said he had an issue stours
|j|%EviGaro
|c|@Finchinator|kk
|j|+Kev
|
|move|p1a: boat|Taunt|p2a: Terrakion
|-start|p1a: boat|typechange|Dark|[from] ability: Libero
|-start|p2a: Terrakion|move: Taunt
|cant|p2a: Terrakion|move: Taunt|Stealth Rock
|
|upkeep
|turn|2
|j|@Tony
|j|+stresh
|
|move|p1a: boat|U-turn|p2a: Terrakion
|-start|p1a: boat|typechange|Bug|[from] ability: Libero
|-resisted|p2a: Terrakion
|-damage|p2a: Terrakion|79/100
|j|+Texas Cloverleaf
|j|+phiwings99
|inactive|Battle timer is ON: inactive players will automatically lose when time's up. (requested by Finchinator)
|j|+Vileman
|l|+Excal
|inactive|Valentine has 270 seconds left.
|j|+Leo
|inactive|Valentine has 240 seconds left.
|
|switch|p1a: rozes|Dragapult, M|100/100|[from]move: U-turn
|move|p2a: Terrakion|Stone Edge|p1a: rozes
|-damage|p1a: rozes|26/100
|
|upkeep
|turn|3
|c|+Leo|go hay
|j|+martha
|raw|<div class="broadcast-red"><strong>Moderated chat was set to ☆!</strong><br />Only users of rank ☆ and higher can talk.</div>
|inactive|Hayburner has 270 seconds left.
|
|switch|p2a: Ninetales|Ninetales-Alola, F|100/100
|-weather|Hail|[from] ability: Snow Warning|[of] p2a: Ninetales
|move|p1a: rozes|Steel Wing|p2a: Ninetales
|-supereffective|p2a: Ninetales
|-damage|p2a: Ninetales|0 fnt
|-damage|p1a: rozes|16/100|[from] item: Life Orb
|faint|p2a: Ninetales
|
|-weather|Hail|[upkeep]
|-damage|p1a: rozes|10/100|[from] Hail
|upkeep
|inactive|Hayburner has 270 seconds left.
|
|switch|p2a: Azumarill|Azumarill, F|100/100
|turn|4
|inactive|Hayburner has 240 seconds left.
|inactive|Valentine has 270 seconds left.
|inactive|Hayburner has 210 seconds left.
|inactive|Valentine has 240 seconds left.
|inactive|Valentine has 210 seconds left.
|
|switch|p1a: lax|Kommo-o, F|100/100
|move|p2a: Azumarill|Belly Drum|p2a: Azumarill
|-damage|p2a: Azumarill|50/100
|-setboost|p2a: Azumarill|atk|6|[from] move: Belly Drum
|-enditem|p2a: Azumarill|Sitrus Berry|[eat]
|-heal|p2a: Azumarill|75/100|[from] item: Sitrus Berry
|
|-weather|Hail|[upkeep]
|-damage|p2a: Azumarill|69/100|[from] Hail
|upkeep
|turn|5
|
|move|p1a: lax|Iron Tail|p2a: Azumarill|[miss]
|-miss|p1a: lax|p2a: Azumarill
|move|p2a: Azumarill|Play Rough|p1a: lax
|-supereffective|p1a: lax
|-damage|p1a: lax|0 fnt
|faint|p1a: lax
|
|-weather|Hail|[upkeep]
|-damage|p2a: Azumarill|63/100|[from] Hail
|upkeep
|
|switch|p1a: ben|Haxorus, M|100/100
|-ability|p1a: ben|Mold Breaker
|turn|6
|
|move|p2a: Azumarill|Aqua Jet|p1a: ben
|-resisted|p1a: ben
|-damage|p1a: ben|33/100
|move|p1a: ben|Earthquake|p2a: Azumarill
|-damage|p2a: Azumarill|2/100
|-damage|p1a: ben|23/100|[from] item: Life Orb
|
|-weather|Hail|[upkeep]
|-damage|p1a: ben|17/100|[from] Hail
|-damage|p2a: Azumarill|0 fnt|[from] Hail
|faint|p2a: Azumarill
|upkeep
|
|switch|p2a: Terrakion|Terrakion|79/100
|turn|7
|
|move|p2a: Terrakion|Close Combat|p1a: ben
|-damage|p1a: ben|0 fnt
|-unboost|p2a: Terrakion|def|1
|-unboost|p2a: Terrakion|spd|1
|faint|p1a: ben
|
|-weather|none
|upkeep
|inactive|Valentine has 210 seconds left.
|inactive|Valentine has 180 seconds left.
|inactive|Valentine has 150 seconds left.
|
|switch|p1a: rozes|Dragapult, M|10/100
|turn|8
|inactive|Valentine has 150 seconds left.
|inactive|Hayburner has 210 seconds left.
|inactive|Hayburner has 180 seconds left.
|inactive|Hayburner has 150 seconds left.
|inactive|Hayburner has 120 seconds left.
|
|switch|p2a: Magearna|Magearna|100/100
|move|p1a: rozes|Steel Wing|p2a: Magearna
|-damage|p2a: Magearna|71/100
|-damage|p1a: rozes|0 fnt|[from] item: Life Orb
|faint|p1a: rozes
|-ability|p2a: Magearna|Soul-Heart|boost
|-boost|p2a: Magearna|spa|1
|
|upkeep
|inactive|Valentine has 120 seconds left.
|
|switch|p1a: hockey1|Magnezone|100/100
|turn|9
|inactive|Valentine has 120 seconds left.
|inactive|Hayburner has 120 seconds left.
|
|move|p2a: Magearna|Shift Gear|p2a: Magearna
|-boost|p2a: Magearna|spe|2
|-boost|p2a: Magearna|atk|1
|move|p1a: hockey1|Steel Beam|p2a: Magearna
|-damage|p2a: Magearna|0 fnt
|-damage|p1a: hockey1|50/100|[from] mindblown
|faint|p2a: Magearna
|
|upkeep
|inactive|Hayburner has 90 seconds left.
|inactive|Hayburner has 60 seconds left.
|
|switch|p2a: Terrakion|Terrakion|79/100
|turn|10
|inactive|Valentine has 120 seconds left.
|inactive|Valentine has 90 seconds left.
|
|move|p2a: Terrakion|Close Combat|p1a: hockey1
|-supereffective|p1a: hockey1
|-damage|p1a: hockey1|0 fnt
|-unboost|p2a: Terrakion|def|1
|-unboost|p2a: Terrakion|spd|1
|faint|p1a: hockey1
|
|upkeep
|
|switch|p1a: boat|Cinderace, M|100/100
|turn|11
|inactive|Valentine has 90 seconds left.
|inactive|Hayburner has 60 seconds left.
|
|switch|p2a: Rillaboom|Rillaboom, F|100/100
|-fieldstart|move: Grassy Terrain|[from] ability: Grassy Surge|[of] p2a: Rillaboom
|move|p1a: boat|Gunk Shot|p2a: Rillaboom|[miss]
|-start|p1a: boat|typechange|Poison|[from] ability: Libero
|-miss|p1a: boat|p2a: Rillaboom
|
|upkeep
|turn|12
|
|switch|p2a: Terrakion|Terrakion|79/100
|move|p1a: boat|Gunk Shot|p2a: Terrakion
|-resisted|p2a: Terrakion
|-damage|p2a: Terrakion|47/100
|
|-heal|p2a: Terrakion|53/100|[from] Grassy Terrain
|upkeep
|turn|13
|
|move|p1a: boat|Gunk Shot|p2a: Terrakion
|-resisted|p2a: Terrakion
|-damage|p2a: Terrakion|22/100
|move|p2a: Terrakion|Stone Edge|p1a: boat|[miss]
|-miss|p2a: Terrakion|p1a: boat
|
|-heal|p2a: Terrakion|28/100|[from] Grassy Terrain
|upkeep
|turn|14
|
|move|p1a: boat|Gunk Shot|p2a: Terrakion
|-resisted|p2a: Terrakion
|-damage|p2a: Terrakion|0 fnt
|faint|p2a: Terrakion
|
|upkeep
|
|switch|p2a: Haxorus|Haxorus, F|100/100
|-ability|p2a: Haxorus|Mold Breaker
|turn|15
|
|move|p1a: boat|U-turn|p2a: Haxorus
|-start|p1a: boat|typechange|Bug|[from] ability: Libero
|-damage|p2a: Haxorus|60/100
|
|switch|p1a: vaboh|Skarmory, M|100/100|[from]move: U-turn
|move|p2a: Haxorus|Scale Shot|p1a: vaboh
|-resisted|p1a: vaboh
|-damage|p1a: vaboh|88/100
|-resisted|p1a: vaboh
|-damage|p1a: vaboh|75/100
|-hitcount|p1a: vaboh|2
|-unboost|p2a: Haxorus|def|1
|-boost|p2a: Haxorus|spe|1
|-damage|p2a: Haxorus|50/100|[from] item: Life Orb
|
|-heal|p2a: Haxorus|56/100|[from] Grassy Terrain
|-fieldend|move: Grassy Terrain
|upkeep
|turn|16
|inactive|Hayburner has 60 seconds left.
|
|move|p2a: Haxorus|Swords Dance|p2a: Haxorus
|-boost|p2a: Haxorus|atk|2
|move|p1a: vaboh|Steel Beam|p2a: Haxorus
|-damage|p2a: Haxorus|3/100
|-damage|p1a: vaboh|25/100|[from] mindblown
|-enditem|p1a: vaboh|Salac Berry|[eat]
|-boost|p1a: vaboh|spe|1|[from] item: Salac Berry
|
|upkeep
|turn|17
|
|move|p2a: Haxorus|Close Combat|p1a: vaboh
|-damage|p1a: vaboh|0 fnt
|-unboost|p2a: Haxorus|def|1
|-unboost|p2a: Haxorus|spd|1
|-damage|p2a: Haxorus|0 fnt|[from] item: Life Orb
|faint|p1a: vaboh
|faint|p2a: Haxorus
|
|upkeep
|
|switch|p2a: Rillaboom|Rillaboom, F|100/100
|switch|p1a: boat|Cinderace, M|100/100
|-fieldstart|move: Grassy Terrain|[from] ability: Grassy Surge|[of] p2a: Rillaboom
|turn|18
|
|move|p1a: boat|Pyro Ball|p2a: Rillaboom
|-supereffective|p2a: Rillaboom
|-damage|p2a: Rillaboom|0 fnt
|faint|p2a: Rillaboom
|
|win|Valentine
|c|☆Hayburner|gg
|l|%EviGaro
|l|☆Valentine
|j|☆Valentine
|player|p1|Valentine|#wcop2020uswest
|c|☆Valentine|gg
|l|@Finchinator
