|raw|<div class="broadcast-blue"><strong>This battle is required to be public due to a player having a name starting with 'lt94je'.</div>
|j|☆wish kisser
|j|☆LT94JE At
|t:|1661620864
|gametype|singles
|player|p1|wish kisser|ethan|1841
|player|p2|LT94JE At|unknown|1848
|teamsize|p1|6
|teamsize|p2|6
|gen|8
|tier|[Gen 8] OU
|rated|
|rule|Sleep Clause Mod: Limit one foe put to sleep
|rule|Species Clause: Limit one of each Pokémon
|rule|OHKO Clause: OHKO moves are banned
|rule|Evasion Items Clause: Evasion items are banned
|rule|Evasion Moves Clause: Evasion moves are banned
|rule|Endless Battle Clause: Forcing endless battles is banned
|rule|HP Percentage Mod: HP is shown in percentages
|rule|Dynamax Clause: You cannot dynamax
|clearpoke
|poke|p1|Volcarona, M|
|poke|p1|Heatran, M|
|poke|p1|Kartana|
|poke|p1|Rillaboom, M|
|poke|p1|Zapdos|
|poke|p1|Zeraora|
|poke|p2|Dragonite, F|
|poke|p2|Tyranitar, M|
|poke|p2|Excadrill, F|
|poke|p2|Clefable, F|
|poke|p2|Scizor, M|
|poke|p2|Tornadus-Therian, M|
|teampreview
|l|☆LT94JE At
|player|p2|
|inactive|Battle timer is ON: inactive players will automatically lose when time's up. (requested by wish kisser)
|j|☆LT94JE At
|inactive|LT94JE At reconnected and has 135 seconds left.
|player|p2|LT94JE At|unknown
|j| LT94JE 36
|inactive|LT94JE At also wants the timer to be on.
|
|t:|1661620904
|start
|switch|p1a: Byakko|Zapdos, shiny|100/100
|switch|p2a: Clefable|Clefable, F|100/100
|turn|1
|
|t:|1661620908
|move|p1a: Byakko|Hurricane|p2a: Clefable|[miss]
|-miss|p1a: Byakko|p2a: Clefable
|move|p2a: Clefable|Stealth Rock|p1a: Byakko
|-sidestart|p1: wish kisser|move: Stealth Rock
|
|upkeep
|turn|2
|
|t:|1661620911
|switch|p2a: Tyranitar|Tyranitar, M|100/100
|-weather|Sandstorm|[from] ability: Sand Stream|[of] p2a: Tyranitar
|move|p1a: Byakko|Volt Switch|p2a: Tyranitar
|-damage|p2a: Tyranitar|81/100
|
|t:|1661620916
|switch|p1a: Kong|Rillaboom, M, shiny|100/100|[from]move: Volt Switch
|-damage|p1a: Kong|88/100|[from] Stealth Rock
|-fieldstart|move: Grassy Terrain|[from] ability: Grassy Surge|[of] p1a: Kong
|
|-weather|Sandstorm|[upkeep]
|-damage|p1a: Kong|82/100|[from] Sandstorm
|-heal|p1a: Kong|88/100|[from] Grassy Terrain
|-heal|p1a: Kong|94/100|[from] item: Leftovers
|-heal|p2a: Tyranitar|87/100|[from] Grassy Terrain
|upkeep
|turn|3
|
|t:|1661620918
|switch|p1a: Chaos|Heatran, M, shiny|100/100
|-damage|p1a: Chaos|88/100|[from] Stealth Rock
|switch|p2a: Scizor|Scizor, M|100/100
|
|-weather|Sandstorm|[upkeep]
|-heal|p1a: Chaos|94/100|[from] Grassy Terrain
|-heal|p1a: Chaos|100/100|[from] item: Leftovers
|upkeep
|turn|4
|
|t:|1661620924
|switch|p2a: Tyranitar|Tyranitar, M|87/100
|move|p1a: Chaos|Stealth Rock|p2a: Tyranitar
|-sidestart|p2: LT94JE At|move: Stealth Rock
|
|-weather|Sandstorm|[upkeep]
|-heal|p2a: Tyranitar|93/100|[from] Grassy Terrain
|upkeep
|turn|5
|
|t:|1661620927
|move|p1a: Chaos|Protect|p1a: Chaos
|-singleturn|p1a: Chaos|Protect
|move|p2a: Tyranitar|Rock Blast|p1a: Chaos
|-activate|p1a: Chaos|move: Protect
|
|-weather|Sandstorm|[upkeep]
|-heal|p2a: Tyranitar|99/100|[from] Grassy Terrain
|upkeep
|turn|6
|
|t:|1661620934
|switch|p2a: Dragonite|Dragonite, F|100/100
|move|p1a: Chaos|Toxic|p2a: Dragonite
|-status|p2a: Dragonite|tox
|
|-weather|none
|-damage|p2a: Dragonite|94/100 tox|[from] psn
|-fieldend|move: Grassy Terrain
|upkeep
|turn|7
|
|t:|1661620940
|switch|p2a: Tornadus|Tornadus-Therian, M|100/100
|switch|p1a: Byakko|Zapdos, shiny|100/100
|
|upkeep
|turn|8
|
|t:|1661620944
|switch|p2a: Tyranitar|Tyranitar, M|99/100
|-weather|Sandstorm|[from] ability: Sand Stream|[of] p2a: Tyranitar
|move|p1a: Byakko|Thunderbolt|p2a: Tyranitar
|-damage|p2a: Tyranitar|74/100
|
|-weather|Sandstorm|[upkeep]
|-damage|p1a: Byakko|94/100|[from] Sandstorm
|upkeep
|turn|9
|j| xTrashboat
|
|t:|1661620951
|move|p1a: Byakko|Volt Switch|p2a: Tyranitar
|-damage|p2a: Tyranitar|52/100
|
|t:|1661620954
|switch|p1a: Chaos|Heatran, M, shiny|100/100|[from]move: Volt Switch
|-damage|p1a: Chaos|88/100|[from] Stealth Rock
|move|p2a: Tyranitar|Rock Blast|p1a: Chaos
|-damage|p1a: Chaos|78/100
|-damage|p1a: Chaos|69/100
|-damage|p1a: Chaos|60/100
|-hitcount|p1a: Chaos|3
|
|-weather|Sandstorm|[upkeep]
|-heal|p1a: Chaos|66/100|[from] item: Leftovers
|upkeep
|turn|10
|
|t:|1661620963
|switch|p1a: Kong|Rillaboom, M, shiny|94/100
|-damage|p1a: Kong|82/100|[from] Stealth Rock
|-fieldstart|move: Grassy Terrain|[from] ability: Grassy Surge|[of] p1a: Kong
|move|p2a: Tyranitar|Rock Blast|p1a: Kong
|-damage|p1a: Kong|68/100
|-damage|p1a: Kong|56/100
|-hitcount|p1a: Kong|2
|
|-weather|Sandstorm|[upkeep]
|-damage|p1a: Kong|49/100|[from] Sandstorm
|-heal|p1a: Kong|56/100|[from] Grassy Terrain
|-heal|p1a: Kong|62/100|[from] item: Leftovers
|-heal|p2a: Tyranitar|58/100|[from] Grassy Terrain
|upkeep
|turn|11
|
|t:|1661620967
|switch|p2a: Scizor|Scizor, M|100/100
|move|p1a: Kong|Knock Off|p2a: Scizor
|-damage|p2a: Scizor|69/100
|-enditem|p2a: Scizor|Heavy-Duty Boots|[from] move: Knock Off|[of] p1a: Kong
|
|-weather|Sandstorm|[upkeep]
|-damage|p1a: Kong|56/100|[from] Sandstorm
|-heal|p1a: Kong|62/100|[from] Grassy Terrain
|-heal|p1a: Kong|68/100|[from] item: Leftovers
|-heal|p2a: Scizor|75/100|[from] Grassy Terrain
|upkeep
|turn|12
|
|t:|1661620972
|switch|p1a: Byakko|Zapdos, shiny|94/100
|move|p2a: Scizor|Knock Off|p1a: Byakko
|-damage|p1a: Byakko|63/100
|-enditem|p1a: Byakko|Heavy-Duty Boots|[from] move: Knock Off|[of] p2a: Scizor
|
|-weather|none
|-heal|p2a: Scizor|81/100|[from] Grassy Terrain
|upkeep
|turn|13
|
|t:|1661620979
|switch|p2a: Excadrill|Excadrill, F|100/100
|-damage|p2a: Excadrill|97/100|[from] Stealth Rock
|move|p1a: Byakko|Roost|p1a: Byakko
|-heal|p1a: Byakko|100/100
|-singleturn|p1a: Byakko|move: Roost
|
|-heal|p2a: Excadrill|100/100|[from] Grassy Terrain
|upkeep
|turn|14
|
|t:|1661620982
|switch|p2a: Tyranitar|Tyranitar, M|58/100
|-weather|Sandstorm|[from] ability: Sand Stream|[of] p2a: Tyranitar
|move|p1a: Byakko|Hurricane|p2a: Tyranitar
|-resisted|p2a: Tyranitar
|-damage|p2a: Tyranitar|42/100
|-start|p2a: Tyranitar|confusion
|
|-weather|Sandstorm|[upkeep]
|-damage|p1a: Byakko|94/100|[from] Sandstorm
|-heal|p2a: Tyranitar|48/100|[from] Grassy Terrain
|-fieldend|move: Grassy Terrain
|upkeep
|turn|15
|
|t:|1661620996
|move|p1a: Byakko|Hurricane|p2a: Tyranitar
|-resisted|p2a: Tyranitar
|-damage|p2a: Tyranitar|33/100
|-activate|p2a: Tyranitar|confusion
|move|p2a: Tyranitar|Crunch|p1a: Byakko
|-damage|p1a: Byakko|41/100
|
|-weather|Sandstorm|[upkeep]
|-damage|p1a: Byakko|34/100|[from] Sandstorm
|upkeep
|turn|16
|
|t:|1661621001
|move|p1a: Byakko|Roost|p1a: Byakko
|-heal|p1a: Byakko|85/100
|-singleturn|p1a: Byakko|move: Roost
|-activate|p2a: Tyranitar|confusion
|-damage|p2a: Tyranitar|20/100|[from] confusion
|
|-weather|Sandstorm|[upkeep]
|-damage|p1a: Byakko|78/100|[from] Sandstorm
|upkeep
|turn|17
|l| LT94JE 36
|
|t:|1661621004
|move|p1a: Byakko|Thunderbolt|p2a: Tyranitar
|-damage|p2a: Tyranitar|0 fnt
|faint|p2a: Tyranitar
|
|-weather|Sandstorm|[upkeep]
|-damage|p1a: Byakko|72/100|[from] Sandstorm
|upkeep
|
|t:|1661621008
|switch|p2a: Excadrill|Excadrill, F|100/100
|-damage|p2a: Excadrill|97/100|[from] Stealth Rock
|turn|18
|
|t:|1661621010
|move|p2a: Excadrill|Swords Dance|p2a: Excadrill
|-boost|p2a: Excadrill|atk|2
|move|p1a: Byakko|Roost|p1a: Byakko
|-heal|p1a: Byakko|100/100
|-singleturn|p1a: Byakko|move: Roost
|
|-weather|none
|-heal|p2a: Excadrill|100/100|[from] item: Leftovers
|upkeep
|turn|19
|j| imzosi
|
|t:|1661621013
|switch|p1a: Deathstroke|Kartana, shiny|100/100
|-damage|p1a: Deathstroke|94/100|[from] Stealth Rock
|move|p2a: Excadrill|Iron Head|p1a: Deathstroke
|-resisted|p1a: Deathstroke
|-damage|p1a: Deathstroke|52/100
|
|upkeep
|turn|20
|
|t:|1661621017
|switch|p2a: Clefable|Clefable, F|100/100
|move|p1a: Deathstroke|Leaf Blade|p2a: Clefable
|-crit|p2a: Clefable
|-damage|p2a: Clefable|29/100
|-damage|p1a: Deathstroke|36/100|[from] item: Rocky Helmet|[of] p2a: Clefable
|
|upkeep
|turn|21
|
|t:|1661621021
|switch|p1a: Amaterasu|Volcarona, M, shiny|100/100
|switch|p2a: Scizor|Scizor, M|81/100
|-damage|p2a: Scizor|69/100|[from] Stealth Rock
|
|upkeep
|turn|22
|
|t:|1661621029
|switch|p2a: Dragonite|Dragonite, F|94/100 tox
|move|p1a: Amaterasu|Flamethrower|p2a: Dragonite
|-resisted|p2a: Dragonite
|-damage|p2a: Dragonite|71/100 tox
|
|-damage|p2a: Dragonite|65/100 tox|[from] psn
|upkeep
|turn|23
|
|t:|1661621032
|switch|p1a: Byakko|Zapdos, shiny|100/100
|-damage|p1a: Byakko|76/100|[from] Stealth Rock
|switch|p2a: Clefable|Clefable, F|29/100
|
|upkeep
|turn|24
|
|t:|1661621034
|move|p1a: Byakko|Hurricane|p2a: Clefable
|-damage|p2a: Clefable|0 fnt
|faint|p2a: Clefable
|
|upkeep
|j| Oily man
|
|t:|1661621036
|switch|p2a: Excadrill|Excadrill, F|100/100
|-damage|p2a: Excadrill|97/100|[from] Stealth Rock
|turn|25
|
|t:|1661621039
|move|p1a: Byakko|Hurricane|p2a: Excadrill
|-resisted|p2a: Excadrill
|-damage|p2a: Excadrill|57/100
|move|p2a: Excadrill|Swords Dance|p2a: Excadrill
|-boost|p2a: Excadrill|atk|2
|
|-heal|p2a: Excadrill|63/100|[from] item: Leftovers
|upkeep
|turn|26
|
|t:|1661621042
|move|p1a: Byakko|Hurricane|p2a: Excadrill|[miss]
|-miss|p1a: Byakko|p2a: Excadrill
|move|p2a: Excadrill|Iron Head|p1a: Byakko
|-resisted|p1a: Byakko
|-damage|p1a: Byakko|21/100
|
|-heal|p2a: Excadrill|69/100|[from] item: Leftovers
|upkeep
|turn|27
|
|t:|1661621045
|move|p1a: Byakko|Hurricane|p2a: Excadrill
|-resisted|p2a: Excadrill
|-damage|p2a: Excadrill|31/100
|move|p2a: Excadrill|Iron Head|p1a: Byakko
|-resisted|p1a: Byakko
|-damage|p1a: Byakko|0 fnt
|faint|p1a: Byakko
|
|-heal|p2a: Excadrill|37/100|[from] item: Leftovers
|upkeep
|
|t:|1661621054
|switch|p1a: Zephyr|Zeraora, shiny|100/100
|turn|28
|
|t:|1661621058
|move|p1a: Zephyr|Blaze Kick|p2a: Excadrill
|-supereffective|p2a: Excadrill
|-damage|p2a: Excadrill|0 fnt
|faint|p2a: Excadrill
|
|upkeep
|
|t:|1661621060
|switch|p2a: Dragonite|Dragonite, F|65/100 tox
|turn|29
|
|t:|1661621062
|move|p1a: Zephyr|Plasma Fists|p2a: Dragonite
|-damage|p2a: Dragonite|23/100 tox
|-fieldactivate|move: Ion Deluge
|-hint|Normal-type moves become Electric-type after using Plasma Fists.
|move|p2a: Dragonite|Roost|p2a: Dragonite
|-heal|p2a: Dragonite|73/100 tox
|-singleturn|p2a: Dragonite|move: Roost
|
|-damage|p2a: Dragonite|66/100 tox|[from] psn
|upkeep
|turn|30
|
|t:|1661621066
|move|p1a: Zephyr|Plasma Fists|p2a: Dragonite
|-damage|p2a: Dragonite|24/100 tox
|-fieldactivate|move: Ion Deluge
|-hint|Normal-type moves become Electric-type after using Plasma Fists.
|move|p2a: Dragonite|Earthquake|p1a: Zephyr
|-supereffective|p1a: Zephyr
|-damage|p1a: Zephyr|4/100
|
|-damage|p2a: Dragonite|11/100 tox|[from] psn
|upkeep
|turn|31
|
|t:|1661621069
|move|p1a: Zephyr|Plasma Fists|p2a: Dragonite
|-damage|p2a: Dragonite|0 fnt
|-fieldactivate|move: Ion Deluge
|-hint|Normal-type moves become Electric-type after using Plasma Fists.
|faint|p2a: Dragonite
|
|upkeep
|
|t:|1661621071
|switch|p2a: Scizor|Scizor, M|69/100
|-damage|p2a: Scizor|56/100|[from] Stealth Rock
|turn|32
|
|t:|1661621077
|switch|p1a: Chaos|Heatran, M, shiny|66/100
|-damage|p1a: Chaos|53/100|[from] Stealth Rock
|move|p2a: Scizor|Bullet Punch|p1a: Chaos
|-resisted|p1a: Chaos
|-damage|p1a: Chaos|50/100
|-status|p2a: Scizor|brn|[from] ability: Flame Body|[of] p1a: Chaos
|
|-heal|p1a: Chaos|56/100|[from] item: Leftovers
|-damage|p2a: Scizor|50/100 brn|[from] brn
|upkeep
|turn|33
|
|t:|1661621080
|switch|p2a: Tornadus|Tornadus-Therian, M|100/100
|move|p1a: Chaos|Lava Plume|p2a: Tornadus
|-damage|p2a: Tornadus|58/100
|
|-heal|p1a: Chaos|62/100|[from] item: Leftovers
|upkeep
|turn|34
|j| cypherstest
|
|t:|1661621083
|move|p2a: Tornadus|Focus Blast|p1a: Chaos|[miss]
|-miss|p2a: Tornadus|p1a: Chaos
|move|p1a: Chaos|Toxic|p2a: Tornadus|[miss]
|-miss|p1a: Chaos|p2a: Tornadus
|
|-heal|p1a: Chaos|68/100|[from] item: Leftovers
|upkeep
|turn|35
|
|t:|1661621086
|move|p2a: Tornadus|Focus Blast|p1a: Chaos
|-supereffective|p1a: Chaos
|-damage|p1a: Chaos|8/100
|move|p1a: Chaos|Toxic|p2a: Tornadus
|-status|p2a: Tornadus|tox
|
|-heal|p1a: Chaos|14/100|[from] item: Leftovers
|-damage|p2a: Tornadus|52/100 tox|[from] psn
|upkeep
|turn|36
|
|t:|1661621089
|move|p2a: Tornadus|Focus Blast|p1a: Chaos|[miss]
|-miss|p2a: Tornadus|p1a: Chaos
|move|p1a: Chaos|Lava Plume|p2a: Tornadus
|-damage|p2a: Tornadus|11/100 tox
|
|-heal|p1a: Chaos|20/100|[from] item: Leftovers
|-damage|p2a: Tornadus|0 fnt|[from] psn
|faint|p2a: Tornadus
|upkeep
|-message|LT94JE At forfeited.
|
|win|wish kisser
|raw|wish kisser's rating: 1841 &rarr; <strong>1861</strong><br />(+20 for winning)
|raw|LT94JE At's rating: 1848 &rarr; <strong>1828</strong><br />(-20 for losing)
|l|☆LT94JE At
|j| NotAPokemonMaster
|l|☆wish kisser
|l| cypherstest
|l| imzosi
||Ladder isn't responding, score probably updated but might not have (Request timeout).
|l|oilyman
