|j|☆Trepador
|j|☆quixana
|t:|1667192789
|gametype|singles
|player|p1|Trepador|zinnia|1617
|player|p2|quixana|ethan-pokeathlon|1717
|teamsize|p1|6
|teamsize|p2|6
|gen|8
|tier|[Gen 8] OU
|rated|
|rule|Sleep Clause Mod: Limit one foe put to sleep
|rule|Species Clause: Limit one of each Pokémon
|rule|OHKO Clause: OHKO moves are banned
|rule|Evasion Items Clause: Evasion items are banned
|rule|Evasion Moves Clause: Evasion moves are banned
|rule|Endless Battle Clause: Forcing endless battles is banned
|rule|HP Percentage Mod: HP is shown in percentages
|rule|Dynamax Clause: You cannot dynamax
|clearpoke
|poke|p1|Chansey, F|
|poke|p1|Corviknight, M|
|poke|p1|Hippowdon, F|
|poke|p1|Toxapex, F|
|poke|p1|Clefable, F|
|poke|p1|Tornadus-Therian, M|
|poke|p2|Slowking-Galar, F|
|poke|p2|Tapu Koko|
|poke|p2|Hippowdon, M|
|poke|p2|Urshifu-*, M|
|poke|p2|Hydreigon, M|
|poke|p2|Corviknight, M|
|teampreview
|c|☆Trepador|blunder
|c|☆quixana|it's his team yes
|c|☆Trepador|???
|c|☆quixana|agency
|
|t:|1667192823
|start
|switch|p1a: Tornadus|Tornadus-Therian, M, shiny|100/100
|switch|p2a: Slowking|Slowking-Galar, F|100/100
|turn|1
|
|t:|1667192832
|switch|p1a: Toxapex|Toxapex, F|100/100
|move|p2a: Slowking|Future Sight|p1a: Toxapex
|-start|p2a: Slowking|move: Future Sight
|
|upkeep
|turn|2
|j| The Rum Tum Tugger
|
|t:|1667192849
|switch|p2a: Tapu Koko|Tapu Koko|100/100
|-fieldstart|move: Electric Terrain|[from] ability: Electric Surge|[of] p2a: Tapu Koko
|move|p1a: Toxapex|Light Screen|p1a: Toxapex
|-sidestart|p1: Trepador|move: Light Screen
|
|upkeep
|turn|3
|j| seelbachariot
|
|t:|1667192869
|switch|p1a: Hippowdon|Hippowdon, F|100/100
|-weather|Sandstorm|[from] ability: Sand Stream|[of] p1a: Hippowdon
|move|p2a: Tapu Koko|Volt Switch|p1a: Hippowdon
|-immune|p1a: Hippowdon
|
|-weather|Sandstorm|[upkeep]
|-damage|p2a: Tapu Koko|94/100|[from] Sandstorm
|-end|p1a: Hippowdon|move: Future Sight
|-damage|p1a: Hippowdon|84/100
|-heal|p1a: Hippowdon|90/100|[from] item: Leftovers
|upkeep
|turn|4
|
|t:|1667192881
|switch|p2a: Corviknight|Corviknight, M|100/100
|-ability|p2a: Corviknight|Pressure
|move|p1a: Hippowdon|Stealth Rock|p2a: Corviknight
|-sidestart|p2: quixana|move: Stealth Rock
|
|-weather|Sandstorm|[upkeep]
|-heal|p1a: Hippowdon|96/100|[from] item: Leftovers
|upkeep
|turn|5
|
|t:|1667192893
|switch|p2a: Hippowdon|Hippowdon, M|100/100
|-damage|p2a: Hippowdon|94/100|[from] Stealth Rock
|switch|p1a: Toxapex|Toxapex, F|100/100
|
|-weather|Sandstorm|[upkeep]
|-damage|p1a: Toxapex|95/100|[from] Sandstorm
|-heal|p2a: Hippowdon|100/100|[from] item: Leftovers
|upkeep
|turn|6
|
|t:|1667192898
|move|p2a: Hippowdon|Stealth Rock|p1a: Toxapex
|-sidestart|p1: Trepador|move: Stealth Rock
|move|p1a: Toxapex|Toxic|p2a: Hippowdon
|-status|p2a: Hippowdon|tox
|
|-weather|Sandstorm|[upkeep]
|-damage|p1a: Toxapex|89/100|[from] Sandstorm
|-damage|p2a: Hippowdon|94/100 tox|[from] psn
|-sideend|p1: Trepador|move: Light Screen
|-fieldend|move: Electric Terrain
|upkeep
|turn|7
|
|t:|1667192904
|switch|p2a: Slowking|Slowking-Galar, F|100/100
|-damage|p2a: Slowking|88/100|[from] Stealth Rock
|move|p1a: Toxapex|Light Screen|p1a: Toxapex
|-sidestart|p1: Trepador|move: Light Screen
|
|-weather|none
|upkeep
|turn|8
|
|t:|1667192916
|move|p1a: Toxapex|Knock Off|p2a: Slowking
|-supereffective|p2a: Slowking
|-damage|p2a: Slowking|63/100
|-enditem|p2a: Slowking|Assault Vest|[from] move: Knock Off|[of] p1a: Toxapex
|move|p2a: Slowking|Sludge Bomb|p1a: Toxapex
|-resisted|p1a: Toxapex
|-damage|p1a: Toxapex|82/100
|
|upkeep
|turn|9
|
|t:|1667192925
|move|p1a: Toxapex|Knock Off|p2a: Slowking
|-supereffective|p2a: Slowking
|-damage|p2a: Slowking|46/100
|move|p2a: Slowking|Sludge Bomb|p1a: Toxapex
|-resisted|p1a: Toxapex
|-damage|p1a: Toxapex|75/100
|
|upkeep
|turn|10
|
|t:|1667192931
|move|p1a: Toxapex|Knock Off|p2a: Slowking
|-supereffective|p2a: Slowking
|-damage|p2a: Slowking|30/100
|move|p2a: Slowking|Future Sight|p1a: Toxapex
|-start|p2a: Slowking|move: Future Sight
|
|upkeep
|turn|11
|j| ignor1ngU
|j| Nyxst
|j| claw is salt
|
|t:|1667192959
|move|p1a: Toxapex|Recover|p1a: Toxapex
|-heal|p1a: Toxapex|100/100
|move|p2a: Slowking|Sludge Bomb|p1a: Toxapex
|-resisted|p1a: Toxapex
|-damage|p1a: Toxapex|93/100
|
|-sideend|p1: Trepador|move: Light Screen
|upkeep
|turn|12
|
|t:|1667192971
|switch|p2a: Tapu Koko|Tapu Koko|94/100
|-fieldstart|move: Electric Terrain|[from] ability: Electric Surge|[of] p2a: Tapu Koko
|move|p1a: Toxapex|Light Screen|p1a: Toxapex
|-sidestart|p1: Trepador|move: Light Screen
|
|-end|p1a: Toxapex|move: Future Sight
|-supereffective|p1a: Toxapex
|-damage|p1a: Toxapex|54/100
|upkeep
|turn|13
|j| Tegalik
|
|t:|1667192983
|switch|p1a: Hippowdon|Hippowdon, F|96/100
|-damage|p1a: Hippowdon|90/100|[from] Stealth Rock
|-weather|Sandstorm|[from] ability: Sand Stream|[of] p1a: Hippowdon
|move|p2a: Tapu Koko|Volt Switch|p1a: Hippowdon
|-immune|p1a: Hippowdon
|
|-weather|Sandstorm|[upkeep]
|-damage|p2a: Tapu Koko|88/100|[from] Sandstorm
|-heal|p1a: Hippowdon|96/100|[from] item: Leftovers
|upkeep
|turn|14
|
|t:|1667192993
|switch|p2a: Corviknight|Corviknight, M|100/100
|-damage|p2a: Corviknight|88/100|[from] Stealth Rock
|-ability|p2a: Corviknight|Pressure
|switch|p1a: Tornadus|Tornadus-Therian, M, shiny|100/100
|
|-weather|Sandstorm|[upkeep]
|-damage|p1a: Tornadus|94/100|[from] Sandstorm
|upkeep
|turn|15
|
|t:|1667192998
|switch|p2a: Slowking|Slowking-Galar, F|63/100
|-damage|p2a: Slowking|51/100|[from] Stealth Rock
|move|p1a: Tornadus|Nasty Plot|p1a: Tornadus
|-boost|p1a: Tornadus|spa|2
|
|-weather|Sandstorm|[upkeep]
|-damage|p1a: Tornadus|88/100|[from] Sandstorm
|-damage|p2a: Slowking|45/100|[from] Sandstorm
|upkeep
|turn|16
|
|t:|1667193010
|switch|p2a: Tapu Koko|Tapu Koko|88/100
|move|p1a: Tornadus|Hurricane|p2a: Tapu Koko
|-resisted|p2a: Tapu Koko
|-damage|p2a: Tapu Koko|24/100
|-start|p2a: Tapu Koko|confusion
|
|-weather|Sandstorm|[upkeep]
|-damage|p2a: Tapu Koko|18/100|[from] Sandstorm
|-damage|p1a: Tornadus|82/100|[from] Sandstorm
|-sideend|p1: Trepador|move: Light Screen
|-fieldend|move: Electric Terrain
|upkeep
|turn|17
|
|t:|1667193019
|-activate|p2a: Tapu Koko|confusion
|move|p2a: Tapu Koko|Toxic|p1a: Tornadus
|-status|p1a: Tornadus|tox
|move|p1a: Tornadus|Sludge Bomb|p2a: Tapu Koko
|-supereffective|p2a: Tapu Koko
|-damage|p2a: Tapu Koko|0 fnt
|faint|p2a: Tapu Koko
|
|-weather|none
|-damage|p1a: Tornadus|76/100 tox|[from] psn
|upkeep
|
|t:|1667193025
|switch|p2a: Slowking|Slowking-Galar, F|78/100
|-damage|p2a: Slowking|66/100|[from] Stealth Rock
|turn|18
|
|t:|1667193031
|switch|p1a: Toxapex|Toxapex, F|87/100
|-damage|p1a: Toxapex|75/100|[from] Stealth Rock
|move|p2a: Slowking|Ice Beam|p1a: Toxapex
|-resisted|p1a: Toxapex
|-damage|p1a: Toxapex|65/100
|
|upkeep
|turn|19
|
|t:|1667193035
|move|p1a: Toxapex|Light Screen|p1a: Toxapex
|-sidestart|p1: Trepador|move: Light Screen
|move|p2a: Slowking|Future Sight|p1a: Toxapex
|-start|p2a: Slowking|move: Future Sight
|
|upkeep
|turn|20
|
|t:|1667193042
|switch|p2a: Corviknight|Corviknight, M|88/100
|-damage|p2a: Corviknight|76/100|[from] Stealth Rock
|-ability|p2a: Corviknight|Pressure
|move|p1a: Toxapex|Recover|p1a: Toxapex
|-heal|p1a: Toxapex|100/100
|
|upkeep
|turn|21
|
|t:|1667193050
|move|p2a: Corviknight|Defog|p1a: Toxapex
|-unboost|p1a: Toxapex|evasion|1
|-sideend|p1: Trepador|move: Light Screen
|-sideend|p1: Trepador|Stealth Rock|[from] move: Defog|[of] p2a: Corviknight
|-sideend|p2: quixana|Stealth Rock|[from] move: Defog|[of] p2a: Corviknight
|move|p1a: Toxapex|Knock Off|p2a: Corviknight
|-damage|p2a: Corviknight|67/100
|-damage|p1a: Toxapex|84/100|[from] item: Rocky Helmet|[of] p2a: Corviknight
|-enditem|p2a: Corviknight|Rocky Helmet|[from] move: Knock Off|[of] p1a: Toxapex
|
|-end|p1a: Toxapex|move: Future Sight
|-supereffective|p1a: Toxapex
|-crit|p1a: Toxapex
|-damage|p1a: Toxapex|0 fnt
|faint|p1a: Toxapex
|upkeep
|c| claw is salt|agency
|c|☆quixana|agency
|c|☆Trepador|bruh lol
|
|t:|1667193066
|switch|p1a: Tornadus|Tornadus-Therian, M, shiny|100/100 tox
|turn|22
|c| seelbachariot|Mr. Craw...
|
|t:|1667193081
|switch|p2a: Slowking|Slowking-Galar, F|99/100
|move|p1a: Tornadus|Nasty Plot|p1a: Tornadus
|-boost|p1a: Tornadus|spa|2
|
|-damage|p1a: Tornadus|94/100 tox|[from] psn
|upkeep
|turn|23
|
|t:|1667193095
|move|p1a: Tornadus|Hurricane|p2a: Slowking
|-damage|p2a: Slowking|40/100
|move|p2a: Slowking|Ice Beam|p1a: Tornadus
|-supereffective|p1a: Tornadus
|-damage|p1a: Tornadus|52/100 tox
|
|-damage|p1a: Tornadus|40/100 tox|[from] psn
|upkeep
|turn|24
|
|t:|1667193122
|switch|p2a: Hippowdon|Hippowdon, M|94/100 tox
|-weather|Sandstorm|[from] ability: Sand Stream|[of] p2a: Hippowdon
|move|p1a: Tornadus|Hurricane|p2a: Hippowdon
|-damage|p2a: Hippowdon|31/100 tox
|
|-weather|Sandstorm|[upkeep]
|-damage|p1a: Tornadus|34/100 tox|[from] Sandstorm
|-heal|p2a: Hippowdon|37/100 tox|[from] item: Leftovers
|-damage|p1a: Tornadus|15/100 tox|[from] psn
|-damage|p2a: Hippowdon|31/100 tox|[from] psn
|upkeep
|turn|25
|
|t:|1667193165
|switch|p1a: Corviknight|Corviknight, M|100/100
|-ability|p1a: Corviknight|Pressure
|move|p2a: Hippowdon|Slack Off|p2a: Hippowdon
|-heal|p2a: Hippowdon|81/100 tox
|
|-weather|Sandstorm|[upkeep]
|-heal|p2a: Hippowdon|87/100 tox|[from] item: Leftovers
|-damage|p2a: Hippowdon|75/100 tox|[from] psn
|upkeep
|turn|26
|
|t:|1667193187
|switch|p1a: Hippowdon|Hippowdon, F|96/100
|switch|p2a: Slowking|Slowking-Galar, F|73/100
|
|-weather|Sandstorm|[upkeep]
|-damage|p2a: Slowking|67/100|[from] Sandstorm
|-heal|p1a: Hippowdon|100/100|[from] item: Leftovers
|upkeep
|turn|27
|
|t:|1667193194
|switch|p2a: Corviknight|Corviknight, M|67/100
|-ability|p2a: Corviknight|Pressure
|move|p1a: Hippowdon|Earthquake|p2a: Corviknight
|-immune|p2a: Corviknight
|
|-weather|Sandstorm|[upkeep]
|upkeep
|turn|28
|l| Tegalik
|
|t:|1667193207
|move|p2a: Corviknight|Body Press|p1a: Hippowdon
|-damage|p1a: Hippowdon|81/100
|move|p1a: Hippowdon|Stealth Rock|p2a: Corviknight
|-sidestart|p2: quixana|move: Stealth Rock
|
|-weather|none
|-heal|p1a: Hippowdon|88/100|[from] item: Leftovers
|upkeep
|turn|29
|
|t:|1667193211
|switch|p1a: Clefable|Clefable, F|100/100
|move|p2a: Corviknight|Defog|p1a: Clefable
|-unboost|p1a: Clefable|evasion|1
|-sideend|p2: quixana|Stealth Rock|[from] move: Defog|[of] p2a: Corviknight
|
|upkeep
|turn|30
|
|t:|1667193215
|move|p2a: Corviknight|U-turn|p1a: Clefable
|-resisted|p1a: Clefable
|-damage|p1a: Clefable|95/100
|
|t:|1667193228
|switch|p2a: Slowking|Slowking-Galar, F|100/100|[from]move: U-turn
|move|p1a: Clefable|Calm Mind|p1a: Clefable
|-boost|p1a: Clefable|spa|1
|-boost|p1a: Clefable|spd|1
|
|upkeep
|turn|31
|
|t:|1667193241
|switch|p1a: Corviknight|Corviknight, M|100/100
|-ability|p1a: Corviknight|Pressure
|move|p2a: Slowking|Sludge Bomb|p1a: Corviknight
|-immune|p1a: Corviknight
|
|upkeep
|turn|32
|
|t:|1667193249
|switch|p1a: Chansey|Chansey, F|100/100
|move|p2a: Slowking|Flamethrower|p1a: Chansey
|-damage|p1a: Chansey|94/100
|-status|p1a: Chansey|brn
|
|-damage|p1a: Chansey|88/100 brn|[from] brn
|upkeep
|turn|33
|
|t:|1667193256
|move|p1a: Chansey|Thunder Wave|p2a: Slowking
|-status|p2a: Slowking|par
|move|p2a: Slowking|Future Sight|p1a: Chansey
|-start|p2a: Slowking|move: Future Sight
|
|-damage|p1a: Chansey|82/100 brn|[from] brn
|upkeep
|turn|34
|
|t:|1667193267
|switch|p2a: Urshifu|Urshifu-Rapid-Strike, M|100/100
|move|p1a: Chansey|Heal Bell|p1a: Chansey
|-activate|p1a: Chansey|move: Heal Bell
|-curestatus|p1a: Chansey|brn|[msg]
|-curestatus|p1: Tornadus|tox|[msg]
|
|upkeep
|turn|35
|
|t:|1667193276
|switch|p1a: Clefable|Clefable, F|95/100
|move|p2a: Urshifu|Surging Strikes|p1a: Clefable
|-crit|p1a: Clefable
|-damage|p1a: Clefable|70/100
|-crit|p1a: Clefable
|-damage|p1a: Clefable|46/100
|-crit|p1a: Clefable
|-damage|p1a: Clefable|22/100
|-hitcount|p1a: Clefable|3
|
|-end|p1a: Clefable|move: Future Sight
|-damage|p1a: Clefable|0 fnt
|faint|p1a: Clefable
|upkeep
|
|t:|1667193282
|switch|p1a: Tornadus|Tornadus-Therian, M, shiny|49/100
|turn|36
|
|t:|1667193290
|switch|p1a: Hippowdon|Hippowdon, F|88/100
|-weather|Sandstorm|[from] ability: Sand Stream|[of] p1a: Hippowdon
|switch|p2a: Slowking|Slowking-Galar, F|100/100 par
|
|-weather|Sandstorm|[upkeep]
|-damage|p2a: Slowking|94/100 par|[from] Sandstorm
|-heal|p1a: Hippowdon|94/100|[from] item: Leftovers
|upkeep
|turn|37
|
|t:|1667193297
|switch|p1a: Tornadus|Tornadus-Therian, M, shiny|82/100
|cant|p2a: Slowking|par
|
|-weather|Sandstorm|[upkeep]
|-damage|p1a: Tornadus|76/100|[from] Sandstorm
|-damage|p2a: Slowking|88/100 par|[from] Sandstorm
|upkeep
|turn|38
|
|t:|1667193304
|switch|p1a: Hippowdon|Hippowdon, F|94/100
|move|p2a: Slowking|Future Sight|p1a: Hippowdon
|-start|p2a: Slowking|move: Future Sight
|
|-weather|Sandstorm|[upkeep]
|-damage|p2a: Slowking|82/100 par|[from] Sandstorm
|-heal|p1a: Hippowdon|99/100|[from] item: Leftovers
|upkeep
|turn|39
|
|t:|1667193323
|switch|p2a: Hydreigon|Hydreigon, M|100/100
|move|p1a: Hippowdon|Earthquake|p2a: Hydreigon
|-immune|p2a: Hydreigon|[from] ability: Levitate
|
|-weather|Sandstorm|[upkeep]
|-damage|p2a: Hydreigon|94/100|[from] Sandstorm
|-heal|p1a: Hippowdon|100/100|[from] item: Leftovers
|upkeep
|turn|40
|
|t:|1667193352
|switch|p1a: Chansey|Chansey, F|82/100
|move|p2a: Hydreigon|Dark Pulse|p1a: Chansey
|-damage|p1a: Chansey|64/100
|
|-weather|none
|-end|p1a: Chansey|move: Future Sight
|-damage|p1a: Chansey|51/100
|upkeep
|turn|41
|
|t:|1667193386
|switch|p2a: Hippowdon|Hippowdon, M|75/100 tox
|-weather|Sandstorm|[from] ability: Sand Stream|[of] p2a: Hippowdon
|switch|p1a: Hippowdon|Hippowdon, F|100/100
|
|-weather|Sandstorm|[upkeep]
|-heal|p2a: Hippowdon|81/100 tox|[from] item: Leftovers
|-damage|p2a: Hippowdon|75/100 tox|[from] psn
|upkeep
|turn|42
|
|t:|1667193392
|switch|p1a: Tornadus|Tornadus-Therian, M, shiny|100/100
|move|p2a: Hippowdon|Stealth Rock|p1a: Tornadus
|-sidestart|p1: Trepador|move: Stealth Rock
|
|-weather|Sandstorm|[upkeep]
|-damage|p1a: Tornadus|94/100|[from] Sandstorm
|-heal|p2a: Hippowdon|81/100 tox|[from] item: Leftovers
|-damage|p2a: Hippowdon|68/100 tox|[from] psn
|upkeep
|turn|43
|
|t:|1667193405
|switch|p1a: Corviknight|Corviknight, M|100/100
|-damage|p1a: Corviknight|88/100|[from] Stealth Rock
|-ability|p1a: Corviknight|Pressure
|move|p2a: Hippowdon|Heavy Slam|p1a: Corviknight
|-resisted|p1a: Corviknight
|-damage|p1a: Corviknight|80/100
|
|-weather|Sandstorm|[upkeep]
|-heal|p1a: Corviknight|86/100|[from] item: Leftovers
|-heal|p2a: Hippowdon|75/100 tox|[from] item: Leftovers
|-damage|p2a: Hippowdon|56/100 tox|[from] psn
|upkeep
|turn|44
|
|t:|1667193412
|switch|p2a: Corviknight|Corviknight, M|67/100
|-ability|p2a: Corviknight|Pressure
|move|p1a: Corviknight|Defog|p2a: Corviknight
|-unboost|p2a: Corviknight|evasion|1
|-sideend|p1: Trepador|Stealth Rock|[from] move: Defog|[of] p1a: Corviknight
|
|-weather|Sandstorm|[upkeep]
|-heal|p1a: Corviknight|92/100|[from] item: Leftovers
|upkeep
|turn|45
|
|t:|1667193422
|switch|p1a: Tornadus|Tornadus-Therian, M, shiny|100/100
|move|p2a: Corviknight|U-turn|p1a: Tornadus
|-resisted|p1a: Tornadus
|-damage|p1a: Tornadus|93/100
|
|t:|1667193429
|switch|p2a: Slowking|Slowking-Galar, F|100/100 par|[from]move: U-turn
|
|-weather|none
|upkeep
|turn|46
|
|t:|1667193439
|move|p1a: Tornadus|Nasty Plot|p1a: Tornadus
|-boost|p1a: Tornadus|spa|2
|move|p2a: Slowking|Future Sight|p1a: Tornadus
|-start|p2a: Slowking|move: Future Sight
|
|upkeep
|turn|47
|
|t:|1667193443
|move|p1a: Tornadus|Hurricane|p2a: Slowking
|-damage|p2a: Slowking|38/100 par
|-start|p2a: Slowking|confusion
|-activate|p2a: Slowking|confusion
|cant|p2a: Slowking|par
|
|upkeep
|turn|48
|
|t:|1667193463
|switch|p2a: Hippowdon|Hippowdon, M|56/100 tox
|-weather|Sandstorm|[from] ability: Sand Stream|[of] p2a: Hippowdon
|move|p1a: Tornadus|Hurricane|p2a: Hippowdon
|-crit|p2a: Hippowdon
|-damage|p2a: Hippowdon|0 fnt
|faint|p2a: Hippowdon
|
|-weather|Sandstorm|[upkeep]
|-damage|p1a: Tornadus|87/100|[from] Sandstorm
|-end|p1a: Tornadus|move: Future Sight
|-damage|p1a: Tornadus|44/100
|upkeep
|
|t:|1667193485
|switch|p2a: Slowking|Slowking-Galar, F|71/100 par
|turn|49
|
|t:|1667193527
|switch|p1a: Hippowdon|Hippowdon, F|100/100
|move|p2a: Slowking|Ice Beam|p1a: Hippowdon
|-supereffective|p1a: Hippowdon
|-damage|p1a: Hippowdon|65/100
|
|-weather|Sandstorm|[upkeep]
|-damage|p2a: Slowking|65/100 par|[from] Sandstorm
|-heal|p1a: Hippowdon|71/100|[from] item: Leftovers
|upkeep
|turn|50
|
|t:|1667193550
|switch|p1a: Tornadus|Tornadus-Therian, M, shiny|77/100
|move|p2a: Slowking|Future Sight|p1a: Tornadus
|-start|p2a: Slowking|move: Future Sight
|
|-weather|Sandstorm|[upkeep]
|-damage|p1a: Tornadus|71/100|[from] Sandstorm
|-damage|p2a: Slowking|59/100 par|[from] Sandstorm
|upkeep
|turn|51
|
|t:|1667193564
|switch|p2a: Urshifu|Urshifu-Rapid-Strike, M|100/100
|move|p1a: Tornadus|Nasty Plot|p1a: Tornadus
|-boost|p1a: Tornadus|spa|2
|
|-weather|Sandstorm|[upkeep]
|-damage|p1a: Tornadus|65/100|[from] Sandstorm
|-damage|p2a: Urshifu|94/100|[from] Sandstorm
|upkeep
|turn|52
|
|t:|1667193575
|switch|p2a: Corviknight|Corviknight, M|67/100
|-ability|p2a: Corviknight|Pressure
|move|p1a: Tornadus|Hurricane|p2a: Corviknight
|-resisted|p2a: Corviknight
|-damage|p2a: Corviknight|26/100
|
|-weather|none
|-end|p1a: Tornadus|move: Future Sight
|-damage|p1a: Tornadus|18/100
|upkeep
|turn|53
|
|t:|1667193584
|move|p1a: Tornadus|Hurricane|p2a: Corviknight
|-resisted|p2a: Corviknight
|-damage|p2a: Corviknight|0 fnt
|faint|p2a: Corviknight
|
|upkeep
|c|☆quixana|100% accurate hurricanes
|c| claw is salt|this shit dont miss
|
|t:|1667193598
|switch|p2a: Slowking|Slowking-Galar, F|92/100 par
|turn|54
|c|☆Trepador|one day it is not blind
|
|t:|1667193608
|switch|p1a: Hippowdon|Hippowdon, F|71/100
|-weather|Sandstorm|[from] ability: Sand Stream|[of] p1a: Hippowdon
|move|p2a: Slowking|Ice Beam|p1a: Hippowdon
|-supereffective|p1a: Hippowdon
|-damage|p1a: Hippowdon|39/100
|
|-weather|Sandstorm|[upkeep]
|-damage|p2a: Slowking|86/100 par|[from] Sandstorm
|-heal|p1a: Hippowdon|45/100|[from] item: Leftovers
|upkeep
|turn|55
|
|t:|1667193622
|move|p1a: Hippowdon|Toxic||[still]
|-fail|p1a: Hippowdon
|move|p2a: Slowking|Future Sight|p1a: Hippowdon
|-start|p2a: Slowking|move: Future Sight
|
|-weather|Sandstorm|[upkeep]
|-damage|p2a: Slowking|80/100 par|[from] Sandstorm
|-heal|p1a: Hippowdon|51/100|[from] item: Leftovers
|upkeep
|turn|56
|
|t:|1667193632
|switch|p2a: Urshifu|Urshifu-Rapid-Strike, M|94/100
|move|p1a: Hippowdon|Earthquake|p2a: Urshifu
|-damage|p2a: Urshifu|58/100
|
|-weather|Sandstorm|[upkeep]
|-damage|p2a: Urshifu|52/100|[from] Sandstorm
|-heal|p1a: Hippowdon|58/100|[from] item: Leftovers
|upkeep
|turn|57
|
|t:|1667193640
|move|p2a: Urshifu|Surging Strikes|p1a: Hippowdon
|-supereffective|p1a: Hippowdon
|-crit|p1a: Hippowdon
|-damage|p1a: Hippowdon|13/100
|-supereffective|p1a: Hippowdon
|-crit|p1a: Hippowdon
|-damage|p1a: Hippowdon|0 fnt
|faint|p1a: Hippowdon
|-hitcount|p1: Hippowdon|2
|
|-weather|Sandstorm|[upkeep]
|-damage|p2a: Urshifu|46/100|[from] Sandstorm
|-hint|Future Sight did not hit because the target is fainted.
|upkeep
|
|t:|1667193643
|switch|p1a: Tornadus|Tornadus-Therian, M, shiny|51/100
|turn|58
|c| seelbachariot|You know what to do
|c|☆quixana|ye?
|c|☆quixana|agency dodge?
|c| claw is salt|stay in
|
|t:|1667193678
|move|p1a: Tornadus|Hurricane|p2a: Urshifu
|-supereffective|p2a: Urshifu
|-damage|p2a: Urshifu|0 fnt
|faint|p2a: Urshifu
|
|-weather|none
|upkeep
|c| seelbachariot|No
|c| seelbachariot|It's dodging
|c|☆Trepador|yes
|c| seelbachariot|My bad
|c| claw is salt|lmao
|c| claw is salt|mb
|c|☆quixana|it's ok
|c|☆quixana|clearly
|c|☆Trepador|the non blind torn
|c|☆quixana|this man has hax
|
|t:|1667193699
|switch|p2a: Slowking|Slowking-Galar, F|100/100 par
|turn|59
|
|t:|1667193703
|switch|p1a: Chansey|Chansey, F|51/100
|cant|p2a: Slowking|par
|
|upkeep
|turn|60
|
|t:|1667193707
|move|p1a: Chansey|Soft-Boiled|p1a: Chansey
|-heal|p1a: Chansey|100/100
|cant|p2a: Slowking|par
|
|upkeep
|turn|61
|c|☆Trepador|i love u torn
|
|t:|1667193713
|move|p1a: Chansey|Seismic Toss|p2a: Slowking
|-damage|p2a: Slowking|75/100 par
|move|p2a: Slowking|Sludge Bomb|p1a: Chansey
|-damage|p1a: Chansey|91/100
|
|upkeep
|turn|62
|c|☆quixana|10
|c|☆quixana|no misses
|
|t:|1667193723
|move|p1a: Chansey|Seismic Toss|p2a: Slowking
|-damage|p2a: Slowking|50/100 par
|cant|p2a: Slowking|par
|
|upkeep
|turn|63
|c| claw is salt|8
|c| claw is salt|2 were corv or sumn
|c|☆quixana|you right
|c|☆quixana|mb
|c|☆quixana|8
|c|☆quixana|that's half
|
|t:|1667193749
|move|p1a: Chansey|Seismic Toss|p2a: Slowking
|-damage|p2a: Slowking|24/100 par
|move|p2a: Slowking|Sludge Bomb|p1a: Chansey
|-damage|p1a: Chansey|81/100
|
|upkeep
|turn|64
|c|☆Trepador|is this blunder?
|c|☆quixana|no
|c| claw is salt|yeah
|c| claw is salt|i am
|c|☆quixana|oh shit
|c|☆quixana|based
|c| claw is salt|ive ascended to the next dimension, i dont play mons no more, i watch
|l| claw is salt
|j| claw is salt
|inactive|Battle timer is ON: inactive players will automatically lose when time's up. (requested by Trepador)
|l| claw is salt
|c|☆Trepador|damn'
|c|☆quixana|you like my comment on the full specs vid with dropin dracos?
|
|t:|1667193824
|switch|p2a: Hydreigon|Hydreigon, M|94/100
|move|p1a: Chansey|Seismic Toss|p2a: Hydreigon
|-damage|p2a: Hydreigon|64/100
|
|upkeep
|turn|65
|
|t:|1667193830
|move|p2a: Hydreigon|Dark Pulse|p1a: Chansey
|-damage|p1a: Chansey|61/100
|cant|p1a: Chansey|flinch
|
|upkeep
|turn|66
|
|t:|1667193834
|move|p2a: Hydreigon|Dark Pulse|p1a: Chansey
|-damage|p1a: Chansey|41/100
|move|p1a: Chansey|Thunder Wave|p2a: Hydreigon
|-status|p2a: Hydreigon|par
|
|upkeep
|turn|67
|
|t:|1667193837
|move|p2a: Hydreigon|Dark Pulse|p1a: Chansey
|-damage|p1a: Chansey|21/100
|move|p1a: Chansey|Soft-Boiled|p1a: Chansey
|-heal|p1a: Chansey|71/100
|
|upkeep
|turn|68
|
|t:|1667193840
|move|p2a: Hydreigon|Dark Pulse|p1a: Chansey
|-damage|p1a: Chansey|52/100
|cant|p1a: Chansey|flinch
|
|upkeep
|turn|69
|
|t:|1667193843
|move|p2a: Hydreigon|Dark Pulse|p1a: Chansey
|-damage|p1a: Chansey|32/100
|move|p1a: Chansey|Soft-Boiled|p1a: Chansey
|-heal|p1a: Chansey|82/100
|
|upkeep
|turn|70
|
|t:|1667193846
|move|p2a: Hydreigon|Dark Pulse|p1a: Chansey
|-damage|p1a: Chansey|63/100
|move|p1a: Chansey|Seismic Toss|p2a: Hydreigon
|-damage|p2a: Hydreigon|33/100 par
|
|upkeep
|turn|71
|
|t:|1667193849
|move|p2a: Hydreigon|Dark Pulse|p1a: Chansey
|-damage|p1a: Chansey|45/100
|move|p1a: Chansey|Soft-Boiled|p1a: Chansey
|-heal|p1a: Chansey|95/100
|
|upkeep
|turn|72
|
|t:|1667193851
|move|p2a: Hydreigon|Dark Pulse|p1a: Chansey
|-damage|p1a: Chansey|76/100
|move|p1a: Chansey|Seismic Toss|p2a: Hydreigon
|-damage|p2a: Hydreigon|2/100 par
|
|upkeep
|turn|73
|
|t:|1667193853
|cant|p2a: Hydreigon|par
|move|p1a: Chansey|Seismic Toss|p2a: Hydreigon
|-damage|p2a: Hydreigon|0 fnt
|faint|p2a: Hydreigon
|
|upkeep
|
|t:|1667193855
|switch|p2a: Slowking|Slowking-Galar, F|57/100 par
|turn|74
|
|t:|1667193858
|move|p1a: Chansey|Seismic Toss|p2a: Slowking
|-damage|p2a: Slowking|32/100 par
|cant|p2a: Slowking|par
|
|upkeep
|turn|75
|
|t:|1667193861
|move|p1a: Chansey|Seismic Toss|p2a: Slowking
|-damage|p2a: Slowking|7/100 par
|move|p2a: Slowking|Ice Beam|p1a: Chansey
|-damage|p1a: Chansey|68/100
|
|upkeep
|turn|76
|c|☆Trepador|gg
|c|☆quixana|gg
|
|t:|1667193867
|move|p1a: Chansey|Seismic Toss|p2a: Slowking
|-damage|p2a: Slowking|0 fnt
|faint|p2a: Slowking
|
|win|Trepador
|raw|Trepador's rating: 1617 &rarr; <strong>1643</strong><br />(+26 for winning)
|raw|quixana's rating: 1717 &rarr; <strong>1691</strong><br />(-26 for losing)
|c|☆quixana|sorry i couldnt win everyone
|l|☆Trepador
|j|☆Trepador
|player|p1|Trepador|zinnia
