|raw|<div class="broadcast-blue"><strong>This battle is required to be public due to a player having a name prefixed by 'LT71LX'.</div>
|j|‽LT71LX EGC
|j|☆lt71lx bfl
|t:|1597359282
|player|p1|LT71LX EGC|unknown|2135
|player|p2|lt71lx bfl|266|2173
|teamsize|p1|6
|teamsize|p2|6
|gametype|singles
|gen|8
|tier|[Gen 8] OU
|rated|
|clearpoke
|poke|p1|Skarmory, F|
|poke|p1|Clefable, M|
|poke|p1|Bisharp, M|
|poke|p1|Dragapult, F|
|poke|p1|Togekiss, M|
|poke|p1|Seismitoad, M|
|poke|p2|Excadrill, M|
|poke|p2|Rillaboom, M|
|poke|p2|Volcarona, M|
|poke|p2|Urshifu-*, M|
|poke|p2|Toxtricity, M|
|poke|p2|Primarina, M|
|rule|Sleep Clause Mod: Limit one foe put to sleep
|rule|Species Clause: Limit one of each Pokémon
|rule|OHKO Clause: OHKO moves are banned
|rule|Evasion Moves Clause: Evasion moves are banned
|rule|Endless Battle Clause: Forcing endless battles is banned
|rule|HP Percentage Mod: HP is shown in percentages
|rule|Dynamax Clause: You cannot dynamax
|teampreview
|j| infe
|j|+FMG
|j| lt71lx empo
|j| LT71LXJaggermaster
|j| Nalorium
|j| Twixtry
|j| Javoon
|j| Devil Patchy
|j|+Vileman
|j| LT71LX Ciudadanos
|j| RNN YasuKe
|j| Theo Mani Fan Club
|j| LT71LX XVR
|j|+Cdumas
|j| Livio ElTito
|j| LT71LX Gama
|j| LT71LX Ant
|j| xray
|l|+FMG
|j| Sagiri I.
|j| quinomak
|j|+Sacri
|c| Sagiri I.|bea mi helmano
|j| whyad
|j| LT71LX life
|c| LT71LX XVR|noo
|j| Kiichikos
|j| strealet❄
|j| AltCauseImInsecure
|j| Ox the Fox
|c|+Vileman|es bea contra egal? noo
|c| Livio ElTito|T.T
|l| LT71LX life
|j| 64 squares
|c| LT71LX XVR|./offer tie YN
|c| Sagiri I.|WUR GANE EL MAS PITO CORTO
|l|+Sacri
|inactive|Battle timer is ON: inactive players will automatically lose when time's up. (requested by lt71lx bfl)
|j| LT71LX BombaOp
|j| LT71LX WD
|c| LT71LX XVR|no lo hagan kek
|
|t:|1597359321
|start
|switch|p1a: Dragapult|Dragapult, F|100/100
|switch|p2a: Tama Tonga|Rillaboom, M|100/100
|-fieldstart|move: Grassy Terrain|[from] ability: Grassy Surge|[of] p2a: Tama Tonga
|turn|1
|c| Sagiri I.|QUE*
|j| Jey2
|c|+Vileman|pelea de invalidos xDxD
|j| best interest
|j| RBY Sommelier
|
|t:|1597359331
|switch|p2a: Impaler|Excadrill, M, shiny|100/100
|-ability|p2a: Impaler|Mold Breaker
|move|p1a: Dragapult|Will-O-Wisp|p2a: Impaler
|-status|p2a: Impaler|brn
|
|-damage|p2a: Impaler|94/100 brn|[from] brn
|upkeep
|turn|2
|c| LT71LX BombaOp|Dale beaaaa
|c| LT71LX BombaOp|Beaaaa
|j|+Sacri
|j|+rozes
|l|+Sacri
|
|t:|1597359339
|move|p1a: Dragapult|Hex|p2a: Impaler
|-damage|p2a: Impaler|61/100 brn
|move|p2a: Impaler|Stealth Rock|p1a: Dragapult
|-sidestart|p1: LT71LX EGC|move: Stealth Rock
|
|-heal|p2a: Impaler|67/100 brn|[from] item: Leftovers
|-heal|p2a: Impaler|73/100 brn|[from] Grassy Terrain
|-damage|p2a: Impaler|67/100 brn|[from] brn
|upkeep
|turn|3
|j| LT71LX John W
|
|t:|1597359343
|switch|p2a: Primarina|Primarina, M|100/100
|move|p1a: Dragapult|Hex|p2a: Primarina
|-damage|p2a: Primarina|82/100
|
|-heal|p2a: Primarina|88/100|[from] item: Leftovers
|-heal|p2a: Primarina|94/100|[from] Grassy Terrain
|upkeep
|turn|4
|j| LT71LX Chati
|c| Jey2|Rompe bea 🔥
|
|t:|1597359347
|move|p1a: Dragapult|Thunder Wave|p2a: Primarina
|-status|p2a: Primarina|par
|move|p2a: Primarina|Calm Mind|p2a: Primarina
|-boost|p2a: Primarina|spa|1
|-boost|p2a: Primarina|spd|1
|
|-heal|p2a: Primarina|99/100 par|[from] item: Leftovers
|-heal|p2a: Primarina|100/100 par|[from] Grassy Terrain
|upkeep
|turn|5
|
|t:|1597359354
|switch|p1a: Seismitoad|Seismitoad, M|100/100
|-damage|p1a: Seismitoad|94/100|[from] Stealth Rock
|cant|p2a: Primarina|par
|
|-heal|p1a: Seismitoad|100/100|[from] item: Leftovers
|-fieldend|move: Grassy Terrain
|upkeep
|turn|6
|j| cursedstar
|
|t:|1597359357
|move|p1a: Seismitoad|Stealth Rock|p2a: Primarina
|-sidestart|p2: lt71lx bfl|move: Stealth Rock
|move|p2a: Primarina|Calm Mind|p2a: Primarina
|-boost|p2a: Primarina|spa|1
|-boost|p2a: Primarina|spd|1
|
|upkeep
|turn|7
|j| pizza
|
|t:|1597359360
|move|p1a: Seismitoad|Earthquake|p2a: Primarina
|-damage|p2a: Primarina|75/100 par
|move|p2a: Primarina|Draining Kiss|p1a: Seismitoad
|-damage|p1a: Seismitoad|71/100
|-heal|p2a: Primarina|100/100 par|[from] drain|[of] p1a: Seismitoad
|
|-heal|p1a: Seismitoad|77/100|[from] item: Leftovers
|upkeep
|turn|8
|
|t:|1597359366
|switch|p1a: Clefable|Clefable, M|100/100
|move|p2a: Primarina|Calm Mind|p2a: Primarina
|-boost|p2a: Primarina|spa|1
|-boost|p2a: Primarina|spd|1
|
|upkeep
|turn|9
|
|t:|1597359369
|move|p1a: Clefable|Calm Mind|p1a: Clefable
|-boost|p1a: Clefable|spa|1
|-boost|p1a: Clefable|spd|1
|move|p2a: Primarina|Scald|p1a: Clefable
|-damage|p1a: Clefable|45/100
|
|-heal|p1a: Clefable|51/100|[from] item: Leftovers
|upkeep
|turn|10
|j| Gondra
|j| plays rancias
|
|t:|1597359372
|move|p1a: Clefable|Soft-Boiled|p1a: Clefable
|-heal|p1a: Clefable|100/100
|cant|p2a: Primarina|par
|
|upkeep
|turn|11
|
|t:|1597359375
|switch|p2a: Amaterasu|Volcarona, M, shiny|100/100
|move|p1a: Clefable|Calm Mind|p1a: Clefable
|-boost|p1a: Clefable|spa|1
|-boost|p1a: Clefable|spd|1
|
|upkeep
|turn|12
|
|t:|1597359379
|move|p2a: Amaterasu|Quiver Dance|p2a: Amaterasu
|-boost|p2a: Amaterasu|spa|1
|-boost|p2a: Amaterasu|spd|1
|-boost|p2a: Amaterasu|spe|1
|move|p1a: Clefable|Thunder Wave|p2a: Amaterasu
|-status|p2a: Amaterasu|par
|
|upkeep
|turn|13
|
|t:|1597359381
|switch|p1a: Seismitoad|Seismitoad, M|77/100
|-damage|p1a: Seismitoad|71/100|[from] Stealth Rock
|move|p2a: Amaterasu|Quiver Dance|p2a: Amaterasu
|-boost|p2a: Amaterasu|spa|1
|-boost|p2a: Amaterasu|spd|1
|-boost|p2a: Amaterasu|spe|1
|
|-heal|p1a: Seismitoad|77/100|[from] item: Leftovers
|upkeep
|turn|14
|
|t:|1597359384
|move|p2a: Amaterasu|Quiver Dance|p2a: Amaterasu
|-boost|p2a: Amaterasu|spa|1
|-boost|p2a: Amaterasu|spd|1
|-boost|p2a: Amaterasu|spe|1
|move|p1a: Seismitoad|Rock Slide|p2a: Amaterasu
|-supereffective|p2a: Amaterasu
|-damage|p2a: Amaterasu|44/100 par
|
|-heal|p1a: Seismitoad|83/100|[from] item: Leftovers
|upkeep
|turn|15
|
|t:|1597359388
|switch|p2a: Tama Tonga|Rillaboom, M|100/100
|-damage|p2a: Tama Tonga|88/100|[from] Stealth Rock
|-fieldstart|move: Grassy Terrain|[from] ability: Grassy Surge|[of] p2a: Tama Tonga
|move|p1a: Seismitoad|Rock Slide|p2a: Tama Tonga
|-damage|p2a: Tama Tonga|71/100
|
|-heal|p2a: Tama Tonga|77/100|[from] Grassy Terrain
|-heal|p1a: Seismitoad|89/100|[from] item: Leftovers
|-heal|p1a: Seismitoad|95/100|[from] Grassy Terrain
|upkeep
|turn|16
|
|t:|1597359393
|switch|p1a: Skarmory|Skarmory, F|100/100
|-damage|p1a: Skarmory|88/100|[from] Stealth Rock
|move|p2a: Tama Tonga|Swords Dance|p2a: Tama Tonga
|-boost|p2a: Tama Tonga|atk|2
|
|-heal|p2a: Tama Tonga|84/100|[from] Grassy Terrain
|upkeep
|turn|17
|j| LYSTER
|c| Sagiri I.|epic techt
|
|t:|1597359396
|move|p2a: Tama Tonga|Swords Dance|p2a: Tama Tonga
|-boost|p2a: Tama Tonga|atk|2
|move|p1a: Skarmory|Roost|p1a: Skarmory
|-heal|p1a: Skarmory|100/100
|-singleturn|p1a: Skarmory|move: Roost
|
|-heal|p2a: Tama Tonga|90/100|[from] Grassy Terrain
|upkeep
|turn|18
|
|t:|1597359399
|move|p2a: Tama Tonga|Grassy Glide|p1a: Skarmory
|-resisted|p1a: Skarmory
|-damage|p1a: Skarmory|72/100
|-damage|p2a: Tama Tonga|80/100|[from] item: Life Orb
|move|p1a: Skarmory|Whirlwind|p2a: Tama Tonga
|drag|p2a: Impaler|Excadrill, M, shiny|67/100 brn
|-damage|p2a: Impaler|64/100 brn|[from] Stealth Rock
|-ability|p2a: Impaler|Mold Breaker
|
|-heal|p2a: Impaler|70/100 brn|[from] item: Leftovers
|-heal|p2a: Impaler|76/100 brn|[from] Grassy Terrain
|-damage|p2a: Impaler|70/100 brn|[from] brn
|upkeep
|turn|19
|c| LYSTER|Coño Bea nooo
|
|t:|1597359403
|switch|p1a: Dragapult|Dragapult, F|100/100
|move|p2a: Impaler|Rapid Spin|p1a: Dragapult
|-immune|p1a: Dragapult
|
|-heal|p2a: Impaler|76/100 brn|[from] item: Leftovers
|-heal|p2a: Impaler|83/100 brn|[from] Grassy Terrain
|-fieldend|move: Grassy Terrain
|-damage|p2a: Impaler|76/100 brn|[from] brn
|upkeep
|turn|20
|j| quiescent
|
|t:|1597359407
|move|p1a: Dragapult|Hex|p2a: Impaler
|-damage|p2a: Impaler|45/100 brn
|move|p2a: Impaler|Toxic|p1a: Dragapult|[miss]
|-miss|p2a: Impaler|p1a: Dragapult
|
|-heal|p2a: Impaler|51/100 brn|[from] item: Leftovers
|-damage|p2a: Impaler|45/100 brn|[from] brn
|upkeep
|turn|21
|l| Theo Mani Fan Club
|
|t:|1597359412
|move|p1a: Dragapult|Hex|p2a: Impaler
|-damage|p2a: Impaler|11/100 brn
|move|p2a: Impaler|Toxic|p1a: Dragapult|[miss]
|-miss|p2a: Impaler|p1a: Dragapult
|
|-heal|p2a: Impaler|17/100 brn|[from] item: Leftovers
|-damage|p2a: Impaler|11/100 brn|[from] brn
|upkeep
|turn|22
|c| LT71LX XVR|eso se usaba en hippo
|j| Big Black Chungus
|c|☆lt71lx bfl|bro
|j| Mara Sattei
|c| LT71LX WD|lelelel
|c|☆lt71lx bfl|necesitaba acertar una
|j| hbjidfg
|j| Boulicrok
|
|t:|1597359441
|switch|p2a: Primarina|Primarina, M|100/100 par
|-damage|p2a: Primarina|88/100 par|[from] Stealth Rock
|move|p1a: Dragapult|Hex|p2a: Primarina
|-damage|p2a: Primarina|48/100 par
|
|-heal|p2a: Primarina|54/100 par|[from] item: Leftovers
|upkeep
|turn|23
|
|t:|1597359447
|move|p1a: Dragapult|Hex|p2a: Primarina
|-damage|p2a: Primarina|13/100 par
|cant|p2a: Primarina|par
|
|-heal|p2a: Primarina|19/100 par|[from] item: Leftovers
|upkeep
|turn|24
|c| LT71LX Ciudadanos|Egalhax
|l| 64 squares
|j| roundpenguin
|
|t:|1597359455
|move|p1a: Dragapult|Hex|p2a: Primarina
|-damage|p2a: Primarina|0 fnt
|faint|p2a: Primarina
|
|upkeep
|c| LT71LX XVR|xD
|j| LT71LX Luthier
|
|t:|1597359458
|switch|p2a: Silhouette|Urshifu, M|100/100
|-damage|p2a: Silhouette|94/100|[from] Stealth Rock
|turn|25
|c| Sagiri I.|el ciclo quiere que egalvanse clasifique
|
|t:|1597359461
|move|p1a: Dragapult|Will-O-Wisp|p2a: Silhouette
|-status|p2a: Silhouette|brn
|move|p2a: Silhouette|Wicked Blow|p1a: Dragapult
|-supereffective|p1a: Dragapult
|-crit|p1a: Dragapult
|-damage|p1a: Dragapult|5/100
|-damage|p2a: Silhouette|84/100 brn|[from] item: Life Orb
|
|-damage|p2a: Silhouette|78/100 brn|[from] brn
|upkeep
|turn|26
|j| will i lose
|j| macho asdfqwert
|c| Jey2|Coño mano
|c| LT71LX XVR|CALVOGANC
|
|t:|1597359468
|switch|p1a: Clefable|Clefable, M|100/100
|move|p2a: Silhouette|Bulk Up|p2a: Silhouette
|-boost|p2a: Silhouette|atk|1
|-boost|p2a: Silhouette|def|1
|
|-damage|p2a: Silhouette|72/100 brn|[from] brn
|upkeep
|turn|27
|c| Jey2|que vaina
|
|t:|1597359471
|switch|p2a: Impaler|Excadrill, M, shiny|11/100 brn
|-damage|p2a: Impaler|8/100 brn|[from] Stealth Rock
|-ability|p2a: Impaler|Mold Breaker
|move|p1a: Clefable|Moonblast|p2a: Impaler
|-resisted|p2a: Impaler
|-damage|p2a: Impaler|0 fnt
|faint|p2a: Impaler
|
|upkeep
|
|t:|1597359476
|switch|p2a: Toxtricity|Toxtricity, M|100/100
|-damage|p2a: Toxtricity|88/100|[from] Stealth Rock
|turn|28
|j| RBV0
|
|t:|1597359481
|switch|p1a: Seismitoad|Seismitoad, M|95/100
|-damage|p1a: Seismitoad|89/100|[from] Stealth Rock
|move|p2a: Toxtricity|Shift Gear|p2a: Toxtricity
|-boost|p2a: Toxtricity|spe|2
|-boost|p2a: Toxtricity|atk|1
|
|-heal|p1a: Seismitoad|95/100|[from] item: Leftovers
|upkeep
|turn|29
|c| LYSTER|Jey2 que opinas
|
|t:|1597359486
|move|p2a: Toxtricity|Boomburst|p1a: Seismitoad
|-damage|p1a: Seismitoad|36/100
|-damage|p2a: Toxtricity|78/100|[from] item: Life Orb
|move|p1a: Seismitoad|Earthquake|p2a: Toxtricity
|-supereffective|p2a: Toxtricity
|-damage|p2a: Toxtricity|0 fnt
|faint|p2a: Toxtricity
|
|-heal|p1a: Seismitoad|42/100|[from] item: Leftovers
|upkeep
|j| studying in tab
|
|t:|1597359491
|switch|p2a: Tama Tonga|Rillaboom, M|80/100
|-damage|p2a: Tama Tonga|67/100|[from] Stealth Rock
|-fieldstart|move: Grassy Terrain|[from] ability: Grassy Surge|[of] p2a: Tama Tonga
|turn|30
|c| LYSTER|Será que el pana Bea clasifica ?
|c| LT71LX WD|teehee
|c|☆lt71lx bfl|coño egal mmg
|c|☆lt71lx bfl|pa no clasificar
|j| Ad&50
|l| AltCauseImInsecure
|j| LT71LX Sks
|l| RBV0
|
|t:|1597359500
|move|p2a: Tama Tonga|Swords Dance|p2a: Tama Tonga
|-boost|p2a: Tama Tonga|atk|2
|move|p1a: Seismitoad|Toxic|p2a: Tama Tonga
|-status|p2a: Tama Tonga|tox
|
|-heal|p2a: Tama Tonga|74/100 tox|[from] Grassy Terrain
|-heal|p1a: Seismitoad|48/100|[from] item: Leftovers
|-heal|p1a: Seismitoad|54/100|[from] Grassy Terrain
|-damage|p2a: Tama Tonga|67/100 tox|[from] psn
|upkeep
|turn|31
|-message|lt71lx bfl forfeited.
|
|win|LT71LX EGC
|l|☆lt71lx bfl
|j| Pidgey Gordito
|l| Boulicrok
|c| LYSTER|Noooo
|l| plays rancias
|c| Livio ElTito|Clasificais los dos
|l| Javoon
|l| LT71LX Ciudadanos
|l| Sagiri I.
|l| macho asdfqwert
|raw|LT71LX EGC's rating: 2135 &rarr; <strong>2157</strong><br />(+22 for winning)
|raw|lt71lx bfl's rating: 2173 &rarr; <strong>2151</strong><br />(-22 for losing)
|l| LT71LX XVR
|l| Big Black Chungus
|l| RNN YasuKe
|l| LT71LX Ant
|l| Devil Patchy
|l| Mara Sattei
|l|+Vileman
|l| Ad&50
|l| best interest
|c| LT71LX BombaOp|No mames
|l| will i lose
|l| lt71lx empo
|l| Twixtry
|l| Jey2
|l| hbjidfg
|l| pizza
|l| quinomak
|l|‽LT71LX EGC
|l| Gondra
|l| LYSTER
|l| roundpenguin
|l| LT71LX Chati
|l| Pidgey Gordito
|l| studying in tab
|j| zedhatool
|l| zedhatool
|l| Livio ElTito
|l| LT71LX WD
|l| strealet❄
|j| LowGxeDoritos
|l|+Cdumas
|l| LowGxeDoritos
|j| Taffy1987
|l| Taffy1987
