|j|☆bizarman
|j|☆1owercase
|t:|1663522636
|gametype|singles
|player|p1|bizarman|scientist-gen4|1655
|player|p2|1owercase|flannery|1658
|teamsize|p1|6
|teamsize|p2|6
|gen|8
|tier|[Gen 8] OU
|rated|
|rule|Sleep Clause Mod: Limit one foe put to sleep
|rule|Species Clause: Limit one of each Pokémon
|rule|OHKO Clause: OHKO moves are banned
|rule|Evasion Items Clause: Evasion items are banned
|rule|Evasion Moves Clause: Evasion moves are banned
|rule|Endless Battle Clause: Forcing endless battles is banned
|rule|HP Percentage Mod: HP is shown in percentages
|rule|Dynamax Clause: You cannot dynamax
|clearpoke
|poke|p1|Blacephalon|
|poke|p1|Tapu Lele|
|poke|p1|Garchomp, M|
|poke|p1|Corviknight, M|
|poke|p1|Clefable, M|
|poke|p1|Urshifu-*, M|
|poke|p2|Ferrothorn, F|
|poke|p2|Rotom-Wash|
|poke|p2|Tyranitar, F|
|poke|p2|Excadrill, F|
|poke|p2|Clefable, F|
|poke|p2|Dragapult, M|
|teampreview
|inactive|Battle timer is ON: inactive players will automatically lose when time's up. (requested by bizarman)
|
|t:|1663522659
|start
|switch|p1a: Clefable|Clefable, M|100/100
|switch|p2a: Dragapult|Dragapult, M|100/100
|turn|1
|
|t:|1663522664
|switch|p2a: Ferrothorn|Ferrothorn, F|100/100
|move|p1a: Clefable|Stealth Rock|p2a: Ferrothorn
|-sidestart|p2: 1owercase|move: Stealth Rock
|
|upkeep
|turn|2
|
|t:|1663522672
|switch|p2a: Clefable|Clefable, F|100/100
|move|p1a: Clefable|Trick|p2a: Clefable
|-activate|p1a: Clefable|move: Trick|[of] p2a: Clefable
|-item|p2a: Clefable|Sticky Barb|[from] move: Trick
|-item|p1a: Clefable|Rocky Helmet|[from] move: Trick
|
|upkeep
|turn|3
|
|t:|1663522687
|move|p2a: Clefable|Stealth Rock|p1a: Clefable
|-sidestart|p1: bizarman|move: Stealth Rock
|move|p1a: Clefable|Moonblast|p2a: Clefable
|-damage|p2a: Clefable|71/100
|
|upkeep
|turn|4
|
|t:|1663522702
|move|p2a: Clefable|Moonblast|p1a: Clefable
|-damage|p1a: Clefable|79/100
|move|p1a: Clefable|Moonblast|p2a: Clefable
|-damage|p2a: Clefable|43/100
|
|upkeep
|turn|5
|
|t:|1663522708
|switch|p1a: Tapu Lele|Tapu Lele|100/100
|-damage|p1a: Tapu Lele|88/100|[from] Stealth Rock
|-fieldstart|move: Psychic Terrain|[from] ability: Psychic Surge|[of] p1a: Tapu Lele
|move|p2a: Clefable|Soft-Boiled|p2a: Clefable
|-heal|p2a: Clefable|93/100
|
|upkeep
|turn|6
|
|t:|1663522720
|move|p1a: Tapu Lele|Psychic|p2a: Clefable
|-damage|p2a: Clefable|9/100
|move|p2a: Clefable|Moonblast|p1a: Tapu Lele
|-damage|p1a: Tapu Lele|54/100
|
|upkeep
|turn|7
|
|t:|1663522729
|switch|p1a: Urshifu|Urshifu-Rapid-Strike, M|100/100
|-damage|p1a: Urshifu|94/100|[from] Stealth Rock
|switch|p2a: Tyranitar|Tyranitar, F|100/100
|-damage|p2a: Tyranitar|88/100|[from] Stealth Rock
|-weather|Sandstorm|[from] ability: Sand Stream|[of] p2a: Tyranitar
|
|-weather|Sandstorm|[upkeep]
|-damage|p1a: Urshifu|88/100|[from] Sandstorm
|upkeep
|turn|8
|
|t:|1663522742
|switch|p2a: Clefable|Clefable, F|9/100
|move|p1a: Urshifu|Surging Strikes|p2a: Clefable
|-crit|p2a: Clefable
|-damage|p2a: Clefable|0 fnt
|faint|p2a: Clefable
|-hitcount|p2: Clefable|1
|
|-weather|Sandstorm|[upkeep]
|-damage|p1a: Urshifu|82/100|[from] Sandstorm
|upkeep
|
|t:|1663522758
|switch|p2a: Dragapult|Dragapult, M|100/100
|-damage|p2a: Dragapult|88/100|[from] Stealth Rock
|turn|9
|
|t:|1663522764
|switch|p1a: Clefable|Clefable, M|79/100
|move|p2a: Dragapult|Shadow Ball|p1a: Clefable
|-damage|p1a: Clefable|42/100
|
|-weather|Sandstorm|[upkeep]
|-damage|p2a: Dragapult|82/100|[from] Sandstorm
|-fieldend|move: Psychic Terrain
|upkeep
|turn|10
|
|t:|1663522772
|move|p2a: Dragapult|Shadow Ball|p1a: Clefable
|-damage|p1a: Clefable|4/100
|-unboost|p1a: Clefable|spd|1
|move|p1a: Clefable|Soft-Boiled|p1a: Clefable
|-heal|p1a: Clefable|54/100
|
|-weather|Sandstorm|[upkeep]
|-damage|p2a: Dragapult|76/100|[from] Sandstorm
|upkeep
|turn|11
|
|t:|1663522799
|switch|p1a: Tapu Lele|Tapu Lele|54/100
|-damage|p1a: Tapu Lele|41/100|[from] Stealth Rock
|-fieldstart|move: Psychic Terrain|[from] ability: Psychic Surge|[of] p1a: Tapu Lele
|move|p2a: Dragapult|Shadow Ball|p1a: Tapu Lele
|-supereffective|p1a: Tapu Lele
|-damage|p1a: Tapu Lele|0 fnt
|faint|p1a: Tapu Lele
|
|-weather|none
|upkeep
|inactive|bizarman has 120 seconds left.
|
|t:|1663522818
|switch|p1a: Clefable|Clefable, M|54/100
|turn|12
|
|t:|1663522821
|switch|p2a: Excadrill|Excadrill, F|100/100
|-damage|p2a: Excadrill|97/100|[from] Stealth Rock
|move|p1a: Clefable|Moonblast|p2a: Excadrill
|-resisted|p2a: Excadrill
|-damage|p2a: Excadrill|76/100
|-unboost|p2a: Excadrill|spa|1
|
|-heal|p2a: Excadrill|82/100|[from] item: Leftovers
|upkeep
|turn|13
|
|t:|1663522831
|move|p2a: Excadrill|Earthquake|p1a: Clefable
|-damage|p1a: Clefable|0 fnt
|faint|p1a: Clefable
|
|-heal|p2a: Excadrill|88/100|[from] item: Leftovers
|upkeep
|
|t:|1663522838
|switch|p1a: Urshifu|Urshifu-Rapid-Strike, M|82/100
|-damage|p1a: Urshifu|76/100|[from] Stealth Rock
|turn|14
|
|t:|1663522844
|switch|p2a: Ferrothorn|Ferrothorn, F|100/100
|-damage|p2a: Ferrothorn|94/100|[from] Stealth Rock
|move|p1a: Urshifu|Surging Strikes|p2a: Ferrothorn
|-resisted|p2a: Ferrothorn
|-crit|p2a: Ferrothorn
|-damage|p2a: Ferrothorn|88/100
|-activate|p2a: Ferrothorn|ability: Iron Barbs
|-activate|p1a: Urshifu|item: Protective Pads
|-resisted|p2a: Ferrothorn
|-crit|p2a: Ferrothorn
|-damage|p2a: Ferrothorn|82/100
|-activate|p2a: Ferrothorn|ability: Iron Barbs
|-activate|p1a: Urshifu|item: Protective Pads
|-resisted|p2a: Ferrothorn
|-crit|p2a: Ferrothorn
|-damage|p2a: Ferrothorn|76/100
|-activate|p2a: Ferrothorn|ability: Iron Barbs
|-activate|p1a: Urshifu|item: Protective Pads
|-hitcount|p2a: Ferrothorn|3
|
|-heal|p2a: Ferrothorn|82/100|[from] item: Leftovers
|upkeep
|turn|15
|
|t:|1663522861
|move|p1a: Urshifu|Surging Strikes|p2a: Ferrothorn
|-resisted|p2a: Ferrothorn
|-crit|p2a: Ferrothorn
|-damage|p2a: Ferrothorn|76/100
|-activate|p2a: Ferrothorn|ability: Iron Barbs
|-activate|p1a: Urshifu|item: Protective Pads
|-resisted|p2a: Ferrothorn
|-crit|p2a: Ferrothorn
|-damage|p2a: Ferrothorn|71/100
|-activate|p2a: Ferrothorn|ability: Iron Barbs
|-activate|p1a: Urshifu|item: Protective Pads
|-resisted|p2a: Ferrothorn
|-crit|p2a: Ferrothorn
|-damage|p2a: Ferrothorn|65/100
|-activate|p2a: Ferrothorn|ability: Iron Barbs
|-activate|p1a: Urshifu|item: Protective Pads
|-hitcount|p2a: Ferrothorn|3
|move|p2a: Ferrothorn|Spikes|p1a: Urshifu
|-sidestart|p1: bizarman|Spikes
|
|-heal|p2a: Ferrothorn|72/100|[from] item: Leftovers
|-fieldend|move: Psychic Terrain
|upkeep
|turn|16
|
|t:|1663522876
|move|p1a: Urshifu|Close Combat|p2a: Ferrothorn
|-supereffective|p2a: Ferrothorn
|-damage|p2a: Ferrothorn|0 fnt
|-unboost|p1a: Urshifu|def|1
|-unboost|p1a: Urshifu|spd|1
|-activate|p2a: Ferrothorn|ability: Iron Barbs
|-activate|p1a: Urshifu|item: Protective Pads
|faint|p2a: Ferrothorn
|
|upkeep
|
|t:|1663522882
|switch|p2a: Dragapult|Dragapult, M|76/100
|-damage|p2a: Dragapult|64/100|[from] Stealth Rock
|turn|17
|j| Nature_K
|
|t:|1663522904
|switch|p1a: Corviknight|Corviknight, M|100/100
|-damage|p1a: Corviknight|88/100|[from] Stealth Rock
|-ability|p1a: Corviknight|Pressure
|move|p2a: Dragapult|Shadow Ball|p1a: Corviknight
|-damage|p1a: Corviknight|29/100
|
|upkeep
|turn|18
|
|t:|1663522912
|move|p2a: Dragapult|Shadow Ball|p1a: Corviknight
|-damage|p1a: Corviknight|0 fnt
|faint|p1a: Corviknight
|
|upkeep
|j| waste yrself
|inactive|bizarman has 120 seconds left.
|
|t:|1663522939
|switch|p1a: Garchomp|Garchomp, M|100/100
|-damage|p1a: Garchomp|94/100|[from] Stealth Rock
|-damage|p1a: Garchomp|82/100|[from] Spikes
|turn|19
|
|t:|1663522952
|switch|p2a: Rotom|Rotom-Wash|100/100
|-damage|p2a: Rotom|88/100|[from] Stealth Rock
|move|p1a: Garchomp|Swords Dance|p1a: Garchomp
|-boost|p1a: Garchomp|atk|2
|
|-heal|p1a: Garchomp|88/100|[from] item: Leftovers
|-heal|p2a: Rotom|94/100|[from] item: Leftovers
|upkeep
|turn|20
|inactive|bizarman has 120 seconds left.
|
|t:|1663522968
|move|p1a: Garchomp|Scale Shot|p2a: Rotom
|-damage|p2a: Rotom|64/100
|-damage|p2a: Rotom|36/100
|-damage|p2a: Rotom|7/100
|-hitcount|p2a: Rotom|3
|-unboost|p1a: Garchomp|def|1
|-boost|p1a: Garchomp|spe|1
|move|p2a: Rotom|Hydro Pump|p1a: Garchomp
|-damage|p1a: Garchomp|45/100
|
|-heal|p1a: Garchomp|51/100|[from] item: Leftovers
|-heal|p2a: Rotom|13/100|[from] item: Leftovers
|upkeep
|turn|21
|inactive|bizarman has 120 seconds left.
|
|t:|1663522986
|move|p1a: Garchomp|Scale Shot|p2a: Rotom
|-crit|p2a: Rotom
|-damage|p2a: Rotom|0 fnt
|faint|p2a: Rotom
|-hitcount|p2: Rotom|1
|-unboost|p1a: Garchomp|def|1
|-boost|p1a: Garchomp|spe|1
|
|-heal|p1a: Garchomp|58/100|[from] item: Leftovers
|upkeep
|
|t:|1663522988
|switch|p2a: Tyranitar|Tyranitar, F|88/100
|-damage|p2a: Tyranitar|76/100|[from] Stealth Rock
|-weather|Sandstorm|[from] ability: Sand Stream|[of] p2a: Tyranitar
|turn|22
|-message|1owercase forfeited.
|
|win|bizarman
|raw|bizarman's rating: 1655 &rarr; <strong>1675</strong><br />(+20 for winning)
|raw|1owercase's rating: 1658 &rarr; <strong>1638</strong><br />(-20 for losing)
|l|☆1owercase
