|html|<div class="broadcast-blue"><strong>[Gen 8] OU is currently suspecting Urshifu-S! For information on how to participate check out the <a href="https://www.smogon.com/forums/threads/np-ss-ou-suspect-process-round-8-aint-no-rest-for-the-wicked.3675310/">suspect thread</a>.</strong></div>
|j|☆madness10
|j|☆Pha948
|t:|1610023657
|player|p1|madness10|170|1677
|player|p2|Pha948|265|1796
|teamsize|p1|6
|teamsize|p2|6
|gametype|singles
|gen|8
|tier|[Gen 8] OU
|rated|
|clearpoke
|poke|p1|Spectrier|
|poke|p1|Nidoking, M|
|poke|p1|Rillaboom, F|
|poke|p1|Cinderace, F|
|poke|p1|Tornadus-Therian, M|
|poke|p1|Swampert, F|
|poke|p2|Spectrier|
|poke|p2|Zapdos|
|poke|p2|Swampert, F|
|poke|p2|Urshifu-*, M|
|poke|p2|Magearna|
|poke|p2|Latios, M|
|rule|Sleep Clause Mod: Limit one foe put to sleep
|rule|Species Clause: Limit one of each Pokémon
|rule|OHKO Clause: OHKO moves are banned
|rule|Evasion Moves Clause: Evasion moves are banned
|rule|Endless Battle Clause: Forcing endless battles is banned
|rule|HP Percentage Mod: HP is shown in percentages
|rule|Dynamax Clause: You cannot dynamax
|teampreview
|c|☆Pha948|gl
|
|t:|1610023673
|start
|switch|p1a: Tornadus|Tornadus-Therian, M|100/100
|switch|p2a: Spectrier|Spectrier|100/100
|turn|1
|
|t:|1610023685
|move|p2a: Spectrier|Shadow Ball|p1a: Tornadus
|-damage|p1a: Tornadus|32/100
|move|p1a: Tornadus|U-turn|p2a: Spectrier
|-resisted|p2a: Spectrier
|-damage|p2a: Spectrier|90/100
|inactive|Battle timer is ON: inactive players will automatically lose when time's up. (requested by Pha948)
|
|t:|1610023696
|switch|p1a: Cinderace|Cinderace, F|100/100|[from]move: U-turn
|
|upkeep
|turn|2
|
|t:|1610023706
|switch|p2a: Swampert|Swampert, F|100/100
|move|p1a: Cinderace|U-turn|p2a: Swampert
|-start|p1a: Cinderace|typechange|Bug|[from] ability: Libero
|-damage|p2a: Swampert|69/100
|
|t:|1610023719
|switch|p1a: Rillaboom|Rillaboom, F|100/100|[from]move: U-turn
|-fieldstart|move: Grassy Terrain|[from] ability: Grassy Surge|[of] p1a: Rillaboom
|
|-heal|p2a: Swampert|75/100|[from] item: Leftovers
|-heal|p2a: Swampert|82/100|[from] Grassy Terrain
|upkeep
|turn|3
|
|t:|1610023727
|switch|p2a: Zapdos|Zapdos|100/100
|move|p1a: Rillaboom|Knock Off|p2a: Zapdos
|-damage|p2a: Zapdos|62/100
|-enditem|p2a: Zapdos|Heavy-Duty Boots|[from] move: Knock Off|[of] p1a: Rillaboom
|
|upkeep
|turn|4
|
|t:|1610023736
|switch|p1a: Swampert|Swampert, F|100/100
|move|p2a: Zapdos|Roost|p2a: Zapdos
|-heal|p2a: Zapdos|100/100
|-singleturn|p2a: Zapdos|move: Roost
|
|upkeep
|turn|5
|
|t:|1610023744
|switch|p2a: Latios|Latios, M|100/100
|move|p1a: Swampert|Stealth Rock|p2a: Latios
|-sidestart|p2: Pha948|move: Stealth Rock
|
|upkeep
|turn|6
|
|t:|1610023754
|move|p2a: Latios|Energy Ball|p1a: Swampert
|-supereffective|p1a: Swampert
|-damage|p1a: Swampert|0 fnt
|-damage|p2a: Latios|91/100|[from] item: Life Orb
|faint|p1a: Swampert
|
|-fieldend|move: Grassy Terrain
|upkeep
|
|t:|1610023768
|switch|p1a: Spectrier|Spectrier|100/100
|turn|7
|j| testing213
|
|t:|1610023785
|switch|p2a: Magearna|Magearna|100/100
|-damage|p2a: Magearna|94/100|[from] Stealth Rock
|move|p1a: Spectrier|Shadow Ball|p2a: Magearna
|-damage|p2a: Magearna|55/100
|
|upkeep
|turn|8
|
|t:|1610023798
|move|p1a: Spectrier|Shadow Ball|p2a: Magearna
|-damage|p2a: Magearna|13/100
|-unboost|p2a: Magearna|spd|1
|move|p2a: Magearna|Ice Beam|p1a: Spectrier
|-damage|p1a: Spectrier|68/100
|
|upkeep
|turn|9
|
|t:|1610023808
|move|p1a: Spectrier|Shadow Ball|p2a: Magearna
|-damage|p2a: Magearna|0 fnt
|faint|p2a: Magearna
|-ability|p1a: Spectrier|Grim Neigh|boost
|-boost|p1a: Spectrier|spa|1
|
|upkeep
|
|t:|1610023810
|switch|p2a: Urshifu|Urshifu, M|100/100
|-damage|p2a: Urshifu|94/100|[from] Stealth Rock
|turn|10
|
|t:|1610023825
|switch|p1a: Nidoking|Nidoking, M|100/100
|move|p2a: Urshifu|Wicked Blow|p1a: Nidoking
|-crit|p1a: Nidoking
|-damage|p1a: Nidoking|30/100
|
|upkeep
|turn|11
|
|t:|1610023840
|move|p2a: Urshifu|Wicked Blow|p1a: Nidoking
|-crit|p1a: Nidoking
|-damage|p1a: Nidoking|0 fnt
|faint|p1a: Nidoking
|
|upkeep
|
|t:|1610023860
|switch|p1a: Rillaboom|Rillaboom, F|100/100
|-fieldstart|move: Grassy Terrain|[from] ability: Grassy Surge|[of] p1a: Rillaboom
|turn|12
|
|t:|1610023873
|switch|p2a: Zapdos|Zapdos|100/100
|-damage|p2a: Zapdos|76/100|[from] Stealth Rock
|move|p1a: Rillaboom|U-turn|p2a: Zapdos
|-resisted|p2a: Zapdos
|-damage|p2a: Zapdos|61/100
|-status|p1a: Rillaboom|par|[from] ability: Static|[of] p2a: Zapdos
|
|t:|1610023882
|switch|p1a: Spectrier|Spectrier|68/100|[from]move: U-turn
|
|-heal|p1a: Spectrier|74/100|[from] Grassy Terrain
|upkeep
|turn|13
|j| Ilovelettuce
|
|t:|1610023911
|move|p1a: Spectrier|Shadow Ball|p2a: Zapdos
|-damage|p2a: Zapdos|0 fnt
|faint|p2a: Zapdos
|-ability|p1a: Spectrier|Grim Neigh|boost
|-boost|p1a: Spectrier|spa|1
|
|-heal|p1a: Spectrier|80/100|[from] Grassy Terrain
|upkeep
|
|t:|1610023914
|switch|p2a: Urshifu|Urshifu, M|94/100
|-damage|p2a: Urshifu|88/100|[from] Stealth Rock
|turn|14
|
|t:|1610023926
|switch|p1a: Tornadus|Tornadus-Therian, M|65/100
|move|p2a: Urshifu|Wicked Blow|p1a: Tornadus
|-crit|p1a: Tornadus
|-damage|p1a: Tornadus|6/100
|
|-heal|p2a: Urshifu|94/100|[from] Grassy Terrain
|upkeep
|turn|15
|j| A-Grade
|j| Priyankaa
|l| Ilovelettuce
|
|t:|1610023951
|move|p2a: Urshifu|Wicked Blow|p1a: Tornadus
|-crit|p1a: Tornadus
|-damage|p1a: Tornadus|0 fnt
|faint|p1a: Tornadus
|
|-heal|p2a: Urshifu|100/100|[from] Grassy Terrain
|upkeep
|
|t:|1610023962
|switch|p1a: Rillaboom|Rillaboom, F|100/100 par
|turn|16
|
|t:|1610023981
|switch|p2a: Latios|Latios, M|91/100
|-damage|p2a: Latios|78/100|[from] Stealth Rock
|cant|p1a: Rillaboom|par
|
|-fieldend|move: Grassy Terrain
|upkeep
|turn|17
|
|t:|1610023996
|switch|p1a: Cinderace|Cinderace, F|100/100
|move|p2a: Latios|Psyshock|p1a: Cinderace
|-damage|p1a: Cinderace|25/100
|-damage|p2a: Latios|68/100|[from] item: Life Orb
|
|upkeep
|turn|18
|
|t:|1610024006
|switch|p2a: Swampert|Swampert, F|82/100
|-damage|p2a: Swampert|75/100|[from] Stealth Rock
|move|p1a: Cinderace|U-turn|p2a: Swampert
|-start|p1a: Cinderace|typechange|Bug|[from] ability: Libero
|-damage|p2a: Swampert|46/100
|
|t:|1610024016
|switch|p1a: Spectrier|Spectrier|80/100|[from]move: U-turn
|
|-heal|p2a: Swampert|52/100|[from] item: Leftovers
|upkeep
|turn|19
|
|t:|1610024021
|move|p1a: Spectrier|Shadow Ball|p2a: Swampert
|-damage|p2a: Swampert|4/100
|-unboost|p2a: Swampert|spd|1
|move|p2a: Swampert|Flip Turn|p1a: Spectrier
|-damage|p1a: Spectrier|30/100
|
|t:|1610024026
|switch|p2a: Urshifu|Urshifu, M|100/100|[from]move: Flip Turn
|-damage|p2a: Urshifu|94/100|[from] Stealth Rock
|
|upkeep
|turn|20
|
|t:|1610024039
|switch|p1a: Cinderace|Cinderace, F|25/100
|move|p2a: Urshifu|Wicked Blow|p1a: Cinderace
|-crit|p1a: Cinderace
|-damage|p1a: Cinderace|0 fnt
|faint|p1a: Cinderace
|
|upkeep
|
|t:|1610024046
|switch|p1a: Rillaboom|Rillaboom, F|100/100 par
|-fieldstart|move: Grassy Terrain|[from] ability: Grassy Surge|[of] p1a: Rillaboom
|turn|21
|
|t:|1610024052
|switch|p2a: Swampert|Swampert, F|4/100
|-damage|p2a: Swampert|0 fnt|[from] Stealth Rock
|faint|p2a: Swampert
|move|p1a: Rillaboom|U-turn|p2: Swampert|[notarget]
|-fail|p1a: Rillaboom
|
|upkeep
|
|t:|1610024055
|switch|p2a: Latios|Latios, M|68/100
|-damage|p2a: Latios|56/100|[from] Stealth Rock
|turn|22
|
|t:|1610024063
|move|p2a: Latios|Mystical Fire|p1a: Rillaboom
|-supereffective|p1a: Rillaboom
|-damage|p1a: Rillaboom|4/100 par
|-unboost|p1a: Rillaboom|spa|1
|-damage|p2a: Latios|46/100|[from] item: Life Orb
|move|p1a: Rillaboom|U-turn|p2a: Latios
|-supereffective|p2a: Latios
|-damage|p2a: Latios|0 fnt
|faint|p2a: Latios
|c|☆Pha948|gg
|
|t:|1610024077
|switch|p1a: Spectrier|Spectrier|30/100|[from]move: U-turn
|
|-heal|p1a: Spectrier|36/100|[from] Grassy Terrain
|upkeep
|
|t:|1610024082
|switch|p2a: Urshifu|Urshifu, M|94/100
|-damage|p2a: Urshifu|88/100|[from] Stealth Rock
|turn|23
|
|t:|1610024088
|move|p2a: Urshifu|Wicked Blow|p1a: Spectrier
|-supereffective|p1a: Spectrier
|-crit|p1a: Spectrier
|-damage|p1a: Spectrier|0 fnt
|faint|p1a: Spectrier
|
|-heal|p2a: Urshifu|94/100|[from] Grassy Terrain
|upkeep
|
|t:|1610024097
|switch|p1a: Rillaboom|Rillaboom, F|4/100 par
|turn|24
|
|t:|1610024104
|move|p1a: Rillaboom|Grassy Glide|p2a: Urshifu
|-damage|p2a: Urshifu|12/100
|move|p2a: Urshifu|Wicked Blow|p1a: Rillaboom
|-crit|p1a: Rillaboom
|-damage|p1a: Rillaboom|0 fnt
|faint|p1a: Rillaboom
|
|win|Pha948
|l|☆madness10
|l| Priyankaa
|raw|madness10's rating: 1677 &rarr; <strong>1663</strong><br />(-14 for losing)
|raw|Pha948's rating: 1796 &rarr; <strong>1810</strong><br />(+14 for winning)
|l|☆Pha948
