|j|☆Makuryu
|j|☆bizarman
|t:|1654337070
|gametype|singles
|player|p1|Makuryu|koga|1724
|player|p2|bizarman|scientist-gen4|1648
|teamsize|p1|6
|teamsize|p2|6
|gen|8
|tier|[Gen 8] OU
|rated|
|rule|Sleep Clause Mod: Limit one foe put to sleep
|rule|Species Clause: Limit one of each Pokémon
|rule|OHKO Clause: OHKO moves are banned
|rule|Evasion Moves Clause: Evasion moves are banned
|rule|Endless Battle Clause: Forcing endless battles is banned
|rule|HP Percentage Mod: HP is shown in percentages
|rule|Dynamax Clause: You cannot dynamax
|clearpoke
|poke|p1|Marowak-Alola, F|
|poke|p1|Hatterene, F|
|poke|p1|Melmetal|
|poke|p1|Crawdaunt, F|
|poke|p1|Porygon2|
|poke|p1|Cresselia, F|
|poke|p2|Kartana|
|poke|p2|Dragapult, F|
|poke|p2|Tornadus-Therian, M|
|poke|p2|Tapu Lele|
|poke|p2|Landorus-Therian, M|
|poke|p2|Toxapex, F|
|teampreview
|inactive|Battle timer is ON: inactive players will automatically lose when time's up. (requested by Makuryu)
|inactive|bizarman has 120 seconds left.
|inactive|bizarman has 90 seconds left.
|
|t:|1654337154
|start
|switch|p1a: Porygon2|Porygon2|100/100
|switch|p2a: Kartana|Kartana|100/100
|-ability|p1a: Porygon2|Beast Boost|[from] ability: Trace|[of] p2a: Kartana
|turn|1
|j| NOslowly
|inactive|Makuryu has 120 seconds left.
|l| NOslowly
|
|t:|1654337209
|move|p2a: Kartana|Knock Off|p1a: Porygon2
|-damage|p1a: Porygon2|73/100
|-enditem|p1a: Porygon2|Eviolite|[from] move: Knock Off|[of] p2a: Kartana
|move|p1a: Porygon2|Trick Room|p1a: Porygon2
|-fieldstart|move: Trick Room|[of] p1a: Porygon2
|
|upkeep
|turn|2
|
|t:|1654337223
|move|p2a: Kartana|Sacred Sword|p1a: Porygon2
|-supereffective|p1a: Porygon2
|-damage|p1a: Porygon2|0 fnt
|faint|p1a: Porygon2
|-ability|p2a: Kartana|Beast Boost|boost
|-boost|p2a: Kartana|atk|1
|
|upkeep
|
|t:|1654337230
|switch|p1a: Marowak|Marowak-Alola, F|100/100
|turn|3
|
|t:|1654337235
|switch|p2a: Toxapex|Toxapex, F|100/100
|move|p1a: Marowak|Swords Dance|p1a: Marowak
|-boost|p1a: Marowak|atk|2
|
|upkeep
|turn|4
|
|t:|1654337242
|switch|p2a: Landorus|Landorus-Therian, M|100/100
|-ability|p2a: Landorus|Intimidate|boost
|-unboost|p1a: Marowak|atk|1
|move|p1a: Marowak|Poltergeist|p2a: Landorus
|-activate|p2a: Landorus|move: Poltergeist|Leftovers
|-damage|p2a: Landorus|0 fnt
|faint|p2a: Landorus
|
|upkeep
|
|t:|1654337265
|switch|p2a: Tapu Lele|Tapu Lele|100/100
|-fieldstart|move: Psychic Terrain|[from] ability: Psychic Surge|[of] p2a: Tapu Lele
|turn|5
|
|t:|1654337274
|move|p1a: Marowak|Poltergeist|p2a: Tapu Lele
|-activate|p2a: Tapu Lele|move: Poltergeist|Choice Scarf
|-supereffective|p2a: Tapu Lele
|-damage|p2a: Tapu Lele|0 fnt
|faint|p2a: Tapu Lele
|
|-fieldend|move: Trick Room
|upkeep
|
|t:|1654337281
|switch|p2a: Kartana|Kartana|100/100
|turn|6
|
|t:|1654337284
|switch|p1a: Cresselia|Cresselia, F|100/100
|move|p2a: Kartana|Swords Dance|p2a: Kartana
|-boost|p2a: Kartana|atk|2
|
|upkeep
|turn|7
|
|t:|1654337290
|move|p2a: Kartana|Knock Off|p1a: Cresselia
|-supereffective|p1a: Cresselia
|-damage|p1a: Cresselia|12/100
|-enditem|p1a: Cresselia|Mental Herb|[from] move: Knock Off|[of] p2a: Kartana
|move|p1a: Cresselia|Trick Room|p1a: Cresselia
|-fieldstart|move: Trick Room|[of] p1a: Cresselia
|
|upkeep
|turn|8
|
|t:|1654337306
|switch|p2a: Tornadus|Tornadus-Therian, M|100/100
|move|p1a: Cresselia|Lunar Dance|p1a: Cresselia
|faint|p1a: Cresselia
|
|upkeep
|
|t:|1654337312
|switch|p1a: Melmetal|Melmetal|100/100
|turn|9
|
|t:|1654337317
|switch|p2a: Toxapex|Toxapex, F|100/100
|move|p1a: Melmetal|Double Iron Bash|p2a: Toxapex
|-resisted|p2a: Toxapex
|-damage|p2a: Toxapex|82/100
|-damage|p1a: Melmetal|84/100|[from] item: Rocky Helmet|[of] p2a: Toxapex
|-resisted|p2a: Toxapex
|-damage|p2a: Toxapex|62/100
|-damage|p1a: Melmetal|67/100|[from] item: Rocky Helmet|[of] p2a: Toxapex
|-hitcount|p2a: Toxapex|2
|
|-fieldend|move: Psychic Terrain
|upkeep
|turn|10
|
|t:|1654337330
|switch|p1a: Crawdaunt|Crawdaunt, F|100/100
|move|p2a: Toxapex|Recover|p2a: Toxapex
|-heal|p2a: Toxapex|100/100
|
|upkeep
|turn|11
|
|t:|1654337341
|move|p2a: Toxapex|Toxic|p1a: Crawdaunt
|-status|p1a: Crawdaunt|tox
|move|p1a: Crawdaunt|Swords Dance|p1a: Crawdaunt
|-boost|p1a: Crawdaunt|atk|2
|
|-damage|p1a: Crawdaunt|94/100 tox|[from] psn
|-fieldend|move: Trick Room
|upkeep
|turn|12
|
|t:|1654337356
|switch|p2a: Tornadus|Tornadus-Therian, M|100/100
|move|p1a: Crawdaunt|Knock Off|p2a: Tornadus
|-damage|p2a: Tornadus|0 fnt
|-enditem|p2a: Tornadus|Assault Vest|[from] move: Knock Off|[of] p1a: Crawdaunt
|faint|p2a: Tornadus
|-damage|p1a: Crawdaunt|85/100 tox|[from] item: Life Orb
|
|-damage|p1a: Crawdaunt|73/100 tox|[from] psn
|upkeep
|
|t:|1654337365
|switch|p2a: Kartana|Kartana|100/100
|turn|13
|
|t:|1654337379
|move|p1a: Crawdaunt|Aqua Jet|p2a: Kartana
|-resisted|p2a: Kartana
|-damage|p2a: Kartana|62/100
|-damage|p1a: Crawdaunt|63/100 tox|[from] item: Life Orb
|move|p2a: Kartana|Leaf Blade|p1a: Crawdaunt
|-supereffective|p1a: Crawdaunt
|-crit|p1a: Crawdaunt
|-damage|p1a: Crawdaunt|0 fnt
|faint|p1a: Crawdaunt
|-ability|p2a: Kartana|Beast Boost|boost
|-boost|p2a: Kartana|atk|1
|
|upkeep
|
|t:|1654337388
|switch|p1a: Hatterene|Hatterene, F|100/100
|turn|14
|
|t:|1654337392
|move|p2a: Kartana|Leaf Blade|p1a: Hatterene
|-damage|p1a: Hatterene|5/100
|move|p1a: Hatterene|Trick Room|p1a: Hatterene
|-fieldstart|move: Trick Room|[of] p1a: Hatterene
|
|upkeep
|turn|15
|
|t:|1654337415
|switch|p2a: Dragapult|Dragapult, F|100/100
|move|p1a: Hatterene|Mystical Fire|p2a: Dragapult
|-resisted|p2a: Dragapult
|-damage|p2a: Dragapult|79/100
|-unboost|p2a: Dragapult|spa|1
|
|upkeep
|turn|16
|
|t:|1654337430
|move|p1a: Hatterene|Healing Wish|p1a: Hatterene
|faint|p1a: Hatterene
|move|p2a: Dragapult|Shadow Ball|p1: Hatterene|[notarget]
|-fail|p2a: Dragapult
|
|upkeep
|
|t:|1654337435
|switch|p1a: Marowak|Marowak-Alola, F|100/100
|-heal|p1a: Marowak|100/100|[from] move: Lunar Dance
|turn|17
|
|t:|1654337439
|move|p1a: Marowak|Poltergeist|p2a: Dragapult
|-activate|p2a: Dragapult|move: Poltergeist|Choice Specs
|-supereffective|p2a: Dragapult
|-damage|p2a: Dragapult|0 fnt
|faint|p2a: Dragapult
|
|upkeep
|
|t:|1654337445
|switch|p2a: Toxapex|Toxapex, F|100/100
|turn|18
|
|t:|1654337448
|move|p2a: Toxapex|Haze|p2a: Toxapex
|-clearallboost
|move|p1a: Marowak|Earthquake|p2a: Toxapex
|-supereffective|p2a: Toxapex
|-damage|p2a: Toxapex|39/100
|
|-fieldend|move: Trick Room
|upkeep
|turn|19
|
|t:|1654337455
|move|p1a: Marowak|Poltergeist|p2a: Toxapex|[miss]
|-miss|p1a: Marowak|p2a: Toxapex
|move|p2a: Toxapex|Scald|p1a: Marowak
|-supereffective|p1a: Marowak
|-damage|p1a: Marowak|57/100
|
|upkeep
|turn|20
|
|t:|1654337463
|move|p1a: Marowak|Poltergeist|p2a: Toxapex
|-activate|p2a: Toxapex|move: Poltergeist|Rocky Helmet
|-damage|p2a: Toxapex|0 fnt
|faint|p2a: Toxapex
|
|upkeep
|
|t:|1654337468
|switch|p2a: Kartana|Kartana|62/100
|turn|21
|
|t:|1654337471
|move|p2a: Kartana|Knock Off|p1a: Marowak
|-supereffective|p1a: Marowak
|-crit|p1a: Marowak
|-damage|p1a: Marowak|0 fnt
|-enditem|p1a: Marowak|Thick Club|[from] move: Knock Off|[of] p2a: Kartana
|faint|p1a: Marowak
|-ability|p2a: Kartana|Beast Boost|boost
|-boost|p2a: Kartana|atk|1
|
|upkeep
|
|t:|1654337478
|switch|p1a: Melmetal|Melmetal|67/100
|-heal|p1a: Melmetal|100/100|[from] move: Healing Wish
|turn|22
|
|t:|1654337482
|move|p2a: Kartana|Sacred Sword|p1a: Melmetal
|-supereffective|p1a: Melmetal
|-damage|p1a: Melmetal|41/100
|move|p1a: Melmetal|Superpower|p2a: Kartana
|-supereffective|p2a: Kartana
|-damage|p2a: Kartana|0 fnt
|-unboost|p1a: Melmetal|atk|1
|-unboost|p1a: Melmetal|def|1
|faint|p2a: Kartana
|
|win|Makuryu
|raw|Makuryu's rating: 1724 &rarr; <strong>1740</strong><br />(+16 for winning)
|raw|bizarman's rating: 1648 &rarr; <strong>1632</strong><br />(-16 for losing)
|c|☆bizarman|gg
|l|☆bizarman
|l|☆Makuryu
