|j|☆hadahada
|j|☆Professor Moxie
|t:|1650281313
|gametype|singles
|player|p1|hadahada|gentleman-gen4dp|1368
|player|p2|Professor Moxie|102|1328
|teamsize|p1|6
|teamsize|p2|6
|gen|8
|tier|[Gen 8] OU
|rated|
|rule|Sleep Clause Mod: Limit one foe put to sleep
|rule|Species Clause: Limit one of each Pokémon
|rule|OHKO Clause: OHKO moves are banned
|rule|Evasion Moves Clause: Evasion moves are banned
|rule|Endless Battle Clause: Forcing endless battles is banned
|rule|HP Percentage Mod: HP is shown in percentages
|rule|Dynamax Clause: You cannot dynamax
|clearpoke
|poke|p1|Urshifu-*, M|
|poke|p1|Ferrothorn, F|
|poke|p1|Toxapex, M|
|poke|p1|Dragapult, F|
|poke|p1|Tapu Lele|
|poke|p1|Zapdos|
|poke|p2|Garchomp, F|
|poke|p2|Slowking-Galar, M|
|poke|p2|Zeraora|
|poke|p2|Heatran, F|
|poke|p2|Keldeo|
|poke|p2|Mandibuzz, F|
|teampreview
|inactive|Battle timer is ON: inactive players will automatically lose when time's up. (requested by hadahada)
|
|t:|1650281319
|start
|switch|p1a: Tapu Lele|Tapu Lele|100/100
|switch|p2a: Garchomp|Garchomp, F|100/100
|-fieldstart|move: Psychic Terrain|[from] ability: Psychic Surge|[of] p1a: Tapu Lele
|turn|1
|
|t:|1650281326
|switch|p2a: Slowking|Slowking-Galar, M|100/100
|move|p1a: Tapu Lele|Focus Blast|p2a: Slowking
|-resisted|p2a: Slowking
|-damage|p2a: Slowking|95/100
|-unboost|p2a: Slowking|spd|1
|
|upkeep
|turn|2
|
|t:|1650281337
|switch|p1a: Dragapult|Dragapult, F|100/100
|move|p2a: Slowking|Future Sight|p1a: Dragapult
|-start|p2a: Slowking|move: Future Sight
|
|upkeep
|turn|3
|
|t:|1650281341
|switch|p2a: Mandibuzz|Mandibuzz, F|100/100
|move|p1a: Dragapult|Shadow Ball|p2a: Mandibuzz
|-resisted|p2a: Mandibuzz
|-damage|p2a: Mandibuzz|81/100
|
|upkeep
|turn|4
|
|t:|1650281347
|switch|p1a: Ferrothorn|Ferrothorn, F|100/100
|move|p2a: Mandibuzz|U-turn|p1a: Ferrothorn
|-damage|p1a: Ferrothorn|94/100
|-damage|p2a: Mandibuzz|69/100|[from] ability: Iron Barbs|[of] p1a: Ferrothorn
|
|t:|1650281348
|switch|p2a: Heatran|Heatran, F|100/100|[from]move: U-turn
|
|-end|p1a: Ferrothorn|move: Future Sight
|-resisted|p1a: Ferrothorn
|-damage|p1a: Ferrothorn|59/100
|-heal|p1a: Ferrothorn|65/100|[from] item: Leftovers
|upkeep
|turn|5
|
|t:|1650281352
|move|p1a: Ferrothorn|Protect|p1a: Ferrothorn
|-singleturn|p1a: Ferrothorn|Protect
|move|p2a: Heatran|Magma Storm|p1a: Ferrothorn
|-activate|p1a: Ferrothorn|move: Protect
|
|-heal|p1a: Ferrothorn|71/100|[from] item: Leftovers
|-fieldend|move: Psychic Terrain
|upkeep
|turn|6
|
|t:|1650281357
|switch|p1a: Toxapex|Toxapex, M|100/100
|move|p2a: Heatran|Magma Storm|p1a: Toxapex
|-resisted|p1a: Toxapex
|-damage|p1a: Toxapex|86/100
|-activate|p1a: Toxapex|move: Magma Storm|[of] p2a: Heatran
|
|-heal|p1a: Toxapex|92/100|[from] item: Black Sludge
|-damage|p1a: Toxapex|79/100|[from] move: Magma Storm|[partiallytrapped]
|upkeep
|turn|7
|
|t:|1650281360
|move|p2a: Heatran|Taunt|p1a: Toxapex
|-start|p1a: Toxapex|move: Taunt
|move|p1a: Toxapex|Knock Off|p2a: Heatran
|-damage|p2a: Heatran|86/100
|-enditem|p2a: Heatran|Leftovers|[from] move: Knock Off|[of] p1a: Toxapex
|
|-heal|p1a: Toxapex|86/100|[from] item: Black Sludge
|-damage|p1a: Toxapex|73/100|[from] move: Magma Storm|[partiallytrapped]
|upkeep
|turn|8
|
|t:|1650281366
|move|p2a: Heatran|Earth Power|p1a: Toxapex
|-supereffective|p1a: Toxapex
|-damage|p1a: Toxapex|35/100
|move|p1a: Toxapex|Scald|p2a: Heatran
|-supereffective|p2a: Heatran
|-damage|p2a: Heatran|66/100
|
|-heal|p1a: Toxapex|41/100|[from] item: Black Sludge
|-damage|p1a: Toxapex|29/100|[from] move: Magma Storm|[partiallytrapped]
|upkeep
|turn|9
|
|t:|1650281373
|move|p2a: Heatran|Earth Power|p1a: Toxapex
|-supereffective|p1a: Toxapex
|-damage|p1a: Toxapex|0 fnt
|faint|p1a: Toxapex
|
|upkeep
|
|t:|1650281376
|switch|p1a: Urshifu|Urshifu-Rapid-Strike, M|100/100
|turn|10
|
|t:|1650281384
|switch|p2a: Garchomp|Garchomp, F|100/100
|move|p1a: Urshifu|Close Combat|p2a: Garchomp
|-damage|p2a: Garchomp|48/100
|-unboost|p1a: Urshifu|def|1
|-unboost|p1a: Urshifu|spd|1
|-damage|p1a: Urshifu|88/100|[from] ability: Rough Skin|[of] p2a: Garchomp
|-damage|p1a: Urshifu|72/100|[from] item: Rocky Helmet|[of] p2a: Garchomp
|-damage|p1a: Urshifu|62/100|[from] item: Life Orb
|
|upkeep
|turn|11
|
|t:|1650281401
|switch|p1a: Ferrothorn|Ferrothorn, F|71/100
|move|p2a: Garchomp|Endure||[still]
|-fail|p2a: Garchomp
|
|-heal|p1a: Ferrothorn|77/100|[from] item: Leftovers
|upkeep
|turn|12
|
|t:|1650281408
|move|p2a: Garchomp|Stealth Rock|p1a: Ferrothorn
|-sidestart|p1: hadahada|move: Stealth Rock
|move|p1a: Ferrothorn|Leech Seed|p2a: Garchomp|[miss]
|-miss|p1a: Ferrothorn|p2a: Garchomp
|
|-heal|p1a: Ferrothorn|84/100|[from] item: Leftovers
|upkeep
|turn|13
|
|t:|1650281413
|move|p2a: Garchomp|Flamethrower|p1a: Ferrothorn
|-supereffective|p1a: Ferrothorn
|-damage|p1a: Ferrothorn|24/100
|move|p1a: Ferrothorn|Leech Seed|p2a: Garchomp
|-start|p2a: Garchomp|move: Leech Seed
|
|-heal|p1a: Ferrothorn|30/100|[from] item: Leftovers
|-damage|p2a: Garchomp|36/100|[from] Leech Seed|[of] p1a: Ferrothorn
|-heal|p1a: Ferrothorn|45/100|[silent]
|upkeep
|turn|14
|
|t:|1650281425
|switch|p2a: Zeraora|Zeraora|100/100
|move|p1a: Ferrothorn|Protect||[still]
|-fail|p1a: Ferrothorn
|
|-heal|p1a: Ferrothorn|51/100|[from] item: Leftovers
|upkeep
|turn|15
|
|t:|1650281428
|move|p2a: Zeraora|Close Combat|p1a: Ferrothorn
|-supereffective|p1a: Ferrothorn
|-damage|p1a: Ferrothorn|4/100
|-unboost|p2a: Zeraora|def|1
|-unboost|p2a: Zeraora|spd|1
|-damage|p2a: Zeraora|88/100|[from] ability: Iron Barbs|[of] p1a: Ferrothorn
|move|p1a: Ferrothorn|Leech Seed|p2a: Zeraora
|-start|p2a: Zeraora|move: Leech Seed
|
|-heal|p1a: Ferrothorn|10/100|[from] item: Leftovers
|-damage|p2a: Zeraora|76/100|[from] Leech Seed|[of] p1a: Ferrothorn
|-heal|p1a: Ferrothorn|21/100|[silent]
|upkeep
|turn|16
|
|t:|1650281438
|switch|p2a: Heatran|Heatran, F|66/100
|move|p1a: Ferrothorn|Leech Seed|p2a: Heatran
|-start|p2a: Heatran|move: Leech Seed
|
|-heal|p1a: Ferrothorn|27/100|[from] item: Leftovers
|-damage|p2a: Heatran|53/100|[from] Leech Seed|[of] p1a: Ferrothorn
|-heal|p1a: Ferrothorn|41/100|[silent]
|upkeep
|turn|17
|
|t:|1650281445
|move|p1a: Ferrothorn|Protect|p1a: Ferrothorn
|-singleturn|p1a: Ferrothorn|Protect
|move|p2a: Heatran|Magma Storm|p1a: Ferrothorn
|-activate|p1a: Ferrothorn|move: Protect
|
|-heal|p1a: Ferrothorn|47/100|[from] item: Leftovers
|-damage|p2a: Heatran|41/100|[from] Leech Seed|[of] p1a: Ferrothorn
|-heal|p1a: Ferrothorn|61/100|[silent]
|upkeep
|turn|18
|
|t:|1650281450
|switch|p1a: Dragapult|Dragapult, F|100/100
|-damage|p1a: Dragapult|88/100|[from] Stealth Rock
|move|p2a: Heatran|Magma Storm|p1a: Dragapult
|-resisted|p1a: Dragapult
|-damage|p1a: Dragapult|60/100
|-activate|p1a: Dragapult|move: Magma Storm|[of] p2a: Heatran
|
|-damage|p2a: Heatran|28/100|[from] Leech Seed|[of] p1a: Dragapult
|-heal|p1a: Dragapult|75/100|[silent]
|-damage|p1a: Dragapult|63/100|[from] move: Magma Storm|[partiallytrapped]
|upkeep
|turn|19
|
|t:|1650281465
|switch|p2a: Garchomp|Garchomp, F|36/100
|move|p1a: Dragapult|Draco Meteor|p2a: Garchomp
|-supereffective|p2a: Garchomp
|-damage|p2a: Garchomp|0 fnt
|-unboost|p1a: Dragapult|spa|2
|faint|p2a: Garchomp
|
|-end|p1a: Dragapult|Magma Storm|[partiallytrapped]|[silent]
|upkeep
|
|t:|1650281477
|switch|p2a: Mandibuzz|Mandibuzz, F|69/100
|turn|20
|
|t:|1650281483
|switch|p1a: Zapdos|Zapdos|100/100
|-damage|p1a: Zapdos|76/100|[from] Stealth Rock
|move|p2a: Mandibuzz|U-turn|p1a: Zapdos
|-resisted|p1a: Zapdos
|-damage|p1a: Zapdos|69/100
|-damage|p2a: Mandibuzz|52/100|[from] item: Rocky Helmet|[of] p1a: Zapdos
|
|t:|1650281493
|switch|p2a: Zeraora|Zeraora|76/100|[from]move: U-turn
|
|upkeep
|turn|21
|
|t:|1650281498
|move|p2a: Zeraora|Close Combat|p1a: Zapdos
|-resisted|p1a: Zapdos
|-damage|p1a: Zapdos|49/100
|-unboost|p2a: Zeraora|def|1
|-unboost|p2a: Zeraora|spd|1
|-damage|p2a: Zeraora|59/100|[from] item: Rocky Helmet|[of] p1a: Zapdos
|move|p1a: Zapdos|Defog|p2a: Zeraora
|-unboost|p2a: Zeraora|evasion|1
|-sideend|p1: hadahada|Stealth Rock|[from] move: Defog|[of] p1a: Zapdos
|
|upkeep
|turn|22
|
|t:|1650281505
|move|p2a: Zeraora|Plasma Fists|p1a: Zapdos
|-damage|p1a: Zapdos|0 fnt
|-fieldactivate|move: Ion Deluge
|-hint|Normal-type moves become Electric-type after using Plasma Fists.
|-damage|p2a: Zeraora|43/100|[from] item: Rocky Helmet|[of] p1a: Zapdos
|faint|p1a: Zapdos
|
|upkeep
|
|t:|1650281509
|switch|p1a: Tapu Lele|Tapu Lele|100/100
|-fieldstart|move: Psychic Terrain|[from] ability: Psychic Surge|[of] p1a: Tapu Lele
|turn|23
|
|t:|1650281515
|switch|p1a: Urshifu|Urshifu-Rapid-Strike, M|62/100
|switch|p2a: Slowking|Slowking-Galar, M|100/100
|
|upkeep
|turn|24
|
|t:|1650281527
|switch|p2a: Keldeo|Keldeo|100/100
|move|p1a: Urshifu|Surging Strikes|p2a: Keldeo
|-resisted|p2a: Keldeo
|-crit|p2a: Keldeo
|-damage|p2a: Keldeo|87/100
|-resisted|p2a: Keldeo
|-crit|p2a: Keldeo
|-damage|p2a: Keldeo|72/100
|-resisted|p2a: Keldeo
|-crit|p2a: Keldeo
|-damage|p2a: Keldeo|57/100
|-hitcount|p2a: Keldeo|3
|-damage|p1a: Urshifu|52/100|[from] item: Life Orb
|
|upkeep
|turn|25
|
|t:|1650281536
|switch|p1a: Dragapult|Dragapult, F|63/100
|move|p2a: Keldeo|Hydro Pump|p1a: Dragapult|[miss]
|-miss|p2a: Keldeo|p1a: Dragapult
|
|upkeep
|turn|26
|
|t:|1650281544
|move|p1a: Dragapult|Draco Meteor|p2a: Keldeo|[miss]
|-miss|p1a: Dragapult|p2a: Keldeo
|move|p2a: Keldeo|Hydro Pump|p1a: Dragapult
|-resisted|p1a: Dragapult
|-damage|p1a: Dragapult|7/100
|
|upkeep
|turn|27
|
|t:|1650281553
|switch|p2a: Slowking|Slowking-Galar, M|100/100
|move|p1a: Dragapult|Draco Meteor|p2a: Slowking
|-damage|p2a: Slowking|53/100
|-unboost|p1a: Dragapult|spa|2
|
|-fieldend|move: Psychic Terrain
|upkeep
|turn|28
|
|t:|1650281565
|switch|p1a: Urshifu|Urshifu-Rapid-Strike, M|52/100
|switch|p2a: Heatran|Heatran, F|28/100
|
|upkeep
|turn|29
|
|t:|1650281574
|switch|p2a: Keldeo|Keldeo|57/100
|move|p1a: Urshifu|Close Combat|p2a: Keldeo
|-damage|p2a: Keldeo|0 fnt
|-unboost|p1a: Urshifu|def|1
|-unboost|p1a: Urshifu|spd|1
|faint|p2a: Keldeo
|-damage|p1a: Urshifu|42/100|[from] item: Life Orb
|
|upkeep
|
|t:|1650281584
|switch|p2a: Zeraora|Zeraora|43/100
|turn|30
|
|t:|1650281588
|switch|p1a: Ferrothorn|Ferrothorn, F|61/100
|move|p2a: Zeraora|Close Combat|p1a: Ferrothorn
|-supereffective|p1a: Ferrothorn
|-damage|p1a: Ferrothorn|13/100
|-unboost|p2a: Zeraora|def|1
|-unboost|p2a: Zeraora|spd|1
|-damage|p2a: Zeraora|31/100|[from] ability: Iron Barbs|[of] p1a: Ferrothorn
|
|-heal|p1a: Ferrothorn|19/100|[from] item: Leftovers
|upkeep
|turn|31
|
|t:|1650281592
|move|p2a: Zeraora|Knock Off|p1a: Ferrothorn
|-damage|p1a: Ferrothorn|2/100
|-damage|p2a: Zeraora|18/100|[from] ability: Iron Barbs|[of] p1a: Ferrothorn
|-enditem|p1a: Ferrothorn|Leftovers|[from] move: Knock Off|[of] p2a: Zeraora
|move|p1a: Ferrothorn|Leech Seed|p2a: Zeraora
|-start|p2a: Zeraora|move: Leech Seed
|
|-damage|p2a: Zeraora|6/100|[from] Leech Seed|[of] p1a: Ferrothorn
|-heal|p1a: Ferrothorn|13/100|[silent]
|upkeep
|turn|32
|
|t:|1650281599
|switch|p2a: Heatran|Heatran, F|28/100
|move|p1a: Ferrothorn|Leech Seed|p2a: Heatran
|-start|p2a: Heatran|move: Leech Seed
|
|-damage|p2a: Heatran|16/100|[from] Leech Seed|[of] p1a: Ferrothorn
|-heal|p1a: Ferrothorn|27/100|[silent]
|upkeep
|turn|33
|
|t:|1650281613
|switch|p2a: Mandibuzz|Mandibuzz, F|52/100
|move|p1a: Ferrothorn|Knock Off|p2a: Mandibuzz
|-resisted|p2a: Mandibuzz
|-damage|p2a: Mandibuzz|45/100
|-enditem|p2a: Mandibuzz|Heavy-Duty Boots|[from] move: Knock Off|[of] p1a: Ferrothorn
|
|upkeep
|turn|34
|
|t:|1650281620
|move|p2a: Mandibuzz|Roost|p2a: Mandibuzz
|-heal|p2a: Mandibuzz|95/100
|-singleturn|p2a: Mandibuzz|move: Roost
|move|p1a: Ferrothorn|Leech Seed|p2a: Mandibuzz
|-start|p2a: Mandibuzz|move: Leech Seed
|
|-damage|p2a: Mandibuzz|83/100|[from] Leech Seed|[of] p1a: Ferrothorn
|-heal|p1a: Ferrothorn|42/100|[silent]
|upkeep
|turn|35
|
|t:|1650281624
|switch|p2a: Heatran|Heatran, F|16/100
|move|p1a: Ferrothorn|Leech Seed|p2a: Heatran
|-start|p2a: Heatran|move: Leech Seed
|
|-damage|p2a: Heatran|3/100|[from] Leech Seed|[of] p1a: Ferrothorn
|-heal|p1a: Ferrothorn|55/100|[silent]
|upkeep
|turn|36
|
|t:|1650281635
|move|p2a: Heatran|Magma Storm|p1a: Ferrothorn
|-supereffective|p1a: Ferrothorn
|-damage|p1a: Ferrothorn|0 fnt
|faint|p1a: Ferrothorn
|
|upkeep
|
|t:|1650281640
|switch|p1a: Dragapult|Dragapult, F|7/100
|turn|37
|
|t:|1650281647
|move|p1a: Dragapult|Shadow Ball|p2a: Heatran
|-damage|p2a: Heatran|0 fnt
|faint|p2a: Heatran
|
|upkeep
|
|t:|1650281654
|switch|p2a: Zeraora|Zeraora|6/100
|turn|38
|
|t:|1650281658
|move|p2a: Zeraora|Knock Off|p1a: Dragapult
|-supereffective|p1a: Dragapult
|-damage|p1a: Dragapult|0 fnt
|-enditem|p1a: Dragapult|Choice Specs|[from] move: Knock Off|[of] p2a: Zeraora
|faint|p1a: Dragapult
|
|upkeep
|
|t:|1650281662
|switch|p1a: Tapu Lele|Tapu Lele|100/100
|-fieldstart|move: Psychic Terrain|[from] ability: Psychic Surge|[of] p1a: Tapu Lele
|turn|39
|
|t:|1650281673
|move|p1a: Tapu Lele|Psyshock|p2a: Zeraora
|-damage|p2a: Zeraora|0 fnt
|faint|p2a: Zeraora
|
|upkeep
|
|t:|1650281678
|switch|p2a: Mandibuzz|Mandibuzz, F|83/100
|turn|40
|
|t:|1650281687
|switch|p1a: Urshifu|Urshifu-Rapid-Strike, M|42/100
|move|p2a: Mandibuzz|Foul Play|p1a: Urshifu
|-resisted|p1a: Urshifu
|-damage|p1a: Urshifu|18/100
|
|upkeep
|turn|41
|
|t:|1650281698
|move|p1a: Urshifu|U-turn|p2a: Mandibuzz
|-damage|p2a: Mandibuzz|62/100
|-damage|p1a: Urshifu|8/100|[from] item: Life Orb
|
|t:|1650281700
|switch|p1a: Tapu Lele|Tapu Lele|100/100|[from]move: U-turn
|move|p2a: Mandibuzz|Foul Play|p1a: Tapu Lele
|-damage|p1a: Tapu Lele|66/100
|
|upkeep
|turn|42
|
|t:|1650281706
|move|p1a: Tapu Lele|Psyshock|p2a: Mandibuzz
|-immune|p2a: Mandibuzz
|move|p2a: Mandibuzz|Roost|p2a: Mandibuzz
|-heal|p2a: Mandibuzz|100/100
|-singleturn|p2a: Mandibuzz|move: Roost
|
|upkeep
|turn|43
|-message|hadahada forfeited.
|
|win|Professor Moxie
|raw|hadahada's rating: 1368 &rarr; <strong>1346</strong><br />(-22 for losing)
|raw|Professor Moxie's rating: 1328 &rarr; <strong>1350</strong><br />(+22 for winning)
|l|☆hadahada
