|j|☆CoconutCrabs
|j|‽djok barra hi
|t:|1649622717
|gametype|singles
|player|p1|CoconutCrabs|chuck|1832
|player|p2|djok barra hi|170|1763
|teamsize|p1|6
|teamsize|p2|6
|gen|8
|tier|[Gen 8] OU
|rated|
|rule|Sleep Clause Mod: Limit one foe put to sleep
|rule|Species Clause: Limit one of each Pokémon
|rule|OHKO Clause: OHKO moves are banned
|rule|Evasion Moves Clause: Evasion moves are banned
|rule|Endless Battle Clause: Forcing endless battles is banned
|rule|HP Percentage Mod: HP is shown in percentages
|rule|Dynamax Clause: You cannot dynamax
|clearpoke
|poke|p1|Tyranitar, F|
|poke|p1|Excadrill, F|
|poke|p1|Tornadus-Therian, M|
|poke|p1|Toxapex, M|
|poke|p1|Heatran, M|
|poke|p1|Tangrowth, F|
|poke|p2|Buzzwole|
|poke|p2|Reuniclus, M|
|poke|p2|Toxapex, M|
|poke|p2|Clefable, M|
|poke|p2|Corviknight, F|
|poke|p2|Garchomp, F|
|teampreview
|inactive|Battle timer is ON: inactive players will automatically lose when time's up. (requested by djok barra hi)
|inactive|CoconutCrabs has 120 seconds left.
|
|t:|1649622761
|start
|switch|p1a: Paloma|Tornadus-Therian, M|100/100
|switch|p2a: Garchomp|Garchomp, F|100/100
|turn|1
|
|t:|1649622767
|move|p1a: Paloma|Icy Wind|p2a: Garchomp
|-supereffective|p2a: Garchomp
|-damage|p2a: Garchomp|27/100
|-unboost|p2a: Garchomp|spe|1
|move|p2a: Garchomp|Toxic|p1a: Paloma
|-status|p1a: Paloma|tox
|
|-heal|p2a: Garchomp|33/100|[from] item: Leftovers
|-damage|p1a: Paloma|94/100 tox|[from] psn
|upkeep
|turn|2
|
|t:|1649622773
|switch|p1a: Baby|Toxapex, M|100/100
|switch|p2a: Reuniclus|Reuniclus, M|100/100
|
|upkeep
|turn|3
|
|t:|1649622778
|move|p2a: Reuniclus|Knock Off|p1a: Baby
|-damage|p1a: Baby|91/100
|-damage|p2a: Reuniclus|84/100|[from] item: Rocky Helmet|[of] p1a: Baby
|-enditem|p1a: Baby|Rocky Helmet|[from] move: Knock Off|[of] p2a: Reuniclus
|move|p1a: Baby|Knock Off|p2a: Reuniclus
|-supereffective|p2a: Reuniclus
|-damage|p2a: Reuniclus|51/100
|-enditem|p2a: Reuniclus|Assault Vest|[from] move: Knock Off|[of] p1a: Baby
|
|upkeep
|turn|4
|
|t:|1649622785
|switch|p2a: Garchomp|Garchomp, F|33/100
|switch|p1a: Boogers|Tyranitar, F|100/100
|-weather|Sandstorm|[from] ability: Sand Stream|[of] p1a: Boogers
|
|-weather|Sandstorm|[upkeep]
|-heal|p2a: Garchomp|40/100|[from] item: Leftovers
|upkeep
|turn|5
|
|t:|1649622794
|switch|p1a: Paloma|Tornadus-Therian, M|100/100 tox
|move|p2a: Garchomp|Earthquake|p1a: Paloma
|-immune|p1a: Paloma
|
|-weather|Sandstorm|[upkeep]
|-damage|p1a: Paloma|94/100 tox|[from] Sandstorm
|-heal|p2a: Garchomp|46/100|[from] item: Leftovers
|-damage|p1a: Paloma|88/100 tox|[from] psn
|upkeep
|turn|6
|
|t:|1649622798
|switch|p2a: Reuniclus|Reuniclus, M|84/100
|move|p1a: Paloma|Hurricane|p2a: Reuniclus
|-damage|p2a: Reuniclus|33/100
|
|-weather|Sandstorm|[upkeep]
|-damage|p1a: Paloma|82/100 tox|[from] Sandstorm
|-damage|p2a: Reuniclus|27/100|[from] Sandstorm
|-damage|p1a: Paloma|70/100 tox|[from] psn
|upkeep
|turn|7
|
|t:|1649622801
|switch|p2a: Corviknight|Corviknight, F|100/100
|-ability|p2a: Corviknight|Pressure
|move|p1a: Paloma|Hurricane|p2a: Corviknight
|-resisted|p2a: Corviknight
|-damage|p2a: Corviknight|72/100
|
|-weather|Sandstorm|[upkeep]
|-damage|p1a: Paloma|64/100 tox|[from] Sandstorm
|-damage|p1a: Paloma|46/100 tox|[from] psn
|upkeep
|turn|8
|
|t:|1649622807
|switch|p1a: Little Man|Heatran, M|100/100
|move|p2a: Corviknight|Roost|p2a: Corviknight
|-heal|p2a: Corviknight|100/100
|-singleturn|p2a: Corviknight|move: Roost
|
|-weather|none
|upkeep
|turn|9
|
|t:|1649622811
|switch|p2a: Toxapex|Toxapex, M|100/100
|move|p1a: Little Man|Earth Power|p2a: Toxapex
|-supereffective|p2a: Toxapex
|-damage|p2a: Toxapex|57/100
|-unboost|p2a: Toxapex|spd|1
|
|upkeep
|turn|10
|
|t:|1649622817
|switch|p1a: Baby|Toxapex, M|100/100
|switch|p2a: Garchomp|Garchomp, F|46/100
|
|-heal|p2a: Garchomp|52/100|[from] item: Leftovers
|upkeep
|turn|11
|
|t:|1649622821
|move|p2a: Garchomp|Stealth Rock|p1a: Baby
|-sidestart|p1: CoconutCrabs|move: Stealth Rock
|move|p1a: Baby|Knock Off|p2a: Garchomp
|-damage|p2a: Garchomp|40/100
|-damage|p1a: Baby|88/100|[from] ability: Rough Skin|[of] p2a: Garchomp
|-enditem|p2a: Garchomp|Leftovers|[from] move: Knock Off|[of] p1a: Baby
|
|upkeep
|turn|12
|inactive|CoconutCrabs has 120 seconds left.
|
|t:|1649622853
|switch|p2a: Reuniclus|Reuniclus, M|60/100
|switch|p1a: Paloma|Tornadus-Therian, M|79/100 tox
|-damage|p1a: Paloma|55/100 tox|[from] Stealth Rock
|
|-damage|p1a: Paloma|49/100 tox|[from] psn
|upkeep
|turn|13
|
|t:|1649622861
|switch|p1a: Boogers|Tyranitar, F|100/100
|-damage|p1a: Boogers|88/100|[from] Stealth Rock
|-weather|Sandstorm|[from] ability: Sand Stream|[of] p1a: Boogers
|move|p2a: Reuniclus|Knock Off|p1a: Boogers
|-resisted|p1a: Boogers
|-damage|p1a: Boogers|82/100
|-enditem|p1a: Boogers|Leftovers|[from] move: Knock Off|[of] p2a: Reuniclus
|
|-weather|Sandstorm|[upkeep]
|-damage|p2a: Reuniclus|54/100|[from] Sandstorm
|upkeep
|turn|14
|
|t:|1649622868
|switch|p2a: Garchomp|Garchomp, F|40/100
|move|p1a: Boogers|Stealth Rock|p2a: Garchomp
|-sidestart|p2: djok barra hi|move: Stealth Rock
|
|-weather|Sandstorm|[upkeep]
|upkeep
|turn|15
|
|t:|1649622878
|switch|p2a: Corviknight|Corviknight, F|100/100
|-damage|p2a: Corviknight|88/100|[from] Stealth Rock
|-ability|p2a: Corviknight|Pressure
|switch|p1a: Pretty|Tangrowth, F|100/100
|-damage|p1a: Pretty|88/100|[from] Stealth Rock
|
|-weather|Sandstorm|[upkeep]
|-damage|p1a: Pretty|82/100|[from] Sandstorm
|upkeep
|turn|16
|
|t:|1649622886
|switch|p2a: Reuniclus|Reuniclus, M|88/100
|-damage|p2a: Reuniclus|75/100|[from] Stealth Rock
|move|p1a: Pretty|Knock Off|p2a: Reuniclus
|-supereffective|p2a: Reuniclus
|-damage|p2a: Reuniclus|49/100
|
|-weather|Sandstorm|[upkeep]
|-damage|p1a: Pretty|76/100|[from] Sandstorm
|-damage|p2a: Reuniclus|42/100|[from] Sandstorm
|upkeep
|turn|17
|
|t:|1649622893
|switch|p2a: Toxapex|Toxapex, M|90/100
|-damage|p2a: Toxapex|78/100|[from] Stealth Rock
|move|p1a: Pretty|Knock Off|p2a: Toxapex
|-damage|p2a: Toxapex|64/100
|-enditem|p2a: Toxapex|Shed Shell|[from] move: Knock Off|[of] p1a: Pretty
|
|-weather|none
|upkeep
|turn|18
|
|t:|1649622895
|move|p1a: Pretty|Sleep Powder|p2a: Toxapex
|-status|p2a: Toxapex|slp|[from] move: Sleep Powder
|cant|p2a: Toxapex|slp
|
|upkeep
|turn|19
|
|t:|1649622900
|switch|p2a: Garchomp|Garchomp, F|40/100
|-damage|p2a: Garchomp|33/100|[from] Stealth Rock
|move|p1a: Pretty|Giga Drain|p2a: Garchomp
|-damage|p2a: Garchomp|15/100
|-heal|p1a: Pretty|86/100|[from] drain|[of] p2a: Garchomp
|
|upkeep
|turn|20
|
|t:|1649622902
|switch|p1a: Paloma|Tornadus-Therian, M|82/100 tox
|-damage|p1a: Paloma|57/100 tox|[from] Stealth Rock
|move|p2a: Garchomp|Rest|p2a: Garchomp
|-status|p2a: Garchomp|slp|[from] move: Rest
|-heal|p2a: Garchomp|100/100 slp|[silent]
|
|-damage|p1a: Paloma|51/100 tox|[from] psn
|upkeep
|turn|21
|
|t:|1649622908
|switch|p2a: Reuniclus|Reuniclus, M|76/100
|-damage|p2a: Reuniclus|63/100|[from] Stealth Rock
|move|p1a: Paloma|Heat Wave|p2a: Reuniclus
|-damage|p2a: Reuniclus|34/100
|
|-damage|p1a: Paloma|39/100 tox|[from] psn
|upkeep
|turn|22
|
|t:|1649622915
|switch|p1a: Boogers|Tyranitar, F|82/100
|-damage|p1a: Boogers|70/100|[from] Stealth Rock
|-weather|Sandstorm|[from] ability: Sand Stream|[of] p1a: Boogers
|switch|p2a: Toxapex|Toxapex, M|98/100 slp
|-damage|p2a: Toxapex|85/100 slp|[from] Stealth Rock
|
|-weather|Sandstorm|[upkeep]
|-damage|p2a: Toxapex|79/100 slp|[from] Sandstorm
|upkeep
|turn|23
|
|t:|1649622921
|switch|p2a: Clefable|Clefable, M|100/100
|move|p1a: Boogers|Earthquake|p2a: Clefable
|-damage|p2a: Clefable|78/100
|
|-weather|Sandstorm|[upkeep]
|-damage|p2a: Clefable|72/100|[from] Sandstorm
|upkeep
|turn|24
|
|t:|1649622925
|switch|p1a: Mole Man|Excadrill, F|100/100
|-damage|p1a: Mole Man|97/100|[from] Stealth Rock
|move|p2a: Clefable|Aromatherapy|p2a: Clefable
|-activate|p2a: Clefable|move: Aromatherapy
|-curestatus|p2: Garchomp|slp|[msg]
|-curestatus|p2: Toxapex|slp|[msg]
|
|-weather|Sandstorm|[upkeep]
|-damage|p2a: Clefable|66/100|[from] Sandstorm
|-heal|p1a: Mole Man|100/100|[from] item: Leftovers
|upkeep
|turn|25
|
|t:|1649622931
|switch|p2a: Corviknight|Corviknight, F|88/100
|-damage|p2a: Corviknight|75/100|[from] Stealth Rock
|-ability|p2a: Corviknight|Pressure
|move|p1a: Mole Man|Rapid Spin|p2a: Corviknight
|-resisted|p2a: Corviknight
|-damage|p2a: Corviknight|67/100
|-boost|p1a: Mole Man|spe|1
|-sideend|p1: CoconutCrabs|Stealth Rock|[from] move: Rapid Spin|[of] p1a: Mole Man
|
|-weather|Sandstorm|[upkeep]
|upkeep
|turn|26
|
|t:|1649622934
|switch|p1a: Little Man|Heatran, M|100/100
|move|p2a: Corviknight|Defog|p1a: Little Man
|-unboost|p1a: Little Man|evasion|1
|-sideend|p2: djok barra hi|Stealth Rock|[from] move: Defog|[of] p2a: Corviknight
|
|-weather|none
|upkeep
|turn|27
|
|t:|1649622938
|switch|p1a: Pretty|Tangrowth, F|100/100
|switch|p2a: Garchomp|Garchomp, F|100/100
|
|upkeep
|turn|28
|
|t:|1649622946
|move|p2a: Garchomp|Stealth Rock|p1a: Pretty
|-sidestart|p1: CoconutCrabs|move: Stealth Rock
|move|p1a: Pretty|Sleep Powder|p2a: Garchomp
|-status|p2a: Garchomp|slp|[from] move: Sleep Powder
|
|upkeep
|turn|29
|
|t:|1649622949
|switch|p1a: Paloma|Tornadus-Therian, M|72/100 tox
|-damage|p1a: Paloma|47/100 tox|[from] Stealth Rock
|cant|p2a: Garchomp|slp
|
|-damage|p1a: Paloma|41/100 tox|[from] psn
|upkeep
|turn|30
|
|t:|1649622954
|switch|p2a: Toxapex|Toxapex, M|100/100
|move|p1a: Paloma|Hurricane|p2a: Toxapex
|-damage|p2a: Toxapex|47/100
|
|-damage|p1a: Paloma|29/100 tox|[from] psn
|upkeep
|turn|31
|
|t:|1649622958
|switch|p2a: Reuniclus|Reuniclus, M|68/100
|move|p1a: Paloma|Hurricane|p2a: Reuniclus
|-damage|p2a: Reuniclus|16/100
|
|-damage|p1a: Paloma|11/100 tox|[from] psn
|upkeep
|turn|32
|
|t:|1649622967
|switch|p1a: Mole Man|Excadrill, F|100/100
|-damage|p1a: Mole Man|97/100|[from] Stealth Rock
|switch|p2a: Toxapex|Toxapex, M|80/100
|
|-heal|p1a: Mole Man|100/100|[from] item: Leftovers
|upkeep
|turn|33
|
|t:|1649622971
|move|p1a: Mole Man|Earthquake|p2a: Toxapex
|-supereffective|p2a: Toxapex
|-damage|p2a: Toxapex|3/100
|move|p2a: Toxapex|Knock Off|p1a: Mole Man
|-damage|p1a: Mole Man|79/100
|-enditem|p1a: Mole Man|Leftovers|[from] move: Knock Off|[of] p2a: Toxapex
|
|upkeep
|turn|34
|
|t:|1649622976
|switch|p2a: Buzzwole|Buzzwole|100/100
|move|p1a: Mole Man|Rapid Spin|p2a: Buzzwole
|-damage|p2a: Buzzwole|89/100
|-boost|p1a: Mole Man|spe|1
|-damage|p1a: Mole Man|62/100|[from] item: Rocky Helmet|[of] p2a: Buzzwole
|-sideend|p1: CoconutCrabs|Stealth Rock|[from] move: Rapid Spin|[of] p1a: Mole Man
|
|upkeep
|turn|35
|
|t:|1649622984
|switch|p1a: Baby|Toxapex, M|100/100
|move|p2a: Buzzwole|Close Combat|p1a: Baby
|-resisted|p1a: Baby
|-damage|p1a: Baby|78/100
|-unboost|p2a: Buzzwole|def|1
|-unboost|p2a: Buzzwole|spd|1
|
|upkeep
|turn|36
|
|t:|1649622995
|switch|p2a: Clefable|Clefable, M|66/100
|move|p1a: Baby|Knock Off|p2a: Clefable
|-resisted|p2a: Clefable
|-damage|p2a: Clefable|61/100
|-enditem|p2a: Clefable|Heavy-Duty Boots|[from] move: Knock Off|[of] p1a: Baby
|
|upkeep
|turn|37
|
|t:|1649622999
|switch|p1a: Little Man|Heatran, M|100/100
|move|p2a: Clefable|Soft-Boiled|p2a: Clefable
|-heal|p2a: Clefable|100/100
|
|upkeep
|turn|38
|
|t:|1649623004
|switch|p2a: Garchomp|Garchomp, F|100/100 slp
|move|p1a: Little Man|Eruption|p2a: Garchomp
|-resisted|p2a: Garchomp
|-damage|p2a: Garchomp|75/100 slp
|
|upkeep
|turn|39
|
|t:|1649623008
|switch|p1a: Paloma|Tornadus-Therian, M|44/100 tox
|cant|p2a: Garchomp|slp
|
|-damage|p1a: Paloma|38/100 tox|[from] psn
|upkeep
|turn|40
|
|t:|1649623013
|switch|p2a: Corviknight|Corviknight, F|67/100
|-ability|p2a: Corviknight|Pressure
|move|p1a: Paloma|Hurricane|p2a: Corviknight|[miss]
|-miss|p1a: Paloma|p2a: Corviknight
|
|-damage|p1a: Paloma|26/100 tox|[from] psn
|upkeep
|turn|41
|
|t:|1649623017
|switch|p1a: Little Man|Heatran, M|100/100
|move|p2a: Corviknight|Roost|p2a: Corviknight
|-heal|p2a: Corviknight|100/100
|-singleturn|p2a: Corviknight|move: Roost
|
|upkeep
|turn|42
|
|t:|1649623021
|switch|p2a: Garchomp|Garchomp, F|75/100 slp
|move|p1a: Little Man|Eruption|p2a: Garchomp
|-resisted|p2a: Garchomp
|-damage|p2a: Garchomp|48/100 slp
|
|upkeep
|turn|43
|
|t:|1649623025
|switch|p1a: Paloma|Tornadus-Therian, M|59/100 tox
|cant|p2a: Garchomp|slp
|
|-damage|p1a: Paloma|53/100 tox|[from] psn
|upkeep
|turn|44
|
|t:|1649623029
|switch|p2a: Corviknight|Corviknight, F|100/100
|-ability|p2a: Corviknight|Pressure
|move|p1a: Paloma|Heat Wave|p2a: Corviknight|[miss]
|-miss|p1a: Paloma|p2a: Corviknight
|
|-damage|p1a: Paloma|41/100 tox|[from] psn
|upkeep
|turn|45
|
|t:|1649623037
|switch|p1a: Little Man|Heatran, M|100/100
|switch|p2a: Garchomp|Garchomp, F|48/100 slp
|
|upkeep
|turn|46
|
|t:|1649623039
|switch|p1a: Paloma|Tornadus-Therian, M|74/100 tox
|-curestatus|p2a: Garchomp|slp|[msg]
|move|p2a: Garchomp|Stealth Rock|p1a: Paloma
|-sidestart|p1: CoconutCrabs|move: Stealth Rock
|
|-damage|p1a: Paloma|68/100 tox|[from] psn
|upkeep
|turn|47
|
|t:|1649623047
|switch|p2a: Corviknight|Corviknight, F|100/100
|-ability|p2a: Corviknight|Pressure
|move|p1a: Paloma|Hurricane|p2a: Corviknight
|-resisted|p2a: Corviknight
|-damage|p2a: Corviknight|73/100
|-start|p2a: Corviknight|confusion
|
|-damage|p1a: Paloma|56/100 tox|[from] psn
|upkeep
|turn|48
|inactive|CoconutCrabs has 120 seconds left.
|inactive|CoconutCrabs has 90 seconds left.
|
|t:|1649623111
|switch|p1a: Baby|Toxapex, M|100/100
|-damage|p1a: Baby|88/100|[from] Stealth Rock
|-activate|p2a: Corviknight|confusion
|move|p2a: Corviknight|Roost|p2a: Corviknight
|-heal|p2a: Corviknight|100/100
|-singleturn|p2a: Corviknight|move: Roost
|
|upkeep
|turn|49
|
|t:|1649623117
|switch|p2a: Reuniclus|Reuniclus, M|49/100
|switch|p1a: Mole Man|Excadrill, F|62/100
|-damage|p1a: Mole Man|59/100|[from] Stealth Rock
|
|upkeep
|turn|50
|
|t:|1649623120
|switch|p2a: Buzzwole|Buzzwole|89/100
|move|p1a: Mole Man|Earthquake|p2a: Buzzwole
|-resisted|p2a: Buzzwole
|-damage|p2a: Buzzwole|69/100
|
|upkeep
|turn|51
|
|t:|1649623127
|switch|p1a: Paloma|Tornadus-Therian, M|89/100 tox
|-damage|p1a: Paloma|65/100 tox|[from] Stealth Rock
|move|p2a: Buzzwole|Leech Life|p1a: Paloma
|-resisted|p1a: Paloma
|-damage|p1a: Paloma|33/100 tox
|-heal|p2a: Buzzwole|81/100|[from] drain|[of] p1a: Paloma
|
|-damage|p1a: Paloma|27/100 tox|[from] psn
|upkeep
|turn|52
|
|t:|1649623133
|switch|p2a: Reuniclus|Reuniclus, M|82/100
|move|p1a: Paloma|Hurricane|p2a: Reuniclus
|-damage|p2a: Reuniclus|34/100
|
|-damage|p1a: Paloma|15/100 tox|[from] psn
|upkeep
|turn|53
|
|t:|1649623137
|switch|p1a: Mole Man|Excadrill, F|59/100
|-damage|p1a: Mole Man|56/100|[from] Stealth Rock
|switch|p2a: Corviknight|Corviknight, F|100/100
|-ability|p2a: Corviknight|Pressure
|
|upkeep
|turn|54
|
|t:|1649623141
|move|p1a: Mole Man|Rapid Spin|p2a: Corviknight
|-resisted|p2a: Corviknight
|-damage|p2a: Corviknight|93/100
|-boost|p1a: Mole Man|spe|1
|-sideend|p1: CoconutCrabs|Stealth Rock|[from] move: Rapid Spin|[of] p1a: Mole Man
|move|p2a: Corviknight|Brave Bird|p1a: Mole Man
|-resisted|p1a: Mole Man
|-damage|p1a: Mole Man|30/100
|-damage|p2a: Corviknight|86/100|[from] Recoil
|
|upkeep
|turn|55
|
|t:|1649623145
|switch|p1a: Little Man|Heatran, M|100/100
|switch|p2a: Garchomp|Garchomp, F|48/100
|
|upkeep
|turn|56
|
|t:|1649623150
|move|p1a: Little Man|Eruption|p2a: Garchomp
|-resisted|p2a: Garchomp
|-damage|p2a: Garchomp|21/100
|move|p2a: Garchomp|Earthquake|p1a: Little Man
|-supereffective|p1a: Little Man
|-damage|p1a: Little Man|0 fnt
|faint|p1a: Little Man
|
|upkeep
|-message|CoconutCrabs forfeited.
|
|win|djok barra hi
|raw|CoconutCrabs's rating: 1851 &rarr; <strong>1826</strong><br />(-25 for losing)
|raw|djok barra hi's rating: 1763 &rarr; <strong>1788</strong><br />(+25 for winning)
|l|☆CoconutCrabs
|c|‽djok barra hi|/log djok barra hi made this room public.
