|j|‽Cowsrule247
|j|☆LordXen VII
|t:|1660966727
|gametype|singles
|player|p1|Cowsrule247|skyla|1519
|player|p2|LordXen VII|266|1609
|teamsize|p1|6
|teamsize|p2|6
|gen|8
|tier|[Gen 8] OU
|rated|
|rule|Sleep Clause Mod: Limit one foe put to sleep
|rule|Species Clause: Limit one of each Pokémon
|rule|OHKO Clause: OHKO moves are banned
|rule|Evasion Items Clause: Evasion items are banned
|rule|Evasion Moves Clause: Evasion moves are banned
|rule|Endless Battle Clause: Forcing endless battles is banned
|rule|HP Percentage Mod: HP is shown in percentages
|rule|Dynamax Clause: You cannot dynamax
|clearpoke
|poke|p1|Corviknight, M|
|poke|p1|Gastrodon-East, M|
|poke|p1|Toxapex, F|
|poke|p1|Buzzwole|
|poke|p1|Clefable, M|
|poke|p1|Blissey, F|
|poke|p2|Tyranitar, M|
|poke|p2|Slowbro, F|
|poke|p2|Excadrill, F|
|poke|p2|Ferrothorn, F|
|poke|p2|Skarmory, F|
|poke|p2|Clefable, F|
|teampreview
|inactive|Battle timer is ON: inactive players will automatically lose when time's up. (requested by Cowsrule247)
|
|t:|1660966734
|start
|switch|p1a: Gastrodon|Gastrodon-East, M|100/100
|switch|p2a: Skarmory|Skarmory, F|100/100
|turn|1
|
|t:|1660966740
|move|p2a: Skarmory|Spikes|p1a: Gastrodon
|-sidestart|p1: Cowsrule247|Spikes
|move|p1a: Gastrodon|Scald|p2a: Skarmory
|-damage|p2a: Skarmory|58/100
|
|upkeep
|turn|2
|
|t:|1660966749
|switch|p2a: Clefable|Clefable, F|100/100
|move|p1a: Gastrodon|Scald|p2a: Clefable
|-damage|p2a: Clefable|81/100
|
|-heal|p2a: Clefable|88/100|[from] item: Leftovers
|upkeep
|turn|3
|
|t:|1660966758
|switch|p1a: Blissey|Blissey, F|100/100
|move|p2a: Clefable|Calm Mind|p2a: Clefable
|-boost|p2a: Clefable|spa|1
|-boost|p2a: Clefable|spd|1
|
|-heal|p2a: Clefable|94/100|[from] item: Leftovers
|upkeep
|turn|4
|
|t:|1660966762
|move|p2a: Clefable|Calm Mind|p2a: Clefable
|-boost|p2a: Clefable|spa|1
|-boost|p2a: Clefable|spd|1
|move|p1a: Blissey|Stealth Rock|p2a: Clefable
|-sidestart|p2: LordXen VII|move: Stealth Rock
|
|-heal|p2a: Clefable|99/100|[from] item: Leftovers
|upkeep
|turn|5
|
|t:|1660966769
|switch|p1a: Clefable|Clefable, M|100/100
|-damage|p1a: Clefable|88/100|[from] Spikes
|move|p2a: Clefable|Calm Mind|p2a: Clefable
|-boost|p2a: Clefable|spa|1
|-boost|p2a: Clefable|spd|1
|
|-heal|p2a: Clefable|100/100|[from] item: Leftovers
|-heal|p1a: Clefable|94/100|[from] item: Leftovers
|upkeep
|turn|6
|
|t:|1660966774
|move|p1a: Clefable|Moonblast|p2a: Clefable
|-damage|p2a: Clefable|77/100
|-unboost|p2a: Clefable|spa|1
|move|p2a: Clefable|Moonblast|p1a: Clefable
|-damage|p1a: Clefable|68/100
|-unboost|p1a: Clefable|spa|1
|
|-heal|p1a: Clefable|74/100|[from] item: Leftovers
|-heal|p2a: Clefable|83/100|[from] item: Leftovers
|upkeep
|turn|7
|
|t:|1660966784
|move|p2a: Clefable|Moonblast|p1a: Clefable
|-damage|p1a: Clefable|50/100
|move|p1a: Clefable|Wish|p1a: Clefable
|
|-heal|p2a: Clefable|90/100|[from] item: Leftovers
|-heal|p1a: Clefable|56/100|[from] item: Leftovers
|upkeep
|turn|8
|
|t:|1660966791
|switch|p1a: Blissey|Blissey, F|100/100
|move|p2a: Clefable|Moonblast|p1a: Blissey
|-damage|p1a: Blissey|77/100
|
|-heal|p1a: Blissey|100/100|[from] move: Wish|[wisher] Clefable
|-heal|p2a: Clefable|96/100|[from] item: Leftovers
|upkeep
|turn|9
|
|t:|1660966800
|move|p2a: Clefable|Calm Mind|p2a: Clefable
|-boost|p2a: Clefable|spa|1
|-boost|p2a: Clefable|spd|1
|move|p1a: Blissey|Seismic Toss|p2a: Clefable
|-damage|p2a: Clefable|70/100
|
|-heal|p2a: Clefable|76/100|[from] item: Leftovers
|upkeep
|turn|10
|
|t:|1660966805
|move|p2a: Clefable|Calm Mind|p2a: Clefable
|-boost|p2a: Clefable|spa|1
|-boost|p2a: Clefable|spd|1
|move|p1a: Blissey|Seismic Toss|p2a: Clefable
|-damage|p2a: Clefable|51/100
|
|-heal|p2a: Clefable|57/100|[from] item: Leftovers
|upkeep
|turn|11
|
|t:|1660966809
|move|p2a: Clefable|Soft-Boiled|p2a: Clefable
|-heal|p2a: Clefable|100/100
|move|p1a: Blissey|Seismic Toss|p2a: Clefable
|-damage|p2a: Clefable|75/100
|
|-heal|p2a: Clefable|81/100|[from] item: Leftovers
|upkeep
|turn|12
|
|t:|1660966811
|move|p2a: Clefable|Calm Mind|p2a: Clefable
|-boost|p2a: Clefable|spa|1
|-boost|p2a: Clefable|spd|1
|move|p1a: Blissey|Seismic Toss|p2a: Clefable
|-damage|p2a: Clefable|56/100
|
|-heal|p2a: Clefable|62/100|[from] item: Leftovers
|upkeep
|turn|13
|
|t:|1660966815
|switch|p1a: Clefable|Clefable, M|56/100
|-damage|p1a: Clefable|44/100|[from] Spikes
|move|p2a: Clefable|Calm Mind|p2a: Clefable
|-boost|p2a: Clefable|spa|1
|-boost|p2a: Clefable|spd|0
|
|-heal|p2a: Clefable|68/100|[from] item: Leftovers
|-heal|p1a: Clefable|50/100|[from] item: Leftovers
|upkeep
|turn|14
|
|t:|1660966819
|move|p1a: Clefable|Protect|p1a: Clefable
|-singleturn|p1a: Clefable|Protect
|move|p2a: Clefable|Moonblast|p1a: Clefable
|-activate|p1a: Clefable|move: Protect
|
|-heal|p1a: Clefable|56/100|[from] item: Leftovers
|-heal|p2a: Clefable|74/100|[from] item: Leftovers
|upkeep
|turn|15
|
|t:|1660966823
|move|p2a: Clefable|Moonblast|p1a: Clefable
|-damage|p1a: Clefable|32/100
|move|p1a: Clefable|Wish|p1a: Clefable
|
|-heal|p1a: Clefable|38/100|[from] item: Leftovers
|-heal|p2a: Clefable|80/100|[from] item: Leftovers
|upkeep
|turn|16
|
|t:|1660966828
|move|p2a: Clefable|Moonblast|p1a: Clefable
|-damage|p1a: Clefable|15/100
|move|p1a: Clefable|Moonblast|p2a: Clefable
|-damage|p2a: Clefable|57/100
|
|-heal|p1a: Clefable|65/100|[from] move: Wish|[wisher] Clefable
|-heal|p2a: Clefable|63/100|[from] item: Leftovers
|-heal|p1a: Clefable|71/100|[from] item: Leftovers
|upkeep
|turn|17
|
|t:|1660966834
|move|p1a: Clefable|Moonblast|p2a: Clefable
|-damage|p2a: Clefable|41/100
|move|p2a: Clefable|Moonblast|p1a: Clefable
|-damage|p1a: Clefable|43/100
|
|-heal|p2a: Clefable|47/100|[from] item: Leftovers
|-heal|p1a: Clefable|49/100|[from] item: Leftovers
|upkeep
|turn|18
|
|t:|1660966839
|move|p1a: Clefable|Wish|p1a: Clefable
|move|p2a: Clefable|Soft-Boiled|p2a: Clefable
|-heal|p2a: Clefable|97/100
|
|-heal|p1a: Clefable|56/100|[from] item: Leftovers
|-heal|p2a: Clefable|100/100|[from] item: Leftovers
|upkeep
|turn|19
|
|t:|1660966842
|move|p2a: Clefable|Moonblast|p1a: Clefable
|-damage|p1a: Clefable|30/100
|move|p1a: Clefable|Moonblast|p2a: Clefable
|-damage|p2a: Clefable|79/100
|
|-heal|p1a: Clefable|80/100|[from] move: Wish|[wisher] Clefable
|-heal|p2a: Clefable|85/100|[from] item: Leftovers
|-heal|p1a: Clefable|86/100|[from] item: Leftovers
|upkeep
|turn|20
|
|t:|1660966850
|switch|p2a: Ferrothorn|Ferrothorn, F|100/100
|-damage|p2a: Ferrothorn|94/100|[from] Stealth Rock
|move|p1a: Clefable|Moonblast|p2a: Ferrothorn
|-resisted|p2a: Ferrothorn
|-damage|p2a: Ferrothorn|81/100
|
|-heal|p1a: Clefable|92/100|[from] item: Leftovers
|upkeep
|turn|21
|
|t:|1660966855
|switch|p1a: Corviknight|Corviknight, M|100/100
|-ability|p1a: Corviknight|Pressure
|move|p2a: Ferrothorn|Stealth Rock|p1a: Corviknight
|-sidestart|p1: Cowsrule247|move: Stealth Rock
|
|upkeep
|turn|22
|
|t:|1660966861
|move|p1a: Corviknight|Defog|p2a: Ferrothorn
|-unboost|p2a: Ferrothorn|evasion|1
|-sideend|p2: LordXen VII|Stealth Rock|[from] move: Defog|[of] p1a: Corviknight
|-sideend|p1: Cowsrule247|Spikes|[from] move: Defog|[of] p1a: Corviknight
|-sideend|p1: Cowsrule247|Stealth Rock|[from] move: Defog|[of] p1a: Corviknight
|move|p2a: Ferrothorn|Leech Seed|p1a: Corviknight
|-start|p1a: Corviknight|move: Leech Seed
|
|-damage|p1a: Corviknight|88/100|[from] Leech Seed|[of] p2a: Ferrothorn
|-heal|p2a: Ferrothorn|95/100|[silent]
|upkeep
|turn|23
|
|t:|1660966867
|switch|p1a: Gastrodon|Gastrodon-East, M|100/100
|move|p2a: Ferrothorn|Stealth Rock|p1a: Gastrodon
|-sidestart|p1: Cowsrule247|move: Stealth Rock
|
|upkeep
|turn|24
|
|t:|1660966872
|switch|p1a: Corviknight|Corviknight, M|88/100
|-damage|p1a: Corviknight|75/100|[from] Stealth Rock
|-ability|p1a: Corviknight|Pressure
|move|p2a: Ferrothorn|Leech Seed|p1a: Corviknight
|-start|p1a: Corviknight|move: Leech Seed
|
|-heal|p1a: Corviknight|82/100|[from] item: Leftovers
|-damage|p1a: Corviknight|69/100|[from] Leech Seed|[of] p2a: Ferrothorn
|-heal|p2a: Ferrothorn|100/100|[silent]
|upkeep
|turn|25
|
|t:|1660966878
|switch|p2a: Skarmory|Skarmory, F|58/100
|move|p1a: Corviknight|Defog|p2a: Skarmory
|-unboost|p2a: Skarmory|evasion|1
|-sideend|p1: Cowsrule247|Stealth Rock|[from] move: Defog|[of] p1a: Corviknight
|
|-heal|p1a: Corviknight|75/100|[from] item: Leftovers
|-damage|p1a: Corviknight|63/100|[from] Leech Seed|[of] p2a: Skarmory
|-heal|p2a: Skarmory|77/100|[silent]
|upkeep
|turn|26
|
|t:|1660966885
|switch|p1a: Gastrodon|Gastrodon-East, M|100/100
|move|p2a: Skarmory|Spikes|p1a: Gastrodon
|-sidestart|p1: Cowsrule247|Spikes
|
|upkeep
|turn|27
|
|t:|1660966890
|switch|p2a: Clefable|Clefable, F|85/100
|move|p1a: Gastrodon|Scald|p2a: Clefable
|-damage|p2a: Clefable|68/100
|
|-heal|p2a: Clefable|74/100|[from] item: Leftovers
|upkeep
|turn|28
|
|t:|1660966905
|switch|p2a: Ferrothorn|Ferrothorn, F|100/100
|move|p1a: Gastrodon|Earthquake|p2a: Ferrothorn
|-damage|p2a: Ferrothorn|82/100
|
|upkeep
|turn|29
|
|t:|1660966909
|move|p1a: Gastrodon|Scald|p2a: Ferrothorn
|-resisted|p2a: Ferrothorn
|-damage|p2a: Ferrothorn|71/100
|-status|p2a: Ferrothorn|brn
|move|p2a: Ferrothorn|Stealth Rock|p1a: Gastrodon
|-sidestart|p1: Cowsrule247|move: Stealth Rock
|
|-damage|p2a: Ferrothorn|65/100 brn|[from] brn
|upkeep
|turn|30
|
|t:|1660966921
|switch|p1a: Corviknight|Corviknight, M|63/100
|-damage|p1a: Corviknight|50/100|[from] Stealth Rock
|-ability|p1a: Corviknight|Pressure
|switch|p2a: Tyranitar|Tyranitar, M|100/100
|-weather|Sandstorm|[from] ability: Sand Stream|[of] p2a: Tyranitar
|
|-weather|Sandstorm|[upkeep]
|-heal|p1a: Corviknight|57/100|[from] item: Leftovers
|upkeep
|turn|31
|
|t:|1660966930
|move|p2a: Tyranitar|Stone Edge|p1a: Corviknight
|-crit|p1a: Corviknight
|-damage|p1a: Corviknight|0 fnt
|faint|p1a: Corviknight
|
|-weather|Sandstorm|[upkeep]
|upkeep
|
|t:|1660966935
|switch|p1a: Buzzwole|Buzzwole, shiny|100/100
|turn|32
|
|t:|1660966942
|switch|p2a: Slowbro|Slowbro, F|100/100
|move|p1a: Buzzwole|Leech Life|p2a: Slowbro
|-supereffective|p2a: Slowbro
|-damage|p2a: Slowbro|36/100
|
|-weather|Sandstorm|[upkeep]
|-damage|p1a: Buzzwole|94/100|[from] Sandstorm
|-damage|p2a: Slowbro|30/100|[from] Sandstorm
|upkeep
|turn|33
|
|t:|1660966959
|switch|p1a: Toxapex|Toxapex, F|100/100
|-damage|p1a: Toxapex|88/100|[from] Spikes
|-damage|p1a: Toxapex|75/100|[from] Stealth Rock
|switch|p2a: Skarmory|Skarmory, F|77/100
|
|-weather|Sandstorm|[upkeep]
|-damage|p1a: Toxapex|69/100|[from] Sandstorm
|upkeep
|turn|34
|
|t:|1660966963
|move|p2a: Skarmory|Spikes|p1a: Toxapex
|-sidestart|p1: Cowsrule247|Spikes
|move|p1a: Toxapex|Scald|p2a: Skarmory
|-damage|p2a: Skarmory|51/100
|-status|p2a: Skarmory|brn
|
|-weather|none
|-damage|p2a: Skarmory|45/100 brn|[from] brn
|upkeep
|turn|35
|
|t:|1660966970
|move|p2a: Skarmory|Roost|p2a: Skarmory
|-heal|p2a: Skarmory|95/100 brn
|-singleturn|p2a: Skarmory|move: Roost
|move|p1a: Toxapex|Knock Off|p2a: Skarmory
|-damage|p2a: Skarmory|82/100 brn
|-damage|p1a: Toxapex|53/100|[from] item: Rocky Helmet|[of] p2a: Skarmory
|-enditem|p2a: Skarmory|Rocky Helmet|[from] move: Knock Off|[of] p1a: Toxapex
|
|-damage|p2a: Skarmory|77/100 brn|[from] brn
|upkeep
|turn|36
|
|t:|1660966974
|move|p2a: Skarmory|Spikes|p1a: Toxapex
|-sidestart|p1: Cowsrule247|Spikes
|move|p1a: Toxapex|Scald|p2a: Skarmory
|-damage|p2a: Skarmory|46/100 brn
|
|-damage|p2a: Skarmory|40/100 brn|[from] brn
|upkeep
|turn|37
|
|t:|1660966978
|move|p2a: Skarmory|Roost|p2a: Skarmory
|-heal|p2a: Skarmory|91/100 brn
|-singleturn|p2a: Skarmory|move: Roost
|move|p1a: Toxapex|Scald|p2a: Skarmory
|-damage|p2a: Skarmory|63/100 brn
|
|-damage|p2a: Skarmory|57/100 brn|[from] brn
|upkeep
|turn|38
|
|t:|1660966981
|move|p2a: Skarmory|Roost|p2a: Skarmory
|-heal|p2a: Skarmory|100/100 brn
|-singleturn|p2a: Skarmory|move: Roost
|move|p1a: Toxapex|Scald|p2a: Skarmory
|-damage|p2a: Skarmory|72/100 brn
|
|-damage|p2a: Skarmory|66/100 brn|[from] brn
|upkeep
|turn|39
|
|t:|1660966991
|move|p2a: Skarmory|Roost|p2a: Skarmory
|-heal|p2a: Skarmory|100/100 brn
|-singleturn|p2a: Skarmory|move: Roost
|move|p1a: Toxapex|Scald|p2a: Skarmory
|-damage|p2a: Skarmory|71/100 brn
|
|-damage|p2a: Skarmory|65/100 brn|[from] brn
|upkeep
|turn|40
|
|t:|1660967004
|switch|p2a: Slowbro|Slowbro, F|63/100
|move|p1a: Toxapex|Knock Off|p2a: Slowbro
|-supereffective|p2a: Slowbro
|-damage|p2a: Slowbro|40/100
|-enditem|p2a: Slowbro|Heavy-Duty Boots|[from] move: Knock Off|[of] p1a: Toxapex
|
|upkeep
|turn|41
|
|t:|1660967012
|switch|p1a: Blissey|Blissey, F|100/100
|move|p2a: Slowbro|Future Sight|p1a: Blissey
|-start|p2a: Slowbro|move: Future Sight
|
|upkeep
|turn|42
|
|t:|1660967017
|move|p1a: Blissey|Stealth Rock|p2a: Slowbro
|-sidestart|p2: LordXen VII|move: Stealth Rock
|move|p2a: Slowbro|Teleport|p2a: Slowbro
|
|t:|1660967033
|switch|p2a: Tyranitar|Tyranitar, M|100/100|[from]move: Teleport
|-damage|p2a: Tyranitar|88/100|[from] Stealth Rock
|-weather|Sandstorm|[from] ability: Sand Stream|[of] p2a: Tyranitar
|
|-weather|Sandstorm|[upkeep]
|-damage|p1a: Blissey|94/100|[from] Sandstorm
|upkeep
|turn|43
|
|t:|1660967055
|switch|p1a: Clefable|Clefable, M|92/100
|-damage|p1a: Clefable|67/100|[from] Spikes
|-damage|p1a: Clefable|55/100|[from] Stealth Rock
|move|p2a: Tyranitar|Stone Edge|p1a: Clefable
|-damage|p1a: Clefable|0 fnt
|faint|p1a: Clefable
|
|-weather|Sandstorm|[upkeep]
|-hint|Future Sight did not hit because the target is fainted.
|upkeep
|
|t:|1660967059
|switch|p1a: Buzzwole|Buzzwole, shiny|94/100
|turn|44
|
|t:|1660967082
|switch|p2a: Ferrothorn|Ferrothorn, F|65/100 brn
|-damage|p2a: Ferrothorn|59/100 brn|[from] Stealth Rock
|move|p1a: Buzzwole|Close Combat|p2a: Ferrothorn
|-supereffective|p2a: Ferrothorn
|-damage|p2a: Ferrothorn|0 fnt
|-unboost|p1a: Buzzwole|def|1
|-unboost|p1a: Buzzwole|spd|1
|-damage|p1a: Buzzwole|82/100|[from] ability: Iron Barbs|[of] p2a: Ferrothorn
|faint|p2a: Ferrothorn
|-ability|p1a: Buzzwole|Beast Boost|boost
|-boost|p1a: Buzzwole|atk|1
|
|-weather|Sandstorm|[upkeep]
|-damage|p1a: Buzzwole|76/100|[from] Sandstorm
|upkeep
|inactive|LordXen VII has 120 seconds left.
|
|t:|1660967104
|switch|p2a: Clefable|Clefable, F|74/100
|turn|45
|inactive|Cowsrule247 has 120 seconds left.
|inactive|Cowsrule247 has 90 seconds left.
|
|t:|1660967172
|switch|p1a: Blissey|Blissey, F|94/100
|move|p2a: Clefable|Soft-Boiled|p2a: Clefable
|-heal|p2a: Clefable|100/100
|
|-weather|Sandstorm|[upkeep]
|-damage|p1a: Blissey|88/100|[from] Sandstorm
|upkeep
|turn|46
|inactive|Cowsrule247 has 90 seconds left.
|
|t:|1660967179
|move|p2a: Clefable|Calm Mind|p2a: Clefable
|-boost|p2a: Clefable|spa|1
|-boost|p2a: Clefable|spd|1
|move|p1a: Blissey|Toxic|p2a: Clefable
|-status|p2a: Clefable|tox
|
|-weather|none
|upkeep
|turn|47
|
|t:|1660967186
|move|p2a: Clefable|Calm Mind|p2a: Clefable
|-boost|p2a: Clefable|spa|1
|-boost|p2a: Clefable|spd|1
|move|p1a: Blissey|Seismic Toss|p2a: Clefable
|-damage|p2a: Clefable|75/100 tox
|
|-heal|p2a: Clefable|81/100 tox|[from] item: Leftovers
|upkeep
|turn|48
|
|t:|1660967194
|move|p2a: Clefable|Calm Mind|p2a: Clefable
|-boost|p2a: Clefable|spa|1
|-boost|p2a: Clefable|spd|1
|move|p1a: Blissey|Seismic Toss|p2a: Clefable
|-damage|p2a: Clefable|56/100 tox
|
|-heal|p2a: Clefable|62/100 tox|[from] item: Leftovers
|upkeep
|turn|49
|
|t:|1660967202
|move|p2a: Clefable|Soft-Boiled|p2a: Clefable
|-heal|p2a: Clefable|100/100 tox
|move|p1a: Blissey|Seismic Toss|p2a: Clefable
|-damage|p2a: Clefable|75/100 tox
|
|-heal|p2a: Clefable|81/100 tox|[from] item: Leftovers
|upkeep
|turn|50
|
|t:|1660967205
|move|p2a: Clefable|Calm Mind|p2a: Clefable
|-boost|p2a: Clefable|spa|1
|-boost|p2a: Clefable|spd|1
|move|p1a: Blissey|Seismic Toss|p2a: Clefable
|-damage|p2a: Clefable|56/100 tox
|
|-heal|p2a: Clefable|62/100 tox|[from] item: Leftovers
|upkeep
|turn|51
|
|t:|1660967208
|move|p2a: Clefable|Calm Mind|p2a: Clefable
|-boost|p2a: Clefable|spa|1
|-boost|p2a: Clefable|spd|1
|move|p1a: Blissey|Seismic Toss|p2a: Clefable
|-damage|p2a: Clefable|37/100 tox
|
|-heal|p2a: Clefable|43/100 tox|[from] item: Leftovers
|upkeep
|turn|52
|
|t:|1660967211
|move|p2a: Clefable|Soft-Boiled|p2a: Clefable
|-heal|p2a: Clefable|93/100 tox
|move|p1a: Blissey|Seismic Toss|p2a: Clefable
|-damage|p2a: Clefable|67/100 tox
|
|-heal|p2a: Clefable|73/100 tox|[from] item: Leftovers
|upkeep
|turn|53
|
|t:|1660967219
|move|p2a: Clefable|Soft-Boiled|p2a: Clefable
|-heal|p2a: Clefable|100/100 tox
|move|p1a: Blissey|Seismic Toss|p2a: Clefable
|-damage|p2a: Clefable|75/100 tox
|
|-heal|p2a: Clefable|81/100 tox|[from] item: Leftovers
|upkeep
|turn|54
|
|t:|1660967222
|move|p2a: Clefable|Calm Mind|p2a: Clefable
|-boost|p2a: Clefable|spa|1
|-boost|p2a: Clefable|spd|1
|move|p1a: Blissey|Seismic Toss|p2a: Clefable
|-damage|p2a: Clefable|56/100 tox
|
|-heal|p2a: Clefable|62/100 tox|[from] item: Leftovers
|upkeep
|turn|55
|
|t:|1660967225
|move|p2a: Clefable|Soft-Boiled|p2a: Clefable
|-heal|p2a: Clefable|100/100 tox
|move|p1a: Blissey|Seismic Toss|p2a: Clefable
|-damage|p2a: Clefable|75/100 tox
|
|-heal|p2a: Clefable|81/100 tox|[from] item: Leftovers
|upkeep
|turn|56
|
|t:|1660967228
|move|p2a: Clefable|Focus Blast|p1a: Blissey|[miss]
|-miss|p2a: Clefable|p1a: Blissey
|move|p1a: Blissey|Seismic Toss|p2a: Clefable
|-damage|p2a: Clefable|56/100 tox
|
|-heal|p2a: Clefable|62/100 tox|[from] item: Leftovers
|upkeep
|turn|57
|
|t:|1660967234
|move|p2a: Clefable|Soft-Boiled|p2a: Clefable
|-heal|p2a: Clefable|100/100 tox
|move|p1a: Blissey|Seismic Toss|p2a: Clefable
|-damage|p2a: Clefable|75/100 tox
|
|-heal|p2a: Clefable|81/100 tox|[from] item: Leftovers
|upkeep
|turn|58
|
|t:|1660967236
|move|p2a: Clefable|Focus Blast|p1a: Blissey
|-supereffective|p1a: Blissey
|-damage|p1a: Blissey|13/100
|move|p1a: Blissey|Seismic Toss|p2a: Clefable
|-damage|p2a: Clefable|56/100 tox
|
|-heal|p2a: Clefable|62/100 tox|[from] item: Leftovers
|upkeep
|turn|59
|
|t:|1660967243
|move|p2a: Clefable|Moonblast|p1a: Blissey
|-damage|p1a: Blissey|0 fnt
|faint|p1a: Blissey
|
|-heal|p2a: Clefable|68/100 tox|[from] item: Leftovers
|upkeep
|-message|Cowsrule247 forfeited.
|
|win|LordXen VII
|raw|Cowsrule247's rating: 1519 &rarr; <strong>1503</strong><br />(-16 for losing)
|raw|LordXen VII's rating: 1587 &rarr; <strong>1603</strong><br />(+16 for winning)
|l|‽Cowsrule247
||Ladder isn't responding, score probably updated but might not have (Request timeout).
