|j|☆salvapot
|j|☆smollest brian
|inactive|Battle timer is ON: inactive players will automatically lose when time's up.
|t:|1655749721
|gametype|singles
|player|p1|salvapot|102|
|player|p2|smollest brian|sonia|
|teamsize|p1|6
|teamsize|p2|6
|gen|8
|tier|[Gen 8] OU
|rated|Tournament battle
|rule|Sleep Clause Mod: Limit one foe put to sleep
|rule|Species Clause: Limit one of each Pokémon
|rule|OHKO Clause: OHKO moves are banned
|rule|Evasion Moves Clause: Evasion moves are banned
|rule|Endless Battle Clause: Forcing endless battles is banned
|rule|HP Percentage Mod: HP is shown in percentages
|rule|Dynamax Clause: You cannot dynamax
|clearpoke
|poke|p1|Slurpuff, M|
|poke|p1|Orbeetle, F|
|poke|p1|Reuniclus, F|
|poke|p1|Mr. Mime, F|
|poke|p1|Claydol|
|poke|p1|Sirfetch’d, M|
|poke|p2|Reuniclus, F|
|poke|p2|Orbeetle, M|
|poke|p2|Sirfetch’d, F|
|poke|p2|Mr. Mime-Galar, F|
|poke|p2|Claydol|
|poke|p2|Slurpuff, M|
|teampreview
|j|*Lady Monita ☀
|j| ImSuchAMemer
|j| PyuPyuSuga
|
|t:|1655749730
|start
|switch|p1a: Claydol|Claydol|100/100
|switch|p2a: Mr. Mime|Mr. Mime-Galar, F|100/100
|turn|1
|j| ayanmega
|
|t:|1655749737
|move|p2a: Mr. Mime|Ice Beam|p1a: Claydol
|-supereffective|p1a: Claydol
|-damage|p1a: Claydol|0 fnt
|faint|p1a: Claydol
|
|upkeep
|j| Icey Warzone
|l| ayanmega
|c|☆salvapot|gg lol
|
|t:|1655749747
|switch|p1a: Orbeetle|Orbeetle, F|100/100
|-item|p2a: Mr. Mime|Choice Specs|[from] ability: Frisk|[of] p1a: Orbeetle|[identify]
|turn|2
|
|t:|1655749750
|move|p2a: Mr. Mime|Ice Beam|p1a: Orbeetle
|-damage|p1a: Orbeetle|48/100
|move|p1a: Orbeetle|Light Screen|p1a: Orbeetle
|-sidestart|p1: salvapot|move: Light Screen
|
|upkeep
|turn|3
|
|t:|1655749757
|switch|p2a: Sirfetch’d|Sirfetch’d, F|100/100
|move|p1a: Orbeetle|Sticky Web|p2a: Sirfetch’d
|-sidestart|p2: smollest brian|move: Sticky Web
|
|upkeep
|turn|4
|j| mark_of_chaos
|j| Eliteless
|
|t:|1655749770
|switch|p1a: Sirfetch’d|Sirfetch’d, M|100/100
|move|p2a: Sirfetch’d|First Impression|p1a: Sirfetch’d
|-resisted|p1a: Sirfetch’d
|-damage|p1a: Sirfetch’d|78/100
|
|upkeep
|turn|5
|
|t:|1655749779
|switch|p2a: Claydol|Claydol|100/100
|move|p1a: Sirfetch’d|Knock Off|p2a: Claydol
|-supereffective|p2a: Claydol
|-crit|p2a: Claydol
|-damage|p2a: Claydol|0 fnt
|-enditem|p2a: Claydol|Tanga Berry|[from] move: Knock Off|[of] p1a: Sirfetch’d
|faint|p2a: Claydol
|
|upkeep
|j|+ChaosLucaro
|
|t:|1655749789
|switch|p2a: Slurpuff|Slurpuff, M|100/100
|-activate|p2a: Slurpuff|move: Sticky Web
|-unboost|p2a: Slurpuff|spe|1
|turn|6
|
|t:|1655749792
|move|p1a: Sirfetch’d|Poison Jab|p2a: Slurpuff
|-supereffective|p2a: Slurpuff
|-damage|p2a: Slurpuff|16/100
|-status|p2a: Slurpuff|psn
|-enditem|p2a: Slurpuff|Sitrus Berry|[eat]
|-heal|p2a: Slurpuff|41/100 psn|[from] item: Sitrus Berry
|move|p2a: Slurpuff|Play Rough|p1a: Sirfetch’d
|-supereffective|p1a: Sirfetch’d
|-crit|p1a: Sirfetch’d
|-damage|p1a: Sirfetch’d|0 fnt
|faint|p1a: Sirfetch’d
|
|-damage|p2a: Slurpuff|28/100 psn|[from] psn
|upkeep
|j| arnavgupta
|
|t:|1655749808
|switch|p1a: Orbeetle|Orbeetle, F|48/100
|turn|7
|
|t:|1655749811
|move|p2a: Slurpuff|Facade|p1a: Orbeetle
|-damage|p1a: Orbeetle|9/100
|move|p1a: Orbeetle|Reflect|p1a: Orbeetle
|-sidestart|p1: salvapot|Reflect
|
|-damage|p2a: Slurpuff|16/100 psn|[from] psn
|upkeep
|turn|8
|
|t:|1655749821
|move|p2a: Slurpuff|Facade|p1a: Orbeetle
|-damage|p1a: Orbeetle|0 fnt
|faint|p1a: Orbeetle
|
|-damage|p2a: Slurpuff|3/100 psn|[from] psn
|upkeep
|
|t:|1655749824
|switch|p1a: Slurpuff|Slurpuff, M|100/100
|turn|9
|
|t:|1655749830
|move|p2a: Slurpuff|Facade|p1a: Slurpuff
|-damage|p1a: Slurpuff|74/100
|move|p1a: Slurpuff|Belly Drum|p1a: Slurpuff
|-damage|p1a: Slurpuff|24/100
|-setboost|p1a: Slurpuff|atk|6|[from] move: Belly Drum
|-enditem|p1a: Slurpuff|Sitrus Berry|[eat]
|-heal|p1a: Slurpuff|49/100|[from] item: Sitrus Berry
|
|-damage|p2a: Slurpuff|0 fnt|[from] psn
|faint|p2a: Slurpuff
|-sideend|p1: salvapot|move: Light Screen
|upkeep
|j| Fun99
|
|t:|1655749848
|switch|p2a: Reuniclus|Reuniclus, F|100/100
|-activate|p2a: Reuniclus|move: Sticky Web
|-unboost|p2a: Reuniclus|spe|1
|turn|10
|
|t:|1655749854
|move|p1a: Slurpuff|Play Rough|p2a: Reuniclus
|-damage|p2a: Reuniclus|0 fnt
|faint|p2a: Reuniclus
|
|upkeep
|l| Eliteless
|j| MUI091123
|j| ttv-error-yt
|c|☆smollest brian|were u stick?
|inactive|smollest brian has 120 seconds left.
|c|☆smollest brian|on sir
|c|☆salvapot|orbeetle
|c|☆smollest brian|no I mean item stick
|j| gegjregj
|c| Icey Warzone|its leek
|l| gegjregj
|c|☆salvapot|ah yeah
|inactive|smollest brian has 90 seconds left.
|c|☆salvapot|leek on sirfetch
|c|☆smollest brian|that yeah
|c| Icey Warzone|stick is only for farfetcchd
|
|t:|1655749920
|switch|p2a: Sirfetch’d|Sirfetch’d, F|100/100
|-activate|p2a: Sirfetch’d|move: Sticky Web
|-unboost|p2a: Sirfetch’d|spe|1
|turn|11
|
|t:|1655749925
|move|p2a: Sirfetch’d|First Impression|p1a: Slurpuff
|-resisted|p1a: Slurpuff
|-damage|p1a: Slurpuff|38/100
|move|p1a: Slurpuff|Play Rough|p2a: Sirfetch’d
|-supereffective|p2a: Sirfetch’d
|-damage|p2a: Sirfetch’d|0 fnt
|faint|p2a: Sirfetch’d
|
|upkeep
|inactive|smollest brian has 90 seconds left.
|
|t:|1655749930
|switch|p2a: Mr. Mime|Mr. Mime-Galar, F|100/100
|-activate|p2a: Mr. Mime|move: Sticky Web
|-unboost|p2a: Mr. Mime|spe|1
|-activate|p2a: Mr. Mime|ability: Screen Cleaner
|-sideend|p1: salvapot|Reflect
|turn|12
|l| ttv-error-yt
|
|t:|1655749933
|move|p1a: Slurpuff|Play Rough|p2a: Mr. Mime
|-damage|p2a: Mr. Mime|0 fnt
|faint|p2a: Mr. Mime
|
|upkeep
|c|☆smollest brian|welp gg
|
|t:|1655749939
|switch|p2a: Orbeetle|Orbeetle, M|100/100
|-activate|p2a: Orbeetle|move: Sticky Web
|-unboost|p2a: Orbeetle|spe|1
|turn|13
|
|t:|1655749942
|move|p1a: Slurpuff|Play Rough|p2a: Orbeetle
|-damage|p2a: Orbeetle|0 fnt
|faint|p2a: Orbeetle
|
|win|salvapot
|n|☆salvapot|salvapot
|n|☆smollest brian|smollestbrian
|n|*Lady Monita ☀|ladymonita
|n| ImSuchAMemer|imsuchamemer
|n| PyuPyuSuga|pyupyusuga
|n| Icey Warzone|iceywarzone
|n| mark_of_chaos|markofchaos
|n| ChaosLucaro|chaoslucaro
|n| arnavgupta|arnavgupta
|n| Fun99|fun99
|n| MUI091123|mui091123
