|j|☆ghecisbestvillain
|j|☆FvkboyCharmander
|t:|1667169695
|gametype|singles
|player|p1|ghecisbestvillain|scientist-gen4|1670
|player|p2|FvkboyCharmander|265|1637
|teamsize|p1|6
|teamsize|p2|6
|gen|8
|tier|[Gen 8] OU
|rated|
|rule|Sleep Clause Mod: Limit one foe put to sleep
|rule|Species Clause: Limit one of each Pokémon
|rule|OHKO Clause: OHKO moves are banned
|rule|Evasion Items Clause: Evasion items are banned
|rule|Evasion Moves Clause: Evasion moves are banned
|rule|Endless Battle Clause: Forcing endless battles is banned
|rule|HP Percentage Mod: HP is shown in percentages
|rule|Dynamax Clause: You cannot dynamax
|clearpoke
|poke|p1|Volcarona, M|
|poke|p1|Mew|
|poke|p1|Tapu Koko|
|poke|p1|Slowbro, M|
|poke|p1|Tyranitar, M|
|poke|p1|Incineroar, M|
|poke|p2|Buzzwole|
|poke|p2|Slowking-Galar, F|
|poke|p2|Ninetales-Alola, F|
|poke|p2|Landorus-Therian, M|
|poke|p2|Rillaboom, M|
|poke|p2|Incineroar, F|
|teampreview
|inactive|Battle timer is ON: inactive players will automatically lose when time's up. (requested by FvkboyCharmander)
|inactive|ghecisbestvillain has 120 seconds left.
|j| SpainLover155
|
|t:|1667169782
|start
|switch|p1a: HXH is overrated|Incineroar, M|100/100
|switch|p2a: Incineroar|Incineroar, F|100/100
|-ability|p2a: Incineroar|Intimidate|boost
|-unboost|p1a: HXH is overrated|atk|1
|-ability|p1a: HXH is overrated|Intimidate|boost
|-unboost|p2a: Incineroar|atk|1
|turn|1
|j| poleomarolio
|inactive|ghecisbestvillain has 120 seconds left.
|
|t:|1667169823
|move|p2a: Incineroar|Fake Out|p1a: HXH is overrated
|-damage|p1a: HXH is overrated|93/100
|cant|p1a: HXH is overrated|flinch
|
|-heal|p1a: HXH is overrated|99/100|[from] item: Leftovers
|upkeep
|turn|2
|
|t:|1667169828
|move|p1a: HXH is overrated|Parting Shot|p2a: Incineroar
|-unboost|p2a: Incineroar|atk|1
|-unboost|p2a: Incineroar|spa|1
|
|t:|1667169834
|switch|p1a: DB Super shoddy|Tyranitar, M|100/100|[from]move: Parting Shot
|-weather|Sandstorm|[from] ability: Sand Stream|[of] p1a: DB Super shoddy
|move|p2a: Incineroar|Knock Off|p1a: DB Super shoddy
|-resisted|p1a: DB Super shoddy
|-damage|p1a: DB Super shoddy|92/100
|-enditem|p1a: DB Super shoddy|Choice Band|[from] move: Knock Off|[of] p2a: Incineroar
|
|-weather|Sandstorm|[upkeep]
|-damage|p2a: Incineroar|94/100|[from] Sandstorm
|-heal|p2a: Incineroar|100/100|[from] item: Leftovers
|upkeep
|turn|3
|j| Tegalik
|inactive|ghecisbestvillain has 120 seconds left.
|l| poleomarolio
|
|t:|1667169846
|move|p1a: DB Super shoddy|Ice Punch|p2a: Incineroar
|-resisted|p2a: Incineroar
|-crit|p2a: Incineroar
|-damage|p2a: Incineroar|87/100
|-status|p2a: Incineroar|frz
|cant|p2a: Incineroar|frz
|
|-weather|Sandstorm|[upkeep]
|-damage|p2a: Incineroar|80/100 frz|[from] Sandstorm
|-heal|p2a: Incineroar|87/100 frz|[from] item: Leftovers
|upkeep
|turn|4
|inactive|ghecisbestvillain has 120 seconds left.
|
|t:|1667169857
|switch|p2a: Landorus|Landorus-Therian, M|100/100
|-ability|p2a: Landorus|Intimidate|boost
|-unboost|p1a: DB Super shoddy|atk|1
|move|p1a: DB Super shoddy|Ice Punch|p2a: Landorus
|-supereffective|p2a: Landorus
|-damage|p2a: Landorus|15/100
|-damage|p1a: DB Super shoddy|76/100|[from] item: Rocky Helmet|[of] p2a: Landorus
|
|-weather|Sandstorm|[upkeep]
|upkeep
|turn|5
|
|t:|1667169866
|switch|p1a: One Piece shitty|Slowbro, M|100/100
|move|p2a: Landorus|Earthquake|p1a: One Piece shitty
|-damage|p1a: One Piece shitty|66/100
|
|-weather|Sandstorm|[upkeep]
|-damage|p1a: One Piece shitty|60/100|[from] Sandstorm
|upkeep
|turn|6
|
|t:|1667169873
|move|p2a: Landorus|Stealth Rock|p1a: One Piece shitty
|-sidestart|p1: ghecisbestvillain|move: Stealth Rock
|move|p1a: One Piece shitty|Teleport|p1a: One Piece shitty
|
|t:|1667169886
|switch|p1a: Naruto garbage|Tapu Koko|100/100|[from]move: Teleport
|-damage|p1a: Naruto garbage|88/100|[from] Stealth Rock
|-fieldstart|move: Electric Terrain|[from] ability: Electric Surge|[of] p1a: Naruto garbage
|
|-weather|none
|upkeep
|turn|7
|
|t:|1667169896
|switch|p2a: Slowking|Slowking-Galar, F|100/100
|move|p1a: Naruto garbage|Reflect|p1a: Naruto garbage
|-sidestart|p1: ghecisbestvillain|Reflect
|
|upkeep
|turn|8
|
|t:|1667169901
|move|p1a: Naruto garbage|Defog|p2a: Slowking
|-unboost|p2a: Slowking|evasion|1
|-sideend|p1: ghecisbestvillain|Stealth Rock|[from] move: Defog|[of] p1a: Naruto garbage
|-fieldend|move: Electric Terrain
|move|p2a: Slowking|Sludge Bomb|p1a: Naruto garbage
|-supereffective|p1a: Naruto garbage
|-damage|p1a: Naruto garbage|0 fnt
|faint|p1a: Naruto garbage
|
|upkeep
|
|t:|1667169914
|switch|p1a: Evangelion trashy|Volcarona, M|100/100
|turn|9
|
|t:|1667169918
|move|p1a: Evangelion trashy|Substitute|p1a: Evangelion trashy
|-start|p1a: Evangelion trashy|Substitute
|-damage|p1a: Evangelion trashy|75/100
|move|p2a: Slowking|Sludge Bomb|p1a: Evangelion trashy
|-end|p1a: Evangelion trashy|Substitute
|
|-heal|p1a: Evangelion trashy|82/100|[from] item: Leftovers
|upkeep
|turn|10
|j| LVNT
|
|t:|1667169934
|move|p1a: Evangelion trashy|Quiver Dance|p1a: Evangelion trashy
|-boost|p1a: Evangelion trashy|spa|1
|-boost|p1a: Evangelion trashy|spd|1
|-boost|p1a: Evangelion trashy|spe|1
|move|p2a: Slowking|Sludge Bomb|p1a: Evangelion trashy
|-damage|p1a: Evangelion trashy|56/100
|
|-heal|p1a: Evangelion trashy|62/100|[from] item: Leftovers
|upkeep
|turn|11
|
|t:|1667169944
|move|p1a: Evangelion trashy|Quiver Dance|p1a: Evangelion trashy
|-boost|p1a: Evangelion trashy|spa|1
|-boost|p1a: Evangelion trashy|spd|1
|-boost|p1a: Evangelion trashy|spe|1
|move|p2a: Slowking|Psyshock|p1a: Evangelion trashy
|-damage|p1a: Evangelion trashy|5/100
|
|-heal|p1a: Evangelion trashy|11/100|[from] item: Leftovers
|upkeep
|turn|12
|
|t:|1667169952
|move|p1a: Evangelion trashy|Flamethrower|p2a: Slowking
|-crit|p2a: Slowking
|-damage|p2a: Slowking|23/100
|move|p2a: Slowking|Psyshock|p1a: Evangelion trashy
|-damage|p1a: Evangelion trashy|0 fnt
|faint|p1a: Evangelion trashy
|
|upkeep
|
|t:|1667169959
|switch|p1a: Evangelion boring|Mew|100/100
|turn|13
|
|t:|1667169963
|switch|p2a: Landorus|Landorus-Therian, M|15/100
|-ability|p2a: Landorus|Intimidate|boost
|-unboost|p1a: Evangelion boring|atk|1
|move|p1a: Evangelion boring|Cosmic Power|p1a: Evangelion boring
|-boost|p1a: Evangelion boring|def|1
|-boost|p1a: Evangelion boring|spd|1
|
|upkeep
|turn|14
|
|t:|1667169970
|move|p1a: Evangelion boring|Taunt|p2a: Landorus
|-start|p2a: Landorus|move: Taunt
|cant|p2a: Landorus|move: Taunt|Toxic
|
|-sideend|p1: ghecisbestvillain|Reflect
|upkeep
|turn|15
|
|t:|1667169975
|switch|p2a: Ninetales|Ninetales-Alola, F|100/100
|-weather|Hail|[from] ability: Snow Warning|[of] p2a: Ninetales
|move|p1a: Evangelion boring|Cosmic Power|p1a: Evangelion boring
|-boost|p1a: Evangelion boring|def|1
|-boost|p1a: Evangelion boring|spd|1
|
|-weather|Hail|[upkeep]
|-damage|p1a: Evangelion boring|94/100|[from] Hail
|-heal|p1a: Evangelion boring|100/100|[from] item: Leftovers
|upkeep
|turn|16
|
|t:|1667169986
|move|p2a: Ninetales|Toxic|p1a: Evangelion boring
|-status|p1a: Evangelion boring|tox
|-activate|p1a: Evangelion boring|ability: Synchronize
|-status|p2a: Ninetales|tox
|move|p1a: Evangelion boring|Cosmic Power|p1a: Evangelion boring
|-boost|p1a: Evangelion boring|def|1
|-boost|p1a: Evangelion boring|spd|1
|
|-weather|Hail|[upkeep]
|-damage|p1a: Evangelion boring|94/100 tox|[from] Hail
|-heal|p1a: Evangelion boring|100/100 tox|[from] item: Leftovers
|-damage|p2a: Ninetales|94/100 tox|[from] psn
|-damage|p1a: Evangelion boring|94/100 tox|[from] psn
|upkeep
|turn|17
|
|t:|1667169998
|move|p2a: Ninetales|Aurora Veil|p2a: Ninetales
|-sidestart|p2: FvkboyCharmander|move: Aurora Veil
|move|p1a: Evangelion boring|Cosmic Power|p1a: Evangelion boring
|-boost|p1a: Evangelion boring|def|1
|-boost|p1a: Evangelion boring|spd|1
|
|-weather|Hail|[upkeep]
|-damage|p1a: Evangelion boring|88/100 tox|[from] Hail
|-heal|p1a: Evangelion boring|94/100 tox|[from] item: Leftovers
|-damage|p2a: Ninetales|82/100 tox|[from] psn
|-damage|p1a: Evangelion boring|82/100 tox|[from] psn
|upkeep
|turn|18
|-message|ghecisbestvillain forfeited.
|
|win|FvkboyCharmander
|raw|ghecisbestvillain's rating: 1670 &rarr; <strong>1648</strong><br />(-22 for losing)
|raw|FvkboyCharmander's rating: 1637 &rarr; <strong>1659</strong><br />(+22 for winning)
|l|☆ghecisbestvillain
|l|☆FvkboyCharmander
