|j|☆SoZza
|j|☆Sombra Diurna
|t:|1632357111
|gametype|singles
|player|p1|SoZza|psychic-gen4|1725
|player|p2|Sombra Diurna|blue|1796
|teamsize|p1|6
|teamsize|p2|6
|gen|8
|tier|[Gen 8] OU
|rated|
|rule|Sleep Clause Mod: Limit one foe put to sleep
|rule|Species Clause: Limit one of each Pokémon
|rule|OHKO Clause: OHKO moves are banned
|rule|Evasion Moves Clause: Evasion moves are banned
|rule|Endless Battle Clause: Forcing endless battles is banned
|rule|HP Percentage Mod: HP is shown in percentages
|rule|Dynamax Clause: You cannot dynamax
|clearpoke
|poke|p1|Gengar, F|
|poke|p1|Dragapult, M|
|poke|p1|Toxapex, F|
|poke|p1|Corviknight, F|
|poke|p1|Hydreigon, M|
|poke|p1|Slowking-Galar, M|
|poke|p2|Slowbro, M|
|poke|p2|Garchomp, M|
|poke|p2|Hatterene, F|
|poke|p2|Ferrothorn, M|
|poke|p2|Drampa, M|
|poke|p2|Marowak-Alola, F|
|teampreview
|j| KangkongNation
|j| Ismail-Mimox
|
|t:|1632357123
|start
|switch|p1a: Gengar|Gengar, F|100/100
|switch|p2a: Sharko|Garchomp, M|100/100
|turn|1
|
|t:|1632357134
|switch|p1a: Corviknight|Corviknight, F|100/100
|-ability|p1a: Corviknight|Pressure
|move|p2a: Sharko|Scale Shot|p1a: Corviknight
|-resisted|p1a: Corviknight
|-damage|p1a: Corviknight|96/100
|-resisted|p1a: Corviknight
|-damage|p1a: Corviknight|92/100
|-hitcount|p1a: Corviknight|2
|-unboost|p2a: Sharko|def|1
|-boost|p2a: Sharko|spe|1
|
|upkeep
|turn|2
|inactive|Battle timer is ON: inactive players will automatically lose when time's up. (requested by SoZza)
|
|t:|1632357145
|move|p2a: Sharko|Swords Dance|p2a: Sharko
|-boost|p2a: Sharko|atk|2
|move|p1a: Corviknight|Iron Head|p2a: Sharko
|-damage|p2a: Sharko|62/100
|-damage|p1a: Corviknight|79/100|[from] ability: Rough Skin|[of] p2a: Sharko
|
|-heal|p2a: Sharko|68/100|[from] item: Leftovers
|upkeep
|turn|3
|
|t:|1632357155
|move|p2a: Sharko|Swords Dance|p2a: Sharko
|-boost|p2a: Sharko|atk|2
|move|p1a: Corviknight|U-turn|p2a: Sharko
|-damage|p2a: Sharko|45/100
|-damage|p1a: Corviknight|67/100|[from] ability: Rough Skin|[of] p2a: Sharko
|
|t:|1632357161
|switch|p1a: Gengar|Gengar, F|100/100|[from]move: U-turn
|
|-heal|p2a: Sharko|51/100|[from] item: Leftovers
|upkeep
|turn|4
|
|t:|1632357174
|move|p1a: Gengar|Shadow Ball|p2a: Sharko
|-damage|p2a: Sharko|8/100
|move|p2a: Sharko|Scale Shot|p1a: Gengar
|-crit|p1a: Gengar
|-damage|p1a: Gengar|0 fnt
|faint|p1a: Gengar
|-hitcount|p1: Gengar|1
|-unboost|p2a: Sharko|def|1
|-boost|p2a: Sharko|spe|1
|
|-heal|p2a: Sharko|14/100|[from] item: Leftovers
|upkeep
|
|t:|1632357185
|switch|p1a: Corviknight|Corviknight, F|67/100
|-ability|p1a: Corviknight|Pressure
|turn|5
|
|t:|1632357190
|move|p2a: Sharko|Stone Edge|p1a: Corviknight
|-crit|p1a: Corviknight
|-damage|p1a: Corviknight|0 fnt
|faint|p1a: Corviknight
|
|-heal|p2a: Sharko|20/100|[from] item: Leftovers
|upkeep
|-message|SoZza forfeited.
|
|win|Sombra Diurna
|raw|SoZza's rating: 1725 &rarr; <strong>1709</strong><br />(-16 for losing)
|raw|Sombra Diurna's rating: 1796 &rarr; <strong>1812</strong><br />(+16 for winning)
|l|☆SoZza
|l| Ismail-Mimox
|l| KangkongNation
||Ladder isn't responding, score probably updated but might not have (Request timeout).
