|raw|<div class="broadcast-blue"><strong>This battle is required to be public due to a player having a name starting with 'lt92pf'.</div>
|j|‽BLOODCLAT
|j|☆Lt92pf nagi
|t:|1659827907
|gametype|singles
|player|p1|BLOODCLAT|hoopster|1975
|player|p2|Lt92pf nagi|169|1903
|teamsize|p1|6
|teamsize|p2|6
|gen|8
|tier|[Gen 8] OU
|rated|
|rule|Sleep Clause Mod: Limit one foe put to sleep
|rule|Species Clause: Limit one of each Pokémon
|rule|OHKO Clause: OHKO moves are banned
|rule|Evasion Items Clause: Evasion items are banned
|rule|Evasion Moves Clause: Evasion moves are banned
|rule|Endless Battle Clause: Forcing endless battles is banned
|rule|HP Percentage Mod: HP is shown in percentages
|rule|Dynamax Clause: You cannot dynamax
|clearpoke
|poke|p1|Clefable, M|
|poke|p1|Dragapult, F|
|poke|p1|Excadrill, M|
|poke|p1|Ferrothorn, F|
|poke|p1|Tyranitar, F|
|poke|p1|Zapdos|
|poke|p2|Dragapult, F|
|poke|p2|Zapdos|
|poke|p2|Nihilego|
|poke|p2|Ferrothorn, F|
|poke|p2|Landorus-Therian, M|
|poke|p2|Crawdaunt, F|
|teampreview
|c|☆Lt92pf nagi|hf
|j| cityfolk
|j| jefo
|inactive|Battle timer is ON: inactive players will automatically lose when time's up. (requested by BLOODCLAT)
|
|t:|1659827930
|start
|switch|p1a: Ferrothorn|Ferrothorn, F|100/100
|switch|p2a: Nihilego|Nihilego|100/100
|turn|1
|
|t:|1659827934
|switch|p2a: Zapdos|Zapdos|100/100
|move|p1a: Ferrothorn|Stealth Rock|p2a: Zapdos
|-sidestart|p2: Lt92pf nagi|move: Stealth Rock
|
|upkeep
|turn|2
|
|t:|1659827937
|switch|p1a: Tyranitar|Tyranitar, F|100/100
|-weather|Sandstorm|[from] ability: Sand Stream|[of] p1a: Tyranitar
|move|p2a: Zapdos|Volt Switch|p1a: Tyranitar
|-damage|p1a: Tyranitar|76/100
|
|t:|1659827939
|switch|p2a: Crawdaunt|Crawdaunt, F|100/100|[from]move: Volt Switch
|-damage|p2a: Crawdaunt|88/100|[from] Stealth Rock
|
|-weather|Sandstorm|[upkeep]
|-damage|p2a: Crawdaunt|82/100|[from] Sandstorm
|upkeep
|turn|3
|
|t:|1659827944
|move|p1a: Tyranitar|Superpower|p2a: Crawdaunt
|-supereffective|p2a: Crawdaunt
|-crit|p2a: Crawdaunt
|-damage|p2a: Crawdaunt|0 fnt
|-unboost|p1a: Tyranitar|atk|1
|-unboost|p1a: Tyranitar|def|1
|faint|p2a: Crawdaunt
|
|-weather|Sandstorm|[upkeep]
|upkeep
|
|t:|1659827947
|switch|p2a: Dragapult|Dragapult, F|100/100
|-damage|p2a: Dragapult|88/100|[from] Stealth Rock
|turn|4
|
|t:|1659827952
|switch|p1a: Clefable|Clefable, M|100/100
|move|p2a: Dragapult|Shadow Ball|p1a: Clefable
|-damage|p1a: Clefable|56/100
|
|-weather|Sandstorm|[upkeep]
|-damage|p2a: Dragapult|82/100|[from] Sandstorm
|upkeep
|turn|5
|
|t:|1659827956
|move|p2a: Dragapult|Shadow Ball|p1a: Clefable
|-damage|p1a: Clefable|11/100
|move|p1a: Clefable|Soft-Boiled|p1a: Clefable
|-heal|p1a: Clefable|61/100
|
|-weather|Sandstorm|[upkeep]
|-damage|p2a: Dragapult|76/100|[from] Sandstorm
|upkeep
|turn|6
|
|t:|1659827958
|move|p2a: Dragapult|Shadow Ball|p1a: Clefable
|-damage|p1a: Clefable|14/100
|-unboost|p1a: Clefable|spd|1
|move|p1a: Clefable|Moonblast|p2a: Dragapult
|-supereffective|p2a: Dragapult
|-damage|p2a: Dragapult|0 fnt
|faint|p2a: Dragapult
|
|-weather|none
|upkeep
|
|t:|1659827961
|switch|p2a: Landorus|Landorus-Therian, M|100/100
|-damage|p2a: Landorus|88/100|[from] Stealth Rock
|-ability|p2a: Landorus|Intimidate|boost
|-unboost|p1a: Clefable|atk|1
|turn|7
|
|t:|1659827967
|switch|p1a: Dragapult|Dragapult, F|100/100
|move|p2a: Landorus|Earthquake|p1a: Dragapult
|-damage|p1a: Dragapult|35/100
|
|-heal|p2a: Landorus|94/100|[from] item: Leftovers
|upkeep
|turn|8
|j| sup kid
|
|t:|1659827970
|switch|p2a: Ferrothorn|Ferrothorn, F|100/100
|-damage|p2a: Ferrothorn|94/100|[from] Stealth Rock
|move|p1a: Dragapult|Draco Meteor|p2a: Ferrothorn
|-resisted|p2a: Ferrothorn
|-damage|p2a: Ferrothorn|59/100
|-unboost|p1a: Dragapult|spa|2
|
|-heal|p2a: Ferrothorn|65/100|[from] item: Leftovers
|upkeep
|turn|9
|j| heracrossedup
|j| Keldeo
|j| LT92PF Killua
|
|t:|1659827975
|switch|p1a: Zapdos|Zapdos|100/100
|move|p2a: Ferrothorn|Stealth Rock|p1a: Zapdos
|-sidestart|p1: BLOODCLAT|move: Stealth Rock
|
|-heal|p2a: Ferrothorn|72/100|[from] item: Leftovers
|upkeep
|turn|10
|
|t:|1659827979
|switch|p2a: Zapdos|Zapdos|100/100
|move|p1a: Zapdos|Heat Wave|p2a: Zapdos
|-damage|p2a: Zapdos|67/100
|
|upkeep
|turn|11
|j| LT92PF Black Lotus
|
|t:|1659827981
|move|p2a: Zapdos|Volt Switch|p1a: Zapdos
|-damage|p1a: Zapdos|65/100
|
|t:|1659827983
|switch|p2a: Landorus|Landorus-Therian, M|94/100|[from]move: Volt Switch
|-damage|p2a: Landorus|82/100|[from] Stealth Rock
|-ability|p2a: Landorus|Intimidate|boost
|-unboost|p1a: Zapdos|atk|1
|move|p1a: Zapdos|Volt Switch|p2a: Landorus
|-immune|p2a: Landorus
|
|-heal|p2a: Landorus|88/100|[from] item: Leftovers
|upkeep
|turn|12
|
|t:|1659827986
|switch|p1a: Ferrothorn|Ferrothorn, F|100/100
|-damage|p1a: Ferrothorn|95/100|[from] Stealth Rock
|move|p2a: Landorus|Toxic|p1a: Ferrothorn
|-immune|p1a: Ferrothorn
|
|-heal|p2a: Landorus|94/100|[from] item: Leftovers
|upkeep
|turn|13
|
|t:|1659827988
|move|p2a: Landorus|Earthquake|p1a: Ferrothorn
|-damage|p1a: Ferrothorn|65/100
|move|p1a: Ferrothorn|Knock Off|p2a: Landorus
|-damage|p2a: Landorus|72/100
|-enditem|p2a: Landorus|Leftovers|[from] move: Knock Off|[of] p1a: Ferrothorn
|
|upkeep
|turn|14
|
|t:|1659827992
|switch|p1a: Zapdos|Zapdos|65/100
|move|p2a: Landorus|Earthquake|p1a: Zapdos
|-immune|p1a: Zapdos
|
|upkeep
|turn|15
|j| 09ui
|
|t:|1659827997
|switch|p1a: Dragapult|Dragapult, F|35/100
|-damage|p1a: Dragapult|23/100|[from] Stealth Rock
|switch|p2a: Zapdos|Zapdos|67/100
|
|upkeep
|turn|16
|
|t:|1659828001
|move|p1a: Dragapult|Draco Meteor|p2a: Zapdos
|-damage|p2a: Zapdos|0 fnt
|-unboost|p1a: Dragapult|spa|2
|faint|p2a: Zapdos
|
|upkeep
|
|t:|1659828002
|switch|p2a: Nihilego|Nihilego|100/100
|-damage|p2a: Nihilego|88/100|[from] Stealth Rock
|turn|17
|
|t:|1659828009
|switch|p1a: Clefable|Clefable, M|14/100
|move|p2a: Nihilego|Meteor Beam||[still]
|-prepare|p2a: Nihilego|Meteor Beam
|-boost|p2a: Nihilego|spa|1
|-enditem|p2a: Nihilego|Power Herb
|-anim|p2a: Nihilego|Meteor Beam|p1a: Clefable
|-damage|p1a: Clefable|0 fnt
|faint|p1a: Clefable
|-ability|p2a: Nihilego|Beast Boost|boost
|-boost|p2a: Nihilego|spe|1
|
|upkeep
|j| filon
|
|t:|1659828011
|switch|p1a: Excadrill|Excadrill, M|100/100
|-damage|p1a: Excadrill|97/100|[from] Stealth Rock
|turn|18
|
|t:|1659828016
|switch|p2a: Landorus|Landorus-Therian, M|72/100
|-damage|p2a: Landorus|60/100|[from] Stealth Rock
|-ability|p2a: Landorus|Intimidate|boost
|-unboost|p1a: Excadrill|atk|1
|move|p1a: Excadrill|Iron Head|p2a: Landorus
|-damage|p2a: Landorus|32/100
|
|-heal|p1a: Excadrill|100/100|[from] item: Leftovers
|upkeep
|turn|19
|
|t:|1659828023
|switch|p1a: Dragapult|Dragapult, F|23/100
|-damage|p1a: Dragapult|11/100|[from] Stealth Rock
|move|p2a: Landorus|U-turn|p1a: Dragapult
|-resisted|p1a: Dragapult
|-damage|p1a: Dragapult|0 fnt
|faint|p1a: Dragapult
|
|t:|1659828026
|switch|p2a: Ferrothorn|Ferrothorn, F|72/100|[from]move: U-turn
|-damage|p2a: Ferrothorn|65/100|[from] Stealth Rock
|
|-heal|p2a: Ferrothorn|72/100|[from] item: Leftovers
|upkeep
|
|t:|1659828032
|switch|p1a: Zapdos|Zapdos|65/100
|turn|20
|
|t:|1659828034
|switch|p2a: Nihilego|Nihilego|88/100
|-damage|p2a: Nihilego|76/100|[from] Stealth Rock
|move|p1a: Zapdos|Heat Wave|p2a: Nihilego
|-resisted|p2a: Nihilego
|-damage|p2a: Nihilego|66/100
|
|upkeep
|turn|21
|
|t:|1659828038
|switch|p1a: Excadrill|Excadrill, M|100/100
|-damage|p1a: Excadrill|97/100|[from] Stealth Rock
|move|p2a: Nihilego|Power Gem|p1a: Excadrill
|-resisted|p1a: Excadrill
|-damage|p1a: Excadrill|84/100
|
|-heal|p1a: Excadrill|90/100|[from] item: Leftovers
|upkeep
|turn|22
|j| japanese beqfast
|
|t:|1659828043
|switch|p2a: Ferrothorn|Ferrothorn, F|72/100
|-damage|p2a: Ferrothorn|65/100|[from] Stealth Rock
|move|p1a: Excadrill|Rapid Spin|p2a: Ferrothorn
|-resisted|p2a: Ferrothorn
|-damage|p2a: Ferrothorn|60/100
|-boost|p1a: Excadrill|spe|1
|-damage|p1a: Excadrill|78/100|[from] ability: Iron Barbs|[of] p2a: Ferrothorn
|-sideend|p1: BLOODCLAT|Stealth Rock|[from] move: Rapid Spin|[of] p1a: Excadrill
|
|-heal|p1a: Excadrill|84/100|[from] item: Leftovers
|-heal|p2a: Ferrothorn|66/100|[from] item: Leftovers
|upkeep
|turn|23
|
|t:|1659828046
|switch|p1a: Zapdos|Zapdos|65/100
|move|p2a: Ferrothorn|Leech Seed|p1a: Zapdos
|-start|p1a: Zapdos|move: Leech Seed
|
|-heal|p2a: Ferrothorn|73/100|[from] item: Leftovers
|-damage|p1a: Zapdos|53/100|[from] Leech Seed|[of] p2a: Ferrothorn
|-heal|p2a: Ferrothorn|86/100|[silent]
|upkeep
|turn|24
|
|t:|1659828050
|move|p1a: Zapdos|Volt Switch|p2a: Ferrothorn
|-resisted|p2a: Ferrothorn
|-damage|p2a: Ferrothorn|74/100
|
|t:|1659828051
|switch|p1a: Tyranitar|Tyranitar, F|76/100|[from]move: Volt Switch
|-weather|Sandstorm|[from] ability: Sand Stream|[of] p1a: Tyranitar
|move|p2a: Ferrothorn|Stealth Rock|p1a: Tyranitar
|-sidestart|p1: BLOODCLAT|move: Stealth Rock
|
|-weather|Sandstorm|[upkeep]
|-heal|p2a: Ferrothorn|80/100|[from] item: Leftovers
|upkeep
|turn|25
|
|t:|1659828055
|switch|p2a: Landorus|Landorus-Therian, M|32/100
|-damage|p2a: Landorus|20/100|[from] Stealth Rock
|-ability|p2a: Landorus|Intimidate|boost
|-unboost|p1a: Tyranitar|atk|1
|move|p1a: Tyranitar|Superpower|p2a: Landorus
|-resisted|p2a: Landorus
|-damage|p2a: Landorus|0 fnt
|-unboost|p1a: Tyranitar|atk|1
|-unboost|p1a: Tyranitar|def|1
|faint|p2a: Landorus
|
|-weather|Sandstorm|[upkeep]
|upkeep
|
|t:|1659828057
|switch|p2a: Ferrothorn|Ferrothorn, F|80/100
|-damage|p2a: Ferrothorn|74/100|[from] Stealth Rock
|turn|26
|
|t:|1659828059
|switch|p1a: Ferrothorn|Ferrothorn, F|65/100
|-damage|p1a: Ferrothorn|59/100|[from] Stealth Rock
|move|p2a: Ferrothorn|Leech Seed|p1a: Ferrothorn
|-immune|p1a: Ferrothorn
|
|-weather|Sandstorm|[upkeep]
|-heal|p2a: Ferrothorn|80/100|[from] item: Leftovers
|upkeep
|turn|27
|
|t:|1659828062
|move|p1a: Ferrothorn|Knock Off|p2a: Ferrothorn
|-damage|p2a: Ferrothorn|68/100
|-damage|p1a: Ferrothorn|47/100|[from] ability: Iron Barbs|[of] p2a: Ferrothorn
|-enditem|p2a: Ferrothorn|Leftovers|[from] move: Knock Off|[of] p1a: Ferrothorn
|move|p2a: Ferrothorn|Leech Seed|p1a: Ferrothorn
|-immune|p1a: Ferrothorn
|
|-weather|Sandstorm|[upkeep]
|upkeep
|turn|28
|
|t:|1659828069
|switch|p1a: Zapdos|Zapdos|53/100
|move|p2a: Ferrothorn|Body Press|p1a: Zapdos
|-resisted|p1a: Zapdos
|-damage|p1a: Zapdos|39/100
|
|-weather|none
|upkeep
|turn|29
|
|t:|1659828072
|move|p1a: Zapdos|Roost|p1a: Zapdos
|-heal|p1a: Zapdos|90/100
|-singleturn|p1a: Zapdos|move: Roost
|move|p2a: Ferrothorn|Leech Seed|p1a: Zapdos
|-start|p1a: Zapdos|move: Leech Seed
|
|-damage|p1a: Zapdos|77/100|[from] Leech Seed|[of] p2a: Ferrothorn
|-heal|p2a: Ferrothorn|81/100|[silent]
|upkeep
|turn|30
|
|t:|1659828075
|move|p1a: Zapdos|Heat Wave|p2a: Ferrothorn
|-supereffective|p2a: Ferrothorn
|-damage|p2a: Ferrothorn|0 fnt
|faint|p2a: Ferrothorn
|
|upkeep
|
|t:|1659828078
|switch|p2a: Nihilego|Nihilego|66/100
|-damage|p2a: Nihilego|53/100|[from] Stealth Rock
|turn|31
|
|t:|1659828080
|switch|p1a: Excadrill|Excadrill, M|84/100
|-damage|p1a: Excadrill|81/100|[from] Stealth Rock
|move|p2a: Nihilego|Meteor Beam||[still]
|-prepare|p2a: Nihilego|Meteor Beam
|-boost|p2a: Nihilego|spa|1
|
|-heal|p1a: Excadrill|87/100|[from] item: Leftovers
|upkeep
|turn|32
|
|t:|1659828082
|move|p2a: Nihilego|Meteor Beam|p1a: Excadrill|[from]lockedmove|[miss]
|-miss|p2a: Nihilego|p1a: Excadrill
|move|p1a: Excadrill|Earthquake|p2a: Nihilego
|-supereffective|p2a: Nihilego
|-damage|p2a: Nihilego|0 fnt
|faint|p2a: Nihilego
|
|win|BLOODCLAT
|raw|BLOODCLAT's rating: 1975 &rarr; <strong>1991</strong><br />(+16 for winning)
|raw|Lt92pf nagi's rating: 1903 &rarr; <strong>1887</strong><br />(-16 for losing)
|l|☆Lt92pf nagi
|l|‽BLOODCLAT
