|j|☆A3720
|j|☆bizarman
|t:|1649273955
|gametype|singles
|player|p1|A3720|1|1640
|player|p2|bizarman|scientist-gen4|1599
|teamsize|p1|6
|teamsize|p2|6
|gen|8
|tier|[Gen 8] OU
|rated|
|rule|Sleep Clause Mod: Limit one foe put to sleep
|rule|Species Clause: Limit one of each Pokémon
|rule|OHKO Clause: OHKO moves are banned
|rule|Evasion Moves Clause: Evasion moves are banned
|rule|Endless Battle Clause: Forcing endless battles is banned
|rule|HP Percentage Mod: HP is shown in percentages
|rule|Dynamax Clause: You cannot dynamax
|clearpoke
|poke|p1|Urshifu-*, F|
|poke|p1|Zapdos|
|poke|p1|Ferrothorn, M|
|poke|p1|Garchomp, M|
|poke|p1|Regieleki|
|poke|p1|Bisharp, F|
|poke|p2|Buzzwole|
|poke|p2|Heatran, F|
|poke|p2|Rillaboom, F|
|poke|p2|Tapu Fini|
|poke|p2|Landorus-Therian, M|
|poke|p2|Weavile, F|
|teampreview
|
|t:|1649273968
|start
|switch|p1a: Zapdos|Zapdos|100/100
|switch|p2a: Buzzwole|Buzzwole|100/100
|turn|1
|
|t:|1649273973
|switch|p2a: Heatran|Heatran, F|100/100
|move|p1a: Zapdos|Substitute|p1a: Zapdos
|-start|p1a: Zapdos|Substitute
|-damage|p1a: Zapdos|76/100
|
|upkeep
|turn|2
|inactive|Battle timer is ON: inactive players will automatically lose when time's up. (requested by bizarman)
|
|t:|1649273982
|move|p1a: Zapdos|Thunderbolt|p2a: Heatran
|-damage|p2a: Heatran|71/100
|-status|p2a: Heatran|par
|cant|p2a: Heatran|par
|
|-heal|p2a: Heatran|77/100 par|[from] item: Leftovers
|upkeep
|turn|3
|c|☆bizarman|im quittung this game
|c|☆bizarman|for ever
|inactive|bizarman has 120 seconds left.
|
|t:|1649274018
|switch|p2a: Landorus|Landorus-Therian, M|100/100
|-ability|p2a: Landorus|Intimidate|boost
|-immune|p1a: Zapdos
|move|p1a: Zapdos|Thunderbolt|p2a: Landorus
|-immune|p2a: Landorus
|
|upkeep
|turn|4
|inactive|bizarman has 120 seconds left.
|
|t:|1649274025
|move|p1a: Zapdos|Hurricane|p2a: Landorus
|-damage|p2a: Landorus|48/100
|move|p2a: Landorus|U-turn|p1a: Zapdos
|-resisted|p1a: Zapdos
|-activate|p1a: Zapdos|move: Substitute|[damage]
|inactive|bizarman has 120 seconds left.
|
|t:|1649274031
|switch|p2a: Weavile|Weavile, F|100/100|[from]move: U-turn
|-ability|p2a: Weavile|Pressure
|
|upkeep
|turn|5
|
|t:|1649274036
|switch|p1a: Ferrothorn|Ferrothorn, M|100/100
|move|p2a: Weavile|Triple Axel|p1a: Ferrothorn
|-damage|p1a: Ferrothorn|93/100
|-damage|p2a: Weavile|88/100|[from] ability: Iron Barbs|[of] p1a: Ferrothorn
|-damage|p1a: Ferrothorn|80/100
|-damage|p2a: Weavile|76/100|[from] ability: Iron Barbs|[of] p1a: Ferrothorn
|-hitcount|p1a: Ferrothorn|2
|
|-heal|p1a: Ferrothorn|87/100|[from] item: Leftovers
|upkeep
|turn|6
|
|t:|1649274050
|switch|p2a: Heatran|Heatran, F|77/100 par
|move|p1a: Ferrothorn|Spikes|p2a: Heatran
|-sidestart|p2: bizarman|Spikes
|
|-heal|p2a: Heatran|83/100 par|[from] item: Leftovers
|-heal|p1a: Ferrothorn|93/100|[from] item: Leftovers
|upkeep
|turn|7
|
|t:|1649274057
|switch|p1a: Garchomp|Garchomp, M|100/100
|move|p2a: Heatran|Stealth Rock|p1a: Garchomp
|-sidestart|p1: A3720|move: Stealth Rock
|
|-heal|p2a: Heatran|89/100 par|[from] item: Leftovers
|upkeep
|turn|8
|
|t:|1649274064
|switch|p2a: Landorus|Landorus-Therian, M|48/100
|-ability|p2a: Landorus|Intimidate|boost
|-unboost|p1a: Garchomp|atk|1
|move|p1a: Garchomp|Stealth Rock|p2a: Landorus
|-sidestart|p2: bizarman|move: Stealth Rock
|
|-heal|p2a: Landorus|54/100|[from] item: Leftovers
|upkeep
|turn|9
|
|t:|1649274077
|switch|p2a: Tapu Fini|Tapu Fini|100/100
|-damage|p2a: Tapu Fini|88/100|[from] Spikes
|-damage|p2a: Tapu Fini|76/100|[from] Stealth Rock
|-fieldstart|move: Misty Terrain|[from] ability: Misty Surge|[of] p2a: Tapu Fini
|move|p1a: Garchomp|Swords Dance|p1a: Garchomp
|-boost|p1a: Garchomp|atk|2
|
|upkeep
|turn|10
|
|t:|1649274086
|switch|p1a: Ferrothorn|Ferrothorn, M|93/100
|-damage|p1a: Ferrothorn|87/100|[from] Stealth Rock
|move|p2a: Tapu Fini|Moonblast|p1a: Ferrothorn
|-resisted|p1a: Ferrothorn
|-damage|p1a: Ferrothorn|71/100
|-unboost|p1a: Ferrothorn|spa|1
|
|-heal|p1a: Ferrothorn|77/100|[from] item: Leftovers
|upkeep
|turn|11
|
|t:|1649274097
|switch|p2a: Buzzwole|Buzzwole|100/100
|-damage|p2a: Buzzwole|88/100|[from] Spikes
|-damage|p2a: Buzzwole|76/100|[from] Stealth Rock
|move|p1a: Ferrothorn|Knock Off|p2a: Buzzwole
|-resisted|p2a: Buzzwole
|-damage|p2a: Buzzwole|68/100
|-damage|p1a: Ferrothorn|61/100|[from] item: Rocky Helmet|[of] p2a: Buzzwole
|-enditem|p2a: Buzzwole|Rocky Helmet|[from] move: Knock Off|[of] p1a: Ferrothorn
|
|-heal|p1a: Ferrothorn|67/100|[from] item: Leftovers
|upkeep
|turn|12
|inactive|A3720 has 120 seconds left.
|
|t:|1649274131
|switch|p1a: Urshifu|Urshifu-Rapid-Strike, F|100/100
|-damage|p1a: Urshifu|94/100|[from] Stealth Rock
|move|p2a: Buzzwole|Close Combat|p1a: Urshifu
|-damage|p1a: Urshifu|24/100
|-unboost|p2a: Buzzwole|def|1
|-unboost|p2a: Buzzwole|spd|1
|
|upkeep
|turn|13
|j| yb is BETTER
|l| yb is BETTER
|
|t:|1649274148
|switch|p2a: Tapu Fini|Tapu Fini|76/100
|-damage|p2a: Tapu Fini|63/100|[from] Spikes
|-damage|p2a: Tapu Fini|51/100|[from] Stealth Rock
|move|p1a: Urshifu|Surging Strikes|p2a: Tapu Fini
|-resisted|p2a: Tapu Fini
|-crit|p2a: Tapu Fini
|-damage|p2a: Tapu Fini|41/100
|-resisted|p2a: Tapu Fini
|-crit|p2a: Tapu Fini
|-damage|p2a: Tapu Fini|30/100
|-resisted|p2a: Tapu Fini
|-crit|p2a: Tapu Fini
|-damage|p2a: Tapu Fini|19/100
|-hitcount|p2a: Tapu Fini|3
|
|-fieldend|Misty Terrain
|upkeep
|turn|14
|
|t:|1649274161
|switch|p1a: Ferrothorn|Ferrothorn, M|67/100
|-damage|p1a: Ferrothorn|61/100|[from] Stealth Rock
|move|p2a: Tapu Fini|Trick|p1a: Ferrothorn
|-activate|p2a: Tapu Fini|move: Trick|[of] p1a: Ferrothorn
|-item|p1a: Ferrothorn|Choice Scarf|[from] move: Trick
|-item|p2a: Tapu Fini|Leftovers|[from] move: Trick
|
|-heal|p2a: Tapu Fini|25/100|[from] item: Leftovers
|upkeep
|turn|15
|j| Mayalaran
|
|t:|1649274176
|move|p2a: Tapu Fini|Defog|p1a: Ferrothorn
|-unboost|p1a: Ferrothorn|evasion|1
|-sideend|p1: A3720|Stealth Rock|[from] move: Defog|[of] p2a: Tapu Fini
|-sideend|p2: bizarman|Spikes|[from] move: Defog|[of] p2a: Tapu Fini
|-sideend|p2: bizarman|Stealth Rock|[from] move: Defog|[of] p2a: Tapu Fini
|move|p1a: Ferrothorn|Leech Seed|p2a: Tapu Fini|[miss]
|-miss|p1a: Ferrothorn|p2a: Tapu Fini
|
|-heal|p2a: Tapu Fini|31/100|[from] item: Leftovers
|upkeep
|turn|16
|
|t:|1649274192
|switch|p2a: Rillaboom|Rillaboom, F|100/100
|-fieldstart|move: Grassy Terrain|[from] ability: Grassy Surge|[of] p2a: Rillaboom
|switch|p1a: Zapdos|Zapdos|76/100
|
|upkeep
|turn|17
|
|t:|1649274201
|switch|p2a: Landorus|Landorus-Therian, M|54/100
|-ability|p2a: Landorus|Intimidate|boost
|-unboost|p1a: Zapdos|atk|1
|move|p1a: Zapdos|Substitute|p1a: Zapdos
|-start|p1a: Zapdos|Substitute
|-damage|p1a: Zapdos|51/100
|
|-heal|p2a: Landorus|60/100|[from] item: Leftovers
|upkeep
|turn|18
|
|t:|1649274209
|move|p1a: Zapdos|Hurricane|p2a: Landorus|[miss]
|-miss|p1a: Zapdos|p2a: Landorus
|move|p2a: Landorus|U-turn|p1a: Zapdos
|-resisted|p1a: Zapdos
|-activate|p1a: Zapdos|move: Substitute|[damage]
|
|t:|1649274215
|switch|p2a: Weavile|Weavile, F|76/100|[from]move: U-turn
|-ability|p2a: Weavile|Pressure
|
|-heal|p2a: Weavile|82/100|[from] Grassy Terrain
|upkeep
|turn|19
|
|t:|1649274232
|move|p2a: Weavile|Swords Dance|p2a: Weavile
|-boost|p2a: Weavile|atk|2
|move|p1a: Zapdos|Thunderbolt|p2a: Weavile
|-damage|p2a: Weavile|21/100
|
|-heal|p2a: Weavile|27/100|[from] Grassy Terrain
|upkeep
|turn|20
|
|t:|1649274248
|switch|p1a: Ferrothorn|Ferrothorn, M|61/100
|move|p2a: Weavile|Triple Axel|p1a: Ferrothorn
|-damage|p1a: Ferrothorn|47/100
|-damage|p2a: Weavile|14/100|[from] ability: Iron Barbs|[of] p1a: Ferrothorn
|-damage|p1a: Ferrothorn|23/100
|-damage|p2a: Weavile|2/100|[from] ability: Iron Barbs|[of] p1a: Ferrothorn
|-damage|p1a: Ferrothorn|0 fnt
|-damage|p2a: Weavile|0 fnt|[from] ability: Iron Barbs|[of] p1a: Ferrothorn
|faint|p1a: Ferrothorn
|faint|p2a: Weavile
|-hitcount|p1: Ferrothorn|3
|
|-fieldend|move: Grassy Terrain
|upkeep
|inactive|A3720 has 120 seconds left.
|
|t:|1649274271
|switch|p2a: Rillaboom|Rillaboom, F|100/100
|switch|p1a: Zapdos|Zapdos|51/100
|-fieldstart|move: Grassy Terrain|[from] ability: Grassy Surge|[of] p2a: Rillaboom
|turn|21
|c|☆bizarman|why does it have to be
|c|☆bizarman|the most stupid zapdos set ever
|inactive|bizarman has 120 seconds left.
|
|t:|1649274293
|move|p2a: Rillaboom|Grassy Glide|p1a: Zapdos
|-resisted|p1a: Zapdos
|-damage|p1a: Zapdos|1/100
|move|p1a: Zapdos|Roost|p1a: Zapdos
|-heal|p1a: Zapdos|51/100
|-singleturn|p1a: Zapdos|move: Roost
|
|-heal|p1a: Zapdos|58/100|[from] Grassy Terrain
|upkeep
|turn|22
|inactive|bizarman has 120 seconds left.
|
|t:|1649274305
|move|p2a: Rillaboom|Grassy Glide|p1a: Zapdos
|-resisted|p1a: Zapdos
|-damage|p1a: Zapdos|8/100
|-status|p2a: Rillaboom|par|[from] ability: Static|[of] p1a: Zapdos
|move|p1a: Zapdos|Roost|p1a: Zapdos
|-heal|p1a: Zapdos|58/100
|-singleturn|p1a: Zapdos|move: Roost
|
|-heal|p1a: Zapdos|64/100|[from] Grassy Terrain
|upkeep
|turn|23
|inactive|bizarman has 120 seconds left.
|
|t:|1649274327
|switch|p2a: Heatran|Heatran, F|89/100 par
|move|p1a: Zapdos|Roost|p1a: Zapdos
|-heal|p1a: Zapdos|100/100
|-singleturn|p1a: Zapdos|move: Roost
|
|-heal|p2a: Heatran|96/100 par|[from] Grassy Terrain
|-heal|p2a: Heatran|100/100 par|[from] item: Leftovers
|upkeep
|turn|24
|c|☆bizarman|such bs
|
|t:|1649274349
|switch|p1a: Garchomp|Garchomp, M|100/100
|cant|p2a: Heatran|par
|
|upkeep
|turn|25
|
|t:|1649274359
|switch|p2a: Buzzwole|Buzzwole|68/100
|move|p1a: Garchomp|Stealth Rock|p2a: Buzzwole
|-sidestart|p2: bizarman|move: Stealth Rock
|
|-heal|p2a: Buzzwole|74/100|[from] Grassy Terrain
|-fieldend|move: Grassy Terrain
|upkeep
|turn|26
|
|t:|1649274373
|move|p1a: Garchomp|Swords Dance|p1a: Garchomp
|-boost|p1a: Garchomp|atk|2
|move|p2a: Buzzwole|Ice Punch|p1a: Garchomp
|-supereffective|p1a: Garchomp
|-damage|p1a: Garchomp|0 fnt
|-damage|p2a: Buzzwole|62/100|[from] ability: Rough Skin|[of] p1a: Garchomp
|faint|p1a: Garchomp
|-ability|p2a: Buzzwole|Beast Boost|boost
|-boost|p2a: Buzzwole|atk|1
|
|upkeep
|
|t:|1649274387
|switch|p1a: Zapdos|Zapdos|100/100
|turn|27
|
|t:|1649274389
|move|p1a: Zapdos|Thunderbolt|p2a: Buzzwole
|-damage|p2a: Buzzwole|0 fnt
|faint|p2a: Buzzwole
|
|upkeep
|
|t:|1649274394
|switch|p2a: Rillaboom|Rillaboom, F|100/100 par
|-damage|p2a: Rillaboom|88/100 par|[from] Stealth Rock
|-fieldstart|move: Grassy Terrain|[from] ability: Grassy Surge|[of] p2a: Rillaboom
|turn|28
|c|☆bizarman|miss hurricane pls
|
|t:|1649274402
|move|p1a: Zapdos|Hurricane|p2a: Rillaboom
|-supereffective|p2a: Rillaboom
|-damage|p2a: Rillaboom|0 fnt
|faint|p2a: Rillaboom
|
|upkeep
|c|☆bizarman|...
|-message|bizarman forfeited.
|
|win|A3720
|raw|A3720's rating: 1640 &rarr; <strong>1658</strong><br />(+18 for winning)
|raw|bizarman's rating: 1599 &rarr; <strong>1581</strong><br />(-18 for losing)
|l|☆bizarman
||Ladder isn't responding, score probably updated but might not have (Request timeout).
