|j|☆nthirteen
|j|‽hypervortexreturns
|t:|1649670351
|gametype|singles
|player|p1|nthirteen|102|1620
|player|p2|hypervortexreturns|266|1859
|teamsize|p1|6
|teamsize|p2|6
|gen|8
|tier|[Gen 8] OU
|rated|
|rule|Sleep Clause Mod: Limit one foe put to sleep
|rule|Species Clause: Limit one of each Pokémon
|rule|OHKO Clause: OHKO moves are banned
|rule|Evasion Moves Clause: Evasion moves are banned
|rule|Endless Battle Clause: Forcing endless battles is banned
|rule|HP Percentage Mod: HP is shown in percentages
|rule|Dynamax Clause: You cannot dynamax
|clearpoke
|poke|p1|Urshifu-*, F|
|poke|p1|Toxapex, F|
|poke|p1|Slowking-Galar, F|
|poke|p1|Landorus-Therian, M|
|poke|p1|Weavile, M|
|poke|p1|Corviknight, M|
|poke|p2|Hydreigon, M|
|poke|p2|Zapdos|
|poke|p2|Tangrowth, F|
|poke|p2|Corviknight, M|
|poke|p2|Excadrill, F|
|poke|p2|Azumarill, F|
|teampreview
|j| liet32120
|
|t:|1649670360
|start
|switch|p1a: Slowking|Slowking-Galar, F|100/100
|switch|p2a: Tangrowth|Tangrowth, F|100/100
|turn|1
|
|t:|1649670371
|move|p2a: Tangrowth|Sleep Powder|p1a: Slowking|[miss]
|-miss|p2a: Tangrowth|p1a: Slowking
|move|p1a: Slowking|Future Sight|p2a: Tangrowth
|-start|p1a: Slowking|move: Future Sight
|
|upkeep
|turn|2
|
|t:|1649670380
|switch|p2a: Corviknight|Corviknight, M|100/100
|-ability|p2a: Corviknight|Pressure
|move|p1a: Slowking|Sludge Bomb|p2a: Corviknight
|-immune|p2a: Corviknight
|
|upkeep
|turn|3
|
|t:|1649670392
|move|p2a: Corviknight|Bulk Up|p2a: Corviknight
|-boost|p2a: Corviknight|atk|1
|-boost|p2a: Corviknight|def|1
|move|p1a: Slowking|Scald|p2a: Corviknight
|-damage|p2a: Corviknight|81/100
|
|-end|p2a: Corviknight|move: Future Sight
|-resisted|p2a: Corviknight
|-damage|p2a: Corviknight|59/100
|-heal|p2a: Corviknight|65/100|[from] item: Leftovers
|upkeep
|turn|4
|
|t:|1649670413
|move|p2a: Corviknight|Brave Bird|p1a: Slowking
|-damage|p1a: Slowking|48/100
|-damage|p2a: Corviknight|48/100|[from] Recoil
|move|p1a: Slowking|Scald|p2a: Corviknight
|-damage|p2a: Corviknight|28/100
|
|-heal|p2a: Corviknight|34/100|[from] item: Leftovers
|upkeep
|turn|5
|
|t:|1649670424
|switch|p1a: Landorus|Landorus-Therian, M|100/100
|-ability|p1a: Landorus|Intimidate|boost
|-unboost|p2a: Corviknight|atk|1
|move|p2a: Corviknight|Roost|p2a: Corviknight
|-heal|p2a: Corviknight|84/100
|-singleturn|p2a: Corviknight|move: Roost
|
|-heal|p2a: Corviknight|91/100|[from] item: Leftovers
|upkeep
|turn|6
|j| LT_Alt1
|
|t:|1649670437
|move|p1a: Landorus|U-turn|p2a: Corviknight
|-resisted|p2a: Corviknight
|-damage|p2a: Corviknight|88/100
|
|t:|1649670438
|switch|p1a: Toxapex|Toxapex, F|100/100|[from]move: U-turn
|move|p2a: Corviknight|Bulk Up|p2a: Corviknight
|-boost|p2a: Corviknight|atk|1
|-boost|p2a: Corviknight|def|1
|
|-heal|p2a: Corviknight|94/100|[from] item: Leftovers
|upkeep
|turn|7
|
|t:|1649670449
|move|p2a: Corviknight|Taunt|p1a: Toxapex
|-start|p1a: Toxapex|move: Taunt
|cant|p1a: Toxapex|move: Taunt|Haze
|
|-heal|p2a: Corviknight|99/100|[from] item: Leftovers
|upkeep
|turn|8
|
|t:|1649670456
|switch|p1a: Landorus|Landorus-Therian, M|100/100
|-ability|p1a: Landorus|Intimidate|boost
|-unboost|p2a: Corviknight|atk|1
|move|p2a: Corviknight|Bulk Up|p2a: Corviknight
|-boost|p2a: Corviknight|atk|1
|-boost|p2a: Corviknight|def|1
|
|-heal|p2a: Corviknight|100/100|[from] item: Leftovers
|upkeep
|turn|9
|
|t:|1649670472
|move|p1a: Landorus|Stealth Rock|p2a: Corviknight
|-sidestart|p2: hypervortexreturns|move: Stealth Rock
|move|p2a: Corviknight|Bulk Up|p2a: Corviknight
|-boost|p2a: Corviknight|atk|1
|-boost|p2a: Corviknight|def|1
|
|upkeep
|turn|10
|j| Marquesa-10%
|
|t:|1649670480
|move|p1a: Landorus|U-turn|p2a: Corviknight
|-resisted|p2a: Corviknight
|-damage|p2a: Corviknight|99/100
|
|t:|1649670481
|switch|p1a: Toxapex|Toxapex, F|100/100|[from]move: U-turn
|move|p2a: Corviknight|Brave Bird|p1a: Toxapex
|-damage|p1a: Toxapex|56/100
|-damage|p2a: Corviknight|88/100|[from] Recoil
|-enditem|p1a: Toxapex|Eject Button
|
|t:|1649670483
|switch|p1a: Landorus|Landorus-Therian, M|100/100
|-ability|p1a: Landorus|Intimidate|boost
|-unboost|p2a: Corviknight|atk|1
|
|-heal|p2a: Corviknight|94/100|[from] item: Leftovers
|upkeep
|turn|11
|
|t:|1649670497
|move|p1a: Landorus|U-turn|p2a: Corviknight
|-resisted|p2a: Corviknight
|-damage|p2a: Corviknight|93/100
|
|t:|1649670507
|switch|p1a: Toxapex|Toxapex, F|89/100|[from]move: U-turn
|move|p2a: Corviknight|Bulk Up|p2a: Corviknight
|-boost|p2a: Corviknight|atk|1
|-boost|p2a: Corviknight|def|1
|
|-heal|p2a: Corviknight|99/100|[from] item: Leftovers
|upkeep
|turn|12
|
|t:|1649670520
|move|p2a: Corviknight|Taunt|p1a: Toxapex
|-start|p1a: Toxapex|move: Taunt
|move|p1a: Toxapex|Knock Off|p2a: Corviknight
|-damage|p2a: Corviknight|95/100
|-enditem|p2a: Corviknight|Leftovers|[from] move: Knock Off|[of] p1a: Toxapex
|
|upkeep
|turn|13
|
|t:|1649670528
|switch|p1a: Landorus|Landorus-Therian, M|100/100
|-ability|p1a: Landorus|Intimidate|boost
|-unboost|p2a: Corviknight|atk|1
|move|p2a: Corviknight|Brave Bird|p1a: Landorus
|-damage|p1a: Landorus|54/100
|-damage|p2a: Corviknight|80/100|[from] Recoil
|
|-heal|p1a: Landorus|60/100|[from] item: Leftovers
|upkeep
|turn|14
|
|t:|1649670543
|move|p1a: Landorus|U-turn|p2a: Corviknight
|-resisted|p2a: Corviknight
|-damage|p2a: Corviknight|79/100
|
|t:|1649670548
|switch|p1a: Toxapex|Toxapex, F|100/100|[from]move: U-turn
|move|p2a: Corviknight|Bulk Up|p2a: Corviknight
|-boost|p2a: Corviknight|atk|1
|-boost|p2a: Corviknight|def|1
|
|upkeep
|turn|15
|
|t:|1649670559
|switch|p1a: Landorus|Landorus-Therian, M|60/100
|-ability|p1a: Landorus|Intimidate|boost
|-unboost|p2a: Corviknight|atk|1
|move|p2a: Corviknight|Brave Bird|p1a: Landorus
|-damage|p1a: Landorus|8/100
|-damage|p2a: Corviknight|63/100|[from] Recoil
|
|-heal|p1a: Landorus|14/100|[from] item: Leftovers
|upkeep
|turn|16
|
|t:|1649670572
|switch|p1a: Toxapex|Toxapex, F|100/100
|move|p2a: Corviknight|Brave Bird|p1a: Toxapex
|-damage|p1a: Toxapex|62/100
|-damage|p2a: Corviknight|53/100|[from] Recoil
|
|upkeep
|turn|17
|
|t:|1649670584
|switch|p1a: Landorus|Landorus-Therian, M|14/100
|-ability|p1a: Landorus|Intimidate|boost
|-unboost|p2a: Corviknight|atk|1
|move|p2a: Corviknight|Taunt|p1a: Landorus
|-start|p1a: Landorus|move: Taunt
|
|-heal|p1a: Landorus|20/100|[from] item: Leftovers
|upkeep
|turn|18
|
|t:|1649670596
|move|p1a: Landorus|U-turn|p2a: Corviknight
|-resisted|p2a: Corviknight
|-damage|p2a: Corviknight|52/100
|
|t:|1649670598
|switch|p1a: Urshifu|Urshifu-Rapid-Strike, F|100/100|[from]move: U-turn
|move|p2a: Corviknight|Roost|p2a: Corviknight
|-heal|p2a: Corviknight|100/100
|-singleturn|p2a: Corviknight|move: Roost
|
|upkeep
|turn|19
|
|t:|1649670617
|switch|p2a: Tangrowth|Tangrowth, F|100/100
|-damage|p2a: Tangrowth|88/100|[from] Stealth Rock
|move|p1a: Urshifu|U-turn|p2a: Tangrowth
|-supereffective|p2a: Tangrowth
|-damage|p2a: Tangrowth|63/100
|
|t:|1649670621
|switch|p1a: Slowking|Slowking-Galar, F|81/100|[from]move: U-turn
|
|upkeep
|turn|20
|
|t:|1649670632
|move|p2a: Tangrowth|Sleep Powder|p1a: Slowking
|-status|p1a: Slowking|slp|[from] move: Sleep Powder
|cant|p1a: Slowking|slp
|
|upkeep
|turn|21
|
|t:|1649670638
|move|p2a: Tangrowth|Knock Off|p1a: Slowking
|-supereffective|p1a: Slowking
|-damage|p1a: Slowking|33/100 slp
|-enditem|p1a: Slowking|Assault Vest|[from] move: Knock Off|[of] p2a: Tangrowth
|cant|p1a: Slowking|slp
|
|upkeep
|turn|22
|
|t:|1649670651
|switch|p2a: Excadrill|Excadrill, F|100/100
|-damage|p2a: Excadrill|97/100|[from] Stealth Rock
|cant|p1a: Slowking|slp
|
|-heal|p2a: Excadrill|100/100|[from] item: Leftovers
|upkeep
|turn|23
|
|t:|1649670669
|switch|p1a: Corviknight|Corviknight, M|100/100
|-ability|p1a: Corviknight|Pressure
|move|p2a: Excadrill|Stealth Rock|p1a: Corviknight
|-sidestart|p1: nthirteen|move: Stealth Rock
|
|upkeep
|turn|24
|
|t:|1649670699
|switch|p2a: Zapdos|Zapdos|100/100
|move|p1a: Corviknight|U-turn|p2a: Zapdos
|-resisted|p2a: Zapdos
|-damage|p2a: Zapdos|93/100
|-status|p1a: Corviknight|par|[from] ability: Static|[of] p2a: Zapdos
|
|t:|1649670702
|switch|p1a: Weavile|Weavile, M|100/100|[from]move: U-turn
|-ability|p1a: Weavile|Pressure
|
|upkeep
|turn|25
|l| liet32120
|
|t:|1649670716
|move|p1a: Weavile|Triple Axel|p2a: Zapdos
|-supereffective|p2a: Zapdos
|-damage|p2a: Zapdos|73/100
|-supereffective|p2a: Zapdos
|-damage|p2a: Zapdos|29/100
|-status|p1a: Weavile|par|[from] ability: Static|[of] p2a: Zapdos
|-supereffective|p2a: Zapdos
|-damage|p2a: Zapdos|0 fnt
|faint|p2a: Zapdos
|-hitcount|p2: Zapdos|3
|
|upkeep
|
|t:|1649670736
|switch|p2a: Azumarill|Azumarill, F|100/100
|-damage|p2a: Azumarill|88/100|[from] Stealth Rock
|turn|26
|
|t:|1649670748
|cant|p1a: Weavile|par
|move|p2a: Azumarill|Belly Drum|p2a: Azumarill
|-damage|p2a: Azumarill|38/100
|-setboost|p2a: Azumarill|atk|6|[from] move: Belly Drum
|-enditem|p2a: Azumarill|Sitrus Berry|[eat]
|-heal|p2a: Azumarill|63/100|[from] item: Sitrus Berry
|
|upkeep
|turn|27
|
|t:|1649670772
|move|p2a: Azumarill|Aqua Jet|p1a: Weavile
|-damage|p1a: Weavile|0 fnt
|faint|p1a: Weavile
|
|upkeep
|
|t:|1649670776
|switch|p1a: Toxapex|Toxapex, F|95/100
|-damage|p1a: Toxapex|83/100|[from] Stealth Rock
|turn|28
|
|t:|1649670781
|move|p2a: Azumarill|Knock Off|p1a: Toxapex
|-damage|p1a: Toxapex|8/100
|move|p1a: Toxapex|Haze|p1a: Toxapex
|-clearallboost
|
|upkeep
|turn|29
|
|t:|1649670793
|move|p2a: Azumarill|Knock Off|p1a: Toxapex
|-damage|p1a: Toxapex|0 fnt
|faint|p1a: Toxapex
|
|upkeep
|
|t:|1649670796
|switch|p1a: Slowking|Slowking-Galar, F|66/100 slp
|-damage|p1a: Slowking|54/100 slp|[from] Stealth Rock
|turn|30
|-message|nthirteen forfeited.
|
|win|hypervortexreturns
|raw|nthirteen's rating: 1620 &rarr; <strong>1612</strong><br />(-8 for losing)
|raw|hypervortexreturns's rating: 1859 &rarr; <strong>1867</strong><br />(+8 for winning)
|l|☆nthirteen
|l| Marquesa-10%
|l|‽hypervortexreturns
