|j|‽galarian shofu
|j|☆ezwz
|t:|1603575026
|player|p1|galarian shofu|lucas|1831
|player|p2|ezwz|youngster-gen4|1910
|teamsize|p1|6
|teamsize|p2|6
|gametype|singles
|gen|8
|tier|[Gen 8] OU
|rated|
|clearpoke
|poke|p1|Naganadel|
|poke|p1|Landorus-Therian, M|
|poke|p1|Urshifu-*, M|
|poke|p1|Blacephalon|
|poke|p1|Kyurem-Black|
|poke|p1|Pheromosa|
|poke|p2|Landorus-Therian, M|
|poke|p2|Heatran, F|
|poke|p2|Tapu Bulu|
|poke|p2|Tapu Fini|
|poke|p2|Urshifu-*, M|
|poke|p2|Zapdos|
|rule|Sleep Clause Mod: Limit one foe put to sleep
|rule|Species Clause: Limit one of each Pokémon
|rule|OHKO Clause: OHKO moves are banned
|rule|Evasion Moves Clause: Evasion moves are banned
|rule|Endless Battle Clause: Forcing endless battles is banned
|rule|HP Percentage Mod: HP is shown in percentages
|rule|Dynamax Clause: You cannot dynamax
|teampreview
|j| TheRainQueen
|j| Adicire
|j| Yinza
|inactive|Battle timer is ON: inactive players will automatically lose when time's up. (requested by galarian shofu)
|
|t:|1603575052
|start
|switch|p1a: Landorus|Landorus-Therian, M|100/100
|switch|p2a: Tapu Fini|Tapu Fini|100/100
|-ability|p1a: Landorus|Intimidate|boost
|-unboost|p2a: Tapu Fini|atk|1
|-fieldstart|move: Misty Terrain|[from] ability: Misty Surge|[of] p2a: Tapu Fini
|turn|1
|j| DYWY❀
|
|t:|1603575056
|move|p1a: Landorus|Stealth Rock|p2a: Tapu Fini
|-sidestart|p2: ezwz|move: Stealth Rock
|move|p2a: Tapu Fini|Scald|p1a: Landorus
|-supereffective|p1a: Landorus
|-damage|p1a: Landorus|6/100
|
|upkeep
|turn|2
|j| King Kuai
|
|t:|1603575063
|switch|p2a: Landorus|Landorus-Therian, M|100/100
|-damage|p2a: Landorus|88/100|[from] Stealth Rock
|-ability|p2a: Landorus|Intimidate|boost
|-unboost|p1a: Landorus|atk|1
|move|p1a: Landorus|Earthquake|p2a: Landorus
|-immune|p2a: Landorus
|
|upkeep
|turn|3
|
|t:|1603575067
|move|p1a: Landorus|Stealth Rock||[still]
|-fail|p1a: Landorus
|move|p2a: Landorus|Defog|p1a: Landorus
|-unboost|p1a: Landorus|evasion|1
|-sideend|p2: ezwz|Stealth Rock|[from] move: Defog|[of] p2a: Landorus
|-fieldend|Misty Terrain
|
|upkeep
|turn|4
|j| ghyygg
|
|t:|1603575077
|move|p1a: Landorus|Stealth Rock|p2a: Landorus
|-sidestart|p2: ezwz|move: Stealth Rock
|move|p2a: Landorus|Toxic|p1a: Landorus
|-status|p1a: Landorus|tox
|
|-damage|p1a: Landorus|0 fnt|[from] psn
|faint|p1a: Landorus
|upkeep
|j| ujyjuygjjggggh
|
|t:|1603575087
|switch|p1a: Kyurem|Kyurem-Black|100/100
|-ability|p1a: Kyurem|Teravolt
|turn|5
|
|t:|1603575104
|switch|p2a: Heatran|Heatran, F|100/100
|-damage|p2a: Heatran|88/100|[from] Stealth Rock
|move|p1a: Kyurem|Substitute|p1a: Kyurem
|-start|p1a: Kyurem|Substitute
|-damage|p1a: Kyurem|75/100
|
|-heal|p2a: Heatran|94/100|[from] item: Leftovers
|upkeep
|turn|6
|l| TheRainQueen
|l| Adicire
|j| posdosdp
|j| C4T N0IR
|j|+Emeri ✿@!
|
|t:|1603575128
|move|p1a: Kyurem|Fusion Bolt|p2a: Heatran
|-damage|p2a: Heatran|55/100
|move|p2a: Heatran|Magma Storm|p1a: Kyurem
|-end|p1a: Kyurem|Substitute
|
|-heal|p2a: Heatran|61/100|[from] item: Leftovers
|upkeep
|turn|7
|
|t:|1603575137
|move|p1a: Kyurem|Fusion Bolt|p2a: Heatran
|-damage|p2a: Heatran|25/100
|move|p2a: Heatran|Toxic|p1a: Kyurem
|-status|p1a: Kyurem|tox
|
|-heal|p2a: Heatran|31/100|[from] item: Leftovers
|-damage|p1a: Kyurem|69/100 tox|[from] psn
|upkeep
|turn|8
|inactive|ezwz has 120 seconds left.
|
|t:|1603575167
|move|p1a: Kyurem|Fusion Bolt|p2a: Heatran
|-damage|p2a: Heatran|0 fnt
|faint|p2a: Heatran
|
|-damage|p1a: Kyurem|57/100 tox|[from] psn
|upkeep
|j| ThriIIer
|j| Adicire
|inactive|ezwz has 90 seconds left.
|
|t:|1603575201
|switch|p2a: Urshifu|Urshifu, M|100/100
|-damage|p2a: Urshifu|94/100|[from] Stealth Rock
|turn|9
|j| kohake
|inactive|ezwz has 90 seconds left.
|j| jmelnick15
|
|t:|1603575224
|move|p2a: Urshifu|Wicked Blow|p1a: Kyurem
|-crit|p1a: Kyurem
|-damage|p1a: Kyurem|0 fnt
|-damage|p2a: Urshifu|84/100|[from] item: Life Orb
|faint|p1a: Kyurem
|
|upkeep
|
|t:|1603575231
|switch|p1a: Naganadel|Naganadel|100/100
|turn|10
|inactive|ezwz has 90 seconds left.
|
|t:|1603575246
|switch|p2a: Landorus|Landorus-Therian, M|88/100
|-damage|p2a: Landorus|76/100|[from] Stealth Rock
|-ability|p2a: Landorus|Intimidate|boost
|-unboost|p1a: Naganadel|atk|1
|move|p1a: Naganadel|Sludge Wave|p2a: Landorus
|-resisted|p2a: Landorus
|-damage|p2a: Landorus|40/100
|-damage|p1a: Naganadel|91/100|[from] item: Life Orb
|
|upkeep
|turn|11
|j| drivance
|inactive|ezwz has 90 seconds left.
|l| posdosdp
|l| Adicire
|
|t:|1603575263
|move|p1a: Naganadel|Draco Meteor|p2a: Landorus
|-damage|p2a: Landorus|0 fnt
|-unboost|p1a: Naganadel|spa|2
|-damage|p1a: Naganadel|81/100|[from] item: Life Orb
|faint|p2a: Landorus
|-ability|p1a: Naganadel|Beast Boost|boost
|-boost|p1a: Naganadel|spe|1
|
|upkeep
|j| yuy
|
|t:|1603575280
|switch|p2a: Zapdos|Zapdos|100/100
|turn|12
|
|t:|1603575285
|switch|p1a: Pheromosa|Pheromosa|100/100
|move|p2a: Zapdos|Volt Switch|p1a: Pheromosa
|-crit|p1a: Pheromosa
|-damage|p1a: Pheromosa|0 fnt
|faint|p1a: Pheromosa
|
|t:|1603575294
|switch|p2a: Urshifu|Urshifu, M|84/100|[from]move: Volt Switch
|-damage|p2a: Urshifu|78/100|[from] Stealth Rock
|
|upkeep
|
|t:|1603575299
|switch|p1a: Naganadel|Naganadel|81/100
|turn|13
|
|t:|1603575309
|move|p2a: Urshifu|Sucker Punch|p1a: Naganadel
|-damage|p1a: Naganadel|2/100
|-damage|p2a: Urshifu|68/100|[from] item: Life Orb
|move|p1a: Naganadel|Sludge Wave|p2a: Urshifu
|-damage|p2a: Urshifu|0 fnt
|-damage|p1a: Naganadel|0 fnt|[from] item: Life Orb
|faint|p2a: Urshifu
|faint|p1a: Naganadel
|
|upkeep
|inactive|ezwz has 90 seconds left.
|l| King Kuai
|
|t:|1603575340
|switch|p1a: Urshifu|Urshifu, M|100/100
|switch|p2a: Zapdos|Zapdos|100/100
|turn|14
|
|t:|1603575351
|move|p1a: Urshifu|Bulk Up|p1a: Urshifu
|-boost|p1a: Urshifu|atk|1
|-boost|p1a: Urshifu|def|1
|move|p2a: Zapdos|Toxic|p1a: Urshifu
|-status|p1a: Urshifu|tox
|
|-damage|p1a: Urshifu|94/100 tox|[from] psn
|upkeep
|turn|15
|
|t:|1603575355
|move|p1a: Urshifu|Wicked Blow|p2a: Zapdos
|-crit|p2a: Zapdos
|-damage|p2a: Zapdos|5/100
|-damage|p1a: Urshifu|84/100 tox|[from] item: Life Orb
|move|p2a: Zapdos|Roost|p2a: Zapdos
|-heal|p2a: Zapdos|56/100
|-singleturn|p2a: Zapdos|move: Roost
|
|-damage|p1a: Urshifu|72/100 tox|[from] psn
|upkeep
|turn|16
|inactive|ezwz has 90 seconds left.
|
|t:|1603575361
|switch|p2a: Tapu Bulu|Tapu Bulu|100/100
|-damage|p2a: Tapu Bulu|88/100|[from] Stealth Rock
|-fieldstart|move: Grassy Terrain|[from] ability: Grassy Surge|[of] p2a: Tapu Bulu
|move|p1a: Urshifu|Wicked Blow|p2a: Tapu Bulu
|-resisted|p2a: Tapu Bulu
|-crit|p2a: Tapu Bulu
|-damage|p2a: Tapu Bulu|31/100
|-damage|p1a: Urshifu|62/100 tox|[from] item: Life Orb
|
|-heal|p1a: Urshifu|68/100 tox|[from] Grassy Terrain
|-heal|p2a: Tapu Bulu|37/100|[from] item: Leftovers
|-heal|p2a: Tapu Bulu|43/100|[from] Grassy Terrain
|-damage|p1a: Urshifu|50/100 tox|[from] psn
|upkeep
|turn|17
|
|t:|1603575367
|move|p1a: Urshifu|Wicked Blow|p2a: Tapu Bulu
|-resisted|p2a: Tapu Bulu
|-crit|p2a: Tapu Bulu
|-damage|p2a: Tapu Bulu|0 fnt
|-damage|p1a: Urshifu|40/100 tox|[from] item: Life Orb
|faint|p2a: Tapu Bulu
|
|-heal|p1a: Urshifu|46/100 tox|[from] Grassy Terrain
|-damage|p1a: Urshifu|21/100 tox|[from] psn
|upkeep
|
|t:|1603575370
|switch|p2a: Zapdos|Zapdos|56/100
|turn|18
|
|t:|1603575373
|move|p1a: Urshifu|Wicked Blow|p2a: Zapdos
|-crit|p2a: Zapdos
|-damage|p2a: Zapdos|0 fnt
|-damage|p1a: Urshifu|11/100 tox|[from] item: Life Orb
|faint|p2a: Zapdos
|
|-heal|p1a: Urshifu|18/100 tox|[from] Grassy Terrain
|-damage|p1a: Urshifu|0 fnt|[from] psn
|faint|p1a: Urshifu
|upkeep
|
|t:|1603575376
|switch|p1a: Blacephalon|Blacephalon|100/100
|switch|p2a: Tapu Fini|Tapu Fini|100/100
|-damage|p2a: Tapu Fini|88/100|[from] Stealth Rock
|-fieldstart|move: Misty Terrain|[from] ability: Misty Surge|[of] p2a: Tapu Fini
|turn|19
|j| 30GXENOOB
|inactive|ezwz has 120 seconds left.
|j| narnoosh
|
|t:|1603575396
|move|p1a: Blacephalon|Shadow Ball|p2a: Tapu Fini
|-damage|p2a: Tapu Fini|53/100
|move|p2a: Tapu Fini|Scald|p1a: Blacephalon
|-supereffective|p1a: Blacephalon
|-damage|p1a: Blacephalon|0 fnt
|faint|p1a: Blacephalon
|
|win|ezwz
|l|+Emeri ✿
|j| posdosdp
|l| DYWY❀
|l|☆ezwz
|l|‽galarian shofu
