|j|☆sufy512
|j|☆2(H2O)-Alt
|t:|1663551832
|gametype|singles
|player|p1|sufy512|peonia|1672
|player|p2|2(H2O)-Alt|chase|1718
|teamsize|p1|6
|teamsize|p2|6
|gen|8
|tier|[Gen 8] OU
|rated|
|rule|Sleep Clause Mod: Limit one foe put to sleep
|rule|Species Clause: Limit one of each Pokémon
|rule|OHKO Clause: OHKO moves are banned
|rule|Evasion Items Clause: Evasion items are banned
|rule|Evasion Moves Clause: Evasion moves are banned
|rule|Endless Battle Clause: Forcing endless battles is banned
|rule|HP Percentage Mod: HP is shown in percentages
|rule|Dynamax Clause: You cannot dynamax
|clearpoke
|poke|p1|Primarina, M|
|poke|p1|Zapdos|
|poke|p1|Garchomp, F|
|poke|p1|Ferrothorn, M|
|poke|p1|Weavile, F|
|poke|p1|Blacephalon|
|poke|p2|Zeraora|
|poke|p2|Volcanion|
|poke|p2|Landorus-Therian, M|
|poke|p2|Volcarona, F|
|poke|p2|Blacephalon|
|poke|p2|Moltres-Galar|
|teampreview
|inactive|Battle timer is ON: inactive players will automatically lose when time's up. (requested by 2(H2O)-Alt)
|j| DisasterBruhMoment
|inactive|sufy512 has 120 seconds left.
|
|t:|1663551894
|start
|switch|p1a: Weavile|Weavile, F|100/100
|switch|p2a: Zeraora|Zeraora|100/100
|-ability|p1a: Weavile|Pressure
|turn|1
|
|t:|1663551906
|switch|p2a: Volcanion|Volcanion|100/100
|switch|p1a: Garchomp|Garchomp, F|100/100
|
|upkeep
|turn|2
|
|t:|1663551915
|move|p1a: Garchomp|Earthquake|p2a: Volcanion
|-supereffective|p2a: Volcanion
|-damage|p2a: Volcanion|14/100
|move|p2a: Volcanion|Steam Eruption|p1a: Garchomp
|-damage|p1a: Garchomp|31/100
|
|-heal|p1a: Garchomp|37/100|[from] item: Leftovers
|upkeep
|turn|3
|
|t:|1663551923
|move|p1a: Garchomp|Scale Shot|p2a: Volcanion
|-damage|p2a: Volcanion|4/100
|-damage|p2a: Volcanion|0 fnt
|faint|p2a: Volcanion
|-hitcount|p2: Volcanion|2
|-unboost|p1a: Garchomp|def|1
|-boost|p1a: Garchomp|spe|1
|
|-heal|p1a: Garchomp|43/100|[from] item: Leftovers
|upkeep
|
|t:|1663551929
|switch|p2a: Landorus|Landorus-Therian, M|100/100
|-ability|p2a: Landorus|Intimidate|boost
|-unboost|p1a: Garchomp|atk|1
|turn|4
|
|t:|1663551933
|switch|p1a: Ferrothorn|Ferrothorn, M|100/100
|move|p2a: Landorus|Stealth Rock|p1a: Ferrothorn
|-sidestart|p1: sufy512|move: Stealth Rock
|
|upkeep
|turn|5
|
|t:|1663551942
|switch|p2a: Moltres|Moltres-Galar|100/100
|move|p1a: Ferrothorn|Knock Off|p2a: Moltres
|-resisted|p2a: Moltres
|-damage|p2a: Moltres|89/100
|-enditem|p2a: Moltres|Chesto Berry|[from] move: Knock Off|[of] p1a: Ferrothorn
|
|upkeep
|turn|6
|
|t:|1663551949
|switch|p1a: Primarina|Primarina, M|100/100
|-damage|p1a: Primarina|88/100|[from] Stealth Rock
|move|p2a: Moltres|Nasty Plot|p2a: Moltres
|-boost|p2a: Moltres|spa|2
|
|-heal|p1a: Primarina|94/100|[from] item: Leftovers
|upkeep
|turn|7
|
|t:|1663551953
|move|p2a: Moltres|Fiery Wrath|p1a: Primarina
|-resisted|p1a: Primarina
|-damage|p1a: Primarina|62/100
|move|p1a: Primarina|Calm Mind|p1a: Primarina
|-boost|p1a: Primarina|spa|1
|-boost|p1a: Primarina|spd|1
|
|-heal|p1a: Primarina|68/100|[from] item: Leftovers
|upkeep
|turn|8
|
|t:|1663551958
|move|p2a: Moltres|Fiery Wrath|p1a: Primarina
|-resisted|p1a: Primarina
|-damage|p1a: Primarina|49/100
|move|p1a: Primarina|Moonblast|p2a: Moltres
|-supereffective|p2a: Moltres
|-damage|p2a: Moltres|0 fnt
|faint|p2a: Moltres
|
|-heal|p1a: Primarina|55/100|[from] item: Leftovers
|upkeep
|
|t:|1663551963
|switch|p2a: Zeraora|Zeraora|100/100
|turn|9
|
|t:|1663551972
|switch|p1a: Garchomp|Garchomp, F|43/100
|-damage|p1a: Garchomp|37/100|[from] Stealth Rock
|move|p2a: Zeraora|Plasma Fists|p1a: Garchomp
|-immune|p1a: Garchomp
|
|-heal|p1a: Garchomp|43/100|[from] item: Leftovers
|upkeep
|turn|10
|
|t:|1663551977
|switch|p2a: Landorus|Landorus-Therian, M|100/100
|-ability|p2a: Landorus|Intimidate|boost
|-unboost|p1a: Garchomp|atk|1
|move|p1a: Garchomp|Scale Shot|p2a: Landorus
|-damage|p2a: Landorus|91/100
|-damage|p2a: Landorus|79/100
|-damage|p2a: Landorus|69/100
|-damage|p2a: Landorus|58/100
|-hitcount|p2a: Landorus|4
|-unboost|p1a: Garchomp|def|1
|-boost|p1a: Garchomp|spe|1
|
|-heal|p1a: Garchomp|49/100|[from] item: Leftovers
|upkeep
|turn|11
|
|t:|1663551984
|switch|p1a: Ferrothorn|Ferrothorn, M|100/100
|-damage|p1a: Ferrothorn|94/100|[from] Stealth Rock
|move|p2a: Landorus|Earthquake|p1a: Ferrothorn
|-damage|p1a: Ferrothorn|59/100
|
|-heal|p1a: Ferrothorn|66/100|[from] item: Leftovers
|upkeep
|turn|12
|
|t:|1663551986
|move|p2a: Landorus|Earthquake|p1a: Ferrothorn
|-damage|p1a: Ferrothorn|26/100
|move|p1a: Ferrothorn|Knock Off|p2a: Landorus
|-damage|p2a: Landorus|33/100
|-enditem|p2a: Landorus|Normal Gem|[from] move: Knock Off|[of] p1a: Ferrothorn
|
|-heal|p1a: Ferrothorn|33/100|[from] item: Leftovers
|upkeep
|turn|13
|
|t:|1663551992
|move|p2a: Landorus|Earthquake|p1a: Ferrothorn
|-damage|p1a: Ferrothorn|0 fnt
|faint|p1a: Ferrothorn
|
|upkeep
|
|t:|1663551994
|switch|p1a: Blacephalon|Blacephalon|100/100
|-damage|p1a: Blacephalon|76/100|[from] Stealth Rock
|turn|14
|
|t:|1663552001
|move|p1a: Blacephalon|Shadow Ball|p2a: Landorus
|-damage|p2a: Landorus|0 fnt
|faint|p2a: Landorus
|-ability|p1a: Blacephalon|Beast Boost|boost
|-boost|p1a: Blacephalon|spa|1
|
|upkeep
|
|t:|1663552008
|switch|p2a: Blacephalon|Blacephalon|100/100
|turn|15
|
|t:|1663552011
|move|p1a: Blacephalon|Shadow Ball|p2a: Blacephalon
|-supereffective|p2a: Blacephalon
|-damage|p2a: Blacephalon|0 fnt
|faint|p2a: Blacephalon
|-ability|p1a: Blacephalon|Beast Boost|boost
|-boost|p1a: Blacephalon|spa|1
|
|upkeep
|
|t:|1663552013
|switch|p2a: Zeraora|Zeraora|100/100
|turn|16
|-message|2(H2O)-Alt forfeited.
|
|win|sufy512
|raw|sufy512's rating: 1672 &rarr; <strong>1695</strong><br />(+23 for winning)
|raw|2(H2O)-Alt's rating: 1718 &rarr; <strong>1695</strong><br />(-23 for losing)
|l|☆2(H2O)-Alt
