|raw|<div class="broadcast-blue"><strong>This battle is required to be public due to a player having a name starting with 'lt91bb'.</div>
|j|☆Gotham Paladin
|j|☆LT91BB Skc44
|t:|1659588652
|gametype|singles
|player|p1|Gotham Paladin|red|1655
|player|p2|LT91BB Skc44|ghetsis|1668
|teamsize|p1|6
|teamsize|p2|6
|gen|8
|tier|[Gen 8] OU
|rated|
|rule|Sleep Clause Mod: Limit one foe put to sleep
|rule|Species Clause: Limit one of each Pokémon
|rule|OHKO Clause: OHKO moves are banned
|rule|Evasion Items Clause: Evasion items are banned
|rule|Evasion Moves Clause: Evasion moves are banned
|rule|Endless Battle Clause: Forcing endless battles is banned
|rule|HP Percentage Mod: HP is shown in percentages
|rule|Dynamax Clause: You cannot dynamax
|clearpoke
|poke|p1|Victini|
|poke|p1|Tapu Koko|
|poke|p1|Ferrothorn, M|
|poke|p1|Hydreigon, F|
|poke|p1|Landorus-Therian, M|
|poke|p1|Suicune|
|poke|p2|Pelipper, M|
|poke|p2|Melmetal|
|poke|p2|Barraskewda, M|
|poke|p2|Seismitoad, F|
|poke|p2|Volcanion|
|poke|p2|Dragonite, M|
|teampreview
|
|t:|1659588676
|start
|switch|p1a: Veilstone|Victini|100/100
|switch|p2a: Pelipper|Pelipper, M|100/100
|-weather|RainDance|[from] ability: Drizzle|[of] p2a: Pelipper
|turn|1
|
|t:|1659588688
|switch|p2a: Seismitoad|Seismitoad, F|100/100
|move|p1a: Veilstone|Trick|p2a: Seismitoad
|-activate|p1a: Veilstone|move: Trick|[of] p2a: Seismitoad
|-item|p2a: Seismitoad|Choice Band|[from] move: Trick
|-item|p1a: Veilstone|Life Orb|[from] move: Trick
|
|-weather|RainDance|[upkeep]
|upkeep
|turn|2
|
|t:|1659588724
|switch|p1a: Floraroma|Ferrothorn, M|100/100
|move|p2a: Seismitoad|Stealth Rock|p1a: Floraroma
|-sidestart|p1: Gotham Paladin|move: Stealth Rock
|
|-weather|RainDance|[upkeep]
|upkeep
|turn|3
|inactive|Battle timer is ON: inactive players will automatically lose when time's up. (requested by Gotham Paladin)
|
|t:|1659588730
|switch|p2a: Volcanion|Volcanion|100/100
|move|p1a: Floraroma|Spikes|p2a: Volcanion
|-sidestart|p2: LT91BB Skc44|Spikes
|
|-weather|RainDance|[upkeep]
|upkeep
|turn|4
|inactive|LT91BB Skc44 has 120 seconds left.
|
|t:|1659588764
|move|p2a: Volcanion|Steam Eruption|p1a: Floraroma
|-resisted|p1a: Floraroma
|-damage|p1a: Floraroma|44/100
|-status|p1a: Floraroma|brn
|move|p1a: Floraroma|Leech Seed|p2a: Volcanion|[miss]
|-miss|p1a: Floraroma|p2a: Volcanion
|
|-weather|RainDance|[upkeep]
|-damage|p1a: Floraroma|38/100 brn|[from] brn
|upkeep
|turn|5
|
|t:|1659588783
|switch|p1a: Hearthome|Hydreigon, F|100/100
|-damage|p1a: Hearthome|88/100|[from] Stealth Rock
|move|p2a: Volcanion|Steam Eruption|p1a: Hearthome|[miss]
|-miss|p2a: Volcanion|p1a: Hearthome
|
|-weather|RainDance|[upkeep]
|upkeep
|turn|6
|
|t:|1659588792
|switch|p2a: Melmetal|Melmetal|100/100
|-damage|p2a: Melmetal|88/100|[from] Spikes
|move|p1a: Hearthome|Earth Power|p2a: Melmetal
|-supereffective|p2a: Melmetal
|-damage|p2a: Melmetal|57/100
|
|-weather|RainDance|[upkeep]
|upkeep
|turn|7
|
|t:|1659588802
|switch|p1a: Floraroma|Ferrothorn, M|38/100 brn
|-damage|p1a: Floraroma|32/100 brn|[from] Stealth Rock
|switch|p2a: Volcanion|Volcanion|100/100
|-damage|p2a: Volcanion|88/100|[from] Spikes
|
|-weather|RainDance|[upkeep]
|-damage|p1a: Floraroma|25/100 brn|[from] brn
|upkeep
|turn|8
|
|t:|1659588818
|switch|p1a: Hearthome|Hydreigon, F|88/100
|-damage|p1a: Hearthome|76/100|[from] Stealth Rock
|move|p2a: Volcanion|Steam Eruption|p1a: Hearthome
|-resisted|p1a: Hearthome
|-crit|p1a: Hearthome
|-damage|p1a: Hearthome|0 fnt
|faint|p1a: Hearthome
|
|-weather|none
|upkeep
|
|t:|1659588828
|switch|p1a: Solaceon|Suicune|100/100
|-damage|p1a: Solaceon|88/100|[from] Stealth Rock
|-ability|p1a: Solaceon|Pressure
|turn|9
|
|t:|1659588837
|switch|p2a: Melmetal|Melmetal|57/100
|-damage|p2a: Melmetal|45/100|[from] Spikes
|move|p1a: Solaceon|Calm Mind|p1a: Solaceon
|-boost|p1a: Solaceon|spa|1
|-boost|p1a: Solaceon|spd|1
|
|-heal|p1a: Solaceon|94/100|[from] item: Leftovers
|upkeep
|turn|10
|
|t:|1659588841
|move|p1a: Solaceon|Scald|p2a: Melmetal
|-damage|p2a: Melmetal|28/100
|move|p2a: Melmetal|Thunder Punch|p1a: Solaceon
|-supereffective|p1a: Solaceon
|-damage|p1a: Solaceon|57/100
|-status|p1a: Solaceon|par
|
|-heal|p1a: Solaceon|63/100 par|[from] item: Leftovers
|upkeep
|turn|11
|
|t:|1659588867
|cant|p1a: Solaceon|par
|move|p2a: Melmetal|Double Iron Bash|p1a: Solaceon
|-resisted|p1a: Solaceon
|-damage|p1a: Solaceon|53/100 par
|-resisted|p1a: Solaceon
|-damage|p1a: Solaceon|42/100 par
|-hitcount|p1a: Solaceon|2
|
|-heal|p1a: Solaceon|48/100 par|[from] item: Leftovers
|upkeep
|turn|12
|
|t:|1659588870
|move|p1a: Solaceon|Scald|p2a: Melmetal
|-damage|p2a: Melmetal|11/100
|-status|p2a: Melmetal|brn
|move|p2a: Melmetal|Thunder Punch|p1a: Solaceon
|-supereffective|p1a: Solaceon
|-damage|p1a: Solaceon|28/100 par
|
|-heal|p1a: Solaceon|34/100 par|[from] item: Leftovers
|-damage|p2a: Melmetal|5/100 brn|[from] brn
|upkeep
|turn|13
|
|t:|1659588877
|move|p1a: Solaceon|Substitute|p1a: Solaceon
|-start|p1a: Solaceon|Substitute
|-damage|p1a: Solaceon|9/100 par
|move|p2a: Melmetal|Thunder Punch|p1a: Solaceon
|-supereffective|p1a: Solaceon
|-activate|p1a: Solaceon|move: Substitute|[damage]
|
|-heal|p1a: Solaceon|15/100 par|[from] item: Leftovers
|-damage|p2a: Melmetal|0 fnt|[from] brn
|faint|p2a: Melmetal
|upkeep
|
|t:|1659588888
|switch|p2a: Pelipper|Pelipper, M|100/100
|-weather|RainDance|[from] ability: Drizzle|[of] p2a: Pelipper
|turn|14
|
|t:|1659588893
|move|p2a: Pelipper|U-turn|p1a: Solaceon
|-activate|p1a: Solaceon|move: Substitute|[damage]
|
|t:|1659588895
|switch|p2a: Volcanion|Volcanion|88/100|[from]move: U-turn
|-damage|p2a: Volcanion|76/100|[from] Spikes
|cant|p1a: Solaceon|par
|
|-weather|RainDance|[upkeep]
|-heal|p1a: Solaceon|21/100 par|[from] item: Leftovers
|upkeep
|turn|15
|
|t:|1659588904
|move|p2a: Volcanion|Sludge Wave|p1a: Solaceon
|-end|p1a: Solaceon|Substitute
|cant|p1a: Solaceon|par
|
|-weather|RainDance|[upkeep]
|-heal|p1a: Solaceon|27/100 par|[from] item: Leftovers
|upkeep
|turn|16
|
|t:|1659588910
|move|p2a: Volcanion|Sludge Wave|p1a: Solaceon
|-damage|p1a: Solaceon|2/100 par
|cant|p1a: Solaceon|par
|
|-weather|RainDance|[upkeep]
|-heal|p1a: Solaceon|8/100 par|[from] item: Leftovers
|upkeep
|turn|17
|
|t:|1659588915
|switch|p1a: Floraroma|Ferrothorn, M|25/100 brn
|-damage|p1a: Floraroma|19/100 brn|[from] Stealth Rock
|move|p2a: Volcanion|Sludge Wave|p1a: Floraroma
|-immune|p1a: Floraroma
|
|-weather|RainDance|[upkeep]
|-damage|p1a: Floraroma|13/100 brn|[from] brn
|upkeep
|turn|18
|
|t:|1659588923
|switch|p2a: Seismitoad|Seismitoad, F|100/100
|-damage|p2a: Seismitoad|88/100|[from] Spikes
|move|p1a: Floraroma|Power Whip|p2a: Seismitoad
|-supereffective|p2a: Seismitoad
|-damage|p2a: Seismitoad|0 fnt
|faint|p2a: Seismitoad
|
|-weather|RainDance|[upkeep]
|-damage|p1a: Floraroma|7/100 brn|[from] brn
|upkeep
|-message|Gotham Paladin forfeited.
|
|win|LT91BB Skc44
|raw|Gotham Paladin's rating: 1655 &rarr; <strong>1637</strong><br />(-18 for losing)
|raw|LT91BB Skc44's rating: 1689 &rarr; <strong>1707</strong><br />(+18 for winning)
|l|☆Gotham Paladin
|j| giga gigle
|l|☆LT91BB Skc44
