|j|☆Chikami
|j|☆Jellyfish JAMMER
|t:|1648343737
|gametype|singles
|player|p1|Chikami|ethan|1664
|player|p2|Jellyfish JAMMER|blackbelt-gen4|1589
|teamsize|p1|6
|teamsize|p2|6
|gen|8
|tier|[Gen 8] OU
|rated|
|rule|Sleep Clause Mod: Limit one foe put to sleep
|rule|Species Clause: Limit one of each Pokémon
|rule|OHKO Clause: OHKO moves are banned
|rule|Evasion Moves Clause: Evasion moves are banned
|rule|Endless Battle Clause: Forcing endless battles is banned
|rule|HP Percentage Mod: HP is shown in percentages
|rule|Dynamax Clause: You cannot dynamax
|clearpoke
|poke|p1|Scolipede, F|
|poke|p1|Barraskewda, M|
|poke|p1|Pelipper, M|
|poke|p1|Thundurus-Therian, M|
|poke|p1|Seismitoad, F|
|poke|p1|Tornadus-Therian, M|
|poke|p2|Ferrothorn, M|
|poke|p2|Necrozma|
|poke|p2|Moltres-Galar|
|poke|p2|Garchomp, M|
|poke|p2|Tapu Fini|
|poke|p2|Blaziken, M|
|teampreview
|c|☆Jellyfish JAMMER|glhf
|inactive|Battle timer is ON: inactive players will automatically lose when time's up. (requested by Chikami)
|
|t:|1648343753
|start
|switch|p1a: Pelipper|Pelipper, M|100/100
|switch|p2a: Prophet|Necrozma, shiny|100/100
|-weather|RainDance|[from] ability: Drizzle|[of] p1a: Pelipper
|turn|1
|
|t:|1648343765
|switch|p1a: Seismitoad|Seismitoad, F|100/100
|move|p2a: Prophet|Meteor Beam||[still]
|-prepare|p2a: Prophet|Meteor Beam
|-boost|p2a: Prophet|spa|1
|-enditem|p2a: Prophet|Power Herb
|-anim|p2a: Prophet|Meteor Beam|p1a: Seismitoad
|-resisted|p1a: Seismitoad
|-damage|p1a: Seismitoad|59/100
|
|-weather|RainDance|[upkeep]
|upkeep
|turn|2
|
|t:|1648343778
|move|p1a: Seismitoad|Stealth Rock|p2a: Prophet
|-sidestart|p2: Jellyfish JAMMER|move: Stealth Rock
|move|p2a: Prophet|Photon Geyser|p1a: Seismitoad
|-damage|p1a: Seismitoad|0 fnt
|faint|p1a: Seismitoad
|
|-weather|RainDance|[upkeep]
|upkeep
|
|t:|1648343785
|switch|p1a: Barraskewda|Barraskewda, M|100/100
|turn|3
|
|t:|1648343790
|move|p1a: Barraskewda|Flip Turn|p2a: Prophet
|-damage|p2a: Prophet|20/100
|
|t:|1648343802
|switch|p1a: Tornadus|Tornadus-Therian, M|100/100|[from]move: Flip Turn
|move|p2a: Prophet|Photon Geyser|p1a: Tornadus
|-damage|p1a: Tornadus|15/100
|
|-weather|RainDance|[upkeep]
|upkeep
|turn|4
|
|t:|1648343819
|move|p1a: Tornadus|Hurricane|p2a: Prophet
|-damage|p2a: Prophet|0 fnt
|faint|p2a: Prophet
|
|-weather|RainDance|[upkeep]
|upkeep
|
|t:|1648343824
|switch|p2a: Raven|Tapu Fini, shiny|100/100
|-damage|p2a: Raven|88/100|[from] Stealth Rock
|-fieldstart|move: Misty Terrain|[from] ability: Misty Surge|[of] p2a: Raven
|turn|5
|
|t:|1648343832
|switch|p1a: Thundurus|Thundurus-Therian, M|100/100
|move|p2a: Raven|Moonblast|p1a: Thundurus
|-damage|p1a: Thundurus|46/100
|-unboost|p1a: Thundurus|spa|1
|
|-weather|RainDance|[upkeep]
|upkeep
|turn|6
|
|t:|1648343843
|move|p2a: Raven|Moonblast|p1a: Thundurus
|-damage|p1a: Thundurus|0 fnt
|faint|p1a: Thundurus
|
|-weather|RainDance|[upkeep]
|upkeep
|
|t:|1648343848
|switch|p1a: Scolipede|Scolipede, F|100/100
|turn|7
|inactive|Jellyfish JAMMER has 120 seconds left.
|
|t:|1648343889
|switch|p2a: Temple|Ferrothorn, M, shiny|100/100
|-damage|p2a: Temple|95/100|[from] Stealth Rock
|move|p1a: Scolipede|Swords Dance|p1a: Scolipede
|-boost|p1a: Scolipede|atk|2
|
|-weather|RainDance|[upkeep]
|-heal|p2a: Temple|100/100|[from] item: Leftovers
|-ability|p1a: Scolipede|Speed Boost|boost
|-boost|p1a: Scolipede|spe|1
|upkeep
|turn|8
|
|t:|1648343894
|move|p1a: Scolipede|Superpower|p2a: Temple
|-supereffective|p2a: Temple
|-damage|p2a: Temple|0 fnt
|-unboost|p1a: Scolipede|atk|1
|-unboost|p1a: Scolipede|def|1
|-damage|p1a: Scolipede|88/100|[from] ability: Iron Barbs|[of] p2a: Temple
|faint|p2a: Temple
|-damage|p1a: Scolipede|78/100|[from] item: Life Orb
|
|-weather|none
|-ability|p1a: Scolipede|Speed Boost|boost
|-boost|p1a: Scolipede|spe|1
|upkeep
|inactive|Jellyfish JAMMER has 120 seconds left.
|
|t:|1648343899
|switch|p2a: Garchomp|Garchomp, M|100/100
|-damage|p2a: Garchomp|94/100|[from] Stealth Rock
|turn|9
|inactive|Jellyfish JAMMER has 120 seconds left.
|
|t:|1648343909
|switch|p1a: Pelipper|Pelipper, M|100/100
|-weather|RainDance|[from] ability: Drizzle|[of] p1a: Pelipper
|move|p2a: Garchomp|Earthquake|p1a: Pelipper
|-immune|p1a: Pelipper
|
|-weather|RainDance|[upkeep]
|-heal|p2a: Garchomp|100/100|[from] item: Leftovers
|-fieldend|Misty Terrain
|upkeep
|turn|10
|inactive|Jellyfish JAMMER has 120 seconds left.
|
|t:|1648343926
|move|p2a: Garchomp|Stealth Rock|p1a: Pelipper
|-sidestart|p1: Chikami|move: Stealth Rock
|move|p1a: Pelipper|U-turn|p2a: Garchomp
|-damage|p2a: Garchomp|92/100
|-damage|p1a: Pelipper|88/100|[from] ability: Rough Skin|[of] p2a: Garchomp
|
|t:|1648343929
|switch|p1a: Barraskewda|Barraskewda, M|100/100|[from]move: U-turn
|-damage|p1a: Barraskewda|88/100|[from] Stealth Rock
|
|-weather|RainDance|[upkeep]
|-heal|p2a: Garchomp|98/100|[from] item: Leftovers
|upkeep
|turn|11
|
|t:|1648343945
|move|p1a: Barraskewda|Flip Turn|p2a: Garchomp
|-damage|p2a: Garchomp|21/100
|-damage|p1a: Barraskewda|76/100|[from] ability: Rough Skin|[of] p2a: Garchomp
|
|t:|1648343950
|switch|p1a: Tornadus|Tornadus-Therian, M|48/100|[from]move: Flip Turn
|move|p2a: Garchomp|Stone Edge|p1a: Tornadus
|-supereffective|p1a: Tornadus
|-damage|p1a: Tornadus|0 fnt
|faint|p1a: Tornadus
|
|-weather|RainDance|[upkeep]
|-heal|p2a: Garchomp|27/100|[from] item: Leftovers
|upkeep
|
|t:|1648343958
|switch|p1a: Barraskewda|Barraskewda, M|76/100
|-damage|p1a: Barraskewda|64/100|[from] Stealth Rock
|turn|12
|
|t:|1648343967
|move|p1a: Barraskewda|Liquidation|p2a: Garchomp
|-damage|p2a: Garchomp|0 fnt
|-damage|p1a: Barraskewda|52/100|[from] ability: Rough Skin|[of] p2a: Garchomp
|faint|p2a: Garchomp
|
|-weather|RainDance|[upkeep]
|upkeep
|inactive|Jellyfish JAMMER has 120 seconds left.
|
|t:|1648344013
|switch|p2a: Raven|Tapu Fini, shiny|88/100
|-damage|p2a: Raven|76/100|[from] Stealth Rock
|-fieldstart|move: Misty Terrain|[from] ability: Misty Surge|[of] p2a: Raven
|turn|13
|
|t:|1648344016
|move|p1a: Barraskewda|Liquidation|p2a: Raven
|-resisted|p2a: Raven
|-damage|p2a: Raven|16/100
|move|p2a: Raven|Surf|p1a: Barraskewda
|-resisted|p1a: Barraskewda
|-damage|p1a: Barraskewda|0 fnt
|faint|p1a: Barraskewda
|
|-weather|RainDance|[upkeep]
|upkeep
|
|t:|1648344023
|switch|p1a: Pelipper|Pelipper, M|88/100
|-damage|p1a: Pelipper|63/100|[from] Stealth Rock
|turn|14
|
|t:|1648344031
|move|p2a: Raven|Surf|p1a: Pelipper
|-resisted|p1a: Pelipper
|-damage|p1a: Pelipper|24/100
|move|p1a: Pelipper|Defog|p2a: Raven
|-unboost|p2a: Raven|evasion|1
|-sideend|p2: Jellyfish JAMMER|Stealth Rock|[from] move: Defog|[of] p1a: Pelipper
|-sideend|p1: Chikami|Stealth Rock|[from] move: Defog|[of] p1a: Pelipper
|-fieldend|Misty Terrain
|
|-weather|RainDance|[upkeep]
|upkeep
|turn|15
|
|t:|1648344044
|move|p2a: Raven|Surf|p1a: Pelipper
|-resisted|p1a: Pelipper
|-damage|p1a: Pelipper|0 fnt
|faint|p1a: Pelipper
|
|-weather|RainDance|[upkeep]
|upkeep
|
|t:|1648344048
|switch|p1a: Scolipede|Scolipede, F|78/100
|turn|16
|
|t:|1648344051
|move|p2a: Raven|Surf|p1a: Scolipede
|-damage|p1a: Scolipede|0 fnt
|faint|p1a: Scolipede
|
|win|Jellyfish JAMMER
|raw|Chikami's rating: 1664 &rarr; <strong>1640</strong><br />(-24 for losing)
|raw|Jellyfish JAMMER's rating: 1589 &rarr; <strong>1613</strong><br />(+24 for winning)
|c|☆Jellyfish JAMMER|GG
|l|☆Chikami
||Ladder isn't responding, score probably updated but might not have (Request timeout).
