|j|☆HaveniteRaven
|j|☆Pok et glace
|t:|1662811619
|gametype|singles
|player|p1|HaveniteRaven|101|1781
|player|p2|Pok et glace|cynthia-masters|1777
|teamsize|p1|6
|teamsize|p2|6
|gen|8
|tier|[Gen 8] OU
|rated|
|rule|Sleep Clause Mod: Limit one foe put to sleep
|rule|Species Clause: Limit one of each Pokémon
|rule|OHKO Clause: OHKO moves are banned
|rule|Evasion Items Clause: Evasion items are banned
|rule|Evasion Moves Clause: Evasion moves are banned
|rule|Endless Battle Clause: Forcing endless battles is banned
|rule|HP Percentage Mod: HP is shown in percentages
|rule|Dynamax Clause: You cannot dynamax
|clearpoke
|poke|p1|Jirachi|
|poke|p1|Grimmsnarl, M|
|poke|p1|Zapdos|
|poke|p1|Blaziken, M|
|poke|p1|Dragapult, M|
|poke|p1|Volcanion|
|poke|p2|Mew|
|poke|p2|Crawdaunt, M|
|poke|p2|Celesteela|
|poke|p2|Garchomp, M|
|poke|p2|Weavile, F|
|poke|p2|Blacephalon|
|teampreview
|
|t:|1662811637
|start
|switch|p1a: Grimmsnarl|Grimmsnarl, M, shiny|100/100
|switch|p2a: Sperm thing|Mew|100/100
|turn|1
|j| Chiwis Del Norte
|inactive|Battle timer is ON: inactive players will automatically lose when time's up. (requested by HaveniteRaven)
|
|t:|1662811648
|switch|p2a: Garchomp|Garchomp, M|100/100
|move|p1a: Grimmsnarl|Reflect|p1a: Grimmsnarl
|-sidestart|p1: HaveniteRaven|Reflect
|
|upkeep
|turn|2
|
|t:|1662811653
|switch|p2a: Sperm thing|Mew|100/100
|switch|p1a: Volcanion|Volcanion|100/100
|
|upkeep
|turn|3
|
|t:|1662811662
|move|p2a: Sperm thing|Stealth Rock|p1a: Volcanion
|-sidestart|p1: HaveniteRaven|move: Stealth Rock
|move|p1a: Volcanion|Flame Charge|p2a: Sperm thing
|-damage|p2a: Sperm thing|86/100
|-boost|p1a: Volcanion|spe|1
|
|upkeep
|turn|4
|
|t:|1662811669
|move|p1a: Volcanion|Flame Charge|p2a: Sperm thing
|-damage|p2a: Sperm thing|72/100
|-boost|p1a: Volcanion|spe|1
|move|p2a: Sperm thing|Thunder Wave|p1a: Volcanion
|-status|p1a: Volcanion|par
|
|upkeep
|turn|5
|
|t:|1662811676
|move|p2a: Sperm thing|Spikes|p1a: Volcanion
|-sidestart|p1: HaveniteRaven|Spikes
|move|p1a: Volcanion|Flame Charge|p2a: Sperm thing
|-damage|p2a: Sperm thing|58/100
|-boost|p1a: Volcanion|spe|1
|
|upkeep
|turn|6
|
|t:|1662811682
|move|p2a: Sperm thing|Spikes|p1a: Volcanion
|-sidestart|p1: HaveniteRaven|Spikes
|move|p1a: Volcanion|Flame Charge|p2a: Sperm thing
|-damage|p2a: Sperm thing|44/100
|-boost|p1a: Volcanion|spe|1
|
|upkeep
|turn|7
|
|t:|1662811702
|cant|p1a: Volcanion|par
|move|p2a: Sperm thing|Spikes|p1a: Volcanion
|-sidestart|p1: HaveniteRaven|Spikes
|
|upkeep
|turn|8
|
|t:|1662811709
|cant|p1a: Volcanion|par
|move|p2a: Sperm thing|Taunt|p1a: Volcanion
|-start|p1a: Volcanion|move: Taunt
|
|-sideend|p1: HaveniteRaven|Reflect
|upkeep
|turn|9
|
|t:|1662811714
|move|p1a: Volcanion|Flame Charge|p2a: Sperm thing
|-damage|p2a: Sperm thing|30/100
|-boost|p1a: Volcanion|spe|1
|move|p2a: Sperm thing|Thunder Wave|p1a: Volcanion
|-fail|p1a: Volcanion|par
|
|upkeep
|turn|10
|
|t:|1662811722
|cant|p1a: Volcanion|par
|move|p2a: Sperm thing|Taunt||[still]
|-fail|p2a: Sperm thing
|
|upkeep
|turn|11
|
|t:|1662811726
|move|p1a: Volcanion|Flame Charge|p2a: Sperm thing
|-damage|p2a: Sperm thing|16/100
|-boost|p1a: Volcanion|spe|1
|move|p2a: Sperm thing|Taunt||[still]
|-fail|p2a: Sperm thing
|
|-end|p1a: Volcanion|move: Taunt
|upkeep
|turn|12
|
|t:|1662811734
|move|p1a: Volcanion|Flamethrower|p2a: Sperm thing
|-damage|p2a: Sperm thing|0 fnt
|faint|p2a: Sperm thing
|
|upkeep
|
|t:|1662811737
|switch|p2a: Jaw|Crawdaunt, M|100/100
|turn|13
|
|t:|1662811741
|cant|p1a: Volcanion|par
|move|p2a: Jaw|Knock Off|p1a: Volcanion
|-damage|p1a: Volcanion|11/100 par
|-enditem|p1a: Volcanion|Weakness Policy|[from] move: Knock Off|[of] p2a: Jaw
|-damage|p2a: Jaw|91/100|[from] item: Life Orb
|
|upkeep
|turn|14
|
|t:|1662811748
|move|p1a: Volcanion|Steam Eruption|p2a: Jaw
|-resisted|p2a: Jaw
|-damage|p2a: Jaw|37/100
|move|p2a: Jaw|Knock Off|p1a: Volcanion
|-damage|p1a: Volcanion|0 fnt
|faint|p1a: Volcanion
|-damage|p2a: Jaw|27/100|[from] item: Life Orb
|
|upkeep
|
|t:|1662811764
|switch|p1a: Grimmsnarl|Grimmsnarl, M, shiny|100/100
|-damage|p1a: Grimmsnarl|88/100|[from] Stealth Rock
|-damage|p1a: Grimmsnarl|63/100|[from] Spikes
|turn|15
|j| AnJian
|j| trumps convoy
|j| Mr.Hephaestus
|inactive|Pok et glace has 120 seconds left.
|
|t:|1662811820
|move|p1a: Grimmsnarl|Reflect|p1a: Grimmsnarl
|-sidestart|p1: HaveniteRaven|Reflect
|move|p2a: Jaw|Crabhammer|p1a: Grimmsnarl|[miss]
|-miss|p2a: Jaw|p1a: Grimmsnarl
|
|upkeep
|turn|16
|
|t:|1662811827
|move|p1a: Grimmsnarl|Sucker Punch|p2a: Jaw
|-resisted|p2a: Jaw
|-damage|p2a: Jaw|7/100
|move|p2a: Jaw|Crabhammer|p1a: Grimmsnarl
|-damage|p1a: Grimmsnarl|13/100
|-damage|p2a: Jaw|0 fnt|[from] item: Life Orb
|faint|p2a: Jaw
|
|upkeep
|
|t:|1662811834
|switch|p2a: Hair|Weavile, F|100/100
|turn|17
|
|t:|1662811839
|move|p2a: Hair|Ice Shard|p1a: Grimmsnarl
|-damage|p1a: Grimmsnarl|0 fnt
|faint|p1a: Grimmsnarl
|-damage|p2a: Hair|91/100|[from] item: Life Orb
|
|upkeep
|
|t:|1662811851
|switch|p1a: Dragapult|Dragapult, M, shiny|100/100
|-damage|p1a: Dragapult|88/100|[from] Stealth Rock
|-damage|p1a: Dragapult|63/100|[from] Spikes
|turn|18
|inactive|Pok et glace has 90 seconds left.
|c|☆HaveniteRaven|to the people watching, I'm sorry this guy is so slow
|
|t:|1662811890
|move|p2a: Hair|Ice Shard|p1a: Dragapult
|-supereffective|p1a: Dragapult
|-damage|p1a: Dragapult|29/100
|-enditem|p1a: Dragapult|Weakness Policy
|-boost|p1a: Dragapult|atk|2|[from] item: Weakness Policy
|-boost|p1a: Dragapult|spa|2|[from] item: Weakness Policy
|-damage|p2a: Hair|81/100|[from] item: Life Orb
|move|p1a: Dragapult|Will-O-Wisp|p2a: Hair
|-status|p2a: Hair|brn
|
|-damage|p2a: Hair|75/100 brn|[from] brn
|upkeep
|turn|19
|c|☆HaveniteRaven|or girl
|c|☆Pok et glace|stfu
|inactive|Pok et glace has 90 seconds left.
|c|☆HaveniteRaven|U
|
|t:|1662811914
|move|p2a: Hair|Knock Off|p1a: Dragapult
|-supereffective|p1a: Dragapult
|-damage|p1a: Dragapult|3/100
|-damage|p2a: Hair|65/100 brn|[from] item: Life Orb
|move|p1a: Dragapult|Dragon Dance|p1a: Dragapult
|-boost|p1a: Dragapult|atk|1
|-boost|p1a: Dragapult|spe|1
|
|-damage|p2a: Hair|59/100 brn|[from] brn
|upkeep
|turn|20
|
|t:|1662811924
|move|p2a: Hair|Ice Shard|p1a: Dragapult
|-supereffective|p1a: Dragapult
|-damage|p1a: Dragapult|0 fnt
|faint|p1a: Dragapult
|-damage|p2a: Hair|49/100 brn|[from] item: Life Orb
|
|-damage|p2a: Hair|42/100 brn|[from] brn
|upkeep
|
|t:|1662811932
|switch|p1a: Blaziken|Blaziken, M, shiny|100/100
|-damage|p1a: Blaziken|88/100|[from] Stealth Rock
|-damage|p1a: Blaziken|63/100|[from] Spikes
|turn|21
|
|t:|1662811937
|move|p2a: Hair|Triple Axel|p1a: Blaziken
|-resisted|p1a: Blaziken
|-damage|p1a: Blaziken|61/100
|-resisted|p1a: Blaziken
|-damage|p1a: Blaziken|56/100
|-resisted|p1a: Blaziken
|-damage|p1a: Blaziken|49/100
|-hitcount|p1a: Blaziken|3
|-damage|p2a: Hair|33/100 brn|[from] item: Life Orb
|move|p1a: Blaziken|Swords Dance|p1a: Blaziken
|-boost|p1a: Blaziken|atk|2
|
|-damage|p2a: Hair|26/100 brn|[from] brn
|-ability|p1a: Blaziken|Speed Boost|boost
|-boost|p1a: Blaziken|spe|1
|upkeep
|turn|22
|inactive|Pok et glace has 90 seconds left.
|
|t:|1662811953
|switch|p2a: Blacephalon|Blacephalon|100/100
|move|p1a: Blaziken|Knock Off|p2a: Blacephalon
|-supereffective|p2a: Blacephalon
|-damage|p2a: Blacephalon|0 fnt
|-enditem|p2a: Blacephalon|Choice Scarf|[from] move: Knock Off|[of] p1a: Blaziken
|faint|p2a: Blacephalon
|-damage|p1a: Blaziken|39/100|[from] item: Life Orb
|
|-sideend|p1: HaveniteRaven|Reflect
|-ability|p1a: Blaziken|Speed Boost|boost
|-boost|p1a: Blaziken|spe|1
|upkeep
|inactive|Pok et glace has 90 seconds left.
|
|t:|1662811970
|switch|p2a: Bod|Celesteela|100/100
|turn|23
|
|t:|1662811975
|switch|p2a: Garchomp|Garchomp, M|100/100
|move|p1a: Blaziken|High Jump Kick|p2a: Garchomp
|-damage|p2a: Garchomp|0 fnt
|-damage|p1a: Blaziken|27/100|[from] ability: Rough Skin|[of] p2a: Garchomp
|faint|p2a: Garchomp
|-damage|p1a: Blaziken|17/100|[from] item: Life Orb
|
|-ability|p1a: Blaziken|Speed Boost|boost
|-boost|p1a: Blaziken|spe|1
|upkeep
|inactive|Pok et glace has 90 seconds left.
|
|t:|1662811982
|switch|p2a: Hair|Weavile, F|26/100 brn
|turn|24
|inactive|Pok et glace has 90 seconds left.
|
|t:|1662812002
|move|p2a: Hair|Ice Shard|p1a: Blaziken
|-resisted|p1a: Blaziken
|-damage|p1a: Blaziken|7/100
|-damage|p2a: Hair|17/100 brn|[from] item: Life Orb
|move|p1a: Blaziken|Knock Off|p2a: Hair
|-resisted|p2a: Hair
|-damage|p2a: Hair|0 fnt
|-enditem|p2a: Hair|Life Orb|[from] move: Knock Off|[of] p1a: Blaziken
|faint|p2a: Hair
|-damage|p1a: Blaziken|0 fnt|[from] item: Life Orb
|faint|p1a: Blaziken
|
|upkeep
|
|t:|1662812013
|switch|p2a: Bod|Celesteela|100/100
|switch|p1a: Jirachi|Jirachi, shiny|100/100
|-damage|p1a: Jirachi|94/100|[from] Stealth Rock
|-damage|p1a: Jirachi|70/100|[from] Spikes
|turn|25
|
|t:|1662812019
|move|p1a: Jirachi|Charge Beam|p2a: Bod
|-supereffective|p2a: Bod
|-damage|p2a: Bod|72/100
|-boost|p1a: Jirachi|spa|1
|move|p2a: Bod|Autotomize|p2a: Bod
|-boost|p2a: Bod|spe|2
|-start|p2a: Bod|Autotomize
|
|upkeep
|turn|26
|
|t:|1662812027
|move|p2a: Bod|Fire Blast|p1a: Jirachi
|-supereffective|p1a: Jirachi
|-damage|p1a: Jirachi|0 fnt
|faint|p1a: Jirachi
|-ability|p2a: Bod|Beast Boost|boost
|-boost|p2a: Bod|spa|1
|
|upkeep
|
|t:|1662812033
|switch|p1a: Zapdos|Zapdos, shiny|100/100
|-damage|p1a: Zapdos|75/100|[from] Stealth Rock
|turn|27
|
|t:|1662812037
|move|p2a: Bod|Meteor Beam||[still]
|-prepare|p2a: Bod|Meteor Beam
|-boost|p2a: Bod|spa|1
|-enditem|p2a: Bod|Power Herb
|-anim|p2a: Bod|Meteor Beam|p1a: Zapdos
|-supereffective|p1a: Zapdos
|-damage|p1a: Zapdos|0 fnt
|faint|p1a: Zapdos
|
|win|Pok et glace
|raw|HaveniteRaven's rating: 1781 &rarr; <strong>1761</strong><br />(-20 for losing)
|raw|Pok et glace's rating: 1777 &rarr; <strong>1797</strong><br />(+20 for winning)
|c|☆Pok et glace|gg
|c|☆HaveniteRaven|there you go lad
|c|☆HaveniteRaven|gg
|l| trumps convoy
|l|☆Pok et glace
|l|☆HaveniteRaven
|l| AnJian
||Ladder isn't responding, score probably updated but might not have (Request timeout).
