|j|☆i'm back from mars
|j|☆toomenator
|t:|1634322232
|gametype|singles
|player|p1|i'm back from mars|dawn|1887
|player|p2|toomenator|265|1785
|teamsize|p1|6
|teamsize|p2|6
|gen|8
|tier|[Gen 8] OU
|rated|
|rule|Sleep Clause Mod: Limit one foe put to sleep
|rule|Species Clause: Limit one of each Pokémon
|rule|OHKO Clause: OHKO moves are banned
|rule|Evasion Moves Clause: Evasion moves are banned
|rule|Endless Battle Clause: Forcing endless battles is banned
|rule|HP Percentage Mod: HP is shown in percentages
|rule|Dynamax Clause: You cannot dynamax
|clearpoke
|poke|p1|Shedinja|
|poke|p1|Skarmory, F|
|poke|p1|Gastrodon, F|
|poke|p1|Toxapex, F|
|poke|p1|Clefable, F|
|poke|p1|Hydreigon, M|
|poke|p2|Tapu Koko|
|poke|p2|Hawlucha, F|
|poke|p2|Victini|
|poke|p2|Garchomp, M|
|poke|p2|Melmetal|
|poke|p2|Volcanion|
|teampreview
|j| FinesserOaksLab
|inactive|Battle timer is ON: inactive players will automatically lose when time's up. (requested by toomenator)
|
|t:|1634322252
|start
|switch|p1a: Toxapex|Toxapex, F|100/100
|switch|p2a: Victini|Victini|100/100
|turn|1
|j| NPC666
|
|t:|1634322270
|switch|p1a: Gastrodon|Gastrodon, F|100/100
|move|p2a: Victini|Trick|p1a: Gastrodon
|-immune|p1a: Gastrodon
|
|upkeep
|turn|2
|j| stallisforgamers69
|
|t:|1634322293
|switch|p2a: Garchomp|Garchomp, M|100/100
|move|p1a: Gastrodon|Toxic|p2a: Garchomp
|-status|p2a: Garchomp|tox
|
|-damage|p2a: Garchomp|94/100 tox|[from] psn
|upkeep
|turn|3
|
|t:|1634322299
|switch|p1a: Skarmory|Skarmory, F|100/100
|move|p2a: Garchomp|Stealth Rock|p1a: Skarmory
|-sidestart|p1: i'm back from mars|move: Stealth Rock
|
|-heal|p2a: Garchomp|100/100 tox|[from] item: Leftovers
|-damage|p2a: Garchomp|88/100 tox|[from] psn
|upkeep
|turn|4
|
|t:|1634322312
|switch|p2a: Volcanion|Volcanion|100/100
|move|p1a: Skarmory|Defog|p2a: Volcanion
|-unboost|p2a: Volcanion|evasion|1
|-sideend|p1: i'm back from mars|Stealth Rock|[from] move: Defog|[of] p1a: Skarmory
|
|upkeep
|turn|5
|
|t:|1634322315
|switch|p1a: Toxapex|Toxapex, F|100/100
|move|p2a: Volcanion|Flamethrower|p1a: Toxapex
|-resisted|p1a: Toxapex
|-damage|p1a: Toxapex|82/100
|-status|p1a: Toxapex|brn
|
|-damage|p1a: Toxapex|75/100 brn|[from] brn
|upkeep
|turn|6
|
|t:|1634322320
|switch|p2a: Melmetal|Melmetal|100/100
|move|p1a: Toxapex|Knock Off|p2a: Melmetal
|-damage|p2a: Melmetal|96/100
|-enditem|p2a: Melmetal|Choice Band|[from] move: Knock Off|[of] p1a: Toxapex
|
|-damage|p1a: Toxapex|69/100 brn|[from] brn
|upkeep
|turn|7
|
|t:|1634322327
|switch|p1a: Shedinja|Shedinja|100/100
|move|p2a: Melmetal|Earthquake|p1a: Shedinja
|-immune|p1a: Shedinja|[from] ability: Wonder Guard
|
|upkeep
|turn|8
|
|t:|1634322334
|switch|p1a: Toxapex|Toxapex, F|100/100 brn
|switch|p2a: Volcanion|Volcanion|100/100
|
|-damage|p1a: Toxapex|94/100 brn|[from] brn
|upkeep
|turn|9
|
|t:|1634322338
|move|p2a: Volcanion|Earth Power|p1a: Toxapex
|-supereffective|p1a: Toxapex
|-damage|p1a: Toxapex|40/100 brn
|move|p1a: Toxapex|Toxic|p2a: Volcanion
|-status|p2a: Volcanion|tox
|
|-damage|p2a: Volcanion|94/100 tox|[from] psn
|-damage|p1a: Toxapex|33/100 brn|[from] brn
|upkeep
|turn|10
|l| FinesserOaksLab
|j| FinesserOaksLab
|
|t:|1634322344
|switch|p1a: Gastrodon|Gastrodon, F|100/100
|move|p2a: Volcanion|Earth Power|p1a: Gastrodon
|-damage|p1a: Gastrodon|80/100
|
|-heal|p1a: Gastrodon|86/100|[from] item: Leftovers
|-damage|p2a: Volcanion|82/100 tox|[from] psn
|upkeep
|turn|11
|
|t:|1634322352
|switch|p2a: Garchomp|Garchomp, M|88/100 tox
|move|p1a: Gastrodon|Scald|p2a: Garchomp
|-damage|p2a: Garchomp|60/100 tox
|
|-heal|p2a: Garchomp|66/100 tox|[from] item: Leftovers
|-heal|p1a: Gastrodon|93/100|[from] item: Leftovers
|-damage|p2a: Garchomp|60/100 tox|[from] psn
|upkeep
|turn|12
|
|t:|1634322362
|switch|p1a: Skarmory|Skarmory, F|100/100
|move|p2a: Garchomp|Stealth Rock|p1a: Skarmory
|-sidestart|p1: i'm back from mars|move: Stealth Rock
|
|-heal|p2a: Garchomp|66/100 tox|[from] item: Leftovers
|-damage|p2a: Garchomp|54/100 tox|[from] psn
|upkeep
|turn|13
|
|t:|1634322367
|switch|p2a: Victini|Victini|100/100
|move|p1a: Skarmory|Defog|p2a: Victini
|-unboost|p2a: Victini|evasion|1
|-sideend|p1: i'm back from mars|Stealth Rock|[from] move: Defog|[of] p1a: Skarmory
|
|upkeep
|turn|14
|l| stallisforgamers69
|
|t:|1634322384
|switch|p1a: Toxapex|Toxapex, F|67/100 brn
|move|p2a: Victini|V-create|p1a: Toxapex
|-resisted|p1a: Toxapex
|-damage|p1a: Toxapex|44/100 brn
|-unboost|p2a: Victini|spe|1
|-unboost|p2a: Victini|def|1
|-unboost|p2a: Victini|spd|1
|-damage|p2a: Victini|84/100|[from] item: Rocky Helmet|[of] p1a: Toxapex
|
|-damage|p1a: Toxapex|38/100 brn|[from] brn
|upkeep
|turn|15
|l| FinesserOaksLab
|
|t:|1634322396
|switch|p2a: Tapu Koko|Tapu Koko|100/100
|-fieldstart|move: Electric Terrain|[from] ability: Electric Surge|[of] p2a: Tapu Koko
|move|p1a: Toxapex|Recover|p1a: Toxapex
|-heal|p1a: Toxapex|88/100 brn
|
|-damage|p1a: Toxapex|82/100 brn|[from] brn
|upkeep
|turn|16
|
|t:|1634322403
|switch|p2a: Hawlucha|Hawlucha, F|100/100
|-enditem|p2a: Hawlucha|Electric Seed
|-boost|p2a: Hawlucha|def|1|[from] item: Electric Seed
|switch|p1a: Shedinja|Shedinja|100/100
|
|upkeep
|turn|17
|
|t:|1634322406
|switch|p1a: Clefable|Clefable, F|100/100
|move|p2a: Hawlucha|Substitute|p2a: Hawlucha
|-start|p2a: Hawlucha|Substitute
|-damage|p2a: Hawlucha|76/100
|
|upkeep
|turn|18
|
|t:|1634322411
|move|p2a: Hawlucha|Acrobatics|p1a: Clefable
|-damage|p1a: Clefable|62/100
|move|p1a: Clefable|Moonblast|p2a: Hawlucha
|-supereffective|p2a: Hawlucha
|-end|p2a: Hawlucha|Substitute
|
|-heal|p1a: Clefable|69/100|[from] item: Leftovers
|upkeep
|turn|19
|
|t:|1634322416
|move|p2a: Hawlucha|Acrobatics|p1a: Clefable
|-damage|p1a: Clefable|27/100
|move|p1a: Clefable|Soft-Boiled|p1a: Clefable
|-heal|p1a: Clefable|77/100
|
|-heal|p1a: Clefable|83/100|[from] item: Leftovers
|-fieldend|move: Electric Terrain
|upkeep
|turn|20
|
|t:|1634322420
|move|p2a: Hawlucha|Acrobatics|p1a: Clefable
|-damage|p1a: Clefable|45/100
|move|p1a: Clefable|Soft-Boiled|p1a: Clefable
|-heal|p1a: Clefable|95/100
|
|-heal|p1a: Clefable|100/100|[from] item: Leftovers
|upkeep
|turn|21
|
|t:|1634322423
|move|p2a: Hawlucha|Acrobatics|p1a: Clefable
|-damage|p1a: Clefable|61/100
|move|p1a: Clefable|Moonblast|p2a: Hawlucha
|-supereffective|p2a: Hawlucha
|-damage|p2a: Hawlucha|0 fnt
|faint|p2a: Hawlucha
|
|-heal|p1a: Clefable|68/100|[from] item: Leftovers
|upkeep
|
|t:|1634322427
|switch|p2a: Victini|Victini|84/100
|turn|22
|
|t:|1634322432
|switch|p1a: Toxapex|Toxapex, F|100/100 brn
|move|p2a: Victini|V-create|p1a: Toxapex
|-resisted|p1a: Toxapex
|-damage|p1a: Toxapex|79/100 brn
|-unboost|p2a: Victini|spe|1
|-unboost|p2a: Victini|def|1
|-unboost|p2a: Victini|spd|1
|-damage|p2a: Victini|67/100|[from] item: Rocky Helmet|[of] p1a: Toxapex
|
|-damage|p1a: Toxapex|73/100 brn|[from] brn
|upkeep
|turn|23
|-message|toomenator forfeited.
|
|win|i'm back from mars
|raw|i&apos;m back from mars's rating: 1887 &rarr; <strong>1901</strong><br />(+14 for winning)
|raw|toomenator's rating: 1785 &rarr; <strong>1771</strong><br />(-14 for losing)
|l|☆toomenator
