|j|☆Sadriver
|j|☆Wheezer
|t:|1630961960
|gametype|singles
|player|p1|Sadriver|ghetsis|1581
|player|p2|Wheezer|petrel|1604
|teamsize|p1|6
|teamsize|p2|6
|gen|8
|tier|[Gen 8] OU
|rated|
|rule|Sleep Clause Mod: Limit one foe put to sleep
|rule|Species Clause: Limit one of each Pokémon
|rule|OHKO Clause: OHKO moves are banned
|rule|Evasion Moves Clause: Evasion moves are banned
|rule|Endless Battle Clause: Forcing endless battles is banned
|rule|HP Percentage Mod: HP is shown in percentages
|rule|Dynamax Clause: You cannot dynamax
|clearpoke
|poke|p1|Torkoal, M|
|poke|p1|Clefable, F|
|poke|p1|Tyranitar, M|
|poke|p1|Blaziken, M|
|poke|p1|Venusaur, M|
|poke|p1|Corviknight, M|
|poke|p2|Venusaur, M|
|poke|p2|Torkoal, M|
|poke|p2|Tapu Lele|
|poke|p2|Porygon-Z|
|poke|p2|Kartana|
|poke|p2|Suicune|
|teampreview
|
|t:|1630962006
|start
|switch|p1a: Rootroot|Venusaur, M, shiny|100/100
|switch|p2a: Kartana|Kartana|100/100
|turn|1
|
|t:|1630962021
|move|p2a: Kartana|Knock Off|p1a: Rootroot
|-damage|p1a: Rootroot|47/100
|-enditem|p1a: Rootroot|Life Orb|[from] move: Knock Off|[of] p2a: Kartana
|move|p1a: Rootroot|Earth Power|p2a: Kartana
|-crit|p2a: Kartana
|-damage|p2a: Kartana|0 fnt
|faint|p2a: Kartana
|
|upkeep
|inactive|Battle timer is ON: inactive players will automatically lose when time's up. (requested by Sadriver)
|inactive|Wheezer has 120 seconds left.
|
|t:|1630962064
|switch|p2a: Porygon-Z|Porygon-Z|100/100
|-ability|p2a: Porygon-Z|Download|boost
|-boost|p2a: Porygon-Z|atk|1
|turn|2
|
|t:|1630962068
|switch|p1a: Godzilla|Tyranitar, M, shiny|100/100
|-weather|Sandstorm|[from] ability: Sand Stream|[of] p1a: Godzilla
|move|p2a: Porygon-Z|Nasty Plot|p2a: Porygon-Z
|-boost|p2a: Porygon-Z|spa|2
|
|-weather|Sandstorm|[upkeep]
|-damage|p2a: Porygon-Z|94/100|[from] Sandstorm
|upkeep
|turn|3
|
|t:|1630962076
|move|p2a: Porygon-Z|Thunderbolt|p1a: Godzilla
|-damage|p1a: Godzilla|80/100
|move|p1a: Godzilla|Stone Edge|p2a: Porygon-Z
|-damage|p2a: Porygon-Z|24/100
|
|-weather|Sandstorm|[upkeep]
|-damage|p2a: Porygon-Z|18/100|[from] Sandstorm
|upkeep
|turn|4
|
|t:|1630962081
|move|p2a: Porygon-Z|Thunderbolt|p1a: Godzilla
|-damage|p1a: Godzilla|60/100
|move|p1a: Godzilla|Earthquake|p2a: Porygon-Z
|-damage|p2a: Porygon-Z|0 fnt
|faint|p2a: Porygon-Z
|
|-weather|Sandstorm|[upkeep]
|upkeep
|
|t:|1630962085
|switch|p2a: Suicune|Suicune|100/100
|-ability|p2a: Suicune|Pressure
|turn|5
|
|t:|1630962099
|switch|p1a: Rootroot|Venusaur, M, shiny|47/100
|move|p2a: Suicune|Substitute|p2a: Suicune
|-start|p2a: Suicune|Substitute
|-damage|p2a: Suicune|75/100
|
|-weather|Sandstorm|[upkeep]
|-damage|p2a: Suicune|69/100|[from] Sandstorm
|-damage|p1a: Rootroot|41/100|[from] Sandstorm
|-heal|p2a: Suicune|75/100|[from] item: Leftovers
|upkeep
|turn|6
|
|t:|1630962103
|move|p2a: Suicune|Scald|p1a: Rootroot
|-resisted|p1a: Rootroot
|-damage|p1a: Rootroot|26/100
|move|p1a: Rootroot|Giga Drain|p2a: Suicune
|-supereffective|p2a: Suicune
|-end|p2a: Suicune|Substitute
|-heal|p1a: Rootroot|43/100|[from] drain|[of] p2a: Suicune
|
|-weather|none
|-heal|p2a: Suicune|82/100|[from] item: Leftovers
|upkeep
|turn|7
|
|t:|1630962109
|move|p2a: Suicune|Protect|p2a: Suicune
|-singleturn|p2a: Suicune|Protect
|move|p1a: Rootroot|Giga Drain|p2a: Suicune
|-activate|p2a: Suicune|move: Protect
|
|-heal|p2a: Suicune|88/100|[from] item: Leftovers
|upkeep
|turn|8
|
|t:|1630962113
|move|p2a: Suicune|Substitute|p2a: Suicune
|-start|p2a: Suicune|Substitute
|-damage|p2a: Suicune|63/100
|move|p1a: Rootroot|Giga Drain|p2a: Suicune
|-supereffective|p2a: Suicune
|-end|p2a: Suicune|Substitute
|-heal|p1a: Rootroot|60/100|[from] drain|[of] p2a: Suicune
|
|-heal|p2a: Suicune|69/100|[from] item: Leftovers
|upkeep
|turn|9
|
|t:|1630962134
|move|p2a: Suicune|Protect|p2a: Suicune
|-singleturn|p2a: Suicune|Protect
|move|p1a: Rootroot|Earth Power|p2a: Suicune
|-activate|p2a: Suicune|move: Protect
|
|-heal|p2a: Suicune|75/100|[from] item: Leftovers
|upkeep
|turn|10
|
|t:|1630962142
|move|p2a: Suicune|Substitute|p2a: Suicune
|-start|p2a: Suicune|Substitute
|-damage|p2a: Suicune|50/100
|move|p1a: Rootroot|Giga Drain|p2a: Suicune
|-supereffective|p2a: Suicune
|-end|p2a: Suicune|Substitute
|-heal|p1a: Rootroot|77/100|[from] drain|[of] p2a: Suicune
|
|-heal|p2a: Suicune|56/100|[from] item: Leftovers
|upkeep
|turn|11
|
|t:|1630962154
|move|p2a: Suicune|Protect|p2a: Suicune
|-singleturn|p2a: Suicune|Protect
|move|p1a: Rootroot|Earth Power|p2a: Suicune
|-activate|p2a: Suicune|move: Protect
|
|-heal|p2a: Suicune|63/100|[from] item: Leftovers
|upkeep
|turn|12
|
|t:|1630962158
|move|p2a: Suicune|Substitute|p2a: Suicune
|-start|p2a: Suicune|Substitute
|-damage|p2a: Suicune|38/100
|move|p1a: Rootroot|Giga Drain|p2a: Suicune
|-supereffective|p2a: Suicune
|-end|p2a: Suicune|Substitute
|-heal|p1a: Rootroot|94/100|[from] drain|[of] p2a: Suicune
|
|-heal|p2a: Suicune|44/100|[from] item: Leftovers
|upkeep
|turn|13
|
|t:|1630962161
|move|p2a: Suicune|Calm Mind|p2a: Suicune
|-boost|p2a: Suicune|spa|1
|-boost|p2a: Suicune|spd|1
|move|p1a: Rootroot|Earth Power|p2a: Suicune
|-crit|p2a: Suicune
|-damage|p2a: Suicune|12/100
|
|-heal|p2a: Suicune|18/100|[from] item: Leftovers
|upkeep
|turn|14
|
|t:|1630962168
|move|p2a: Suicune|Protect|p2a: Suicune
|-singleturn|p2a: Suicune|Protect
|move|p1a: Rootroot|Giga Drain|p2a: Suicune
|-activate|p2a: Suicune|move: Protect
|
|-heal|p2a: Suicune|24/100|[from] item: Leftovers
|upkeep
|turn|15
|
|t:|1630962172
|move|p2a: Suicune|Protect|p2a: Suicune
|-singleturn|p2a: Suicune|Protect
|move|p1a: Rootroot|Giga Drain|p2a: Suicune
|-activate|p2a: Suicune|move: Protect
|
|-heal|p2a: Suicune|30/100|[from] item: Leftovers
|upkeep
|turn|16
|
|t:|1630962176
|move|p2a: Suicune|Substitute|p2a: Suicune
|-start|p2a: Suicune|Substitute
|-damage|p2a: Suicune|5/100
|move|p1a: Rootroot|Earth Power|p2a: Suicune
|-activate|p2a: Suicune|move: Substitute|[damage]
|
|-heal|p2a: Suicune|12/100|[from] item: Leftovers
|upkeep
|turn|17
|
|t:|1630962179
|move|p2a: Suicune|Protect|p2a: Suicune
|-singleturn|p2a: Suicune|Protect
|move|p1a: Rootroot|Earth Power|p2a: Suicune
|-activate|p2a: Suicune|move: Protect
|
|-heal|p2a: Suicune|18/100|[from] item: Leftovers
|upkeep
|turn|18
|
|t:|1630962181
|move|p2a: Suicune|Calm Mind|p2a: Suicune
|-boost|p2a: Suicune|spa|1
|-boost|p2a: Suicune|spd|1
|move|p1a: Rootroot|Earth Power|p2a: Suicune
|-end|p2a: Suicune|Substitute
|
|-heal|p2a: Suicune|24/100|[from] item: Leftovers
|upkeep
|turn|19
|
|t:|1630962184
|move|p2a: Suicune|Protect|p2a: Suicune
|-singleturn|p2a: Suicune|Protect
|move|p1a: Rootroot|Growth|p1a: Rootroot
|-boost|p1a: Rootroot|atk|1
|-boost|p1a: Rootroot|spa|1
|
|-heal|p2a: Suicune|30/100|[from] item: Leftovers
|upkeep
|turn|20
|
|t:|1630962187
|move|p2a: Suicune|Substitute|p2a: Suicune
|-start|p2a: Suicune|Substitute
|-damage|p2a: Suicune|5/100
|move|p1a: Rootroot|Earth Power|p2a: Suicune
|-activate|p2a: Suicune|move: Substitute|[damage]
|
|-heal|p2a: Suicune|11/100|[from] item: Leftovers
|upkeep
|turn|21
|
|t:|1630962191
|move|p2a: Suicune|Calm Mind|p2a: Suicune
|-boost|p2a: Suicune|spa|1
|-boost|p2a: Suicune|spd|1
|move|p1a: Rootroot|Growth|p1a: Rootroot
|-boost|p1a: Rootroot|atk|1
|-boost|p1a: Rootroot|spa|1
|
|-heal|p2a: Suicune|18/100|[from] item: Leftovers
|upkeep
|turn|22
|
|t:|1630962193
|move|p2a: Suicune|Calm Mind|p2a: Suicune
|-boost|p2a: Suicune|spa|1
|-boost|p2a: Suicune|spd|1
|move|p1a: Rootroot|Growth|p1a: Rootroot
|-boost|p1a: Rootroot|atk|1
|-boost|p1a: Rootroot|spa|1
|
|-heal|p2a: Suicune|24/100|[from] item: Leftovers
|upkeep
|turn|23
|
|t:|1630962195
|move|p2a: Suicune|Calm Mind|p2a: Suicune
|-boost|p2a: Suicune|spa|1
|-boost|p2a: Suicune|spd|1
|move|p1a: Rootroot|Earth Power|p2a: Suicune
|-end|p2a: Suicune|Substitute
|
|-heal|p2a: Suicune|30/100|[from] item: Leftovers
|upkeep
|turn|24
|
|t:|1630962202
|move|p2a: Suicune|Substitute|p2a: Suicune
|-start|p2a: Suicune|Substitute
|-damage|p2a: Suicune|5/100
|move|p1a: Rootroot|Weather Ball|p2a: Suicune
|-activate|p2a: Suicune|move: Substitute|[damage]
|
|-heal|p2a: Suicune|11/100|[from] item: Leftovers
|upkeep
|turn|25
|
|t:|1630962205
|move|p2a: Suicune|Protect|p2a: Suicune
|-singleturn|p2a: Suicune|Protect
|move|p1a: Rootroot|Weather Ball|p2a: Suicune
|-activate|p2a: Suicune|move: Protect
|
|-heal|p2a: Suicune|17/100|[from] item: Leftovers
|upkeep
|turn|26
|
|t:|1630962207
|move|p2a: Suicune|Calm Mind|p2a: Suicune
|-boost|p2a: Suicune|spa|1
|-boost|p2a: Suicune|spd|1
|move|p1a: Rootroot|Weather Ball|p2a: Suicune
|-activate|p2a: Suicune|move: Substitute|[damage]
|
|-heal|p2a: Suicune|24/100|[from] item: Leftovers
|upkeep
|turn|27
|
|t:|1630962210
|move|p2a: Suicune|Protect|p2a: Suicune
|-singleturn|p2a: Suicune|Protect
|move|p1a: Rootroot|Weather Ball|p2a: Suicune
|-activate|p2a: Suicune|move: Protect
|
|-heal|p2a: Suicune|30/100|[from] item: Leftovers
|upkeep
|turn|28
|
|t:|1630962213
|move|p2a: Suicune|Scald|p1a: Rootroot
|-resisted|p1a: Rootroot
|-damage|p1a: Rootroot|36/100
|-status|p1a: Rootroot|brn
|move|p1a: Rootroot|Weather Ball|p2a: Suicune
|-activate|p2a: Suicune|move: Substitute|[damage]
|
|-heal|p2a: Suicune|36/100|[from] item: Leftovers
|-damage|p1a: Rootroot|30/100 brn|[from] brn
|upkeep
|turn|29
|
|t:|1630962219
|move|p2a: Suicune|Protect|p2a: Suicune
|-singleturn|p2a: Suicune|Protect
|move|p1a: Rootroot|Giga Drain|p2a: Suicune
|-activate|p2a: Suicune|move: Protect
|
|-heal|p2a: Suicune|42/100|[from] item: Leftovers
|-damage|p1a: Rootroot|24/100 brn|[from] brn
|upkeep
|turn|30
|
|t:|1630962223
|move|p2a: Suicune|Scald|p1a: Rootroot
|-resisted|p1a: Rootroot
|-damage|p1a: Rootroot|0 fnt
|faint|p1a: Rootroot
|
|-heal|p2a: Suicune|48/100|[from] item: Leftovers
|upkeep
|
|t:|1630962235
|switch|p1a: Godzilla|Tyranitar, M, shiny|60/100
|-weather|Sandstorm|[from] ability: Sand Stream|[of] p1a: Godzilla
|turn|31
|
|t:|1630962241
|move|p2a: Suicune|Scald|p1a: Godzilla
|-supereffective|p1a: Godzilla
|-damage|p1a: Godzilla|3/100
|move|p1a: Godzilla|Earthquake|p2a: Suicune
|-end|p2a: Suicune|Substitute
|
|-weather|Sandstorm|[upkeep]
|-damage|p2a: Suicune|42/100|[from] Sandstorm
|-heal|p2a: Suicune|48/100|[from] item: Leftovers
|upkeep
|turn|32
|
|t:|1630962246
|move|p2a: Suicune|Scald|p1a: Godzilla
|-supereffective|p1a: Godzilla
|-damage|p1a: Godzilla|0 fnt
|faint|p1a: Godzilla
|
|-weather|Sandstorm|[upkeep]
|-damage|p2a: Suicune|42/100|[from] Sandstorm
|-heal|p2a: Suicune|48/100|[from] item: Leftovers
|upkeep
|
|t:|1630962249
|switch|p1a: Master Ken|Blaziken, M, shiny|100/100
|turn|33
|
|t:|1630962252
|move|p1a: Master Ken|Protect|p1a: Master Ken
|-singleturn|p1a: Master Ken|Protect
|move|p2a: Suicune|Scald|p1a: Master Ken
|-activate|p1a: Master Ken|move: Protect
|
|-weather|Sandstorm|[upkeep]
|-damage|p2a: Suicune|42/100|[from] Sandstorm
|-damage|p1a: Master Ken|95/100|[from] Sandstorm
|-heal|p2a: Suicune|48/100|[from] item: Leftovers
|-ability|p1a: Master Ken|Speed Boost|boost
|-boost|p1a: Master Ken|spe|1
|upkeep
|turn|34
|
|t:|1630962258
|move|p1a: Master Ken|High Jump Kick|p2a: Suicune
|-damage|p2a: Suicune|0 fnt
|faint|p2a: Suicune
|-damage|p1a: Master Ken|85/100|[from] item: Life Orb
|
|-weather|Sandstorm|[upkeep]
|-damage|p1a: Master Ken|79/100|[from] Sandstorm
|-ability|p1a: Master Ken|Speed Boost|boost
|-boost|p1a: Master Ken|spe|1
|upkeep
|
|t:|1630962266
|switch|p2a: Torkoal|Torkoal, M|100/100
|-weather|SunnyDay|[from] ability: Drought|[of] p2a: Torkoal
|turn|35
|
|t:|1630962281
|switch|p1a: Franklin|Torkoal, M, shiny|100/100
|move|p2a: Torkoal|Yawn|p1a: Franklin
|-start|p1a: Franklin|move: Yawn|[of] p2a: Torkoal
|
|-weather|SunnyDay|[upkeep]
|upkeep
|turn|36
|
|t:|1630962285
|switch|p1a: Boo|Clefable, F, shiny|100/100
|move|p2a: Torkoal|Stealth Rock|p1a: Boo
|-sidestart|p1: Sadriver|move: Stealth Rock
|
|-weather|SunnyDay|[upkeep]
|upkeep
|turn|37
|
|t:|1630962293
|switch|p2a: Venusaur|Venusaur, M|100/100
|move|p1a: Boo|Teleport|p1a: Boo
|
|t:|1630962301
|switch|p1a: Raven|Corviknight, M, shiny|100/100|[from]move: Teleport
|-damage|p1a: Raven|88/100|[from] Stealth Rock
|-ability|p1a: Raven|Pressure
|
|-weather|SunnyDay|[upkeep]
|upkeep
|turn|38
|
|t:|1630962306
|move|p2a: Venusaur|Weather Ball|p1a: Raven
|-supereffective|p1a: Raven
|-damage|p1a: Raven|0 fnt
|faint|p1a: Raven
|-damage|p2a: Venusaur|91/100|[from] item: Life Orb
|
|-weather|SunnyDay|[upkeep]
|upkeep
|
|t:|1630962314
|switch|p1a: Boo|Clefable, F, shiny|100/100
|turn|39
|
|t:|1630962318
|move|p1a: Boo|Protect|p1a: Boo
|-singleturn|p1a: Boo|Protect
|move|p2a: Venusaur|Sludge Bomb|p1a: Boo
|-activate|p1a: Boo|move: Protect
|
|-weather|SunnyDay|[upkeep]
|upkeep
|turn|40
|
|t:|1630962333
|switch|p1a: Franklin|Torkoal, M, shiny|100/100
|-damage|p1a: Franklin|76/100|[from] Stealth Rock
|move|p2a: Venusaur|Growth|p2a: Venusaur
|-boost|p2a: Venusaur|atk|2
|-boost|p2a: Venusaur|spa|2
|
|-weather|SunnyDay|[upkeep]
|upkeep
|turn|41
|
|t:|1630962339
|move|p2a: Venusaur|Earth Power|p1a: Franklin
|-supereffective|p1a: Franklin
|-crit|p1a: Franklin
|-damage|p1a: Franklin|0 fnt
|faint|p1a: Franklin
|-damage|p2a: Venusaur|81/100|[from] item: Life Orb
|
|-weather|SunnyDay|[upkeep]
|upkeep
|
|t:|1630962345
|switch|p1a: Master Ken|Blaziken, M, shiny|79/100
|-damage|p1a: Master Ken|66/100|[from] Stealth Rock
|turn|42
|
|t:|1630962348
|move|p1a: Master Ken|Protect|p1a: Master Ken
|-singleturn|p1a: Master Ken|Protect
|move|p2a: Venusaur|Earth Power|p1a: Master Ken
|-activate|p1a: Master Ken|move: Protect
|
|-weather|none
|-ability|p1a: Master Ken|Speed Boost|boost
|-boost|p1a: Master Ken|spe|1
|upkeep
|turn|43
|
|t:|1630962352
|switch|p2a: Torkoal|Torkoal, M|100/100
|-weather|SunnyDay|[from] ability: Drought|[of] p2a: Torkoal
|move|p1a: Master Ken|High Jump Kick|p2a: Torkoal
|-damage|p2a: Torkoal|48/100
|-damage|p1a: Master Ken|56/100|[from] item: Life Orb
|
|-weather|SunnyDay|[upkeep]
|-ability|p1a: Master Ken|Speed Boost|boost
|-boost|p1a: Master Ken|spe|1
|upkeep
|turn|44
|c|☆Wheezer|i messed up
|c|☆Wheezer|lol
|
|t:|1630962364
|move|p1a: Master Ken|High Jump Kick|p2a: Torkoal
|-damage|p2a: Torkoal|0 fnt
|faint|p2a: Torkoal
|-damage|p1a: Master Ken|46/100|[from] item: Life Orb
|
|-weather|SunnyDay|[upkeep]
|-ability|p1a: Master Ken|Speed Boost|boost
|-boost|p1a: Master Ken|spe|1
|upkeep
|
|t:|1630962372
|switch|p2a: Venusaur|Venusaur, M|81/100
|turn|45
|
|t:|1630962381
|switch|p2a: Tapu Lele|Tapu Lele|100/100
|-fieldstart|move: Psychic Terrain|[from] ability: Psychic Surge|[of] p2a: Tapu Lele
|move|p1a: Master Ken|Flare Blitz|p2a: Tapu Lele
|-damage|p2a: Tapu Lele|0 fnt
|faint|p2a: Tapu Lele
|-damage|p1a: Master Ken|15/100|[from] Recoil
|-damage|p1a: Master Ken|5/100|[from] item: Life Orb
|
|-weather|SunnyDay|[upkeep]
|-ability|p1a: Master Ken|Speed Boost|boost
|-boost|p1a: Master Ken|spe|1
|upkeep
|
|t:|1630962383
|switch|p2a: Venusaur|Venusaur, M|81/100
|turn|46
|
|t:|1630962386
|move|p1a: Master Ken|Flare Blitz|p2a: Venusaur
|-supereffective|p2a: Venusaur
|-damage|p2a: Venusaur|0 fnt
|faint|p2a: Venusaur
|-damage|p1a: Master Ken|0 fnt|[from] Recoil
|faint|p1a: Master Ken
|
|win|Sadriver
|raw|Sadriver's rating: 1581 &rarr; <strong>1602</strong><br />(+21 for winning)
|raw|Wheezer's rating: 1604 &rarr; <strong>1583</strong><br />(-21 for losing)
|l|☆Wheezer
|l|☆Sadriver
||Ladder isn't responding, score probably updated but might not have (Request timeout).
|j|☆Sadriver
|player|p1|Sadriver|ghetsis
