|j|☆Run For Me Plz
|j|☆Libaa
|t:|1652629724
|gametype|singles
|player|p1|Run For Me Plz|pokemaniac-gen3|1715
|player|p2|Libaa|bianca-pwt|1802
|teamsize|p1|6
|teamsize|p2|6
|gen|8
|tier|[Gen 8] OU
|rated|
|rule|Sleep Clause Mod: Limit one foe put to sleep
|rule|Species Clause: Limit one of each Pokémon
|rule|OHKO Clause: OHKO moves are banned
|rule|Evasion Moves Clause: Evasion moves are banned
|rule|Endless Battle Clause: Forcing endless battles is banned
|rule|HP Percentage Mod: HP is shown in percentages
|rule|Dynamax Clause: You cannot dynamax
|clearpoke
|poke|p1|Rhyperior, M|
|poke|p1|Slowking, M|
|poke|p1|Buzzwole|
|poke|p1|Tornadus-Therian, M|
|poke|p1|Toxapex, F|
|poke|p1|Hippowdon, F|
|poke|p2|Tapu Lele|
|poke|p2|Aegislash, F|
|poke|p2|Landorus-Therian, M|
|poke|p2|Ferrothorn, M|
|poke|p2|Toxapex, F|
|poke|p2|Dragapult, F|
|teampreview
|inactive|Battle timer is ON: inactive players will automatically lose when time's up. (requested by Run For Me Plz)
|
|t:|1652629753
|start
|switch|p1a: Tornadus|Tornadus-Therian, M, shiny|100/100
|switch|p2a: Literally OU|Landorus-Therian, M|100/100
|-ability|p2a: Literally OU|Intimidate|boost
|-unboost|p1a: Tornadus|atk|1
|turn|1
|
|t:|1652629758
|move|p1a: Tornadus|Knock Off|p2a: Literally OU
|-damage|p2a: Literally OU|89/100
|-enditem|p2a: Literally OU|Leftovers|[from] move: Knock Off|[of] p1a: Tornadus
|move|p2a: Literally OU|Toxic|p1a: Tornadus
|-status|p1a: Tornadus|tox
|
|-damage|p1a: Tornadus|94/100 tox|[from] psn
|upkeep
|turn|2
|
|t:|1652629761
|move|p1a: Tornadus|Hurricane|p2a: Literally OU
|-damage|p2a: Literally OU|58/100
|move|p2a: Literally OU|U-turn|p1a: Tornadus
|-resisted|p1a: Tornadus
|-damage|p1a: Tornadus|83/100 tox
|
|t:|1652629766
|switch|p2a: Spærm kanon|Dragapult, F|100/100|[from]move: U-turn
|
|-damage|p1a: Tornadus|71/100 tox|[from] psn
|upkeep
|turn|3
|j| 8th Hokage Killua
|
|t:|1652629768
|switch|p1a: Toxapex|Toxapex, F, shiny|100/100
|move|p2a: Spærm kanon|U-turn|p1a: Toxapex
|-resisted|p1a: Toxapex
|-damage|p1a: Toxapex|94/100
|
|t:|1652629772
|switch|p2a: Spiki boi|Ferrothorn, M|100/100|[from]move: U-turn
|
|-heal|p1a: Toxapex|100/100|[from] item: Black Sludge
|upkeep
|turn|4
|
|t:|1652629775
|switch|p1a: Rhyperior|Rhyperior, M, shiny|100/100
|move|p2a: Spiki boi|Stealth Rock|p1a: Rhyperior
|-sidestart|p1: Run For Me Plz|move: Stealth Rock
|
|upkeep
|turn|5
|
|t:|1652629779
|move|p1a: Rhyperior|Heat Crash|p2a: Spiki boi
|-supereffective|p2a: Spiki boi
|-damage|p2a: Spiki boi|4/100
|-damage|p1a: Rhyperior|88/100|[from] ability: Iron Barbs|[of] p2a: Spiki boi
|move|p2a: Spiki boi|Leech Seed|p1a: Rhyperior
|-start|p1a: Rhyperior|move: Leech Seed
|
|-heal|p2a: Spiki boi|10/100|[from] item: Leftovers
|-damage|p1a: Rhyperior|76/100|[from] Leech Seed|[of] p2a: Spiki boi
|-heal|p2a: Spiki boi|24/100|[silent]
|upkeep
|turn|6
|
|t:|1652629784
|switch|p1a: Tornadus|Tornadus-Therian, M, shiny|100/100 tox
|switch|p2a: Spex|Toxapex, F|100/100
|
|-damage|p1a: Tornadus|94/100 tox|[from] psn
|upkeep
|turn|7
|
|t:|1652629789
|switch|p2a: Aegi|Aegislash, F|100/100
|move|p1a: Tornadus|Defog|p2a: Aegi
|-unboost|p2a: Aegi|evasion|1
|-sideend|p1: Run For Me Plz|Stealth Rock|[from] move: Defog|[of] p1a: Tornadus
|
|-damage|p1a: Tornadus|82/100 tox|[from] psn
|upkeep
|turn|8
|
|t:|1652629791
|move|p1a: Tornadus|Knock Off|p2a: Aegi
|-supereffective|p2a: Aegi
|-damage|p2a: Aegi|60/100
|-enditem|p2a: Aegi|Spell Tag|[from] move: Knock Off|[of] p1a: Tornadus
|-formechange|p2a: Aegi|Aegislash-Blade||[from] ability: Stance Change
|move|p2a: Aegi|Shadow Ball|p1a: Tornadus
|-damage|p1a: Tornadus|30/100 tox
|
|-damage|p1a: Tornadus|12/100 tox|[from] psn
|upkeep
|turn|9
|j| Greg Coupet
|
|t:|1652629797
|switch|p1a: Hippowdon|Hippowdon, F, shiny|100/100
|-weather|Sandstorm|[from] ability: Sand Stream|[of] p1a: Hippowdon
|-formechange|p2a: Aegi|Aegislash||[from] ability: Stance Change
|move|p2a: Aegi|King's Shield||[still]
|-fail|p2a: Aegi
|
|-weather|Sandstorm|[upkeep]
|upkeep
|turn|10
|
|t:|1652629801
|move|p2a: Aegi|Toxic|p1a: Hippowdon
|-status|p1a: Hippowdon|tox
|move|p1a: Hippowdon|Stealth Rock|p2a: Aegi
|-sidestart|p2: Libaa|move: Stealth Rock
|
|-weather|Sandstorm|[upkeep]
|-damage|p1a: Hippowdon|94/100 tox|[from] psn
|upkeep
|turn|11
|
|t:|1652629806
|move|p2a: Aegi|King's Shield|p2a: Aegi
|-singleturn|p2a: Aegi|Protect
|move|p1a: Hippowdon|Toxic|p2a: Aegi
|-immune|p2a: Aegi
|
|-weather|Sandstorm|[upkeep]
|-heal|p1a: Hippowdon|100/100 tox|[from] item: Leftovers
|-damage|p1a: Hippowdon|88/100 tox|[from] psn
|upkeep
|turn|12
|
|t:|1652629808
|-formechange|p2a: Aegi|Aegislash-Blade||[from] ability: Stance Change
|move|p2a: Aegi|Shadow Ball|p1a: Hippowdon
|-damage|p1a: Hippowdon|51/100 tox
|move|p1a: Hippowdon|Earthquake|p2a: Aegi
|-supereffective|p2a: Aegi
|-damage|p2a: Aegi|0 fnt
|faint|p2a: Aegi
|
|-weather|Sandstorm|[upkeep]
|-heal|p1a: Hippowdon|57/100 tox|[from] item: Leftovers
|-damage|p1a: Hippowdon|39/100 tox|[from] psn
|upkeep
|
|t:|1652629817
|switch|p2a: Akuma|Tapu Lele|100/100
|-damage|p2a: Akuma|88/100|[from] Stealth Rock
|-fieldstart|move: Psychic Terrain|[from] ability: Psychic Surge|[of] p2a: Akuma
|turn|13
|
|t:|1652629821
|switch|p1a: Slowking|Slowking, M, shiny|100/100
|move|p2a: Akuma|Moonblast|p1a: Slowking
|-damage|p1a: Slowking|69/100
|-unboost|p1a: Slowking|spa|1
|
|-weather|none
|-heal|p2a: Akuma|94/100|[from] item: Leftovers
|upkeep
|turn|14
|
|t:|1652629824
|move|p2a: Akuma|Calm Mind|p2a: Akuma
|-boost|p2a: Akuma|spa|1
|-boost|p2a: Akuma|spd|1
|move|p1a: Slowking|Scald|p2a: Akuma
|-damage|p2a: Akuma|81/100
|
|-heal|p2a: Akuma|87/100|[from] item: Leftovers
|upkeep
|turn|15
|
|t:|1652629833
|move|p2a: Akuma|Calm Mind|p2a: Akuma
|-boost|p2a: Akuma|spa|1
|-boost|p2a: Akuma|spd|1
|move|p1a: Slowking|Scald|p2a: Akuma
|-damage|p2a: Akuma|77/100
|-status|p2a: Akuma|brn
|
|-heal|p2a: Akuma|83/100 brn|[from] item: Leftovers
|-damage|p2a: Akuma|77/100 brn|[from] brn
|upkeep
|turn|16
|
|t:|1652629837
|move|p2a: Akuma|Moonblast|p1a: Slowking
|-damage|p1a: Slowking|7/100
|move|p1a: Slowking|Scald|p2a: Akuma
|-damage|p2a: Akuma|68/100 brn
|
|-heal|p2a: Akuma|75/100 brn|[from] item: Leftovers
|-damage|p2a: Akuma|68/100 brn|[from] brn
|upkeep
|turn|17
|j| god multiface
|j| abcxxx
|
|t:|1652629842
|move|p2a: Akuma|Psyshock|p1a: Slowking
|-resisted|p1a: Slowking
|-damage|p1a: Slowking|0 fnt
|faint|p1a: Slowking
|
|-heal|p2a: Akuma|75/100 brn|[from] item: Leftovers
|-damage|p2a: Akuma|68/100 brn|[from] brn
|-fieldend|move: Psychic Terrain
|upkeep
|
|t:|1652629844
|switch|p1a: Tornadus|Tornadus-Therian, M, shiny|45/100 tox
|turn|18
|
|t:|1652629846
|move|p1a: Tornadus|U-turn|p2a: Akuma
|-damage|p2a: Akuma|47/100 brn
|
|t:|1652629848
|switch|p1a: Hippowdon|Hippowdon, F, shiny|39/100 tox|[from]move: U-turn
|-weather|Sandstorm|[from] ability: Sand Stream|[of] p1a: Hippowdon
|move|p2a: Akuma|Psyshock|p1a: Hippowdon
|-damage|p1a: Hippowdon|0 fnt
|faint|p1a: Hippowdon
|
|-weather|Sandstorm|[upkeep]
|-damage|p2a: Akuma|41/100 brn|[from] Sandstorm
|-heal|p2a: Akuma|47/100 brn|[from] item: Leftovers
|-damage|p2a: Akuma|41/100 brn|[from] brn
|upkeep
|
|t:|1652629850
|switch|p1a: Tornadus|Tornadus-Therian, M, shiny|79/100 tox
|turn|19
|
|t:|1652629857
|move|p1a: Tornadus|Knock Off|p2a: Akuma
|-damage|p2a: Akuma|11/100 brn
|-enditem|p2a: Akuma|Leftovers|[from] move: Knock Off|[of] p1a: Tornadus
|move|p2a: Akuma|Psyshock|p1a: Tornadus
|-crit|p1a: Tornadus
|-damage|p1a: Tornadus|0 fnt
|faint|p1a: Tornadus
|
|-weather|Sandstorm|[upkeep]
|-damage|p2a: Akuma|5/100 brn|[from] Sandstorm
|-damage|p2a: Akuma|0 fnt|[from] brn
|faint|p2a: Akuma
|upkeep
|
|t:|1652629868
|switch|p1a: Rhyperior|Rhyperior, M, shiny|76/100
|switch|p2a: Literally OU|Landorus-Therian, M|58/100
|-damage|p2a: Literally OU|46/100|[from] Stealth Rock
|-ability|p2a: Literally OU|Intimidate|boost
|-unboost|p1a: Rhyperior|atk|1
|turn|20
|
|t:|1652629880
|switch|p1a: Buzzwole|Buzzwole, shiny|100/100
|move|p2a: Literally OU|Toxic|p1a: Buzzwole
|-status|p1a: Buzzwole|tox
|
|-weather|Sandstorm|[upkeep]
|-damage|p1a: Buzzwole|94/100 tox|[from] Sandstorm
|-damage|p1a: Buzzwole|88/100 tox|[from] psn
|upkeep
|turn|21
|j| number9jeans
|
|t:|1652629882
|switch|p2a: Spex|Toxapex, F|100/100
|-damage|p2a: Spex|88/100|[from] Stealth Rock
|move|p1a: Buzzwole|Ice Punch|p2a: Spex
|-resisted|p2a: Spex
|-damage|p2a: Spex|81/100
|-damage|p1a: Buzzwole|72/100 tox|[from] item: Rocky Helmet|[of] p2a: Spex
|
|-weather|Sandstorm|[upkeep]
|-damage|p1a: Buzzwole|65/100 tox|[from] Sandstorm
|-damage|p2a: Spex|75/100|[from] Sandstorm
|-damage|p1a: Buzzwole|53/100 tox|[from] psn
|upkeep
|turn|22
|
|t:|1652629886
|move|p1a: Buzzwole|Roost|p1a: Buzzwole
|-heal|p1a: Buzzwole|100/100 tox
|-singleturn|p1a: Buzzwole|move: Roost
|move|p2a: Spex|Scald|p1a: Buzzwole
|-damage|p1a: Buzzwole|78/100 tox
|
|-weather|none
|-damage|p1a: Buzzwole|59/100 tox|[from] psn
|upkeep
|turn|23
|
|t:|1652629890
|switch|p1a: Toxapex|Toxapex, F, shiny|100/100
|move|p2a: Spex|Scald|p1a: Toxapex
|-resisted|p1a: Toxapex
|-damage|p1a: Toxapex|96/100
|
|-heal|p1a: Toxapex|100/100|[from] item: Black Sludge
|upkeep
|turn|24
|
|t:|1652629894
|move|p2a: Spex|Scald|p1a: Toxapex
|-resisted|p1a: Toxapex
|-damage|p1a: Toxapex|96/100
|move|p1a: Toxapex|Knock Off|p2a: Spex
|-damage|p2a: Spex|66/100
|-damage|p1a: Toxapex|79/100|[from] item: Rocky Helmet|[of] p2a: Spex
|-enditem|p2a: Spex|Rocky Helmet|[from] move: Knock Off|[of] p1a: Toxapex
|
|-heal|p1a: Toxapex|85/100|[from] item: Black Sludge
|upkeep
|turn|25
|
|t:|1652629897
|switch|p1a: Rhyperior|Rhyperior, M, shiny|76/100
|move|p2a: Spex|Scald|p1a: Rhyperior
|-supereffective|p1a: Rhyperior
|-crit|p1a: Rhyperior
|-damage|p1a: Rhyperior|0 fnt
|faint|p1a: Rhyperior
|
|upkeep
|c|☆Run For Me Plz|ofc
|
|t:|1652629908
|switch|p1a: Buzzwole|Buzzwole, shiny|59/100 tox
|turn|26
|
|t:|1652629911
|move|p2a: Spex|Baneful Bunker|p2a: Spex
|-singleturn|p2a: Spex|move: Protect
|move|p1a: Buzzwole|Roost|p1a: Buzzwole
|-heal|p1a: Buzzwole|100/100 tox
|-singleturn|p1a: Buzzwole|move: Roost
|
|-damage|p1a: Buzzwole|94/100 tox|[from] psn
|upkeep
|turn|27
|
|t:|1652629915
|switch|p1a: Toxapex|Toxapex, F, shiny|100/100
|move|p2a: Spex|Recover|p2a: Spex
|-heal|p2a: Spex|100/100
|
|upkeep
|turn|28
|
|t:|1652629917
|move|p2a: Spex|Scald|p1a: Toxapex
|-resisted|p1a: Toxapex
|-damage|p1a: Toxapex|96/100
|move|p1a: Toxapex|Knock Off|p2a: Spex
|-damage|p2a: Spex|94/100
|
|-heal|p1a: Toxapex|100/100|[from] item: Black Sludge
|upkeep
|turn|29
|
|t:|1652629919
|move|p2a: Spex|Scald|p1a: Toxapex
|-resisted|p1a: Toxapex
|-damage|p1a: Toxapex|95/100
|move|p1a: Toxapex|Haze|p1a: Toxapex
|-clearallboost
|
|-heal|p1a: Toxapex|100/100|[from] item: Black Sludge
|upkeep
|turn|30
|
|t:|1652629923
|move|p2a: Spex|Scald|p1a: Toxapex
|-resisted|p1a: Toxapex
|-damage|p1a: Toxapex|96/100
|move|p1a: Toxapex|Poison Jab|p2a: Spex
|-resisted|p2a: Spex
|-damage|p2a: Spex|88/100
|
|-heal|p1a: Toxapex|100/100|[from] item: Black Sludge
|upkeep
|turn|31
|
|t:|1652629924
|move|p2a: Spex|Scald|p1a: Toxapex
|-resisted|p1a: Toxapex
|-damage|p1a: Toxapex|95/100
|move|p1a: Toxapex|Poison Jab|p2a: Spex
|-resisted|p2a: Spex
|-damage|p2a: Spex|82/100
|
|-heal|p1a: Toxapex|100/100|[from] item: Black Sludge
|upkeep
|turn|32
|
|t:|1652629927
|move|p2a: Spex|Scald|p1a: Toxapex
|-resisted|p1a: Toxapex
|-damage|p1a: Toxapex|96/100
|move|p1a: Toxapex|Knock Off|p2a: Spex
|-damage|p2a: Spex|75/100
|
|-heal|p1a: Toxapex|100/100|[from] item: Black Sludge
|upkeep
|turn|33
|
|t:|1652629929
|move|p2a: Spex|Scald|p1a: Toxapex
|-resisted|p1a: Toxapex
|-damage|p1a: Toxapex|95/100
|move|p1a: Toxapex|Poison Jab|p2a: Spex
|-resisted|p2a: Spex
|-damage|p2a: Spex|69/100
|
|-heal|p1a: Toxapex|100/100|[from] item: Black Sludge
|upkeep
|turn|34
|
|t:|1652629931
|move|p2a: Spex|Scald|p1a: Toxapex
|-resisted|p1a: Toxapex
|-damage|p1a: Toxapex|96/100
|move|p1a: Toxapex|Knock Off|p2a: Spex
|-damage|p2a: Spex|63/100
|
|-heal|p1a: Toxapex|100/100|[from] item: Black Sludge
|upkeep
|turn|35
|
|t:|1652629934
|move|p2a: Spex|Scald|p1a: Toxapex
|-resisted|p1a: Toxapex
|-damage|p1a: Toxapex|95/100
|move|p1a: Toxapex|Poison Jab|p2a: Spex
|-resisted|p2a: Spex
|-damage|p2a: Spex|57/100
|
|-heal|p1a: Toxapex|100/100|[from] item: Black Sludge
|upkeep
|turn|36
|
|t:|1652629939
|move|p2a: Spex|Recover|p2a: Spex
|-heal|p2a: Spex|100/100
|move|p1a: Toxapex|Knock Off|p2a: Spex
|-damage|p2a: Spex|94/100
|
|upkeep
|turn|37
|
|t:|1652629941
|move|p2a: Spex|Scald|p1a: Toxapex
|-resisted|p1a: Toxapex
|-damage|p1a: Toxapex|96/100
|-status|p1a: Toxapex|brn
|move|p1a: Toxapex|Poison Jab|p2a: Spex
|-resisted|p2a: Spex
|-damage|p2a: Spex|91/100
|
|-heal|p1a: Toxapex|100/100 brn|[from] item: Black Sludge
|-damage|p1a: Toxapex|94/100 brn|[from] brn
|upkeep
|turn|38
|
|t:|1652629942
|switch|p2a: Spiki boi|Ferrothorn, M|24/100
|-damage|p2a: Spiki boi|17/100|[from] Stealth Rock
|move|p1a: Toxapex|Knock Off|p2a: Spiki boi
|-damage|p2a: Spiki boi|13/100
|-damage|p1a: Toxapex|82/100 brn|[from] ability: Iron Barbs|[of] p2a: Spiki boi
|-enditem|p2a: Spiki boi|Leftovers|[from] move: Knock Off|[of] p1a: Toxapex
|
|-heal|p1a: Toxapex|88/100 brn|[from] item: Black Sludge
|-damage|p1a: Toxapex|82/100 brn|[from] brn
|upkeep
|turn|39
|
|t:|1652629948
|switch|p1a: Buzzwole|Buzzwole, shiny|94/100 tox
|move|p2a: Spiki boi|Leech Seed|p1a: Buzzwole
|-start|p1a: Buzzwole|move: Leech Seed
|
|-damage|p1a: Buzzwole|82/100 tox|[from] Leech Seed|[of] p2a: Spiki boi
|-heal|p2a: Spiki boi|27/100|[silent]
|-damage|p1a: Buzzwole|76/100 tox|[from] psn
|upkeep
|turn|40
|
|t:|1652629951
|switch|p1a: Toxapex|Toxapex, F, shiny|100/100 brn
|switch|p2a: Spex|Toxapex, F|100/100
|-damage|p2a: Spex|88/100|[from] Stealth Rock
|
|-damage|p1a: Toxapex|94/100 brn|[from] brn
|upkeep
|turn|41
|
|t:|1652629956
|switch|p2a: Literally OU|Landorus-Therian, M|46/100
|-damage|p2a: Literally OU|33/100|[from] Stealth Rock
|-ability|p2a: Literally OU|Intimidate|boost
|-unboost|p1a: Toxapex|atk|1
|move|p1a: Toxapex|Poison Jab|p2a: Literally OU
|-resisted|p2a: Literally OU
|-damage|p2a: Literally OU|30/100
|
|-heal|p1a: Toxapex|100/100 brn|[from] item: Black Sludge
|-damage|p1a: Toxapex|94/100 brn|[from] brn
|upkeep
|turn|42
|
|t:|1652629959
|move|p2a: Literally OU|Defog|p1a: Toxapex
|-unboost|p1a: Toxapex|evasion|1
|-sideend|p2: Libaa|Stealth Rock|[from] move: Defog|[of] p2a: Literally OU
|move|p1a: Toxapex|Recover|p1a: Toxapex
|-heal|p1a: Toxapex|100/100 brn
|
|-damage|p1a: Toxapex|94/100 brn|[from] brn
|upkeep
|turn|43
|
|t:|1652629962
|move|p2a: Literally OU|Earthquake|p1a: Toxapex
|-supereffective|p1a: Toxapex
|-damage|p1a: Toxapex|23/100 brn
|move|p1a: Toxapex|Poison Jab|p2a: Literally OU
|-resisted|p2a: Literally OU
|-damage|p2a: Literally OU|27/100
|
|-heal|p1a: Toxapex|29/100 brn|[from] item: Black Sludge
|-damage|p1a: Toxapex|23/100 brn|[from] brn
|upkeep
|turn|44
|
|t:|1652629967
|switch|p1a: Buzzwole|Buzzwole, shiny|76/100 tox
|move|p2a: Literally OU|U-turn|p1a: Buzzwole
|-resisted|p1a: Buzzwole
|-damage|p1a: Buzzwole|70/100 tox
|
|t:|1652629970
|switch|p2a: Spærm kanon|Dragapult, F|100/100|[from]move: U-turn
|
|-damage|p1a: Buzzwole|64/100 tox|[from] psn
|upkeep
|turn|45
|
|t:|1652629974
|switch|p1a: Toxapex|Toxapex, F, shiny|56/100 brn
|move|p2a: Spærm kanon|Draco Meteor|p1a: Toxapex
|-damage|p1a: Toxapex|0 fnt
|-unboost|p2a: Spærm kanon|spa|2
|faint|p1a: Toxapex
|
|upkeep
|-message|Run For Me Plz forfeited.
|
|win|Libaa
|raw|Run For Me Plz's rating: 1715 &rarr; <strong>1700</strong><br />(-15 for losing)
|raw|Libaa's rating: 1802 &rarr; <strong>1817</strong><br />(+15 for winning)
|l| Greg Coupet
|l|☆Run For Me Plz
|l| 8th Hokage Killua
|l|☆Libaa
|j|☆Libaa
|player|p2|Libaa|bianca-pwt
||Ladder isn't responding, score probably updated but might not have (Request timeout).
