|j|☆vagmak
|j|☆Susshomaru
|t:|1667153259
|gametype|singles
|player|p1|vagmak|steven|1553
|player|p2|Susshomaru|mars|1531
|teamsize|p1|6
|teamsize|p2|6
|gen|8
|tier|[Gen 8] OU
|rated|
|rule|Sleep Clause Mod: Limit one foe put to sleep
|rule|Species Clause: Limit one of each Pokémon
|rule|OHKO Clause: OHKO moves are banned
|rule|Evasion Items Clause: Evasion items are banned
|rule|Evasion Moves Clause: Evasion moves are banned
|rule|Endless Battle Clause: Forcing endless battles is banned
|rule|HP Percentage Mod: HP is shown in percentages
|rule|Dynamax Clause: You cannot dynamax
|clearpoke
|poke|p1|Garchomp, F|
|poke|p1|Melmetal|
|poke|p1|Zapdos|
|poke|p1|Ferrothorn, M|
|poke|p1|Urshifu-*, M|
|poke|p1|Blaziken, M|
|poke|p2|Rotom-Wash|
|poke|p2|Landorus-Therian, M|
|poke|p2|Volcarona, F|
|poke|p2|Ferrothorn, M|
|poke|p2|Clefable, F|
|poke|p2|Rillaboom, F|
|teampreview
|j| fatalitatis
|inactive|Battle timer is ON: inactive players will automatically lose when time's up. (requested by vagmak)
|
|t:|1667153275
|start
|switch|p1a: Ferrothorn|Ferrothorn, M|100/100
|switch|p2a: Landorus|Landorus-Therian, M|100/100
|-ability|p2a: Landorus|Intimidate|boost
|-unboost|p1a: Ferrothorn|atk|1
|turn|1
|
|t:|1667153281
|move|p2a: Landorus|U-turn|p1a: Ferrothorn
|-damage|p1a: Ferrothorn|80/100
|-damage|p2a: Landorus|88/100|[from] ability: Iron Barbs|[of] p1a: Ferrothorn
|
|t:|1667153283
|switch|p2a: Ferrothorn|Ferrothorn, M|100/100|[from]move: U-turn
|move|p1a: Ferrothorn|Toxic|p2a: Ferrothorn
|-immune|p2a: Ferrothorn
|
|-heal|p1a: Ferrothorn|86/100|[from] item: Leftovers
|upkeep
|turn|2
|
|t:|1667153288
|move|p2a: Ferrothorn|Stealth Rock|p1a: Ferrothorn
|-sidestart|p1: vagmak|move: Stealth Rock
|move|p1a: Ferrothorn|Stealth Rock|p2a: Ferrothorn
|-sidestart|p2: Susshomaru|move: Stealth Rock
|
|-heal|p1a: Ferrothorn|93/100|[from] item: Leftovers
|upkeep
|turn|3
|
|t:|1667153291
|switch|p1a: Blaziken|Blaziken, M|100/100
|-damage|p1a: Blaziken|88/100|[from] Stealth Rock
|move|p2a: Ferrothorn|Knock Off|p1a: Blaziken
|-resisted|p1a: Blaziken
|-damage|p1a: Blaziken|71/100
|-enditem|p1a: Blaziken|Life Orb|[from] move: Knock Off|[of] p2a: Ferrothorn
|
|upkeep
|turn|4
|
|t:|1667153298
|switch|p2a: Landorus|Landorus-Therian, M|88/100
|-damage|p2a: Landorus|76/100|[from] Stealth Rock
|-ability|p2a: Landorus|Intimidate|boost
|-unboost|p1a: Blaziken|atk|1
|move|p1a: Blaziken|Swords Dance|p1a: Blaziken
|-boost|p1a: Blaziken|atk|2
|
|-ability|p1a: Blaziken|Speed Boost|boost
|-boost|p1a: Blaziken|spe|1
|upkeep
|turn|5
|
|t:|1667153306
|move|p1a: Blaziken|Protect|p1a: Blaziken
|-singleturn|p1a: Blaziken|Protect
|move|p2a: Landorus|Earthquake|p1a: Blaziken
|-activate|p1a: Blaziken|move: Protect
|
|-ability|p1a: Blaziken|Speed Boost|boost
|-boost|p1a: Blaziken|spe|1
|upkeep
|turn|6
|
|t:|1667153313
|move|p1a: Blaziken|Flare Blitz|p2a: Landorus
|-damage|p2a: Landorus|0 fnt
|faint|p2a: Landorus
|-damage|p1a: Blaziken|44/100|[from] Recoil
|
|-ability|p1a: Blaziken|Speed Boost|boost
|-boost|p1a: Blaziken|spe|1
|upkeep
|
|t:|1667153319
|switch|p2a: Rillaboom|Rillaboom, F|100/100
|-damage|p2a: Rillaboom|88/100|[from] Stealth Rock
|-fieldstart|move: Grassy Terrain|[from] ability: Grassy Surge|[of] p2a: Rillaboom
|turn|7
|
|t:|1667153323
|move|p1a: Blaziken|Protect|p1a: Blaziken
|-singleturn|p1a: Blaziken|Protect
|move|p2a: Rillaboom|Grassy Glide|p1a: Blaziken
|-activate|p1a: Blaziken|move: Protect
|
|-heal|p1a: Blaziken|50/100|[from] Grassy Terrain
|-heal|p2a: Rillaboom|94/100|[from] Grassy Terrain
|-ability|p1a: Blaziken|Speed Boost|boost
|-boost|p1a: Blaziken|spe|1
|upkeep
|turn|8
|
|t:|1667153326
|move|p2a: Rillaboom|Grassy Glide|p1a: Blaziken
|-resisted|p1a: Blaziken
|-damage|p1a: Blaziken|0 fnt
|faint|p1a: Blaziken
|
|-heal|p2a: Rillaboom|99/100|[from] Grassy Terrain
|upkeep
|
|t:|1667153343
|switch|p1a: Ferrothorn|Ferrothorn, M|93/100
|-damage|p1a: Ferrothorn|86/100|[from] Stealth Rock
|turn|9
|
|t:|1667153348
|switch|p2a: Ferrothorn|Ferrothorn, M|100/100
|-damage|p2a: Ferrothorn|94/100|[from] Stealth Rock
|move|p1a: Ferrothorn|Toxic|p2a: Ferrothorn
|-immune|p2a: Ferrothorn
|
|-heal|p1a: Ferrothorn|93/100|[from] Grassy Terrain
|-heal|p2a: Ferrothorn|100/100|[from] Grassy Terrain
|-heal|p1a: Ferrothorn|99/100|[from] item: Leftovers
|upkeep
|turn|10
|
|t:|1667153355
|switch|p1a: Zapdos|Zapdos|100/100
|move|p2a: Ferrothorn|Knock Off|p1a: Zapdos
|-damage|p1a: Zapdos|76/100
|-enditem|p1a: Zapdos|Heavy-Duty Boots|[from] move: Knock Off|[of] p2a: Ferrothorn
|
|upkeep
|turn|11
|
|t:|1667153359
|move|p1a: Zapdos|Heat Wave|p2a: Ferrothorn|[miss]
|-miss|p1a: Zapdos|p2a: Ferrothorn
|move|p2a: Ferrothorn|Leech Seed|p1a: Zapdos
|-start|p1a: Zapdos|move: Leech Seed
|
|-damage|p1a: Zapdos|64/100|[from] Leech Seed|[of] p2a: Ferrothorn
|-fieldend|move: Grassy Terrain
|upkeep
|turn|12
|
|t:|1667153365
|switch|p2a: Rotom|Rotom-Wash|100/100
|-damage|p2a: Rotom|88/100|[from] Stealth Rock
|move|p1a: Zapdos|Heat Wave|p2a: Rotom
|-resisted|p2a: Rotom
|-damage|p2a: Rotom|71/100
|-status|p2a: Rotom|brn
|
|-heal|p2a: Rotom|77/100 brn|[from] item: Leftovers
|-damage|p1a: Zapdos|51/100|[from] Leech Seed|[of] p2a: Rotom
|-heal|p2a: Rotom|90/100 brn|[silent]
|-damage|p2a: Rotom|84/100 brn|[from] brn
|upkeep
|turn|13
|
|t:|1667153371
|move|p1a: Zapdos|Thunderbolt|p2a: Rotom
|-damage|p2a: Rotom|31/100 brn
|move|p2a: Rotom|Will-O-Wisp|p1a: Zapdos|[miss]
|-miss|p2a: Rotom|p1a: Zapdos
|
|-heal|p2a: Rotom|38/100 brn|[from] item: Leftovers
|-damage|p1a: Zapdos|39/100|[from] Leech Seed|[of] p2a: Rotom
|-heal|p2a: Rotom|51/100 brn|[silent]
|-damage|p2a: Rotom|45/100 brn|[from] brn
|upkeep
|turn|14
|
|t:|1667153376
|move|p1a: Zapdos|Thunderbolt|p2a: Rotom
|-damage|p2a: Rotom|0 fnt
|faint|p2a: Rotom
|
|upkeep
|
|t:|1667153380
|switch|p2a: Volcarona|Volcarona, F|100/100
|turn|15
|
|t:|1667153408
|switch|p1a: Urshifu|Urshifu-Rapid-Strike, M|100/100
|-damage|p1a: Urshifu|94/100|[from] Stealth Rock
|move|p2a: Volcarona|Quiver Dance|p2a: Volcarona
|-boost|p2a: Volcarona|spa|1
|-boost|p2a: Volcarona|spd|1
|-boost|p2a: Volcarona|spe|1
|
|upkeep
|turn|16
|
|t:|1667153412
|move|p2a: Volcarona|Giga Drain|p1a: Urshifu
|-supereffective|p1a: Urshifu
|-damage|p1a: Urshifu|0 fnt
|faint|p1a: Urshifu
|
|upkeep
|
|t:|1667153420
|switch|p1a: Garchomp|Garchomp, F|100/100
|-damage|p1a: Garchomp|94/100|[from] Stealth Rock
|turn|17
|
|t:|1667153426
|move|p2a: Volcarona|Bug Buzz|p1a: Garchomp
|-damage|p1a: Garchomp|6/100
|move|p1a: Garchomp|Earthquake|p2a: Volcarona
|-damage|p2a: Volcarona|26/100
|-damage|p1a: Garchomp|0 fnt|[from] item: Life Orb
|faint|p1a: Garchomp
|
|upkeep
|
|t:|1667153430
|switch|p1a: Melmetal|Melmetal|100/100
|-damage|p1a: Melmetal|94/100|[from] Stealth Rock
|turn|18
|
|t:|1667153433
|move|p2a: Volcarona|Fiery Dance|p1a: Melmetal
|-supereffective|p1a: Melmetal
|-damage|p1a: Melmetal|16/100
|move|p1a: Melmetal|Earthquake|p2a: Volcarona
|-damage|p2a: Volcarona|0 fnt
|faint|p2a: Volcarona
|
|upkeep
|
|t:|1667153450
|switch|p2a: Ferrothorn|Ferrothorn, M|100/100
|-damage|p2a: Ferrothorn|94/100|[from] Stealth Rock
|turn|19
|
|t:|1667153456
|switch|p1a: Zapdos|Zapdos|39/100
|-damage|p1a: Zapdos|14/100|[from] Stealth Rock
|move|p2a: Ferrothorn|Leech Seed|p1a: Zapdos
|-start|p1a: Zapdos|move: Leech Seed
|
|-heal|p2a: Ferrothorn|100/100|[from] item: Leftovers
|-damage|p1a: Zapdos|1/100|[from] Leech Seed|[of] p2a: Ferrothorn
|upkeep
|turn|20
|
|t:|1667153460
|move|p2a: Ferrothorn|Protect|p2a: Ferrothorn
|-singleturn|p2a: Ferrothorn|Protect
|move|p1a: Zapdos|Roost|p1a: Zapdos
|-heal|p1a: Zapdos|51/100
|-singleturn|p1a: Zapdos|move: Roost
|
|-damage|p1a: Zapdos|39/100|[from] Leech Seed|[of] p2a: Ferrothorn
|upkeep
|turn|21
|
|t:|1667153464
|move|p1a: Zapdos|Roost|p1a: Zapdos
|-heal|p1a: Zapdos|89/100
|-singleturn|p1a: Zapdos|move: Roost
|move|p2a: Ferrothorn|Knock Off|p1a: Zapdos
|-damage|p1a: Zapdos|73/100
|-status|p2a: Ferrothorn|par|[from] ability: Static|[of] p1a: Zapdos
|
|-damage|p1a: Zapdos|61/100|[from] Leech Seed|[of] p2a: Ferrothorn
|upkeep
|turn|22
|
|t:|1667153471
|switch|p2a: Clefable|Clefable, F|100/100
|move|p1a: Zapdos|Heat Wave|p2a: Clefable|[miss]
|-miss|p1a: Zapdos|p2a: Clefable
|
|-damage|p1a: Zapdos|48/100|[from] Leech Seed|[of] p2a: Clefable
|upkeep
|turn|23
|
|t:|1667153481
|move|p1a: Zapdos|Roost|p1a: Zapdos
|-heal|p1a: Zapdos|98/100
|-singleturn|p1a: Zapdos|move: Roost
|move|p2a: Clefable|Moonblast|p1a: Zapdos
|-damage|p1a: Zapdos|64/100
|
|-damage|p1a: Zapdos|52/100|[from] Leech Seed|[of] p2a: Clefable
|upkeep
|turn|24
|
|t:|1667153486
|move|p1a: Zapdos|Roost|p1a: Zapdos
|-heal|p1a: Zapdos|100/100
|-singleturn|p1a: Zapdos|move: Roost
|move|p2a: Clefable|Wish|p2a: Clefable
|
|-damage|p1a: Zapdos|88/100|[from] Leech Seed|[of] p2a: Clefable
|upkeep
|turn|25
|l| fatalitatis
|
|t:|1667153497
|switch|p1a: Ferrothorn|Ferrothorn, M|99/100
|-damage|p1a: Ferrothorn|93/100|[from] Stealth Rock
|move|p2a: Clefable|Moonblast|p1a: Ferrothorn
|-resisted|p1a: Ferrothorn
|-damage|p1a: Ferrothorn|80/100
|-unboost|p1a: Ferrothorn|spa|1
|
|-heal|p1a: Ferrothorn|86/100|[from] item: Leftovers
|upkeep
|turn|26
|
|t:|1667153503
|move|p2a: Clefable|Wish|p2a: Clefable
|move|p1a: Ferrothorn|Toxic|p2a: Clefable
|-status|p2a: Clefable|tox
|
|-heal|p1a: Ferrothorn|92/100|[from] item: Leftovers
|upkeep
|turn|27
|
|t:|1667153508
|move|p1a: Ferrothorn|Body Press|p2a: Clefable
|-resisted|p2a: Clefable
|-damage|p2a: Clefable|84/100 tox
|move|p2a: Clefable|Teleport|p2a: Clefable
|
|t:|1667153512
|switch|p2a: Rillaboom|Rillaboom, F|99/100|[from]move: Teleport
|-damage|p2a: Rillaboom|88/100|[from] Stealth Rock
|-fieldstart|move: Grassy Terrain|[from] ability: Grassy Surge|[of] p2a: Rillaboom
|
|-heal|p2a: Rillaboom|100/100|[from] move: Wish|[wisher] Clefable
|-heal|p1a: Ferrothorn|98/100|[from] Grassy Terrain
|-heal|p1a: Ferrothorn|100/100|[from] item: Leftovers
|upkeep
|turn|28
|
|t:|1667153516
|move|p2a: Rillaboom|U-turn|p1a: Ferrothorn
|-damage|p1a: Ferrothorn|72/100
|-damage|p2a: Rillaboom|88/100|[from] ability: Iron Barbs|[of] p1a: Ferrothorn
|
|t:|1667153519
|switch|p2a: Ferrothorn|Ferrothorn, M|100/100 par|[from]move: U-turn
|-damage|p2a: Ferrothorn|94/100 par|[from] Stealth Rock
|move|p1a: Ferrothorn|Toxic||[still]
|-fail|p1a: Ferrothorn
|
|-heal|p1a: Ferrothorn|78/100|[from] Grassy Terrain
|-heal|p1a: Ferrothorn|85/100|[from] item: Leftovers
|-heal|p2a: Ferrothorn|100/100 par|[from] Grassy Terrain
|upkeep
|turn|29
|
|t:|1667153527
|move|p1a: Ferrothorn|Body Press|p2a: Ferrothorn
|-supereffective|p2a: Ferrothorn
|-damage|p2a: Ferrothorn|66/100 par
|-damage|p1a: Ferrothorn|72/100|[from] ability: Iron Barbs|[of] p2a: Ferrothorn
|move|p2a: Ferrothorn|Knock Off|p1a: Ferrothorn
|-damage|p1a: Ferrothorn|57/100
|-damage|p2a: Ferrothorn|54/100 par|[from] ability: Iron Barbs|[of] p1a: Ferrothorn
|-enditem|p1a: Ferrothorn|Leftovers|[from] move: Knock Off|[of] p2a: Ferrothorn
|
|-heal|p1a: Ferrothorn|63/100|[from] Grassy Terrain
|-heal|p2a: Ferrothorn|60/100 par|[from] Grassy Terrain
|-heal|p2a: Ferrothorn|66/100 par|[from] item: Leftovers
|upkeep
|turn|30
|
|t:|1667153534
|move|p1a: Ferrothorn|Body Press|p2a: Ferrothorn
|-supereffective|p2a: Ferrothorn
|-damage|p2a: Ferrothorn|32/100 par
|-damage|p1a: Ferrothorn|51/100|[from] ability: Iron Barbs|[of] p2a: Ferrothorn
|cant|p2a: Ferrothorn|par
|
|-heal|p1a: Ferrothorn|57/100|[from] Grassy Terrain
|-heal|p2a: Ferrothorn|39/100 par|[from] Grassy Terrain
|-heal|p2a: Ferrothorn|45/100 par|[from] item: Leftovers
|upkeep
|turn|31
|
|t:|1667153540
|move|p2a: Ferrothorn|Protect|p2a: Ferrothorn
|-singleturn|p2a: Ferrothorn|Protect
|move|p1a: Ferrothorn|Body Press|p2a: Ferrothorn
|-activate|p2a: Ferrothorn|move: Protect
|
|-heal|p1a: Ferrothorn|63/100|[from] Grassy Terrain
|-heal|p2a: Ferrothorn|51/100 par|[from] Grassy Terrain
|-heal|p2a: Ferrothorn|57/100 par|[from] item: Leftovers
|-fieldend|move: Grassy Terrain
|upkeep
|turn|32
|
|t:|1667153543
|switch|p2a: Clefable|Clefable, F|84/100 tox
|move|p1a: Ferrothorn|Body Press|p2a: Clefable
|-resisted|p2a: Clefable
|-damage|p2a: Clefable|66/100 tox
|
|-heal|p2a: Clefable|73/100 tox|[from] item: Leftovers
|upkeep
|turn|33
|
|t:|1667153551
|switch|p1a: Melmetal|Melmetal|16/100
|-damage|p1a: Melmetal|10/100|[from] Stealth Rock
|move|p2a: Clefable|Wish|p2a: Clefable
|
|-heal|p2a: Clefable|79/100 tox|[from] item: Leftovers
|upkeep
|turn|34
|
|t:|1667153557
|move|p2a: Clefable|Moonblast|p1a: Melmetal
|-resisted|p1a: Melmetal
|-damage|p1a: Melmetal|0 fnt
|faint|p1a: Melmetal
|
|-heal|p2a: Clefable|100/100 tox|[from] move: Wish|[wisher] Clefable
|upkeep
|
|t:|1667153566
|switch|p1a: Zapdos|Zapdos|88/100
|-damage|p1a: Zapdos|63/100|[from] Stealth Rock
|turn|35
|
|t:|1667153574
|move|p1a: Zapdos|Hurricane|p2a: Clefable|[miss]
|-miss|p1a: Zapdos|p2a: Clefable
|move|p2a: Clefable|Wish|p2a: Clefable
|
|upkeep
|turn|36
|
|t:|1667153578
|move|p1a: Zapdos|Hurricane|p2a: Clefable
|-damage|p2a: Clefable|62/100 tox
|move|p2a: Clefable|Moonblast|p1a: Zapdos
|-damage|p1a: Zapdos|27/100
|-unboost|p1a: Zapdos|spa|1
|
|-heal|p2a: Clefable|100/100 tox|[from] move: Wish|[wisher] Clefable
|upkeep
|turn|37
|
|t:|1667153582
|move|p1a: Zapdos|Roost|p1a: Zapdos
|-heal|p1a: Zapdos|77/100
|-singleturn|p1a: Zapdos|move: Roost
|move|p2a: Clefable|Wish|p2a: Clefable
|
|upkeep
|turn|38
|
|t:|1667153588
|switch|p1a: Ferrothorn|Ferrothorn, M|63/100
|-damage|p1a: Ferrothorn|57/100|[from] Stealth Rock
|move|p2a: Clefable|Moonblast|p1a: Ferrothorn
|-resisted|p1a: Ferrothorn
|-damage|p1a: Ferrothorn|44/100
|-unboost|p1a: Ferrothorn|spa|1
|
|upkeep
|turn|39
|
|t:|1667153592
|move|p2a: Clefable|Wish|p2a: Clefable
|move|p1a: Ferrothorn|Body Press|p2a: Clefable
|-resisted|p2a: Clefable
|-damage|p2a: Clefable|82/100 tox
|
|-heal|p2a: Clefable|88/100 tox|[from] item: Leftovers
|upkeep
|turn|40
|
|t:|1667153595
|move|p1a: Ferrothorn|Body Press|p2a: Clefable
|-resisted|p2a: Clefable
|-damage|p2a: Clefable|71/100 tox
|move|p2a: Clefable|Teleport|p2a: Clefable
|
|t:|1667153597
|switch|p2a: Ferrothorn|Ferrothorn, M|57/100 par|[from]move: Teleport
|-damage|p2a: Ferrothorn|51/100 par|[from] Stealth Rock
|
|-heal|p2a: Ferrothorn|100/100 par|[from] move: Wish|[wisher] Clefable
|upkeep
|turn|41
|
|t:|1667153610
|switch|p2a: Clefable|Clefable, F|71/100 tox
|move|p1a: Ferrothorn|Body Press|p2a: Clefable
|-resisted|p2a: Clefable
|-damage|p2a: Clefable|53/100 tox
|
|-heal|p2a: Clefable|59/100 tox|[from] item: Leftovers
|upkeep
|turn|42
|
|t:|1667153614
|switch|p1a: Zapdos|Zapdos|77/100
|-damage|p1a: Zapdos|52/100|[from] Stealth Rock
|move|p2a: Clefable|Wish|p2a: Clefable
|
|-heal|p2a: Clefable|65/100 tox|[from] item: Leftovers
|upkeep
|turn|43
|
|t:|1667153618
|move|p1a: Zapdos|Hurricane|p2a: Clefable
|-damage|p2a: Clefable|22/100 tox
|-start|p2a: Clefable|confusion
|-activate|p2a: Clefable|confusion
|-damage|p2a: Clefable|17/100 tox|[from] confusion
|
|-heal|p2a: Clefable|67/100 tox|[from] move: Wish|[wisher] Clefable
|-heal|p2a: Clefable|73/100 tox|[from] item: Leftovers
|upkeep
|turn|44
|
|t:|1667153626
|move|p1a: Zapdos|Hurricane|p2a: Clefable
|-damage|p2a: Clefable|33/100 tox
|-activate|p2a: Clefable|confusion
|move|p2a: Clefable|Wish|p2a: Clefable
|
|-heal|p2a: Clefable|39/100 tox|[from] item: Leftovers
|upkeep
|turn|45
|
|t:|1667153635
|-end|p2a: Clefable|confusion
|move|p2a: Clefable|Protect|p2a: Clefable
|-singleturn|p2a: Clefable|Protect
|move|p1a: Zapdos|Hurricane|p2a: Clefable
|-activate|p2a: Clefable|move: Protect
|
|-heal|p2a: Clefable|89/100 tox|[from] move: Wish|[wisher] Clefable
|-heal|p2a: Clefable|95/100 tox|[from] item: Leftovers
|upkeep
|turn|46
|
|t:|1667153640
|move|p1a: Zapdos|Hurricane|p2a: Clefable
|-crit|p2a: Clefable
|-damage|p2a: Clefable|31/100 tox
|move|p2a: Clefable|Wish|p2a: Clefable
|
|-heal|p2a: Clefable|38/100 tox|[from] item: Leftovers
|upkeep
|turn|47
|
|t:|1667153645
|move|p2a: Clefable|Protect|p2a: Clefable
|-singleturn|p2a: Clefable|Protect
|move|p1a: Zapdos|Roost|p1a: Zapdos
|-heal|p1a: Zapdos|100/100
|-singleturn|p1a: Zapdos|move: Roost
|
|-heal|p2a: Clefable|88/100 tox|[from] move: Wish|[wisher] Clefable
|-heal|p2a: Clefable|94/100 tox|[from] item: Leftovers
|upkeep
|turn|48
|
|t:|1667153649
|move|p1a: Zapdos|Hurricane|p2a: Clefable
|-damage|p2a: Clefable|53/100 tox
|move|p2a: Clefable|Wish|p2a: Clefable
|
|-heal|p2a: Clefable|59/100 tox|[from] item: Leftovers
|upkeep
|turn|49
|
|t:|1667153654
|move|p1a: Zapdos|Hurricane|p2a: Clefable|[miss]
|-miss|p1a: Zapdos|p2a: Clefable
|move|p2a: Clefable|Moonblast|p1a: Zapdos
|-damage|p1a: Zapdos|63/100
|-unboost|p1a: Zapdos|spa|1
|
|-heal|p2a: Clefable|100/100 tox|[from] move: Wish|[wisher] Clefable
|upkeep
|turn|50
|
|t:|1667153660
|move|p1a: Zapdos|Hurricane|p2a: Clefable
|-damage|p2a: Clefable|72/100 tox
|-start|p2a: Clefable|confusion
|-activate|p2a: Clefable|confusion
|move|p2a: Clefable|Moonblast|p1a: Zapdos
|-damage|p1a: Zapdos|26/100
|
|-heal|p2a: Clefable|78/100 tox|[from] item: Leftovers
|upkeep
|turn|51
|
|t:|1667153667
|move|p1a: Zapdos|Roost|p1a: Zapdos
|-heal|p1a: Zapdos|76/100
|-singleturn|p1a: Zapdos|move: Roost
|-activate|p2a: Clefable|confusion
|move|p2a: Clefable|Moonblast|p1a: Zapdos
|-damage|p1a: Zapdos|39/100
|-unboost|p1a: Zapdos|spa|1
|
|-heal|p2a: Clefable|85/100 tox|[from] item: Leftovers
|upkeep
|turn|52
|
|t:|1667153672
|move|p1a: Zapdos|Roost|p1a: Zapdos
|-heal|p1a: Zapdos|89/100
|-singleturn|p1a: Zapdos|move: Roost
|-activate|p2a: Clefable|confusion
|move|p2a: Clefable|Moonblast|p1a: Zapdos
|-damage|p1a: Zapdos|49/100
|
|-heal|p2a: Clefable|91/100 tox|[from] item: Leftovers
|upkeep
|turn|53
|
|t:|1667153680
|move|p1a: Zapdos|Roost|p1a: Zapdos
|-heal|p1a: Zapdos|99/100
|-singleturn|p1a: Zapdos|move: Roost
|-end|p2a: Clefable|confusion
|move|p2a: Clefable|Moonblast|p1a: Zapdos
|-damage|p1a: Zapdos|62/100
|
|-heal|p2a: Clefable|97/100 tox|[from] item: Leftovers
|upkeep
|turn|54
|
|t:|1667153688
|move|p1a: Zapdos|Roost|p1a: Zapdos
|-heal|p1a: Zapdos|100/100
|-singleturn|p1a: Zapdos|move: Roost
|move|p2a: Clefable|Moonblast|p1a: Zapdos
|-damage|p1a: Zapdos|65/100
|
|-heal|p2a: Clefable|100/100 tox|[from] item: Leftovers
|upkeep
|turn|55
|
|t:|1667153691
|move|p1a: Zapdos|Roost|p1a: Zapdos
|-heal|p1a: Zapdos|100/100
|-singleturn|p1a: Zapdos|move: Roost
|move|p2a: Clefable|Moonblast|p1a: Zapdos
|-damage|p1a: Zapdos|67/100
|
|upkeep
|turn|56
|
|t:|1667153696
|switch|p1a: Ferrothorn|Ferrothorn, M|44/100
|-damage|p1a: Ferrothorn|38/100|[from] Stealth Rock
|move|p2a: Clefable|Moonblast|p1a: Ferrothorn
|-resisted|p1a: Ferrothorn
|-damage|p1a: Ferrothorn|26/100
|
|upkeep
|turn|57
|
|t:|1667153699
|move|p1a: Ferrothorn|Protect|p1a: Ferrothorn
|-singleturn|p1a: Ferrothorn|Protect
|move|p2a: Clefable|Moonblast|p1a: Ferrothorn
|-activate|p1a: Ferrothorn|move: Protect
|
|upkeep
|turn|58
|c|☆Susshomaru|just click the x man
|
|t:|1667153706
|move|p2a: Clefable|Moonblast|p1a: Ferrothorn
|-resisted|p1a: Ferrothorn
|-damage|p1a: Ferrothorn|13/100
|move|p1a: Ferrothorn|Body Press|p2a: Clefable
|-resisted|p2a: Clefable
|-damage|p2a: Clefable|83/100 tox
|
|-heal|p2a: Clefable|89/100 tox|[from] item: Leftovers
|upkeep
|turn|59
|-message|vagmak forfeited.
|
|win|Susshomaru
|raw|vagmak's rating: 1553 &rarr; <strong>1532</strong><br />(-21 for losing)
|raw|Susshomaru's rating: 1531 &rarr; <strong>1552</strong><br />(+21 for winning)
|l|☆vagmak
|c|☆Susshomaru|gg
||Ladder isn't responding, score probably updated but might not have (Request timeout).
