|j|☆cute pink team
|j|☆LT93OQ Highv0ltag3
|t:|1661019420
|gametype|singles
|player|p1|cute pink team|misty-gen1|1882
|player|p2|LT93OQ Highv0ltag3|volo|1974
|teamsize|p1|6
|teamsize|p2|6
|gen|8
|tier|[Gen 8] OU
|rated|
|rule|Sleep Clause Mod: Limit one foe put to sleep
|rule|Species Clause: Limit one of each Pokémon
|rule|OHKO Clause: OHKO moves are banned
|rule|Evasion Items Clause: Evasion items are banned
|rule|Evasion Moves Clause: Evasion moves are banned
|rule|Endless Battle Clause: Forcing endless battles is banned
|rule|HP Percentage Mod: HP is shown in percentages
|rule|Dynamax Clause: You cannot dynamax
|clearpoke
|poke|p1|Tyranitar, M|
|poke|p1|Corviknight, M|
|poke|p1|Volcanion|
|poke|p1|Zapdos|
|poke|p1|Dragapult, F|
|poke|p1|Tapu Lele|
|poke|p2|Chansey, F|
|poke|p2|Corviknight, F|
|poke|p2|Hippowdon, M|
|poke|p2|Toxapex, F|
|poke|p2|Clefable, F|
|poke|p2|Tornadus-Therian, M|
|teampreview
|
|t:|1661019429
|start
|switch|p1a: Zapdos|Zapdos|100/100
|switch|p2a: Hippowdon|Hippowdon, M|100/100
|-weather|Sandstorm|[from] ability: Sand Stream|[of] p2a: Hippowdon
|turn|1
|inactive|Battle timer is ON: inactive players will automatically lose when time's up. (requested by cute pink team)
|
|t:|1661019433
|switch|p1a: Corviknight|Corviknight, M|100/100
|-ability|p1a: Corviknight|Pressure
|move|p2a: Hippowdon|Stealth Rock|p1a: Corviknight
|-sidestart|p1: cute pink team|move: Stealth Rock
|
|-weather|Sandstorm|[upkeep]
|upkeep
|turn|2
|
|t:|1661019437
|switch|p2a: Tornadus|Tornadus-Therian, M, shiny|100/100
|move|p1a: Corviknight|Defog|p2a: Tornadus
|-unboost|p2a: Tornadus|evasion|1
|-sideend|p1: cute pink team|Stealth Rock|[from] move: Defog|[of] p1a: Corviknight
|
|-weather|Sandstorm|[upkeep]
|-damage|p2a: Tornadus|94/100|[from] Sandstorm
|upkeep
|turn|3
|j| lt93oq fenomeno
|j| just nimmemja
|j| l TPH l
|j| Sharp Dagger
|
|t:|1661019447
|move|p2a: Tornadus|Knock Off|p1a: Corviknight
|-damage|p1a: Corviknight|87/100
|-enditem|p1a: Corviknight|Leftovers|[from] move: Knock Off|[of] p2a: Tornadus
|move|p1a: Corviknight|Brave Bird|p2a: Tornadus
|-damage|p2a: Tornadus|57/100
|-damage|p1a: Corviknight|76/100|[from] Recoil
|
|-weather|Sandstorm|[upkeep]
|-damage|p2a: Tornadus|51/100|[from] Sandstorm
|upkeep
|turn|4
|
|t:|1661019450
|switch|p2a: Hippowdon|Hippowdon, M|100/100
|move|p1a: Corviknight|Body Press|p2a: Hippowdon
|-damage|p2a: Hippowdon|87/100
|
|-weather|Sandstorm|[upkeep]
|-heal|p2a: Hippowdon|93/100|[from] item: Leftovers
|upkeep
|turn|5
|j| LT93OQ T
|
|t:|1661019455
|move|p1a: Corviknight|Brave Bird|p2a: Hippowdon
|-damage|p2a: Hippowdon|66/100
|-damage|p1a: Corviknight|67/100|[from] Recoil
|move|p2a: Hippowdon|Stealth Rock|p1a: Corviknight
|-sidestart|p1: cute pink team|move: Stealth Rock
|
|-weather|none
|-heal|p2a: Hippowdon|73/100|[from] item: Leftovers
|upkeep
|turn|6
|j| LT93OQ im garbage
|
|t:|1661019458
|switch|p2a: Tornadus|Tornadus-Therian, M, shiny|84/100
|move|p1a: Corviknight|Defog|p2a: Tornadus
|-unboost|p2a: Tornadus|evasion|1
|-sideend|p1: cute pink team|Stealth Rock|[from] move: Defog|[of] p1a: Corviknight
|
|upkeep
|turn|7
|j| LT93OQ SERPI
|j| lt93oq aa
|
|t:|1661019463
|switch|p2a: Hippowdon|Hippowdon, M|73/100
|-weather|Sandstorm|[from] ability: Sand Stream|[of] p2a: Hippowdon
|move|p1a: Corviknight|Roost|p1a: Corviknight
|-heal|p1a: Corviknight|100/100
|-singleturn|p1a: Corviknight|move: Roost
|
|-weather|Sandstorm|[upkeep]
|-heal|p2a: Hippowdon|79/100|[from] item: Leftovers
|upkeep
|turn|8
|j| F3rrari450
|
|t:|1661019468
|move|p1a: Corviknight|Brave Bird|p2a: Hippowdon
|-damage|p2a: Hippowdon|55/100
|-damage|p1a: Corviknight|92/100|[from] Recoil
|move|p2a: Hippowdon|Slack Off|p2a: Hippowdon
|-heal|p2a: Hippowdon|100/100
|
|-weather|Sandstorm|[upkeep]
|upkeep
|turn|9
|
|t:|1661019473
|switch|p1a: Volcanion|Volcanion|100/100
|move|p2a: Hippowdon|Stealth Rock|p1a: Volcanion
|-sidestart|p1: cute pink team|move: Stealth Rock
|
|-weather|Sandstorm|[upkeep]
|-damage|p1a: Volcanion|95/100|[from] Sandstorm
|upkeep
|turn|10
|l| lt93oq aa
|
|t:|1661019477
|switch|p2a: Chansey|Chansey, F|100/100
|move|p1a: Volcanion|Steam Eruption|p2a: Chansey|[miss]
|-miss|p1a: Volcanion|p2a: Chansey
|
|-weather|Sandstorm|[upkeep]
|-damage|p1a: Volcanion|89/100|[from] Sandstorm
|-damage|p2a: Chansey|94/100|[from] Sandstorm
|upkeep
|turn|11
|j| LT93OQ WSLF
|
|t:|1661019481
|switch|p1a: Corviknight|Corviknight, M|92/100
|-damage|p1a: Corviknight|79/100|[from] Stealth Rock
|-ability|p1a: Corviknight|Pressure
|move|p2a: Chansey|Thunder Wave|p1a: Corviknight
|-status|p1a: Corviknight|par
|
|-weather|none
|upkeep
|turn|12
|
|t:|1661019484
|move|p2a: Chansey|Seismic Toss|p1a: Corviknight
|-damage|p1a: Corviknight|54/100 par
|move|p1a: Corviknight|Defog|p2a: Chansey
|-unboost|p2a: Chansey|evasion|1
|-sideend|p1: cute pink team|Stealth Rock|[from] move: Defog|[of] p1a: Corviknight
|
|upkeep
|turn|13
|
|t:|1661019488
|switch|p2a: Hippowdon|Hippowdon, M|100/100
|-weather|Sandstorm|[from] ability: Sand Stream|[of] p2a: Hippowdon
|cant|p1a: Corviknight|par
|
|-weather|Sandstorm|[upkeep]
|upkeep
|turn|14
|j| Lunala
|
|t:|1661019493
|move|p2a: Hippowdon|Stealth Rock|p1a: Corviknight
|-sidestart|p1: cute pink team|move: Stealth Rock
|move|p1a: Corviknight|Roost|p1a: Corviknight
|-heal|p1a: Corviknight|100/100 par
|-singleturn|p1a: Corviknight|move: Roost
|
|-weather|Sandstorm|[upkeep]
|upkeep
|turn|15
|
|t:|1661019496
|switch|p2a: Corviknight|Corviknight, F|100/100
|-ability|p2a: Corviknight|Pressure
|move|p1a: Corviknight|Defog|p2a: Corviknight
|-unboost|p2a: Corviknight|evasion|1
|-sideend|p1: cute pink team|Stealth Rock|[from] move: Defog|[of] p1a: Corviknight
|
|-weather|Sandstorm|[upkeep]
|upkeep
|turn|16
|
|t:|1661019501
|switch|p1a: Zapdos|Zapdos|100/100
|move|p2a: Corviknight|Body Press|p1a: Zapdos
|-resisted|p1a: Zapdos
|-damage|p1a: Zapdos|85/100
|
|-weather|Sandstorm|[upkeep]
|-damage|p1a: Zapdos|79/100|[from] Sandstorm
|upkeep
|turn|17
|
|t:|1661019503
|switch|p2a: Hippowdon|Hippowdon, M|100/100
|move|p1a: Zapdos|Hurricane|p2a: Hippowdon|[miss]
|-miss|p1a: Zapdos|p2a: Hippowdon
|
|-weather|none
|upkeep
|turn|18
|
|t:|1661019506
|move|p1a: Zapdos|Hurricane|p2a: Hippowdon
|-damage|p2a: Hippowdon|30/100
|-start|p2a: Hippowdon|confusion
|-activate|p2a: Hippowdon|confusion
|move|p2a: Hippowdon|Stealth Rock|p1a: Zapdos
|-sidestart|p1: cute pink team|move: Stealth Rock
|
|-heal|p2a: Hippowdon|36/100|[from] item: Leftovers
|upkeep
|turn|19
|l| Lunala
|
|t:|1661019517
|switch|p2a: Chansey|Chansey, F|94/100
|move|p1a: Zapdos|Hurricane|p2a: Chansey
|-damage|p2a: Chansey|67/100
|-start|p2a: Chansey|confusion
|
|upkeep
|turn|20
|
|t:|1661019522
|switch|p1a: Tyranitar|Tyranitar, M|100/100
|-damage|p1a: Tyranitar|88/100|[from] Stealth Rock
|-weather|Sandstorm|[from] ability: Sand Stream|[of] p1a: Tyranitar
|-activate|p2a: Chansey|confusion
|move|p2a: Chansey|Soft-Boiled|p2a: Chansey
|-heal|p2a: Chansey|100/100
|
|-weather|Sandstorm|[upkeep]
|-damage|p2a: Chansey|94/100|[from] Sandstorm
|upkeep
|turn|21
|
|t:|1661019528
|move|p1a: Tyranitar|Stone Edge|p2a: Chansey
|-damage|p2a: Chansey|34/100
|-activate|p2a: Chansey|confusion
|move|p2a: Chansey|Thunder Wave|p1a: Tyranitar
|-status|p1a: Tyranitar|par
|
|-weather|Sandstorm|[upkeep]
|-damage|p2a: Chansey|28/100|[from] Sandstorm
|upkeep
|turn|22
|j| simplegent
|
|t:|1661019537
|switch|p2a: Hippowdon|Hippowdon, M|36/100
|move|p1a: Tyranitar|Stone Edge|p2a: Hippowdon
|-resisted|p2a: Hippowdon
|-damage|p2a: Hippowdon|7/100
|
|-weather|Sandstorm|[upkeep]
|-heal|p2a: Hippowdon|13/100|[from] item: Leftovers
|upkeep
|turn|23
|j| Wash Rot0m
|l| LT93OQ im garbage
|
|t:|1661019541
|switch|p1a: Volcanion|Volcanion|89/100
|-damage|p1a: Volcanion|64/100|[from] Stealth Rock
|move|p2a: Hippowdon|Slack Off|p2a: Hippowdon
|-heal|p2a: Hippowdon|63/100
|
|-weather|Sandstorm|[upkeep]
|-damage|p1a: Volcanion|58/100|[from] Sandstorm
|-heal|p2a: Hippowdon|70/100|[from] item: Leftovers
|upkeep
|turn|24
|j| LT93OQ Lio
|
|t:|1661019545
|switch|p2a: Toxapex|Toxapex, F|100/100
|move|p1a: Volcanion|Earth Power|p2a: Toxapex
|-supereffective|p2a: Toxapex
|-damage|p2a: Toxapex|8/100
|
|-weather|none
|upkeep
|turn|25
|
|t:|1661019554
|switch|p1a: Corviknight|Corviknight, M|100/100 par
|-damage|p1a: Corviknight|88/100 par|[from] Stealth Rock
|-ability|p1a: Corviknight|Pressure
|switch|p2a: Tornadus|Tornadus-Therian, M, shiny|100/100
|
|upkeep
|turn|26
|
|t:|1661019556
|switch|p2a: Chansey|Chansey, F|28/100
|move|p1a: Corviknight|Defog|p2a: Chansey
|-unboost|p2a: Chansey|evasion|1
|-sideend|p1: cute pink team|Stealth Rock|[from] move: Defog|[of] p1a: Corviknight
|
|upkeep
|turn|27
|
|t:|1661019569
|switch|p1a: Tyranitar|Tyranitar, M|88/100 par
|-weather|Sandstorm|[from] ability: Sand Stream|[of] p1a: Tyranitar
|move|p2a: Chansey|Soft-Boiled|p2a: Chansey
|-heal|p2a: Chansey|78/100
|
|-weather|Sandstorm|[upkeep]
|-damage|p2a: Chansey|72/100|[from] Sandstorm
|upkeep
|turn|28
|j| AndreyVGC
|
|t:|1661019577
|switch|p2a: Hippowdon|Hippowdon, M|70/100
|move|p1a: Tyranitar|Crunch|p2a: Hippowdon
|-damage|p2a: Hippowdon|20/100
|
|-weather|Sandstorm|[upkeep]
|-heal|p2a: Hippowdon|26/100|[from] item: Leftovers
|upkeep
|turn|29
|
|t:|1661019581
|move|p2a: Hippowdon|Slack Off|p2a: Hippowdon
|-heal|p2a: Hippowdon|76/100
|move|p1a: Tyranitar|Crunch|p2a: Hippowdon
|-damage|p2a: Hippowdon|30/100
|-unboost|p2a: Hippowdon|def|1
|
|-weather|Sandstorm|[upkeep]
|-heal|p2a: Hippowdon|36/100|[from] item: Leftovers
|upkeep
|turn|30
|
|t:|1661019595
|switch|p2a: Clefable|Clefable, F|100/100
|switch|p1a: Zapdos|Zapdos|79/100
|
|-weather|Sandstorm|[upkeep]
|-damage|p1a: Zapdos|73/100|[from] Sandstorm
|-damage|p2a: Clefable|94/100|[from] Sandstorm
|upkeep
|turn|31
|l| lt93oq fenomeno
|
|t:|1661019603
|move|p1a: Zapdos|Volt Switch|p2a: Clefable
|-damage|p2a: Clefable|44/100
|
|t:|1661019606
|switch|p1a: Tapu Lele|Tapu Lele|100/100|[from]move: Volt Switch
|-fieldstart|move: Psychic Terrain|[from] ability: Psychic Surge|[of] p1a: Tapu Lele
|move|p2a: Clefable|Soft-Boiled|p2a: Clefable
|-heal|p2a: Clefable|94/100
|
|-weather|none
|upkeep
|turn|32
|
|t:|1661019610
|switch|p1a: Zapdos|Zapdos|73/100
|switch|p2a: Corviknight|Corviknight, F|100/100
|-ability|p2a: Corviknight|Pressure
|
|upkeep
|turn|33
|
|t:|1661019623
|switch|p2a: Chansey|Chansey, F|72/100
|move|p1a: Zapdos|Hurricane|p2a: Chansey
|-damage|p2a: Chansey|45/100
|
|upkeep
|turn|34
|
|t:|1661019628
|switch|p1a: Tyranitar|Tyranitar, M|88/100 par
|-weather|Sandstorm|[from] ability: Sand Stream|[of] p1a: Tyranitar
|move|p2a: Chansey|Soft-Boiled|p2a: Chansey
|-heal|p2a: Chansey|95/100
|
|-weather|Sandstorm|[upkeep]
|-damage|p2a: Chansey|89/100|[from] Sandstorm
|upkeep
|turn|35
|l| Wash Rot0m
|
|t:|1661019637
|switch|p2a: Corviknight|Corviknight, F|100/100
|-ability|p2a: Corviknight|Pressure
|switch|p1a: Zapdos|Zapdos|73/100
|
|-weather|Sandstorm|[upkeep]
|-damage|p1a: Zapdos|67/100|[from] Sandstorm
|-fieldend|move: Psychic Terrain
|upkeep
|turn|36
|
|t:|1661019643
|switch|p2a: Hippowdon|Hippowdon, M|36/100
|move|p1a: Zapdos|Volt Switch|p2a: Hippowdon
|-immune|p2a: Hippowdon
|
|-weather|Sandstorm|[upkeep]
|-damage|p1a: Zapdos|60/100|[from] Sandstorm
|-heal|p2a: Hippowdon|43/100|[from] item: Leftovers
|upkeep
|turn|37
|
|t:|1661019647
|switch|p1a: Volcanion|Volcanion|58/100
|move|p2a: Hippowdon|Slack Off|p2a: Hippowdon
|-heal|p2a: Hippowdon|93/100
|
|-weather|Sandstorm|[upkeep]
|-damage|p1a: Volcanion|52/100|[from] Sandstorm
|-heal|p2a: Hippowdon|99/100|[from] item: Leftovers
|upkeep
|turn|38
|j| lt93oq fenomeno
|
|t:|1661019650
|switch|p2a: Chansey|Chansey, F|89/100
|move|p1a: Volcanion|Steam Eruption|p2a: Chansey
|-damage|p2a: Chansey|62/100
|
|-weather|none
|upkeep
|turn|39
|
|t:|1661019655
|switch|p1a: Tyranitar|Tyranitar, M|88/100 par
|-weather|Sandstorm|[from] ability: Sand Stream|[of] p1a: Tyranitar
|move|p2a: Chansey|Soft-Boiled|p2a: Chansey
|-heal|p2a: Chansey|100/100
|
|-weather|Sandstorm|[upkeep]
|-damage|p2a: Chansey|94/100|[from] Sandstorm
|upkeep
|turn|40
|
|t:|1661019660
|switch|p2a: Corviknight|Corviknight, F|100/100
|-ability|p2a: Corviknight|Pressure
|move|p1a: Tyranitar|Ice Punch|p2a: Corviknight
|-damage|p2a: Corviknight|73/100
|
|-weather|Sandstorm|[upkeep]
|upkeep
|turn|41
|
|t:|1661019664
|switch|p1a: Dragapult|Dragapult, F|100/100
|move|p2a: Corviknight|Roost|p2a: Corviknight
|-heal|p2a: Corviknight|100/100
|-singleturn|p2a: Corviknight|move: Roost
|
|-weather|Sandstorm|[upkeep]
|-damage|p1a: Dragapult|95/100|[from] Sandstorm
|upkeep
|turn|42
|
|t:|1661019668
|switch|p2a: Clefable|Clefable, F|94/100
|move|p1a: Dragapult|Draco Meteor|p2a: Clefable
|-immune|p2a: Clefable
|
|-weather|Sandstorm|[upkeep]
|-damage|p1a: Dragapult|89/100|[from] Sandstorm
|-damage|p2a: Clefable|88/100|[from] Sandstorm
|upkeep
|turn|43
|
|t:|1661019673
|switch|p1a: Corviknight|Corviknight, M|88/100 par
|-ability|p1a: Corviknight|Pressure
|move|p2a: Clefable|Calm Mind|p2a: Clefable
|-boost|p2a: Clefable|spa|1
|-boost|p2a: Clefable|spd|1
|
|-weather|none
|upkeep
|turn|44
|
|t:|1661019676
|move|p2a: Clefable|Flamethrower|p1a: Corviknight
|-supereffective|p1a: Corviknight
|-damage|p1a: Corviknight|48/100 par
|move|p1a: Corviknight|Brave Bird|p2a: Clefable
|-damage|p2a: Clefable|58/100
|-damage|p1a: Corviknight|39/100 par|[from] Recoil
|
|upkeep
|turn|45
|
|t:|1661019680
|switch|p1a: Tapu Lele|Tapu Lele|100/100
|-fieldstart|move: Psychic Terrain|[from] ability: Psychic Surge|[of] p1a: Tapu Lele
|move|p2a: Clefable|Soft-Boiled|p2a: Clefable
|-heal|p2a: Clefable|100/100
|
|upkeep
|turn|46
|
|t:|1661019682
|move|p1a: Tapu Lele|Psyshock|p2a: Clefable
|-damage|p2a: Clefable|26/100
|move|p2a: Clefable|Moonblast|p1a: Tapu Lele
|-damage|p1a: Tapu Lele|46/100
|
|upkeep
|turn|47
|
|t:|1661019685
|switch|p1a: Zapdos|Zapdos|60/100
|switch|p2a: Corviknight|Corviknight, F|100/100
|-ability|p2a: Corviknight|Pressure
|
|upkeep
|turn|48
|
|t:|1661019690
|switch|p2a: Hippowdon|Hippowdon, M|99/100
|-weather|Sandstorm|[from] ability: Sand Stream|[of] p2a: Hippowdon
|move|p1a: Zapdos|Volt Switch|p2a: Hippowdon
|-immune|p2a: Hippowdon
|
|-weather|Sandstorm|[upkeep]
|-damage|p1a: Zapdos|54/100|[from] Sandstorm
|-heal|p2a: Hippowdon|100/100|[from] item: Leftovers
|upkeep
|turn|49
|
|t:|1661019694
|switch|p1a: Corviknight|Corviknight, M|39/100 par
|-ability|p1a: Corviknight|Pressure
|move|p2a: Hippowdon|Stealth Rock|p1a: Corviknight
|-sidestart|p1: cute pink team|move: Stealth Rock
|
|-weather|Sandstorm|[upkeep]
|-fieldend|move: Psychic Terrain
|upkeep
|turn|50
|
|t:|1661019698
|switch|p2a: Clefable|Clefable, F|26/100
|move|p1a: Corviknight|Defog|p2a: Clefable
|-unboost|p2a: Clefable|evasion|1
|-sideend|p1: cute pink team|Stealth Rock|[from] move: Defog|[of] p1a: Corviknight
|
|-weather|Sandstorm|[upkeep]
|-damage|p2a: Clefable|20/100|[from] Sandstorm
|upkeep
|turn|51
|l| AndreyVGC
|
|t:|1661019702
|switch|p1a: Zapdos|Zapdos|54/100
|move|p2a: Clefable|Moonblast|p1a: Zapdos
|-damage|p1a: Zapdos|18/100
|-unboost|p1a: Zapdos|spa|1
|
|-weather|Sandstorm|[upkeep]
|-damage|p1a: Zapdos|12/100|[from] Sandstorm
|-damage|p2a: Clefable|14/100|[from] Sandstorm
|upkeep
|turn|52
|
|t:|1661019707
|switch|p2a: Hippowdon|Hippowdon, M|100/100
|move|p1a: Zapdos|Hurricane|p2a: Hippowdon|[miss]
|-miss|p1a: Zapdos|p2a: Hippowdon
|
|-weather|none
|upkeep
|turn|53
|
|t:|1661019712
|switch|p1a: Corviknight|Corviknight, M|39/100 par
|-ability|p1a: Corviknight|Pressure
|move|p2a: Hippowdon|Stealth Rock|p1a: Corviknight
|-sidestart|p1: cute pink team|move: Stealth Rock
|
|upkeep
|turn|54
|
|t:|1661019714
|switch|p2a: Clefable|Clefable, F|14/100
|move|p1a: Corviknight|Brave Bird|p2a: Clefable
|-damage|p2a: Clefable|0 fnt
|faint|p2a: Clefable
|-damage|p1a: Corviknight|34/100 par|[from] Recoil
|
|upkeep
|
|t:|1661019716
|switch|p2a: Tornadus|Tornadus-Therian, M, shiny|100/100
|turn|55
|
|t:|1661019718
|move|p2a: Tornadus|Nasty Plot|p2a: Tornadus
|-boost|p2a: Tornadus|spa|2
|move|p1a: Corviknight|Roost|p1a: Corviknight
|-heal|p1a: Corviknight|84/100 par
|-singleturn|p1a: Corviknight|move: Roost
|
|upkeep
|turn|56
|
|t:|1661019726
|switch|p1a: Dragapult|Dragapult, F|89/100
|-damage|p1a: Dragapult|76/100|[from] Stealth Rock
|move|p2a: Tornadus|Focus Blast|p1a: Dragapult
|-immune|p1a: Dragapult
|
|upkeep
|turn|57
|
|t:|1661019729
|move|p1a: Dragapult|Draco Meteor|p2a: Tornadus
|-damage|p2a: Tornadus|0 fnt
|-unboost|p1a: Dragapult|spa|2
|faint|p2a: Tornadus
|
|upkeep
|
|t:|1661019732
|switch|p2a: Hippowdon|Hippowdon, M|100/100
|-weather|Sandstorm|[from] ability: Sand Stream|[of] p2a: Hippowdon
|turn|58
|
|t:|1661019737
|switch|p1a: Corviknight|Corviknight, M|84/100 par
|-damage|p1a: Corviknight|72/100 par|[from] Stealth Rock
|-ability|p1a: Corviknight|Pressure
|switch|p2a: Chansey|Chansey, F|94/100
|
|-weather|Sandstorm|[upkeep]
|-damage|p2a: Chansey|88/100|[from] Sandstorm
|upkeep
|turn|59
|l| F3rrari450
|
|t:|1661019742
|move|p2a: Chansey|Seismic Toss|p1a: Corviknight
|-damage|p1a: Corviknight|47/100 par
|cant|p1a: Corviknight|par
|
|-weather|Sandstorm|[upkeep]
|-damage|p2a: Chansey|82/100|[from] Sandstorm
|upkeep
|turn|60
|
|t:|1661019743
|move|p2a: Chansey|Seismic Toss|p1a: Corviknight
|-damage|p1a: Corviknight|22/100 par
|move|p1a: Corviknight|Roost|p1a: Corviknight
|-heal|p1a: Corviknight|72/100 par
|-singleturn|p1a: Corviknight|move: Roost
|
|-weather|Sandstorm|[upkeep]
|-damage|p2a: Chansey|76/100|[from] Sandstorm
|upkeep
|turn|61
|
|t:|1661019745
|move|p2a: Chansey|Seismic Toss|p1a: Corviknight
|-damage|p1a: Corviknight|47/100 par
|move|p1a: Corviknight|Roost|p1a: Corviknight
|-heal|p1a: Corviknight|97/100 par
|-singleturn|p1a: Corviknight|move: Roost
|
|-weather|Sandstorm|[upkeep]
|-damage|p2a: Chansey|70/100|[from] Sandstorm
|upkeep
|turn|62
|
|t:|1661019747
|move|p2a: Chansey|Seismic Toss|p1a: Corviknight
|-damage|p1a: Corviknight|72/100 par
|cant|p1a: Corviknight|par
|
|-weather|none
|upkeep
|turn|63
|
|t:|1661019749
|move|p2a: Chansey|Seismic Toss|p1a: Corviknight
|-damage|p1a: Corviknight|47/100 par
|move|p1a: Corviknight|Roost|p1a: Corviknight
|-heal|p1a: Corviknight|97/100 par
|-singleturn|p1a: Corviknight|move: Roost
|
|upkeep
|turn|64
|
|t:|1661019751
|move|p2a: Chansey|Seismic Toss|p1a: Corviknight
|-damage|p1a: Corviknight|72/100 par
|move|p1a: Corviknight|Defog|p2a: Chansey
|-unboost|p2a: Chansey|evasion|1
|-sideend|p1: cute pink team|Stealth Rock|[from] move: Defog|[of] p1a: Corviknight
|
|upkeep
|turn|65
|
|t:|1661019754
|move|p2a: Chansey|Soft-Boiled|p2a: Chansey
|-heal|p2a: Chansey|100/100
|move|p1a: Corviknight|Roost|p1a: Corviknight
|-heal|p1a: Corviknight|100/100 par
|-singleturn|p1a: Corviknight|move: Roost
|
|upkeep
|turn|66
|
|t:|1661019757
|switch|p2a: Hippowdon|Hippowdon, M|100/100
|-weather|Sandstorm|[from] ability: Sand Stream|[of] p2a: Hippowdon
|switch|p1a: Dragapult|Dragapult, F|76/100
|
|-weather|Sandstorm|[upkeep]
|-damage|p1a: Dragapult|70/100|[from] Sandstorm
|upkeep
|turn|67
|j|+oseanworld...
|
|t:|1661019759
|move|p1a: Dragapult|Hydro Pump|p2a: Hippowdon
|-supereffective|p2a: Hippowdon
|-damage|p2a: Hippowdon|30/100
|move|p2a: Hippowdon|Earthquake|p1a: Dragapult
|-damage|p1a: Dragapult|22/100
|
|-weather|Sandstorm|[upkeep]
|-damage|p1a: Dragapult|16/100|[from] Sandstorm
|-heal|p2a: Hippowdon|36/100|[from] item: Leftovers
|upkeep
|turn|68
|
|t:|1661019766
|switch|p2a: Chansey|Chansey, F|100/100
|move|p1a: Dragapult|Hydro Pump|p2a: Chansey
|-damage|p2a: Chansey|85/100
|
|-weather|Sandstorm|[upkeep]
|-damage|p1a: Dragapult|10/100|[from] Sandstorm
|-damage|p2a: Chansey|79/100|[from] Sandstorm
|upkeep
|turn|69
|
|t:|1661019773
|switch|p1a: Tyranitar|Tyranitar, M|88/100 par
|move|p2a: Chansey|Seismic Toss|p1a: Tyranitar
|-damage|p1a: Tyranitar|59/100 par
|
|-weather|Sandstorm|[upkeep]
|-damage|p2a: Chansey|73/100|[from] Sandstorm
|upkeep
|turn|70
|
|t:|1661019780
|switch|p1a: Zapdos|Zapdos|12/100
|move|p2a: Chansey|Soft-Boiled|p2a: Chansey
|-heal|p2a: Chansey|100/100
|
|-weather|none
|upkeep
|turn|71
|
|t:|1661019782
|switch|p2a: Hippowdon|Hippowdon, M|36/100
|-weather|Sandstorm|[from] ability: Sand Stream|[of] p2a: Hippowdon
|move|p1a: Zapdos|Volt Switch|p2a: Hippowdon
|-immune|p2a: Hippowdon
|
|-weather|Sandstorm|[upkeep]
|-damage|p1a: Zapdos|6/100|[from] Sandstorm
|-heal|p2a: Hippowdon|42/100|[from] item: Leftovers
|upkeep
|turn|72
|
|t:|1661019785
|switch|p1a: Corviknight|Corviknight, M|100/100 par
|-ability|p1a: Corviknight|Pressure
|move|p2a: Hippowdon|Slack Off|p2a: Hippowdon
|-heal|p2a: Hippowdon|92/100
|
|-weather|Sandstorm|[upkeep]
|-heal|p2a: Hippowdon|98/100|[from] item: Leftovers
|upkeep
|turn|73
|
|t:|1661019789
|move|p2a: Hippowdon|Stealth Rock|p1a: Corviknight
|-sidestart|p1: cute pink team|move: Stealth Rock
|cant|p1a: Corviknight|par
|
|-weather|Sandstorm|[upkeep]
|-heal|p2a: Hippowdon|100/100|[from] item: Leftovers
|upkeep
|turn|74
|j| F3rrari450
|
|t:|1661019792
|switch|p2a: Corviknight|Corviknight, F|100/100
|-ability|p2a: Corviknight|Pressure
|move|p1a: Corviknight|Defog|p2a: Corviknight
|-unboost|p2a: Corviknight|evasion|1
|-sideend|p1: cute pink team|Stealth Rock|[from] move: Defog|[of] p1a: Corviknight
|
|-weather|Sandstorm|[upkeep]
|upkeep
|turn|75
|
|t:|1661019798
|switch|p2a: Hippowdon|Hippowdon, M|100/100
|move|p1a: Corviknight|Body Press|p2a: Hippowdon
|-damage|p2a: Hippowdon|86/100
|
|-weather|none
|-heal|p2a: Hippowdon|92/100|[from] item: Leftovers
|upkeep
|turn|76
|
|t:|1661019801
|move|p2a: Hippowdon|Stealth Rock|p1a: Corviknight
|-sidestart|p1: cute pink team|move: Stealth Rock
|move|p1a: Corviknight|Defog|p2a: Hippowdon
|-unboost|p2a: Hippowdon|evasion|1
|-sideend|p1: cute pink team|Stealth Rock|[from] move: Defog|[of] p1a: Corviknight
|
|-heal|p2a: Hippowdon|99/100|[from] item: Leftovers
|upkeep
|turn|77
|
|t:|1661019805
|switch|p2a: Toxapex|Toxapex, F|41/100
|switch|p1a: Volcanion|Volcanion|52/100
|
|upkeep
|turn|78
|
|t:|1661019808
|switch|p2a: Chansey|Chansey, F|100/100
|move|p1a: Volcanion|Steam Eruption|p2a: Chansey
|-damage|p2a: Chansey|69/100
|
|upkeep
|turn|79
|
|t:|1661019813
|move|p1a: Volcanion|Steam Eruption|p2a: Chansey
|-damage|p2a: Chansey|39/100
|move|p2a: Chansey|Soft-Boiled|p2a: Chansey
|-heal|p2a: Chansey|90/100
|
|upkeep
|turn|80
|
|t:|1661019819
|switch|p1a: Tyranitar|Tyranitar, M|59/100 par
|-weather|Sandstorm|[from] ability: Sand Stream|[of] p1a: Tyranitar
|switch|p2a: Toxapex|Toxapex, F|75/100
|
|-weather|Sandstorm|[upkeep]
|-damage|p2a: Toxapex|69/100|[from] Sandstorm
|upkeep
|turn|81
|
|t:|1661019826
|cant|p1a: Tyranitar|par
|move|p2a: Toxapex|Knock Off|p1a: Tyranitar
|-resisted|p1a: Tyranitar
|-damage|p1a: Tyranitar|52/100 par
|-enditem|p1a: Tyranitar|Choice Band|[from] move: Knock Off|[of] p2a: Toxapex
|
|-weather|Sandstorm|[upkeep]
|-damage|p2a: Toxapex|63/100|[from] Sandstorm
|upkeep
|turn|82
|
|t:|1661019830
|switch|p2a: Hippowdon|Hippowdon, M|99/100
|move|p1a: Tyranitar|Ice Punch|p2a: Hippowdon
|-supereffective|p2a: Hippowdon
|-damage|p2a: Hippowdon|58/100
|
|-weather|Sandstorm|[upkeep]
|-heal|p2a: Hippowdon|64/100|[from] item: Leftovers
|upkeep
|turn|83
|
|t:|1661019838
|switch|p1a: Corviknight|Corviknight, M|100/100 par
|-ability|p1a: Corviknight|Pressure
|move|p2a: Hippowdon|Earthquake|p1a: Corviknight
|-immune|p1a: Corviknight
|
|-weather|Sandstorm|[upkeep]
|-heal|p2a: Hippowdon|70/100|[from] item: Leftovers
|upkeep
|turn|84
|
|t:|1661019844
|move|p2a: Hippowdon|Stealth Rock|p1a: Corviknight
|-sidestart|p1: cute pink team|move: Stealth Rock
|move|p1a: Corviknight|Defog|p2a: Hippowdon
|-unboost|p2a: Hippowdon|evasion|1
|-sideend|p1: cute pink team|Stealth Rock|[from] move: Defog|[of] p1a: Corviknight
|
|-weather|none
|-heal|p2a: Hippowdon|76/100|[from] item: Leftovers
|upkeep
|turn|85
|
|t:|1661019850
|switch|p2a: Corviknight|Corviknight, F|100/100
|-ability|p2a: Corviknight|Pressure
|move|p1a: Corviknight|Brave Bird|p2a: Corviknight
|-resisted|p2a: Corviknight
|-damage|p2a: Corviknight|88/100
|-damage|p1a: Corviknight|96/100 par|[from] Recoil
|
|upkeep
|turn|86
|
|t:|1661019853
|switch|p2a: Hippowdon|Hippowdon, M|76/100
|-weather|Sandstorm|[from] ability: Sand Stream|[of] p2a: Hippowdon
|switch|p1a: Tapu Lele|Tapu Lele|46/100
|-fieldstart|move: Psychic Terrain|[from] ability: Psychic Surge|[of] p1a: Tapu Lele
|
|-weather|Sandstorm|[upkeep]
|-damage|p1a: Tapu Lele|40/100|[from] Sandstorm
|-heal|p2a: Hippowdon|82/100|[from] item: Leftovers
|upkeep
|turn|87
|
|t:|1661019860
|move|p1a: Tapu Lele|Psychic|p2a: Hippowdon
|-damage|p2a: Hippowdon|7/100
|move|p2a: Hippowdon|Earthquake|p1a: Tapu Lele
|-crit|p1a: Tapu Lele
|-damage|p1a: Tapu Lele|0 fnt
|faint|p1a: Tapu Lele
|
|-weather|Sandstorm|[upkeep]
|-heal|p2a: Hippowdon|13/100|[from] item: Leftovers
|upkeep
|
|t:|1661019870
|switch|p1a: Zapdos|Zapdos|6/100
|turn|88
|
|t:|1661019877
|move|p1a: Zapdos|Volt Switch|p2a: Hippowdon
|-immune|p2a: Hippowdon
|move|p2a: Hippowdon|Slack Off|p2a: Hippowdon
|-heal|p2a: Hippowdon|63/100
|
|-weather|Sandstorm|[upkeep]
|-damage|p1a: Zapdos|0 fnt|[from] Sandstorm
|faint|p1a: Zapdos
|-heal|p2a: Hippowdon|69/100|[from] item: Leftovers
|upkeep
|c|☆LT93OQ Highv0ltag3|gg
|-message|cute pink team forfeited.
|
|win|LT93OQ Highv0ltag3
|raw|cute pink team's rating: 1882 &rarr; <strong>1867</strong><br />(-15 for losing)
|raw|LT93OQ Highv0ltag3's rating: 1974 &rarr; <strong>1989</strong><br />(+15 for winning)
|l|☆cute pink team
|l|☆LT93OQ Highv0ltag3
|l| LT93OQ WSLF
|l|+oseanworld...
||Ladder isn't responding, score probably updated but might not have (Request timeout).
|l| simplegent
|l| LT93OQ T
|l| just nimmemja
|l| F3rrari450
|l| l TPH l
