|j|☆Kaleor
|j|☆Down$hift
|t:|1647606710
|gametype|singles
|player|p1|Kaleor|swimmer-gen4dp|1575
|player|p2|Down$hift|teamrocket|1758
|teamsize|p1|6
|teamsize|p2|6
|gen|8
|tier|[Gen 8] OU
|rated|
|rule|Sleep Clause Mod: Limit one foe put to sleep
|rule|Species Clause: Limit one of each Pokémon
|rule|OHKO Clause: OHKO moves are banned
|rule|Evasion Moves Clause: Evasion moves are banned
|rule|Endless Battle Clause: Forcing endless battles is banned
|rule|HP Percentage Mod: HP is shown in percentages
|rule|Dynamax Clause: You cannot dynamax
|clearpoke
|poke|p1|Mew|
|poke|p1|Blacephalon|
|poke|p1|Dragonite, M|
|poke|p1|Landorus-Therian, M|
|poke|p1|Celesteela|
|poke|p1|Kartana|
|poke|p2|Tapu Koko|
|poke|p2|Blacephalon|
|poke|p2|Landorus-Therian, M|
|poke|p2|Zapdos-Galar|
|poke|p2|Tapu Fini|
|poke|p2|Melmetal|
|teampreview
|inactive|Battle timer is ON: inactive players will automatically lose when time's up. (requested by Kaleor)
|c|☆Down$hift|Hf
|
|t:|1647606721
|start
|switch|p1a: Mew|Mew|100/100
|switch|p2a: THE WRLD REVOLVING|Blacephalon|100/100
|turn|1
|
|t:|1647606727
|move|p2a: THE WRLD REVOLVING|Shadow Ball|p1a: Mew
|-supereffective|p1a: Mew
|-damage|p1a: Mew|13/100
|move|p1a: Mew|Stealth Rock|p2a: THE WRLD REVOLVING
|-sidestart|p2: Down$hift|move: Stealth Rock
|
|upkeep
|turn|2
|
|t:|1647606730
|move|p2a: THE WRLD REVOLVING|Shadow Ball|p1a: Mew
|-supereffective|p1a: Mew
|-damage|p1a: Mew|0 fnt
|faint|p1a: Mew
|-ability|p2a: THE WRLD REVOLVING|Beast Boost|boost
|-boost|p2a: THE WRLD REVOLVING|spa|1
|
|upkeep
|
|t:|1647606736
|switch|p1a: Kartana|Kartana|100/100
|turn|3
|
|t:|1647606744
|switch|p2a: Social Cloyster|Tapu Fini|100/100
|-damage|p2a: Social Cloyster|88/100|[from] Stealth Rock
|-fieldstart|move: Misty Terrain|[from] ability: Misty Surge|[of] p2a: Social Cloyster
|move|p1a: Kartana|Knock Off|p2a: Social Cloyster
|-resisted|p2a: Social Cloyster
|-damage|p2a: Social Cloyster|73/100
|-damage|p1a: Kartana|84/100|[from] item: Rocky Helmet|[of] p2a: Social Cloyster
|-enditem|p2a: Social Cloyster|Rocky Helmet|[from] move: Knock Off|[of] p1a: Kartana
|
|upkeep
|turn|4
|
|t:|1647606748
|switch|p1a: Celesteela|Celesteela|100/100
|move|p2a: Social Cloyster|Defog|p1a: Celesteela
|-unboost|p1a: Celesteela|evasion|1
|-sideend|p2: Down$hift|Stealth Rock|[from] move: Defog|[of] p2a: Social Cloyster
|-fieldend|Misty Terrain
|
|upkeep
|turn|5
|
|t:|1647606765
|switch|p2a: Nuts of Steel|Melmetal|100/100
|move|p1a: Celesteela|Meteor Beam||[still]
|-prepare|p1a: Celesteela|Meteor Beam
|-boost|p1a: Celesteela|spa|1
|-enditem|p1a: Celesteela|Power Herb
|-anim|p1a: Celesteela|Meteor Beam|p2a: Nuts of Steel
|-resisted|p2a: Nuts of Steel
|-damage|p2a: Nuts of Steel|87/100
|
|upkeep
|turn|6
|
|t:|1647606768
|move|p1a: Celesteela|Flamethrower|p2a: Nuts of Steel
|-supereffective|p2a: Nuts of Steel
|-damage|p2a: Nuts of Steel|46/100
|move|p2a: Nuts of Steel|Thunder Punch|p1a: Celesteela
|-supereffective|p1a: Celesteela
|-damage|p1a: Celesteela|43/100
|
|upkeep
|turn|7
|
|t:|1647606775
|move|p1a: Celesteela|Flamethrower|p2a: Nuts of Steel
|-supereffective|p2a: Nuts of Steel
|-damage|p2a: Nuts of Steel|4/100
|move|p2a: Nuts of Steel|Thunder Punch|p1a: Celesteela
|-supereffective|p1a: Celesteela
|-damage|p1a: Celesteela|0 fnt
|faint|p1a: Celesteela
|
|upkeep
|
|t:|1647606779
|switch|p1a: Blacephalon|Blacephalon|100/100
|turn|8
|
|t:|1647606783
|move|p1a: Blacephalon|Flame Charge|p2a: Nuts of Steel
|-supereffective|p2a: Nuts of Steel
|-damage|p2a: Nuts of Steel|0 fnt
|-boost|p1a: Blacephalon|spe|1
|faint|p2a: Nuts of Steel
|-ability|p1a: Blacephalon|Beast Boost|boost
|-boost|p1a: Blacephalon|spa|1
|
|upkeep
|
|t:|1647606790
|switch|p2a: LandOUrus-T|Landorus-Therian, M|100/100
|-ability|p2a: LandOUrus-T|Intimidate|boost
|-unboost|p1a: Blacephalon|atk|1
|turn|9
|
|t:|1647606792
|move|p1a: Blacephalon|Flamethrower|p2a: LandOUrus-T
|-damage|p2a: LandOUrus-T|44/100
|move|p2a: LandOUrus-T|Knock Off|p1a: Blacephalon
|-supereffective|p1a: Blacephalon
|-enditem|p1a: Blacephalon|Focus Sash
|-damage|p1a: Blacephalon|1/100
|
|-heal|p2a: LandOUrus-T|50/100|[from] item: Leftovers
|upkeep
|turn|10
|
|t:|1647606802
|move|p1a: Blacephalon|Flamethrower|p2a: LandOUrus-T
|-damage|p2a: LandOUrus-T|0 fnt
|faint|p2a: LandOUrus-T
|-ability|p1a: Blacephalon|Beast Boost|boost
|-boost|p1a: Blacephalon|spa|1
|
|upkeep
|
|t:|1647606810
|switch|p2a: Social Cloyster|Tapu Fini|73/100
|-fieldstart|move: Misty Terrain|[from] ability: Misty Surge|[of] p2a: Social Cloyster
|turn|11
|
|t:|1647606813
|move|p1a: Blacephalon|Shadow Ball|p2a: Social Cloyster
|-damage|p2a: Social Cloyster|2/100
|move|p2a: Social Cloyster|Scald|p1a: Blacephalon
|-supereffective|p1a: Blacephalon
|-damage|p1a: Blacephalon|0 fnt
|faint|p1a: Blacephalon
|
|upkeep
|j| Marquesa-10%
|c|☆Down$hift|Thank god
|
|t:|1647606823
|switch|p1a: Kartana|Kartana|84/100
|turn|12
|
|t:|1647606827
|move|p1a: Kartana|Smart Strike|p2a: Social Cloyster
|-damage|p2a: Social Cloyster|0 fnt
|faint|p2a: Social Cloyster
|-ability|p1a: Kartana|Beast Boost|boost
|-boost|p1a: Kartana|atk|1
|
|upkeep
|
|t:|1647606830
|switch|p2a: THE WRLD REVOLVING|Blacephalon|100/100
|turn|13
|j| Nextgene
|
|t:|1647606835
|switch|p1a: Landorus|Landorus-Therian, M|100/100
|-ability|p1a: Landorus|Intimidate|boost
|-unboost|p2a: THE WRLD REVOLVING|atk|1
|move|p2a: THE WRLD REVOLVING|Shadow Ball|p1a: Landorus
|-damage|p1a: Landorus|37/100
|
|upkeep
|turn|14
|
|t:|1647606839
|move|p2a: THE WRLD REVOLVING|Shadow Ball|p1a: Landorus
|-damage|p1a: Landorus|0 fnt
|faint|p1a: Landorus
|-ability|p2a: THE WRLD REVOLVING|Beast Boost|boost
|-boost|p2a: THE WRLD REVOLVING|spa|1
|
|upkeep
|
|t:|1647606841
|switch|p1a: Dragonite|Dragonite, M|100/100
|turn|15
|
|t:|1647606846
|move|p2a: THE WRLD REVOLVING|Shadow Ball|p1a: Dragonite
|-damage|p1a: Dragonite|60/100
|move|p1a: Dragonite|Earthquake|p2a: THE WRLD REVOLVING
|-supereffective|p2a: THE WRLD REVOLVING
|-damage|p2a: THE WRLD REVOLVING|0 fnt
|faint|p2a: THE WRLD REVOLVING
|
|-fieldend|Misty Terrain
|upkeep
|j| Heiwa June
|
|t:|1647606861
|switch|p2a: Tapu 3HKO|Tapu Koko|100/100
|-fieldstart|move: Electric Terrain|[from] ability: Electric Surge|[of] p2a: Tapu 3HKO
|turn|16
|
|t:|1647606865
|move|p2a: Tapu 3HKO|Wild Charge|p1a: Dragonite
|-damage|p1a: Dragonite|0 fnt
|faint|p1a: Dragonite
|-damage|p2a: Tapu 3HKO|83/100|[from] Recoil
|
|upkeep
|
|t:|1647606868
|switch|p1a: Kartana|Kartana|84/100
|turn|17
|
|t:|1647606874
|move|p1a: Kartana|Smart Strike|p2a: Tapu 3HKO
|-damage|p2a: Tapu 3HKO|18/100
|move|p2a: Tapu 3HKO|U-turn|p1a: Kartana
|-damage|p1a: Kartana|61/100
|
|t:|1647606876
|switch|p2a: Mind the Gap|Zapdos-Galar|100/100|[from]move: U-turn
|
|upkeep
|turn|18
|
|t:|1647606878
|move|p1a: Kartana|Smart Strike|p2a: Mind the Gap
|-damage|p2a: Mind the Gap|51/100
|move|p2a: Mind the Gap|Close Combat|p1a: Kartana
|-supereffective|p1a: Kartana
|-damage|p1a: Kartana|0 fnt
|-unboost|p2a: Mind the Gap|def|1
|-unboost|p2a: Mind the Gap|spd|1
|faint|p1a: Kartana
|
|win|Down$hift
|raw|Kaleor's rating: 1575 &rarr; <strong>1565</strong><br />(-10 for losing)
|raw|Down$hift's rating: 1758 &rarr; <strong>1768</strong><br />(+10 for winning)
|c|☆Down$hift|Gg
|l|☆Kaleor
|l| Marquesa-10%
||Ladder isn't responding, score probably updated but might not have (Request timeout).
|l| Heiwa June
|j| Hariaki
|j| ian_yo
|l| Hariaki
|l| Nextgene
|j| Nextgene
|l| Nextgene
