|html|<div class="broadcast-blue"><strong>[Gen 8] OU is currently suspecting Melmetal! For information on how to participate check out the <a href="https://www.smogon.com/forums/threads/np-ss-ou-suspect-process-round-12-monster-mash.3709234/">suspect thread</a>.</strong></div>
|j|‽MrRuf4si
|j|☆MinecraftUprising
|t:|1665881059
|gametype|singles
|player|p1|MrRuf4si|1|1782
|player|p2|MinecraftUprising|scubadiver|1678
|teamsize|p1|6
|teamsize|p2|6
|gen|8
|tier|[Gen 8] OU
|rated|
|rule|Sleep Clause Mod: Limit one foe put to sleep
|rule|Species Clause: Limit one of each Pokémon
|rule|OHKO Clause: OHKO moves are banned
|rule|Evasion Items Clause: Evasion items are banned
|rule|Evasion Moves Clause: Evasion moves are banned
|rule|Endless Battle Clause: Forcing endless battles is banned
|rule|HP Percentage Mod: HP is shown in percentages
|rule|Dynamax Clause: You cannot dynamax
|clearpoke
|poke|p1|Tyranitar, F|
|poke|p1|Seismitoad, F|
|poke|p1|Metagross|
|poke|p1|Buzzwole|
|poke|p1|Tornadus-Therian, M|
|poke|p1|Blacephalon|
|poke|p2|Skarmory, F|
|poke|p2|Ditto|
|poke|p2|Toxapex, M|
|poke|p2|Blissey, F|
|poke|p2|Shedinja|
|poke|p2|Quagsire, F|
|teampreview
|inactive|Battle timer is ON: inactive players will automatically lose when time's up. (requested by MinecraftUprising)
|j| TwilitIris N
|c|☆MinecraftUprising|why are u using tyranitar
|inactive|MinecraftUprising has 120 seconds left.
|
|t:|1665881093
|start
|switch|p1a: Blacephalon|Blacephalon|100/100
|switch|p2a: Ditto|Ditto|100/100
|-transform|p2a: Ditto|p1a: Blacephalon|[from] ability: Imposter
|-item|p2a: Ditto|Air Balloon
|turn|1
|j| cypherstest
|
|t:|1665881097
|switch|p2a: Toxapex|Toxapex, M|100/100
|move|p1a: Blacephalon|Trick|p2a: Toxapex
|-activate|p1a: Blacephalon|move: Trick|[of] p2a: Toxapex
|-item|p2a: Toxapex|Choice Scarf|[from] move: Trick
|-item|p1a: Blacephalon|Heavy-Duty Boots|[from] move: Trick
|
|upkeep
|turn|2
|
|t:|1665881104
|switch|p1a: Tornadus|Tornadus-Therian, M|100/100
|move|p2a: Toxapex|Knock Off|p1a: Tornadus
|-damage|p1a: Tornadus|80/100
|-enditem|p1a: Tornadus|Heavy-Duty Boots|[from] move: Knock Off|[of] p2a: Toxapex
|
|upkeep
|turn|3
|
|t:|1665881113
|move|p1a: Tornadus|U-turn|p2a: Toxapex
|-resisted|p2a: Toxapex
|-damage|p2a: Toxapex|96/100
|j| jly8
|
|t:|1665881117
|switch|p1a: Buzzwole|Buzzwole|100/100|[from]move: U-turn
|move|p2a: Toxapex|Knock Off|p1a: Buzzwole
|-resisted|p1a: Buzzwole
|-damage|p1a: Buzzwole|97/100
|-damage|p2a: Toxapex|79/100|[from] item: Rocky Helmet|[of] p1a: Buzzwole
|-enditem|p1a: Buzzwole|Rocky Helmet|[from] move: Knock Off|[of] p2a: Toxapex
|
|upkeep
|turn|4
|l|‽MrRuf4si
|inactive|MrRuf4si disconnected and has a minute to reconnect!
|player|p1|
|inactive|MinecraftUprising has 120 seconds left.
|
|t:|1665881161
|switch|p1a: Tornadus|Tornadus-Therian, M|100/100
|move|p2a: Toxapex|Knock Off|p1a: Tornadus
|-damage|p1a: Tornadus|86/100
|
|upkeep
|turn|5
|j|‽MrRuf4si
|inactive|MrRuf4si reconnected and has 145 seconds left.
|player|p1|MrRuf4si|1
|n|‽MrRuf4si|mrruf4si
|n|‽MrRuf4si|mrruf4si
|n|‽MrRuf4si|mrruf4si
|n|‽MrRuf4si|mrruf4si
|n|‽MrRuf4si|mrruf4si
|n|‽MrRuf4si|mrruf4si
|n|‽MrRuf4si|mrruf4si
|n|‽MrRuf4si|mrruf4si
|n|‽MrRuf4si|mrruf4si
|n|‽MrRuf4si|mrruf4si
|n|‽MrRuf4si|mrruf4si
|n|‽MrRuf4si|mrruf4si
|n|‽MrRuf4si|mrruf4si
|n|‽MrRuf4si|mrruf4si
|n|‽MrRuf4si|mrruf4si
|n|‽MrRuf4si|mrruf4si
|n|‽MrRuf4si|mrruf4si
|n|‽MrRuf4si|mrruf4si
|n|‽MrRuf4si|mrruf4si
|n|‽MrRuf4si|mrruf4si
|n|‽MrRuf4si|mrruf4si
|n|‽MrRuf4si|mrruf4si
|n|‽MrRuf4si|mrruf4si
|n|‽MrRuf4si|mrruf4si
|n|‽MrRuf4si|mrruf4si
|n|‽MrRuf4si|mrruf4si
|n|‽MrRuf4si|mrruf4si
|n|‽MrRuf4si|mrruf4si
|n|‽MrRuf4si|mrruf4si
|n|‽MrRuf4si|mrruf4si
|n|‽MrRuf4si|mrruf4si
|n|‽MrRuf4si|mrruf4si
|n|‽MrRuf4si|mrruf4si
|n|‽MrRuf4si|mrruf4si
|n|‽MrRuf4si|mrruf4si
|n|‽MrRuf4si|mrruf4si
|n|‽MrRuf4si|mrruf4si
|n|‽MrRuf4si|mrruf4si
|n|‽MrRuf4si|mrruf4si
|n|‽MrRuf4si|mrruf4si
|n|‽MrRuf4si|mrruf4si
|n|‽MrRuf4si|mrruf4si
|n|‽MrRuf4si|mrruf4si
|n|‽MrRuf4si|mrruf4si
|n|‽MrRuf4si|mrruf4si
|n|‽MrRuf4si|mrruf4si
|n|‽MrRuf4si|mrruf4si
|n|‽MrRuf4si|mrruf4si
|n|‽MrRuf4si|mrruf4si
|n|‽MrRuf4si|mrruf4si
|n|‽MrRuf4si|mrruf4si
|n|‽MrRuf4si|mrruf4si
|l|‽MrRuf4si
|inactive|MrRuf4si disconnected and has a minute to reconnect!
|player|p1|
|j|‽MrRuf4si
|inactive|MrRuf4si reconnected.
|player|p1|MrRuf4si|1
|n|‽MrRuf4si|mrruf4si
|n|‽MrRuf4si|mrruf4si
|n|‽MrRuf4si|mrruf4si
|n|‽MrRuf4si|mrruf4si
|n|‽MrRuf4si|mrruf4si
|n|‽MrRuf4si|mrruf4si
|n|‽MrRuf4si|mrruf4si
|n|‽MrRuf4si|mrruf4si
|n|‽MrRuf4si|mrruf4si
|n|‽MrRuf4si|mrruf4si
|n|‽MrRuf4si|mrruf4si
|n|‽MrRuf4si|mrruf4si
|n|‽MrRuf4si|mrruf4si
|n|‽MrRuf4si|mrruf4si
|n|‽MrRuf4si|mrruf4si
|n|‽MrRuf4si|mrruf4si
|n|‽MrRuf4si|mrruf4si
|n|‽MrRuf4si|mrruf4si
|n|‽MrRuf4si|mrruf4si
|n|‽MrRuf4si|mrruf4si
|n|‽MrRuf4si|mrruf4si
|n|‽MrRuf4si|mrruf4si
|n|‽MrRuf4si|mrruf4si
|n|‽MrRuf4si|mrruf4si
|n|‽MrRuf4si|mrruf4si
|n|‽MrRuf4si|mrruf4si
|n|‽MrRuf4si|mrruf4si
|n|‽MrRuf4si|mrruf4si
|n|‽MrRuf4si|mrruf4si
|n|‽MrRuf4si|mrruf4si
|n|‽MrRuf4si|mrruf4si
|n|‽MrRuf4si|mrruf4si
|n|‽MrRuf4si|mrruf4si
|n|‽MrRuf4si|mrruf4si
|n|‽MrRuf4si|mrruf4si
|n|‽MrRuf4si|mrruf4si
|n|‽MrRuf4si|mrruf4si
|n|‽MrRuf4si|mrruf4si
|n|‽MrRuf4si|mrruf4si
|n|‽MrRuf4si|mrruf4si
|n|‽MrRuf4si|mrruf4si
|n|‽MrRuf4si|mrruf4si
|n|‽MrRuf4si|mrruf4si
|n|‽MrRuf4si|mrruf4si
|n|‽MrRuf4si|mrruf4si
|n|‽MrRuf4si|mrruf4si
|n|‽MrRuf4si|mrruf4si
|n|‽MrRuf4si|mrruf4si
|n|‽MrRuf4si|mrruf4si
|n|‽MrRuf4si|mrruf4si
|n|‽MrRuf4si|mrruf4si
|n|‽MrRuf4si|mrruf4si
|n|‽MrRuf4si|mrruf4si
|inactive|MinecraftUprising has 90 seconds left.
|
|t:|1665881193
|switch|p2a: Skarmory|Skarmory, F|100/100
|move|p1a: Tornadus|Hurricane|p2a: Skarmory
|-resisted|p2a: Skarmory
|-damage|p2a: Skarmory|59/100
|
|-heal|p2a: Skarmory|65/100|[from] item: Leftovers
|upkeep
|turn|6
|
|t:|1665881197
|switch|p2a: Toxapex|Toxapex, M|100/100
|move|p1a: Tornadus|Heat Wave|p2a: Toxapex
|-resisted|p2a: Toxapex
|-damage|p2a: Toxapex|89/100
|
|upkeep
|turn|7
|
|t:|1665881202
|move|p1a: Tornadus|Hurricane|p2a: Toxapex
|-damage|p2a: Toxapex|48/100
|-start|p2a: Toxapex|confusion
|-activate|p2a: Toxapex|confusion
|move|p2a: Toxapex|Scald|p1a: Tornadus
|-damage|p1a: Tornadus|67/100
|-status|p1a: Tornadus|brn
|
|-damage|p1a: Tornadus|60/100 brn|[from] brn
|upkeep
|turn|8
|
|t:|1665881209
|switch|p2a: Blissey|Blissey, F|100/100
|move|p1a: Tornadus|U-turn|p2a: Blissey
|-damage|p2a: Blissey|95/100
|
|t:|1665881217
|switch|p1a: Tyranitar|Tyranitar, F|100/100|[from]move: U-turn
|-weather|Sandstorm|[from] ability: Sand Stream|[of] p1a: Tyranitar
|
|-weather|Sandstorm|[upkeep]
|-damage|p2a: Blissey|89/100|[from] Sandstorm
|upkeep
|turn|9
|
|t:|1665881222
|switch|p2a: Skarmory|Skarmory, F|65/100
|move|p1a: Tyranitar|Crunch|p2a: Skarmory
|-damage|p2a: Skarmory|17/100
|
|-weather|Sandstorm|[upkeep]
|-heal|p2a: Skarmory|23/100|[from] item: Leftovers
|upkeep
|turn|10
|
|t:|1665881228
|move|p2a: Skarmory|Body Press|p1a: Tyranitar
|-supereffective|p1a: Tyranitar
|-damage|p1a: Tyranitar|0 fnt
|faint|p1a: Tyranitar
|
|-weather|Sandstorm|[upkeep]
|-heal|p2a: Skarmory|30/100|[from] item: Leftovers
|upkeep
|
|t:|1665881233
|switch|p1a: Blacephalon|Blacephalon|100/100
|turn|11
|
|t:|1665881242
|switch|p1a: Metagross|Metagross, shiny|100/100
|switch|p2a: Blissey|Blissey, F|89/100
|
|-weather|Sandstorm|[upkeep]
|-damage|p2a: Blissey|82/100|[from] Sandstorm
|upkeep
|turn|12
|
|t:|1665881258
|switch|p2a: Toxapex|Toxapex, M|81/100
|move|p1a: Metagross|Meteor Mash|p2a: Toxapex
|-resisted|p2a: Toxapex
|-damage|p2a: Toxapex|65/100
|
|-weather|none
|upkeep
|turn|13
|
|t:|1665881261
|move|p1a: Metagross|Earthquake|p2a: Toxapex
|-supereffective|p2a: Toxapex
|-damage|p2a: Toxapex|17/100
|move|p2a: Toxapex|Scald|p1a: Metagross
|-damage|p1a: Metagross|86/100
|-status|p1a: Metagross|brn
|
|-damage|p1a: Metagross|80/100 brn|[from] brn
|upkeep
|turn|14
|
|t:|1665881270
|switch|p1a: Seismitoad|Seismitoad, F, shiny|100/100
|switch|p2a: Skarmory|Skarmory, F|30/100
|
|-heal|p2a: Skarmory|36/100|[from] item: Leftovers
|upkeep
|turn|15
|
|t:|1665881274
|switch|p2a: Blissey|Blissey, F|82/100
|move|p1a: Seismitoad|Scald|p2a: Blissey
|-damage|p2a: Blissey|73/100
|
|upkeep
|turn|16
|
|t:|1665881293
|move|p1a: Seismitoad|Stealth Rock|p2a: Blissey
|-sidestart|p2: MinecraftUprising|move: Stealth Rock
|move|p2a: Blissey|Stealth Rock|p1a: Seismitoad
|-sidestart|p1: MrRuf4si|move: Stealth Rock
|
|upkeep
|turn|17
|
|t:|1665881300
|switch|p1a: Buzzwole|Buzzwole|97/100
|-damage|p1a: Buzzwole|85/100|[from] Stealth Rock
|move|p2a: Blissey|Soft-Boiled|p2a: Blissey
|-heal|p2a: Blissey|100/100
|
|upkeep
|turn|18
|l|‽MrRuf4si
|inactive|MrRuf4si disconnected and has a minute to reconnect!
|player|p1|
|l| TwilitIris N
|inactive|MinecraftUprising has 120 seconds left.
|inactive|MrRuf4si has 30 seconds to reconnect!
|inactive|MrRuf4si has 20 seconds to reconnect!
|inactive|MrRuf4si has 15 seconds to reconnect!
|inactive|MrRuf4si has 10 seconds to reconnect!
|j|‽MrRuf4si
|inactive|MrRuf4si reconnected and has 90 seconds left.
|player|p1|MrRuf4si|1
|n|‽MrRuf4si|mrruf4si
|n|‽MrRuf4si|mrruf4si
|n|‽MrRuf4si|mrruf4si
|n|‽MrRuf4si|mrruf4si
|n|‽MrRuf4si|mrruf4si
|n|‽MrRuf4si|mrruf4si
|n|‽MrRuf4si|mrruf4si
|n|‽MrRuf4si|mrruf4si
|n|‽MrRuf4si|mrruf4si
|n|‽MrRuf4si|mrruf4si
|n|‽MrRuf4si|mrruf4si
|n|‽MrRuf4si|mrruf4si
|n|‽MrRuf4si|mrruf4si
|n|‽MrRuf4si|mrruf4si
|n|‽MrRuf4si|mrruf4si
|n|‽MrRuf4si|mrruf4si
|n|‽MrRuf4si|mrruf4si
|n|‽MrRuf4si|mrruf4si
|n|‽MrRuf4si|mrruf4si
|n|‽MrRuf4si|mrruf4si
|n|‽MrRuf4si|mrruf4si
|n|‽MrRuf4si|mrruf4si
|n|‽MrRuf4si|mrruf4si
|n|‽MrRuf4si|mrruf4si
|n|‽MrRuf4si|mrruf4si
|n|‽MrRuf4si|mrruf4si
|n|‽MrRuf4si|mrruf4si
|n|‽MrRuf4si|mrruf4si
|n|‽MrRuf4si|mrruf4si
|n|‽MrRuf4si|mrruf4si
|n|‽MrRuf4si|mrruf4si
|n|‽MrRuf4si|mrruf4si
|n|‽MrRuf4si|mrruf4si
|n|‽MrRuf4si|mrruf4si
|n|‽MrRuf4si|mrruf4si
|n|‽MrRuf4si|mrruf4si
|n|‽MrRuf4si|mrruf4si
|n|‽MrRuf4si|mrruf4si
|n|‽MrRuf4si|mrruf4si
|n|‽MrRuf4si|mrruf4si
|n|‽MrRuf4si|mrruf4si
|n|‽MrRuf4si|mrruf4si
|n|‽MrRuf4si|mrruf4si
|n|‽MrRuf4si|mrruf4si
|n|‽MrRuf4si|mrruf4si
|n|‽MrRuf4si|mrruf4si
|n|‽MrRuf4si|mrruf4si
|n|‽MrRuf4si|mrruf4si
|n|‽MrRuf4si|mrruf4si
|n|‽MrRuf4si|mrruf4si
|n|‽MrRuf4si|mrruf4si
|n|‽MrRuf4si|mrruf4si
|n|‽MrRuf4si|mrruf4si
|n|‽MrRuf4si|mrruf4si
|
|t:|1665881363
|switch|p2a: Ditto|Ditto|100/100
|-damage|p2a: Ditto|88/100|[from] Stealth Rock
|-transform|p2a: Ditto|p1a: Buzzwole|[from] ability: Imposter
|-item|p2a: Ditto|Air Balloon
|move|p1a: Buzzwole|Close Combat|p2a: Ditto
|-resisted|p2a: Ditto
|-damage|p2a: Ditto|71/100
|-unboost|p1a: Buzzwole|def|1
|-unboost|p1a: Buzzwole|spd|1
|-enditem|p2a: Ditto|Air Balloon
|
|upkeep
|turn|19
|
|t:|1665881370
|switch|p2a: Toxapex|Toxapex, M|50/100
|-damage|p2a: Toxapex|38/100|[from] Stealth Rock
|switch|p1a: Tornadus|Tornadus-Therian, M|94/100 brn
|-damage|p1a: Tornadus|69/100 brn|[from] Stealth Rock
|
|-damage|p1a: Tornadus|62/100 brn|[from] brn
|upkeep
|turn|20
|
|t:|1665881374
|move|p1a: Tornadus|U-turn|p2a: Toxapex
|-resisted|p2a: Toxapex
|-damage|p2a: Toxapex|36/100
|
|t:|1665881376
|switch|p1a: Seismitoad|Seismitoad, F, shiny|100/100|[from]move: U-turn
|-damage|p1a: Seismitoad|94/100|[from] Stealth Rock
|move|p2a: Toxapex|Recover|p2a: Toxapex
|-heal|p2a: Toxapex|86/100
|
|-heal|p1a: Seismitoad|100/100|[from] item: Leftovers
|upkeep
|turn|21
|l|‽MrRuf4si
|inactive|MrRuf4si disconnected and has a minute to reconnect!
|player|p1|
|
|t:|1665881402
|switch|p1a: Buzzwole|Buzzwole|85/100
|-damage|p1a: Buzzwole|72/100|[from] Stealth Rock
|switch|p2a: Blissey|Blissey, F|100/100
|
|upkeep
|turn|22
|j|‽MrRuf4si
|inactive|MrRuf4si reconnected and has 130 seconds left.
|player|p1|MrRuf4si|1
|n|‽MrRuf4si|mrruf4si
|n|‽MrRuf4si|mrruf4si
|n|‽MrRuf4si|mrruf4si
|n|‽MrRuf4si|mrruf4si
|n|‽MrRuf4si|mrruf4si
|n|‽MrRuf4si|mrruf4si
|n|‽MrRuf4si|mrruf4si
|n|‽MrRuf4si|mrruf4si
|n|‽MrRuf4si|mrruf4si
|n|‽MrRuf4si|mrruf4si
|n|‽MrRuf4si|mrruf4si
|n|‽MrRuf4si|mrruf4si
|n|‽MrRuf4si|mrruf4si
|n|‽MrRuf4si|mrruf4si
|n|‽MrRuf4si|mrruf4si
|n|‽MrRuf4si|mrruf4si
|n|‽MrRuf4si|mrruf4si
|n|‽MrRuf4si|mrruf4si
|n|‽MrRuf4si|mrruf4si
|n|‽MrRuf4si|mrruf4si
|n|‽MrRuf4si|mrruf4si
|n|‽MrRuf4si|mrruf4si
|n|‽MrRuf4si|mrruf4si
|n|‽MrRuf4si|mrruf4si
|n|‽MrRuf4si|mrruf4si
|n|‽MrRuf4si|mrruf4si
|n|‽MrRuf4si|mrruf4si
|n|‽MrRuf4si|mrruf4si
|n|‽MrRuf4si|mrruf4si
|n|‽MrRuf4si|mrruf4si
|n|‽MrRuf4si|mrruf4si
|n|‽MrRuf4si|mrruf4si
|n|‽MrRuf4si|mrruf4si
|n|‽MrRuf4si|mrruf4si
|n|‽MrRuf4si|mrruf4si
|n|‽MrRuf4si|mrruf4si
|n|‽MrRuf4si|mrruf4si
|n|‽MrRuf4si|mrruf4si
|n|‽MrRuf4si|mrruf4si
|n|‽MrRuf4si|mrruf4si
|n|‽MrRuf4si|mrruf4si
|n|‽MrRuf4si|mrruf4si
|n|‽MrRuf4si|mrruf4si
|n|‽MrRuf4si|mrruf4si
|n|‽MrRuf4si|mrruf4si
|n|‽MrRuf4si|mrruf4si
|n|‽MrRuf4si|mrruf4si
|n|‽MrRuf4si|mrruf4si
|n|‽MrRuf4si|mrruf4si
|n|‽MrRuf4si|mrruf4si
|n|‽MrRuf4si|mrruf4si
|n|‽MrRuf4si|mrruf4si
|n|‽MrRuf4si|mrruf4si
|n|‽MrRuf4si|mrruf4si
|n|‽MrRuf4si|mrruf4si
|
|t:|1665881406
|move|p1a: Buzzwole|Close Combat|p2a: Blissey
|-supereffective|p2a: Blissey
|-damage|p2a: Blissey|4/100
|-unboost|p1a: Buzzwole|def|1
|-unboost|p1a: Buzzwole|spd|1
|move|p2a: Blissey|Toxic|p1a: Buzzwole
|-status|p1a: Buzzwole|tox
|
|-damage|p1a: Buzzwole|66/100 tox|[from] psn
|upkeep
|turn|23
|j| Partynparadise
|
|t:|1665881416
|switch|p2a: Toxapex|Toxapex, M|100/100
|-damage|p2a: Toxapex|88/100|[from] Stealth Rock
|move|p1a: Buzzwole|Close Combat|p2a: Toxapex
|-resisted|p2a: Toxapex
|-damage|p2a: Toxapex|72/100
|-unboost|p1a: Buzzwole|def|1
|-unboost|p1a: Buzzwole|spd|1
|
|-damage|p1a: Buzzwole|54/100 tox|[from] psn
|upkeep
|turn|24
|
|t:|1665881420
|switch|p1a: Tornadus|Tornadus-Therian, M|95/100 brn
|-damage|p1a: Tornadus|70/100 brn|[from] Stealth Rock
|move|p2a: Toxapex|Scald|p1a: Tornadus
|-damage|p1a: Tornadus|50/100 brn
|
|-damage|p1a: Tornadus|43/100 brn|[from] brn
|upkeep
|turn|25
|
|t:|1665881440
|move|p1a: Tornadus|Hurricane|p2a: Toxapex
|-damage|p2a: Toxapex|33/100
|-start|p2a: Toxapex|confusion
|-activate|p2a: Toxapex|confusion
|move|p2a: Toxapex|Scald|p1a: Tornadus
|-damage|p1a: Tornadus|22/100 brn
|
|-damage|p1a: Tornadus|16/100 brn|[from] brn
|upkeep
|turn|26
|
|t:|1665881446
|switch|p2a: Shedinja|Shedinja|100/100
|move|p1a: Tornadus|Hurricane|p2a: Shedinja|[miss]
|-miss|p1a: Tornadus|p2a: Shedinja
|
|-damage|p1a: Tornadus|10/100 brn|[from] brn
|upkeep
|turn|27
|
|t:|1665881456
|switch|p1a: Seismitoad|Seismitoad, F, shiny|100/100
|-damage|p1a: Seismitoad|94/100|[from] Stealth Rock
|move|p2a: Shedinja|Will-O-Wisp|p1a: Seismitoad
|-status|p1a: Seismitoad|brn
|
|-heal|p1a: Seismitoad|100/100 brn|[from] item: Leftovers
|-damage|p1a: Seismitoad|94/100 brn|[from] brn
|upkeep
|turn|28
|
|t:|1665881464
|move|p2a: Shedinja|Protect|p2a: Shedinja
|-singleturn|p2a: Shedinja|Protect
|move|p1a: Seismitoad|Toxic|p2a: Shedinja
|-activate|p2a: Shedinja|move: Protect
|
|-heal|p1a: Seismitoad|100/100 brn|[from] item: Leftovers
|-damage|p1a: Seismitoad|94/100 brn|[from] brn
|upkeep
|turn|29
|
|t:|1665881469
|switch|p2a: Toxapex|Toxapex, M|67/100
|-damage|p2a: Toxapex|54/100|[from] Stealth Rock
|move|p1a: Seismitoad|Toxic|p2a: Toxapex
|-immune|p2a: Toxapex
|
|-heal|p1a: Seismitoad|100/100 brn|[from] item: Leftovers
|-damage|p1a: Seismitoad|94/100 brn|[from] brn
|upkeep
|turn|30
|
|t:|1665881471
|move|p1a: Seismitoad|Earth Power|p2a: Toxapex
|-supereffective|p2a: Toxapex
|-damage|p2a: Toxapex|13/100
|move|p2a: Toxapex|Recover|p2a: Toxapex
|-heal|p2a: Toxapex|63/100
|
|-heal|p1a: Seismitoad|100/100 brn|[from] item: Leftovers
|-damage|p1a: Seismitoad|94/100 brn|[from] brn
|upkeep
|turn|31
|j| Rubi's NeoGenesis
|
|t:|1665881476
|move|p1a: Seismitoad|Earth Power|p2a: Toxapex
|-supereffective|p2a: Toxapex
|-damage|p2a: Toxapex|15/100
|move|p2a: Toxapex|Recover|p2a: Toxapex
|-heal|p2a: Toxapex|65/100
|
|-heal|p1a: Seismitoad|100/100 brn|[from] item: Leftovers
|-damage|p1a: Seismitoad|94/100 brn|[from] brn
|upkeep
|turn|32
|
|t:|1665881479
|switch|p2a: Skarmory|Skarmory, F|36/100
|-damage|p2a: Skarmory|23/100|[from] Stealth Rock
|move|p1a: Seismitoad|Earth Power|p2a: Skarmory
|-immune|p2a: Skarmory
|
|-heal|p2a: Skarmory|30/100|[from] item: Leftovers
|-heal|p1a: Seismitoad|100/100 brn|[from] item: Leftovers
|-damage|p1a: Seismitoad|94/100 brn|[from] brn
|upkeep
|turn|33
|c|☆MinecraftUprising|dumbass tried to toxic a poison type
|
|t:|1665881489
|move|p2a: Skarmory|Roost|p2a: Skarmory
|-heal|p2a: Skarmory|80/100
|-singleturn|p2a: Skarmory|move: Roost
|move|p1a: Seismitoad|Scald|p2a: Skarmory
|-damage|p2a: Skarmory|42/100
|
|-heal|p2a: Skarmory|49/100|[from] item: Leftovers
|-heal|p1a: Seismitoad|100/100 brn|[from] item: Leftovers
|-damage|p1a: Seismitoad|94/100 brn|[from] brn
|upkeep
|turn|34
|j| TwilitIris N
|inactive|MinecraftUprising has 120 seconds left.
|l| Partynparadise
|
|t:|1665881521
|move|p2a: Skarmory|Roost|p2a: Skarmory
|-heal|p2a: Skarmory|99/100
|-singleturn|p2a: Skarmory|move: Roost
|move|p1a: Seismitoad|Scald|p2a: Skarmory
|-damage|p2a: Skarmory|58/100
|
|-heal|p2a: Skarmory|64/100|[from] item: Leftovers
|-heal|p1a: Seismitoad|100/100 brn|[from] item: Leftovers
|-damage|p1a: Seismitoad|94/100 brn|[from] brn
|upkeep
|turn|35
|
|t:|1665881524
|switch|p2a: Toxapex|Toxapex, M|98/100
|-damage|p2a: Toxapex|85/100|[from] Stealth Rock
|move|p1a: Seismitoad|Scald|p2a: Toxapex
|-resisted|p2a: Toxapex
|-damage|p2a: Toxapex|75/100
|
|-heal|p1a: Seismitoad|100/100 brn|[from] item: Leftovers
|-damage|p1a: Seismitoad|94/100 brn|[from] brn
|upkeep
|turn|36
|
|t:|1665881529
|move|p1a: Seismitoad|Earth Power|p2a: Toxapex
|-supereffective|p2a: Toxapex
|-damage|p2a: Toxapex|27/100
|move|p2a: Toxapex|Knock Off|p1a: Seismitoad
|-damage|p1a: Seismitoad|79/100 brn
|-enditem|p1a: Seismitoad|Leftovers|[from] move: Knock Off|[of] p2a: Toxapex
|
|-damage|p1a: Seismitoad|72/100 brn|[from] brn
|upkeep
|turn|37
|
|t:|1665881535
|switch|p2a: Skarmory|Skarmory, F|64/100
|-damage|p2a: Skarmory|52/100|[from] Stealth Rock
|move|p1a: Seismitoad|Scald|p2a: Skarmory
|-damage|p2a: Skarmory|11/100
|
|-heal|p2a: Skarmory|17/100|[from] item: Leftovers
|-damage|p1a: Seismitoad|66/100 brn|[from] brn
|upkeep
|turn|38
|j| hgfhgfhsfghs
|
|t:|1665881539
|move|p2a: Skarmory|Roost|p2a: Skarmory
|-heal|p2a: Skarmory|67/100
|-singleturn|p2a: Skarmory|move: Roost
|move|p1a: Seismitoad|Earth Power|p2a: Skarmory
|-supereffective|p2a: Skarmory
|-damage|p2a: Skarmory|0 fnt
|faint|p2a: Skarmory
|
|-damage|p1a: Seismitoad|60/100 brn|[from] brn
|upkeep
|j| Shikshtenaan
|
|t:|1665881556
|switch|p2a: Ditto|Ditto|71/100
|-damage|p2a: Ditto|59/100|[from] Stealth Rock
|-transform|p2a: Ditto|p1a: Seismitoad|[from] ability: Imposter
|turn|39
|l| Shikshtenaan
|
|t:|1665881565
|move|p2a: Ditto|Earth Power|p1a: Seismitoad
|-damage|p1a: Seismitoad|41/100 brn
|move|p1a: Seismitoad|Toxic|p2a: Ditto
|-status|p2a: Ditto|tox
|
|-damage|p2a: Ditto|53/100 tox|[from] psn
|-damage|p1a: Seismitoad|35/100 brn|[from] brn
|upkeep
|turn|40
|l| TwilitIris N
|inactive|MinecraftUprising has 120 seconds left.
|l|‽MrRuf4si
|inactive|MrRuf4si disconnected and has a minute to reconnect!
|player|p1|
|j| TwilitIris N
|j|‽MrRuf4si
|inactive|MrRuf4si reconnected.
|player|p1|MrRuf4si|1
|n|‽MrRuf4si|mrruf4si
|n|‽MrRuf4si|mrruf4si
|n|‽MrRuf4si|mrruf4si
|n|‽MrRuf4si|mrruf4si
|n|‽MrRuf4si|mrruf4si
|n|‽MrRuf4si|mrruf4si
|n|‽MrRuf4si|mrruf4si
|n|‽MrRuf4si|mrruf4si
|n|‽MrRuf4si|mrruf4si
|n|‽MrRuf4si|mrruf4si
|n|‽MrRuf4si|mrruf4si
|n|‽MrRuf4si|mrruf4si
|n|‽MrRuf4si|mrruf4si
|n|‽MrRuf4si|mrruf4si
|n|‽MrRuf4si|mrruf4si
|n|‽MrRuf4si|mrruf4si
|n|‽MrRuf4si|mrruf4si
|n|‽MrRuf4si|mrruf4si
|n|‽MrRuf4si|mrruf4si
|n|‽MrRuf4si|mrruf4si
|n|‽MrRuf4si|mrruf4si
|n|‽MrRuf4si|mrruf4si
|n|‽MrRuf4si|mrruf4si
|n|‽MrRuf4si|mrruf4si
|n|‽MrRuf4si|mrruf4si
|n|‽MrRuf4si|mrruf4si
|n|‽MrRuf4si|mrruf4si
|n|‽MrRuf4si|mrruf4si
|n|‽MrRuf4si|mrruf4si
|n|‽MrRuf4si|mrruf4si
|n|‽MrRuf4si|mrruf4si
|n|‽MrRuf4si|mrruf4si
|n|‽MrRuf4si|mrruf4si
|n|‽MrRuf4si|mrruf4si
|n|‽MrRuf4si|mrruf4si
|n|‽MrRuf4si|mrruf4si
|n|‽MrRuf4si|mrruf4si
|n|‽MrRuf4si|mrruf4si
|n|‽MrRuf4si|mrruf4si
|n|‽MrRuf4si|mrruf4si
|n|‽MrRuf4si|mrruf4si
|n|‽MrRuf4si|mrruf4si
|n|‽MrRuf4si|mrruf4si
|n|‽MrRuf4si|mrruf4si
|n|‽MrRuf4si|mrruf4si
|n|‽MrRuf4si|mrruf4si
|n|‽MrRuf4si|mrruf4si
|n|‽MrRuf4si|mrruf4si
|n|‽MrRuf4si|mrruf4si
|n|‽MrRuf4si|mrruf4si
|n|‽MrRuf4si|mrruf4si
|n|‽MrRuf4si|mrruf4si
|n|‽MrRuf4si|mrruf4si
|n|‽MrRuf4si|mrruf4si
|n|‽MrRuf4si|mrruf4si
|n|‽MrRuf4si|mrruf4si
|
|t:|1665881605
|switch|p1a: Buzzwole|Buzzwole|54/100 tox
|-damage|p1a: Buzzwole|42/100 tox|[from] Stealth Rock
|move|p2a: Ditto|Earth Power|p1a: Buzzwole
|-resisted|p1a: Buzzwole
|-crit|p1a: Buzzwole
|-damage|p1a: Buzzwole|12/100 tox
|
|-damage|p1a: Buzzwole|6/100 tox|[from] psn
|-damage|p2a: Ditto|41/100 tox|[from] psn
|upkeep
|turn|41
|
|t:|1665881612
|switch|p2a: Toxapex|Toxapex, M|60/100
|-damage|p2a: Toxapex|48/100|[from] Stealth Rock
|move|p1a: Buzzwole|Roost|p1a: Buzzwole
|-heal|p1a: Buzzwole|56/100 tox
|-singleturn|p1a: Buzzwole|move: Roost
|
|-damage|p1a: Buzzwole|44/100 tox|[from] psn
|upkeep
|turn|42
|inactive|MinecraftUprising has 120 seconds left.
|
|t:|1665881619
|move|p1a: Buzzwole|Roost|p1a: Buzzwole
|-heal|p1a: Buzzwole|94/100 tox
|-singleturn|p1a: Buzzwole|move: Roost
|move|p2a: Toxapex|Recover|p2a: Toxapex
|-heal|p2a: Toxapex|98/100
|
|-damage|p1a: Buzzwole|76/100 tox|[from] psn
|upkeep
|turn|43
|
|t:|1665881624
|switch|p1a: Blacephalon|Blacephalon|100/100
|switch|p2a: Ditto|Ditto|41/100 tox
|-damage|p2a: Ditto|29/100 tox|[from] Stealth Rock
|-transform|p2a: Ditto|p1a: Blacephalon|[from] ability: Imposter
|
|-damage|p2a: Ditto|22/100 tox|[from] psn
|upkeep
|turn|44
|
|t:|1665881637
|switch|p1a: Seismitoad|Seismitoad, F, shiny|35/100 brn
|-damage|p1a: Seismitoad|29/100 brn|[from] Stealth Rock
|move|p2a: Ditto|Shadow Ball|p1a: Seismitoad
|-damage|p1a: Seismitoad|0 fnt
|faint|p1a: Seismitoad
|-ability|p2a: Ditto|Beast Boost|boost
|-boost|p2a: Ditto|spa|1
|
|-damage|p2a: Ditto|10/100 tox|[from] psn
|upkeep
|
|t:|1665881644
|switch|p1a: Tornadus|Tornadus-Therian, M|43/100 brn
|-damage|p1a: Tornadus|18/100 brn|[from] Stealth Rock
|turn|45
|
|t:|1665881649
|switch|p2a: Shedinja|Shedinja|100/100
|move|p1a: Tornadus|U-turn|p2a: Shedinja
|-immune|p2a: Shedinja|[from] ability: Wonder Guard
|
|-damage|p1a: Tornadus|12/100 brn|[from] brn
|upkeep
|turn|46
|
|t:|1665881659
|switch|p1a: Buzzwole|Buzzwole|76/100 tox
|-damage|p1a: Buzzwole|63/100 tox|[from] Stealth Rock
|move|p2a: Shedinja|Protect||[still]
|-fail|p2a: Shedinja
|
|-damage|p1a: Buzzwole|57/100 tox|[from] psn
|upkeep
|turn|47
|
|t:|1665881662
|move|p2a: Shedinja|Protect|p2a: Shedinja
|-singleturn|p2a: Shedinja|Protect
|move|p1a: Buzzwole|Roost|p1a: Buzzwole
|-heal|p1a: Buzzwole|100/100 tox
|-singleturn|p1a: Buzzwole|move: Roost
|
|-damage|p1a: Buzzwole|88/100 tox|[from] psn
|upkeep
|turn|48
|
|t:|1665881665
|switch|p1a: Tornadus|Tornadus-Therian, M|45/100 brn
|-damage|p1a: Tornadus|20/100 brn|[from] Stealth Rock
|switch|p2a: Toxapex|Toxapex, M|100/100
|-damage|p2a: Toxapex|88/100|[from] Stealth Rock
|
|-damage|p1a: Tornadus|14/100 brn|[from] brn
|upkeep
|turn|49
|l| TwilitIris N
|l|‽MrRuf4si
|inactive|MrRuf4si disconnected and has a minute to reconnect!
|player|p1|
|j|‽MrRuf4si
|inactive|MrRuf4si reconnected.
|player|p1|MrRuf4si|1
|n|‽MrRuf4si|mrruf4si
|n|‽MrRuf4si|mrruf4si
|n|‽MrRuf4si|mrruf4si
|n|‽MrRuf4si|mrruf4si
|n|‽MrRuf4si|mrruf4si
|n|‽MrRuf4si|mrruf4si
|n|‽MrRuf4si|mrruf4si
|n|‽MrRuf4si|mrruf4si
|n|‽MrRuf4si|mrruf4si
|n|‽MrRuf4si|mrruf4si
|n|‽MrRuf4si|mrruf4si
|n|‽MrRuf4si|mrruf4si
|n|‽MrRuf4si|mrruf4si
|n|‽MrRuf4si|mrruf4si
|n|‽MrRuf4si|mrruf4si
|n|‽MrRuf4si|mrruf4si
|n|‽MrRuf4si|mrruf4si
|n|‽MrRuf4si|mrruf4si
|n|‽MrRuf4si|mrruf4si
|n|‽MrRuf4si|mrruf4si
|n|‽MrRuf4si|mrruf4si
|n|‽MrRuf4si|mrruf4si
|n|‽MrRuf4si|mrruf4si
|n|‽MrRuf4si|mrruf4si
|n|‽MrRuf4si|mrruf4si
|n|‽MrRuf4si|mrruf4si
|n|‽MrRuf4si|mrruf4si
|n|‽MrRuf4si|mrruf4si
|n|‽MrRuf4si|mrruf4si
|n|‽MrRuf4si|mrruf4si
|n|‽MrRuf4si|mrruf4si
|n|‽MrRuf4si|mrruf4si
|n|‽MrRuf4si|mrruf4si
|n|‽MrRuf4si|mrruf4si
|n|‽MrRuf4si|mrruf4si
|n|‽MrRuf4si|mrruf4si
|n|‽MrRuf4si|mrruf4si
|n|‽MrRuf4si|mrruf4si
|n|‽MrRuf4si|mrruf4si
|n|‽MrRuf4si|mrruf4si
|n|‽MrRuf4si|mrruf4si
|n|‽MrRuf4si|mrruf4si
|n|‽MrRuf4si|mrruf4si
|n|‽MrRuf4si|mrruf4si
|n|‽MrRuf4si|mrruf4si
|n|‽MrRuf4si|mrruf4si
|n|‽MrRuf4si|mrruf4si
|n|‽MrRuf4si|mrruf4si
|n|‽MrRuf4si|mrruf4si
|n|‽MrRuf4si|mrruf4si
|n|‽MrRuf4si|mrruf4si
|n|‽MrRuf4si|mrruf4si
|n|‽MrRuf4si|mrruf4si
|n|‽MrRuf4si|mrruf4si
|n|‽MrRuf4si|mrruf4si
|n|‽MrRuf4si|mrruf4si
|n|‽MrRuf4si|mrruf4si
|
|t:|1665881693
|switch|p1a: Metagross|Metagross, shiny|80/100 brn
|-damage|p1a: Metagross|74/100 brn|[from] Stealth Rock
|move|p2a: Toxapex|Scald|p1a: Metagross
|-damage|p1a: Metagross|60/100 brn
|
|-damage|p1a: Metagross|54/100 brn|[from] brn
|upkeep
|turn|50
|
|t:|1665881700
|move|p1a: Metagross|Earthquake|p2a: Toxapex
|-supereffective|p2a: Toxapex
|-damage|p2a: Toxapex|63/100
|move|p2a: Toxapex|Scald|p1a: Metagross
|-damage|p1a: Metagross|41/100 brn
|
|-damage|p1a: Metagross|35/100 brn|[from] brn
|upkeep
|turn|51
|
|t:|1665881715
|move|p1a: Metagross|Earthquake|p2a: Toxapex
|-supereffective|p2a: Toxapex
|-damage|p2a: Toxapex|39/100
|move|p2a: Toxapex|Scald|p1a: Metagross
|-damage|p1a: Metagross|21/100 brn
|
|-damage|p1a: Metagross|15/100 brn|[from] brn
|upkeep
|turn|52
|
|t:|1665881721
|switch|p2a: Blissey|Blissey, F|4/100
|move|p1a: Metagross|Earthquake|p2a: Blissey
|-damage|p2a: Blissey|0 fnt
|faint|p2a: Blissey
|
|-damage|p1a: Metagross|9/100 brn|[from] brn
|upkeep
|
|t:|1665881722
|switch|p2a: Toxapex|Toxapex, M|72/100
|-damage|p2a: Toxapex|60/100|[from] Stealth Rock
|turn|53
|
|t:|1665881724
|move|p1a: Metagross|Earthquake|p2a: Toxapex
|-supereffective|p2a: Toxapex
|-damage|p2a: Toxapex|37/100
|move|p2a: Toxapex|Recover|p2a: Toxapex
|-heal|p2a: Toxapex|87/100
|
|-damage|p1a: Metagross|3/100 brn|[from] brn
|upkeep
|turn|54
|
|t:|1665881745
|switch|p1a: Blacephalon|Blacephalon|100/100
|switch|p2a: Shedinja|Shedinja|100/100
|
|upkeep
|turn|55
|
|t:|1665881750
|switch|p2a: Toxapex|Toxapex, M|100/100
|-damage|p2a: Toxapex|88/100|[from] Stealth Rock
|move|p1a: Blacephalon|Shadow Ball|p2a: Toxapex
|-damage|p2a: Toxapex|48/100
|
|upkeep
|turn|56
|
|t:|1665881758
|move|p1a: Blacephalon|Shadow Ball|p2a: Toxapex
|-damage|p2a: Toxapex|6/100
|move|p2a: Toxapex|Knock Off|p1a: Blacephalon
|-supereffective|p1a: Blacephalon
|-damage|p1a: Blacephalon|30/100
|-enditem|p1a: Blacephalon|Heavy-Duty Boots|[from] move: Knock Off|[of] p2a: Toxapex
|
|upkeep
|turn|57
|
|t:|1665881763
|switch|p2a: Ditto|Ditto|10/100 tox
|-damage|p2a: Ditto|0 fnt|[from] Stealth Rock
|faint|p2a: Ditto
|move|p1a: Blacephalon|Shadow Ball|p2: Ditto|[notarget]
|-fail|p1a: Blacephalon
|
|upkeep
|
|t:|1665881771
|switch|p2a: Shedinja|Shedinja|100/100
|turn|58
|
|t:|1665881774
|move|p2a: Shedinja|Shadow Sneak|p1a: Blacephalon
|-supereffective|p1a: Blacephalon
|-damage|p1a: Blacephalon|0 fnt
|faint|p1a: Blacephalon
|
|upkeep
|
|t:|1665881780
|switch|p1a: Tornadus|Tornadus-Therian, M|47/100 brn
|-damage|p1a: Tornadus|22/100 brn|[from] Stealth Rock
|turn|59
|
|t:|1665881783
|switch|p1a: Metagross|Metagross, shiny|3/100 brn
|-damage|p1a: Metagross|0 fnt|[from] Stealth Rock
|faint|p1a: Metagross
|move|p2a: Shedinja|Protect||[still]
|-fail|p2a: Shedinja
|
|upkeep
|
|t:|1665881785
|switch|p1a: Tornadus|Tornadus-Therian, M|55/100 brn
|-damage|p1a: Tornadus|30/100 brn|[from] Stealth Rock
|turn|60
|
|t:|1665881798
|switch|p2a: Toxapex|Toxapex, M|39/100
|-damage|p2a: Toxapex|26/100|[from] Stealth Rock
|move|p1a: Tornadus|Defog|p2a: Toxapex
|-unboost|p2a: Toxapex|evasion|1
|-sideend|p2: MinecraftUprising|Stealth Rock|[from] move: Defog|[of] p1a: Tornadus
|-sideend|p1: MrRuf4si|Stealth Rock|[from] move: Defog|[of] p1a: Tornadus
|
|-damage|p1a: Tornadus|24/100 brn|[from] brn
|upkeep
|turn|61
|l|‽MrRuf4si
|inactive|MrRuf4si disconnected and has a minute to reconnect!
|player|p1|
|j|‽MrRuf4si
|inactive|MrRuf4si reconnected and has 150 seconds left.
|player|p1|MrRuf4si|1
|n|‽MrRuf4si|mrruf4si
|n|‽MrRuf4si|mrruf4si
|n|‽MrRuf4si|mrruf4si
|n|‽MrRuf4si|mrruf4si
|n|‽MrRuf4si|mrruf4si
|n|‽MrRuf4si|mrruf4si
|n|‽MrRuf4si|mrruf4si
|n|‽MrRuf4si|mrruf4si
|n|‽MrRuf4si|mrruf4si
|n|‽MrRuf4si|mrruf4si
|n|‽MrRuf4si|mrruf4si
|n|‽MrRuf4si|mrruf4si
|n|‽MrRuf4si|mrruf4si
|n|‽MrRuf4si|mrruf4si
|n|‽MrRuf4si|mrruf4si
|n|‽MrRuf4si|mrruf4si
|n|‽MrRuf4si|mrruf4si
|n|‽MrRuf4si|mrruf4si
|n|‽MrRuf4si|mrruf4si
|n|‽MrRuf4si|mrruf4si
|n|‽MrRuf4si|mrruf4si
|n|‽MrRuf4si|mrruf4si
|n|‽MrRuf4si|mrruf4si
|n|‽MrRuf4si|mrruf4si
|n|‽MrRuf4si|mrruf4si
|n|‽MrRuf4si|mrruf4si
|n|‽MrRuf4si|mrruf4si
|n|‽MrRuf4si|mrruf4si
|n|‽MrRuf4si|mrruf4si
|n|‽MrRuf4si|mrruf4si
|n|‽MrRuf4si|mrruf4si
|n|‽MrRuf4si|mrruf4si
|n|‽MrRuf4si|mrruf4si
|n|‽MrRuf4si|mrruf4si
|n|‽MrRuf4si|mrruf4si
|n|‽MrRuf4si|mrruf4si
|n|‽MrRuf4si|mrruf4si
|n|‽MrRuf4si|mrruf4si
|n|‽MrRuf4si|mrruf4si
|n|‽MrRuf4si|mrruf4si
|n|‽MrRuf4si|mrruf4si
|n|‽MrRuf4si|mrruf4si
|n|‽MrRuf4si|mrruf4si
|n|‽MrRuf4si|mrruf4si
|n|‽MrRuf4si|mrruf4si
|n|‽MrRuf4si|mrruf4si
|n|‽MrRuf4si|mrruf4si
|n|‽MrRuf4si|mrruf4si
|n|‽MrRuf4si|mrruf4si
|n|‽MrRuf4si|mrruf4si
|n|‽MrRuf4si|mrruf4si
|n|‽MrRuf4si|mrruf4si
|n|‽MrRuf4si|mrruf4si
|n|‽MrRuf4si|mrruf4si
|n|‽MrRuf4si|mrruf4si
|n|‽MrRuf4si|mrruf4si
|n|‽MrRuf4si|mrruf4si
|n|‽MrRuf4si|mrruf4si
|
|t:|1665881804
|switch|p2a: Quagsire|Quagsire, F|100/100
|move|p1a: Tornadus|Hurricane|p2a: Quagsire
|-damage|p2a: Quagsire|42/100
|-start|p2a: Quagsire|confusion
|
|-damage|p1a: Tornadus|17/100 brn|[from] brn
|upkeep
|turn|62
|
|t:|1665881810
|move|p1a: Tornadus|Hurricane|p2a: Quagsire
|-crit|p2a: Quagsire
|-damage|p2a: Quagsire|0 fnt
|faint|p2a: Quagsire
|
|-damage|p1a: Tornadus|11/100 brn|[from] brn
|upkeep
|
|t:|1665881812
|switch|p2a: Toxapex|Toxapex, M|60/100
|turn|63
|
|t:|1665881813
|switch|p1a: Buzzwole|Buzzwole|88/100 tox
|move|p2a: Toxapex|Recover|p2a: Toxapex
|-heal|p2a: Toxapex|100/100
|
|-damage|p1a: Buzzwole|82/100 tox|[from] psn
|upkeep
|turn|64
|
|t:|1665881817
|switch|p1a: Tornadus|Tornadus-Therian, M|44/100 brn
|move|p2a: Toxapex|Recover||[still]
|-fail|p2a: Toxapex|heal
|
|-damage|p1a: Tornadus|38/100 brn|[from] brn
|upkeep
|turn|65
|
|t:|1665881820
|switch|p1a: Buzzwole|Buzzwole|82/100 tox
|switch|p2a: Shedinja|Shedinja|100/100
|
|-damage|p1a: Buzzwole|76/100 tox|[from] psn
|upkeep
|turn|66
|
|t:|1665881824
|switch|p2a: Toxapex|Toxapex, M|100/100
|move|p1a: Buzzwole|Toxic|p2a: Toxapex
|-immune|p2a: Toxapex
|
|-damage|p1a: Buzzwole|64/100 tox|[from] psn
|upkeep
|turn|67
|
|t:|1665881827
|move|p1a: Buzzwole|Roost|p1a: Buzzwole
|-heal|p1a: Buzzwole|100/100 tox
|-singleturn|p1a: Buzzwole|move: Roost
|move|p2a: Toxapex|Scald|p1a: Buzzwole
|-damage|p1a: Buzzwole|75/100 tox
|
|-damage|p1a: Buzzwole|57/100 tox|[from] psn
|upkeep
|turn|68
|
|t:|1665881828
|switch|p1a: Tornadus|Tornadus-Therian, M|71/100 brn
|move|p2a: Toxapex|Scald|p1a: Tornadus
|-damage|p1a: Tornadus|52/100 brn
|
|-damage|p1a: Tornadus|46/100 brn|[from] brn
|upkeep
|turn|69
|
|t:|1665881830
|move|p1a: Tornadus|Hurricane|p2a: Toxapex
|-damage|p2a: Toxapex|59/100
|move|p2a: Toxapex|Scald|p1a: Tornadus
|-damage|p1a: Tornadus|27/100 brn
|
|-damage|p1a: Tornadus|21/100 brn|[from] brn
|upkeep
|turn|70
|
|t:|1665881834
|switch|p1a: Buzzwole|Buzzwole|57/100 tox
|move|p2a: Toxapex|Scald|p1a: Buzzwole
|-damage|p1a: Buzzwole|34/100 tox
|
|-damage|p1a: Buzzwole|28/100 tox|[from] psn
|upkeep
|turn|71
|
|t:|1665881837
|move|p1a: Buzzwole|Roost|p1a: Buzzwole
|-heal|p1a: Buzzwole|78/100 tox
|-singleturn|p1a: Buzzwole|move: Roost
|move|p2a: Toxapex|Scald|p1a: Buzzwole
|-damage|p1a: Buzzwole|51/100 tox
|
|-damage|p1a: Buzzwole|39/100 tox|[from] psn
|upkeep
|turn|72
|
|t:|1665881839
|move|p1a: Buzzwole|Roost|p1a: Buzzwole
|-heal|p1a: Buzzwole|89/100 tox
|-singleturn|p1a: Buzzwole|move: Roost
|move|p2a: Toxapex|Scald|p1a: Buzzwole
|-damage|p1a: Buzzwole|66/100 tox
|
|-damage|p1a: Buzzwole|48/100 tox|[from] psn
|upkeep
|turn|73
|
|t:|1665881842
|switch|p1a: Tornadus|Tornadus-Therian, M|54/100 brn
|move|p2a: Toxapex|Scald|p1a: Tornadus
|-damage|p1a: Tornadus|35/100 brn
|
|-damage|p1a: Tornadus|29/100 brn|[from] brn
|upkeep
|turn|74
|
|t:|1665881850
|move|p1a: Tornadus|Hurricane|p2a: Toxapex
|-damage|p2a: Toxapex|20/100
|move|p2a: Toxapex|Scald|p1a: Tornadus
|-damage|p1a: Tornadus|11/100 brn
|
|-damage|p1a: Tornadus|5/100 brn|[from] brn
|upkeep
|turn|75
|
|t:|1665881856
|switch|p1a: Buzzwole|Buzzwole|48/100 tox
|switch|p2a: Shedinja|Shedinja|100/100
|
|-damage|p1a: Buzzwole|41/100 tox|[from] psn
|upkeep
|turn|76
|
|t:|1665881859
|move|p2a: Shedinja|Shadow Sneak|p1a: Buzzwole
|-damage|p1a: Buzzwole|32/100 tox
|move|p1a: Buzzwole|Roost|p1a: Buzzwole
|-heal|p1a: Buzzwole|82/100 tox
|-singleturn|p1a: Buzzwole|move: Roost
|
|-damage|p1a: Buzzwole|70/100 tox|[from] psn
|upkeep
|turn|77
|
|t:|1665881861
|move|p2a: Shedinja|Protect|p2a: Shedinja
|-singleturn|p2a: Shedinja|Protect
|move|p1a: Buzzwole|Toxic|p2a: Shedinja
|-activate|p2a: Shedinja|move: Protect
|
|-damage|p1a: Buzzwole|52/100 tox|[from] psn
|upkeep
|turn|78
|
|t:|1665881865
|switch|p2a: Toxapex|Toxapex, M|53/100
|move|p1a: Buzzwole|Roost|p1a: Buzzwole
|-heal|p1a: Buzzwole|100/100 tox
|-singleturn|p1a: Buzzwole|move: Roost
|
|-damage|p1a: Buzzwole|76/100 tox|[from] psn
|upkeep
|turn|79
|
|t:|1665881866
|switch|p1a: Tornadus|Tornadus-Therian, M|38/100 brn
|switch|p2a: Shedinja|Shedinja|100/100
|
|-damage|p1a: Tornadus|32/100 brn|[from] brn
|upkeep
|turn|80
|
|t:|1665881870
|switch|p1a: Buzzwole|Buzzwole|76/100 tox
|move|p2a: Shedinja|Protect||[still]
|-fail|p2a: Shedinja
|
|-damage|p1a: Buzzwole|70/100 tox|[from] psn
|upkeep
|turn|81
|
|t:|1665881876
|switch|p2a: Toxapex|Toxapex, M|87/100
|move|p1a: Buzzwole|Toxic|p2a: Toxapex
|-immune|p2a: Toxapex
|
|-damage|p1a: Buzzwole|58/100 tox|[from] psn
|upkeep
|turn|82
|l|‽MrRuf4si
|inactive|MrRuf4si disconnected and has a minute to reconnect!
|player|p1|
|
|t:|1665881885
|switch|p2a: Shedinja|Shedinja|100/100
|move|p1a: Buzzwole|Roost|p1a: Buzzwole
|-heal|p1a: Buzzwole|100/100 tox
|-singleturn|p1a: Buzzwole|move: Roost
|
|-damage|p1a: Buzzwole|82/100 tox|[from] psn
|upkeep
|turn|83
|j|‽MrRuf4si
|inactive|MrRuf4si reconnected and has 150 seconds left.
|player|p1|MrRuf4si|1
|n|‽MrRuf4si|mrruf4si
|n|‽MrRuf4si|mrruf4si
|n|‽MrRuf4si|mrruf4si
|n|‽MrRuf4si|mrruf4si
|n|‽MrRuf4si|mrruf4si
|n|‽MrRuf4si|mrruf4si
|n|‽MrRuf4si|mrruf4si
|n|‽MrRuf4si|mrruf4si
|n|‽MrRuf4si|mrruf4si
|n|‽MrRuf4si|mrruf4si
|n|‽MrRuf4si|mrruf4si
|n|‽MrRuf4si|mrruf4si
|n|‽MrRuf4si|mrruf4si
|n|‽MrRuf4si|mrruf4si
|n|‽MrRuf4si|mrruf4si
|n|‽MrRuf4si|mrruf4si
|n|‽MrRuf4si|mrruf4si
|n|‽MrRuf4si|mrruf4si
|n|‽MrRuf4si|mrruf4si
|n|‽MrRuf4si|mrruf4si
|n|‽MrRuf4si|mrruf4si
|n|‽MrRuf4si|mrruf4si
|n|‽MrRuf4si|mrruf4si
|n|‽MrRuf4si|mrruf4si
|n|‽MrRuf4si|mrruf4si
|n|‽MrRuf4si|mrruf4si
|n|‽MrRuf4si|mrruf4si
|n|‽MrRuf4si|mrruf4si
|n|‽MrRuf4si|mrruf4si
|n|‽MrRuf4si|mrruf4si
|n|‽MrRuf4si|mrruf4si
|n|‽MrRuf4si|mrruf4si
|n|‽MrRuf4si|mrruf4si
|n|‽MrRuf4si|mrruf4si
|n|‽MrRuf4si|mrruf4si
|n|‽MrRuf4si|mrruf4si
|n|‽MrRuf4si|mrruf4si
|n|‽MrRuf4si|mrruf4si
|n|‽MrRuf4si|mrruf4si
|n|‽MrRuf4si|mrruf4si
|n|‽MrRuf4si|mrruf4si
|n|‽MrRuf4si|mrruf4si
|n|‽MrRuf4si|mrruf4si
|n|‽MrRuf4si|mrruf4si
|n|‽MrRuf4si|mrruf4si
|n|‽MrRuf4si|mrruf4si
|n|‽MrRuf4si|mrruf4si
|n|‽MrRuf4si|mrruf4si
|n|‽MrRuf4si|mrruf4si
|n|‽MrRuf4si|mrruf4si
|n|‽MrRuf4si|mrruf4si
|n|‽MrRuf4si|mrruf4si
|n|‽MrRuf4si|mrruf4si
|n|‽MrRuf4si|mrruf4si
|n|‽MrRuf4si|mrruf4si
|n|‽MrRuf4si|mrruf4si
|n|‽MrRuf4si|mrruf4si
|n|‽MrRuf4si|mrruf4si
|n|‽MrRuf4si|mrruf4si
|
|t:|1665881898
|switch|p2a: Toxapex|Toxapex, M|100/100
|move|p1a: Buzzwole|Toxic|p2a: Toxapex
|-immune|p2a: Toxapex
|
|-damage|p1a: Buzzwole|58/100 tox|[from] psn
|upkeep
|turn|84
|
|t:|1665881904
|switch|p2a: Shedinja|Shedinja|100/100
|move|p1a: Buzzwole|Roost|p1a: Buzzwole
|-heal|p1a: Buzzwole|100/100 tox
|-singleturn|p1a: Buzzwole|move: Roost
|
|-damage|p1a: Buzzwole|70/100 tox|[from] psn
|upkeep
|turn|85
|
|t:|1665881907
|switch|p1a: Tornadus|Tornadus-Therian, M|65/100 brn
|switch|p2a: Toxapex|Toxapex, M|100/100
|
|-damage|p1a: Tornadus|59/100 brn|[from] brn
|upkeep
|turn|86
|
|t:|1665881927
|move|p1a: Tornadus|Hurricane|p2a: Toxapex
|-damage|p2a: Toxapex|55/100
|-start|p2a: Toxapex|confusion
|-activate|p2a: Toxapex|confusion
|move|p2a: Toxapex|Knock Off|p1a: Tornadus
|-damage|p1a: Tornadus|44/100 brn
|
|-damage|p1a: Tornadus|38/100 brn|[from] brn
|upkeep
|turn|87
|
|t:|1665881936
|move|p1a: Tornadus|Hurricane|p2a: Toxapex|[miss]
|-miss|p1a: Tornadus|p2a: Toxapex
|-activate|p2a: Toxapex|confusion
|move|p2a: Toxapex|Knock Off|p1a: Tornadus
|-damage|p1a: Tornadus|25/100 brn
|
|-damage|p1a: Tornadus|18/100 brn|[from] brn
|upkeep
|turn|88
|l| Rubi's NeoGenesis
|
|t:|1665881942
|switch|p1a: Buzzwole|Buzzwole|70/100 tox
|-activate|p2a: Toxapex|confusion
|move|p2a: Toxapex|Knock Off|p1a: Buzzwole
|-resisted|p1a: Buzzwole
|-damage|p1a: Buzzwole|68/100 tox
|
|-damage|p1a: Buzzwole|61/100 tox|[from] psn
|upkeep
|turn|89
|
|t:|1665881945
|switch|p2a: Shedinja|Shedinja|100/100
|move|p1a: Buzzwole|Roost|p1a: Buzzwole
|-heal|p1a: Buzzwole|100/100 tox
|-singleturn|p1a: Buzzwole|move: Roost
|
|-damage|p1a: Buzzwole|88/100 tox|[from] psn
|upkeep
|turn|90
|j| Rubi's NeoGenesis
|
|t:|1665881973
|switch|p1a: Tornadus|Tornadus-Therian, M|51/100 brn
|switch|p2a: Toxapex|Toxapex, M|88/100
|
|-damage|p1a: Tornadus|45/100 brn|[from] brn
|upkeep
|turn|91
|inactive|MinecraftUprising has 120 seconds left.
|l|‽MrRuf4si
|inactive|MrRuf4si disconnected and has a minute to reconnect!
|player|p1|
|j|‽MrRuf4si
|inactive|MrRuf4si reconnected.
|player|p1|MrRuf4si|1
|n|‽MrRuf4si|mrruf4si
|n|‽MrRuf4si|mrruf4si
|n|‽MrRuf4si|mrruf4si
|n|‽MrRuf4si|mrruf4si
|n|‽MrRuf4si|mrruf4si
|n|‽MrRuf4si|mrruf4si
|n|‽MrRuf4si|mrruf4si
|n|‽MrRuf4si|mrruf4si
|n|‽MrRuf4si|mrruf4si
|n|‽MrRuf4si|mrruf4si
|n|‽MrRuf4si|mrruf4si
|n|‽MrRuf4si|mrruf4si
|n|‽MrRuf4si|mrruf4si
|n|‽MrRuf4si|mrruf4si
|n|‽MrRuf4si|mrruf4si
|n|‽MrRuf4si|mrruf4si
|n|‽MrRuf4si|mrruf4si
|n|‽MrRuf4si|mrruf4si
|n|‽MrRuf4si|mrruf4si
|n|‽MrRuf4si|mrruf4si
|n|‽MrRuf4si|mrruf4si
|n|‽MrRuf4si|mrruf4si
|n|‽MrRuf4si|mrruf4si
|n|‽MrRuf4si|mrruf4si
|n|‽MrRuf4si|mrruf4si
|n|‽MrRuf4si|mrruf4si
|n|‽MrRuf4si|mrruf4si
|n|‽MrRuf4si|mrruf4si
|n|‽MrRuf4si|mrruf4si
|n|‽MrRuf4si|mrruf4si
|n|‽MrRuf4si|mrruf4si
|n|‽MrRuf4si|mrruf4si
|n|‽MrRuf4si|mrruf4si
|n|‽MrRuf4si|mrruf4si
|n|‽MrRuf4si|mrruf4si
|n|‽MrRuf4si|mrruf4si
|n|‽MrRuf4si|mrruf4si
|n|‽MrRuf4si|mrruf4si
|n|‽MrRuf4si|mrruf4si
|n|‽MrRuf4si|mrruf4si
|n|‽MrRuf4si|mrruf4si
|n|‽MrRuf4si|mrruf4si
|n|‽MrRuf4si|mrruf4si
|n|‽MrRuf4si|mrruf4si
|n|‽MrRuf4si|mrruf4si
|n|‽MrRuf4si|mrruf4si
|n|‽MrRuf4si|mrruf4si
|n|‽MrRuf4si|mrruf4si
|n|‽MrRuf4si|mrruf4si
|n|‽MrRuf4si|mrruf4si
|n|‽MrRuf4si|mrruf4si
|n|‽MrRuf4si|mrruf4si
|n|‽MrRuf4si|mrruf4si
|n|‽MrRuf4si|mrruf4si
|n|‽MrRuf4si|mrruf4si
|n|‽MrRuf4si|mrruf4si
|n|‽MrRuf4si|mrruf4si
|n|‽MrRuf4si|mrruf4si
|n|‽MrRuf4si|mrruf4si
|n|‽MrRuf4si|mrruf4si
|
|t:|1665882003
|move|p1a: Tornadus|Hurricane|p2a: Toxapex|[miss]
|-miss|p1a: Tornadus|p2a: Toxapex
|move|p2a: Toxapex|Knock Off|p1a: Tornadus
|-damage|p1a: Tornadus|33/100 brn
|
|-damage|p1a: Tornadus|26/100 brn|[from] brn
|upkeep
|turn|92
|
|t:|1665882013
|move|p1a: Tornadus|Hurricane|p2a: Toxapex
|-damage|p2a: Toxapex|46/100
|move|p2a: Toxapex|Knock Off|p1a: Tornadus
|-damage|p1a: Tornadus|12/100 brn
|
|-damage|p1a: Tornadus|6/100 brn|[from] brn
|upkeep
|turn|93
|
|t:|1665882018
|switch|p1a: Buzzwole|Buzzwole|88/100 tox
|switch|p2a: Shedinja|Shedinja|100/100
|
|-damage|p1a: Buzzwole|82/100 tox|[from] psn
|upkeep
|turn|94
|inactive|MinecraftUprising has 90 seconds left.
|
|t:|1665882043
|switch|p1a: Tornadus|Tornadus-Therian, M|39/100 brn
|switch|p2a: Toxapex|Toxapex, M|79/100
|
|-damage|p1a: Tornadus|33/100 brn|[from] brn
|upkeep
|turn|95
|inactive|MinecraftUprising has 90 seconds left.
|
|t:|1665882050
|switch|p2a: Shedinja|Shedinja|100/100
|move|p1a: Tornadus|Hurricane|p2a: Shedinja
|-supereffective|p2a: Shedinja
|-damage|p2a: Shedinja|0 fnt
|faint|p2a: Shedinja
|
|-damage|p1a: Tornadus|26/100 brn|[from] brn
|upkeep
|inactive|MinecraftUprising has 90 seconds left.
|-message|MinecraftUprising forfeited.
|
|win|MrRuf4si
|raw|MrRuf4si's rating: 1782 &rarr; <strong>1796</strong><br />(+14 for winning)
|raw|MinecraftUprising's rating: 1678 &rarr; <strong>1664</strong><br />(-14 for losing)
|l|☆MinecraftUprising
|l| hgfhgfhsfghs
|l| jly8
|l| Rubi's NeoGenesis
|l| cypherstest
||Ladder isn't responding, score probably updated but might not have (Request timeout).
