|j|☆bizarman
|j|☆I DONT REPLY
|t:|1665424531
|gametype|singles
|player|p1|bizarman|scientist-gen4|1866
|player|p2|I DONT REPLY|2|1833
|teamsize|p1|6
|teamsize|p2|6
|gen|8
|tier|[Gen 8] OU
|rated|
|rule|Sleep Clause Mod: Limit one foe put to sleep
|rule|Species Clause: Limit one of each Pokémon
|rule|OHKO Clause: OHKO moves are banned
|rule|Evasion Items Clause: Evasion items are banned
|rule|Evasion Moves Clause: Evasion moves are banned
|rule|Endless Battle Clause: Forcing endless battles is banned
|rule|HP Percentage Mod: HP is shown in percentages
|rule|Dynamax Clause: You cannot dynamax
|clearpoke
|poke|p1|Tapu Koko|
|poke|p1|Ferrothorn, M|
|poke|p1|Zapdos-Galar|
|poke|p1|Slowbro, M|
|poke|p1|Landorus-Therian, M|
|poke|p1|Heatran, M|
|poke|p2|Gastrodon, M|
|poke|p2|Clefable, F|
|poke|p2|Melmetal|
|poke|p2|Tornadus-Therian, M|
|poke|p2|Rillaboom, F|
|poke|p2|Heatran, M|
|teampreview
|
|t:|1665424546
|start
|switch|p1a: Ferrothorn|Ferrothorn, M|100/100
|switch|p2a: Tornadus|Tornadus-Therian, M|100/100
|turn|1
|inactive|Battle timer is ON: inactive players will automatically lose when time's up. (requested by bizarman)
|
|t:|1665424569
|move|p2a: Tornadus|Knock Off|p1a: Ferrothorn
|-damage|p1a: Ferrothorn|88/100
|-damage|p2a: Tornadus|88/100|[from] ability: Iron Barbs|[of] p1a: Ferrothorn
|-enditem|p1a: Ferrothorn|Leftovers|[from] move: Knock Off|[of] p2a: Tornadus
|move|p1a: Ferrothorn|Knock Off|p2a: Tornadus
|-damage|p2a: Tornadus|68/100
|-enditem|p2a: Tornadus|Heavy-Duty Boots|[from] move: Knock Off|[of] p1a: Ferrothorn
|
|upkeep
|turn|2
|
|t:|1665424582
|move|p2a: Tornadus|U-turn|p1a: Ferrothorn
|-damage|p1a: Ferrothorn|79/100
|-damage|p2a: Tornadus|55/100|[from] ability: Iron Barbs|[of] p1a: Ferrothorn
|
|t:|1665424583
|switch|p2a: Clefable|Clefable, F|100/100|[from]move: U-turn
|move|p1a: Ferrothorn|Spikes|p2a: Clefable
|-sidestart|p2: I DONT REPLY|Spikes
|
|upkeep
|turn|3
|
|t:|1665424589
|switch|p1a: Heatran|Heatran, M|100/100
|-item|p1a: Heatran|Air Balloon
|move|p2a: Clefable|Stealth Rock|p1a: Heatran
|-sidestart|p1: bizarman|move: Stealth Rock
|
|upkeep
|turn|4
|
|t:|1665424595
|move|p1a: Heatran|Eruption|p2a: Clefable
|-damage|p2a: Clefable|27/100
|move|p2a: Clefable|Thunder Wave|p1a: Heatran
|-status|p1a: Heatran|par
|
|-heal|p2a: Clefable|33/100|[from] item: Leftovers
|upkeep
|turn|5
|
|t:|1665424611
|switch|p2a: Gastrodon|Gastrodon, M|100/100
|-damage|p2a: Gastrodon|88/100|[from] Spikes
|cant|p1a: Heatran|par
|
|-heal|p2a: Gastrodon|94/100|[from] item: Leftovers
|upkeep
|turn|6
|
|t:|1665424619
|switch|p1a: Ferrothorn|Ferrothorn, M|79/100
|-damage|p1a: Ferrothorn|73/100|[from] Stealth Rock
|move|p2a: Gastrodon|Scald|p1a: Ferrothorn
|-resisted|p1a: Ferrothorn
|-damage|p1a: Ferrothorn|63/100
|
|-heal|p2a: Gastrodon|99/100|[from] item: Leftovers
|upkeep
|turn|7
|
|t:|1665424629
|switch|p2a: Tornadus|Tornadus-Therian, M|89/100
|move|p1a: Ferrothorn|Leech Seed|p2a: Tornadus
|-start|p2a: Tornadus|move: Leech Seed
|
|-damage|p2a: Tornadus|76/100|[from] Leech Seed|[of] p1a: Ferrothorn
|-heal|p1a: Ferrothorn|76/100|[silent]
|upkeep
|turn|8
|
|t:|1665424635
|move|p2a: Tornadus|U-turn|p1a: Ferrothorn
|-damage|p1a: Ferrothorn|67/100
|-damage|p2a: Tornadus|64/100|[from] ability: Iron Barbs|[of] p1a: Ferrothorn
|
|t:|1665424638
|switch|p2a: Clefable|Clefable, F|33/100|[from]move: U-turn
|move|p1a: Ferrothorn|Spikes|p2a: Clefable
|-sidestart|p2: I DONT REPLY|Spikes
|
|-heal|p2a: Clefable|39/100|[from] item: Leftovers
|upkeep
|turn|9
|
|t:|1665424648
|switch|p1a: Heatran|Heatran, M|100/100 par
|-damage|p1a: Heatran|88/100 par|[from] Stealth Rock
|-item|p1a: Heatran|Air Balloon
|move|p2a: Clefable|Soft-Boiled|p2a: Clefable
|-heal|p2a: Clefable|90/100
|
|-heal|p2a: Clefable|96/100|[from] item: Leftovers
|upkeep
|turn|10
|
|t:|1665424657
|move|p2a: Clefable|Moonblast|p1a: Heatran
|-resisted|p1a: Heatran
|-damage|p1a: Heatran|80/100 par
|-unboost|p1a: Heatran|spa|1
|-enditem|p1a: Heatran|Air Balloon
|move|p1a: Heatran|Magma Storm|p2a: Clefable
|-damage|p2a: Clefable|60/100
|-activate|p2a: Clefable|move: Magma Storm|[of] p1a: Heatran
|
|-heal|p2a: Clefable|66/100|[from] item: Leftovers
|upkeep
|turn|11
|
|t:|1665424666
|move|p2a: Clefable|Soft-Boiled|p2a: Clefable
|-heal|p2a: Clefable|100/100
|cant|p1a: Heatran|par
|
|upkeep
|turn|12
|
|t:|1665424671
|move|p2a: Clefable|Moonblast|p1a: Heatran
|-resisted|p1a: Heatran
|-damage|p1a: Heatran|72/100 par
|move|p1a: Heatran|Flash Cannon|p2a: Clefable
|-supereffective|p2a: Clefable
|-damage|p2a: Clefable|48/100
|
|-heal|p2a: Clefable|54/100|[from] item: Leftovers
|upkeep
|turn|13
|
|t:|1665424678
|move|p2a: Clefable|Soft-Boiled|p2a: Clefable
|-heal|p2a: Clefable|100/100
|move|p1a: Heatran|Flash Cannon|p2a: Clefable
|-supereffective|p2a: Clefable
|-damage|p2a: Clefable|50/100
|
|-heal|p2a: Clefable|56/100|[from] item: Leftovers
|upkeep
|turn|14
|
|t:|1665424685
|move|p2a: Clefable|Soft-Boiled|p2a: Clefable
|-heal|p2a: Clefable|100/100
|move|p1a: Heatran|Flash Cannon|p2a: Clefable
|-supereffective|p2a: Clefable
|-damage|p2a: Clefable|44/100
|
|-heal|p2a: Clefable|50/100|[from] item: Leftovers
|-end|p2a: Clefable|Magma Storm|[partiallytrapped]
|upkeep
|turn|15
|
|t:|1665424707
|move|p2a: Clefable|Soft-Boiled|p2a: Clefable
|-heal|p2a: Clefable|99/100
|move|p1a: Heatran|Flash Cannon|p2a: Clefable
|-supereffective|p2a: Clefable
|-damage|p2a: Clefable|47/100
|
|-heal|p2a: Clefable|53/100|[from] item: Leftovers
|upkeep
|turn|16
|
|t:|1665424715
|move|p2a: Clefable|Soft-Boiled|p2a: Clefable
|-heal|p2a: Clefable|100/100
|cant|p1a: Heatran|par
|
|upkeep
|turn|17
|
|t:|1665424733
|switch|p2a: Tornadus|Tornadus-Therian, M|97/100
|switch|p1a: Ferrothorn|Ferrothorn, M|67/100
|-damage|p1a: Ferrothorn|61/100|[from] Stealth Rock
|
|upkeep
|turn|18
|
|t:|1665424739
|move|p2a: Tornadus|Defog|p1a: Ferrothorn
|-unboost|p1a: Ferrothorn|evasion|1
|-sideend|p1: bizarman|Stealth Rock|[from] move: Defog|[of] p2a: Tornadus
|-sideend|p2: I DONT REPLY|Spikes|[from] move: Defog|[of] p2a: Tornadus
|move|p1a: Ferrothorn|Leech Seed|p2a: Tornadus|[miss]
|-miss|p1a: Ferrothorn|p2a: Tornadus
|
|upkeep
|turn|19
|
|t:|1665424746
|move|p2a: Tornadus|Hurricane|p1a: Ferrothorn
|-damage|p1a: Ferrothorn|28/100
|move|p1a: Ferrothorn|Leech Seed|p2a: Tornadus
|-start|p2a: Tornadus|move: Leech Seed
|
|-damage|p2a: Tornadus|84/100|[from] Leech Seed|[of] p1a: Ferrothorn
|-heal|p1a: Ferrothorn|41/100|[silent]
|upkeep
|turn|20
|
|t:|1665424753
|switch|p1a: Heatran|Heatran, M|72/100 par
|move|p2a: Tornadus|U-turn|p1a: Heatran
|-resisted|p1a: Heatran
|-damage|p1a: Heatran|69/100 par
|
|t:|1665424759
|switch|p2a: Heatran|Heatran, M|100/100|[from]move: U-turn
|
|upkeep
|turn|21
|
|t:|1665424767
|switch|p1a: Landorus|Landorus-Therian, M|100/100
|-ability|p1a: Landorus|Intimidate|boost
|-unboost|p2a: Heatran|atk|1
|move|p2a: Heatran|Magma Storm|p1a: Landorus
|-damage|p1a: Landorus|67/100
|-activate|p1a: Landorus|move: Magma Storm|[of] p2a: Heatran
|
|-heal|p1a: Landorus|73/100|[from] item: Leftovers
|-damage|p1a: Landorus|61/100|[from] move: Magma Storm|[partiallytrapped]
|upkeep
|turn|22
|
|t:|1665424777
|switch|p2a: Tornadus|Tornadus-Therian, M|100/100
|move|p1a: Landorus|Stealth Rock|p2a: Tornadus
|-sidestart|p2: I DONT REPLY|move: Stealth Rock
|
|-heal|p1a: Landorus|67/100|[from] item: Leftovers
|-end|p1a: Landorus|Magma Storm|[partiallytrapped]|[silent]
|upkeep
|turn|23
|
|t:|1665424783
|move|p2a: Tornadus|Knock Off|p1a: Landorus
|-damage|p1a: Landorus|46/100
|-enditem|p1a: Landorus|Leftovers|[from] move: Knock Off|[of] p2a: Tornadus
|move|p1a: Landorus|U-turn|p2a: Tornadus
|-resisted|p2a: Tornadus
|-damage|p2a: Tornadus|90/100
|
|t:|1665424796
|switch|p1a: Tapu Koko|Tapu Koko|100/100|[from]move: U-turn
|-fieldstart|move: Electric Terrain|[from] ability: Electric Surge|[of] p1a: Tapu Koko
|
|upkeep
|turn|24
|
|t:|1665424802
|switch|p1a: Ferrothorn|Ferrothorn, M|41/100
|switch|p2a: Gastrodon|Gastrodon, M|99/100
|-damage|p2a: Gastrodon|94/100|[from] Stealth Rock
|
|-heal|p2a: Gastrodon|99/100|[from] item: Leftovers
|upkeep
|turn|25
|
|t:|1665424812
|switch|p2a: Tornadus|Tornadus-Therian, M|100/100
|-damage|p2a: Tornadus|76/100|[from] Stealth Rock
|move|p1a: Ferrothorn|Leech Seed|p2a: Tornadus
|-start|p2a: Tornadus|move: Leech Seed
|
|-damage|p2a: Tornadus|63/100|[from] Leech Seed|[of] p1a: Ferrothorn
|-heal|p1a: Ferrothorn|54/100|[silent]
|upkeep
|turn|26
|
|t:|1665424820
|move|p2a: Tornadus|Defog|p1a: Ferrothorn
|-unboost|p1a: Ferrothorn|evasion|1
|-sideend|p2: I DONT REPLY|Stealth Rock|[from] move: Defog|[of] p2a: Tornadus
|-fieldend|move: Electric Terrain
|move|p1a: Ferrothorn|Spikes|p2a: Tornadus
|-sidestart|p2: I DONT REPLY|Spikes
|
|-damage|p2a: Tornadus|51/100|[from] Leech Seed|[of] p1a: Ferrothorn
|-heal|p1a: Ferrothorn|67/100|[silent]
|upkeep
|turn|27
|
|t:|1665424828
|move|p2a: Tornadus|U-turn|p1a: Ferrothorn
|-damage|p1a: Ferrothorn|58/100
|-damage|p2a: Tornadus|38/100|[from] ability: Iron Barbs|[of] p1a: Ferrothorn
|
|t:|1665424830
|switch|p2a: Clefable|Clefable, F|100/100|[from]move: U-turn
|move|p1a: Ferrothorn|Leech Seed|p2a: Clefable
|-start|p2a: Clefable|move: Leech Seed
|
|upkeep
|turn|28
|
|t:|1665424836
|switch|p1a: Heatran|Heatran, M|69/100 par
|move|p2a: Clefable|Stealth Rock|p1a: Heatran
|-sidestart|p1: bizarman|move: Stealth Rock
|
|upkeep
|turn|29
|
|t:|1665424843
|switch|p2a: Gastrodon|Gastrodon, M|99/100
|-damage|p2a: Gastrodon|88/100|[from] Spikes
|move|p1a: Heatran|Earth Power|p2a: Gastrodon
|-damage|p2a: Gastrodon|62/100
|
|-heal|p2a: Gastrodon|68/100|[from] item: Leftovers
|upkeep
|turn|30
|j| Ran Kob
|
|t:|1665424854
|switch|p1a: Ferrothorn|Ferrothorn, M|58/100
|-damage|p1a: Ferrothorn|52/100|[from] Stealth Rock
|move|p2a: Gastrodon|Scald|p1a: Ferrothorn
|-resisted|p1a: Ferrothorn
|-damage|p1a: Ferrothorn|41/100
|-status|p1a: Ferrothorn|brn
|
|-heal|p2a: Gastrodon|74/100|[from] item: Leftovers
|-damage|p1a: Ferrothorn|35/100 brn|[from] brn
|upkeep
|turn|31
|
|t:|1665424868
|switch|p2a: Tornadus|Tornadus-Therian, M|71/100
|move|p1a: Ferrothorn|Leech Seed|p2a: Tornadus
|-start|p2a: Tornadus|move: Leech Seed
|
|-damage|p2a: Tornadus|59/100|[from] Leech Seed|[of] p1a: Ferrothorn
|-heal|p1a: Ferrothorn|48/100 brn|[silent]
|-damage|p1a: Ferrothorn|42/100 brn|[from] brn
|upkeep
|turn|32
|
|t:|1665424876
|move|p2a: Tornadus|U-turn|p1a: Ferrothorn
|-damage|p1a: Ferrothorn|31/100 brn
|-damage|p2a: Tornadus|46/100|[from] ability: Iron Barbs|[of] p1a: Ferrothorn
|
|t:|1665424878
|switch|p2a: Clefable|Clefable, F|100/100|[from]move: U-turn
|move|p1a: Ferrothorn|Knock Off|p2a: Clefable
|-resisted|p2a: Clefable
|-damage|p2a: Clefable|96/100
|-enditem|p2a: Clefable|Leftovers|[from] move: Knock Off|[of] p1a: Ferrothorn
|
|-damage|p1a: Ferrothorn|25/100 brn|[from] brn
|upkeep
|turn|33
|
|t:|1665424887
|switch|p2a: Tornadus|Tornadus-Therian, M|80/100
|switch|p1a: Heatran|Heatran, M|69/100 par
|-damage|p1a: Heatran|56/100 par|[from] Stealth Rock
|
|upkeep
|turn|34
|
|t:|1665424893
|move|p2a: Tornadus|U-turn|p1a: Heatran
|-resisted|p1a: Heatran
|-damage|p1a: Heatran|53/100 par
|
|t:|1665424895
|switch|p2a: Gastrodon|Gastrodon, M|74/100|[from]move: U-turn
|-damage|p2a: Gastrodon|62/100|[from] Spikes
|move|p1a: Heatran|Magma Storm|p2a: Gastrodon
|-resisted|p2a: Gastrodon
|-damage|p2a: Gastrodon|38/100
|-activate|p2a: Gastrodon|move: Magma Storm|[of] p1a: Heatran
|
|-heal|p2a: Gastrodon|44/100|[from] item: Leftovers
|-damage|p2a: Gastrodon|32/100|[from] move: Magma Storm|[partiallytrapped]
|upkeep
|turn|35
|
|t:|1665424923
|switch|p1a: Ferrothorn|Ferrothorn, M|25/100 brn
|-damage|p1a: Ferrothorn|19/100 brn|[from] Stealth Rock
|move|p2a: Gastrodon|Recover|p2a: Gastrodon
|-heal|p2a: Gastrodon|82/100
|
|-heal|p2a: Gastrodon|88/100|[from] item: Leftovers
|-damage|p1a: Ferrothorn|13/100 brn|[from] brn
|-end|p2a: Gastrodon|Magma Storm|[partiallytrapped]|[silent]
|upkeep
|turn|36
|
|t:|1665424932
|move|p2a: Gastrodon|Earthquake|p1a: Ferrothorn
|-damage|p1a: Ferrothorn|0 fnt
|faint|p1a: Ferrothorn
|
|-heal|p2a: Gastrodon|94/100|[from] item: Leftovers
|upkeep
|inactive|bizarman has 120 seconds left.
|
|t:|1665424950
|switch|p1a: Landorus|Landorus-Therian, M|46/100
|-damage|p1a: Landorus|34/100|[from] Stealth Rock
|-ability|p1a: Landorus|Intimidate|boost
|-unboost|p2a: Gastrodon|atk|1
|turn|37
|l| Ran Kob
|
|t:|1665424956
|switch|p2a: Clefable|Clefable, F|96/100
|move|p1a: Landorus|Earthquake|p2a: Clefable
|-damage|p2a: Clefable|58/100
|
|upkeep
|turn|38
|
|t:|1665424963
|move|p1a: Landorus|Stealth Rock|p2a: Clefable
|-sidestart|p2: I DONT REPLY|move: Stealth Rock
|move|p2a: Clefable|Soft-Boiled|p2a: Clefable
|-heal|p2a: Clefable|100/100
|
|upkeep
|turn|39
|
|t:|1665424968
|move|p1a: Landorus|U-turn|p2a: Clefable
|-resisted|p2a: Clefable
|-damage|p2a: Clefable|92/100
|
|t:|1665424971
|switch|p1a: Heatran|Heatran, M|53/100 par|[from]move: U-turn
|-damage|p1a: Heatran|40/100 par|[from] Stealth Rock
|move|p2a: Clefable|Moonblast|p1a: Heatran
|-resisted|p1a: Heatran
|-damage|p1a: Heatran|33/100 par
|
|upkeep
|turn|40
|
|t:|1665424990
|switch|p2a: Tornadus|Tornadus-Therian, M|100/100
|-damage|p2a: Tornadus|76/100|[from] Stealth Rock
|switch|p1a: Zapdos|Zapdos-Galar|100/100
|-damage|p1a: Zapdos|88/100|[from] Stealth Rock
|
|upkeep
|turn|41
|inactive|bizarman has 120 seconds left.
|
|t:|1665425028
|move|p1a: Zapdos|U-turn|p2a: Tornadus
|-resisted|p2a: Tornadus
|-damage|p2a: Tornadus|63/100
|
|t:|1665425033
|switch|p1a: Tapu Koko|Tapu Koko|100/100|[from]move: U-turn
|-fieldstart|move: Electric Terrain|[from] ability: Electric Surge|[of] p1a: Tapu Koko
|move|p2a: Tornadus|Knock Off|p1a: Tapu Koko
|-resisted|p1a: Tapu Koko
|-damage|p1a: Tapu Koko|87/100
|-enditem|p1a: Tapu Koko|Heavy-Duty Boots|[from] move: Knock Off|[of] p2a: Tornadus
|
|upkeep
|turn|42
|inactive|bizarman has 120 seconds left.
|
|t:|1665425056
|switch|p1a: Zapdos|Zapdos-Galar|88/100
|-damage|p1a: Zapdos|76/100|[from] Stealth Rock
|switch|p2a: Heatran|Heatran, M|100/100
|-damage|p2a: Heatran|88/100|[from] Spikes
|-damage|p2a: Heatran|76/100|[from] Stealth Rock
|
|-heal|p2a: Heatran|82/100|[from] item: Leftovers
|upkeep
|turn|43
|inactive|bizarman has 120 seconds left.
|
|t:|1665425066
|move|p2a: Heatran|Protect|p2a: Heatran
|-singleturn|p2a: Heatran|Protect
|move|p1a: Zapdos|Brave Bird|p2a: Heatran
|-activate|p2a: Heatran|move: Protect
|
|-heal|p2a: Heatran|88/100|[from] item: Leftovers
|upkeep
|turn|44
|j| PokeAce95
|inactive|bizarman has 120 seconds left.
|
|t:|1665425083
|switch|p1a: Slowbro|Slowbro, M|100/100
|-damage|p1a: Slowbro|88/100|[from] Stealth Rock
|move|p2a: Heatran|Magma Storm|p1a: Slowbro
|-resisted|p1a: Slowbro
|-damage|p1a: Slowbro|64/100
|-activate|p1a: Slowbro|move: Magma Storm|[of] p2a: Heatran
|
|-heal|p2a: Heatran|94/100|[from] item: Leftovers
|-damage|p1a: Slowbro|51/100|[from] move: Magma Storm|[partiallytrapped]
|upkeep
|turn|45
|l| PokeAce95
|inactive|bizarman has 120 seconds left.
|
|t:|1665425093
|move|p2a: Heatran|Taunt|p1a: Slowbro
|-start|p1a: Slowbro|move: Taunt
|cant|p1a: Slowbro|move: Taunt|Slack Off
|
|-heal|p2a: Heatran|100/100|[from] item: Leftovers
|-damage|p1a: Slowbro|39/100|[from] move: Magma Storm|[partiallytrapped]
|-fieldend|move: Electric Terrain
|upkeep
|turn|46
|-message|bizarman forfeited.
|
|win|I DONT REPLY
|raw|bizarman's rating: 1866 &rarr; <strong>1844</strong><br />(-22 for losing)
|raw|I DONT REPLY's rating: 1833 &rarr; <strong>1855</strong><br />(+22 for winning)
|l|☆bizarman
