|raw|<div class="broadcast-blue"><strong>This battle is required to be public due to a player having a name starting with 'lt91bb'.</div>
|j|☆LT91BB bush
|j|☆Orangesss
|t:|1658973070
|gametype|singles
|player|p1|LT91BB bush|#bushtush|1691
|player|p2|Orangesss|silver|1696
|teamsize|p1|6
|teamsize|p2|6
|gen|8
|tier|[Gen 8] OU
|rated|
|rule|Sleep Clause Mod: Limit one foe put to sleep
|rule|Species Clause: Limit one of each Pokémon
|rule|OHKO Clause: OHKO moves are banned
|rule|Evasion Moves Clause: Evasion moves are banned
|rule|Endless Battle Clause: Forcing endless battles is banned
|rule|HP Percentage Mod: HP is shown in percentages
|rule|Dynamax Clause: You cannot dynamax
|clearpoke
|poke|p1|Pelipper, F|
|poke|p1|Seismitoad, F|
|poke|p1|Zapdos|
|poke|p1|Ferrothorn, M|
|poke|p1|Barraskewda, M|
|poke|p1|Crawdaunt, F|
|poke|p2|Pelipper, M|
|poke|p2|Barraskewda, F|
|poke|p2|Ferrothorn, M|
|poke|p2|Seismitoad, F|
|poke|p2|Tapu Koko|
|poke|p2|Tornadus-Therian, M|
|teampreview
|inactive|Battle timer is ON: inactive players will automatically lose when time's up. (requested by Orangesss)
|
|t:|1658973076
|start
|switch|p1a: Barraskewda|Barraskewda, M|100/100
|switch|p2a: Speed Overdose|Tapu Koko|100/100
|-fieldstart|move: Electric Terrain|[from] ability: Electric Surge|[of] p2a: Speed Overdose
|turn|1
|j| LT91BB pop smoke
|
|t:|1658973085
|switch|p1a: Pelipper|Pelipper, F|100/100
|-weather|RainDance|[from] ability: Drizzle|[of] p1a: Pelipper
|move|p2a: Speed Overdose|Volt Switch|p1a: Pelipper
|-supereffective|p1a: Pelipper
|-damage|p1a: Pelipper|0 fnt
|faint|p1a: Pelipper
|
|t:|1658973091
|switch|p2a: One fish two fish|Barraskewda, F|100/100|[from]move: Volt Switch
|
|-weather|RainDance|[upkeep]
|upkeep
|
|t:|1658973095
|switch|p1a: Barraskewda|Barraskewda, M|100/100
|turn|2
|
|t:|1658973099
|switch|p2a: Hates rain|Ferrothorn, M|100/100
|move|p1a: Barraskewda|Flip Turn|p2a: Hates rain
|-resisted|p2a: Hates rain
|-damage|p2a: Hates rain|80/100
|-damage|p1a: Barraskewda|88/100|[from] ability: Iron Barbs|[of] p2a: Hates rain
|
|t:|1658973103
|switch|p1a: Zapdos|Zapdos|100/100|[from]move: Flip Turn
|
|-weather|RainDance|[upkeep]
|-heal|p2a: Hates rain|86/100|[from] item: Leftovers
|upkeep
|turn|3
|
|t:|1658973108
|move|p1a: Zapdos|Hurricane|p2a: Hates rain
|-damage|p2a: Hates rain|17/100
|-start|p2a: Hates rain|confusion
|-activate|p2a: Hates rain|confusion
|move|p2a: Hates rain|Spikes|p1a: Zapdos
|-sidestart|p1: LT91BB bush|Spikes
|
|-weather|RainDance|[upkeep]
|-heal|p2a: Hates rain|23/100|[from] item: Leftovers
|upkeep
|turn|4
|
|t:|1658973112
|switch|p2a: Agent ¥|Seismitoad, F, shiny|100/100
|move|p1a: Zapdos|Hurricane|p2a: Agent ¥
|-damage|p2a: Agent ¥|0 fnt
|faint|p2a: Agent ¥
|
|-weather|RainDance|[upkeep]
|upkeep
|
|t:|1658973119
|switch|p2a: One fish two fish|Barraskewda, F|100/100
|turn|5
|j| jade marutina
|
|t:|1658973122
|switch|p1a: Ferrothorn|Ferrothorn, M|100/100
|-damage|p1a: Ferrothorn|88/100|[from] Spikes
|move|p2a: One fish two fish|Flip Turn|p1a: Ferrothorn
|-resisted|p1a: Ferrothorn
|-damage|p1a: Ferrothorn|63/100
|-damage|p2a: One fish two fish|88/100|[from] ability: Iron Barbs|[of] p1a: Ferrothorn
|-enditem|p1a: Ferrothorn|Eject Button
|
|t:|1658973128
|switch|p1a: Barraskewda|Barraskewda, M|88/100
|-damage|p1a: Barraskewda|76/100|[from] Spikes
|
|-weather|RainDance|[upkeep]
|-fieldend|move: Electric Terrain
|upkeep
|turn|6
|
|t:|1658973134
|move|p1a: Barraskewda|Flip Turn|p2a: One fish two fish
|-resisted|p2a: One fish two fish
|-damage|p2a: One fish two fish|16/100
|
|t:|1658973138
|switch|p1a: Ferrothorn|Ferrothorn, M|63/100|[from]move: Flip Turn
|-damage|p1a: Ferrothorn|51/100|[from] Spikes
|move|p2a: One fish two fish|Flip Turn|p1a: Ferrothorn
|-resisted|p1a: Ferrothorn
|-damage|p1a: Ferrothorn|26/100
|-damage|p2a: One fish two fish|4/100|[from] ability: Iron Barbs|[of] p1a: Ferrothorn
|
|t:|1658973145
|switch|p2a: Lando Black sheep|Tornadus-Therian, M|100/100|[from]move: Flip Turn
|
|-weather|RainDance|[upkeep]
|upkeep
|turn|7
|
|t:|1658973148
|move|p2a: Lando Black sheep|Hurricane|p1a: Ferrothorn
|-crit|p1a: Ferrothorn
|-damage|p1a: Ferrothorn|0 fnt
|faint|p1a: Ferrothorn
|
|-weather|RainDance|[upkeep]
|upkeep
|
|t:|1658973151
|switch|p1a: Zapdos|Zapdos|100/100
|turn|8
|j| Large_Rodent
|
|t:|1658973154
|switch|p2a: Hates rain|Ferrothorn, M|23/100
|move|p1a: Zapdos|Thunder|p2a: Hates rain
|-resisted|p2a: Hates rain
|-damage|p2a: Hates rain|0 fnt
|faint|p2a: Hates rain
|
|-weather|none
|upkeep
|
|t:|1658973162
|switch|p2a: Speed Overdose|Tapu Koko|100/100
|-fieldstart|move: Electric Terrain|[from] ability: Electric Surge|[of] p2a: Speed Overdose
|turn|9
|
|t:|1658973173
|move|p2a: Speed Overdose|Dazzling Gleam|p1a: Zapdos
|-damage|p1a: Zapdos|37/100
|move|p1a: Zapdos|Thunder|p2a: Speed Overdose|[miss]
|-miss|p1a: Zapdos|p2a: Speed Overdose
|
|upkeep
|turn|10
|
|t:|1658973177
|move|p2a: Speed Overdose|Dazzling Gleam|p1a: Zapdos
|-damage|p1a: Zapdos|0 fnt
|faint|p1a: Zapdos
|
|upkeep
|
|t:|1658973179
|switch|p1a: Seismitoad|Seismitoad, F|100/100
|-damage|p1a: Seismitoad|88/100|[from] Spikes
|turn|11
|l| LT91BB pop smoke
|
|t:|1658973186
|switch|p2a: Lando Black sheep|Tornadus-Therian, M|100/100
|move|p1a: Seismitoad|Weather Ball|p2a: Lando Black sheep
|-damage|p2a: Lando Black sheep|85/100
|
|upkeep
|turn|12
|
|t:|1658973192
|move|p2a: Lando Black sheep|Knock Off|p1a: Seismitoad
|-damage|p1a: Seismitoad|63/100
|-enditem|p1a: Seismitoad|Mystic Water|[from] move: Knock Off|[of] p2a: Lando Black sheep
|move|p1a: Seismitoad|Icy Wind|p2a: Lando Black sheep
|-supereffective|p2a: Lando Black sheep
|-damage|p2a: Lando Black sheep|52/100
|-unboost|p2a: Lando Black sheep|spe|1
|
|upkeep
|turn|13
|
|t:|1658973201
|move|p2a: Lando Black sheep|U-turn|p1a: Seismitoad
|-damage|p1a: Seismitoad|46/100
|
|t:|1658973205
|switch|p2a: One fish two fish|Barraskewda, F|4/100|[from]move: U-turn
|move|p1a: Seismitoad|Icy Wind|p2a: One fish two fish
|-resisted|p2a: One fish two fish
|-damage|p2a: One fish two fish|0 fnt
|faint|p2a: One fish two fish
|
|-fieldend|move: Electric Terrain
|upkeep
|
|t:|1658973212
|switch|p2a: Speed Overdose|Tapu Koko|100/100
|-fieldstart|move: Electric Terrain|[from] ability: Electric Surge|[of] p2a: Speed Overdose
|turn|14
|
|t:|1658973216
|move|p2a: Speed Overdose|Dazzling Gleam|p1a: Seismitoad
|-damage|p1a: Seismitoad|0 fnt
|faint|p1a: Seismitoad
|
|upkeep
|
|t:|1658973221
|switch|p1a: Barraskewda|Barraskewda, M|76/100
|-damage|p1a: Barraskewda|64/100|[from] Spikes
|turn|15
|
|t:|1658973227
|move|p2a: Speed Overdose|Dazzling Gleam|p1a: Barraskewda
|-damage|p1a: Barraskewda|0 fnt
|faint|p1a: Barraskewda
|
|upkeep
|
|t:|1658973230
|switch|p1a: Crawdaunt|Crawdaunt, F|100/100
|-damage|p1a: Crawdaunt|88/100|[from] Spikes
|turn|16
|
|t:|1658973232
|move|p1a: Crawdaunt|Aqua Jet|p2a: Speed Overdose
|-damage|p2a: Speed Overdose|52/100
|-damage|p1a: Crawdaunt|78/100|[from] item: Life Orb
|move|p2a: Speed Overdose|Dazzling Gleam|p1a: Crawdaunt
|-supereffective|p1a: Crawdaunt
|-damage|p1a: Crawdaunt|0 fnt
|faint|p1a: Crawdaunt
|
|win|Orangesss
|raw|LT91BB bush's rating: 1691 &rarr; <strong>1671</strong><br />(-20 for losing)
|raw|Orangesss's rating: 1696 &rarr; <strong>1716</strong><br />(+20 for winning)
|l|☆LT91BB bush
