|raw|<div class="broadcast-blue"><strong>This battle is required to be public due to a player having a name starting with 'lt94je'.</div>
|j|☆lt94je polt
|j|☆LudwigFrog
|t:|1661043129
|gametype|singles
|player|p1|lt94je polt|#agplivlionsden|1593
|player|p2|LudwigFrog|hilbert-wonderlauncher|1878
|teamsize|p1|6
|teamsize|p2|6
|gen|8
|tier|[Gen 8] OU
|rated|
|rule|Sleep Clause Mod: Limit one foe put to sleep
|rule|Species Clause: Limit one of each Pokémon
|rule|OHKO Clause: OHKO moves are banned
|rule|Evasion Items Clause: Evasion items are banned
|rule|Evasion Moves Clause: Evasion moves are banned
|rule|Endless Battle Clause: Forcing endless battles is banned
|rule|HP Percentage Mod: HP is shown in percentages
|rule|Dynamax Clause: You cannot dynamax
|clearpoke
|poke|p1|Mew|
|poke|p1|Weavile, F|
|poke|p1|Celesteela|
|poke|p1|Garchomp, F|
|poke|p1|Blacephalon|
|poke|p1|Crawdaunt, F|
|poke|p2|Dragapult, F|
|poke|p2|Tyranitar, M|
|poke|p2|Ferrothorn, M|
|poke|p2|Rillaboom, F|
|poke|p2|Corviknight, F|
|poke|p2|Gastrodon-East, M|
|teampreview
|inactive|Battle timer is ON: inactive players will automatically lose when time's up. (requested by LudwigFrog)
|inactive|lt94je polt also wants the timer to be on.
|j| GetNikkDon
|inactive|lt94je polt has 120 seconds left.
|
|t:|1661043176
|start
|switch|p1a: Blacephalon|Blacephalon, shiny|100/100
|switch|p2a: Tyranitar|Tyranitar, M|100/100
|-weather|Sandstorm|[from] ability: Sand Stream|[of] p2a: Tyranitar
|turn|1
|
|t:|1661043184
|switch|p1a: Mew|Mew, shiny|100/100
|move|p2a: Tyranitar|Crunch|p1a: Mew
|-supereffective|p1a: Mew
|-enditem|p1a: Mew|Colbur Berry|[eat]
|-enditem|p1a: Mew|Colbur Berry|[weaken]
|-damage|p1a: Mew|40/100
|
|-weather|Sandstorm|[upkeep]
|-damage|p1a: Mew|33/100|[from] Sandstorm
|upkeep
|turn|2
|
|t:|1661043186
|move|p1a: Mew|Stealth Rock|p2a: Tyranitar
|-sidestart|p2: LudwigFrog|move: Stealth Rock
|move|p2a: Tyranitar|Crunch|p1a: Mew
|-supereffective|p1a: Mew
|-damage|p1a: Mew|0 fnt
|faint|p1a: Mew
|
|-weather|Sandstorm|[upkeep]
|upkeep
|j| Rubiaa
|j| LT94JE dort
|l| Rubiaa
|
|t:|1661043201
|switch|p1a: Crawdaunt|Crawdaunt, F, shiny|100/100
|turn|3
|l| LT94JE dort
|
|t:|1661043222
|switch|p2a: Gastrodon|Gastrodon-East, M|100/100
|-damage|p2a: Gastrodon|94/100|[from] Stealth Rock
|move|p1a: Crawdaunt|Swords Dance|p1a: Crawdaunt
|-boost|p1a: Crawdaunt|atk|2
|
|-weather|Sandstorm|[upkeep]
|-damage|p1a: Crawdaunt|95/100|[from] Sandstorm
|-heal|p2a: Gastrodon|100/100|[from] item: Leftovers
|upkeep
|turn|4
|
|t:|1661043227
|move|p1a: Crawdaunt|Knock Off|p2a: Gastrodon
|-damage|p2a: Gastrodon|0 fnt
|-enditem|p2a: Gastrodon|Leftovers|[from] move: Knock Off|[of] p1a: Crawdaunt
|faint|p2a: Gastrodon
|-damage|p1a: Crawdaunt|85/100|[from] item: Life Orb
|
|-weather|Sandstorm|[upkeep]
|-damage|p1a: Crawdaunt|79/100|[from] Sandstorm
|upkeep
|
|t:|1661043229
|switch|p2a: Rillaboom|Rillaboom, F|100/100
|-damage|p2a: Rillaboom|88/100|[from] Stealth Rock
|-fieldstart|move: Grassy Terrain|[from] ability: Grassy Surge|[of] p2a: Rillaboom
|turn|5
|
|t:|1661043231
|switch|p1a: Celesteela|Celesteela, shiny|100/100
|move|p2a: Rillaboom|Grassy Glide|p1a: Celesteela
|-resisted|p1a: Celesteela
|-damage|p1a: Celesteela|85/100
|-damage|p2a: Rillaboom|78/100|[from] item: Life Orb
|
|-weather|none
|-heal|p2a: Rillaboom|84/100|[from] Grassy Terrain
|upkeep
|turn|6
|
|t:|1661043237
|switch|p2a: Tyranitar|Tyranitar, M|100/100
|-damage|p2a: Tyranitar|88/100|[from] Stealth Rock
|-weather|Sandstorm|[from] ability: Sand Stream|[of] p2a: Tyranitar
|switch|p1a: Crawdaunt|Crawdaunt, F, shiny|79/100
|
|-weather|Sandstorm|[upkeep]
|-damage|p1a: Crawdaunt|73/100|[from] Sandstorm
|-heal|p2a: Tyranitar|94/100|[from] Grassy Terrain
|-heal|p1a: Crawdaunt|79/100|[from] Grassy Terrain
|upkeep
|turn|7
|
|t:|1661043240
|move|p2a: Tyranitar|Stone Edge|p1a: Crawdaunt
|-damage|p1a: Crawdaunt|0 fnt
|faint|p1a: Crawdaunt
|
|-weather|Sandstorm|[upkeep]
|-heal|p2a: Tyranitar|100/100|[from] Grassy Terrain
|upkeep
|
|t:|1661043243
|switch|p1a: Garchomp|Garchomp, F, shiny|100/100
|turn|8
|
|t:|1661043245
|switch|p2a: Corviknight|Corviknight, F|100/100
|-damage|p2a: Corviknight|88/100|[from] Stealth Rock
|-ability|p2a: Corviknight|Pressure
|move|p1a: Garchomp|Swords Dance|p1a: Garchomp
|-boost|p1a: Garchomp|atk|2
|
|-weather|Sandstorm|[upkeep]
|-heal|p2a: Corviknight|94/100|[from] item: Leftovers
|upkeep
|turn|9
|
|t:|1661043248
|move|p1a: Garchomp|Fire Fang|p2a: Corviknight
|-supereffective|p2a: Corviknight
|-damage|p2a: Corviknight|31/100
|move|p2a: Corviknight|Defog|p1a: Garchomp
|-unboost|p1a: Garchomp|evasion|1
|-sideend|p2: LudwigFrog|Stealth Rock|[from] move: Defog|[of] p2a: Corviknight
|-fieldend|move: Grassy Terrain
|
|-weather|Sandstorm|[upkeep]
|-heal|p2a: Corviknight|37/100|[from] item: Leftovers
|upkeep
|turn|10
|
|t:|1661043251
|move|p1a: Garchomp|Fire Fang|p2a: Corviknight
|-supereffective|p2a: Corviknight
|-damage|p2a: Corviknight|0 fnt
|faint|p2a: Corviknight
|
|-weather|none
|upkeep
|
|t:|1661043253
|switch|p2a: Dragapult|Dragapult, F|100/100
|turn|11
|
|t:|1661043255
|switch|p1a: Celesteela|Celesteela, shiny|85/100
|move|p2a: Dragapult|Draco Meteor|p1a: Celesteela
|-resisted|p1a: Celesteela
|-crit|p1a: Celesteela
|-damage|p1a: Celesteela|12/100
|-unboost|p2a: Dragapult|spa|2
|
|upkeep
|turn|12
|
|t:|1661043258
|move|p2a: Dragapult|Draco Meteor|p1a: Celesteela
|-resisted|p1a: Celesteela
|-damage|p1a: Celesteela|0 fnt
|-unboost|p2a: Dragapult|spa|2
|faint|p1a: Celesteela
|
|upkeep
|
|t:|1661043260
|switch|p1a: Weavile|Weavile, F, shiny|100/100
|-ability|p1a: Weavile|Pressure
|turn|13
|
|t:|1661043263
|switch|p2a: Ferrothorn|Ferrothorn, M|100/100
|move|p1a: Weavile|Swords Dance|p1a: Weavile
|-boost|p1a: Weavile|atk|2
|
|upkeep
|turn|14
|
|t:|1661043264
|move|p1a: Weavile|Triple Axel|p2a: Ferrothorn
|-damage|p2a: Ferrothorn|83/100
|-damage|p1a: Weavile|88/100|[from] ability: Iron Barbs|[of] p2a: Ferrothorn
|-damage|p1a: Weavile|72/100|[from] item: Rocky Helmet|[of] p2a: Ferrothorn
|-damage|p2a: Ferrothorn|49/100
|-damage|p1a: Weavile|59/100|[from] ability: Iron Barbs|[of] p2a: Ferrothorn
|-damage|p1a: Weavile|43/100|[from] item: Rocky Helmet|[of] p2a: Ferrothorn
|-damage|p2a: Ferrothorn|0 fnt
|-damage|p1a: Weavile|30/100|[from] ability: Iron Barbs|[of] p2a: Ferrothorn
|-damage|p1a: Weavile|14/100|[from] item: Rocky Helmet|[of] p2a: Ferrothorn
|faint|p2a: Ferrothorn
|-hitcount|p2: Ferrothorn|3
|-damage|p1a: Weavile|4/100|[from] item: Life Orb
|
|upkeep
|j| Riquelme✧16
|
|t:|1661043272
|switch|p2a: Rillaboom|Rillaboom, F|84/100
|-fieldstart|move: Grassy Terrain|[from] ability: Grassy Surge|[of] p2a: Rillaboom
|turn|15
|
|t:|1661043278
|move|p2a: Rillaboom|Grassy Glide|p1a: Weavile
|-damage|p1a: Weavile|0 fnt
|faint|p1a: Weavile
|-damage|p2a: Rillaboom|74/100|[from] item: Life Orb
|
|-heal|p2a: Rillaboom|81/100|[from] Grassy Terrain
|upkeep
|
|t:|1661043284
|switch|p1a: Blacephalon|Blacephalon, shiny|100/100
|turn|16
|
|t:|1661043286
|switch|p2a: Tyranitar|Tyranitar, M|100/100
|-weather|Sandstorm|[from] ability: Sand Stream|[of] p2a: Tyranitar
|move|p1a: Blacephalon|Flamethrower|p2a: Tyranitar
|-resisted|p2a: Tyranitar
|-damage|p2a: Tyranitar|80/100
|
|-weather|Sandstorm|[upkeep]
|-damage|p1a: Blacephalon|94/100|[from] Sandstorm
|-heal|p1a: Blacephalon|100/100|[from] Grassy Terrain
|-heal|p2a: Tyranitar|86/100|[from] Grassy Terrain
|upkeep
|turn|17
|
|t:|1661043289
|move|p1a: Blacephalon|Flamethrower|p2a: Tyranitar
|-resisted|p2a: Tyranitar
|-damage|p2a: Tyranitar|69/100
|move|p2a: Tyranitar|Ice Punch|p1a: Blacephalon
|-resisted|p1a: Blacephalon
|-damage|p1a: Blacephalon|47/100
|
|-weather|Sandstorm|[upkeep]
|-damage|p1a: Blacephalon|41/100|[from] Sandstorm
|-heal|p1a: Blacephalon|47/100|[from] Grassy Terrain
|-heal|p2a: Tyranitar|75/100|[from] Grassy Terrain
|upkeep
|turn|18
|
|t:|1661043292
|move|p1a: Blacephalon|Flamethrower|p2a: Tyranitar
|-resisted|p2a: Tyranitar
|-damage|p2a: Tyranitar|56/100
|move|p2a: Tyranitar|Ice Punch|p1a: Blacephalon
|-resisted|p1a: Blacephalon
|-damage|p1a: Blacephalon|0 fnt
|faint|p1a: Blacephalon
|
|-weather|Sandstorm|[upkeep]
|-heal|p2a: Tyranitar|62/100|[from] Grassy Terrain
|upkeep
|
|t:|1661043294
|switch|p1a: Garchomp|Garchomp, F, shiny|100/100
|turn|19
|
|t:|1661043302
|move|p1a: Garchomp|Swords Dance|p1a: Garchomp
|-boost|p1a: Garchomp|atk|2
|move|p2a: Tyranitar|Ice Punch|p1a: Garchomp
|-supereffective|p1a: Garchomp
|-crit|p1a: Garchomp
|-damage|p1a: Garchomp|0 fnt
|-damage|p2a: Tyranitar|49/100|[from] ability: Rough Skin|[of] p1a: Garchomp
|faint|p1a: Garchomp
|
|win|LudwigFrog
|raw|lt94je polt's rating: 1593 &rarr; <strong>1587</strong><br />(-6 for losing)
|raw|LudwigFrog's rating: 1878 &rarr; <strong>1884</strong><br />(+6 for winning)
|l|☆lt94je polt
|l|☆LudwigFrog
|l| Riquelme✧16
|l| GetNikkDon
|j|☆LudwigFrog
|player|p2|LudwigFrog|hilbert-wonderlauncher
|j| 3d
|l| 3d
|j| biased pog
|l| biased pog
||Ladder isn't responding, score probably updated but might not have (Request timeout).
|l|☆LudwigFrog
|player|p2|
