|j|☆tanishq1
|j|☆Geb Gamer
|t:|1657703346
|gametype|singles
|player|p1|tanishq1|266|1731
|player|p2|Geb Gamer|101|1748
|teamsize|p1|6
|teamsize|p2|6
|gen|8
|tier|[Gen 8] OU
|rated|
|rule|Sleep Clause Mod: Limit one foe put to sleep
|rule|Species Clause: Limit one of each Pokémon
|rule|OHKO Clause: OHKO moves are banned
|rule|Evasion Moves Clause: Evasion moves are banned
|rule|Endless Battle Clause: Forcing endless battles is banned
|rule|HP Percentage Mod: HP is shown in percentages
|rule|Dynamax Clause: You cannot dynamax
|clearpoke
|poke|p1|Tornadus-Therian, M|
|poke|p1|Ferrothorn, M|
|poke|p1|Zapdos|
|poke|p1|Pelipper, M|
|poke|p1|Seismitoad, F|
|poke|p1|Barraskewda, F|
|poke|p2|Dragapult, M|
|poke|p2|Urshifu-*, M|
|poke|p2|Melmetal|
|poke|p2|Kartana|
|poke|p2|Moltres-Galar|
|poke|p2|Garchomp, M|
|teampreview
|inactive|Battle timer is ON: inactive players will automatically lose when time's up. (requested by tanishq1)
|
|t:|1657703363
|start
|switch|p1a: Pelipper|Pelipper, M|100/100
|switch|p2a: Leviathan|Dragapult, M, shiny|100/100
|-weather|RainDance|[from] ability: Drizzle|[of] p1a: Pelipper
|turn|1
|
|t:|1657703367
|switch|p1a: Ferrothorn|Ferrothorn, M|100/100
|move|p2a: Leviathan|Shadow Ball|p1a: Ferrothorn
|-damage|p1a: Ferrothorn|61/100
|-unboost|p1a: Ferrothorn|spd|1
|
|-weather|RainDance|[upkeep]
|-heal|p1a: Ferrothorn|67/100|[from] item: Leftovers
|upkeep
|turn|2
|
|t:|1657703376
|move|p2a: Leviathan|Shadow Ball|p1a: Ferrothorn
|-damage|p1a: Ferrothorn|13/100
|move|p1a: Ferrothorn|Gyro Ball|p2a: Leviathan
|-damage|p2a: Leviathan|31/100
|
|-weather|RainDance|[upkeep]
|-heal|p1a: Ferrothorn|19/100|[from] item: Leftovers
|upkeep
|turn|3
|
|t:|1657703382
|switch|p1a: Seismitoad|Seismitoad, F|100/100
|move|p2a: Leviathan|Shadow Ball|p1a: Seismitoad
|-damage|p1a: Seismitoad|29/100
|
|-weather|RainDance|[upkeep]
|upkeep
|turn|4
|inactive|Geb Gamer has 120 seconds left.
|
|t:|1657703426
|switch|p2a: Burning Darkness|Moltres-Galar, shiny|100/100
|move|p1a: Seismitoad|Weather Ball|p2a: Burning Darkness
|-damage|p2a: Burning Darkness|44/100
|-ability|p2a: Burning Darkness|Berserk|boost
|-boost|p2a: Burning Darkness|spa|1
|-damage|p1a: Seismitoad|19/100|[from] item: Life Orb
|
|-weather|RainDance|[upkeep]
|upkeep
|turn|5
|
|t:|1657703431
|move|p1a: Seismitoad|Weather Ball|p2a: Burning Darkness
|-damage|p2a: Burning Darkness|0 fnt
|faint|p2a: Burning Darkness
|-damage|p1a: Seismitoad|9/100|[from] item: Life Orb
|
|-weather|RainDance|[upkeep]
|upkeep
|
|t:|1657703457
|switch|p2a: Deathstroke|Kartana, shiny|100/100
|turn|6
|
|t:|1657703463
|move|p2a: Deathstroke|Knock Off|p1a: Seismitoad
|-damage|p1a: Seismitoad|0 fnt
|-enditem|p1a: Seismitoad|Life Orb|[from] move: Knock Off|[of] p2a: Deathstroke
|faint|p1a: Seismitoad
|-ability|p2a: Deathstroke|Beast Boost|boost
|-boost|p2a: Deathstroke|atk|1
|
|-weather|RainDance|[upkeep]
|upkeep
|
|t:|1657703465
|switch|p1a: Zapdos|Zapdos|100/100
|turn|7
|inactive|Geb Gamer has 90 seconds left.
|
|t:|1657703515
|move|p2a: Deathstroke|Knock Off|p1a: Zapdos
|-damage|p1a: Zapdos|26/100
|-enditem|p1a: Zapdos|Life Orb|[from] move: Knock Off|[of] p2a: Deathstroke
|move|p1a: Zapdos|Hurricane|p2a: Deathstroke
|-damage|p2a: Deathstroke|0 fnt
|faint|p2a: Deathstroke
|
|-weather|RainDance|[upkeep]
|upkeep
|
|t:|1657703524
|switch|p2a: Leviathan|Dragapult, M, shiny|31/100
|turn|8
|j| skylink42\
|
|t:|1657703529
|move|p2a: Leviathan|Shadow Ball|p1a: Zapdos
|-damage|p1a: Zapdos|0 fnt
|faint|p1a: Zapdos
|
|-weather|none
|upkeep
|
|t:|1657703530
|switch|p1a: Pelipper|Pelipper, M|100/100
|-weather|RainDance|[from] ability: Drizzle|[of] p1a: Pelipper
|turn|9
|
|t:|1657703532
|move|p2a: Leviathan|Shadow Ball|p1a: Pelipper
|-damage|p1a: Pelipper|21/100
|-unboost|p1a: Pelipper|spd|1
|move|p1a: Pelipper|Scald|p2a: Leviathan
|-resisted|p2a: Leviathan
|-damage|p2a: Leviathan|6/100
|
|-weather|RainDance|[upkeep]
|upkeep
|turn|10
|
|t:|1657703535
|switch|p1a: Ferrothorn|Ferrothorn, M|19/100
|move|p2a: Leviathan|Shadow Ball|p1a: Ferrothorn
|-damage|p1a: Ferrothorn|0 fnt
|faint|p1a: Ferrothorn
|
|-weather|RainDance|[upkeep]
|upkeep
|
|t:|1657703541
|switch|p1a: Barraskewda|Barraskewda, F|100/100
|turn|11
|j| Bug-T
|
|t:|1657703554
|switch|p2a: Zangetsu|Garchomp, M, shiny|100/100
|move|p1a: Barraskewda|Flip Turn|p2a: Zangetsu
|-damage|p2a: Zangetsu|36/100
|-damage|p1a: Barraskewda|88/100|[from] ability: Rough Skin|[of] p2a: Zangetsu
|
|t:|1657703557
|switch|p1a: Pelipper|Pelipper, M|21/100|[from]move: Flip Turn
|
|-weather|RainDance|[upkeep]
|-heal|p2a: Zangetsu|42/100|[from] item: Leftovers
|upkeep
|turn|12
|inactive|Geb Gamer has 120 seconds left.
|
|t:|1657703565
|switch|p2a: Leviathan|Dragapult, M, shiny|6/100
|move|p1a: Pelipper|Roost|p1a: Pelipper
|-heal|p1a: Pelipper|71/100
|-singleturn|p1a: Pelipper|move: Roost
|
|-weather|RainDance|[upkeep]
|upkeep
|turn|13
|
|t:|1657703569
|switch|p1a: Tornadus|Tornadus-Therian, M|100/100
|move|p2a: Leviathan|Shadow Ball|p1a: Tornadus
|-damage|p1a: Tornadus|23/100
|
|-weather|RainDance|[upkeep]
|upkeep
|turn|14
|
|t:|1657703572
|move|p2a: Leviathan|Shadow Ball|p1a: Tornadus
|-damage|p1a: Tornadus|0 fnt
|faint|p1a: Tornadus
|
|-weather|RainDance|[upkeep]
|upkeep
|
|t:|1657703573
|switch|p1a: Barraskewda|Barraskewda, F|88/100
|turn|15
|
|t:|1657703579
|switch|p2a: Zangetsu|Garchomp, M, shiny|42/100
|move|p1a: Barraskewda|Liquidation|p2a: Zangetsu
|-damage|p2a: Zangetsu|0 fnt
|-damage|p1a: Barraskewda|75/100|[from] ability: Rough Skin|[of] p2a: Zangetsu
|faint|p2a: Zangetsu
|
|-weather|RainDance|[upkeep]
|upkeep
|l| skylink42\
|j| BobbySweetASL
|inactive|Geb Gamer has 120 seconds left.
|
|t:|1657703628
|switch|p2a: Fate|Melmetal, shiny|100/100
|turn|16
|
|t:|1657703633
|move|p1a: Barraskewda|Liquidation|p2a: Fate
|-damage|p2a: Fate|48/100
|-unboost|p2a: Fate|def|1
|move|p2a: Fate|Thunder Punch|p1a: Barraskewda
|-supereffective|p1a: Barraskewda
|-damage|p1a: Barraskewda|0 fnt
|faint|p1a: Barraskewda
|
|-weather|none
|upkeep
|
|t:|1657703635
|switch|p1a: Pelipper|Pelipper, M|71/100
|-weather|RainDance|[from] ability: Drizzle|[of] p1a: Pelipper
|turn|17
|
|t:|1657703637
|move|p1a: Pelipper|Scald|p2a: Fate
|-damage|p2a: Fate|9/100
|move|p2a: Fate|Thunder Punch|p1a: Pelipper
|-supereffective|p1a: Pelipper
|-damage|p1a: Pelipper|0 fnt
|faint|p1a: Pelipper
|
|win|Geb Gamer
|raw|tanishq1's rating: 1731 &rarr; <strong>1712</strong><br />(-19 for losing)
|raw|Geb Gamer's rating: 1748 &rarr; <strong>1767</strong><br />(+19 for winning)
|c|☆Geb Gamer|gg
|l|☆tanishq1
|l|☆Geb Gamer
|l| Bug-T
||Ladder isn't responding, score probably updated but might not have (Request timeout).
