|j|☆Kaleor
|j|‽drasg
|t:|1637599531
|gametype|singles
|player|p1|Kaleor|swimmer-gen4dp|1558
|player|p2|drasg|red|1531
|teamsize|p1|6
|teamsize|p2|6
|gen|8
|tier|[Gen 8] OU
|rated|
|rule|Sleep Clause Mod: Limit one foe put to sleep
|rule|Species Clause: Limit one of each Pokémon
|rule|OHKO Clause: OHKO moves are banned
|rule|Evasion Moves Clause: Evasion moves are banned
|rule|Endless Battle Clause: Forcing endless battles is banned
|rule|HP Percentage Mod: HP is shown in percentages
|rule|Dynamax Clause: You cannot dynamax
|clearpoke
|poke|p1|Urshifu-*, F|
|poke|p1|Blaziken, F|
|poke|p1|Blacephalon|
|poke|p1|Aerodactyl, M|
|poke|p1|Tapu Koko|
|poke|p1|Regieleki|
|poke|p2|Corviknight, F|
|poke|p2|Kartana|
|poke|p2|Mamoswine, M|
|poke|p2|Rillaboom, F|
|poke|p2|Blaziken, M|
|poke|p2|Tapu Fini|
|teampreview
|inactive|Battle timer is ON: inactive players will automatically lose when time's up. (requested by drasg)
|
|t:|1637599537
|start
|switch|p1a: Aerodactyl|Aerodactyl, M|100/100
|switch|p2a: Mamoswine|Mamoswine, M|100/100
|turn|1
|
|t:|1637599542
|move|p1a: Aerodactyl|Stone Edge|p2a: Mamoswine
|-damage|p2a: Mamoswine|49/100
|move|p2a: Mamoswine|Icicle Crash|p1a: Aerodactyl
|-supereffective|p1a: Aerodactyl
|-enditem|p1a: Aerodactyl|Focus Sash
|-damage|p1a: Aerodactyl|1/100
|-damage|p2a: Mamoswine|39/100|[from] item: Life Orb
|
|upkeep
|turn|2
|
|t:|1637599546
|move|p2a: Mamoswine|Ice Shard|p1a: Aerodactyl
|-supereffective|p1a: Aerodactyl
|-damage|p1a: Aerodactyl|0 fnt
|faint|p1a: Aerodactyl
|-damage|p2a: Mamoswine|29/100|[from] item: Life Orb
|
|upkeep
|
|t:|1637599553
|switch|p1a: Blacephalon|Blacephalon|100/100
|turn|3
|
|t:|1637599555
|switch|p2a: Tapu Fini|Tapu Fini|100/100
|-fieldstart|move: Misty Terrain|[from] ability: Misty Surge|[of] p2a: Tapu Fini
|move|p1a: Blacephalon|Shadow Ball|p2a: Tapu Fini
|-damage|p2a: Tapu Fini|66/100
|
|-heal|p2a: Tapu Fini|72/100|[from] item: Leftovers
|upkeep
|turn|4
|
|t:|1637599559
|switch|p1a: Tapu Koko|Tapu Koko|100/100
|-fieldstart|move: Electric Terrain|[from] ability: Electric Surge|[of] p1a: Tapu Koko
|move|p2a: Tapu Fini|Whirlpool|p1a: Tapu Koko|[miss]
|-miss|p2a: Tapu Fini|p1a: Tapu Koko
|
|-heal|p2a: Tapu Fini|78/100|[from] item: Leftovers
|upkeep
|turn|5
|
|t:|1637599563
|switch|p2a: Mamoswine|Mamoswine, M|29/100
|move|p1a: Tapu Koko|U-turn|p2a: Mamoswine
|-damage|p2a: Mamoswine|10/100
|
|t:|1637599571
|switch|p1a: Urshifu|Urshifu-Rapid-Strike, F|100/100|[from]move: U-turn
|
|upkeep
|turn|6
|
|t:|1637599574
|move|p2a: Mamoswine|Ice Shard|p1a: Urshifu
|-resisted|p1a: Urshifu
|-damage|p1a: Urshifu|84/100
|-damage|p2a: Mamoswine|0 fnt|[from] item: Life Orb
|faint|p2a: Mamoswine
|move|p1a: Urshifu|U-turn|p2: Mamoswine|[notarget]
|-fail|p1a: Urshifu
|
|upkeep
|
|t:|1637599581
|switch|p2a: Kartana|Kartana, shiny|100/100
|turn|7
|
|t:|1637599588
|move|p2a: Kartana|Leaf Blade|p1a: Urshifu
|-supereffective|p1a: Urshifu
|-damage|p1a: Urshifu|0 fnt
|faint|p1a: Urshifu
|-ability|p2a: Kartana|Beast Boost|boost
|-boost|p2a: Kartana|atk|1
|
|upkeep
|
|t:|1637599591
|switch|p1a: Blaziken|Blaziken, F|100/100
|turn|8
|
|t:|1637599613
|switch|p2a: Tapu Fini|Tapu Fini|78/100
|-fieldstart|move: Misty Terrain|[from] ability: Misty Surge|[of] p2a: Tapu Fini
|move|p1a: Blaziken|Close Combat|p2a: Tapu Fini
|-resisted|p2a: Tapu Fini
|-damage|p2a: Tapu Fini|53/100
|-unboost|p1a: Blaziken|def|1
|-unboost|p1a: Blaziken|spd|1
|
|-heal|p2a: Tapu Fini|59/100|[from] item: Leftovers
|-ability|p1a: Blaziken|Speed Boost|boost
|-boost|p1a: Blaziken|spe|1
|upkeep
|turn|9
|
|t:|1637599618
|switch|p1a: Tapu Koko|Tapu Koko|100/100
|-fieldstart|move: Electric Terrain|[from] ability: Electric Surge|[of] p1a: Tapu Koko
|move|p2a: Tapu Fini|Whirlpool|p1a: Tapu Koko
|-crit|p1a: Tapu Koko
|-damage|p1a: Tapu Koko|76/100
|-activate|p1a: Tapu Koko|move: Whirlpool|[of] p2a: Tapu Fini
|
|-heal|p2a: Tapu Fini|65/100|[from] item: Leftovers
|-damage|p1a: Tapu Koko|63/100|[from] move: Whirlpool|[partiallytrapped]
|upkeep
|turn|10
|
|t:|1637599622
|switch|p2a: Rillaboom|Rillaboom, F|100/100
|-fieldstart|move: Grassy Terrain|[from] ability: Grassy Surge|[of] p2a: Rillaboom
|move|p1a: Tapu Koko|Volt Switch|p2a: Rillaboom
|-resisted|p2a: Rillaboom
|-damage|p2a: Rillaboom|70/100
|
|t:|1637599627
|switch|p1a: Blacephalon|Blacephalon|100/100|[from]move: Volt Switch
|
|-heal|p2a: Rillaboom|76/100|[from] Grassy Terrain
|upkeep
|turn|11
|
|t:|1637599635
|switch|p1a: Tapu Koko|Tapu Koko|63/100
|-fieldstart|move: Electric Terrain|[from] ability: Electric Surge|[of] p1a: Tapu Koko
|move|p2a: Rillaboom|Grassy Glide|p1a: Tapu Koko
|-damage|p1a: Tapu Koko|0 fnt
|faint|p1a: Tapu Koko
|-damage|p2a: Rillaboom|66/100|[from] item: Life Orb
|
|upkeep
|
|t:|1637599637
|switch|p1a: Regieleki|Regieleki|100/100
|turn|12
|
|t:|1637599640
|switch|p2a: Corviknight|Corviknight, F|100/100
|-ability|p2a: Corviknight|Pressure
|move|p1a: Regieleki|Rising Voltage|p2a: Corviknight
|-supereffective|p2a: Corviknight
|-damage|p2a: Corviknight|0 fnt
|faint|p2a: Corviknight
|
|upkeep
|
|t:|1637599642
|switch|p2a: Rillaboom|Rillaboom, F|66/100
|-fieldstart|move: Grassy Terrain|[from] ability: Grassy Surge|[of] p2a: Rillaboom
|turn|13
|
|t:|1637599647
|move|p2a: Rillaboom|Grassy Glide|p1a: Regieleki
|-damage|p1a: Regieleki|0 fnt
|faint|p1a: Regieleki
|-damage|p2a: Rillaboom|57/100|[from] item: Life Orb
|
|-heal|p2a: Rillaboom|63/100|[from] Grassy Terrain
|upkeep
|
|t:|1637599649
|switch|p1a: Blaziken|Blaziken, F|100/100
|turn|14
|
|t:|1637599651
|switch|p2a: Tapu Fini|Tapu Fini|65/100
|-fieldstart|move: Misty Terrain|[from] ability: Misty Surge|[of] p2a: Tapu Fini
|move|p1a: Blaziken|Swords Dance|p1a: Blaziken
|-boost|p1a: Blaziken|atk|2
|
|-heal|p2a: Tapu Fini|71/100|[from] item: Leftovers
|-ability|p1a: Blaziken|Speed Boost|boost
|-boost|p1a: Blaziken|spe|1
|upkeep
|turn|15
|
|t:|1637599657
|move|p1a: Blaziken|Thunder Punch|p2a: Tapu Fini
|-supereffective|p2a: Tapu Fini
|-damage|p2a: Tapu Fini|0 fnt
|faint|p2a: Tapu Fini
|
|-ability|p1a: Blaziken|Speed Boost|boost
|-boost|p1a: Blaziken|spe|1
|upkeep
|
|t:|1637599666
|switch|p2a: Kartana|Kartana, shiny|100/100
|turn|16
|
|t:|1637599674
|move|p2a: Kartana|Sacred Sword|p1a: Blaziken
|-damage|p1a: Blaziken|38/100
|move|p1a: Blaziken|Close Combat|p2a: Kartana
|-supereffective|p2a: Kartana
|-damage|p2a: Kartana|0 fnt
|-unboost|p1a: Blaziken|def|1
|-unboost|p1a: Blaziken|spd|1
|faint|p2a: Kartana
|
|-ability|p1a: Blaziken|Speed Boost|boost
|-boost|p1a: Blaziken|spe|1
|upkeep
|
|t:|1637599677
|switch|p2a: Rillaboom|Rillaboom, F|63/100
|-fieldstart|move: Grassy Terrain|[from] ability: Grassy Surge|[of] p2a: Rillaboom
|turn|17
|
|t:|1637599681
|move|p2a: Rillaboom|Grassy Glide|p1a: Blaziken
|-resisted|p1a: Blaziken
|-damage|p1a: Blaziken|0 fnt
|faint|p1a: Blaziken
|-damage|p2a: Rillaboom|53/100|[from] item: Life Orb
|
|-heal|p2a: Rillaboom|59/100|[from] Grassy Terrain
|upkeep
|
|t:|1637599682
|switch|p1a: Blacephalon|Blacephalon|100/100
|turn|18
|
|t:|1637599688
|move|p2a: Rillaboom|Grassy Glide|p1a: Blacephalon
|-resisted|p1a: Blacephalon
|-damage|p1a: Blacephalon|22/100
|-damage|p2a: Rillaboom|49/100|[from] item: Life Orb
|move|p1a: Blacephalon|Shadow Ball|p2a: Rillaboom
|-damage|p2a: Rillaboom|0 fnt
|faint|p2a: Rillaboom
|-ability|p1a: Blacephalon|Beast Boost|boost
|-boost|p1a: Blacephalon|spa|1
|
|-heal|p1a: Blacephalon|28/100|[from] Grassy Terrain
|upkeep
|
|t:|1637599690
|switch|p2a: Blaziken|Blaziken, M|100/100
|turn|19
|
|t:|1637599694
|move|p1a: Blacephalon|Shadow Ball|p2a: Blaziken
|-damage|p2a: Blaziken|1/100
|-unboost|p2a: Blaziken|spd|1
|move|p2a: Blaziken|Thunder Punch|p1a: Blacephalon
|-damage|p1a: Blacephalon|0 fnt
|faint|p1a: Blacephalon
|-damage|p2a: Blaziken|0 fnt|[from] item: Life Orb
|faint|p2a: Blaziken
|
|win|drasg
|raw|Kaleor's rating: 1558 &rarr; <strong>1536</strong><br />(-22 for losing)
|raw|drasg's rating: 1531 &rarr; <strong>1553</strong><br />(+22 for winning)
|l|☆Kaleor
||Ladder isn't responding, score probably updated but might not have (Request timeout).
