|j|☆Involuntary celebi
|j|‽Cowsrule247
|t:|1660880571
|gametype|singles
|player|p1|Involuntary celebi|rood|1353
|player|p2|Cowsrule247|skyla|1454
|teamsize|p1|6
|teamsize|p2|6
|gen|8
|tier|[Gen 8] OU
|rated|
|rule|Sleep Clause Mod: Limit one foe put to sleep
|rule|Species Clause: Limit one of each Pokémon
|rule|OHKO Clause: OHKO moves are banned
|rule|Evasion Items Clause: Evasion items are banned
|rule|Evasion Moves Clause: Evasion moves are banned
|rule|Endless Battle Clause: Forcing endless battles is banned
|rule|HP Percentage Mod: HP is shown in percentages
|rule|Dynamax Clause: You cannot dynamax
|clearpoke
|poke|p1|Nihilego|
|poke|p1|Gastrodon, F|
|poke|p1|Tornadus-Therian, M|
|poke|p1|Buzzwole|
|poke|p1|Zeraora|
|poke|p1|Mamoswine, M|
|poke|p2|Corviknight, F|
|poke|p2|Gastrodon-East, M|
|poke|p2|Toxapex, F|
|poke|p2|Buzzwole|
|poke|p2|Clefable, M|
|poke|p2|Blissey, F|
|teampreview
|inactive|Battle timer is ON: inactive players will automatically lose when time's up. (requested by Involuntary celebi)
|inactive|Cowsrule247 has 120 seconds left.
|
|t:|1660880614
|start
|switch|p1a: Tornadus|Tornadus-Therian, M|100/100
|switch|p2a: Gastrodon|Gastrodon-East, M|100/100
|turn|1
|
|t:|1660880637
|move|p1a: Tornadus|Taunt|p2a: Gastrodon
|-start|p2a: Gastrodon|move: Taunt
|cant|p2a: Gastrodon|move: Taunt|Toxic
|
|upkeep
|turn|2
|
|t:|1660880643
|move|p1a: Tornadus|Knock Off|p2a: Gastrodon
|-damage|p2a: Gastrodon|80/100
|-activate|p2a: Gastrodon|ability: Sticky Hold
|move|p2a: Gastrodon|Scald|p1a: Tornadus
|-damage|p1a: Tornadus|73/100
|-status|p1a: Tornadus|brn
|
|-heal|p2a: Gastrodon|86/100|[from] item: Leftovers
|-damage|p1a: Tornadus|67/100 brn|[from] brn
|upkeep
|turn|3
|
|t:|1660880657
|switch|p1a: Gastrodon|Gastrodon, F|100/100
|switch|p2a: Toxapex|Toxapex, F|100/100
|
|upkeep
|turn|4
|
|t:|1660880667
|move|p1a: Gastrodon|Earth Power|p2a: Toxapex
|-supereffective|p2a: Toxapex
|-damage|p2a: Toxapex|50/100
|move|p2a: Toxapex|Knock Off|p1a: Gastrodon
|-damage|p1a: Gastrodon|85/100
|-enditem|p1a: Gastrodon|Leftovers|[from] move: Knock Off|[of] p2a: Toxapex
|
|upkeep
|turn|5
|
|t:|1660880678
|switch|p2a: Blissey|Blissey, F|100/100
|move|p1a: Gastrodon|Toxic|p2a: Blissey|[miss]
|-miss|p1a: Gastrodon|p2a: Blissey
|
|upkeep
|turn|6
|
|t:|1660880688
|switch|p1a: Tornadus|Tornadus-Therian, M|99/100 brn
|move|p2a: Blissey|Stealth Rock|p1a: Tornadus
|-sidestart|p1: Involuntary celebi|move: Stealth Rock
|
|-damage|p1a: Tornadus|94/100 brn|[from] brn
|upkeep
|turn|7
|
|t:|1660880696
|switch|p2a: Gastrodon|Gastrodon-East, M|86/100
|move|p1a: Tornadus|Defog|p2a: Gastrodon
|-unboost|p2a: Gastrodon|evasion|1
|-sideend|p1: Involuntary celebi|Stealth Rock|[from] move: Defog|[of] p1a: Tornadus
|
|-heal|p2a: Gastrodon|93/100|[from] item: Leftovers
|-damage|p1a: Tornadus|88/100 brn|[from] brn
|upkeep
|turn|8
|
|t:|1660880706
|switch|p2a: Blissey|Blissey, F|100/100
|move|p1a: Tornadus|Taunt|p2a: Blissey
|-start|p2a: Blissey|move: Taunt
|
|-damage|p1a: Tornadus|82/100 brn|[from] brn
|upkeep
|turn|9
|
|t:|1660880711
|switch|p2a: Gastrodon|Gastrodon-East, M|93/100
|move|p1a: Tornadus|Knock Off|p2a: Gastrodon
|-damage|p2a: Gastrodon|81/100
|-activate|p2a: Gastrodon|ability: Sticky Hold
|
|-heal|p2a: Gastrodon|87/100|[from] item: Leftovers
|-damage|p1a: Tornadus|76/100 brn|[from] brn
|upkeep
|turn|10
|
|t:|1660880714
|switch|p2a: Blissey|Blissey, F|100/100
|move|p1a: Tornadus|Taunt|p2a: Blissey
|-start|p2a: Blissey|move: Taunt
|
|-damage|p1a: Tornadus|70/100 brn|[from] brn
|upkeep
|turn|11
|
|t:|1660880724
|switch|p1a: Gastrodon|Gastrodon, F|85/100
|switch|p2a: Gastrodon|Gastrodon-East, M|87/100
|
|-heal|p2a: Gastrodon|93/100|[from] item: Leftovers
|upkeep
|turn|12
|
|t:|1660880730
|switch|p2a: Blissey|Blissey, F|100/100
|move|p1a: Gastrodon|Toxic|p2a: Blissey
|-status|p2a: Blissey|tox
|
|-damage|p2a: Blissey|94/100 tox|[from] psn
|upkeep
|turn|13
|
|t:|1660880735
|switch|p1a: Tornadus|Tornadus-Therian, M|100/100 brn
|move|p2a: Blissey|Stealth Rock|p1a: Tornadus
|-sidestart|p1: Involuntary celebi|move: Stealth Rock
|
|-damage|p2a: Blissey|82/100 tox|[from] psn
|-damage|p1a: Tornadus|94/100 brn|[from] brn
|upkeep
|turn|14
|
|t:|1660880738
|move|p1a: Tornadus|Defog|p2a: Blissey
|-unboost|p2a: Blissey|evasion|1
|-sideend|p1: Involuntary celebi|Stealth Rock|[from] move: Defog|[of] p1a: Tornadus
|move|p2a: Blissey|Seismic Toss|p1a: Tornadus
|-damage|p1a: Tornadus|67/100 brn
|
|-damage|p2a: Blissey|64/100 tox|[from] psn
|-damage|p1a: Tornadus|61/100 brn|[from] brn
|upkeep
|turn|15
|
|t:|1660880743
|move|p1a: Tornadus|Taunt|p2a: Blissey
|-start|p2a: Blissey|move: Taunt
|move|p2a: Blissey|Seismic Toss|p1a: Tornadus
|-damage|p1a: Tornadus|33/100 brn
|
|-damage|p2a: Blissey|39/100 tox|[from] psn
|-damage|p1a: Tornadus|27/100 brn|[from] brn
|upkeep
|turn|16
|
|t:|1660880750
|switch|p1a: Nihilego|Nihilego|100/100
|-curestatus|p2a: Blissey|tox|[from] ability: Natural Cure
|switch|p2a: Clefable|Clefable, M|100/100
|
|upkeep
|turn|17
|
|t:|1660880759
|switch|p2a: Gastrodon|Gastrodon-East, M|93/100
|move|p1a: Nihilego|Meteor Beam||[still]
|-prepare|p1a: Nihilego|Meteor Beam
|-boost|p1a: Nihilego|spa|1
|-enditem|p1a: Nihilego|Power Herb
|-anim|p1a: Nihilego|Meteor Beam|p2a: Gastrodon
|-resisted|p2a: Gastrodon
|-damage|p2a: Gastrodon|66/100
|
|-heal|p2a: Gastrodon|72/100|[from] item: Leftovers
|upkeep
|turn|18
|
|t:|1660880763
|move|p1a: Nihilego|Psyshock|p2a: Gastrodon
|-damage|p2a: Gastrodon|31/100
|move|p2a: Gastrodon|Earthquake|p1a: Nihilego
|-supereffective|p1a: Nihilego
|-damage|p1a: Nihilego|0 fnt
|faint|p1a: Nihilego
|
|-heal|p2a: Gastrodon|37/100|[from] item: Leftovers
|upkeep
|
|t:|1660880782
|switch|p1a: Mamoswine|Mamoswine, M|100/100
|turn|19
|
|t:|1660880788
|switch|p2a: Buzzwole|Buzzwole|100/100
|move|p1a: Mamoswine|Earthquake|p2a: Buzzwole
|-resisted|p2a: Buzzwole
|-damage|p2a: Buzzwole|87/100
|
|upkeep
|turn|20
|
|t:|1660880796
|move|p1a: Mamoswine|Stealth Rock|p2a: Buzzwole
|-sidestart|p2: Cowsrule247|move: Stealth Rock
|move|p2a: Buzzwole|Ice Punch|p1a: Mamoswine
|-damage|p1a: Mamoswine|87/100
|
|upkeep
|turn|21
|
|t:|1660880801
|switch|p1a: Buzzwole|Buzzwole|100/100
|move|p2a: Buzzwole|Close Combat|p1a: Buzzwole
|-resisted|p1a: Buzzwole
|-damage|p1a: Buzzwole|86/100
|-unboost|p2a: Buzzwole|def|1
|-unboost|p2a: Buzzwole|spd|1
|-damage|p2a: Buzzwole|70/100|[from] item: Rocky Helmet|[of] p1a: Buzzwole
|
|upkeep
|turn|22
|
|t:|1660880817
|switch|p2a: Corviknight|Corviknight, F|100/100
|-damage|p2a: Corviknight|88/100|[from] Stealth Rock
|-ability|p2a: Corviknight|Pressure
|move|p1a: Buzzwole|Toxic|p2a: Corviknight
|-immune|p2a: Corviknight
|
|-heal|p2a: Corviknight|94/100|[from] item: Leftovers
|upkeep
|turn|23
|
|t:|1660880821
|switch|p1a: Zeraora|Zeraora|100/100
|move|p2a: Corviknight|Iron Defense|p2a: Corviknight
|-boost|p2a: Corviknight|def|2
|
|-heal|p2a: Corviknight|100/100|[from] item: Leftovers
|upkeep
|turn|24
|
|t:|1660880828
|move|p1a: Zeraora|Volt Switch|p2a: Corviknight
|-supereffective|p2a: Corviknight
|-damage|p2a: Corviknight|58/100
|
|t:|1660880837
|switch|p1a: Buzzwole|Buzzwole|86/100|[from]move: Volt Switch
|move|p2a: Corviknight|Iron Defense|p2a: Corviknight
|-boost|p2a: Corviknight|def|2
|
|-heal|p2a: Corviknight|64/100|[from] item: Leftovers
|upkeep
|turn|25
|
|t:|1660880841
|move|p1a: Buzzwole|Drain Punch|p2a: Corviknight
|-damage|p2a: Corviknight|57/100
|-heal|p1a: Buzzwole|89/100|[from] drain|[of] p2a: Corviknight
|move|p2a: Corviknight|Defog|p1a: Buzzwole
|-unboost|p1a: Buzzwole|evasion|1
|-sideend|p2: Cowsrule247|Stealth Rock|[from] move: Defog|[of] p2a: Corviknight
|
|-heal|p2a: Corviknight|63/100|[from] item: Leftovers
|upkeep
|turn|26
|
|t:|1660880848
|move|p1a: Buzzwole|Drain Punch|p2a: Corviknight
|-damage|p2a: Corviknight|57/100
|-heal|p1a: Buzzwole|93/100|[from] drain|[of] p2a: Corviknight
|move|p2a: Corviknight|Body Press|p1a: Buzzwole
|-resisted|p1a: Buzzwole
|-damage|p1a: Buzzwole|75/100
|-damage|p2a: Corviknight|40/100|[from] item: Rocky Helmet|[of] p1a: Buzzwole
|
|-heal|p2a: Corviknight|46/100|[from] item: Leftovers
|upkeep
|turn|27
|
|t:|1660880854
|move|p1a: Buzzwole|Drain Punch|p2a: Corviknight
|-damage|p2a: Corviknight|39/100
|-heal|p1a: Buzzwole|78/100|[from] drain|[of] p2a: Corviknight
|move|p2a: Corviknight|Roost|p2a: Corviknight
|-heal|p2a: Corviknight|89/100
|-singleturn|p2a: Corviknight|move: Roost
|
|-heal|p2a: Corviknight|95/100|[from] item: Leftovers
|upkeep
|turn|28
|
|t:|1660880866
|move|p1a: Buzzwole|Ice Punch|p2a: Corviknight
|-damage|p2a: Corviknight|91/100
|move|p2a: Corviknight|Iron Defense|p2a: Corviknight
|-boost|p2a: Corviknight|def|2
|
|-heal|p2a: Corviknight|97/100|[from] item: Leftovers
|upkeep
|turn|29
|
|t:|1660880872
|move|p1a: Buzzwole|Roost|p1a: Buzzwole
|-heal|p1a: Buzzwole|100/100
|-singleturn|p1a: Buzzwole|move: Roost
|move|p2a: Corviknight|Body Press|p1a: Buzzwole
|-resisted|p1a: Buzzwole
|-damage|p1a: Buzzwole|76/100
|-damage|p2a: Corviknight|81/100|[from] item: Rocky Helmet|[of] p1a: Buzzwole
|
|-heal|p2a: Corviknight|87/100|[from] item: Leftovers
|upkeep
|turn|30
|
|t:|1660880876
|move|p1a: Buzzwole|Roost|p1a: Buzzwole
|-heal|p1a: Buzzwole|100/100
|-singleturn|p1a: Buzzwole|move: Roost
|move|p2a: Corviknight|Body Press|p1a: Buzzwole
|-resisted|p1a: Buzzwole
|-damage|p1a: Buzzwole|79/100
|-damage|p2a: Corviknight|70/100|[from] item: Rocky Helmet|[of] p1a: Buzzwole
|
|-heal|p2a: Corviknight|77/100|[from] item: Leftovers
|upkeep
|turn|31
|
|t:|1660880882
|move|p1a: Buzzwole|Roost|p1a: Buzzwole
|-heal|p1a: Buzzwole|100/100
|-singleturn|p1a: Buzzwole|move: Roost
|move|p2a: Corviknight|Body Press|p1a: Buzzwole
|-resisted|p1a: Buzzwole
|-damage|p1a: Buzzwole|79/100
|-damage|p2a: Corviknight|60/100|[from] item: Rocky Helmet|[of] p1a: Buzzwole
|
|-heal|p2a: Corviknight|66/100|[from] item: Leftovers
|upkeep
|turn|32
|
|t:|1660880888
|move|p1a: Buzzwole|Drain Punch|p2a: Corviknight
|-damage|p2a: Corviknight|60/100
|-heal|p1a: Buzzwole|82/100|[from] drain|[of] p2a: Corviknight
|move|p2a: Corviknight|Body Press|p1a: Buzzwole
|-resisted|p1a: Buzzwole
|-damage|p1a: Buzzwole|60/100
|-damage|p2a: Corviknight|44/100|[from] item: Rocky Helmet|[of] p1a: Buzzwole
|
|-heal|p2a: Corviknight|50/100|[from] item: Leftovers
|upkeep
|turn|33
|
|t:|1660880895
|switch|p1a: Zeraora|Zeraora|100/100
|move|p2a: Corviknight|Roost|p2a: Corviknight
|-heal|p2a: Corviknight|99/100
|-singleturn|p2a: Corviknight|move: Roost
|
|-heal|p2a: Corviknight|100/100|[from] item: Leftovers
|upkeep
|turn|34
|
|t:|1660880898
|move|p1a: Zeraora|Volt Switch|p2a: Corviknight
|-supereffective|p2a: Corviknight
|-damage|p2a: Corviknight|59/100
|
|t:|1660880900
|switch|p1a: Buzzwole|Buzzwole|60/100|[from]move: Volt Switch
|move|p2a: Corviknight|Body Press|p1a: Buzzwole
|-resisted|p1a: Buzzwole
|-damage|p1a: Buzzwole|37/100
|-damage|p2a: Corviknight|43/100|[from] item: Rocky Helmet|[of] p1a: Buzzwole
|
|-heal|p2a: Corviknight|49/100|[from] item: Leftovers
|upkeep
|turn|35
|
|t:|1660880903
|move|p1a: Buzzwole|Roost|p1a: Buzzwole
|-heal|p1a: Buzzwole|87/100
|-singleturn|p1a: Buzzwole|move: Roost
|move|p2a: Corviknight|Roost|p2a: Corviknight
|-heal|p2a: Corviknight|99/100
|-singleturn|p2a: Corviknight|move: Roost
|
|-heal|p2a: Corviknight|100/100|[from] item: Leftovers
|upkeep
|turn|36
|
|t:|1660880911
|move|p1a: Buzzwole|Ice Punch|p2a: Corviknight
|-damage|p2a: Corviknight|97/100
|move|p2a: Corviknight|Defog|p1a: Buzzwole
|-unboost|p1a: Buzzwole|evasion|1
|
|-heal|p2a: Corviknight|100/100|[from] item: Leftovers
|upkeep
|turn|37
|
|t:|1660880915
|move|p1a: Buzzwole|Ice Punch|p2a: Corviknight
|-damage|p2a: Corviknight|97/100
|move|p2a: Corviknight|Defog|p1a: Buzzwole
|-unboost|p1a: Buzzwole|evasion|1
|
|-heal|p2a: Corviknight|100/100|[from] item: Leftovers
|upkeep
|turn|38
|
|t:|1660880921
|move|p1a: Buzzwole|Ice Punch|p2a: Corviknight
|-damage|p2a: Corviknight|97/100
|move|p2a: Corviknight|Defog|p1a: Buzzwole
|-unboost|p1a: Buzzwole|evasion|1
|
|-heal|p2a: Corviknight|100/100|[from] item: Leftovers
|upkeep
|turn|39
|
|t:|1660880936
|switch|p1a: Zeraora|Zeraora|100/100
|move|p2a: Corviknight|Defog|p1a: Zeraora
|-unboost|p1a: Zeraora|evasion|1
|
|upkeep
|turn|40
|
|t:|1660880941
|move|p1a: Zeraora|Volt Switch|p2a: Corviknight
|-supereffective|p2a: Corviknight
|-damage|p2a: Corviknight|64/100
|
|t:|1660880945
|switch|p1a: Buzzwole|Buzzwole|87/100|[from]move: Volt Switch
|move|p2a: Corviknight|Roost|p2a: Corviknight
|-heal|p2a: Corviknight|100/100
|-singleturn|p2a: Corviknight|move: Roost
|
|upkeep
|turn|41
|
|t:|1660880953
|switch|p1a: Zeraora|Zeraora|100/100
|move|p2a: Corviknight|Defog|p1a: Zeraora
|-unboost|p1a: Zeraora|evasion|1
|
|upkeep
|turn|42
|
|t:|1660880958
|move|p1a: Zeraora|Volt Switch|p2a: Corviknight
|-supereffective|p2a: Corviknight
|-damage|p2a: Corviknight|63/100
|
|t:|1660880961
|switch|p1a: Buzzwole|Buzzwole|87/100|[from]move: Volt Switch
|move|p2a: Corviknight|Body Press|p1a: Buzzwole
|-resisted|p1a: Buzzwole
|-damage|p1a: Buzzwole|63/100
|-damage|p2a: Corviknight|46/100|[from] item: Rocky Helmet|[of] p1a: Buzzwole
|
|-heal|p2a: Corviknight|53/100|[from] item: Leftovers
|upkeep
|turn|43
|
|t:|1660880964
|move|p1a: Buzzwole|Roost|p1a: Buzzwole
|-heal|p1a: Buzzwole|100/100
|-singleturn|p1a: Buzzwole|move: Roost
|move|p2a: Corviknight|Body Press|p1a: Buzzwole
|-resisted|p1a: Buzzwole
|-damage|p1a: Buzzwole|78/100
|-damage|p2a: Corviknight|36/100|[from] item: Rocky Helmet|[of] p1a: Buzzwole
|
|-heal|p2a: Corviknight|42/100|[from] item: Leftovers
|upkeep
|turn|44
|
|t:|1660880970
|switch|p1a: Zeraora|Zeraora|100/100
|move|p2a: Corviknight|Roost|p2a: Corviknight
|-heal|p2a: Corviknight|92/100
|-singleturn|p2a: Corviknight|move: Roost
|
|-heal|p2a: Corviknight|99/100|[from] item: Leftovers
|upkeep
|turn|45
|
|t:|1660880979
|move|p1a: Zeraora|Volt Switch|p2a: Corviknight
|-supereffective|p2a: Corviknight
|-damage|p2a: Corviknight|62/100
|
|t:|1660880987
|switch|p1a: Buzzwole|Buzzwole|78/100|[from]move: Volt Switch
|move|p2a: Corviknight|Body Press|p1a: Buzzwole
|-resisted|p1a: Buzzwole
|-damage|p1a: Buzzwole|56/100
|-damage|p2a: Corviknight|46/100|[from] item: Rocky Helmet|[of] p1a: Buzzwole
|
|-heal|p2a: Corviknight|52/100|[from] item: Leftovers
|upkeep
|turn|46
|
|t:|1660880993
|move|p1a: Buzzwole|Ice Punch|p2a: Corviknight
|-damage|p2a: Corviknight|48/100
|move|p2a: Corviknight|Roost|p2a: Corviknight
|-heal|p2a: Corviknight|98/100
|-singleturn|p2a: Corviknight|move: Roost
|
|-heal|p2a: Corviknight|100/100|[from] item: Leftovers
|upkeep
|turn|47
|
|t:|1660880998
|move|p1a: Buzzwole|Roost|p1a: Buzzwole
|-heal|p1a: Buzzwole|100/100
|-singleturn|p1a: Buzzwole|move: Roost
|move|p2a: Corviknight|Defog|p1a: Buzzwole
|-unboost|p1a: Buzzwole|evasion|1
|
|upkeep
|turn|48
|
|t:|1660881002
|move|p1a: Buzzwole|Ice Punch|p2a: Corviknight
|-damage|p2a: Corviknight|97/100
|move|p2a: Corviknight|Defog|p1a: Buzzwole
|-unboost|p1a: Buzzwole|evasion|1
|
|-heal|p2a: Corviknight|100/100|[from] item: Leftovers
|upkeep
|turn|49
|
|t:|1660881003
|move|p1a: Buzzwole|Toxic|p2a: Corviknight
|-immune|p2a: Corviknight
|move|p2a: Corviknight|Defog|p1a: Buzzwole
|-unboost|p1a: Buzzwole|evasion|1
|
|upkeep
|turn|50
|
|t:|1660881011
|move|p1a: Buzzwole|Ice Punch|p2a: Corviknight
|-damage|p2a: Corviknight|97/100
|move|p2a: Corviknight|Defog|p1a: Buzzwole
|-unboost|p1a: Buzzwole|evasion|1
|
|-heal|p2a: Corviknight|100/100|[from] item: Leftovers
|upkeep
|turn|51
|
|t:|1660881017
|move|p1a: Buzzwole|Ice Punch|p2a: Corviknight
|-damage|p2a: Corviknight|97/100
|move|p2a: Corviknight|Defog|p1a: Buzzwole
|-unboost|p1a: Buzzwole|evasion|1
|
|-heal|p2a: Corviknight|100/100|[from] item: Leftovers
|upkeep
|turn|52
|
|t:|1660881019
|move|p1a: Buzzwole|Ice Punch|p2a: Corviknight
|-damage|p2a: Corviknight|97/100
|move|p2a: Corviknight|Defog|p1a: Buzzwole
|-unboost|p1a: Buzzwole|evasion|1
|
|-heal|p2a: Corviknight|100/100|[from] item: Leftovers
|upkeep
|turn|53
|
|t:|1660881021
|move|p1a: Buzzwole|Ice Punch|p2a: Corviknight
|-damage|p2a: Corviknight|97/100
|move|p2a: Corviknight|Defog||[still]
|-unboost|p1a: Buzzwole|evasion|0
|-fail|p2a: Corviknight
|
|-heal|p2a: Corviknight|100/100|[from] item: Leftovers
|upkeep
|turn|54
|
|t:|1660881024
|move|p1a: Buzzwole|Ice Punch|p2a: Corviknight
|-damage|p2a: Corviknight|96/100
|move|p2a: Corviknight|Defog||[still]
|-unboost|p1a: Buzzwole|evasion|0
|-fail|p2a: Corviknight
|
|-heal|p2a: Corviknight|100/100|[from] item: Leftovers
|upkeep
|turn|55
|
|t:|1660881028
|move|p1a: Buzzwole|Ice Punch|p2a: Corviknight
|-damage|p2a: Corviknight|97/100
|move|p2a: Corviknight|Defog||[still]
|-unboost|p1a: Buzzwole|evasion|0
|-fail|p2a: Corviknight
|
|-heal|p2a: Corviknight|100/100|[from] item: Leftovers
|upkeep
|turn|56
|
|t:|1660881034
|move|p1a: Buzzwole|Drain Punch|p2a: Corviknight
|-damage|p2a: Corviknight|94/100
|move|p2a: Corviknight|Defog||[still]
|-unboost|p1a: Buzzwole|evasion|0
|-fail|p2a: Corviknight
|
|-heal|p2a: Corviknight|100/100|[from] item: Leftovers
|upkeep
|turn|57
|
|t:|1660881039
|switch|p1a: Zeraora|Zeraora|100/100
|move|p2a: Corviknight|Iron Defense|p2a: Corviknight
|-boost|p2a: Corviknight|def|0
|
|upkeep
|turn|58
|
|t:|1660881042
|move|p1a: Zeraora|Volt Switch|p2a: Corviknight
|-supereffective|p2a: Corviknight
|-damage|p2a: Corviknight|61/100
|
|t:|1660881045
|switch|p1a: Buzzwole|Buzzwole|100/100|[from]move: Volt Switch
|move|p2a: Corviknight|Iron Defense|p2a: Corviknight
|-boost|p2a: Corviknight|def|0
|
|-heal|p2a: Corviknight|68/100|[from] item: Leftovers
|upkeep
|turn|59
|
|t:|1660881048
|switch|p1a: Zeraora|Zeraora|100/100
|move|p2a: Corviknight|Iron Defense|p2a: Corviknight
|-boost|p2a: Corviknight|def|0
|
|-heal|p2a: Corviknight|74/100|[from] item: Leftovers
|upkeep
|turn|60
|
|t:|1660881051
|move|p1a: Zeraora|Volt Switch|p2a: Corviknight
|-supereffective|p2a: Corviknight
|-damage|p2a: Corviknight|38/100
|
|t:|1660881053
|switch|p1a: Buzzwole|Buzzwole|100/100|[from]move: Volt Switch
|move|p2a: Corviknight|Iron Defense|p2a: Corviknight
|-boost|p2a: Corviknight|def|0
|
|-heal|p2a: Corviknight|44/100|[from] item: Leftovers
|upkeep
|turn|61
|
|t:|1660881063
|move|p1a: Buzzwole|Drain Punch|p2a: Corviknight
|-damage|p2a: Corviknight|39/100
|move|p2a: Corviknight|Roost|p2a: Corviknight
|-heal|p2a: Corviknight|89/100
|-singleturn|p2a: Corviknight|move: Roost
|
|-heal|p2a: Corviknight|95/100|[from] item: Leftovers
|upkeep
|turn|62
|
|t:|1660881073
|switch|p1a: Tornadus|Tornadus-Therian, M|60/100 brn
|move|p2a: Corviknight|Iron Defense|p2a: Corviknight
|-boost|p2a: Corviknight|def|0
|
|-heal|p2a: Corviknight|100/100|[from] item: Leftovers
|-damage|p1a: Tornadus|54/100 brn|[from] brn
|upkeep
|turn|63
|
|t:|1660881076
|switch|p1a: Buzzwole|Buzzwole|100/100
|move|p2a: Corviknight|Body Press|p1a: Buzzwole
|-resisted|p1a: Buzzwole
|-damage|p1a: Buzzwole|78/100
|-damage|p2a: Corviknight|84/100|[from] item: Rocky Helmet|[of] p1a: Buzzwole
|
|-heal|p2a: Corviknight|90/100|[from] item: Leftovers
|upkeep
|turn|64
|
|t:|1660881079
|switch|p1a: Tornadus|Tornadus-Therian, M|87/100 brn
|move|p2a: Corviknight|Iron Defense|p2a: Corviknight
|-boost|p2a: Corviknight|def|0
|
|-heal|p2a: Corviknight|96/100|[from] item: Leftovers
|-damage|p1a: Tornadus|81/100 brn|[from] brn
|upkeep
|turn|65
|
|t:|1660881081
|switch|p1a: Buzzwole|Buzzwole|78/100
|move|p2a: Corviknight|Iron Defense|p2a: Corviknight
|-boost|p2a: Corviknight|def|0
|
|-heal|p2a: Corviknight|100/100|[from] item: Leftovers
|upkeep
|turn|66
|
|t:|1660881089
|switch|p1a: Tornadus|Tornadus-Therian, M|100/100 brn
|switch|p2a: Blissey|Blissey, F|39/100
|
|-damage|p1a: Tornadus|94/100 brn|[from] brn
|upkeep
|turn|67
|
|t:|1660881093
|move|p1a: Tornadus|Taunt|p2a: Blissey
|-start|p2a: Blissey|move: Taunt
|cant|p2a: Blissey|move: Taunt|Soft-Boiled
|
|-damage|p1a: Tornadus|88/100 brn|[from] brn
|upkeep
|turn|68
|
|t:|1660881099
|switch|p2a: Gastrodon|Gastrodon-East, M|37/100
|move|p1a: Tornadus|Knock Off|p2a: Gastrodon
|-damage|p2a: Gastrodon|26/100
|-activate|p2a: Gastrodon|ability: Sticky Hold
|
|-heal|p2a: Gastrodon|32/100|[from] item: Leftovers
|-damage|p1a: Tornadus|82/100 brn|[from] brn
|upkeep
|turn|69
|
|t:|1660881106
|move|p1a: Tornadus|Taunt|p2a: Gastrodon
|-start|p2a: Gastrodon|move: Taunt
|move|p2a: Gastrodon|Scald|p1a: Tornadus
|-damage|p1a: Tornadus|57/100 brn
|
|-heal|p2a: Gastrodon|39/100|[from] item: Leftovers
|-damage|p1a: Tornadus|51/100 brn|[from] brn
|upkeep
|turn|70
|
|t:|1660881111
|move|p1a: Tornadus|Hurricane|p2a: Gastrodon
|-damage|p2a: Gastrodon|14/100
|move|p2a: Gastrodon|Earthquake|p1a: Tornadus
|-immune|p1a: Tornadus
|
|-heal|p2a: Gastrodon|20/100|[from] item: Leftovers
|-damage|p1a: Tornadus|45/100 brn|[from] brn
|upkeep
|turn|71
|
|t:|1660881121
|switch|p2a: Toxapex|Toxapex, F|84/100
|move|p1a: Tornadus|Hurricane|p2a: Toxapex
|-damage|p2a: Toxapex|53/100
|
|-damage|p1a: Tornadus|39/100 brn|[from] brn
|upkeep
|turn|72
|
|t:|1660881127
|move|p1a: Tornadus|Taunt|p2a: Toxapex
|-start|p2a: Toxapex|move: Taunt
|move|p2a: Toxapex|Knock Off|p1a: Tornadus
|-damage|p1a: Tornadus|22/100 brn
|-enditem|p1a: Tornadus|Heavy-Duty Boots|[from] move: Knock Off|[of] p2a: Toxapex
|
|-damage|p1a: Tornadus|16/100 brn|[from] brn
|upkeep
|turn|73
|
|t:|1660881134
|switch|p1a: Gastrodon|Gastrodon, F|85/100
|switch|p2a: Clefable|Clefable, M|100/100
|
|upkeep
|turn|74
|
|t:|1660881141
|switch|p2a: Blissey|Blissey, F|39/100
|move|p1a: Gastrodon|Toxic|p2a: Blissey
|-status|p2a: Blissey|tox
|
|-damage|p2a: Blissey|33/100 tox|[from] psn
|upkeep
|turn|75
|
|t:|1660881159
|move|p2a: Blissey|Soft-Boiled|p2a: Blissey
|-heal|p2a: Blissey|83/100 tox
|move|p1a: Gastrodon|Scald|p2a: Blissey
|-damage|p2a: Blissey|73/100 tox
|
|-damage|p2a: Blissey|60/100 tox|[from] psn
|upkeep
|turn|76
|
|t:|1660881168
|-curestatus|p2a: Blissey|tox|[from] ability: Natural Cure
|switch|p2a: Toxapex|Toxapex, F|86/100
|switch|p1a: Zeraora|Zeraora|100/100
|
|upkeep
|turn|77
|
|t:|1660881177
|switch|p2a: Gastrodon|Gastrodon-East, M|20/100
|move|p1a: Zeraora|Plasma Fists|p2a: Gastrodon
|-immune|p2a: Gastrodon
|
|-heal|p2a: Gastrodon|26/100|[from] item: Leftovers
|upkeep
|turn|78
|
|t:|1660881183
|move|p1a: Zeraora|Close Combat|p2a: Gastrodon
|-damage|p2a: Gastrodon|0 fnt
|-unboost|p1a: Zeraora|def|1
|-unboost|p1a: Zeraora|spd|1
|faint|p2a: Gastrodon
|
|upkeep
|
|t:|1660881197
|switch|p2a: Buzzwole|Buzzwole|70/100
|turn|79
|
|t:|1660881200
|move|p1a: Zeraora|Volt Switch|p2a: Buzzwole
|-damage|p2a: Buzzwole|41/100
|
|t:|1660881203
|switch|p1a: Buzzwole|Buzzwole|78/100|[from]move: Volt Switch
|move|p2a: Buzzwole|Roost|p2a: Buzzwole
|-heal|p2a: Buzzwole|91/100
|-singleturn|p2a: Buzzwole|move: Roost
|
|upkeep
|turn|80
|
|t:|1660881215
|switch|p2a: Toxapex|Toxapex, F|100/100
|switch|p1a: Zeraora|Zeraora|100/100
|
|upkeep
|turn|81
|
|t:|1660881226
|switch|p2a: Buzzwole|Buzzwole|91/100
|move|p1a: Zeraora|Volt Switch|p2a: Buzzwole
|-damage|p2a: Buzzwole|59/100
|
|t:|1660881229
|switch|p1a: Tornadus|Tornadus-Therian, M|49/100 brn|[from]move: Volt Switch
|
|-damage|p1a: Tornadus|43/100 brn|[from] brn
|upkeep
|turn|82
|
|t:|1660881233
|move|p1a: Tornadus|Hurricane|p2a: Buzzwole
|-supereffective|p2a: Buzzwole
|-damage|p2a: Buzzwole|0 fnt
|faint|p2a: Buzzwole
|
|-damage|p1a: Tornadus|37/100 brn|[from] brn
|upkeep
|
|t:|1660881244
|switch|p2a: Toxapex|Toxapex, F|100/100
|turn|83
|
|t:|1660881250
|move|p1a: Tornadus|Taunt|p2a: Toxapex
|-start|p2a: Toxapex|move: Taunt
|move|p2a: Toxapex|Knock Off|p1a: Tornadus
|-damage|p1a: Tornadus|25/100 brn
|
|-damage|p1a: Tornadus|19/100 brn|[from] brn
|upkeep
|turn|84
|
|t:|1660881260
|switch|p1a: Gastrodon|Gastrodon, F|85/100
|move|p2a: Toxapex|Knock Off|p1a: Gastrodon
|-damage|p1a: Gastrodon|75/100
|
|upkeep
|turn|85
|
|t:|1660881274
|switch|p2a: Blissey|Blissey, F|60/100
|move|p1a: Gastrodon|Earth Power|p2a: Blissey
|-damage|p2a: Blissey|50/100
|
|upkeep
|turn|86
|
|t:|1660881282
|switch|p1a: Zeraora|Zeraora|100/100
|move|p2a: Blissey|Stealth Rock|p1a: Zeraora
|-sidestart|p1: Involuntary celebi|move: Stealth Rock
|
|upkeep
|turn|87
|
|t:|1660881289
|switch|p2a: Toxapex|Toxapex, F|100/100
|move|p1a: Zeraora|Volt Switch|p2a: Toxapex
|-supereffective|p2a: Toxapex
|-damage|p2a: Toxapex|60/100
|
|t:|1660881291
|switch|p1a: Tornadus|Tornadus-Therian, M|52/100 brn|[from]move: Volt Switch
|-damage|p1a: Tornadus|28/100 brn|[from] Stealth Rock
|
|-damage|p1a: Tornadus|21/100 brn|[from] brn
|upkeep
|turn|88
|
|t:|1660881311
|move|p1a: Tornadus|Defog|p2a: Toxapex
|-unboost|p2a: Toxapex|evasion|1
|-sideend|p1: Involuntary celebi|Stealth Rock|[from] move: Defog|[of] p1a: Tornadus
|move|p2a: Toxapex|Knock Off|p1a: Tornadus
|-damage|p1a: Tornadus|9/100 brn
|
|-damage|p1a: Tornadus|3/100 brn|[from] brn
|upkeep
|turn|89
|
|t:|1660881322
|switch|p1a: Mamoswine|Mamoswine, M|87/100
|switch|p2a: Blissey|Blissey, F|50/100
|
|upkeep
|turn|90
|
|t:|1660881331
|switch|p2a: Corviknight|Corviknight, F|100/100
|-ability|p2a: Corviknight|Pressure
|move|p1a: Mamoswine|Icicle Crash|p2a: Corviknight
|-damage|p2a: Corviknight|74/100
|
|-heal|p2a: Corviknight|80/100|[from] item: Leftovers
|upkeep
|turn|91
|
|t:|1660881341
|switch|p1a: Zeraora|Zeraora|100/100
|switch|p2a: Clefable|Clefable, M|100/100
|
|upkeep
|turn|92
|
|t:|1660881349
|move|p1a: Zeraora|Plasma Fists|p2a: Clefable
|-damage|p2a: Clefable|60/100
|-fieldactivate|move: Ion Deluge
|-hint|Normal-type moves become Electric-type after using Plasma Fists.
|move|p2a: Clefable|Wish|p2a: Clefable
|
|-heal|p2a: Clefable|66/100|[from] item: Leftovers
|upkeep
|turn|93
|
|t:|1660881363
|switch|p2a: Blissey|Blissey, F|50/100
|move|p1a: Zeraora|Volt Switch|p2a: Blissey
|-damage|p2a: Blissey|42/100
|
|t:|1660881365
|switch|p1a: Tornadus|Tornadus-Therian, M|36/100 brn|[from]move: Volt Switch
|
|-heal|p2a: Blissey|69/100|[from] move: Wish|[wisher] Clefable
|-damage|p1a: Tornadus|30/100 brn|[from] brn
|upkeep
|turn|94
|
|t:|1660881374
|switch|p1a: Gastrodon|Gastrodon, F|75/100
|move|p2a: Blissey|Seismic Toss|p1a: Gastrodon
|-damage|p1a: Gastrodon|51/100
|
|upkeep
|turn|95
|
|t:|1660881379
|switch|p1a: Tornadus|Tornadus-Therian, M|63/100 brn
|move|p2a: Blissey|Stealth Rock|p1a: Tornadus
|-sidestart|p1: Involuntary celebi|move: Stealth Rock
|
|-damage|p1a: Tornadus|57/100 brn|[from] brn
|upkeep
|turn|96
|
|t:|1660881382
|move|p1a: Tornadus|Defog|p2a: Blissey
|-unboost|p2a: Blissey|evasion|1
|-sideend|p1: Involuntary celebi|Stealth Rock|[from] move: Defog|[of] p1a: Tornadus
|move|p2a: Blissey|Seismic Toss|p1a: Tornadus
|-damage|p1a: Tornadus|30/100 brn
|
|-damage|p1a: Tornadus|23/100 brn|[from] brn
|upkeep
|turn|97
|
|t:|1660881385
|switch|p1a: Gastrodon|Gastrodon, F|51/100
|move|p2a: Blissey|Stealth Rock|p1a: Gastrodon
|-sidestart|p1: Involuntary celebi|move: Stealth Rock
|
|upkeep
|turn|98
|
|t:|1660881387
|move|p2a: Blissey|Seismic Toss|p1a: Gastrodon
|-damage|p1a: Gastrodon|28/100
|move|p1a: Gastrodon|Recover|p1a: Gastrodon
|-heal|p1a: Gastrodon|78/100
|
|upkeep
|turn|99
|
|t:|1660881392
|move|p2a: Blissey|Toxic|p1a: Gastrodon
|-status|p1a: Gastrodon|tox
|move|p1a: Gastrodon|Toxic|p2a: Blissey
|-status|p2a: Blissey|tox
|
|-damage|p2a: Blissey|63/100 tox|[from] psn
|-damage|p1a: Gastrodon|72/100 tox|[from] psn
|upkeep
|turn|100
|
|t:|1660881396
|move|p2a: Blissey|Soft-Boiled|p2a: Blissey
|-heal|p2a: Blissey|100/100 tox
|move|p1a: Gastrodon|Recover|p1a: Gastrodon
|-heal|p1a: Gastrodon|100/100 tox
|
|-damage|p2a: Blissey|88/100 tox|[from] psn
|-damage|p1a: Gastrodon|88/100 tox|[from] psn
|upkeep
|turn|101
|
|t:|1660881405
|-curestatus|p2a: Blissey|tox|[from] ability: Natural Cure
|switch|p2a: Toxapex|Toxapex, F|94/100
|switch|p1a: Tornadus|Tornadus-Therian, M|57/100 brn
|-damage|p1a: Tornadus|32/100 brn|[from] Stealth Rock
|
|-damage|p1a: Tornadus|26/100 brn|[from] brn
|upkeep
|turn|102
|
|t:|1660881411
|switch|p1a: Gastrodon|Gastrodon, F|88/100 tox
|-damage|p1a: Gastrodon|82/100 tox|[from] Stealth Rock
|move|p2a: Toxapex|Scald|p1a: Gastrodon
|-ability|p1a: Gastrodon|Storm Drain|boost
|-boost|p1a: Gastrodon|spa|1
|
|-damage|p1a: Gastrodon|76/100 tox|[from] psn
|upkeep
|turn|103
|
|t:|1660881414
|switch|p2a: Blissey|Blissey, F|88/100
|move|p1a: Gastrodon|Earth Power|p2a: Blissey
|-damage|p2a: Blissey|73/100
|
|-damage|p1a: Gastrodon|64/100 tox|[from] psn
|upkeep
|turn|104
|
|t:|1660881419
|move|p2a: Blissey|Seismic Toss|p1a: Gastrodon
|-damage|p1a: Gastrodon|40/100 tox
|move|p1a: Gastrodon|Scald|p2a: Blissey
|-damage|p2a: Blissey|57/100
|
|-damage|p1a: Gastrodon|22/100 tox|[from] psn
|upkeep
|turn|105
|
|t:|1660881422
|move|p2a: Blissey|Seismic Toss|p1a: Gastrodon
|-damage|p1a: Gastrodon|0 fnt
|faint|p1a: Gastrodon
|
|upkeep
|
|t:|1660881429
|switch|p1a: Zeraora|Zeraora|100/100
|-damage|p1a: Zeraora|88/100|[from] Stealth Rock
|turn|106
|
|t:|1660881435
|switch|p2a: Clefable|Clefable, M|66/100
|move|p1a: Zeraora|Close Combat|p2a: Clefable
|-resisted|p2a: Clefable
|-damage|p2a: Clefable|49/100
|-unboost|p1a: Zeraora|def|1
|-unboost|p1a: Zeraora|spd|1
|
|-heal|p2a: Clefable|55/100|[from] item: Leftovers
|upkeep
|turn|107
|
|t:|1660881441
|move|p1a: Zeraora|Plasma Fists|p2a: Clefable
|-crit|p2a: Clefable
|-damage|p2a: Clefable|0 fnt
|-fieldactivate|move: Ion Deluge
|-hint|Normal-type moves become Electric-type after using Plasma Fists.
|faint|p2a: Clefable
|
|upkeep
|
|t:|1660881445
|switch|p2a: Toxapex|Toxapex, F|100/100
|turn|108
|
|t:|1660881449
|move|p1a: Zeraora|Volt Switch|p2a: Toxapex
|-supereffective|p2a: Toxapex
|-damage|p2a: Toxapex|62/100
|
|t:|1660881453
|switch|p1a: Tornadus|Tornadus-Therian, M|59/100 brn|[from]move: Volt Switch
|-damage|p1a: Tornadus|34/100 brn|[from] Stealth Rock
|move|p2a: Toxapex|Scald|p1a: Tornadus
|-damage|p1a: Tornadus|18/100 brn
|
|-damage|p1a: Tornadus|12/100 brn|[from] brn
|upkeep
|turn|109
|
|t:|1660881463
|switch|p1a: Buzzwole|Buzzwole|78/100
|-damage|p1a: Buzzwole|66/100|[from] Stealth Rock
|move|p2a: Toxapex|Scald|p1a: Buzzwole
|-damage|p1a: Buzzwole|44/100
|-status|p1a: Buzzwole|brn
|
|-damage|p1a: Buzzwole|38/100 brn|[from] brn
|upkeep
|turn|110
|
|t:|1660881467
|move|p1a: Buzzwole|Roost|p1a: Buzzwole
|-heal|p1a: Buzzwole|88/100 brn
|-singleturn|p1a: Buzzwole|move: Roost
|move|p2a: Toxapex|Knock Off|p1a: Buzzwole
|-resisted|p1a: Buzzwole
|-damage|p1a: Buzzwole|85/100 brn
|-damage|p2a: Toxapex|46/100|[from] item: Rocky Helmet|[of] p1a: Buzzwole
|-enditem|p1a: Buzzwole|Rocky Helmet|[from] move: Knock Off|[of] p2a: Toxapex
|
|-damage|p1a: Buzzwole|78/100 brn|[from] brn
|upkeep
|turn|111
|
|t:|1660881483
|switch|p2a: Corviknight|Corviknight, F|80/100
|-ability|p2a: Corviknight|Pressure
|move|p1a: Buzzwole|Roost|p1a: Buzzwole
|-heal|p1a: Buzzwole|100/100 brn
|-singleturn|p1a: Buzzwole|move: Roost
|
|-heal|p2a: Corviknight|86/100|[from] item: Leftovers
|-damage|p1a: Buzzwole|94/100 brn|[from] brn
|upkeep
|turn|112
|
|t:|1660881494
|switch|p1a: Zeraora|Zeraora|88/100
|-damage|p1a: Zeraora|76/100|[from] Stealth Rock
|move|p2a: Corviknight|Iron Defense|p2a: Corviknight
|-boost|p2a: Corviknight|def|2
|
|-heal|p2a: Corviknight|93/100|[from] item: Leftovers
|upkeep
|turn|113
|
|t:|1660881500
|move|p1a: Zeraora|Volt Switch|p2a: Corviknight
|-supereffective|p2a: Corviknight
|-damage|p2a: Corviknight|52/100
|
|t:|1660881503
|switch|p1a: Buzzwole|Buzzwole|94/100 brn|[from]move: Volt Switch
|-damage|p1a: Buzzwole|82/100 brn|[from] Stealth Rock
|move|p2a: Corviknight|Iron Defense|p2a: Corviknight
|-boost|p2a: Corviknight|def|2
|
|-heal|p2a: Corviknight|58/100|[from] item: Leftovers
|-damage|p1a: Buzzwole|76/100 brn|[from] brn
|upkeep
|turn|114
|
|t:|1660881510
|switch|p1a: Tornadus|Tornadus-Therian, M|45/100 brn
|-damage|p1a: Tornadus|20/100 brn|[from] Stealth Rock
|move|p2a: Corviknight|Roost|p2a: Corviknight
|-heal|p2a: Corviknight|100/100
|-singleturn|p2a: Corviknight|move: Roost
|
|-damage|p1a: Tornadus|14/100 brn|[from] brn
|upkeep
|turn|115
|inactive|Involuntary celebi has 120 seconds left.
|
|t:|1660881533
|move|p1a: Tornadus|Defog|p2a: Corviknight
|-unboost|p2a: Corviknight|evasion|1
|-sideend|p1: Involuntary celebi|Stealth Rock|[from] move: Defog|[of] p1a: Tornadus
|move|p2a: Corviknight|Body Press|p1a: Tornadus
|-resisted|p1a: Tornadus
|-damage|p1a: Tornadus|0 fnt
|faint|p1a: Tornadus
|
|upkeep
|
|t:|1660881536
|switch|p1a: Zeraora|Zeraora|76/100
|turn|116
|
|t:|1660881543
|move|p1a: Zeraora|Volt Switch|p2a: Corviknight
|-supereffective|p2a: Corviknight
|-damage|p2a: Corviknight|64/100
|
|t:|1660881545
|switch|p1a: Buzzwole|Buzzwole|76/100 brn|[from]move: Volt Switch
|move|p2a: Corviknight|Iron Defense|p2a: Corviknight
|-boost|p2a: Corviknight|def|2
|
|-heal|p2a: Corviknight|70/100|[from] item: Leftovers
|-damage|p1a: Buzzwole|69/100 brn|[from] brn
|upkeep
|turn|117
|
|t:|1660881549
|move|p1a: Buzzwole|Drain Punch|p2a: Corviknight
|-damage|p2a: Corviknight|67/100
|-heal|p1a: Buzzwole|71/100 brn|[from] drain|[of] p2a: Corviknight
|move|p2a: Corviknight|Body Press|p1a: Buzzwole
|-resisted|p1a: Buzzwole
|-damage|p1a: Buzzwole|46/100 brn
|
|-heal|p2a: Corviknight|74/100|[from] item: Leftovers
|-damage|p1a: Buzzwole|40/100 brn|[from] brn
|upkeep
|turn|118
|
|t:|1660881552
|move|p1a: Buzzwole|Roost|p1a: Buzzwole
|-heal|p1a: Buzzwole|90/100 brn
|-singleturn|p1a: Buzzwole|move: Roost
|move|p2a: Corviknight|Body Press|p1a: Buzzwole
|-resisted|p1a: Buzzwole
|-crit|p1a: Buzzwole
|-damage|p1a: Buzzwole|58/100 brn
|
|-heal|p2a: Corviknight|80/100|[from] item: Leftovers
|-damage|p1a: Buzzwole|51/100 brn|[from] brn
|upkeep
|turn|119
|
|t:|1660881558
|move|p1a: Buzzwole|Drain Punch|p2a: Corviknight
|-damage|p2a: Corviknight|77/100
|-heal|p1a: Buzzwole|53/100 brn|[from] drain|[of] p2a: Corviknight
|move|p2a: Corviknight|Body Press|p1a: Buzzwole
|-resisted|p1a: Buzzwole
|-damage|p1a: Buzzwole|28/100 brn
|
|-heal|p2a: Corviknight|84/100|[from] item: Leftovers
|-damage|p1a: Buzzwole|22/100 brn|[from] brn
|upkeep
|turn|120
|
|t:|1660881561
|move|p1a: Buzzwole|Roost|p1a: Buzzwole
|-heal|p1a: Buzzwole|72/100 brn
|-singleturn|p1a: Buzzwole|move: Roost
|move|p2a: Corviknight|Body Press|p1a: Buzzwole
|-resisted|p1a: Buzzwole
|-damage|p1a: Buzzwole|49/100 brn
|
|-heal|p2a: Corviknight|90/100|[from] item: Leftovers
|-damage|p1a: Buzzwole|42/100 brn|[from] brn
|upkeep
|turn|121
|
|t:|1660881566
|move|p1a: Buzzwole|Roost|p1a: Buzzwole
|-heal|p1a: Buzzwole|92/100 brn
|-singleturn|p1a: Buzzwole|move: Roost
|move|p2a: Corviknight|Defog|p1a: Buzzwole
|-unboost|p1a: Buzzwole|evasion|1
|
|-heal|p2a: Corviknight|96/100|[from] item: Leftovers
|-damage|p1a: Buzzwole|86/100 brn|[from] brn
|upkeep
|turn|122
|
|t:|1660881573
|switch|p1a: Zeraora|Zeraora|76/100
|move|p2a: Corviknight|Defog|p1a: Zeraora
|-unboost|p1a: Zeraora|evasion|1
|
|-heal|p2a: Corviknight|100/100|[from] item: Leftovers
|upkeep
|turn|123
|
|t:|1660881580
|move|p1a: Zeraora|Volt Switch|p2a: Corviknight
|-supereffective|p2a: Corviknight
|-damage|p2a: Corviknight|61/100
|
|t:|1660881583
|switch|p1a: Buzzwole|Buzzwole|86/100 brn|[from]move: Volt Switch
|move|p2a: Corviknight|Defog|p1a: Buzzwole
|-unboost|p1a: Buzzwole|evasion|1
|
|-heal|p2a: Corviknight|67/100|[from] item: Leftovers
|-damage|p1a: Buzzwole|80/100 brn|[from] brn
|upkeep
|turn|124
|
|t:|1660881590
|move|p1a: Buzzwole|Toxic|p2a: Corviknight
|-immune|p2a: Corviknight
|move|p2a: Corviknight|Iron Defense|p2a: Corviknight
|-boost|p2a: Corviknight|def|0
|
|-heal|p2a: Corviknight|73/100|[from] item: Leftovers
|-damage|p1a: Buzzwole|74/100 brn|[from] brn
|upkeep
|turn|125
|
|t:|1660881606
|move|p1a: Buzzwole|Toxic|p2a: Corviknight
|-immune|p2a: Corviknight
|move|p2a: Corviknight|Iron Defense|p2a: Corviknight
|-boost|p2a: Corviknight|def|0
|
|-heal|p2a: Corviknight|80/100|[from] item: Leftovers
|-damage|p1a: Buzzwole|67/100 brn|[from] brn
|upkeep
|turn|126
|c|☆Involuntary celebi|You must be fun at parties
|
|t:|1660881625
|move|p1a: Buzzwole|Toxic|p2a: Corviknight
|-immune|p2a: Corviknight
|move|p2a: Corviknight|Iron Defense|p2a: Corviknight
|-boost|p2a: Corviknight|def|0
|
|-heal|p2a: Corviknight|86/100|[from] item: Leftovers
|-damage|p1a: Buzzwole|61/100 brn|[from] brn
|upkeep
|turn|127
|
|t:|1660881630
|move|p1a: Buzzwole|Roost|p1a: Buzzwole
|-heal|p1a: Buzzwole|100/100 brn
|-singleturn|p1a: Buzzwole|move: Roost
|move|p2a: Corviknight|Iron Defense|p2a: Corviknight
|-boost|p2a: Corviknight|def|0
|
|-heal|p2a: Corviknight|92/100|[from] item: Leftovers
|-damage|p1a: Buzzwole|94/100 brn|[from] brn
|upkeep
|turn|128
|
|t:|1660881641
|switch|p1a: Zeraora|Zeraora|76/100
|switch|p2a: Blissey|Blissey, F|57/100
|
|upkeep
|turn|129
|
|t:|1660881648
|switch|p2a: Toxapex|Toxapex, F|79/100
|move|p1a: Zeraora|Plasma Fists|p2a: Toxapex
|-supereffective|p2a: Toxapex
|-damage|p2a: Toxapex|24/100
|-fieldactivate|move: Ion Deluge
|-hint|Normal-type moves become Electric-type after using Plasma Fists.
|
|upkeep
|turn|130
|
|t:|1660881655
|switch|p2a: Blissey|Blissey, F|57/100
|move|p1a: Zeraora|Plasma Fists|p2a: Blissey
|-damage|p2a: Blissey|17/100
|-fieldactivate|move: Ion Deluge
|-hint|Normal-type moves become Electric-type after using Plasma Fists.
|
|upkeep
|turn|131
|
|t:|1660881661
|switch|p2a: Toxapex|Toxapex, F|57/100
|move|p1a: Zeraora|Plasma Fists|p2a: Toxapex
|-supereffective|p2a: Toxapex
|-damage|p2a: Toxapex|0 fnt
|-fieldactivate|move: Ion Deluge
|-hint|Normal-type moves become Electric-type after using Plasma Fists.
|faint|p2a: Toxapex
|
|upkeep
|
|t:|1660881664
|switch|p2a: Corviknight|Corviknight, F|92/100
|-ability|p2a: Corviknight|Pressure
|turn|132
|
|t:|1660881670
|move|p1a: Zeraora|Plasma Fists|p2a: Corviknight
|-supereffective|p2a: Corviknight
|-crit|p2a: Corviknight
|-damage|p2a: Corviknight|0 fnt
|-fieldactivate|move: Ion Deluge
|-hint|Normal-type moves become Electric-type after using Plasma Fists.
|faint|p2a: Corviknight
|
|upkeep
|-message|Cowsrule247 forfeited.
|
|win|Involuntary celebi
|raw|Involuntary celebi's rating: 1353 &rarr; <strong>1379</strong><br />(+26 for winning)
|raw|Cowsrule247's rating: 1454 &rarr; <strong>1428</strong><br />(-26 for losing)
|l|‽Cowsrule247
|c|☆Involuntary celebi|Bless your heart, stall man
