|j|☆A3720
|j|☆lt94je polt
|t:|1661044059
|gametype|singles
|player|p1|A3720|170|1566
|player|p2|lt94je polt|#agplivlionsden|1587
|teamsize|p1|6
|teamsize|p2|6
|gen|8
|tier|[Gen 8] OU
|rated|
|rule|Sleep Clause Mod: Limit one foe put to sleep
|rule|Species Clause: Limit one of each Pokémon
|rule|OHKO Clause: OHKO moves are banned
|rule|Evasion Items Clause: Evasion items are banned
|rule|Evasion Moves Clause: Evasion moves are banned
|rule|Endless Battle Clause: Forcing endless battles is banned
|rule|HP Percentage Mod: HP is shown in percentages
|rule|Dynamax Clause: You cannot dynamax
|clearpoke
|poke|p1|Crawdaunt, M|
|poke|p1|Tapu Koko|
|poke|p1|Victini|
|poke|p1|Slowbro, M|
|poke|p1|Melmetal|
|poke|p1|Landorus-Therian, M|
|poke|p2|Mew|
|poke|p2|Weavile, F|
|poke|p2|Celesteela|
|poke|p2|Garchomp, M|
|poke|p2|Blacephalon|
|poke|p2|Crawdaunt, M|
|teampreview
|inactive|Battle timer is ON: inactive players will automatically lose when time's up. (requested by lt94je polt)
|j| sgvh
|
|t:|1661044084
|start
|switch|p1a: Crawdaunt|Crawdaunt, M|100/100
|switch|p2a: Mew|Mew, shiny|100/100
|turn|1
|
|t:|1661044106
|move|p2a: Mew|Stealth Rock|p1a: Crawdaunt
|-sidestart|p1: A3720|move: Stealth Rock
|move|p1a: Crawdaunt|Knock Off|p2a: Mew
|-supereffective|p2a: Mew
|-enditem|p2a: Mew|Colbur Berry|[eat]
|-enditem|p2a: Mew|Colbur Berry|[weaken]
|-damage|p2a: Mew|11/100
|
|upkeep
|turn|2
|c|☆A3720|i love your avatar
|c|☆A3720|is it mami from madoka magica?
|inactive|lt94je polt has 120 seconds left.
|c|☆lt94je polt|it is
|
|t:|1661044139
|move|p2a: Mew|Spikes|p1a: Crawdaunt
|-sidestart|p1: A3720|Spikes
|move|p1a: Crawdaunt|Knock Off|p2a: Mew
|-supereffective|p2a: Mew
|-damage|p2a: Mew|0 fnt
|faint|p2a: Mew
|
|upkeep
|inactive|lt94je polt has 120 seconds left.
|
|t:|1661044150
|switch|p2a: Garchomp|Garchomp, M, shiny|100/100
|turn|3
|
|t:|1661044154
|move|p2a: Garchomp|Earthquake|p1a: Crawdaunt
|-damage|p1a: Crawdaunt|30/100
|move|p1a: Crawdaunt|Knock Off|p2a: Garchomp
|-damage|p2a: Garchomp|0 fnt
|-damage|p1a: Crawdaunt|18/100|[from] ability: Rough Skin|[of] p2a: Garchomp
|-enditem|p2a: Garchomp|Lum Berry|[from] move: Knock Off|[of] p1a: Crawdaunt
|faint|p2a: Garchomp
|
|upkeep
|
|t:|1661044159
|switch|p2a: Celesteela|Celesteela, shiny|100/100
|turn|4
|
|t:|1661044173
|move|p2a: Celesteela|Air Slash|p1a: Crawdaunt
|-crit|p1a: Crawdaunt
|-damage|p1a: Crawdaunt|0 fnt
|faint|p1a: Crawdaunt
|-ability|p2a: Celesteela|Beast Boost|boost
|-boost|p2a: Celesteela|spa|1
|
|upkeep
|
|t:|1661044176
|switch|p1a: Tapu Koko|Tapu Koko|100/100
|-fieldstart|move: Electric Terrain|[from] ability: Electric Surge|[of] p1a: Tapu Koko
|turn|5
|
|t:|1661044181
|move|p1a: Tapu Koko|Thunderbolt|p2a: Celesteela
|-supereffective|p2a: Celesteela
|-damage|p2a: Celesteela|1/100
|move|p2a: Celesteela|Autotomize|p2a: Celesteela
|-boost|p2a: Celesteela|spe|2
|-start|p2a: Celesteela|Autotomize
|
|upkeep
|turn|6
|c|☆lt94je polt|o.o
|inactive|A3720 has 120 seconds left.
|
|t:|1661044225
|switch|p1a: Landorus|Landorus-Therian, M|100/100
|-damage|p1a: Landorus|88/100|[from] Stealth Rock
|-ability|p1a: Landorus|Intimidate|boost
|-unboost|p2a: Celesteela|atk|1
|move|p2a: Celesteela|Meteor Beam||[still]
|-prepare|p2a: Celesteela|Meteor Beam
|-boost|p2a: Celesteela|spa|1
|-enditem|p2a: Celesteela|Power Herb
|-anim|p2a: Celesteela|Meteor Beam|p1a: Landorus
|-damage|p1a: Landorus|21/100
|
|-heal|p1a: Landorus|27/100|[from] item: Leftovers
|upkeep
|turn|7
|
|t:|1661044237
|move|p2a: Celesteela|Flamethrower|p1a: Landorus
|-damage|p1a: Landorus|0 fnt
|faint|p1a: Landorus
|-ability|p2a: Celesteela|Beast Boost|boost
|-boost|p2a: Celesteela|spa|1
|
|upkeep
|
|t:|1661044252
|switch|p1a: Tapu Koko|Tapu Koko|100/100
|turn|8
|
|t:|1661044255
|move|p2a: Celesteela|Flamethrower|p1a: Tapu Koko
|-damage|p1a: Tapu Koko|0 fnt
|faint|p1a: Tapu Koko
|-ability|p2a: Celesteela|Beast Boost|boost
|-boost|p2a: Celesteela|spa|1
|
|upkeep
|
|t:|1661044262
|switch|p1a: Slowbro|Slowbro, M|100/100
|turn|9
|
|t:|1661044264
|move|p2a: Celesteela|Air Slash|p1a: Slowbro
|-crit|p1a: Slowbro
|-damage|p1a: Slowbro|0 fnt
|faint|p1a: Slowbro
|-ability|p2a: Celesteela|Beast Boost|boost
|-boost|p2a: Celesteela|spa|1
|
|-fieldend|move: Electric Terrain
|upkeep
|
|t:|1661044268
|switch|p1a: Victini|Victini|100/100
|turn|10
|
|t:|1661044271
|move|p2a: Celesteela|Air Slash|p1a: Victini
|-damage|p1a: Victini|0 fnt
|faint|p1a: Victini
|-ability|p2a: Celesteela|Beast Boost|boost
|-boost|p2a: Celesteela|spa|1
|
|upkeep
|
|t:|1661044274
|switch|p1a: Melmetal|Melmetal|100/100
|-damage|p1a: Melmetal|94/100|[from] Stealth Rock
|-damage|p1a: Melmetal|82/100|[from] Spikes
|turn|11
|
|t:|1661044277
|move|p2a: Celesteela|Flamethrower|p1a: Melmetal
|-supereffective|p1a: Melmetal
|-damage|p1a: Melmetal|0 fnt
|faint|p1a: Melmetal
|
|win|lt94je polt
|raw|A3720's rating: 1566 &rarr; <strong>1548</strong><br />(-18 for losing)
|raw|lt94je polt's rating: 1608 &rarr; <strong>1626</strong><br />(+18 for winning)
|l|☆lt94je polt
|l|☆A3720
|j| ProXXDev
