|j|☆Snurke
|j|☆yung_iznamakin
|t:|1650261596
|gametype|singles
|player|p1|Snurke|170|1445
|player|p2|yung_iznamakin|brendan-gen3|1471
|teamsize|p1|6
|teamsize|p2|6
|gen|8
|tier|[Gen 8] OU
|rated|
|rule|Sleep Clause Mod: Limit one foe put to sleep
|rule|Species Clause: Limit one of each Pokémon
|rule|OHKO Clause: OHKO moves are banned
|rule|Evasion Moves Clause: Evasion moves are banned
|rule|Endless Battle Clause: Forcing endless battles is banned
|rule|HP Percentage Mod: HP is shown in percentages
|rule|Dynamax Clause: You cannot dynamax
|clearpoke
|poke|p1|Toxtricity, M|
|poke|p1|Araquanid, M|
|poke|p1|Jirachi|
|poke|p1|Landorus-Therian, M|
|poke|p1|Regieleki|
|poke|p1|Zapdos-Galar|
|poke|p2|Pelipper, M|
|poke|p2|Urshifu-*, F|
|poke|p2|Ferrothorn, M|
|poke|p2|Blissey, F|
|poke|p2|Tornadus-Therian, M|
|poke|p2|Zeraora|
|teampreview
|inactive|Battle timer is ON: inactive players will automatically lose when time's up. (requested by Snurke)
|
|t:|1650261621
|start
|switch|p1a: New Kicks WHO DIS?|Zapdos-Galar, shiny|100/100
|switch|p2a: Pelipper|Pelipper, M|100/100
|-weather|RainDance|[from] ability: Drizzle|[of] p2a: Pelipper
|turn|1
|
|t:|1650261628
|switch|p2a: Ferrothorn|Ferrothorn, M|100/100
|move|p1a: New Kicks WHO DIS?|Brave Bird|p2a: Ferrothorn
|-damage|p2a: Ferrothorn|47/100
|-damage|p1a: New Kicks WHO DIS?|88/100|[from] ability: Iron Barbs|[of] p2a: Ferrothorn
|-damage|p1a: New Kicks WHO DIS?|68/100|[from] Recoil
|
|-weather|RainDance|[upkeep]
|-heal|p2a: Ferrothorn|53/100|[from] item: Leftovers
|upkeep
|turn|2
|
|t:|1650261637
|switch|p2a: Zeraora|Zeraora|100/100
|move|p1a: New Kicks WHO DIS?|Brave Bird|p2a: Zeraora
|-resisted|p2a: Zeraora
|-damage|p2a: Zeraora|42/100
|-damage|p1a: New Kicks WHO DIS?|49/100|[from] Recoil
|
|-weather|RainDance|[upkeep]
|upkeep
|turn|3
|
|t:|1650261646
|switch|p2a: Pelipper|Pelipper, M|100/100
|switch|p1a: Supa Mang|Landorus-Therian, M, shiny|100/100
|-ability|p1a: Supa Mang|Intimidate|boost
|-unboost|p2a: Pelipper|atk|1
|
|-weather|RainDance|[upkeep]
|upkeep
|turn|4
|
|t:|1650261654
|switch|p1a: Million Ants|Araquanid, M, shiny|100/100
|move|p2a: Pelipper|Hurricane|p1a: Million Ants
|-supereffective|p1a: Million Ants
|-enditem|p1a: Million Ants|Focus Sash
|-damage|p1a: Million Ants|1/100
|
|-weather|RainDance|[upkeep]
|upkeep
|turn|5
|
|t:|1650261661
|move|p2a: Pelipper|Hurricane|p1a: Million Ants
|-supereffective|p1a: Million Ants
|-damage|p1a: Million Ants|0 fnt
|faint|p1a: Million Ants
|
|-weather|none
|upkeep
|
|t:|1650261669
|switch|p1a: Ultran|Jirachi, shiny|100/100
|turn|6
|
|t:|1650261674
|switch|p2a: Zeraora|Zeraora|42/100
|move|p1a: Ultran|Body Slam|p2a: Zeraora
|-damage|p2a: Zeraora|15/100
|
|upkeep
|turn|7
|
|t:|1650261679
|move|p2a: Zeraora|Knock Off|p1a: Ultran
|-supereffective|p1a: Ultran
|-damage|p1a: Ultran|50/100
|-enditem|p1a: Ultran|Leftovers|[from] move: Knock Off|[of] p2a: Zeraora
|move|p1a: Ultran|Body Slam|p2a: Zeraora
|-damage|p2a: Zeraora|0 fnt
|faint|p2a: Zeraora
|
|upkeep
|
|t:|1650261686
|switch|p2a: Urshifu|Urshifu-Rapid-Strike, F|100/100
|turn|8
|
|t:|1650261690
|move|p1a: Ultran|Wish|p1a: Ultran
|move|p2a: Urshifu|Surging Strikes|p1a: Ultran
|-crit|p1a: Ultran
|-damage|p1a: Ultran|25/100
|-crit|p1a: Ultran
|-damage|p1a: Ultran|0 fnt
|faint|p1a: Ultran
|-hitcount|p1: Ultran|2
|
|upkeep
|
|t:|1650261694
|switch|p1a: Supa Mang|Landorus-Therian, M, shiny|100/100
|-ability|p1a: Supa Mang|Intimidate|boost
|-unboost|p2a: Urshifu|atk|1
|turn|9
|
|t:|1650261705
|move|p2a: Urshifu|Surging Strikes|p1a: Supa Mang
|-supereffective|p1a: Supa Mang
|-crit|p1a: Supa Mang
|-damage|p1a: Supa Mang|42/100
|-supereffective|p1a: Supa Mang
|-crit|p1a: Supa Mang
|-damage|p1a: Supa Mang|0 fnt
|faint|p1a: Supa Mang
|-hitcount|p1: Supa Mang|2
|
|upkeep
|
|t:|1650261708
|switch|p1a: Statik|Regieleki, shiny|100/100
|turn|10
|
|t:|1650261715
|switch|p2a: Blissey|Blissey, F|100/100
|move|p1a: Statik|Electro Ball|p2a: Blissey
|-damage|p2a: Blissey|70/100
|
|upkeep
|turn|11
|
|t:|1650261720
|switch|p1a: New Kicks WHO DIS?|Zapdos-Galar, shiny|49/100
|move|p2a: Blissey|Teleport|p2a: Blissey
|
|t:|1650261726
|switch|p2a: Tornadus|Tornadus-Therian, M|100/100|[from]move: Teleport
|
|upkeep
|turn|12
|
|t:|1650261729
|move|p2a: Tornadus|Hurricane|p1a: New Kicks WHO DIS?|[miss]
|-miss|p2a: Tornadus|p1a: New Kicks WHO DIS?
|move|p1a: New Kicks WHO DIS?|U-turn|p2a: Tornadus
|-resisted|p2a: Tornadus
|-damage|p2a: Tornadus|82/100
|
|t:|1650261734
|switch|p1a: Purple Haze|Toxtricity, M, shiny|100/100|[from]move: U-turn
|
|upkeep
|turn|13
|
|t:|1650261737
|switch|p2a: Blissey|Blissey, F|70/100
|move|p1a: Purple Haze|Boomburst|p2a: Blissey
|-damage|p2a: Blissey|33/100
|
|upkeep
|turn|14
|
|t:|1650261743
|switch|p2a: Ferrothorn|Ferrothorn, M|53/100
|move|p1a: Purple Haze|Boomburst|p2a: Ferrothorn
|-resisted|p2a: Ferrothorn
|-damage|p2a: Ferrothorn|11/100
|
|-heal|p2a: Ferrothorn|17/100|[from] item: Leftovers
|upkeep
|turn|15
|
|t:|1650261749
|move|p1a: Purple Haze|Boomburst|p2a: Ferrothorn
|-resisted|p2a: Ferrothorn
|-damage|p2a: Ferrothorn|0 fnt
|faint|p2a: Ferrothorn
|
|upkeep
|
|t:|1650261753
|switch|p2a: Urshifu|Urshifu-Rapid-Strike, F|100/100
|turn|16
|
|t:|1650261775
|switch|p1a: New Kicks WHO DIS?|Zapdos-Galar, shiny|49/100
|move|p2a: Urshifu|Surging Strikes|p1a: New Kicks WHO DIS?
|-crit|p1a: New Kicks WHO DIS?
|-damage|p1a: New Kicks WHO DIS?|14/100
|-crit|p1a: New Kicks WHO DIS?
|-damage|p1a: New Kicks WHO DIS?|0 fnt
|faint|p1a: New Kicks WHO DIS?
|-hitcount|p1: New Kicks WHO DIS?|2
|
|upkeep
|
|t:|1650261777
|switch|p1a: Statik|Regieleki, shiny|100/100
|turn|17
|
|t:|1650261785
|switch|p2a: Tornadus|Tornadus-Therian, M|100/100
|move|p1a: Statik|Electro Ball|p2a: Tornadus
|-supereffective|p2a: Tornadus
|-damage|p2a: Tornadus|21/100
|
|upkeep
|turn|18
|
|t:|1650261790
|move|p1a: Statik|Electro Ball|p2a: Tornadus
|-supereffective|p2a: Tornadus
|-damage|p2a: Tornadus|0 fnt
|faint|p2a: Tornadus
|
|upkeep
|
|t:|1650261794
|switch|p2a: Blissey|Blissey, F|33/100
|turn|19
|
|t:|1650261800
|move|p1a: Statik|Electro Ball|p2a: Blissey
|-damage|p2a: Blissey|4/100
|move|p2a: Blissey|Soft-Boiled|p2a: Blissey
|-heal|p2a: Blissey|54/100
|
|upkeep
|turn|20
|
|t:|1650261805
|move|p1a: Statik|Ancient Power|p2a: Blissey
|-damage|p2a: Blissey|47/100
|move|p2a: Blissey|Soft-Boiled|p2a: Blissey
|-heal|p2a: Blissey|97/100
|
|upkeep
|turn|21
|
|t:|1650261809
|move|p1a: Statik|Ancient Power|p2a: Blissey
|-damage|p2a: Blissey|91/100
|move|p2a: Blissey|Seismic Toss|p1a: Statik
|-damage|p1a: Statik|69/100
|
|upkeep
|turn|22
|
|t:|1650261815
|move|p1a: Statik|Volt Switch|p2a: Blissey
|-damage|p2a: Blissey|73/100
|
|t:|1650261816
|switch|p1a: Purple Haze|Toxtricity, M, shiny|100/100|[from]move: Volt Switch
|move|p2a: Blissey|Seismic Toss|p1a: Purple Haze
|-damage|p1a: Purple Haze|66/100
|
|upkeep
|turn|23
|
|t:|1650261823
|switch|p2a: Pelipper|Pelipper, M|100/100
|-weather|RainDance|[from] ability: Drizzle|[of] p2a: Pelipper
|move|p1a: Purple Haze|Boomburst|p2a: Pelipper
|-damage|p2a: Pelipper|0 fnt
|faint|p2a: Pelipper
|
|-weather|RainDance|[upkeep]
|upkeep
|
|t:|1650261831
|switch|p2a: Urshifu|Urshifu-Rapid-Strike, F|100/100
|turn|24
|
|t:|1650261834
|move|p2a: Urshifu|Surging Strikes|p1a: Purple Haze
|-crit|p1a: Purple Haze
|-damage|p1a: Purple Haze|0 fnt
|faint|p1a: Purple Haze
|-hitcount|p1: Purple Haze|1
|
|-weather|RainDance|[upkeep]
|upkeep
|
|t:|1650261835
|switch|p1a: Statik|Regieleki, shiny|69/100
|turn|25
|
|t:|1650261841
|switch|p2a: Blissey|Blissey, F|73/100
|move|p1a: Statik|Electro Ball|p2a: Blissey
|-damage|p2a: Blissey|44/100
|
|-weather|RainDance|[upkeep]
|upkeep
|turn|26
|
|t:|1650261848
|move|p1a: Statik|Electro Ball|p2a: Blissey
|-damage|p2a: Blissey|13/100
|move|p2a: Blissey|Seismic Toss|p1a: Statik
|-damage|p1a: Statik|38/100
|
|-weather|RainDance|[upkeep]
|upkeep
|turn|27
|
|t:|1650261853
|move|p1a: Statik|Electro Ball|p2a: Blissey
|-damage|p2a: Blissey|0 fnt
|faint|p2a: Blissey
|
|-weather|none
|upkeep
|
|t:|1650261858
|switch|p2a: Urshifu|Urshifu-Rapid-Strike, F|100/100
|turn|28
|
|t:|1650261860
|move|p2a: Urshifu|Aqua Jet|p1a: Statik
|-damage|p1a: Statik|0 fnt
|faint|p1a: Statik
|
|win|yung_iznamakin
|raw|Snurke's rating: 1445 &rarr; <strong>1426</strong><br />(-19 for losing)
|raw|yung_iznamakin's rating: 1471 &rarr; <strong>1490</strong><br />(+19 for winning)
|l|☆yung_iznamakin
