|html|<div class="broadcast-blue"><strong>[Gen 8] OU is currently suspecting Melmetal! For information on how to participate check out the <a href="https://www.smogon.com/forums/threads/np-ss-ou-suspect-process-round-12-monster-mash.3709234/">suspect thread</a>.</strong></div>
|j|☆minimax_ai
|j|☆Pinks1ip
|t:|1665930932
|gametype|singles
|player|p1|minimax_ai|lusamine-nihilego|1408
|player|p2|Pinks1ip|skierf|1394
|teamsize|p1|6
|teamsize|p2|6
|gen|8
|tier|[Gen 8] OU
|rated|
|rule|Sleep Clause Mod: Limit one foe put to sleep
|rule|Species Clause: Limit one of each Pokémon
|rule|OHKO Clause: OHKO moves are banned
|rule|Evasion Items Clause: Evasion items are banned
|rule|Evasion Moves Clause: Evasion moves are banned
|rule|Endless Battle Clause: Forcing endless battles is banned
|rule|HP Percentage Mod: HP is shown in percentages
|rule|Dynamax Clause: You cannot dynamax
|clearpoke
|poke|p1|Rotom-Wash|
|poke|p1|Weavile, F|
|poke|p1|Landorus-Therian, M|
|poke|p1|Heatran, M|
|poke|p1|Tangrowth, M|
|poke|p1|Melmetal|
|poke|p2|Melmetal|
|poke|p2|Heatran, M|
|poke|p2|Rillaboom, M|
|poke|p2|Landorus-Therian, M|
|poke|p2|Slowbro, F|
|poke|p2|Dragapult, M|
|teampreview
|c|☆minimax_ai|hf
|inactive|Battle timer is ON: inactive players will automatically lose when time's up. (requested by minimax_ai)
|c|☆Pinks1ip|u2
|c|☆Pinks1ip|Laddering for the melmetal suspect ?
|inactive|Pinks1ip has 120 seconds left.
|
|t:|1665930985
|start
|switch|p1a: Melmetal|Melmetal|100/100
|switch|p2a: Rillaboom|Rillaboom, M|100/100
|-fieldstart|move: Grassy Terrain|[from] ability: Grassy Surge|[of] p2a: Rillaboom
|turn|1
|
|t:|1665931007
|move|p2a: Rillaboom|U-turn|p1a: Melmetal
|-resisted|p1a: Melmetal
|-damage|p1a: Melmetal|91/100
|-damage|p2a: Rillaboom|91/100|[from] item: Life Orb
|
|t:|1665931014
|switch|p2a: Heatran|Heatran, M|100/100|[from]move: U-turn
|move|p1a: Melmetal|Ice Punch|p2a: Heatran
|-resisted|p2a: Heatran
|-damage|p2a: Heatran|94/100
|
|-heal|p2a: Heatran|99/100|[from] Grassy Terrain
|-heal|p2a: Heatran|100/100|[from] item: Leftovers
|-heal|p1a: Melmetal|98/100|[from] Grassy Terrain
|upkeep
|turn|2
|
|t:|1665931027
|switch|p1a: rotomwash|Rotom-Wash|100/100
|move|p2a: Heatran|Earth Power|p1a: rotomwash
|-immune|p1a: rotomwash|[from] ability: Levitate
|
|upkeep
|turn|3
|inactive|Pinks1ip has 120 seconds left.
|inactive|Pinks1ip has 90 seconds left.
|
|t:|1665931099
|switch|p2a: Landorus|Landorus-Therian, M|100/100
|-ability|p2a: Landorus|Intimidate|boost
|-unboost|p1a: rotomwash|atk|1
|move|p1a: rotomwash|Hydro Pump|p2a: Landorus
|-supereffective|p2a: Landorus
|-damage|p2a: Landorus|13/100
|
|-heal|p2a: Landorus|19/100|[from] item: Leftovers
|upkeep
|turn|4
|
|t:|1665931112
|switch|p2a: Slowbro|Slowbro, F|100/100
|move|p1a: rotomwash|Hydro Pump|p2a: Slowbro|[miss]
|-miss|p1a: rotomwash|p2a: Slowbro
|
|upkeep
|turn|5
|
|t:|1665931118
|move|p1a: rotomwash|Hydro Pump|p2a: Slowbro
|-resisted|p2a: Slowbro
|-damage|p2a: Slowbro|77/100
|move|p2a: Slowbro|Teleport|p2a: Slowbro
|
|t:|1665931127
|switch|p2a: Landorus|Landorus-Therian, M|19/100|[from]move: Teleport
|-ability|p2a: Landorus|Intimidate|boost
|-unboost|p1a: rotomwash|atk|1
|
|-heal|p2a: Landorus|25/100|[from] item: Leftovers
|-fieldend|move: Grassy Terrain
|upkeep
|turn|6
|
|t:|1665931130
|switch|p2a: Slowbro|Slowbro, F|100/100
|move|p1a: rotomwash|Hydro Pump|p2a: Slowbro
|-resisted|p2a: Slowbro
|-damage|p2a: Slowbro|77/100
|
|upkeep
|turn|7
|
|t:|1665931134
|move|p1a: rotomwash|Hydro Pump|p2a: Slowbro
|-resisted|p2a: Slowbro
|-damage|p2a: Slowbro|54/100
|move|p2a: Slowbro|Teleport|p2a: Slowbro
|
|t:|1665931136
|switch|p2a: Landorus|Landorus-Therian, M|25/100|[from]move: Teleport
|-ability|p2a: Landorus|Intimidate|boost
|-unboost|p1a: rotomwash|atk|1
|
|-heal|p2a: Landorus|31/100|[from] item: Leftovers
|upkeep
|turn|8
|
|t:|1665931138
|switch|p2a: Slowbro|Slowbro, F|88/100
|move|p1a: rotomwash|Hydro Pump|p2a: Slowbro
|-resisted|p2a: Slowbro
|-damage|p2a: Slowbro|66/100
|
|upkeep
|turn|9
|
|t:|1665931140
|move|p1a: rotomwash|Hydro Pump|p2a: Slowbro
|-resisted|p2a: Slowbro
|-damage|p2a: Slowbro|43/100
|move|p2a: Slowbro|Teleport|p2a: Slowbro
|
|t:|1665931150
|switch|p2a: Rillaboom|Rillaboom, M|91/100|[from]move: Teleport
|-fieldstart|move: Grassy Terrain|[from] ability: Grassy Surge|[of] p2a: Rillaboom
|
|-heal|p2a: Rillaboom|97/100|[from] Grassy Terrain
|upkeep
|turn|10
|
|t:|1665931153
|switch|p1a: Heatran|Heatran, M|100/100
|-item|p1a: Heatran|Air Balloon
|move|p2a: Rillaboom|Swords Dance|p2a: Rillaboom
|-boost|p2a: Rillaboom|atk|2
|
|-heal|p2a: Rillaboom|100/100|[from] Grassy Terrain
|upkeep
|turn|11
|
|t:|1665931155
|move|p1a: Heatran|Magma Storm|p2a: Rillaboom
|-supereffective|p2a: Rillaboom
|-damage|p2a: Rillaboom|0 fnt
|faint|p2a: Rillaboom
|
|upkeep
|
|t:|1665931175
|switch|p2a: Slowbro|Slowbro, F|76/100
|turn|12
|
|t:|1665931175
|move|p1a: Heatran|Magma Storm|p2a: Slowbro
|-resisted|p2a: Slowbro
|-damage|p2a: Slowbro|50/100
|-activate|p2a: Slowbro|move: Magma Storm|[of] p1a: Heatran
|move|p2a: Slowbro|Teleport|p2a: Slowbro
|
|t:|1665931183
|switch|p2a: Dragapult|Dragapult, M|100/100|[from]move: Teleport
|
|upkeep
|turn|13
|
|t:|1665931185
|move|p2a: Dragapult|U-turn|p1a: Heatran
|-resisted|p1a: Heatran
|-damage|p1a: Heatran|96/100
|-enditem|p1a: Heatran|Air Balloon
|
|t:|1665931192
|switch|p2a: Heatran|Heatran, M|100/100|[from]move: U-turn
|move|p1a: Heatran|Magma Storm|p2a: Heatran
|-start|p2a: Heatran|ability: Flash Fire
|
|-heal|p1a: Heatran|100/100|[from] Grassy Terrain
|-fieldend|move: Grassy Terrain
|upkeep
|turn|14
|
|t:|1665931196
|switch|p1a: rotomwash|Rotom-Wash|100/100
|move|p2a: Heatran|Magma Storm|p1a: rotomwash
|-resisted|p1a: rotomwash
|-crit|p1a: rotomwash
|-damage|p1a: rotomwash|46/100
|-activate|p1a: rotomwash|move: Magma Storm|[of] p2a: Heatran
|
|-heal|p1a: rotomwash|52/100|[from] item: Leftovers
|-damage|p1a: rotomwash|39/100|[from] move: Magma Storm|[partiallytrapped]
|upkeep
|turn|15
|
|t:|1665931221
|-end|p2a: Heatran|ability: Flash Fire|[silent]
|switch|p2a: Landorus|Landorus-Therian, M|31/100
|-ability|p2a: Landorus|Intimidate|boost
|-unboost|p1a: rotomwash|atk|1
|move|p1a: rotomwash|Pain Split|p2a: Landorus
|-sethp|p2a: Landorus|31/100|[from] move: Pain Split|[silent]
|-sethp|p1a: rotomwash|39/100|[from] move: Pain Split
|
|-heal|p1a: rotomwash|45/100|[from] item: Leftovers
|-heal|p2a: Landorus|37/100|[from] item: Leftovers
|-end|p1a: rotomwash|Magma Storm|[partiallytrapped]|[silent]
|upkeep
|turn|16
|
|t:|1665931236
|move|p1a: rotomwash|Hydro Pump|p2a: Landorus
|-supereffective|p2a: Landorus
|-damage|p2a: Landorus|0 fnt
|faint|p2a: Landorus
|
|-heal|p1a: rotomwash|51/100|[from] item: Leftovers
|upkeep
|
|t:|1665931239
|switch|p2a: Dragapult|Dragapult, M|100/100
|turn|17
|
|t:|1665931242
|switch|p1a: landorustherian|Landorus-Therian, M|100/100
|-ability|p1a: landorustherian|Intimidate|boost
|-unboost|p2a: Dragapult|atk|1
|move|p2a: Dragapult|U-turn|p1a: landorustherian
|-resisted|p1a: landorustherian
|-damage|p1a: landorustherian|95/100
|
|t:|1665931245
|switch|p2a: Slowbro|Slowbro, F|83/100|[from]move: U-turn
|
|-heal|p1a: landorustherian|100/100|[from] item: Leftovers
|upkeep
|turn|18
|
|t:|1665931246
|move|p1a: landorustherian|Toxic|p2a: Slowbro
|-status|p2a: Slowbro|tox
|move|p2a: Slowbro|Future Sight|p1a: landorustherian
|-start|p2a: Slowbro|move: Future Sight
|
|-damage|p2a: Slowbro|77/100 tox|[from] psn
|upkeep
|turn|19
|
|t:|1665931248
|move|p1a: landorustherian|Earthquake|p2a: Slowbro
|-damage|p2a: Slowbro|50/100 tox
|move|p2a: Slowbro|Teleport|p2a: Slowbro
|
|t:|1665931251
|switch|p2a: Dragapult|Dragapult, M|100/100|[from]move: Teleport
|
|upkeep
|turn|20
|
|t:|1665931252
|move|p2a: Dragapult|U-turn|p1a: landorustherian
|-resisted|p1a: landorustherian
|-damage|p1a: landorustherian|92/100
|
|t:|1665931254
|switch|p2a: Slowbro|Slowbro, F|83/100 tox|[from]move: U-turn
|move|p1a: landorustherian|Earthquake|p2a: Slowbro
|-damage|p2a: Slowbro|56/100 tox
|
|-end|p1a: landorustherian|move: Future Sight
|-damage|p1a: landorustherian|60/100
|-heal|p1a: landorustherian|66/100|[from] item: Leftovers
|-damage|p2a: Slowbro|50/100 tox|[from] psn
|upkeep
|turn|21
|
|t:|1665931258
|move|p1a: landorustherian|Earthquake|p2a: Slowbro
|-damage|p2a: Slowbro|21/100 tox
|move|p2a: Slowbro|Scald|p1a: landorustherian
|-supereffective|p1a: landorustherian
|-damage|p1a: landorustherian|22/100
|
|-heal|p1a: landorustherian|28/100|[from] item: Leftovers
|-damage|p2a: Slowbro|8/100 tox|[from] psn
|upkeep
|turn|22
|
|t:|1665931269
|move|p1a: landorustherian|Earthquake|p2a: Slowbro
|-damage|p2a: Slowbro|0 fnt
|faint|p2a: Slowbro
|
|-heal|p1a: landorustherian|34/100|[from] item: Leftovers
|upkeep
|
|t:|1665931271
|switch|p2a: Dragapult|Dragapult, M|100/100
|turn|23
|
|t:|1665931272
|switch|p1a: Melmetal|Melmetal|98/100
|move|p2a: Dragapult|Shadow Ball|p1a: Melmetal
|-damage|p1a: Melmetal|67/100
|
|upkeep
|turn|24
|
|t:|1665931275
|switch|p2a: Heatran|Heatran, M|100/100
|move|p1a: Melmetal|Earthquake|p2a: Heatran
|-supereffective|p2a: Heatran
|-damage|p2a: Heatran|0 fnt
|faint|p2a: Heatran
|
|upkeep
|
|t:|1665931279
|switch|p2a: Melmetal|Melmetal, shiny|100/100
|turn|25
|
|t:|1665931282
|switch|p1a: Tangrowth|Tangrowth, M|100/100
|move|p2a: Melmetal|Earthquake|p1a: Tangrowth
|-resisted|p1a: Tangrowth
|-damage|p1a: Tangrowth|90/100
|
|upkeep
|turn|26
|
|t:|1665931284
|move|p1a: Tangrowth|Sleep Powder|p2a: Melmetal|[miss]
|-miss|p1a: Tangrowth|p2a: Melmetal
|move|p2a: Melmetal|Toxic|p1a: Tangrowth
|-status|p1a: Tangrowth|tox
|
|-damage|p1a: Tangrowth|84/100 tox|[from] psn
|upkeep
|turn|27
|
|t:|1665931289
|move|p2a: Melmetal|Protect|p2a: Melmetal
|-singleturn|p2a: Melmetal|Protect
|move|p1a: Tangrowth|Sleep Powder|p2a: Melmetal
|-activate|p2a: Melmetal|move: Protect
|
|-damage|p1a: Tangrowth|72/100 tox|[from] psn
|upkeep
|turn|28
|
|t:|1665931290
|switch|p2a: Dragapult|Dragapult, M|100/100
|move|p1a: Tangrowth|Sleep Powder|p2a: Dragapult
|-status|p2a: Dragapult|slp|[from] move: Sleep Powder
|
|-damage|p1a: Tangrowth|53/100 tox|[from] psn
|upkeep
|turn|29
|
|t:|1665931292
|switch|p2a: Melmetal|Melmetal, shiny|100/100
|switch|p1a: landorustherian|Landorus-Therian, M|34/100
|-ability|p1a: landorustherian|Intimidate|boost
|-unboost|p2a: Melmetal|atk|1
|
|-heal|p1a: landorustherian|40/100|[from] item: Leftovers
|upkeep
|turn|30
|
|t:|1665931293
|move|p1a: landorustherian|U-turn|p2a: Melmetal
|-resisted|p2a: Melmetal
|-damage|p2a: Melmetal|94/100
|
|t:|1665931293
|switch|p1a: Tangrowth|Tangrowth, M|86/100 tox|[from]move: U-turn
|move|p2a: Melmetal|Double Iron Bash|p1a: Tangrowth
|-damage|p1a: Tangrowth|71/100 tox
|-damage|p2a: Melmetal|78/100|[from] item: Rocky Helmet|[of] p1a: Tangrowth
|-damage|p1a: Tangrowth|56/100 tox
|-damage|p2a: Melmetal|61/100|[from] item: Rocky Helmet|[of] p1a: Tangrowth
|-hitcount|p1a: Tangrowth|2
|
|-heal|p2a: Melmetal|67/100|[from] item: Leftovers
|-damage|p1a: Tangrowth|50/100 tox|[from] psn
|upkeep
|turn|31
|
|t:|1665931295
|switch|p1a: rotomwash|Rotom-Wash|51/100
|move|p2a: Melmetal|Double Iron Bash|p1a: rotomwash
|-resisted|p1a: rotomwash
|-crit|p1a: rotomwash
|-damage|p1a: rotomwash|34/100
|-resisted|p1a: rotomwash
|-damage|p1a: rotomwash|27/100
|-hitcount|p1a: rotomwash|2
|
|-heal|p1a: rotomwash|33/100|[from] item: Leftovers
|-heal|p2a: Melmetal|73/100|[from] item: Leftovers
|upkeep
|turn|32
|
|t:|1665931298
|switch|p2a: Dragapult|Dragapult, M|100/100 slp
|move|p1a: rotomwash|Pain Split|p2a: Dragapult
|-sethp|p2a: Dragapult|66/100 slp|[from] move: Pain Split|[silent]
|-sethp|p1a: rotomwash|69/100|[from] move: Pain Split
|
|-heal|p1a: rotomwash|75/100|[from] item: Leftovers
|upkeep
|turn|33
|
|t:|1665931301
|switch|p1a: landorustherian|Landorus-Therian, M|40/100
|-ability|p1a: landorustherian|Intimidate|boost
|-unboost|p2a: Dragapult|atk|1
|cant|p2a: Dragapult|slp
|
|-heal|p1a: landorustherian|46/100|[from] item: Leftovers
|upkeep
|turn|34
|
|t:|1665931302
|cant|p2a: Dragapult|slp
|move|p1a: landorustherian|Earthquake|p2a: Dragapult
|-damage|p2a: Dragapult|3/100 slp
|
|-heal|p1a: landorustherian|52/100|[from] item: Leftovers
|upkeep
|turn|35
|
|t:|1665931303
|cant|p2a: Dragapult|slp
|move|p1a: landorustherian|Earthquake|p2a: Dragapult
|-damage|p2a: Dragapult|0 fnt
|faint|p2a: Dragapult
|
|-heal|p1a: landorustherian|59/100|[from] item: Leftovers
|upkeep
|
|t:|1665931304
|switch|p2a: Melmetal|Melmetal, shiny|73/100
|turn|36
|
|t:|1665931305
|move|p1a: landorustherian|U-turn|p2a: Melmetal
|-resisted|p2a: Melmetal
|-damage|p2a: Melmetal|67/100
|
|t:|1665931305
|switch|p1a: rotomwash|Rotom-Wash|75/100|[from]move: U-turn
|move|p2a: Melmetal|Double Iron Bash|p1a: rotomwash
|-resisted|p1a: rotomwash
|-damage|p1a: rotomwash|64/100
|-resisted|p1a: rotomwash
|-damage|p1a: rotomwash|53/100
|-hitcount|p1a: rotomwash|2
|
|-heal|p1a: rotomwash|59/100|[from] item: Leftovers
|-heal|p2a: Melmetal|73/100|[from] item: Leftovers
|upkeep
|turn|37
|c|☆Pinks1ip|Damn man what’s your real rank?
|c|☆Pinks1ip|i got destroyed
|inactive|Pinks1ip has 120 seconds left.
|
|t:|1665931340
|move|p1a: rotomwash|Thunderbolt|p2a: Melmetal
|-damage|p2a: Melmetal|40/100
|-status|p2a: Melmetal|par
|move|p2a: Melmetal|Double Iron Bash|p1a: rotomwash
|-resisted|p1a: rotomwash
|-damage|p1a: rotomwash|47/100
|-resisted|p1a: rotomwash
|-damage|p1a: rotomwash|36/100
|-hitcount|p1a: rotomwash|2
|
|-heal|p1a: rotomwash|42/100|[from] item: Leftovers
|-heal|p2a: Melmetal|46/100 par|[from] item: Leftovers
|upkeep
|turn|38
|
|t:|1665931341
|move|p1a: rotomwash|Nasty Plot|p1a: rotomwash
|-boost|p1a: rotomwash|spa|2
|move|p2a: Melmetal|Toxic|p1a: rotomwash
|-status|p1a: rotomwash|tox
|
|-heal|p1a: rotomwash|49/100 tox|[from] item: Leftovers
|-heal|p2a: Melmetal|52/100 par|[from] item: Leftovers
|-damage|p1a: rotomwash|42/100 tox|[from] psn
|upkeep
|turn|39
|
|t:|1665931343
|move|p2a: Melmetal|Protect|p2a: Melmetal
|-singleturn|p2a: Melmetal|Protect
|move|p1a: rotomwash|Thunderbolt|p2a: Melmetal
|-activate|p2a: Melmetal|move: Protect
|
|-heal|p1a: rotomwash|49/100 tox|[from] item: Leftovers
|-heal|p2a: Melmetal|58/100 par|[from] item: Leftovers
|-damage|p1a: rotomwash|36/100 tox|[from] psn
|upkeep
|turn|40
|
|t:|1665931347
|move|p1a: rotomwash|Thunderbolt|p2a: Melmetal
|-damage|p2a: Melmetal|0 fnt
|faint|p2a: Melmetal
|
|win|minimax_ai
|raw|minimax_ai's rating: 1408 &rarr; <strong>1427</strong><br />(+19 for winning)
|raw|Pinks1ip's rating: 1394 &rarr; <strong>1375</strong><br />(-19 for losing)
|c|☆minimax_ai|gg
