|j|☆mildine
|j|☆The Last Hero
|player|p1|mildine|170|1826
|player|p2|The Last Hero|acetrainersnow|1859
|teamsize|p1|6
|teamsize|p2|6
|gametype|singles
|gen|8
|tier|[Gen 8] OU
|rated|
|clearpoke
|poke|p1|Starmie|
|poke|p1|Urshifu, M|
|poke|p1|Sandaconda, M|
|poke|p1|Azumarill, M|
|poke|p1|Excadrill, F|
|poke|p1|Mimikyu, F|
|poke|p2|Reuniclus, M|
|poke|p2|Clefable, M|
|poke|p2|Ditto|
|poke|p2|Mandibuzz, F|
|poke|p2|Toxapex, M|
|poke|p2|Excadrill, M|
|rule|Sleep Clause Mod: Limit one foe put to sleep
|rule|Species Clause: Limit one of each Pokémon
|rule|OHKO Clause: OHKO moves are banned
|rule|Evasion Moves Clause: Evasion moves are banned
|rule|Endless Battle Clause: Forcing endless battles is banned
|rule|HP Percentage Mod: HP is shown in percentages
|rule|Dynamax Clause: You cannot dynamax
|teampreview
|
|start
|switch|p1a: Sandaconda|Sandaconda, M|100/100
|switch|p2a: Fabiole|Clefable, M|100/100
|turn|1
|
|move|p1a: Sandaconda|Glare|p2a: Fabiole
|-status|p2a: Fabiole|par
|move|p2a: Fabiole|Calm Mind|p2a: Fabiole
|-boost|p2a: Fabiole|spa|1
|-boost|p2a: Fabiole|spd|1
|
|upkeep
|turn|2
|
|move|p1a: Sandaconda|Earthquake|p2a: Fabiole
|-crit|p2a: Fabiole
|-damage|p2a: Fabiole|45/100 par
|move|p2a: Fabiole|Moonblast|p1a: Sandaconda
|-damage|p1a: Sandaconda|7/100
|-unboost|p1a: Sandaconda|spa|1
|-weather|Sandstorm|[from] ability: Sand Spit|[of] p1a: Sandaconda
|
|-weather|Sandstorm|[upkeep]
|upkeep
|turn|3
|
|move|p1a: Sandaconda|Rock Slide|p2a: Fabiole
|-damage|p2a: Fabiole|25/100 par
|move|p2a: Fabiole|Soft-Boiled|p2a: Fabiole
|-heal|p2a: Fabiole|75/100 par
|
|-weather|Sandstorm|[upkeep]
|upkeep
|turn|4
|
|move|p1a: Sandaconda|Stealth Rock|p2a: Fabiole
|-sidestart|p2: The Last Hero|move: Stealth Rock
|move|p2a: Fabiole|Soft-Boiled|p2a: Fabiole
|-heal|p2a: Fabiole|100/100 par
|
|-weather|Sandstorm|[upkeep]
|upkeep
|turn|5
|
|move|p1a: Sandaconda|Earthquake|p2a: Fabiole
|-damage|p2a: Fabiole|63/100 par
|cant|p2a: Fabiole|par
|
|-weather|Sandstorm|[upkeep]
|upkeep
|turn|6
|
|move|p1a: Sandaconda|Rock Slide|p2a: Fabiole
|-damage|p2a: Fabiole|45/100 par
|cant|p2a: Fabiole|par
|
|-weather|none
|upkeep
|turn|7
|
|move|p1a: Sandaconda|Rock Slide|p2a: Fabiole
|-damage|p2a: Fabiole|27/100 par
|cant|p2a: Fabiole|flinch
|
|upkeep
|turn|8
|
|switch|p2a: Regina|Mandibuzz, F|100/100
|move|p1a: Sandaconda|Earthquake|p2a: Regina
|-immune|p2a: Regina
|
|upkeep
|turn|9
|j| ShellSmashSquirtl
|
|move|p1a: Sandaconda|Glare|p2a: Regina
|-status|p2a: Regina|par
|move|p2a: Regina|Foul Play|p1a: Sandaconda
|-damage|p1a: Sandaconda|0 fnt
|-weather|Sandstorm|[from] ability: Sand Spit|[of] p1a: Sandaconda
|faint|p1a: Sandaconda
|
|-weather|Sandstorm|[upkeep]
|upkeep
|
|switch|p1a: Azumarill|Azumarill, M|100/100
|turn|10
|
|switch|p2a: Trollxapex|Toxapex, M|100/100
|-damage|p2a: Trollxapex|88/100|[from] Stealth Rock
|move|p1a: Azumarill|Belly Drum|p1a: Azumarill
|-damage|p1a: Azumarill|50/100
|-setboost|p1a: Azumarill|atk|6|[from] move: Belly Drum
|-enditem|p1a: Azumarill|Sitrus Berry|[eat]
|-heal|p1a: Azumarill|75/100|[from] item: Sitrus Berry
|
|-weather|Sandstorm|[upkeep]
|-damage|p1a: Azumarill|69/100|[from] Sandstorm
|-damage|p2a: Trollxapex|82/100|[from] Sandstorm
|upkeep
|turn|11
|
|move|p1a: Azumarill|Knock Off|p2a: Trollxapex
|-damage|p2a: Trollxapex|13/100
|move|p2a: Trollxapex|Poison Jab|p1a: Azumarill
|-supereffective|p1a: Azumarill
|-damage|p1a: Azumarill|23/100
|
|-weather|Sandstorm|[upkeep]
|-damage|p1a: Azumarill|17/100|[from] Sandstorm
|-damage|p2a: Trollxapex|7/100|[from] Sandstorm
|upkeep
|turn|12
|
|switch|p2a: Fabiole|Clefable, M|27/100 par
|move|p1a: Azumarill|Knock Off|p2a: Fabiole
|-resisted|p2a: Fabiole
|-crit|p2a: Fabiole
|-damage|p2a: Fabiole|0 fnt
|-enditem|p2a: Fabiole|Life Orb|[from] move: Knock Off|[of] p1a: Azumarill
|faint|p2a: Fabiole
|
|-weather|Sandstorm|[upkeep]
|-damage|p1a: Azumarill|11/100|[from] Sandstorm
|upkeep
|
|switch|p2a: Dittroll|Ditto|100/100
|-damage|p2a: Dittroll|88/100|[from] Stealth Rock
|-transform|p2a: Dittroll|p1a: Azumarill|[from] ability: Imposter
|turn|13
|
|move|p2a: Dittroll|Aqua Jet|p1a: Azumarill
|-resisted|p1a: Azumarill
|-damage|p1a: Azumarill|0 fnt
|faint|p1a: Azumarill
|
|-weather|none
|upkeep
|j| the hunterr
|inactive|Battle timer is ON: inactive players will automatically lose when time's up. (requested by The Last Hero)
|l| the hunterr
|
|switch|p1a: Starmie|Starmie|100/100
|turn|14
|j| seven starsss
|
|switch|p2a: Sexcadrill|Excadrill, M|100/100
|-damage|p2a: Sexcadrill|97/100|[from] Stealth Rock
|-ability|p2a: Sexcadrill|Mold Breaker
|move|p1a: Starmie|Hydro Pump|p2a: Sexcadrill
|-supereffective|p2a: Sexcadrill
|-damage|p2a: Sexcadrill|0 fnt
|faint|p2a: Sexcadrill
|
|upkeep
|
|switch|p2a: Trollxapex|Toxapex, M|41/100
|-damage|p2a: Trollxapex|29/100|[from] Stealth Rock
|turn|15
|
|switch|p2a: Psicopata|Reuniclus, M|100/100
|move|p1a: Starmie|Hydro Pump|p2a: Psicopata|[miss]
|-miss|p1a: Starmie|p2a: Psicopata
|
|upkeep
|turn|16
|
|switch|p2a: Trollxapex|Toxapex, M|62/100
|-damage|p2a: Trollxapex|50/100|[from] Stealth Rock
|move|p1a: Starmie|Hydro Pump|p2a: Trollxapex
|-resisted|p2a: Trollxapex
|-damage|p2a: Trollxapex|10/100
|
|upkeep
|turn|17
|j| shiduixinhao
|
|switch|p2a: Psicopata|Reuniclus, M|100/100
|move|p1a: Starmie|Hydro Pump|p2a: Psicopata
|-damage|p2a: Psicopata|10/100
|
|-heal|p2a: Psicopata|17/100|[from] item: Leftovers
|upkeep
|turn|18
|
|move|p1a: Starmie|Hydro Pump|p2a: Psicopata
|-damage|p2a: Psicopata|0 fnt
|faint|p2a: Psicopata
|
|upkeep
|
|switch|p2a: Regina|Mandibuzz, F|100/100 par
|turn|19
|
|move|p1a: Starmie|Hydro Pump|p2a: Regina
|-damage|p2a: Regina|51/100 par
|move|p2a: Regina|Defog|p1a: Starmie
|-unboost|p1a: Starmie|evasion|1
|-sideend|p2: The Last Hero|Stealth Rock|[from] move: Defog|[of] p2a: Regina
|
|upkeep
|turn|20
|
|move|p1a: Starmie|Hydro Pump|p2a: Regina
|-crit|p2a: Regina
|-damage|p2a: Regina|0 fnt
|faint|p2a: Regina
|
|upkeep
|
|switch|p2a: Trollxapex|Toxapex, M|43/100
|turn|21
|
|switch|p1a: Urshifu|Urshifu, M|100/100
|move|p2a: Trollxapex|Recover|p2a: Trollxapex
|-heal|p2a: Trollxapex|94/100
|
|upkeep
|turn|22
|
|move|p1a: Urshifu|Wicked Blow|p2a: Trollxapex
|-crit|p2a: Trollxapex
|-damage|p2a: Trollxapex|32/100
|move|p2a: Trollxapex|Recover|p2a: Trollxapex
|-heal|p2a: Trollxapex|82/100
|
|upkeep
|turn|23
|
|switch|p2a: Dittroll|Ditto|88/100
|-transform|p2a: Dittroll|p1a: Urshifu|[from] ability: Imposter
|move|p1a: Urshifu|Wicked Blow|p2a: Dittroll
|-resisted|p2a: Dittroll
|-crit|p2a: Dittroll
|-damage|p2a: Dittroll|61/100
|
|upkeep
|turn|24
|
|switch|p1a: Mimikyu|Mimikyu, F|100/100
|move|p2a: Dittroll|Wicked Blow|p1a: Mimikyu
|-activate|p1a: Mimikyu|ability: Disguise
|-damage|p1a: Mimikyu|100/100
|detailschange|p1a: Mimikyu|Mimikyu-Busted, F
|-damage|p1a: Mimikyu|88/100|[from] pokemon: Mimikyu-Busted
|
|upkeep
|turn|25
|j| El famoso S
|inactive|The Last Hero has 120 seconds left.
|
|switch|p1a: Urshifu|Urshifu, M|100/100
|move|p2a: Dittroll|Wicked Blow|p1a: Urshifu
|-resisted|p1a: Urshifu
|-crit|p1a: Urshifu
|-damage|p1a: Urshifu|84/100
|
|upkeep
|turn|26
|j| Shimeon91
|j| tapu moxo
|
|switch|p2a: Trollxapex|Toxapex, M|100/100
|move|p1a: Urshifu|U-turn|p2a: Trollxapex
|-resisted|p2a: Trollxapex
|-damage|p2a: Trollxapex|90/100
|l| shiduixinhao
|l| Shimeon91
|
|switch|p1a: Starmie|Starmie|100/100|[from]move: U-turn
|
|upkeep
|turn|27
|j| shiduixinhao
|
|move|p1a: Starmie|Psychic|p2a: Trollxapex
|-supereffective|p2a: Trollxapex
|-damage|p2a: Trollxapex|1/100
|move|p2a: Trollxapex|Knock Off|p1a: Starmie
|-supereffective|p1a: Starmie
|-damage|p1a: Starmie|50/100
|-enditem|p1a: Starmie|Choice Specs|[from] move: Knock Off|[of] p2a: Trollxapex
|
|upkeep
|turn|28
|l| shiduixinhao
|j| 1v1ers
|
|move|p1a: Starmie|Psychic|p2a: Trollxapex
|-supereffective|p2a: Trollxapex
|-damage|p2a: Trollxapex|0 fnt
|faint|p2a: Trollxapex
|
|upkeep
|l| tapu moxo
|
|switch|p2a: Dittroll|Ditto|61/100
|-transform|p2a: Dittroll|p1a: Starmie|[from] ability: Imposter
|turn|29
|
|move|p2a: Dittroll|Hydro Pump|p1a: Starmie
|-resisted|p1a: Starmie
|-damage|p1a: Starmie|17/100
|move|p1a: Starmie|Hydro Pump|p2a: Dittroll
|-resisted|p2a: Dittroll
|-damage|p2a: Dittroll|18/100
|
|upkeep
|turn|30
|
|move|p2a: Dittroll|Hydro Pump|p1a: Starmie
|-resisted|p1a: Starmie
|-crit|p1a: Starmie
|-damage|p1a: Starmie|0 fnt
|faint|p1a: Starmie
|
|upkeep
|j| Coronavirus EUW
|
|switch|p1a: Mimikyu|Mimikyu-Busted, F|88/100
|turn|31
|
|move|p1a: Mimikyu|Shadow Sneak|p2a: Dittroll
|-supereffective|p2a: Dittroll
|-damage|p2a: Dittroll|0 fnt
|-damage|p1a: Mimikyu|78/100|[from] item: Life Orb
|faint|p2a: Dittroll
|
|win|mildine
|l|☆The Last Hero
|raw|mildine's rating: 1826 &rarr; <strong>1848</strong><br />(+22 for winning)
|raw|The Last Hero's rating: 1859 &rarr; <strong>1837</strong><br />(-22 for losing)
