|raw|<div class="broadcast-blue"><strong>This battle is required to be public due to a player having a name starting with 'lt81yl'.</div>
|j|☆LT81YL Weezing
|j|☆4funaccount
|t:|1625218998
|gametype|singles
|player|p1|LT81YL Weezing|2|1645
|player|p2|4funaccount|unknownf|1658
|teamsize|p1|6
|teamsize|p2|6
|gen|8
|tier|[Gen 8] OU
|rated|
|rule|Sleep Clause Mod: Limit one foe put to sleep
|rule|Species Clause: Limit one of each Pokémon
|rule|OHKO Clause: OHKO moves are banned
|rule|Evasion Moves Clause: Evasion moves are banned
|rule|Endless Battle Clause: Forcing endless battles is banned
|rule|HP Percentage Mod: HP is shown in percentages
|rule|Dynamax Clause: You cannot dynamax
|clearpoke
|poke|p1|Shedinja|
|poke|p1|Blissey, F|
|poke|p1|Toxapex, F|
|poke|p1|Clefable, M|
|poke|p1|Corviknight, M|
|poke|p1|Ditto|
|poke|p2|Toxapex, M|
|poke|p2|Garchomp, M|
|poke|p2|Excadrill, F|
|poke|p2|Tyranitar, F|
|poke|p2|Skarmory, F|
|poke|p2|Clefable, F|
|teampreview
|
|t:|1625219021
|start
|switch|p1a: Save Time & FF|Toxapex, F|100/100
|switch|p2a: Toxapex|Toxapex, M|100/100
|turn|1
|
|t:|1625219026
|move|p2a: Toxapex|Scald|p1a: Save Time & FF
|-resisted|p1a: Save Time & FF
|-damage|p1a: Save Time & FF|95/100
|move|p1a: Save Time & FF|Knock Off|p2a: Toxapex
|-damage|p2a: Toxapex|91/100
|-enditem|p2a: Toxapex|Black Sludge|[from] move: Knock Off|[of] p1a: Save Time & FF
|
|upkeep
|turn|2
|
|t:|1625219036
|move|p2a: Toxapex|Scald|p1a: Save Time & FF
|-resisted|p1a: Save Time & FF
|-damage|p1a: Save Time & FF|90/100
|-status|p1a: Save Time & FF|brn
|move|p1a: Save Time & FF|Scald|p2a: Toxapex
|-resisted|p2a: Toxapex
|-damage|p2a: Toxapex|85/100
|
|-damage|p1a: Save Time & FF|84/100 brn|[from] brn
|upkeep
|turn|3
|
|t:|1625219039
|move|p2a: Toxapex|Knock Off|p1a: Save Time & FF
|-damage|p1a: Save Time & FF|73/100 brn
|-enditem|p1a: Save Time & FF|Shed Shell|[from] move: Knock Off|[of] p2a: Toxapex
|move|p1a: Save Time & FF|Scald|p2a: Toxapex
|-resisted|p2a: Toxapex
|-damage|p2a: Toxapex|78/100
|-status|p2a: Toxapex|brn
|
|-damage|p2a: Toxapex|72/100 brn|[from] brn
|-damage|p1a: Save Time & FF|67/100 brn|[from] brn
|upkeep
|turn|4
|
|t:|1625219047
|move|p2a: Toxapex|Toxic Spikes|p1a: Save Time & FF
|-sidestart|p1: LT81YL Weezing|move: Toxic Spikes
|move|p1a: Save Time & FF|Recover|p1a: Save Time & FF
|-heal|p1a: Save Time & FF|100/100 brn
|
|-damage|p2a: Toxapex|66/100 brn|[from] brn
|-damage|p1a: Save Time & FF|95/100 brn|[from] brn
|upkeep
|turn|5
|
|t:|1625219055
|move|p2a: Toxapex|Knock Off|p1a: Save Time & FF
|-damage|p1a: Save Time & FF|91/100 brn
|move|p1a: Save Time & FF|Knock Off|p2a: Toxapex
|-damage|p2a: Toxapex|62/100 brn
|
|-damage|p2a: Toxapex|56/100 brn|[from] brn
|-damage|p1a: Save Time & FF|85/100 brn|[from] brn
|upkeep
|turn|6
|
|t:|1625219060
|move|p2a: Toxapex|Knock Off|p1a: Save Time & FF
|-damage|p1a: Save Time & FF|82/100 brn
|move|p1a: Save Time & FF|Knock Off|p2a: Toxapex
|-damage|p2a: Toxapex|52/100 brn
|
|-damage|p2a: Toxapex|46/100 brn|[from] brn
|-damage|p1a: Save Time & FF|76/100 brn|[from] brn
|upkeep
|turn|7
|
|t:|1625219062
|move|p2a: Toxapex|Recover|p2a: Toxapex
|-heal|p2a: Toxapex|96/100 brn
|move|p1a: Save Time & FF|Knock Off|p2a: Toxapex
|-damage|p2a: Toxapex|93/100 brn
|
|-damage|p2a: Toxapex|87/100 brn|[from] brn
|-damage|p1a: Save Time & FF|70/100 brn|[from] brn
|upkeep
|turn|8
|
|t:|1625219066
|move|p2a: Toxapex|Toxic Spikes|p1a: Save Time & FF
|-sidestart|p1: LT81YL Weezing|move: Toxic Spikes
|move|p1a: Save Time & FF|Knock Off|p2a: Toxapex
|-damage|p2a: Toxapex|83/100 brn
|
|-damage|p2a: Toxapex|77/100 brn|[from] brn
|-damage|p1a: Save Time & FF|65/100 brn|[from] brn
|upkeep
|turn|9
|
|t:|1625219073
|move|p2a: Toxapex|Knock Off|p1a: Save Time & FF
|-damage|p1a: Save Time & FF|61/100 brn
|move|p1a: Save Time & FF|Knock Off|p2a: Toxapex
|-damage|p2a: Toxapex|74/100 brn
|
|-damage|p2a: Toxapex|68/100 brn|[from] brn
|-damage|p1a: Save Time & FF|55/100 brn|[from] brn
|upkeep
|turn|10
|
|t:|1625219079
|move|p2a: Toxapex|Knock Off|p1a: Save Time & FF
|-damage|p1a: Save Time & FF|52/100 brn
|move|p1a: Save Time & FF|Knock Off|p2a: Toxapex
|-damage|p2a: Toxapex|64/100 brn
|
|-damage|p2a: Toxapex|58/100 brn|[from] brn
|-damage|p1a: Save Time & FF|46/100 brn|[from] brn
|upkeep
|turn|11
|
|t:|1625219083
|move|p2a: Toxapex|Knock Off|p1a: Save Time & FF
|-damage|p1a: Save Time & FF|42/100 brn
|move|p1a: Save Time & FF|Knock Off|p2a: Toxapex
|-crit|p2a: Toxapex
|-damage|p2a: Toxapex|53/100 brn
|
|-damage|p2a: Toxapex|47/100 brn|[from] brn
|-damage|p1a: Save Time & FF|36/100 brn|[from] brn
|upkeep
|turn|12
|
|t:|1625219091
|move|p2a: Toxapex|Recover|p2a: Toxapex
|-heal|p2a: Toxapex|97/100 brn
|move|p1a: Save Time & FF|Knock Off|p2a: Toxapex
|-damage|p2a: Toxapex|94/100 brn
|
|-damage|p2a: Toxapex|88/100 brn|[from] brn
|-damage|p1a: Save Time & FF|31/100 brn|[from] brn
|upkeep
|turn|13
|
|t:|1625219098
|move|p2a: Toxapex|Scald|p1a: Save Time & FF
|-resisted|p1a: Save Time & FF
|-damage|p1a: Save Time & FF|25/100 brn
|move|p1a: Save Time & FF|Knock Off|p2a: Toxapex
|-damage|p2a: Toxapex|85/100 brn
|
|-damage|p2a: Toxapex|78/100 brn|[from] brn
|-damage|p1a: Save Time & FF|19/100 brn|[from] brn
|upkeep
|turn|14
|
|t:|1625219106
|switch|p2a: Garchomp|Garchomp, M|100/100
|move|p1a: Save Time & FF|Recover|p1a: Save Time & FF
|-heal|p1a: Save Time & FF|69/100 brn
|
|-damage|p1a: Save Time & FF|63/100 brn|[from] brn
|upkeep
|turn|15
|
|t:|1625219113
|switch|p1a: You Can't Win|Corviknight, M|100/100
|-ability|p1a: You Can't Win|Pressure
|move|p2a: Garchomp|Swords Dance|p2a: Garchomp
|-boost|p2a: Garchomp|atk|2
|
|upkeep
|turn|16
|
|t:|1625219123
|switch|p1a: Save Time & FF|Toxapex, F|97/100 brn
|-sideend|p1: LT81YL Weezing|move: Toxic Spikes|[of] p1a: Save Time & FF
|move|p2a: Garchomp|Fire Fang|p1a: Save Time & FF
|-resisted|p1a: Save Time & FF
|-damage|p1a: Save Time & FF|81/100 brn
|
|-damage|p1a: Save Time & FF|75/100 brn|[from] brn
|upkeep
|turn|17
|
|t:|1625219150
|switch|p1a: You Can't Win|Corviknight, M|100/100
|-ability|p1a: You Can't Win|Pressure
|move|p2a: Garchomp|Earthquake|p1a: You Can't Win
|-immune|p1a: You Can't Win
|
|upkeep
|turn|18
|
|t:|1625219153
|switch|p1a: Playing Is Useless|Clefable, M|100/100
|move|p2a: Garchomp|Fire Fang|p1a: Playing Is Useless
|-damage|p1a: Playing Is Useless|83/100
|
|-heal|p1a: Playing Is Useless|89/100|[from] item: Leftovers
|upkeep
|turn|19
|j| nyanPls
|
|t:|1625219160
|switch|p2a: Toxapex|Toxapex, M|100/100 brn
|move|p1a: Playing Is Useless|Moonblast|p2a: Toxapex
|-resisted|p2a: Toxapex
|-damage|p2a: Toxapex|89/100 brn
|
|-heal|p1a: Playing Is Useless|95/100|[from] item: Leftovers
|-damage|p2a: Toxapex|83/100 brn|[from] brn
|upkeep
|turn|20
|
|t:|1625219168
|switch|p1a: Save Time & FF|Toxapex, F|100/100 brn
|move|p2a: Toxapex|Toxic Spikes|p1a: Save Time & FF
|-sidestart|p1: LT81YL Weezing|move: Toxic Spikes
|
|-damage|p2a: Toxapex|77/100 brn|[from] brn
|-damage|p1a: Save Time & FF|95/100 brn|[from] brn
|upkeep
|turn|21
|
|t:|1625219172
|move|p2a: Toxapex|Toxic Spikes|p1a: Save Time & FF
|-sidestart|p1: LT81YL Weezing|move: Toxic Spikes
|move|p1a: Save Time & FF|Knock Off|p2a: Toxapex
|-damage|p2a: Toxapex|74/100 brn
|
|-damage|p2a: Toxapex|67/100 brn|[from] brn
|-damage|p1a: Save Time & FF|89/100 brn|[from] brn
|upkeep
|turn|22
|
|t:|1625219178
|move|p2a: Toxapex|Knock Off|p1a: Save Time & FF
|-damage|p1a: Save Time & FF|85/100 brn
|move|p1a: Save Time & FF|Scald|p2a: Toxapex
|-resisted|p2a: Toxapex
|-damage|p2a: Toxapex|61/100 brn
|
|-damage|p2a: Toxapex|55/100 brn|[from] brn
|-damage|p1a: Save Time & FF|79/100 brn|[from] brn
|upkeep
|turn|23
|
|t:|1625219186
|move|p2a: Toxapex|Knock Off|p1a: Save Time & FF
|-damage|p1a: Save Time & FF|76/100 brn
|move|p1a: Save Time & FF|Knock Off|p2a: Toxapex
|-damage|p2a: Toxapex|52/100 brn
|
|-damage|p2a: Toxapex|46/100 brn|[from] brn
|-damage|p1a: Save Time & FF|70/100 brn|[from] brn
|upkeep
|turn|24
|
|t:|1625219191
|move|p2a: Toxapex|Recover|p2a: Toxapex
|-heal|p2a: Toxapex|96/100 brn
|move|p1a: Save Time & FF|Scald|p2a: Toxapex
|-resisted|p2a: Toxapex
|-damage|p2a: Toxapex|89/100 brn
|
|-damage|p2a: Toxapex|82/100 brn|[from] brn
|-damage|p1a: Save Time & FF|64/100 brn|[from] brn
|upkeep
|turn|25
|l| nyanPls
|
|t:|1625219198
|move|p2a: Toxapex|Knock Off|p1a: Save Time & FF
|-damage|p1a: Save Time & FF|61/100 brn
|move|p1a: Save Time & FF|Recover|p1a: Save Time & FF
|-heal|p1a: Save Time & FF|100/100 brn
|
|-damage|p2a: Toxapex|76/100 brn|[from] brn
|-damage|p1a: Save Time & FF|95/100 brn|[from] brn
|upkeep
|turn|26
|
|t:|1625219204
|move|p2a: Toxapex|Toxic Spikes||[still]
|-fail|p2a: Toxapex
|move|p1a: Save Time & FF|Knock Off|p2a: Toxapex
|-damage|p2a: Toxapex|73/100 brn
|
|-damage|p2a: Toxapex|66/100 brn|[from] brn
|-damage|p1a: Save Time & FF|89/100 brn|[from] brn
|upkeep
|turn|27
|
|t:|1625219216
|switch|p1a: YouShouldOfferdraw|Ditto, shiny|100/100
|-transform|p1a: YouShouldOfferdraw|p2a: Toxapex|[from] ability: Imposter
|-item|p1a: YouShouldOfferdraw|Air Balloon
|move|p2a: Toxapex|Knock Off|p1a: YouShouldOfferdraw
|-damage|p1a: YouShouldOfferdraw|95/100
|-enditem|p1a: YouShouldOfferdraw|Air Balloon
|
|-damage|p2a: Toxapex|60/100 brn|[from] brn
|upkeep
|turn|28
|
|t:|1625219225
|switch|p1a: Save Time & FF|Toxapex, F|100/100 brn
|-sideend|p1: LT81YL Weezing|move: Toxic Spikes|[of] p1a: Save Time & FF
|move|p2a: Toxapex|Scald|p1a: Save Time & FF
|-resisted|p1a: Save Time & FF
|-damage|p1a: Save Time & FF|95/100 brn
|
|-damage|p2a: Toxapex|54/100 brn|[from] brn
|-damage|p1a: Save Time & FF|89/100 brn|[from] brn
|upkeep
|turn|29
|
|t:|1625219230
|switch|p1a: YouShouldOfferdraw|Ditto, shiny|100/100
|-transform|p1a: YouShouldOfferdraw|p2a: Toxapex|[from] ability: Imposter
|move|p2a: Toxapex|Toxic Spikes|p1a: YouShouldOfferdraw
|-sidestart|p1: LT81YL Weezing|move: Toxic Spikes
|
|-damage|p2a: Toxapex|48/100 brn|[from] brn
|upkeep
|turn|30
|
|t:|1625219238
|switch|p1a: Save Time & FF|Toxapex, F|100/100 brn
|-sideend|p1: LT81YL Weezing|move: Toxic Spikes|[of] p1a: Save Time & FF
|move|p2a: Toxapex|Recover|p2a: Toxapex
|-heal|p2a: Toxapex|98/100 brn
|
|-damage|p2a: Toxapex|91/100 brn|[from] brn
|-damage|p1a: Save Time & FF|95/100 brn|[from] brn
|upkeep
|turn|31
|
|t:|1625219243
|switch|p1a: YouShouldOfferdraw|Ditto, shiny|100/100
|-transform|p1a: YouShouldOfferdraw|p2a: Toxapex|[from] ability: Imposter
|move|p2a: Toxapex|Scald|p1a: YouShouldOfferdraw
|-resisted|p1a: YouShouldOfferdraw
|-damage|p1a: YouShouldOfferdraw|95/100
|
|-damage|p2a: Toxapex|85/100 brn|[from] brn
|upkeep
|turn|32
|
|t:|1625219251
|switch|p1a: Save Time & FF|Toxapex, F|100/100 brn
|move|p2a: Toxapex|Toxic Spikes|p1a: Save Time & FF
|-sidestart|p1: LT81YL Weezing|move: Toxic Spikes
|
|-damage|p2a: Toxapex|79/100 brn|[from] brn
|-damage|p1a: Save Time & FF|95/100 brn|[from] brn
|upkeep
|turn|33
|
|t:|1625219282
|move|p2a: Toxapex|Knock Off|p1a: Save Time & FF
|-damage|p1a: Save Time & FF|91/100 brn
|move|p1a: Save Time & FF|Knock Off|p2a: Toxapex
|-damage|p2a: Toxapex|75/100 brn
|
|-damage|p2a: Toxapex|69/100 brn|[from] brn
|-damage|p1a: Save Time & FF|85/100 brn|[from] brn
|upkeep
|turn|34
|
|t:|1625219289
|switch|p1a: YouShouldOfferdraw|Ditto, shiny|100/100
|-status|p1a: YouShouldOfferdraw|psn
|-transform|p1a: YouShouldOfferdraw|p2a: Toxapex|[from] ability: Imposter
|move|p2a: Toxapex|Toxic Spikes|p1a: YouShouldOfferdraw
|-sidestart|p1: LT81YL Weezing|move: Toxic Spikes
|
|-damage|p1a: YouShouldOfferdraw|88/100 psn|[from] psn
|-damage|p2a: Toxapex|63/100 brn|[from] brn
|upkeep
|turn|35
|
|t:|1625219299
|move|p1a: YouShouldOfferdraw|Toxic Spikes|p2a: Toxapex
|-sidestart|p2: 4funaccount|move: Toxic Spikes
|move|p2a: Toxapex|Knock Off|p1a: YouShouldOfferdraw
|-damage|p1a: YouShouldOfferdraw|85/100 psn
|
|-damage|p1a: YouShouldOfferdraw|72/100 psn|[from] psn
|-damage|p2a: Toxapex|56/100 brn|[from] brn
|upkeep
|turn|36
|
|t:|1625219308
|move|p1a: YouShouldOfferdraw|Recover|p1a: YouShouldOfferdraw
|-heal|p1a: YouShouldOfferdraw|100/100 psn
|move|p2a: Toxapex|Recover|p2a: Toxapex
|-heal|p2a: Toxapex|100/100 brn
|
|-damage|p1a: YouShouldOfferdraw|88/100 psn|[from] psn
|-damage|p2a: Toxapex|94/100 brn|[from] brn
|upkeep
|turn|37
|
|t:|1625219311
|move|p1a: YouShouldOfferdraw|Knock Off|p2a: Toxapex
|-damage|p2a: Toxapex|87/100 brn
|move|p2a: Toxapex|Toxic Spikes||[still]
|-fail|p2a: Toxapex
|
|-damage|p1a: YouShouldOfferdraw|76/100 psn|[from] psn
|-damage|p2a: Toxapex|81/100 brn|[from] brn
|upkeep
|turn|38
|
|t:|1625219313
|move|p1a: YouShouldOfferdraw|Recover|p1a: YouShouldOfferdraw
|-heal|p1a: YouShouldOfferdraw|100/100 psn
|move|p2a: Toxapex|Toxic Spikes||[still]
|-fail|p2a: Toxapex
|
|-damage|p1a: YouShouldOfferdraw|88/100 psn|[from] psn
|-damage|p2a: Toxapex|75/100 brn|[from] brn
|upkeep
|turn|39
|
|t:|1625219316
|move|p1a: YouShouldOfferdraw|Knock Off|p2a: Toxapex
|-damage|p2a: Toxapex|68/100 brn
|move|p2a: Toxapex|Toxic Spikes||[still]
|-fail|p2a: Toxapex
|
|-damage|p1a: YouShouldOfferdraw|76/100 psn|[from] psn
|-damage|p2a: Toxapex|62/100 brn|[from] brn
|upkeep
|turn|40
|
|t:|1625219321
|switch|p2a: Clefable|Clefable, F, shiny|100/100
|-status|p2a: Clefable|psn
|move|p1a: YouShouldOfferdraw|Recover|p1a: YouShouldOfferdraw
|-heal|p1a: YouShouldOfferdraw|100/100 psn
|
|-damage|p1a: YouShouldOfferdraw|88/100 psn|[from] psn
|upkeep
|turn|41
|
|t:|1625219329
|switch|p2a: Toxapex|Toxapex, M|95/100 brn
|-sideend|p2: 4funaccount|move: Toxic Spikes|[of] p2a: Toxapex
|switch|p1a: Save Time & FF|Toxapex, F|100/100 brn
|-sideend|p1: LT81YL Weezing|move: Toxic Spikes|[of] p1a: Save Time & FF
|
|-damage|p2a: Toxapex|89/100 brn|[from] brn
|-damage|p1a: Save Time & FF|95/100 brn|[from] brn
|upkeep
|turn|42
|
|t:|1625219335
|switch|p1a: YouShouldOfferdraw|Ditto, shiny|100/100 psn
|-transform|p1a: YouShouldOfferdraw|p2a: Toxapex|[from] ability: Imposter
|move|p2a: Toxapex|Toxic Spikes|p1a: YouShouldOfferdraw
|-sidestart|p1: LT81YL Weezing|move: Toxic Spikes
|
|-damage|p1a: YouShouldOfferdraw|88/100 psn|[from] psn
|-damage|p2a: Toxapex|83/100 brn|[from] brn
|upkeep
|turn|43
|
|t:|1625219349
|switch|p2a: Clefable|Clefable, F, shiny|100/100 psn
|move|p1a: YouShouldOfferdraw|Knock Off|p2a: Clefable
|-resisted|p2a: Clefable
|-damage|p2a: Clefable|95/100 psn
|-enditem|p2a: Clefable|Life Orb|[from] move: Knock Off|[of] p1a: YouShouldOfferdraw
|
|-damage|p1a: YouShouldOfferdraw|76/100 psn|[from] psn
|upkeep
|turn|44
|
|t:|1625219360
|switch|p1a: Save Time & FF|Toxapex, F|100/100 brn
|-sideend|p1: LT81YL Weezing|move: Toxic Spikes|[of] p1a: Save Time & FF
|move|p2a: Clefable|Calm Mind|p2a: Clefable
|-boost|p2a: Clefable|spa|1
|-boost|p2a: Clefable|spd|1
|
|-damage|p1a: Save Time & FF|95/100 brn|[from] brn
|upkeep
|turn|45
|
|t:|1625219371
|switch|p1a: Playing Is Useless|Clefable, M|95/100
|move|p2a: Clefable|Calm Mind|p2a: Clefable
|-boost|p2a: Clefable|spa|1
|-boost|p2a: Clefable|spd|1
|
|-heal|p1a: Playing Is Useless|100/100|[from] item: Leftovers
|upkeep
|turn|46
|
|t:|1625219380
|move|p2a: Clefable|Moonblast|p1a: Playing Is Useless
|-damage|p1a: Playing Is Useless|69/100
|move|p1a: Playing Is Useless|Calm Mind|p1a: Playing Is Useless
|-boost|p1a: Playing Is Useless|spa|1
|-boost|p1a: Playing Is Useless|spd|1
|
|-heal|p1a: Playing Is Useless|75/100|[from] item: Leftovers
|upkeep
|turn|47
|
|t:|1625219390
|switch|p2a: Excadrill|Excadrill, F, shiny|100/100
|move|p1a: Playing Is Useless|Aromatherapy|p1a: Playing Is Useless
|-activate|p1a: Playing Is Useless|move: Aromatherapy
|-curestatus|p1: Save Time & FF|brn|[msg]
|-curestatus|p1: YouShouldOfferdraw|psn|[msg]
|
|-heal|p1a: Playing Is Useless|81/100|[from] item: Leftovers
|upkeep
|turn|48
|
|t:|1625219404
|switch|p2a: Skarmory|Skarmory, F, shiny|100/100
|switch|p1a: You Can't Win|Corviknight, M|100/100
|-ability|p1a: You Can't Win|Pressure
|
|upkeep
|turn|49
|
|t:|1625219414
|switch|p1a: YouShouldOfferdraw|Ditto, shiny|100/100
|-transform|p1a: YouShouldOfferdraw|p2a: Skarmory|[from] ability: Imposter
|move|p2a: Skarmory|Spikes|p1a: YouShouldOfferdraw
|-sidestart|p1: LT81YL Weezing|Spikes
|
|upkeep
|turn|50
|
|t:|1625219423
|move|p2a: Skarmory|Body Press|p1a: YouShouldOfferdraw
|-damage|p1a: YouShouldOfferdraw|80/100
|move|p1a: YouShouldOfferdraw|Spikes|p2a: Skarmory
|-sidestart|p2: 4funaccount|Spikes
|
|upkeep
|turn|51
|
|t:|1625219428
|move|p2a: Skarmory|Spikes|p1a: YouShouldOfferdraw
|-sidestart|p1: LT81YL Weezing|Spikes
|move|p1a: YouShouldOfferdraw|Spikes|p2a: Skarmory
|-sidestart|p2: 4funaccount|Spikes
|
|upkeep
|turn|52
|
|t:|1625219438
|move|p2a: Skarmory|Spikes|p1a: YouShouldOfferdraw
|-sidestart|p1: LT81YL Weezing|Spikes
|move|p1a: YouShouldOfferdraw|Spikes|p2a: Skarmory
|-sidestart|p2: 4funaccount|Spikes
|
|upkeep
|turn|53
|
|t:|1625219443
|switch|p2a: Toxapex|Toxapex, M|100/100 brn
|-damage|p2a: Toxapex|75/100 brn|[from] Spikes
|move|p1a: YouShouldOfferdraw|Iron Defense|p1a: YouShouldOfferdraw
|-boost|p1a: YouShouldOfferdraw|def|2
|
|-damage|p2a: Toxapex|69/100 brn|[from] brn
|upkeep
|turn|54
|
|t:|1625219455
|switch|p1a: Save Time & FF|Toxapex, F|100/100
|-damage|p1a: Save Time & FF|76/100|[from] Spikes
|move|p2a: Toxapex|Toxic Spikes|p1a: Save Time & FF
|-sidestart|p1: LT81YL Weezing|move: Toxic Spikes
|
|-damage|p2a: Toxapex|63/100 brn|[from] brn
|upkeep
|turn|55
|
|t:|1625219470
|switch|p2a: Clefable|Clefable, F, shiny|95/100 psn
|switch|p1a: You Can't Win|Corviknight, M|100/100
|-ability|p1a: You Can't Win|Pressure
|
|upkeep
|turn|56
|
|t:|1625219484
|switch|p1a: Don't Even Try|Blissey, F|100/100
|switch|p2a: Skarmory|Skarmory, F, shiny|100/100
|
|upkeep
|turn|57
|
|t:|1625219493
|switch|p1a: Save Time & FF|Toxapex, F|100/100
|-sideend|p1: LT81YL Weezing|move: Toxic Spikes|[of] p1a: Save Time & FF
|-damage|p1a: Save Time & FF|76/100|[from] Spikes
|move|p2a: Skarmory|Iron Defense|p2a: Skarmory
|-boost|p2a: Skarmory|def|2
|
|upkeep
|turn|58
|
|t:|1625219500
|switch|p2a: Clefable|Clefable, F, shiny|95/100 psn
|move|p1a: Save Time & FF|Scald|p2a: Clefable
|-damage|p2a: Clefable|77/100 psn
|
|upkeep
|turn|59
|
|t:|1625219505
|switch|p1a: Don't Even Try|Blissey, F|100/100
|move|p2a: Clefable|Moonblast|p1a: Don't Even Try
|-damage|p1a: Don't Even Try|90/100
|
|upkeep
|turn|60
|
|t:|1625219515
|move|p2a: Clefable|Calm Mind|p2a: Clefable
|-boost|p2a: Clefable|spa|1
|-boost|p2a: Clefable|spd|1
|move|p1a: Don't Even Try|Seismic Toss|p2a: Clefable
|-damage|p2a: Clefable|51/100 psn
|
|upkeep
|turn|61
|
|t:|1625219518
|move|p2a: Clefable|Soft-Boiled|p2a: Clefable
|-heal|p2a: Clefable|100/100 psn
|move|p1a: Don't Even Try|Stealth Rock|p2a: Clefable
|-sidestart|p2: 4funaccount|move: Stealth Rock
|
|upkeep
|turn|62
|
|t:|1625219524
|move|p2a: Clefable|Moonblast|p1a: Don't Even Try
|-damage|p1a: Don't Even Try|74/100
|move|p1a: Don't Even Try|Teleport|p1a: Don't Even Try
|
|t:|1625219530
|switch|p1a: Playing Is Useless|Clefable, M|81/100|[from]move: Teleport
|-damage|p1a: Playing Is Useless|57/100|[from] Spikes
|
|-heal|p1a: Playing Is Useless|63/100|[from] item: Leftovers
|upkeep
|turn|63
|
|t:|1625219540
|move|p2a: Clefable|Moonblast|p1a: Playing Is Useless
|-damage|p1a: Playing Is Useless|33/100
|-unboost|p1a: Playing Is Useless|spa|1
|move|p1a: Playing Is Useless|Soft-Boiled|p1a: Playing Is Useless
|-heal|p1a: Playing Is Useless|83/100
|
|-heal|p1a: Playing Is Useless|89/100|[from] item: Leftovers
|upkeep
|turn|64
|
|t:|1625219547
|move|p2a: Clefable|Moonblast|p1a: Playing Is Useless
|-damage|p1a: Playing Is Useless|59/100
|-unboost|p1a: Playing Is Useless|spa|1
|move|p1a: Playing Is Useless|Calm Mind|p1a: Playing Is Useless
|-boost|p1a: Playing Is Useless|spa|1
|-boost|p1a: Playing Is Useless|spd|1
|
|-heal|p1a: Playing Is Useless|65/100|[from] item: Leftovers
|upkeep
|turn|65
|
|t:|1625219552
|switch|p2a: Excadrill|Excadrill, F, shiny|100/100
|-damage|p2a: Excadrill|76/100|[from] Spikes
|-damage|p2a: Excadrill|73/100|[from] Stealth Rock
|move|p1a: Playing Is Useless|Soft-Boiled|p1a: Playing Is Useless
|-heal|p1a: Playing Is Useless|100/100
|
|-heal|p2a: Excadrill|79/100|[from] item: Leftovers
|upkeep
|turn|66
|
|t:|1625219564
|switch|p1a: Go To Turn 1000|Shedinja|100/100
|move|p2a: Excadrill|Rapid Spin|p1a: Go To Turn 1000
|-immune|p1a: Go To Turn 1000|[from] ability: Wonder Guard
|
|-heal|p2a: Excadrill|85/100|[from] item: Leftovers
|upkeep
|turn|67
|
|t:|1625219571
|switch|p1a: You Can't Win|Corviknight, M|100/100
|-ability|p1a: You Can't Win|Pressure
|move|p2a: Excadrill|Rapid Spin|p1a: You Can't Win
|-resisted|p1a: You Can't Win
|-damage|p1a: You Can't Win|96/100
|-boost|p2a: Excadrill|spe|1
|-damage|p2a: Excadrill|68/100|[from] item: Rocky Helmet|[of] p1a: You Can't Win
|-sideend|p2: 4funaccount|Spikes|[from] move: Rapid Spin|[of] p2a: Excadrill
|-sideend|p2: 4funaccount|Stealth Rock|[from] move: Rapid Spin|[of] p2a: Excadrill
|
|-heal|p2a: Excadrill|74/100|[from] item: Leftovers
|upkeep
|turn|68
|
|t:|1625219582
|switch|p2a: Skarmory|Skarmory, F, shiny|100/100
|move|p1a: You Can't Win|Defog|p2a: Skarmory
|-unboost|p2a: Skarmory|evasion|1
|-sideend|p1: LT81YL Weezing|Spikes|[from] move: Defog|[of] p1a: You Can't Win
|
|upkeep
|turn|69
|
|t:|1625219591
|switch|p2a: Toxapex|Toxapex, M|96/100 brn
|move|p1a: You Can't Win|Iron Defense|p1a: You Can't Win
|-boost|p1a: You Can't Win|def|2
|
|-damage|p2a: Toxapex|90/100 brn|[from] brn
|upkeep
|turn|70
|
|t:|1625219594
|switch|p1a: YouShouldOfferdraw|Ditto, shiny|80/100
|-transform|p1a: YouShouldOfferdraw|p2a: Toxapex|[from] ability: Imposter
|move|p2a: Toxapex|Toxic Spikes|p1a: YouShouldOfferdraw
|-sidestart|p1: LT81YL Weezing|move: Toxic Spikes
|
|-damage|p2a: Toxapex|84/100 brn|[from] brn
|upkeep
|turn|71
|
|t:|1625219602
|move|p1a: YouShouldOfferdraw|Toxic Spikes|p2a: Toxapex
|-sidestart|p2: 4funaccount|move: Toxic Spikes
|move|p2a: Toxapex|Scald|p1a: YouShouldOfferdraw
|-resisted|p1a: YouShouldOfferdraw
|-damage|p1a: YouShouldOfferdraw|74/100
|
|-damage|p2a: Toxapex|77/100 brn|[from] brn
|upkeep
|turn|72
|
|t:|1625219612
|switch|p1a: Save Time & FF|Toxapex, F|100/100
|-sideend|p1: LT81YL Weezing|move: Toxic Spikes|[of] p1a: Save Time & FF
|move|p2a: Toxapex|Scald|p1a: Save Time & FF
|-resisted|p1a: Save Time & FF
|-damage|p1a: Save Time & FF|95/100
|
|-damage|p2a: Toxapex|71/100 brn|[from] brn
|upkeep
|turn|73
|
|t:|1625219615
|switch|p1a: YouShouldOfferdraw|Ditto, shiny|100/100
|-transform|p1a: YouShouldOfferdraw|p2a: Toxapex|[from] ability: Imposter
|move|p2a: Toxapex|Scald|p1a: YouShouldOfferdraw
|-resisted|p1a: YouShouldOfferdraw
|-damage|p1a: YouShouldOfferdraw|94/100
|
|-damage|p2a: Toxapex|65/100 brn|[from] brn
|upkeep
|turn|74
|
|t:|1625219624
|switch|p1a: Save Time & FF|Toxapex, F|100/100
|move|p2a: Toxapex|Toxic Spikes|p1a: Save Time & FF
|-sidestart|p1: LT81YL Weezing|move: Toxic Spikes
|
|-damage|p2a: Toxapex|59/100 brn|[from] brn
|upkeep
|turn|75
|j| bdftgyuhijk
|
|t:|1625219646
|switch|p2a: Clefable|Clefable, F, shiny|100/100 psn
|switch|p1a: You Can't Win|Corviknight, M|96/100
|-ability|p1a: You Can't Win|Pressure
|
|upkeep
|turn|76
|
|t:|1625219653
|switch|p1a: Save Time & FF|Toxapex, F|100/100
|-sideend|p1: LT81YL Weezing|move: Toxic Spikes|[of] p1a: Save Time & FF
|move|p2a: Clefable|Calm Mind|p2a: Clefable
|-boost|p2a: Clefable|spa|1
|-boost|p2a: Clefable|spd|1
|
|upkeep
|turn|77
|
|t:|1625219659
|switch|p1a: Don't Even Try|Blissey, F|74/100
|move|p2a: Clefable|Calm Mind|p2a: Clefable
|-boost|p2a: Clefable|spa|1
|-boost|p2a: Clefable|spd|1
|
|upkeep
|turn|78
|
|t:|1625219663
|move|p2a: Clefable|Moonblast|p1a: Don't Even Try
|-damage|p1a: Don't Even Try|50/100
|move|p1a: Don't Even Try|Soft-Boiled|p1a: Don't Even Try
|-heal|p1a: Don't Even Try|99/100
|
|upkeep
|turn|79
|l| bdftgyuhijk
|
|t:|1625219673
|move|p2a: Clefable|Moonblast|p1a: Don't Even Try
|-damage|p1a: Don't Even Try|76/100
|move|p1a: Don't Even Try|Seismic Toss|p2a: Clefable
|-damage|p2a: Clefable|75/100 psn
|
|upkeep
|turn|80
|
|t:|1625219679
|move|p2a: Clefable|Calm Mind|p2a: Clefable
|-boost|p2a: Clefable|spa|1
|-boost|p2a: Clefable|spd|1
|move|p1a: Don't Even Try|Seismic Toss|p2a: Clefable
|-damage|p2a: Clefable|49/100 psn
|
|upkeep
|turn|81
|
|t:|1625219683
|move|p2a: Clefable|Soft-Boiled|p2a: Clefable
|-heal|p2a: Clefable|99/100 psn
|move|p1a: Don't Even Try|Seismic Toss|p2a: Clefable
|-damage|p2a: Clefable|73/100 psn
|
|upkeep
|turn|82
|
|t:|1625219685
|move|p2a: Clefable|Moonblast|p1a: Don't Even Try
|-damage|p1a: Don't Even Try|46/100
|-unboost|p1a: Don't Even Try|spa|1
|move|p1a: Don't Even Try|Seismic Toss|p2a: Clefable
|-damage|p2a: Clefable|47/100 psn
|
|upkeep
|turn|83
|
|t:|1625219690
|move|p2a: Clefable|Moonblast|p1a: Don't Even Try
|-damage|p1a: Don't Even Try|17/100
|-unboost|p1a: Don't Even Try|spa|1
|move|p1a: Don't Even Try|Soft-Boiled|p1a: Don't Even Try
|-heal|p1a: Don't Even Try|67/100
|
|upkeep
|turn|84
|
|t:|1625219695
|move|p2a: Clefable|Moonblast|p1a: Don't Even Try
|-damage|p1a: Don't Even Try|36/100
|move|p1a: Don't Even Try|Soft-Boiled|p1a: Don't Even Try
|-heal|p1a: Don't Even Try|86/100
|
|upkeep
|turn|85
|
|t:|1625219699
|move|p2a: Clefable|Moonblast|p1a: Don't Even Try
|-damage|p1a: Don't Even Try|55/100
|move|p1a: Don't Even Try|Seismic Toss|p2a: Clefable
|-damage|p2a: Clefable|22/100 psn
|
|upkeep
|turn|86
|
|t:|1625219704
|move|p2a: Clefable|Soft-Boiled|p2a: Clefable
|-heal|p2a: Clefable|72/100 psn
|move|p1a: Don't Even Try|Seismic Toss|p2a: Clefable
|-damage|p2a: Clefable|46/100 psn
|
|upkeep
|turn|87
|j| Akehi
|
|t:|1625219708
|move|p2a: Clefable|Soft-Boiled|p2a: Clefable
|-heal|p2a: Clefable|96/100 psn
|move|p1a: Don't Even Try|Soft-Boiled|p1a: Don't Even Try
|-heal|p1a: Don't Even Try|100/100
|
|upkeep
|turn|88
|
|t:|1625219714
|switch|p2a: Toxapex|Toxapex, M|92/100 brn
|-sideend|p2: 4funaccount|move: Toxic Spikes|[of] p2a: Toxapex
|move|p1a: Don't Even Try|Seismic Toss|p2a: Toxapex
|-damage|p2a: Toxapex|59/100 brn
|
|-damage|p2a: Toxapex|53/100 brn|[from] brn
|upkeep
|turn|89
|
|t:|1625219721
|switch|p1a: YouShouldOfferdraw|Ditto, shiny|100/100
|-transform|p1a: YouShouldOfferdraw|p2a: Toxapex|[from] ability: Imposter
|switch|p2a: Tyranitar|Tyranitar, F, shiny|100/100
|-weather|Sandstorm|[from] ability: Sand Stream|[of] p2a: Tyranitar
|
|-weather|Sandstorm|[upkeep]
|-damage|p1a: YouShouldOfferdraw|94/100|[from] Sandstorm
|upkeep
|turn|90
|
|t:|1625219729
|switch|p2a: Toxapex|Toxapex, M|86/100 brn
|move|p1a: YouShouldOfferdraw|Knock Off|p2a: Toxapex
|-damage|p2a: Toxapex|79/100 brn
|
|-weather|Sandstorm|[upkeep]
|-damage|p2a: Toxapex|73/100 brn|[from] Sandstorm
|-damage|p1a: YouShouldOfferdraw|88/100|[from] Sandstorm
|-damage|p2a: Toxapex|67/100 brn|[from] brn
|upkeep
|turn|91
|
|t:|1625219734
|switch|p2a: Clefable|Clefable, F, shiny|96/100 psn
|move|p1a: YouShouldOfferdraw|Toxic Spikes|p2a: Clefable
|-sidestart|p2: 4funaccount|move: Toxic Spikes
|
|-weather|Sandstorm|[upkeep]
|-damage|p1a: YouShouldOfferdraw|82/100|[from] Sandstorm
|upkeep
|turn|92
|
|t:|1625219741
|switch|p2a: Toxapex|Toxapex, M|99/100 brn
|-sideend|p2: 4funaccount|move: Toxic Spikes|[of] p2a: Toxapex
|move|p1a: YouShouldOfferdraw|Recover|p1a: YouShouldOfferdraw
|-heal|p1a: YouShouldOfferdraw|100/100
|
|-weather|Sandstorm|[upkeep]
|-damage|p1a: YouShouldOfferdraw|94/100|[from] Sandstorm
|-damage|p2a: Toxapex|94/100 brn|[from] Sandstorm
|-damage|p2a: Toxapex|88/100 brn|[from] brn
|upkeep
|turn|93
|
|t:|1625219743
|switch|p2a: Clefable|Clefable, F, shiny|96/100 psn
|move|p1a: YouShouldOfferdraw|Knock Off|p2a: Clefable
|-resisted|p2a: Clefable
|-damage|p2a: Clefable|91/100 psn
|
|-weather|none
|upkeep
|turn|94
|
|t:|1625219752
|switch|p2a: Toxapex|Toxapex, M|100/100 brn
|switch|p1a: Don't Even Try|Blissey, F|100/100
|
|-damage|p2a: Toxapex|94/100 brn|[from] brn
|upkeep
|turn|95
|
|t:|1625219761
|switch|p1a: YouShouldOfferdraw|Ditto, shiny|100/100
|-transform|p1a: YouShouldOfferdraw|p2a: Toxapex|[from] ability: Imposter
|switch|p2a: Tyranitar|Tyranitar, F, shiny|100/100
|-weather|Sandstorm|[from] ability: Sand Stream|[of] p2a: Tyranitar
|
|-weather|Sandstorm|[upkeep]
|-damage|p1a: YouShouldOfferdraw|94/100|[from] Sandstorm
|upkeep
|turn|96
|
|t:|1625219773
|switch|p2a: Toxapex|Toxapex, M|100/100 brn
|move|p1a: YouShouldOfferdraw|Knock Off|p2a: Toxapex
|-damage|p2a: Toxapex|93/100 brn
|
|-weather|Sandstorm|[upkeep]
|-damage|p1a: YouShouldOfferdraw|88/100|[from] Sandstorm
|-damage|p2a: Toxapex|87/100 brn|[from] Sandstorm
|-damage|p2a: Toxapex|81/100 brn|[from] brn
|upkeep
|turn|97
|
|t:|1625219782
|switch|p2a: Clefable|Clefable, F, shiny|91/100 psn
|move|p1a: YouShouldOfferdraw|Toxic Spikes|p2a: Clefable
|-sidestart|p2: 4funaccount|move: Toxic Spikes
|
|-weather|Sandstorm|[upkeep]
|-damage|p1a: YouShouldOfferdraw|82/100|[from] Sandstorm
|upkeep
|turn|98
|
|t:|1625219787
|switch|p2a: Toxapex|Toxapex, M|100/100 brn
|-sideend|p2: 4funaccount|move: Toxic Spikes|[of] p2a: Toxapex
|move|p1a: YouShouldOfferdraw|Scald|p2a: Toxapex
|-resisted|p2a: Toxapex
|-damage|p2a: Toxapex|95/100 brn
|
|-weather|Sandstorm|[upkeep]
|-damage|p1a: YouShouldOfferdraw|76/100|[from] Sandstorm
|-damage|p2a: Toxapex|88/100 brn|[from] Sandstorm
|-damage|p2a: Toxapex|82/100 brn|[from] brn
|upkeep
|turn|99
|
|t:|1625219790
|switch|p2a: Clefable|Clefable, F, shiny|91/100 psn
|move|p1a: YouShouldOfferdraw|Toxic Spikes|p2a: Clefable
|-sidestart|p2: 4funaccount|move: Toxic Spikes
|
|-weather|none
|upkeep
|turn|100
|
|t:|1625219794
|switch|p2a: Toxapex|Toxapex, M|100/100 brn
|-sideend|p2: 4funaccount|move: Toxic Spikes|[of] p2a: Toxapex
|switch|p1a: Don't Even Try|Blissey, F|100/100
|
|-damage|p2a: Toxapex|94/100 brn|[from] brn
|upkeep
|turn|101
|
|t:|1625219799
|switch|p1a: YouShouldOfferdraw|Ditto, shiny|100/100
|-transform|p1a: YouShouldOfferdraw|p2a: Toxapex|[from] ability: Imposter
|switch|p2a: Tyranitar|Tyranitar, F, shiny|100/100
|-weather|Sandstorm|[from] ability: Sand Stream|[of] p2a: Tyranitar
|
|-weather|Sandstorm|[upkeep]
|-damage|p1a: YouShouldOfferdraw|94/100|[from] Sandstorm
|upkeep
|turn|102
|
|t:|1625219802
|switch|p2a: Toxapex|Toxapex, M|100/100 brn
|move|p1a: YouShouldOfferdraw|Knock Off|p2a: Toxapex
|-damage|p2a: Toxapex|94/100 brn
|
|-weather|Sandstorm|[upkeep]
|-damage|p1a: YouShouldOfferdraw|88/100|[from] Sandstorm
|-damage|p2a: Toxapex|88/100 brn|[from] Sandstorm
|-damage|p2a: Toxapex|82/100 brn|[from] brn
|upkeep
|turn|103
4funaccount is offering a tie.
LT81YL Weezing accepted the tie.
|
|tie
|raw|LT81YL Weezing's rating: 1645 &rarr; <strong>1646</strong><br />(+1 for tying)
|raw|4funaccount's rating: 1658 &rarr; <strong>1657</strong><br />(-1 for tying)
|c|☆LT81YL Weezing|gg
|l|☆4funaccount
|l| Akehi
