|j|☆alibaba 2022
|j|☆SMxVale
|t:|1664822446
|gametype|singles
|player|p1|alibaba 2022|2|1790
|player|p2|SMxVale|102|1827
|teamsize|p1|6
|teamsize|p2|6
|gen|8
|tier|[Gen 8] OU
|rated|
|rule|Sleep Clause Mod: Limit one foe put to sleep
|rule|Species Clause: Limit one of each Pokémon
|rule|OHKO Clause: OHKO moves are banned
|rule|Evasion Items Clause: Evasion items are banned
|rule|Evasion Moves Clause: Evasion moves are banned
|rule|Endless Battle Clause: Forcing endless battles is banned
|rule|HP Percentage Mod: HP is shown in percentages
|rule|Dynamax Clause: You cannot dynamax
|clearpoke
|poke|p1|Nidoking, M|
|poke|p1|Moltres-Galar|
|poke|p1|Tapu Lele|
|poke|p1|Buzzwole|
|poke|p1|Heatran, M|
|poke|p1|Tapu Fini|
|poke|p2|Weavile, F|
|poke|p2|Dragapult, F|
|poke|p2|Seismitoad, M|
|poke|p2|Magnezone|
|poke|p2|Clefable, F|
|poke|p2|Buzzwole|
|teampreview
|inactive|Battle timer is ON: inactive players will automatically lose when time's up. (requested by SMxVale)
|inactive|alibaba 2022 has 120 seconds left.
|
|t:|1664822560
|start
|switch|p1a: Toad|Heatran, M|100/100
|switch|p2a: Dragapult|Dragapult, F|100/100
|-item|p1a: Toad|Air Balloon
|turn|1
|
|t:|1664822565
|switch|p1a: Tapu Fini|Tapu Fini|100/100
|-fieldstart|move: Misty Terrain|[from] ability: Misty Surge|[of] p1a: Tapu Fini
|move|p2a: Dragapult|U-turn|p1a: Tapu Fini
|-resisted|p1a: Tapu Fini
|-damage|p1a: Tapu Fini|85/100
|
|t:|1664822583
|switch|p2a: Seismitoad|Seismitoad, M|100/100|[from]move: U-turn
|
|-heal|p1a: Tapu Fini|91/100|[from] item: Leftovers
|upkeep
|turn|2
|
|t:|1664822589
|move|p1a: Tapu Fini|Nature's Madness|p2a: Seismitoad|[miss]
|-miss|p1a: Tapu Fini|p2a: Seismitoad
|move|p2a: Seismitoad|Earthquake|p1a: Tapu Fini
|-damage|p1a: Tapu Fini|64/100
|
|-heal|p1a: Tapu Fini|70/100|[from] item: Leftovers
|upkeep
|turn|3
|
|t:|1664822597
|move|p1a: Tapu Fini|Nature's Madness|p2a: Seismitoad
|-damage|p2a: Seismitoad|51/100
|move|p2a: Seismitoad|Stealth Rock|p1a: Tapu Fini
|-sidestart|p1: alibaba 2022|move: Stealth Rock
|
|-heal|p1a: Tapu Fini|77/100|[from] item: Leftovers
|-heal|p2a: Seismitoad|57/100|[from] item: Leftovers
|upkeep
|turn|4
|
|t:|1664822605
|move|p2a: Seismitoad|Protect|p2a: Seismitoad
|-singleturn|p2a: Seismitoad|Protect
|move|p1a: Tapu Fini|Knock Off|p2a: Seismitoad
|-activate|p2a: Seismitoad|move: Protect
|
|-heal|p1a: Tapu Fini|83/100|[from] item: Leftovers
|-heal|p2a: Seismitoad|63/100|[from] item: Leftovers
|upkeep
|turn|5
|
|t:|1664822622
|switch|p2a: Clefable|Clefable, F|100/100
|move|p1a: Tapu Fini|Knock Off|p2a: Clefable
|-resisted|p2a: Clefable
|-crit|p2a: Clefable
|-damage|p2a: Clefable|87/100
|-enditem|p2a: Clefable|Heavy-Duty Boots|[from] move: Knock Off|[of] p1a: Tapu Fini
|
|-heal|p1a: Tapu Fini|89/100|[from] item: Leftovers
|-fieldend|Misty Terrain
|upkeep
|turn|6
|
|t:|1664822633
|switch|p2a: Weavile|Weavile, F|100/100
|-ability|p2a: Weavile|Pressure
|move|p1a: Tapu Fini|Whirlpool|p2a: Weavile
|-damage|p2a: Weavile|84/100
|-activate|p2a: Weavile|move: Whirlpool|[of] p1a: Tapu Fini
|
|-heal|p1a: Tapu Fini|95/100|[from] item: Leftovers
|-damage|p2a: Weavile|72/100|[from] move: Whirlpool|[partiallytrapped]
|upkeep
|turn|7
|
|t:|1664822642
|move|p2a: Weavile|Knock Off|p1a: Tapu Fini
|-resisted|p1a: Tapu Fini
|-damage|p1a: Tapu Fini|72/100
|-enditem|p1a: Tapu Fini|Leftovers|[from] move: Knock Off|[of] p2a: Weavile
|move|p1a: Tapu Fini|Nature's Madness|p2a: Weavile
|-damage|p2a: Weavile|36/100
|
|-damage|p2a: Weavile|24/100|[from] move: Whirlpool|[partiallytrapped]
|upkeep
|turn|8
|j| lalelosido
|
|t:|1664822650
|move|p2a: Weavile|Triple Axel|p1a: Tapu Fini
|-resisted|p1a: Tapu Fini
|-damage|p1a: Tapu Fini|68/100
|-hitcount|p1a: Tapu Fini|1
|move|p1a: Tapu Fini|Nature's Madness|p2a: Weavile
|-damage|p2a: Weavile|12/100
|
|-damage|p2a: Weavile|0 fnt|[from] move: Whirlpool|[partiallytrapped]
|faint|p2a: Weavile
|upkeep
|
|t:|1664822665
|switch|p2a: Magnezone|Magnezone|100/100
|turn|9
|j| Flaggx
|
|t:|1664822667
|switch|p2a: Seismitoad|Seismitoad, M|63/100
|move|p1a: Tapu Fini|Nature's Madness|p2a: Seismitoad
|-damage|p2a: Seismitoad|32/100
|
|-heal|p2a: Seismitoad|38/100|[from] item: Leftovers
|upkeep
|turn|10
|
|t:|1664822676
|move|p2a: Seismitoad|Protect|p2a: Seismitoad
|-singleturn|p2a: Seismitoad|Protect
|move|p1a: Tapu Fini|Knock Off|p2a: Seismitoad
|-activate|p2a: Seismitoad|move: Protect
|
|-heal|p2a: Seismitoad|44/100|[from] item: Leftovers
|upkeep
|turn|11
|
|t:|1664822681
|switch|p2a: Magnezone|Magnezone|100/100
|move|p1a: Tapu Fini|Knock Off|p2a: Magnezone
|-crit|p2a: Magnezone
|-damage|p2a: Magnezone|81/100
|-enditem|p2a: Magnezone|Leftovers|[from] move: Knock Off|[of] p1a: Tapu Fini
|
|upkeep
|turn|12
|
|t:|1664822693
|move|p1a: Tapu Fini|Nature's Madness|p2a: Magnezone
|-damage|p2a: Magnezone|41/100
|move|p2a: Magnezone|Thunderbolt|p1a: Tapu Fini
|-supereffective|p1a: Tapu Fini
|-damage|p1a: Tapu Fini|10/100
|
|upkeep
|turn|13
|
|t:|1664822701
|move|p1a: Tapu Fini|Nature's Madness|p2a: Magnezone
|-damage|p2a: Magnezone|21/100
|move|p2a: Magnezone|Body Press|p1a: Tapu Fini
|-resisted|p1a: Tapu Fini
|-damage|p1a: Tapu Fini|0 fnt
|faint|p1a: Tapu Fini
|
|upkeep
|
|t:|1664822717
|switch|p1a: Toad|Heatran, M|100/100
|-damage|p1a: Toad|88/100|[from] Stealth Rock
|-item|p1a: Toad|Air Balloon
|turn|14
|
|t:|1664822722
|move|p1a: Toad|Stealth Rock|p2a: Magnezone
|-sidestart|p2: SMxVale|move: Stealth Rock
|move|p2a: Magnezone|Body Press|p1a: Toad
|-supereffective|p1a: Toad
|-damage|p1a: Toad|31/100
|-enditem|p1a: Toad|Air Balloon
|
|upkeep
|turn|15
|
|t:|1664822735
|move|p1a: Toad|Earth Power|p2a: Magnezone
|-supereffective|p2a: Magnezone
|-damage|p2a: Magnezone|0 fnt
|faint|p2a: Magnezone
|
|upkeep
|
|t:|1664822743
|switch|p2a: Seismitoad|Seismitoad, M|44/100
|-damage|p2a: Seismitoad|38/100|[from] Stealth Rock
|turn|16
|
|t:|1664822753
|move|p1a: Toad|Earth Power|p2a: Seismitoad
|-damage|p2a: Seismitoad|15/100
|move|p2a: Seismitoad|Earthquake|p1a: Toad
|-supereffective|p1a: Toad
|-damage|p1a: Toad|0 fnt
|faint|p1a: Toad
|
|-heal|p2a: Seismitoad|21/100|[from] item: Leftovers
|upkeep
|
|t:|1664822764
|switch|p1a: Flex|Buzzwole|100/100
|-damage|p1a: Flex|88/100|[from] Stealth Rock
|turn|17
|
|t:|1664822769
|move|p2a: Seismitoad|Protect|p2a: Seismitoad
|-singleturn|p2a: Seismitoad|Protect
|move|p1a: Flex|Earthquake|p2a: Seismitoad
|-activate|p2a: Seismitoad|move: Protect
|
|-heal|p2a: Seismitoad|27/100|[from] item: Leftovers
|upkeep
|turn|18
|
|t:|1664822775
|switch|p2a: Buzzwole|Buzzwole|100/100
|move|p1a: Flex|Earthquake|p2a: Buzzwole
|-resisted|p2a: Buzzwole
|-damage|p2a: Buzzwole|92/100
|
|upkeep
|turn|19
|
|t:|1664822785
|move|p1a: Flex|Ice Punch|p2a: Buzzwole
|-damage|p2a: Buzzwole|78/100
|move|p2a: Buzzwole|Toxic|p1a: Flex
|-status|p1a: Flex|tox
|
|-damage|p1a: Flex|82/100 tox|[from] psn
|upkeep
|turn|20
|
|t:|1664822794
|switch|p1a: Tapu Lele|Tapu Lele|100/100
|-damage|p1a: Tapu Lele|88/100|[from] Stealth Rock
|-fieldstart|move: Psychic Terrain|[from] ability: Psychic Surge|[of] p1a: Tapu Lele
|move|p2a: Buzzwole|Earthquake|p1a: Tapu Lele
|-damage|p1a: Tapu Lele|41/100
|
|upkeep
|turn|21
|
|t:|1664822806
|switch|p2a: Seismitoad|Seismitoad, M|27/100
|-damage|p2a: Seismitoad|21/100|[from] Stealth Rock
|move|p1a: Tapu Lele|Psychic|p2a: Seismitoad
|-damage|p2a: Seismitoad|0 fnt
|faint|p2a: Seismitoad
|
|upkeep
|
|t:|1664822814
|switch|p2a: Dragapult|Dragapult, F|100/100
|-damage|p2a: Dragapult|88/100|[from] Stealth Rock
|turn|22
|
|t:|1664822838
|switch|p1a: Flex|Buzzwole|82/100 tox
|-damage|p1a: Flex|69/100 tox|[from] Stealth Rock
|move|p2a: Dragapult|U-turn|p1a: Flex
|-resisted|p1a: Flex
|-damage|p1a: Flex|59/100 tox
|-damage|p2a: Dragapult|72/100|[from] item: Rocky Helmet|[of] p1a: Flex
|
|t:|1664822851
|switch|p2a: Clefable|Clefable, F|87/100|[from]move: U-turn
|-damage|p2a: Clefable|74/100|[from] Stealth Rock
|
|-damage|p1a: Flex|53/100 tox|[from] psn
|upkeep
|turn|23
|
|t:|1664822865
|switch|p1a: Stalwart|Nidoking, M|100/100
|-damage|p1a: Stalwart|95/100|[from] Stealth Rock
|move|p2a: Clefable|Moonblast|p1a: Stalwart
|-resisted|p1a: Stalwart
|-crit|p1a: Stalwart
|-damage|p1a: Stalwart|61/100
|-unboost|p1a: Stalwart|spa|1
|
|upkeep
|turn|24
|
|t:|1664822879
|switch|p2a: Buzzwole|Buzzwole|78/100
|move|p1a: Stalwart|Sludge Wave|p2a: Buzzwole
|-damage|p2a: Buzzwole|25/100
|
|-fieldend|move: Psychic Terrain
|upkeep
|turn|25
|
|t:|1664822890
|move|p1a: Stalwart|Sludge Wave|p2a: Buzzwole
|-damage|p2a: Buzzwole|0 fnt
|faint|p2a: Buzzwole
|
|upkeep
|
|t:|1664822892
|switch|p2a: Dragapult|Dragapult, F|72/100
|-damage|p2a: Dragapult|59/100|[from] Stealth Rock
|turn|26
|
|t:|1664822908
|switch|p1a: Flex|Buzzwole|53/100 tox
|-damage|p1a: Flex|40/100 tox|[from] Stealth Rock
|move|p2a: Dragapult|Phantom Force||[still]
|-prepare|p2a: Dragapult|Phantom Force
|
|-damage|p1a: Flex|34/100 tox|[from] psn
|upkeep
|turn|27
|
|t:|1664822912
|move|p2a: Dragapult|Phantom Force|p1a: Flex|[from]lockedmove
|-damage|p1a: Flex|0 fnt
|-damage|p2a: Dragapult|43/100|[from] item: Rocky Helmet|[of] p1a: Flex
|faint|p1a: Flex
|
|upkeep
|
|t:|1664822918
|switch|p1a: Tapu Lele|Tapu Lele|41/100
|-damage|p1a: Tapu Lele|29/100|[from] Stealth Rock
|-fieldstart|move: Psychic Terrain|[from] ability: Psychic Surge|[of] p1a: Tapu Lele
|turn|28
|
|t:|1664822925
|move|p1a: Tapu Lele|Psychic|p2a: Dragapult
|-damage|p2a: Dragapult|0 fnt
|faint|p2a: Dragapult
|
|upkeep
|
|t:|1664822926
|switch|p2a: Clefable|Clefable, F|74/100
|-damage|p2a: Clefable|62/100|[from] Stealth Rock
|turn|29
|
|t:|1664822930
|move|p1a: Tapu Lele|Psychic|p2a: Clefable
|-damage|p2a: Clefable|19/100
|move|p2a: Clefable|Soft-Boiled|p2a: Clefable
|-heal|p2a: Clefable|69/100
|
|upkeep
|turn|30
|
|t:|1664822936
|switch|p1a: Stalwart|Nidoking, M|61/100
|-damage|p1a: Stalwart|55/100|[from] Stealth Rock
|move|p2a: Clefable|Thunder Wave|p1a: Stalwart
|-immune|p1a: Stalwart
|
|upkeep
|turn|31
|
|t:|1664822940
|move|p1a: Stalwart|Sludge Wave|p2a: Clefable
|-supereffective|p2a: Clefable
|-damage|p2a: Clefable|0 fnt
|faint|p2a: Clefable
|
|win|alibaba 2022
|raw|alibaba 2022's rating: 1790 &rarr; <strong>1812</strong><br />(+22 for winning)
|raw|SMxVale's rating: 1827 &rarr; <strong>1805</strong><br />(-22 for losing)
|l|☆SMxVale
||Ladder isn't responding, score probably updated but might not have (Request timeout).
