|j|☆Draco09876
|j|☆usualranger5
|t:|1604641044
|player|p1|Draco09876|102|1575
|player|p2|usualranger5|hugh|1478
|teamsize|p1|6
|teamsize|p2|6
|gametype|singles
|gen|8
|tier|[Gen 8] OU
|rated|
|clearpoke
|poke|p1|Heatran, M|
|poke|p1|Mandibuzz, F|
|poke|p1|Swampert, M|
|poke|p1|Urshifu-*, F|
|poke|p1|Rillaboom, F|
|poke|p1|Dragapult, M|
|poke|p2|Pheromosa|
|poke|p2|Slowbro, M|
|poke|p2|Clefable, F|
|poke|p2|Rotom-Heat|
|poke|p2|Gastrodon-East, F|
|poke|p2|Grimmsnarl, M|
|rule|Sleep Clause Mod: Limit one foe put to sleep
|rule|Species Clause: Limit one of each Pokémon
|rule|OHKO Clause: OHKO moves are banned
|rule|Evasion Moves Clause: Evasion moves are banned
|rule|Endless Battle Clause: Forcing endless battles is banned
|rule|HP Percentage Mod: HP is shown in percentages
|rule|Dynamax Clause: You cannot dynamax
|teampreview
|inactive|Battle timer is ON: inactive players will automatically lose when time's up. (requested by usualranger5)
|
|t:|1604641050
|start
|switch|p1a: Dragapult|Dragapult, M|100/100
|switch|p2a: Pheromosa|Pheromosa|100/100
|turn|1
|
|t:|1604641056
|switch|p2a: Susano'o|Grimmsnarl, M|100/100
|move|p1a: Dragapult|Fire Blast|p2a: Susano'o
|-damage|p2a: Susano'o|71/100
|
|-heal|p2a: Susano'o|77/100|[from] item: Leftovers
|upkeep
|turn|2
|
|t:|1604641069
|switch|p1a: Heatran|Heatran, M|100/100
|move|p2a: Susano'o|Bulk Up|p2a: Susano'o
|-boost|p2a: Susano'o|atk|1
|-boost|p2a: Susano'o|def|1
|
|-heal|p2a: Susano'o|83/100|[from] item: Leftovers
|upkeep
|turn|3
|c|☆Draco09876|love the name on the grimsnarl
|
|t:|1604641078
|switch|p2a: Rotom|Rotom-Heat|100/100
|move|p1a: Heatran|Taunt|p2a: Rotom
|-start|p2a: Rotom|move: Taunt
|
|upkeep
|turn|4
|c|☆usualranger5|thank you
|
|t:|1604641089
|move|p2a: Rotom|Volt Switch|p1a: Heatran
|-damage|p1a: Heatran|85/100
|
|t:|1604641096
|switch|p2a: Gastrodon|Gastrodon-East, F|100/100|[from]move: Volt Switch
|move|p1a: Heatran|Stealth Rock|p2a: Gastrodon
|-sidestart|p2: usualranger5|move: Stealth Rock
|
|-heal|p1a: Heatran|91/100|[from] item: Leftovers
|upkeep
|turn|5
|
|t:|1604641107
|switch|p1a: Mandibuzz|Mandibuzz, F|100/100
|move|p2a: Gastrodon|Scald|p1a: Mandibuzz
|-damage|p1a: Mandibuzz|78/100
|
|upkeep
|turn|6
|
|t:|1604641112
|move|p1a: Mandibuzz|Knock Off|p2a: Gastrodon
|-damage|p2a: Gastrodon|88/100
|move|p2a: Gastrodon|Infestation|p1a: Mandibuzz
|-damage|p1a: Mandibuzz|74/100
|-activate|p1a: Mandibuzz|move: Infestation|[of] p2a: Gastrodon
|-damage|p2a: Gastrodon|71/100|[from] item: Rocky Helmet|[of] p1a: Mandibuzz
|
|-damage|p1a: Mandibuzz|62/100|[from] move: Infestation|[partiallytrapped]
|upkeep
|turn|7
|
|t:|1604641121
|move|p1a: Mandibuzz|U-turn|p2a: Gastrodon
|-damage|p2a: Gastrodon|62/100
|
|t:|1604641123
|switch|p1a: Rillaboom|Rillaboom, F|100/100|[from]move: U-turn
|-fieldstart|move: Grassy Terrain|[from] ability: Grassy Surge|[of] p1a: Rillaboom
|move|p2a: Gastrodon|Scald|p1a: Rillaboom
|-resisted|p1a: Rillaboom
|-damage|p1a: Rillaboom|82/100
|
|-heal|p1a: Rillaboom|88/100|[from] Grassy Terrain
|-heal|p2a: Gastrodon|68/100|[from] Grassy Terrain
|upkeep
|turn|8
|
|t:|1604641134
|switch|p2a: Rotom|Rotom-Heat|100/100
|move|p1a: Rillaboom|U-turn|p2a: Rotom
|-resisted|p2a: Rotom
|-damage|p2a: Rotom|87/100
|-damage|p1a: Rillaboom|79/100|[from] item: Life Orb
|
|t:|1604641141
|switch|p1a: Heatran|Heatran, M|91/100|[from]move: U-turn
|
|-heal|p1a: Heatran|97/100|[from] item: Leftovers
|-heal|p1a: Heatran|100/100|[from] Grassy Terrain
|upkeep
|turn|9
|
|t:|1604641147
|move|p2a: Rotom|Volt Switch|p1a: Heatran
|-damage|p1a: Heatran|84/100
|
|t:|1604641151
|switch|p2a: Gastrodon|Gastrodon-East, F|68/100|[from]move: Volt Switch
|-damage|p2a: Gastrodon|62/100|[from] Stealth Rock
|move|p1a: Heatran|Magma Storm|p2a: Gastrodon
|-resisted|p2a: Gastrodon
|-damage|p2a: Gastrodon|43/100
|-activate|p2a: Gastrodon|move: Magma Storm|[of] p1a: Heatran
|
|-heal|p1a: Heatran|90/100|[from] item: Leftovers
|-heal|p1a: Heatran|96/100|[from] Grassy Terrain
|-heal|p2a: Gastrodon|50/100|[from] Grassy Terrain
|-damage|p2a: Gastrodon|37/100|[from] move: Magma Storm|[partiallytrapped]
|upkeep
|turn|10
|
|t:|1604641164
|switch|p1a: Mandibuzz|Mandibuzz, F|62/100
|move|p2a: Gastrodon|Earth Power|p1a: Mandibuzz
|-immune|p1a: Mandibuzz
|
|-heal|p2a: Gastrodon|43/100|[from] Grassy Terrain
|-end|p2a: Gastrodon|Magma Storm|[partiallytrapped]|[silent]
|upkeep
|turn|11
|
|t:|1604641171
|move|p1a: Mandibuzz|Knock Off|p2a: Gastrodon
|-damage|p2a: Gastrodon|30/100
|move|p2a: Gastrodon|Recover|p2a: Gastrodon
|-heal|p2a: Gastrodon|80/100
|
|-heal|p2a: Gastrodon|86/100|[from] Grassy Terrain
|-fieldend|move: Grassy Terrain
|upkeep
|turn|12
|
|t:|1604641179
|move|p1a: Mandibuzz|Roost|p1a: Mandibuzz
|-heal|p1a: Mandibuzz|100/100
|-singleturn|p1a: Mandibuzz|move: Roost
|move|p2a: Gastrodon|Scald|p1a: Mandibuzz
|-damage|p1a: Mandibuzz|80/100
|
|upkeep
|turn|13
|
|t:|1604641189
|move|p1a: Mandibuzz|U-turn|p2a: Gastrodon
|-damage|p2a: Gastrodon|77/100
|
|t:|1604641192
|switch|p1a: Heatran|Heatran, M|96/100|[from]move: U-turn
|move|p2a: Gastrodon|Scald|p1a: Heatran
|-supereffective|p1a: Heatran
|-damage|p1a: Heatran|67/100
|
|-heal|p1a: Heatran|73/100|[from] item: Leftovers
|upkeep
|turn|14
|
|t:|1604641201
|move|p1a: Heatran|Magma Storm|p2a: Gastrodon
|-resisted|p2a: Gastrodon
|-damage|p2a: Gastrodon|60/100
|-activate|p2a: Gastrodon|move: Magma Storm|[of] p1a: Heatran
|move|p2a: Gastrodon|Infestation|p1a: Heatran
|-resisted|p1a: Heatran
|-damage|p1a: Heatran|73/100
|-activate|p1a: Heatran|move: Infestation|[of] p2a: Gastrodon
|
|-heal|p1a: Heatran|79/100|[from] item: Leftovers
|-damage|p1a: Heatran|66/100|[from] move: Infestation|[partiallytrapped]
|-damage|p2a: Gastrodon|47/100|[from] move: Magma Storm|[partiallytrapped]
|upkeep
|turn|15
|
|t:|1604641211
|move|p1a: Heatran|Taunt|p2a: Gastrodon
|-start|p2a: Gastrodon|move: Taunt
|move|p2a: Gastrodon|Earth Power|p1a: Heatran
|-supereffective|p1a: Heatran
|-damage|p1a: Heatran|0 fnt
|faint|p1a: Heatran
|
|-end|p2a: Gastrodon|Magma Storm|[partiallytrapped]|[silent]
|upkeep
|
|t:|1604641227
|switch|p1a: Urshifu|Urshifu, F|100/100
|turn|16
|
|t:|1604641230
|switch|p2a: Super ZeoZord I|Clefable, F|100/100
|-damage|p2a: Super ZeoZord I|88/100|[from] Stealth Rock
|move|p1a: Urshifu|Wicked Blow|p2a: Super ZeoZord I
|-resisted|p2a: Super ZeoZord I
|-crit|p2a: Super ZeoZord I
|-damage|p2a: Super ZeoZord I|55/100
|-damage|p1a: Urshifu|91/100|[from] item: Life Orb
|
|-heal|p2a: Super ZeoZord I|61/100|[from] item: Leftovers
|upkeep
|turn|17
|
|t:|1604641243
|move|p1a: Urshifu|Poison Jab|p2a: Super ZeoZord I
|-supereffective|p2a: Super ZeoZord I
|-damage|p2a: Super ZeoZord I|6/100
|-damage|p1a: Urshifu|81/100|[from] item: Life Orb
|move|p2a: Super ZeoZord I|Soft-Boiled|p2a: Super ZeoZord I
|-heal|p2a: Super ZeoZord I|56/100
|
|-heal|p2a: Super ZeoZord I|62/100|[from] item: Leftovers
|upkeep
|turn|18
|
|t:|1604641252
|switch|p1a: Swampert|Swampert, M|100/100
|move|p2a: Super ZeoZord I|Moonblast|p1a: Swampert
|-crit|p1a: Swampert
|-damage|p1a: Swampert|72/100
|-unboost|p1a: Swampert|spa|1
|
|-heal|p2a: Super ZeoZord I|68/100|[from] item: Leftovers
|upkeep
|turn|19
|
|t:|1604641260
|switch|p2a: Rotom|Rotom-Heat|87/100
|move|p1a: Swampert|Earthquake|p2a: Rotom
|-immune|p2a: Rotom|[from] ability: Levitate
|
|upkeep
|turn|20
|
|t:|1604641271
|move|p2a: Rotom|Defog|p1a: Swampert
|-unboost|p1a: Swampert|evasion|1
|-sideend|p2: usualranger5|Stealth Rock|[from] move: Defog|[of] p2a: Rotom
|move|p1a: Swampert|Ice Punch|p2a: Rotom
|-resisted|p2a: Rotom
|-damage|p2a: Rotom|76/100
|
|upkeep
|turn|21
|
|t:|1604641277
|move|p2a: Rotom|Will-O-Wisp|p1a: Swampert
|-status|p1a: Swampert|brn
|move|p1a: Swampert|Flip Turn|p2a: Rotom
|-supereffective|p2a: Rotom
|-crit|p2a: Rotom
|-damage|p2a: Rotom|36/100
|
|t:|1604641281
|switch|p1a: Urshifu|Urshifu, F|81/100|[from]move: Flip Turn
|
|upkeep
|turn|22
|
|t:|1604641294
|move|p1a: Urshifu|Close Combat|p2a: Rotom
|-damage|p2a: Rotom|0 fnt
|-unboost|p1a: Urshifu|def|1
|-unboost|p1a: Urshifu|spd|1
|-damage|p1a: Urshifu|71/100|[from] item: Life Orb
|faint|p2a: Rotom
|
|upkeep
|
|t:|1604641304
|switch|p2a: Super ZeoZord I|Clefable, F|68/100
|turn|23
|
|t:|1604641311
|switch|p1a: Swampert|Swampert, M|72/100 brn
|move|p2a: Super ZeoZord I|Moonblast|p1a: Swampert
|-damage|p1a: Swampert|53/100 brn
|
|-heal|p2a: Super ZeoZord I|75/100|[from] item: Leftovers
|-damage|p1a: Swampert|47/100 brn|[from] brn
|upkeep
|turn|24
|
|t:|1604641321
|move|p2a: Super ZeoZord I|Calm Mind|p2a: Super ZeoZord I
|-boost|p2a: Super ZeoZord I|spa|1
|-boost|p2a: Super ZeoZord I|spd|1
|move|p1a: Swampert|Flip Turn|p2a: Super ZeoZord I
|-damage|p2a: Super ZeoZord I|62/100
|
|t:|1604641325
|switch|p1a: Rillaboom|Rillaboom, F|79/100|[from]move: Flip Turn
|-fieldstart|move: Grassy Terrain|[from] ability: Grassy Surge|[of] p1a: Rillaboom
|
|-heal|p1a: Rillaboom|85/100|[from] Grassy Terrain
|-heal|p2a: Super ZeoZord I|68/100|[from] item: Leftovers
|-heal|p2a: Super ZeoZord I|74/100|[from] Grassy Terrain
|upkeep
|turn|25
|
|t:|1604641334
|move|p1a: Rillaboom|Grassy Glide|p2a: Super ZeoZord I
|-crit|p2a: Super ZeoZord I
|-damage|p2a: Super ZeoZord I|0 fnt
|-damage|p1a: Rillaboom|75/100|[from] item: Life Orb
|faint|p2a: Super ZeoZord I
|
|-heal|p1a: Rillaboom|81/100|[from] Grassy Terrain
|upkeep
|
|t:|1604641341
|switch|p2a: Pheromosa|Pheromosa|100/100
|turn|26
|
|t:|1604641346
|switch|p1a: Mandibuzz|Mandibuzz, F|80/100
|move|p2a: Pheromosa|U-turn|p1a: Mandibuzz
|-damage|p1a: Mandibuzz|42/100
|-damage|p2a: Pheromosa|84/100|[from] item: Rocky Helmet|[of] p1a: Mandibuzz
|
|t:|1604641355
|switch|p2a: Susano'o|Grimmsnarl, M|83/100|[from]move: U-turn
|
|-heal|p2a: Susano'o|89/100|[from] item: Leftovers
|-heal|p2a: Susano'o|95/100|[from] Grassy Terrain
|upkeep
|turn|27
|
|t:|1604641361
|move|p2a: Susano'o|Bulk Up|p2a: Susano'o
|-boost|p2a: Susano'o|atk|1
|-boost|p2a: Susano'o|def|1
|move|p1a: Mandibuzz|Roost|p1a: Mandibuzz
|-heal|p1a: Mandibuzz|92/100
|-singleturn|p1a: Mandibuzz|move: Roost
|
|-heal|p1a: Mandibuzz|98/100|[from] Grassy Terrain
|-heal|p2a: Susano'o|100/100|[from] item: Leftovers
|upkeep
|turn|28
|
|t:|1604641370
|move|p2a: Susano'o|Bulk Up|p2a: Susano'o
|-boost|p2a: Susano'o|atk|1
|-boost|p2a: Susano'o|def|1
|move|p1a: Mandibuzz|U-turn|p2a: Susano'o
|-damage|p2a: Susano'o|94/100
|
|t:|1604641373
|switch|p1a: Dragapult|Dragapult, M|100/100|[from]move: U-turn
|
|-heal|p2a: Susano'o|99/100|[from] item: Leftovers
|-heal|p2a: Susano'o|100/100|[from] Grassy Terrain
|-fieldend|move: Grassy Terrain
|upkeep
|turn|29
|
|t:|1604641381
|move|p2a: Susano'o|Sucker Punch|p1a: Dragapult
|-supereffective|p1a: Dragapult
|-damage|p1a: Dragapult|0 fnt
|faint|p1a: Dragapult
|
|upkeep
|
|t:|1604641402
|switch|p1a: Urshifu|Urshifu, F|71/100
|turn|30
|
|t:|1604641406
|move|p1a: Urshifu|Poison Jab|p2a: Susano'o
|-supereffective|p2a: Susano'o
|-damage|p2a: Susano'o|54/100
|-damage|p1a: Urshifu|61/100|[from] item: Life Orb
|move|p2a: Susano'o|Spirit Break|p1a: Urshifu
|-supereffective|p1a: Urshifu
|-damage|p1a: Urshifu|0 fnt
|faint|p1a: Urshifu
|
|-heal|p2a: Susano'o|60/100|[from] item: Leftovers
|upkeep
|
|t:|1604641412
|switch|p1a: Rillaboom|Rillaboom, F|81/100
|-fieldstart|move: Grassy Terrain|[from] ability: Grassy Surge|[of] p1a: Rillaboom
|turn|31
|
|t:|1604641434
|move|p1a: Rillaboom|Grassy Glide|p2a: Susano'o
|-damage|p2a: Susano'o|20/100
|-damage|p1a: Rillaboom|71/100|[from] item: Life Orb
|move|p2a: Susano'o|Darkest Lariat|p1a: Rillaboom
|-damage|p1a: Rillaboom|0 fnt
|faint|p1a: Rillaboom
|
|-heal|p2a: Susano'o|26/100|[from] item: Leftovers
|-heal|p2a: Susano'o|32/100|[from] Grassy Terrain
|upkeep
|
|t:|1604641442
|switch|p1a: Swampert|Swampert, M|47/100 brn
|turn|32
|-message|Draco09876 forfeited.
|
|win|usualranger5
|l|☆Draco09876
|raw|Draco09876's rating: 1575 &rarr; <strong>1550</strong><br />(-25 for losing)
|raw|usualranger5's rating: 1478 &rarr; <strong>1504</strong><br />(+26 for winning)
