|j|☆corumba
|j|☆rocky012
|t:|1656092132
|gametype|singles
|player|p1|corumba|265|1750
|player|p2|rocky012|101|1796
|teamsize|p1|6
|teamsize|p2|6
|gen|8
|tier|[Gen 8] OU
|rated|
|rule|Sleep Clause Mod: Limit one foe put to sleep
|rule|Species Clause: Limit one of each Pokémon
|rule|OHKO Clause: OHKO moves are banned
|rule|Evasion Moves Clause: Evasion moves are banned
|rule|Endless Battle Clause: Forcing endless battles is banned
|rule|HP Percentage Mod: HP is shown in percentages
|rule|Dynamax Clause: You cannot dynamax
|clearpoke
|poke|p1|Melmetal|
|poke|p1|Mamoswine, F|
|poke|p1|Ferrothorn, F|
|poke|p1|Zarude|
|poke|p1|Dragapult, M|
|poke|p1|Dragonite, M|
|poke|p2|Zapdos|
|poke|p2|Heatran, M|
|poke|p2|Ferrothorn, M|
|poke|p2|Dragapult, F|
|poke|p2|Buzzwole|
|poke|p2|Blissey, F|
|teampreview
|j| clflucker
|inactive|Battle timer is ON: inactive players will automatically lose when time's up. (requested by rocky012)
|
|t:|1656092160
|start
|switch|p1a: Ferrothorn|Ferrothorn, F|100/100
|switch|p2a: Buzzwole|Buzzwole|100/100
|turn|1
|
|t:|1656092168
|switch|p1a: Dragapult|Dragapult, M|100/100
|move|p2a: Buzzwole|Close Combat|p1a: Dragapult
|-immune|p1a: Dragapult
|
|upkeep
|turn|2
|j| FantaOrangeGood
|
|t:|1656092172
|switch|p1a: Ferrothorn|Ferrothorn, F|100/100
|switch|p2a: Blissey|Blissey, F|100/100
|
|upkeep
|turn|3
|
|t:|1656092178
|move|p2a: Blissey|Thunder Wave|p1a: Ferrothorn
|-status|p1a: Ferrothorn|par
|cant|p1a: Ferrothorn|par
|
|upkeep
|turn|4
|
|t:|1656092183
|move|p1a: Ferrothorn|Spikes|p2a: Blissey
|-sidestart|p2: rocky012|Spikes
|move|p2a: Blissey|Teleport|p2a: Blissey
|
|t:|1656092188
|switch|p2a: Ferrothorn|Ferrothorn, M|100/100|[from]move: Teleport
|-damage|p2a: Ferrothorn|88/100|[from] Spikes
|
|-heal|p2a: Ferrothorn|94/100|[from] item: Leftovers
|upkeep
|turn|5
|
|t:|1656092197
|move|p2a: Ferrothorn|Spikes|p1a: Ferrothorn
|-sidestart|p1: corumba|Spikes
|move|p1a: Ferrothorn|Body Press|p2a: Ferrothorn
|-supereffective|p2a: Ferrothorn
|-damage|p2a: Ferrothorn|60/100
|-damage|p1a: Ferrothorn|88/100 par|[from] ability: Iron Barbs|[of] p2a: Ferrothorn
|
|-heal|p2a: Ferrothorn|66/100|[from] item: Leftovers
|-heal|p1a: Ferrothorn|94/100 par|[from] item: Leftovers
|upkeep
|turn|6
|
|t:|1656092201
|move|p2a: Ferrothorn|Spikes|p1a: Ferrothorn
|-sidestart|p1: corumba|Spikes
|cant|p1a: Ferrothorn|par
|
|-heal|p2a: Ferrothorn|73/100|[from] item: Leftovers
|-heal|p1a: Ferrothorn|99/100 par|[from] item: Leftovers
|upkeep
|turn|7
|
|t:|1656092204
|move|p2a: Ferrothorn|Spikes|p1a: Ferrothorn
|-sidestart|p1: corumba|Spikes
|move|p1a: Ferrothorn|Body Press|p2a: Ferrothorn
|-supereffective|p2a: Ferrothorn
|-damage|p2a: Ferrothorn|40/100
|-damage|p1a: Ferrothorn|88/100 par|[from] ability: Iron Barbs|[of] p2a: Ferrothorn
|
|-heal|p2a: Ferrothorn|46/100|[from] item: Leftovers
|-heal|p1a: Ferrothorn|94/100 par|[from] item: Leftovers
|upkeep
|turn|8
|
|t:|1656092207
|switch|p2a: Zapdos|Zapdos|100/100
|move|p1a: Ferrothorn|Spikes|p2a: Zapdos
|-sidestart|p2: rocky012|Spikes
|
|-heal|p1a: Ferrothorn|99/100 par|[from] item: Leftovers
|upkeep
|turn|9
|
|t:|1656092214
|switch|p1a: Dragonite|Dragonite, M|100/100
|move|p2a: Zapdos|Heat Wave|p1a: Dragonite
|-resisted|p1a: Dragonite
|-damage|p1a: Dragonite|95/100
|
|upkeep
|turn|10
|
|t:|1656092217
|move|p2a: Zapdos|Toxic|p1a: Dragonite
|-status|p1a: Dragonite|tox
|move|p1a: Dragonite|Ice Beam|p2a: Zapdos
|-supereffective|p2a: Zapdos
|-damage|p2a: Zapdos|60/100
|
|-damage|p1a: Dragonite|88/100 tox|[from] psn
|upkeep
|turn|11
|
|t:|1656092220
|switch|p1a: Mamoswine|Mamoswine, F|100/100
|move|p2a: Zapdos|Roost|p2a: Zapdos
|-heal|p2a: Zapdos|100/100
|-singleturn|p2a: Zapdos|move: Roost
|
|upkeep
|turn|12
|
|t:|1656092230
|switch|p2a: Heatran|Heatran, M|100/100
|-item|p2a: Heatran|Air Balloon
|move|p1a: Mamoswine|Stealth Rock|p2a: Heatran
|-sidestart|p2: rocky012|move: Stealth Rock
|
|upkeep
|turn|13
|
|t:|1656092240
|move|p2a: Heatran|Magma Storm|p1a: Mamoswine
|-supereffective|p1a: Mamoswine
|-damage|p1a: Mamoswine|29/100
|-activate|p1a: Mamoswine|move: Magma Storm|[of] p2a: Heatran
|move|p1a: Mamoswine|Icicle Crash|p2a: Heatran
|-resisted|p2a: Heatran
|-damage|p2a: Heatran|88/100
|-enditem|p2a: Heatran|Air Balloon
|
|-damage|p1a: Mamoswine|17/100|[from] move: Magma Storm|[partiallytrapped]
|upkeep
|turn|14
|
|t:|1656092246
|move|p2a: Heatran|Earth Power|p1a: Mamoswine
|-damage|p1a: Mamoswine|0 fnt
|faint|p1a: Mamoswine
|
|upkeep
|
|t:|1656092252
|switch|p1a: Dragonite|Dragonite, M|88/100 tox
|turn|15
|
|t:|1656092258
|switch|p2a: Zapdos|Zapdos|100/100
|move|p1a: Dragonite|Ice Beam|p2a: Zapdos
|-supereffective|p2a: Zapdos
|-damage|p2a: Zapdos|61/100
|
|-damage|p1a: Dragonite|82/100 tox|[from] psn
|upkeep
|turn|16
|
|t:|1656092266
|move|p2a: Zapdos|Roost|p2a: Zapdos
|-heal|p2a: Zapdos|100/100
|-singleturn|p2a: Zapdos|move: Roost
|move|p1a: Dragonite|Ice Beam|p2a: Zapdos
|-damage|p2a: Zapdos|81/100
|
|-damage|p1a: Dragonite|70/100 tox|[from] psn
|upkeep
|turn|17
|j| clozap9
|
|t:|1656092273
|switch|p1a: Ferrothorn|Ferrothorn, F|99/100 par
|-damage|p1a: Ferrothorn|75/100 par|[from] Spikes
|move|p2a: Zapdos|Volt Switch|p1a: Ferrothorn
|-resisted|p1a: Ferrothorn
|-damage|p1a: Ferrothorn|63/100 par
|
|t:|1656092275
|switch|p2a: Heatran|Heatran, M|88/100|[from]move: Volt Switch
|-damage|p2a: Heatran|72/100|[from] Spikes
|-damage|p2a: Heatran|59/100|[from] Stealth Rock
|
|-heal|p1a: Ferrothorn|69/100 par|[from] item: Leftovers
|upkeep
|turn|18
|
|t:|1656092284
|switch|p1a: Dragonite|Dragonite, M|70/100 tox
|move|p2a: Heatran|Magma Storm|p1a: Dragonite
|-resisted|p1a: Dragonite
|-damage|p1a: Dragonite|45/100 tox
|-activate|p1a: Dragonite|move: Magma Storm|[of] p2a: Heatran
|
|-damage|p1a: Dragonite|39/100 tox|[from] psn
|-damage|p1a: Dragonite|26/100 tox|[from] move: Magma Storm|[partiallytrapped]
|upkeep
|turn|19
|
|t:|1656092303
|switch|p2a: Zapdos|Zapdos|81/100
|move|p1a: Dragonite|Roost|p1a: Dragonite
|-heal|p1a: Dragonite|77/100 tox
|-singleturn|p1a: Dragonite|move: Roost
|
|-damage|p1a: Dragonite|64/100 tox|[from] psn
|-end|p1a: Dragonite|Magma Storm|[partiallytrapped]|[silent]
|upkeep
|turn|20
|
|t:|1656092322
|move|p2a: Zapdos|Volt Switch|p1a: Dragonite
|-damage|p1a: Dragonite|36/100 tox
|
|t:|1656092326
|switch|p2a: Ferrothorn|Ferrothorn, M|46/100|[from]move: Volt Switch
|-damage|p2a: Ferrothorn|29/100|[from] Spikes
|-damage|p2a: Ferrothorn|23/100|[from] Stealth Rock
|move|p1a: Dragonite|Ice Beam|p2a: Ferrothorn
|-damage|p2a: Ferrothorn|6/100
|
|-heal|p2a: Ferrothorn|12/100|[from] item: Leftovers
|-damage|p1a: Dragonite|17/100 tox|[from] psn
|upkeep
|turn|21
|
|t:|1656092333
|move|p1a: Dragonite|Earthquake|p2a: Ferrothorn
|-damage|p2a: Ferrothorn|0 fnt
|faint|p2a: Ferrothorn
|
|-damage|p1a: Dragonite|0 fnt|[from] psn
|faint|p1a: Dragonite
|upkeep
|l| clozap9
|
|t:|1656092343
|switch|p1a: Melmetal|Melmetal|100/100
|switch|p2a: Zapdos|Zapdos|81/100
|-damage|p1a: Melmetal|76/100|[from] Spikes
|turn|22
|
|t:|1656092351
|move|p2a: Zapdos|Heat Wave|p1a: Melmetal
|-supereffective|p1a: Melmetal
|-damage|p1a: Melmetal|17/100
|move|p1a: Melmetal|Ice Punch|p2a: Zapdos
|-supereffective|p2a: Zapdos
|-damage|p2a: Zapdos|10/100
|
|upkeep
|turn|23
|
|t:|1656092358
|move|p2a: Zapdos|Roost|p2a: Zapdos
|-heal|p2a: Zapdos|61/100
|-singleturn|p2a: Zapdos|move: Roost
|move|p1a: Melmetal|Superpower|p2a: Zapdos
|-damage|p2a: Zapdos|14/100
|-unboost|p1a: Melmetal|atk|1
|-unboost|p1a: Melmetal|def|1
|
|upkeep
|turn|24
|
|t:|1656092363
|switch|p1a: Dragapult|Dragapult, M|100/100
|move|p2a: Zapdos|Roost|p2a: Zapdos
|-heal|p2a: Zapdos|64/100
|-singleturn|p2a: Zapdos|move: Roost
|
|upkeep
|turn|25
|
|t:|1656092366
|switch|p2a: Blissey|Blissey, F|100/100
|move|p1a: Dragapult|Dragon Dance|p1a: Dragapult
|-boost|p1a: Dragapult|atk|1
|-boost|p1a: Dragapult|spe|1
|
|upkeep
|turn|26
|
|t:|1656092369
|move|p1a: Dragapult|Dragon Darts|p2a: Blissey
|-damage|p2a: Blissey|68/100
|-anim|p1a: Dragapult|Dragon Darts|p2a: Blissey
|-damage|p2a: Blissey|34/100
|move|p2a: Blissey|Thunder Wave|p1a: Dragapult
|-status|p1a: Dragapult|par
|
|upkeep
|turn|27
|
|t:|1656092372
|move|p1a: Dragapult|Dragon Darts|p2a: Blissey
|-damage|p2a: Blissey|0 fnt
|faint|p2a: Blissey
|
|upkeep
|
|t:|1656092375
|switch|p2a: Dragapult|Dragapult, F|100/100
|-damage|p2a: Dragapult|84/100|[from] Spikes
|-damage|p2a: Dragapult|72/100|[from] Stealth Rock
|turn|28
|
|t:|1656092382
|switch|p1a: Melmetal|Melmetal|17/100
|-damage|p1a: Melmetal|0 fnt|[from] Spikes
|faint|p1a: Melmetal
|move|p2a: Dragapult|Draco Meteor|p1: Melmetal|[notarget]
|-fail|p2a: Dragapult
|
|upkeep
|
|t:|1656092389
|switch|p1a: Ferrothorn|Ferrothorn, F|69/100 par
|-damage|p1a: Ferrothorn|44/100 par|[from] Spikes
|turn|29
|j| Ran Kob
|
|t:|1656092394
|switch|p2a: Zapdos|Zapdos|64/100
|cant|p1a: Ferrothorn|par
|
|-heal|p1a: Ferrothorn|50/100 par|[from] item: Leftovers
|upkeep
|turn|30
|
|t:|1656092397
|move|p2a: Zapdos|Roost|p2a: Zapdos
|-heal|p2a: Zapdos|100/100
|-singleturn|p2a: Zapdos|move: Roost
|cant|p1a: Ferrothorn|par
|
|-heal|p1a: Ferrothorn|56/100 par|[from] item: Leftovers
|upkeep
|turn|31
|l| Ran Kob
|
|t:|1656092403
|switch|p1a: Dragapult|Dragapult, M|100/100 par
|move|p2a: Zapdos|Heat Wave|p1a: Dragapult|[miss]
|-miss|p2a: Zapdos|p1a: Dragapult
|
|upkeep
|turn|32
|
|t:|1656092409
|move|p2a: Zapdos|Volt Switch|p1a: Dragapult
|-resisted|p1a: Dragapult
|-damage|p1a: Dragapult|82/100 par
|
|t:|1656092411
|switch|p2a: Heatran|Heatran, M|59/100|[from]move: Volt Switch
|-damage|p2a: Heatran|43/100|[from] Spikes
|-damage|p2a: Heatran|31/100|[from] Stealth Rock
|cant|p1a: Dragapult|par
|
|upkeep
|turn|33
|
|t:|1656092418
|move|p2a: Heatran|Earth Power|p1a: Dragapult
|-damage|p1a: Dragapult|39/100 par
|move|p1a: Dragapult|Dragon Darts|p2a: Heatran
|-resisted|p2a: Heatran
|-damage|p2a: Heatran|16/100
|-anim|p1a: Dragapult|Dragon Darts|p2a: Heatran
|-resisted|p2a: Heatran
|-damage|p2a: Heatran|3/100
|
|upkeep
|turn|34
|
|t:|1656092424
|switch|p1a: Ferrothorn|Ferrothorn, F|56/100 par
|-damage|p1a: Ferrothorn|32/100 par|[from] Spikes
|move|p2a: Heatran|Earth Power|p1a: Ferrothorn
|-damage|p1a: Ferrothorn|6/100 par
|
|-heal|p1a: Ferrothorn|12/100 par|[from] item: Leftovers
|upkeep
|turn|35
|
|t:|1656092428
|move|p2a: Heatran|Earth Power|p1a: Ferrothorn
|-damage|p1a: Ferrothorn|0 fnt
|faint|p1a: Ferrothorn
|
|upkeep
|
|t:|1656092430
|switch|p1a: Zarude|Zarude|100/100
|-damage|p1a: Zarude|76/100|[from] Spikes
|turn|36
|
|t:|1656092435
|move|p1a: Zarude|Darkest Lariat|p2a: Heatran
|-damage|p2a: Heatran|0 fnt
|faint|p2a: Heatran
|
|upkeep
|
|t:|1656092439
|switch|p2a: Buzzwole|Buzzwole|100/100
|-damage|p2a: Buzzwole|84/100|[from] Spikes
|-damage|p2a: Buzzwole|72/100|[from] Stealth Rock
|turn|37
|
|t:|1656092444
|move|p1a: Zarude|Bulk Up|p1a: Zarude
|-boost|p1a: Zarude|atk|1
|-boost|p1a: Zarude|def|1
|move|p2a: Buzzwole|Ice Punch|p1a: Zarude
|-supereffective|p1a: Zarude
|-damage|p1a: Zarude|26/100
|
|upkeep
|turn|38
|
|t:|1656092447
|move|p1a: Zarude|Acrobatics|p2a: Buzzwole
|-supereffective|p2a: Buzzwole
|-damage|p2a: Buzzwole|0 fnt
|faint|p2a: Buzzwole
|
|upkeep
|
|t:|1656092450
|switch|p2a: Dragapult|Dragapult, F|72/100
|-damage|p2a: Dragapult|55/100|[from] Spikes
|-damage|p2a: Dragapult|43/100|[from] Stealth Rock
|turn|39
|
|t:|1656092457
|move|p2a: Dragapult|Flamethrower|p1a: Zarude
|-supereffective|p1a: Zarude
|-damage|p1a: Zarude|0 fnt
|faint|p1a: Zarude
|
|upkeep
|-message|corumba forfeited.
|
|win|rocky012
|raw|corumba's rating: 1750 &rarr; <strong>1733</strong><br />(-17 for losing)
|raw|rocky012's rating: 1796 &rarr; <strong>1813</strong><br />(+17 for winning)
|l|☆corumba
