|j|☆SuperTheoryBros
|j|☆Le-Perpetrator
|t:|1632864593
|gametype|singles
|player|p1|SuperTheoryBros|102|1781
|player|p2|Le-Perpetrator|266|1726
|teamsize|p1|6
|teamsize|p2|6
|gen|8
|tier|[Gen 8] OU
|rated|
|rule|Sleep Clause Mod: Limit one foe put to sleep
|rule|Species Clause: Limit one of each Pokémon
|rule|OHKO Clause: OHKO moves are banned
|rule|Evasion Moves Clause: Evasion moves are banned
|rule|Endless Battle Clause: Forcing endless battles is banned
|rule|HP Percentage Mod: HP is shown in percentages
|rule|Dynamax Clause: You cannot dynamax
|clearpoke
|poke|p1|Ninetales-Alola, F|
|poke|p1|Arctozolt|
|poke|p1|Landorus-Therian, M|
|poke|p1|Heatran, M|
|poke|p1|Toxapex, M|
|poke|p1|Dragapult, M|
|poke|p2|Kyurem|
|poke|p2|Togekiss, F|
|poke|p2|Zeraora|
|poke|p2|Ferrothorn, M|
|poke|p2|Toxapex, F|
|poke|p2|Victini|
|teampreview
|inactive|Battle timer is ON: inactive players will automatically lose when time's up. (requested by SuperTheoryBros)
|inactive|SuperTheoryBros has 120 seconds left.
|inactive|Le-Perpetrator has 120 seconds left.
|j| Ismail-Mimox
|
|t:|1632864627
|start
|switch|p1a: Dragapult|Dragapult, M|100/100
|switch|p2a: Zeraora|Zeraora|100/100
|turn|1
|l| Ismail-Mimox
|
|t:|1632864654
|move|p1a: Dragapult|Will-O-Wisp|p2a: Zeraora|[miss]
|-miss|p1a: Dragapult|p2a: Zeraora
|move|p2a: Zeraora|Knock Off|p1a: Dragapult
|-supereffective|p1a: Dragapult
|-damage|p1a: Dragapult|0 fnt
|-enditem|p1a: Dragapult|Choice Scarf|[from] move: Knock Off|[of] p2a: Zeraora
|faint|p1a: Dragapult
|
|upkeep
|
|t:|1632864661
|switch|p1a: Landorus|Landorus-Therian, M|100/100
|-ability|p1a: Landorus|Intimidate|boost
|-unboost|p2a: Zeraora|atk|1
|turn|2
|
|t:|1632864671
|switch|p2a: Ferrothorn|Ferrothorn, M|100/100
|move|p1a: Landorus|Stealth Rock|p2a: Ferrothorn
|-sidestart|p2: Le-Perpetrator|move: Stealth Rock
|
|upkeep
|turn|3
|
|t:|1632864685
|switch|p1a: Heatran|Heatran, M|100/100
|-item|p1a: Heatran|Air Balloon
|move|p2a: Ferrothorn|Stealth Rock|p1a: Heatran
|-sidestart|p1: SuperTheoryBros|move: Stealth Rock
|
|upkeep
|turn|4
|
|t:|1632864694
|switch|p2a: Toxapex|Toxapex, F|100/100
|-damage|p2a: Toxapex|88/100|[from] Stealth Rock
|move|p1a: Heatran|Magma Storm|p2a: Toxapex
|-resisted|p2a: Toxapex
|-damage|p2a: Toxapex|72/100
|-activate|p2a: Toxapex|move: Magma Storm|[of] p1a: Heatran
|
|-heal|p2a: Toxapex|78/100|[from] item: Black Sludge
|-damage|p2a: Toxapex|66/100|[from] move: Magma Storm|[partiallytrapped]
|upkeep
|turn|5
|
|t:|1632864703
|move|p1a: Heatran|Earth Power|p2a: Toxapex
|-supereffective|p2a: Toxapex
|-crit|p2a: Toxapex
|-damage|p2a: Toxapex|13/100
|move|p2a: Toxapex|Scald|p1a: Heatran
|-supereffective|p1a: Heatran
|-damage|p1a: Heatran|77/100
|-enditem|p1a: Heatran|Air Balloon
|
|-heal|p2a: Toxapex|20/100|[from] item: Black Sludge
|-damage|p2a: Toxapex|7/100|[from] move: Magma Storm|[partiallytrapped]
|upkeep
|turn|6
|
|t:|1632864714
|move|p1a: Heatran|Earth Power|p2a: Toxapex
|-supereffective|p2a: Toxapex
|-damage|p2a: Toxapex|0 fnt
|faint|p2a: Toxapex
|
|upkeep
|
|t:|1632864718
|switch|p2a: Zeraora|Zeraora|100/100
|-damage|p2a: Zeraora|88/100|[from] Stealth Rock
|turn|7
|
|t:|1632864731
|move|p2a: Zeraora|Close Combat|p1a: Heatran
|-supereffective|p1a: Heatran
|-damage|p1a: Heatran|0 fnt
|-unboost|p2a: Zeraora|def|1
|-unboost|p2a: Zeraora|spd|1
|faint|p1a: Heatran
|
|upkeep
|
|t:|1632864749
|switch|p1a: Toxapex|Toxapex, M|100/100
|-damage|p1a: Toxapex|88/100|[from] Stealth Rock
|turn|8
|
|t:|1632864759
|switch|p2a: Kyurem|Kyurem|100/100
|-damage|p2a: Kyurem|75/100|[from] Stealth Rock
|-ability|p2a: Kyurem|Pressure
|move|p1a: Toxapex|Toxic Spikes|p2a: Kyurem
|-sidestart|p2: Le-Perpetrator|move: Toxic Spikes
|
|-heal|p1a: Toxapex|94/100|[from] item: Black Sludge
|upkeep
|turn|9
|
|t:|1632864769
|switch|p1a: Ninetales|Ninetales-Alola, F|100/100
|-damage|p1a: Ninetales|76/100|[from] Stealth Rock
|-weather|Hail|[from] ability: Snow Warning|[of] p1a: Ninetales
|move|p2a: Kyurem|Freeze-Dry|p1a: Ninetales
|-resisted|p1a: Ninetales
|-damage|p1a: Ninetales|50/100
|
|-weather|Hail|[upkeep]
|upkeep
|turn|10
|
|t:|1632864780
|switch|p2a: Ferrothorn|Ferrothorn, M|100/100
|-damage|p2a: Ferrothorn|94/100|[from] Stealth Rock
|move|p1a: Ninetales|Aurora Veil|p1a: Ninetales
|-sidestart|p1: SuperTheoryBros|move: Aurora Veil
|
|-weather|Hail|[upkeep]
|-damage|p2a: Ferrothorn|88/100|[from] Hail
|upkeep
|turn|11
|
|t:|1632864802
|switch|p1a: Toxapex|Toxapex, M|100/100
|-damage|p1a: Toxapex|88/100|[from] Stealth Rock
|move|p2a: Ferrothorn|Leech Seed|p1a: Toxapex
|-start|p1a: Toxapex|move: Leech Seed
|
|-weather|Hail|[upkeep]
|-damage|p1a: Toxapex|82/100|[from] Hail
|-damage|p2a: Ferrothorn|82/100|[from] Hail
|-heal|p1a: Toxapex|88/100|[from] item: Black Sludge
|-damage|p1a: Toxapex|76/100|[from] Leech Seed|[of] p2a: Ferrothorn
|-heal|p2a: Ferrothorn|92/100|[silent]
|upkeep
|turn|12
|inactive|SuperTheoryBros has 120 seconds left.
|
|t:|1632864836
|move|p1a: Toxapex|Knock Off|p2a: Ferrothorn
|-damage|p2a: Ferrothorn|82/100
|-damage|p1a: Toxapex|64/100|[from] ability: Iron Barbs|[of] p2a: Ferrothorn
|-damage|p1a: Toxapex|47/100|[from] item: Rocky Helmet|[of] p2a: Ferrothorn
|-enditem|p2a: Ferrothorn|Rocky Helmet|[from] move: Knock Off|[of] p1a: Toxapex
|move|p2a: Ferrothorn|Spikes|p1a: Toxapex
|-sidestart|p1: SuperTheoryBros|Spikes
|
|-weather|Hail|[upkeep]
|-damage|p1a: Toxapex|41/100|[from] Hail
|-damage|p2a: Ferrothorn|76/100|[from] Hail
|-heal|p1a: Toxapex|47/100|[from] item: Black Sludge
|-damage|p1a: Toxapex|35/100|[from] Leech Seed|[of] p2a: Ferrothorn
|-heal|p2a: Ferrothorn|87/100|[silent]
|upkeep
|turn|13
|
|t:|1632864849
|switch|p1a: Arctozolt|Arctozolt|100/100
|move|p2a: Ferrothorn|Spikes|p1a: Arctozolt
|-sidestart|p1: SuperTheoryBros|Spikes
|
|-weather|Hail|[upkeep]
|-damage|p2a: Ferrothorn|80/100|[from] Hail
|upkeep
|turn|14
|j| ThisOneWoof
|
|t:|1632864857
|move|p1a: Arctozolt|Low Kick|p2a: Ferrothorn
|-supereffective|p2a: Ferrothorn
|-damage|p2a: Ferrothorn|37/100
|-damage|p1a: Arctozolt|88/100|[from] ability: Iron Barbs|[of] p2a: Ferrothorn
|move|p2a: Ferrothorn|Gyro Ball|p1a: Arctozolt
|-damage|p1a: Arctozolt|60/100
|
|-weather|Hail|[upkeep]
|-damage|p2a: Ferrothorn|31/100|[from] Hail
|-sideend|p1: SuperTheoryBros|move: Aurora Veil
|upkeep
|turn|15
|l| ThisOneWoof
|inactive|SuperTheoryBros has 120 seconds left.
|
|t:|1632864868
|move|p1a: Arctozolt|Low Kick|p2a: Ferrothorn
|-supereffective|p2a: Ferrothorn
|-damage|p2a: Ferrothorn|0 fnt
|-damage|p1a: Arctozolt|47/100|[from] ability: Iron Barbs|[of] p2a: Ferrothorn
|faint|p2a: Ferrothorn
|
|-weather|Hail|[upkeep]
|upkeep
|
|t:|1632864875
|switch|p2a: Victini|Victini|100/100
|-damage|p2a: Victini|76/100|[from] Stealth Rock
|-status|p2a: Victini|psn
|turn|16
|inactive|SuperTheoryBros has 120 seconds left.
|
|t:|1632864896
|move|p1a: Arctozolt|Bolt Beak|p2a: Victini
|-damage|p2a: Victini|5/100 psn
|move|p2a: Victini|Zen Headbutt|p1a: Arctozolt
|-damage|p1a: Arctozolt|0 fnt
|faint|p1a: Arctozolt
|
|-weather|none
|-damage|p2a: Victini|0 fnt|[from] psn
|faint|p2a: Victini
|upkeep
|j| Limited_Toolkit
|
|t:|1632864922
|switch|p2a: Zeraora|Zeraora|88/100
|switch|p1a: Landorus|Landorus-Therian, M|100/100
|-damage|p2a: Zeraora|76/100|[from] Stealth Rock
|-status|p2a: Zeraora|psn
|-damage|p1a: Landorus|88/100|[from] Stealth Rock
|-ability|p1a: Landorus|Intimidate|boost
|-unboost|p2a: Zeraora|atk|1
|turn|17
|j| Yayn
|j| tonyrick
|inactive|SuperTheoryBros has 90 seconds left.
|
|t:|1632864943
|switch|p2a: Togekiss|Togekiss, F|100/100
|-damage|p2a: Togekiss|76/100|[from] Stealth Rock
|move|p1a: Landorus|U-turn|p2a: Togekiss
|-resisted|p2a: Togekiss
|-damage|p2a: Togekiss|70/100
|l| Yayn
|
|t:|1632864950
|switch|p1a: Ninetales|Ninetales-Alola, F|50/100|[from]move: U-turn
|-damage|p1a: Ninetales|33/100|[from] Spikes
|-damage|p1a: Ninetales|8/100|[from] Stealth Rock
|-weather|Hail|[from] ability: Snow Warning|[of] p1a: Ninetales
|
|-weather|Hail|[upkeep]
|-damage|p2a: Togekiss|64/100|[from] Hail
|-heal|p2a: Togekiss|70/100|[from] item: Leftovers
|upkeep
|turn|18
|inactive|SuperTheoryBros has 90 seconds left.
|
|t:|1632864961
|switch|p2a: Zeraora|Zeraora|76/100 psn
|-damage|p2a: Zeraora|64/100 psn|[from] Stealth Rock
|move|p1a: Ninetales|Aurora Veil|p1a: Ninetales
|-sidestart|p1: SuperTheoryBros|move: Aurora Veil
|
|-weather|Hail|[upkeep]
|-damage|p2a: Zeraora|58/100 psn|[from] Hail
|-damage|p2a: Zeraora|45/100 psn|[from] psn
|upkeep
|turn|19
|inactive|SuperTheoryBros has 90 seconds left.
|inactive|SuperTheoryBros has 60 seconds left.
|
|t:|1632865002
|switch|p1a: Landorus|Landorus-Therian, M|88/100
|-damage|p1a: Landorus|76/100|[from] Stealth Rock
|-ability|p1a: Landorus|Intimidate|boost
|-unboost|p2a: Zeraora|atk|1
|move|p2a: Zeraora|Volt Switch|p1a: Landorus
|-immune|p1a: Landorus
|
|-weather|Hail|[upkeep]
|-damage|p2a: Zeraora|39/100 psn|[from] Hail
|-damage|p1a: Landorus|70/100|[from] Hail
|-heal|p1a: Landorus|76/100|[from] item: Leftovers
|-damage|p2a: Zeraora|27/100 psn|[from] psn
|upkeep
|turn|20
|inactive|SuperTheoryBros has 60 seconds left.
|
|t:|1632865018
|switch|p2a: Togekiss|Togekiss, F|70/100
|-damage|p2a: Togekiss|45/100|[from] Stealth Rock
|move|p1a: Landorus|Weather Ball|p2a: Togekiss
|-supereffective|p2a: Togekiss
|-damage|p2a: Togekiss|0 fnt
|faint|p2a: Togekiss
|
|-weather|Hail|[upkeep]
|-damage|p1a: Landorus|70/100|[from] Hail
|-heal|p1a: Landorus|76/100|[from] item: Leftovers
|upkeep
|
|t:|1632865028
|switch|p2a: Kyurem|Kyurem|75/100
|-status|p2a: Kyurem|psn
|-damage|p2a: Kyurem|50/100 psn|[from] Stealth Rock
|-ability|p2a: Kyurem|Pressure
|turn|21
|inactive|SuperTheoryBros has 60 seconds left.
|
|t:|1632865049
|switch|p1a: Ninetales|Ninetales-Alola, F|8/100
|-damage|p1a: Ninetales|0 fnt|[from] Spikes
|faint|p1a: Ninetales
|move|p2a: Kyurem|Freeze-Dry|p1: Ninetales|[notarget]
|-fail|p2a: Kyurem
|
|-weather|Hail|[upkeep]
|-damage|p2a: Kyurem|38/100 psn|[from] psn
|upkeep
|
|t:|1632865051
|switch|p1a: Toxapex|Toxapex, M|68/100
|-damage|p1a: Toxapex|56/100|[from] Stealth Rock
|-damage|p1a: Toxapex|40/100|[from] Spikes
|turn|22
|
|t:|1632865060
|move|p2a: Kyurem|Freeze-Dry|p1a: Toxapex
|-supereffective|p1a: Toxapex
|-damage|p1a: Toxapex|7/100
|move|p1a: Toxapex|Recover|p1a: Toxapex
|-heal|p1a: Toxapex|57/100
|
|-weather|Hail|[upkeep]
|-damage|p1a: Toxapex|51/100|[from] Hail
|-heal|p1a: Toxapex|57/100|[from] item: Black Sludge
|-damage|p2a: Kyurem|25/100 psn|[from] psn
|-sideend|p1: SuperTheoryBros|move: Aurora Veil
|upkeep
|turn|23
|inactive|SuperTheoryBros has 60 seconds left.
|-message|SuperTheoryBros forfeited.
|
|win|Le-Perpetrator
|raw|SuperTheoryBros's rating: 1781 &rarr; <strong>1758</strong><br />(-23 for losing)
|raw|Le-Perpetrator's rating: 1726 &rarr; <strong>1749</strong><br />(+23 for winning)
|l|☆SuperTheoryBros
