|j|☆JooshP
|j|☆cornelius st.
|t:|1655381468
|gametype|singles
|player|p1|JooshP|red|1685
|player|p2|cornelius st.|harlequin|1618
|teamsize|p1|6
|teamsize|p2|6
|gen|8
|tier|[Gen 8] OU
|rated|
|rule|Sleep Clause Mod: Limit one foe put to sleep
|rule|Species Clause: Limit one of each Pokémon
|rule|OHKO Clause: OHKO moves are banned
|rule|Evasion Moves Clause: Evasion moves are banned
|rule|Endless Battle Clause: Forcing endless battles is banned
|rule|HP Percentage Mod: HP is shown in percentages
|rule|Dynamax Clause: You cannot dynamax
|clearpoke
|poke|p1|Kartana|
|poke|p1|Urshifu-*, M|
|poke|p1|Landorus-Therian, M|
|poke|p1|Aegislash, M|
|poke|p1|Bisharp, M|
|poke|p1|Latios, M|
|poke|p2|Gengar, F|
|poke|p2|Dragapult, F|
|poke|p2|Blacephalon|
|poke|p2|Zeraora|
|poke|p2|Skarmory, F|
|poke|p2|Tyranitar, F|
|teampreview
|inactive|Battle timer is ON: inactive players will automatically lose when time's up. (requested by cornelius st.)
|
|t:|1655381487
|start
|switch|p1a: Enten|Landorus-Therian, M, shiny|100/100
|switch|p2a: Dragapult|Dragapult, F|100/100
|-ability|p1a: Enten|Intimidate|boost
|-unboost|p2a: Dragapult|atk|1
|turn|1
|
|t:|1655381491
|move|p2a: Dragapult|Draco Meteor|p1a: Enten
|-enditem|p1a: Enten|Focus Sash
|-damage|p1a: Enten|1/100
|-unboost|p2a: Dragapult|spa|2
|move|p1a: Enten|Earthquake|p2a: Dragapult
|-damage|p2a: Dragapult|28/100
|
|upkeep
|turn|2
|j| Sino pacific
|
|t:|1655381497
|switch|p1a: Achilles|Aegislash, M, shiny|100/100
|move|p2a: Dragapult|Draco Meteor|p1a: Achilles
|-resisted|p1a: Achilles
|-damage|p1a: Achilles|83/100
|-unboost|p2a: Dragapult|spa|2
|
|upkeep
|turn|3
|
|t:|1655381510
|switch|p1a: Enten|Landorus-Therian, M, shiny|1/100
|-ability|p1a: Enten|Intimidate|boost
|-unboost|p2a: Dragapult|atk|1
|move|p2a: Dragapult|Draco Meteor|p1a: Enten
|-damage|p1a: Enten|0 fnt
|-unboost|p2a: Dragapult|spa|2
|faint|p1a: Enten
|
|upkeep
|
|t:|1655381519
|switch|p1a: Bishop|Bisharp, M, shiny|100/100
|turn|4
|
|t:|1655381523
|switch|p2a: Skarmory|Skarmory, F|100/100
|move|p1a: Bishop|Swords Dance|p1a: Bishop
|-boost|p1a: Bishop|atk|2
|
|upkeep
|turn|5
|
|t:|1655381528
|move|p1a: Bishop|Beat Up|p2a: Skarmory
|-damage|p2a: Skarmory|86/100
|-damage|p2a: Skarmory|71/100
|-damage|p2a: Skarmory|52/100
|-damage|p2a: Skarmory|44/100
|-damage|p2a: Skarmory|32/100
|-hitcount|p2a: Skarmory|5
|-damage|p1a: Bishop|91/100|[from] item: Life Orb
|move|p2a: Skarmory|Body Press|p1a: Bishop
|-supereffective|p1a: Bishop
|-damage|p1a: Bishop|0 fnt
|faint|p1a: Bishop
|
|upkeep
|
|t:|1655381539
|switch|p1a: Poseidon-Blade|Urshifu-Rapid-Strike, M|100/100
|turn|6
|
|t:|1655381547
|move|p1a: Poseidon-Blade|Surging Strikes|p2a: Skarmory
|-crit|p2a: Skarmory
|-damage|p2a: Skarmory|15/100
|-damage|p1a: Poseidon-Blade|84/100|[from] item: Rocky Helmet|[of] p2a: Skarmory
|-crit|p2a: Skarmory
|-damage|p2a: Skarmory|0 fnt
|-damage|p1a: Poseidon-Blade|67/100|[from] item: Rocky Helmet|[of] p2a: Skarmory
|faint|p2a: Skarmory
|-hitcount|p2: Skarmory|2
|
|upkeep
|
|t:|1655381560
|switch|p2a: Blacephalon|Blacephalon|100/100
|turn|7
|inactive|JooshP has 120 seconds left.
|
|t:|1655381593
|move|p2a: Blacephalon|Shadow Ball|p1a: Poseidon-Blade
|-damage|p1a: Poseidon-Blade|0 fnt
|faint|p1a: Poseidon-Blade
|-ability|p2a: Blacephalon|Beast Boost|boost
|-boost|p2a: Blacephalon|spa|1
|
|upkeep
|
|t:|1655381596
|switch|p1a: Deathstroke|Kartana, shiny|100/100
|turn|8
|
|t:|1655381600
|switch|p2a: Tyranitar|Tyranitar, F|100/100
|-weather|Sandstorm|[from] ability: Sand Stream|[of] p2a: Tyranitar
|move|p1a: Deathstroke|Knock Off|p2a: Tyranitar
|-resisted|p2a: Tyranitar
|-damage|p2a: Tyranitar|84/100
|-enditem|p2a: Tyranitar|Choice Band|[from] move: Knock Off|[of] p1a: Deathstroke
|
|-weather|Sandstorm|[upkeep]
|upkeep
|turn|9
|
|t:|1655381611
|switch|p1a: Avalon|Latios, M, shiny|100/100
|move|p2a: Tyranitar|Crunch|p1a: Avalon
|-supereffective|p1a: Avalon
|-damage|p1a: Avalon|0 fnt
|faint|p1a: Avalon
|
|-weather|Sandstorm|[upkeep]
|upkeep
|
|t:|1655381616
|switch|p1a: Deathstroke|Kartana, shiny|100/100
|turn|10
|
|t:|1655381636
|move|p1a: Deathstroke|Leaf Blade|p2a: Tyranitar
|-supereffective|p2a: Tyranitar
|-damage|p2a: Tyranitar|0 fnt
|faint|p2a: Tyranitar
|-ability|p1a: Deathstroke|Beast Boost|boost
|-boost|p1a: Deathstroke|atk|1
|
|-weather|Sandstorm|[upkeep]
|upkeep
|
|t:|1655381641
|switch|p2a: Gengar|Gengar, F|100/100
|turn|11
|inactive|JooshP has 120 seconds left.
|
|t:|1655381682
|move|p2a: Gengar|Shadow Ball|p1a: Deathstroke
|-damage|p1a: Deathstroke|0 fnt
|faint|p1a: Deathstroke
|
|-weather|Sandstorm|[upkeep]
|-damage|p2a: Gengar|94/100|[from] Sandstorm
|upkeep
|-message|JooshP forfeited.
|
|win|cornelius st.
|raw|JooshP's rating: 1668 &rarr; <strong>1645</strong><br />(-23 for losing)
|raw|cornelius st.'s rating: 1618 &rarr; <strong>1641</strong><br />(+23 for winning)
|l|☆JooshP
|l| Sino pacific
