|raw|<div class="broadcast-blue"><strong>This battle is required to be public due to a player having a name starting with 'lt94je'.</div>
|j|☆LT94JE Jack G
|j|☆antarctozolt
|t:|1661700823
|gametype|singles
|player|p1|LT94JE Jack G|biker|1734
|player|p2|antarctozolt|skier|1772
|teamsize|p1|6
|teamsize|p2|6
|gen|8
|tier|[Gen 8] OU
|rated|
|rule|Sleep Clause Mod: Limit one foe put to sleep
|rule|Species Clause: Limit one of each Pokémon
|rule|OHKO Clause: OHKO moves are banned
|rule|Evasion Items Clause: Evasion items are banned
|rule|Evasion Moves Clause: Evasion moves are banned
|rule|Endless Battle Clause: Forcing endless battles is banned
|rule|HP Percentage Mod: HP is shown in percentages
|rule|Dynamax Clause: You cannot dynamax
|clearpoke
|poke|p1|Kartana|
|poke|p1|Landorus-Therian, M|
|poke|p1|Moltres-Galar|
|poke|p1|Blaziken, F|
|poke|p1|Ninetales-Alola, M|
|poke|p1|Volcarona, F|
|poke|p2|Mew|
|poke|p2|Weavile, M|
|poke|p2|Dragapult, F|
|poke|p2|Azumarill, F|
|poke|p2|Landorus-Therian, M|
|poke|p2|Blacephalon|
|teampreview
|
|t:|1661700832
|start
|switch|p1a: Ninetales|Ninetales-Alola, M|100/100
|switch|p2a: Mew|Mew|100/100
|-weather|Hail|[from] ability: Snow Warning|[of] p1a: Ninetales
|turn|1
|
|t:|1661700835
|move|p1a: Ninetales|Blizzard|p2a: Mew
|-damage|p2a: Mew|71/100
|-status|p2a: Mew|frz
|-curestatus|p2a: Mew|frz|[msg]
|move|p2a: Mew|Stealth Rock|p1a: Ninetales
|-sidestart|p1: LT94JE Jack G|move: Stealth Rock
|
|-weather|Hail|[upkeep]
|-damage|p2a: Mew|65/100|[from] Hail
|upkeep
|turn|2
|j| Magik xd
|
|t:|1661700838
|move|p1a: Ninetales|Blizzard|p2a: Mew
|-damage|p2a: Mew|40/100
|move|p2a: Mew|Spikes|p1a: Ninetales
|-sidestart|p1: LT94JE Jack G|Spikes
|
|-weather|Hail|[upkeep]
|-damage|p2a: Mew|34/100|[from] Hail
|upkeep
|turn|3
|
|t:|1661700844
|move|p1a: Ninetales|Aurora Veil|p1a: Ninetales
|-sidestart|p1: LT94JE Jack G|move: Aurora Veil
|move|p2a: Mew|Explosion|p1a: Ninetales
|-damage|p1a: Ninetales|66/100
|faint|p2a: Mew
|
|-weather|Hail|[upkeep]
|upkeep
|
|t:|1661700848
|switch|p2a: Dragapult|Dragapult, F|100/100
|turn|4
|
|t:|1661700852
|move|p2a: Dragapult|Flamethrower|p1a: Ninetales
|-supereffective|p1a: Ninetales
|-damage|p1a: Ninetales|0 fnt
|faint|p1a: Ninetales
|
|-weather|Hail|[upkeep]
|-damage|p2a: Dragapult|95/100|[from] Hail
|upkeep
|
|t:|1661700855
|switch|p1a: Landorus|Landorus-Therian, M, shiny|100/100
|-damage|p1a: Landorus|88/100|[from] Stealth Rock
|-ability|p1a: Landorus|Intimidate|boost
|-unboost|p2a: Dragapult|atk|1
|turn|5
|l| Magik xd
|
|t:|1661700870
|switch|p2a: Landorus|Landorus-Therian, M|100/100
|-ability|p2a: Landorus|Intimidate|boost
|-unboost|p1a: Landorus|atk|1
|move|p1a: Landorus|Defog|p2a: Landorus
|-unboost|p2a: Landorus|evasion|1
|-sideend|p1: LT94JE Jack G|Spikes|[from] move: Defog|[of] p1a: Landorus
|-sideend|p1: LT94JE Jack G|Stealth Rock|[from] move: Defog|[of] p1a: Landorus
|
|-weather|none
|-heal|p1a: Landorus|94/100|[from] item: Leftovers
|upkeep
|turn|6
|
|t:|1661700873
|switch|p1a: Kartana|Kartana, shiny|100/100
|move|p2a: Landorus|Swords Dance|p2a: Landorus
|-boost|p2a: Landorus|atk|2
|
|upkeep
|turn|7
|
|t:|1661700879
|move|p1a: Kartana|Swords Dance|p1a: Kartana
|-boost|p1a: Kartana|atk|2
|move|p2a: Landorus|Earthquake|p1a: Kartana
|-damage|p1a: Kartana|44/100
|
|upkeep
|turn|8
|
|t:|1661700881
|switch|p2a: Dragapult|Dragapult, F|95/100
|move|p1a: Kartana|Leaf Blade|p2a: Dragapult
|-resisted|p2a: Dragapult
|-damage|p2a: Dragapult|30/100
|
|upkeep
|turn|9
|
|t:|1661700887
|switch|p1a: Landorus|Landorus-Therian, M, shiny|94/100
|-ability|p1a: Landorus|Intimidate|boost
|-unboost|p2a: Dragapult|atk|1
|move|p2a: Dragapult|Flamethrower|p1a: Landorus
|-crit|p1a: Landorus
|-damage|p1a: Landorus|52/100
|
|-heal|p1a: Landorus|58/100|[from] item: Leftovers
|upkeep
|turn|10
|
|t:|1661700890
|switch|p2a: Landorus|Landorus-Therian, M|100/100
|-ability|p2a: Landorus|Intimidate|boost
|-unboost|p1a: Landorus|atk|1
|switch|p1a: Kartana|Kartana, shiny|44/100
|
|-sideend|p1: LT94JE Jack G|move: Aurora Veil
|upkeep
|turn|11
|
|t:|1661700893
|switch|p2a: Dragapult|Dragapult, F|30/100
|move|p1a: Kartana|Swords Dance|p1a: Kartana
|-boost|p1a: Kartana|atk|2
|
|upkeep
|turn|12
|
|t:|1661700896
|switch|p1a: Landorus|Landorus-Therian, M, shiny|58/100
|-ability|p1a: Landorus|Intimidate|boost
|-unboost|p2a: Dragapult|atk|1
|move|p2a: Dragapult|Flamethrower|p1a: Landorus
|-damage|p1a: Landorus|31/100
|-status|p1a: Landorus|brn
|
|-heal|p1a: Landorus|37/100 brn|[from] item: Leftovers
|-damage|p1a: Landorus|31/100 brn|[from] brn
|upkeep
|turn|13
|
|t:|1661700899
|switch|p2a: Landorus|Landorus-Therian, M|100/100
|-ability|p2a: Landorus|Intimidate|boost
|-unboost|p1a: Landorus|atk|1
|move|p1a: Landorus|Stealth Rock|p2a: Landorus
|-sidestart|p2: antarctozolt|move: Stealth Rock
|
|-heal|p1a: Landorus|37/100 brn|[from] item: Leftovers
|-damage|p1a: Landorus|31/100 brn|[from] brn
|upkeep
|turn|14
|
|t:|1661700908
|switch|p1a: Kartana|Kartana, shiny|44/100
|move|p2a: Landorus|Swords Dance|p2a: Landorus
|-boost|p2a: Landorus|atk|2
|
|upkeep
|turn|15
|
|t:|1661700909
|move|p1a: Kartana|Leaf Blade|p2a: Landorus
|-damage|p2a: Landorus|47/100
|move|p2a: Landorus|Rock Polish|p2a: Landorus
|-boost|p2a: Landorus|spe|2
|
|upkeep
|turn|16
|
|t:|1661700916
|move|p2a: Landorus|Earthquake|p1a: Kartana
|-damage|p1a: Kartana|0 fnt
|faint|p1a: Kartana
|
|upkeep
|
|t:|1661700920
|switch|p1a: Blaziken|Blaziken, F, shiny|100/100
|-item|p1a: Blaziken|Air Balloon
|turn|17
|
|t:|1661700924
|move|p2a: Landorus|Stone Edge|p1a: Blaziken
|-damage|p1a: Blaziken|0 fnt
|-enditem|p1a: Blaziken|Air Balloon
|faint|p1a: Blaziken
|
|upkeep
|
|t:|1661700930
|switch|p1a: Moltres|Moltres-Galar|100/100
|turn|18
|
|t:|1661700931
|move|p2a: Landorus|Stone Edge|p1a: Moltres
|-supereffective|p1a: Moltres
|-crit|p1a: Moltres
|-damage|p1a: Moltres|0 fnt
|faint|p1a: Moltres
|
|upkeep
|-message|LT94JE Jack G forfeited.
|
|win|antarctozolt
|raw|LT94JE Jack G's rating: 1734 &rarr; <strong>1716</strong><br />(-18 for losing)
|raw|antarctozolt's rating: 1772 &rarr; <strong>1790</strong><br />(+18 for winning)
|l|☆LT94JE Jack G
|c|☆antarctozolt|GG
|c|☆antarctozolt|JACK GG
