|j|☆SeigneurFou
|j|☆CowpieMike
|t:|1660561101
|gametype|singles
|player|p1|SeigneurFou|265|1631
|player|p2|CowpieMike|scientist-gen4dp|1617
|teamsize|p1|6
|teamsize|p2|6
|gen|8
|tier|[Gen 8] OU
|rated|
|rule|Sleep Clause Mod: Limit one foe put to sleep
|rule|Species Clause: Limit one of each Pokémon
|rule|OHKO Clause: OHKO moves are banned
|rule|Evasion Items Clause: Evasion items are banned
|rule|Evasion Moves Clause: Evasion moves are banned
|rule|Endless Battle Clause: Forcing endless battles is banned
|rule|HP Percentage Mod: HP is shown in percentages
|rule|Dynamax Clause: You cannot dynamax
|clearpoke
|poke|p1|Weavile, F|
|poke|p1|Landorus-Therian, M|
|poke|p1|Regieleki|
|poke|p1|Scizor, F|
|poke|p1|Kartana|
|poke|p1|Ditto|
|poke|p2|Landorus-Therian, M|
|poke|p2|Buzzwole|
|poke|p2|Heatran, F|
|poke|p2|Melmetal|
|poke|p2|Volcanion|
|poke|p2|Rillaboom, M|
|teampreview
|inactive|Battle timer is ON: inactive players will automatically lose when time's up. (requested by CowpieMike)
|inactive|SeigneurFou also wants the timer to be on.
|
|t:|1660561114
|start
|switch|p1a: Weavile|Weavile, F|100/100
|switch|p2a: Heatran|Heatran, F|100/100
|-ability|p1a: Weavile|Pressure
|-item|p2a: Heatran|Air Balloon
|turn|1
|
|t:|1660561122
|move|p1a: Weavile|Knock Off|p2a: Heatran
|-damage|p2a: Heatran|57/100
|-status|p1a: Weavile|brn|[from] ability: Flame Body|[of] p2a: Heatran
|-enditem|p2a: Heatran|Air Balloon
|move|p2a: Heatran|Lava Plume|p1a: Weavile
|-supereffective|p1a: Weavile
|-damage|p1a: Weavile|12/100 brn
|
|-damage|p1a: Weavile|6/100 brn|[from] brn
|upkeep
|turn|2
|
|t:|1660561132
|move|p1a: Weavile|Knock Off|p2a: Heatran
|-damage|p2a: Heatran|40/100
|move|p2a: Heatran|Lava Plume|p1a: Weavile
|-supereffective|p1a: Weavile
|-damage|p1a: Weavile|0 fnt
|faint|p1a: Weavile
|
|upkeep
|
|t:|1660561151
|switch|p1a: Landorus|Landorus-Therian, M|100/100
|-ability|p1a: Landorus|Intimidate|boost
|-unboost|p2a: Heatran|atk|1
|turn|3
|
|t:|1660561156
|switch|p2a: Landorus|Landorus-Therian, M|100/100
|-ability|p2a: Landorus|Intimidate|boost
|-unboost|p1a: Landorus|atk|1
|move|p1a: Landorus|Stealth Rock|p2a: Landorus
|-sidestart|p2: CowpieMike|move: Stealth Rock
|
|upkeep
|turn|4
|
|t:|1660561162
|move|p2a: Landorus|Defog|p1a: Landorus
|-unboost|p1a: Landorus|evasion|1
|-sideend|p2: CowpieMike|Stealth Rock|[from] move: Defog|[of] p2a: Landorus
|move|p1a: Landorus|Toxic|p2a: Landorus
|-status|p2a: Landorus|tox
|
|-damage|p2a: Landorus|95/100 tox|[from] psn
|upkeep
|turn|5
|
|t:|1660561169
|move|p2a: Landorus|Stealth Rock|p1a: Landorus
|-sidestart|p1: SeigneurFou|move: Stealth Rock
|move|p1a: Landorus|Stealth Rock|p2a: Landorus
|-sidestart|p2: CowpieMike|move: Stealth Rock
|
|-damage|p2a: Landorus|83/100 tox|[from] psn
|upkeep
|turn|6
|
|t:|1660561174
|move|p2a: Landorus|U-turn|p1a: Landorus
|-resisted|p1a: Landorus
|-damage|p1a: Landorus|92/100
|
|t:|1660561176
|switch|p2a: Buzzwole|Buzzwole|100/100|[from]move: U-turn
|-damage|p2a: Buzzwole|88/100|[from] Stealth Rock
|move|p1a: Landorus|Knock Off|p2a: Buzzwole
|-resisted|p2a: Buzzwole
|-damage|p2a: Buzzwole|81/100
|-enditem|p2a: Buzzwole|Choice Scarf|[from] move: Knock Off|[of] p1a: Landorus
|
|-heal|p1a: Landorus|98/100|[from] item: Leftovers
|upkeep
|turn|7
|
|t:|1660561188
|switch|p1a: Scizor|Scizor, F|100/100
|-damage|p1a: Scizor|88/100|[from] Stealth Rock
|move|p2a: Buzzwole|Ice Punch|p1a: Scizor
|-resisted|p1a: Scizor
|-damage|p1a: Scizor|79/100
|-status|p1a: Scizor|frz
|-damage|p2a: Buzzwole|65/100|[from] item: Rocky Helmet|[of] p1a: Scizor
|
|upkeep
|turn|8
|
|t:|1660561198
|switch|p2a: Heatran|Heatran, F|40/100
|-damage|p2a: Heatran|28/100|[from] Stealth Rock
|cant|p1a: Scizor|frz
|
|upkeep
|turn|9
|
|t:|1660561212
|move|p2a: Heatran|Lava Plume|p1a: Scizor
|-supereffective|p1a: Scizor
|-damage|p1a: Scizor|0 fnt
|faint|p1a: Scizor
|
|upkeep
|
|t:|1660561221
|switch|p1a: Regieleki|Regieleki|100/100
|turn|10
|
|t:|1660561226
|move|p1a: Regieleki|Rapid Spin|p2a: Heatran
|-resisted|p2a: Heatran
|-damage|p2a: Heatran|25/100
|-boost|p1a: Regieleki|spe|1
|-sideend|p1: SeigneurFou|Stealth Rock|[from] move: Rapid Spin|[of] p1a: Regieleki
|move|p2a: Heatran|Earth Power|p1a: Regieleki
|-supereffective|p1a: Regieleki
|-damage|p1a: Regieleki|0 fnt
|faint|p1a: Regieleki
|
|upkeep
|
|t:|1660561235
|switch|p1a: Kartana|Kartana|100/100
|turn|11
|
|t:|1660561238
|move|p1a: Kartana|Sacred Sword|p2a: Heatran
|-supereffective|p2a: Heatran
|-damage|p2a: Heatran|0 fnt
|faint|p2a: Heatran
|-ability|p1a: Kartana|Beast Boost|boost
|-boost|p1a: Kartana|atk|1
|
|upkeep
|
|t:|1660561241
|switch|p2a: Landorus|Landorus-Therian, M|83/100 tox
|-damage|p2a: Landorus|70/100 tox|[from] Stealth Rock
|-ability|p2a: Landorus|Intimidate|boost
|-unboost|p1a: Kartana|atk|1
|turn|12
|
|t:|1660561247
|move|p1a: Kartana|Swords Dance|p1a: Kartana
|-boost|p1a: Kartana|atk|2
|move|p2a: Landorus|Defog|p1a: Kartana
|-unboost|p1a: Kartana|evasion|1
|-sideend|p2: CowpieMike|Stealth Rock|[from] move: Defog|[of] p2a: Landorus
|
|-damage|p2a: Landorus|64/100 tox|[from] psn
|upkeep
|turn|13
|
|t:|1660561255
|move|p1a: Kartana|Leaf Blade|p2a: Landorus
|-damage|p2a: Landorus|0 fnt
|faint|p2a: Landorus
|-ability|p1a: Kartana|Beast Boost|boost
|-boost|p1a: Kartana|atk|1
|
|upkeep
|
|t:|1660561259
|switch|p2a: Buzzwole|Buzzwole|65/100
|turn|14
|
|t:|1660561268
|move|p1a: Kartana|Leaf Blade|p2a: Buzzwole
|-resisted|p2a: Buzzwole
|-damage|p2a: Buzzwole|12/100
|move|p2a: Buzzwole|Close Combat|p1a: Kartana
|-supereffective|p1a: Kartana
|-damage|p1a: Kartana|0 fnt
|-unboost|p2a: Buzzwole|def|1
|-unboost|p2a: Buzzwole|spd|1
|faint|p1a: Kartana
|-ability|p2a: Buzzwole|Beast Boost|boost
|-boost|p2a: Buzzwole|atk|1
|
|upkeep
|
|t:|1660561279
|switch|p1a: Landorus|Landorus-Therian, M|98/100
|-ability|p1a: Landorus|Intimidate|boost
|-unboost|p2a: Buzzwole|atk|1
|turn|15
|
|t:|1660561283
|move|p2a: Buzzwole|Ice Punch|p1a: Landorus
|-supereffective|p1a: Landorus
|-damage|p1a: Landorus|18/100
|move|p1a: Landorus|Earthquake|p2a: Buzzwole
|-resisted|p2a: Buzzwole
|-damage|p2a: Buzzwole|0 fnt
|faint|p2a: Buzzwole
|
|-heal|p1a: Landorus|24/100|[from] item: Leftovers
|upkeep
|
|t:|1660561291
|switch|p2a: Volcanion|Volcanion|100/100
|turn|16
|
|t:|1660561293
|switch|p1a: Ditto|Ditto|100/100
|-transform|p1a: Ditto|p2a: Volcanion|[from] ability: Imposter
|move|p2a: Volcanion|Steam Eruption|p1a: Ditto
|-immune|p1a: Ditto|[from] ability: Water Absorb
|
|upkeep
|turn|17
|
|t:|1660561307
|switch|p2a: Melmetal|Melmetal|100/100
|move|p1a: Ditto|Earth Power|p2a: Melmetal
|-supereffective|p2a: Melmetal
|-damage|p2a: Melmetal|32/100
|
|-heal|p2a: Melmetal|38/100|[from] item: Leftovers
|upkeep
|turn|18
|
|t:|1660561318
|move|p1a: Ditto|Earth Power|p2a: Melmetal
|-supereffective|p2a: Melmetal
|-damage|p2a: Melmetal|0 fnt
|faint|p2a: Melmetal
|
|upkeep
|
|t:|1660561321
|switch|p2a: Rillaboom|Rillaboom, M|100/100
|-fieldstart|move: Grassy Terrain|[from] ability: Grassy Surge|[of] p2a: Rillaboom
|-enditem|p2a: Rillaboom|Grassy Seed
|-boost|p2a: Rillaboom|def|1|[from] item: Grassy Seed
|turn|19
|
|t:|1660561327
|switch|p1a: Landorus|Landorus-Therian, M|24/100
|-ability|p1a: Landorus|Intimidate|boost
|-unboost|p2a: Rillaboom|atk|1
|move|p2a: Rillaboom|Grassy Glide|p1a: Landorus
|-damage|p1a: Landorus|3/100
|
|-heal|p1a: Landorus|9/100|[from] item: Leftovers
|upkeep
|turn|20
|
|t:|1660561338
|switch|p1a: Ditto|Ditto|100/100
|-transform|p1a: Ditto|p2a: Rillaboom|[from] ability: Imposter
|move|p2a: Rillaboom|Grassy Glide|p1a: Ditto
|-resisted|p1a: Ditto
|-crit|p1a: Ditto
|-damage|p1a: Ditto|57/100
|
|-heal|p1a: Ditto|62/100|[from] Grassy Terrain
|upkeep
|turn|21
|
|t:|1660561353
|move|p1a: Ditto|Acrobatics|p2a: Rillaboom
|-supereffective|p2a: Rillaboom
|-damage|p2a: Rillaboom|83/100
|move|p2a: Rillaboom|Acrobatics|p1a: Ditto
|-supereffective|p1a: Ditto
|-damage|p1a: Ditto|18/100
|
|-heal|p1a: Ditto|24/100|[from] Grassy Terrain
|-heal|p2a: Rillaboom|89/100|[from] Grassy Terrain
|upkeep
|turn|22
|
|t:|1660561364
|switch|p1a: Landorus|Landorus-Therian, M|9/100
|-ability|p1a: Landorus|Intimidate|boost
|-unboost|p2a: Rillaboom|atk|1
|move|p2a: Rillaboom|Acrobatics|p1a: Landorus
|-crit|p1a: Landorus
|-damage|p1a: Landorus|0 fnt
|faint|p1a: Landorus
|
|-heal|p2a: Rillaboom|95/100|[from] Grassy Terrain
|upkeep
|-message|SeigneurFou forfeited.
|
|win|CowpieMike
|raw|SeigneurFou's rating: 1631 &rarr; <strong>1610</strong><br />(-21 for losing)
|raw|CowpieMike's rating: 1617 &rarr; <strong>1638</strong><br />(+21 for winning)
|l|☆SeigneurFou
