|j|☆blacksponge
|j|‽testingbot42o
|t:|1655086607
|gametype|singles
|player|p1|blacksponge|lucas|1354
|player|p2|testingbot42o|265|1289
|teamsize|p1|6
|teamsize|p2|6
|gen|8
|tier|[Gen 8] OU
|rated|
|rule|Sleep Clause Mod: Limit one foe put to sleep
|rule|Species Clause: Limit one of each Pokémon
|rule|OHKO Clause: OHKO moves are banned
|rule|Evasion Moves Clause: Evasion moves are banned
|rule|Endless Battle Clause: Forcing endless battles is banned
|rule|HP Percentage Mod: HP is shown in percentages
|rule|Dynamax Clause: You cannot dynamax
|clearpoke
|poke|p1|Dragapult, M|
|poke|p1|Nidoking, M|
|poke|p1|Shuckle, M|
|poke|p1|Bisharp, M|
|poke|p1|Salamence, F|
|poke|p1|Latias, F|
|poke|p2|Clefable, F|
|poke|p2|Corviknight, F|
|poke|p2|Hydreigon, M|
|poke|p2|Rotom-Wash|
|poke|p2|Hippowdon, M|
|poke|p2|Excadrill, M|
|teampreview
|
|t:|1655086610
|start
|switch|p1a: Shuckle|Shuckle, M|100/100
|switch|p2a: Hippowdon|Hippowdon, M|100/100
|-weather|Sandstorm|[from] ability: Sand Stream|[of] p2a: Hippowdon
|turn|1
|inactive|Battle timer is ON: inactive players will automatically lose when time's up. (requested by testingbot42o)
|
|t:|1655086614
|move|p1a: Shuckle|Sticky Web|p2a: Hippowdon
|-sidestart|p2: testingbot42o|move: Sticky Web
|move|p2a: Hippowdon|Whirlwind|p1a: Shuckle
|drag|p1a: Nidoking|Nidoking, M|100/100
|
|-weather|Sandstorm|[upkeep]
|upkeep
|turn|2
|
|t:|1655086617
|move|p1a: Nidoking|Ice Beam|p2a: Hippowdon
|-supereffective|p2a: Hippowdon
|-damage|p2a: Hippowdon|5/100
|move|p2a: Hippowdon|Earthquake|p1a: Nidoking
|-supereffective|p1a: Nidoking
|-damage|p1a: Nidoking|3/100
|
|-weather|Sandstorm|[upkeep]
|upkeep
|turn|3
|
|t:|1655086622
|move|p1a: Nidoking|Sludge Wave|p2a: Hippowdon
|-resisted|p2a: Hippowdon
|-damage|p2a: Hippowdon|0 fnt
|faint|p2a: Hippowdon
|
|-weather|Sandstorm|[upkeep]
|upkeep
|
|t:|1655086622
|switch|p2a: Corviknight|Corviknight, F|100/100
|-ability|p2a: Corviknight|Pressure
|turn|4
|
|t:|1655086625
|switch|p1a: Bisharp|Bisharp, M|100/100
|move|p2a: Corviknight|Bulk Up|p2a: Corviknight
|-boost|p2a: Corviknight|atk|1
|-boost|p2a: Corviknight|def|1
|
|-weather|Sandstorm|[upkeep]
|upkeep
|turn|5
|
|t:|1655086630
|switch|p1a: Shuckle|Shuckle, M|100/100
|move|p2a: Corviknight|Bulk Up|p2a: Corviknight
|-boost|p2a: Corviknight|atk|1
|-boost|p2a: Corviknight|def|1
|
|-weather|Sandstorm|[upkeep]
|upkeep
|turn|6
|
|t:|1655086632
|move|p2a: Corviknight|Brave Bird|p1a: Shuckle
|-damage|p1a: Shuckle|62/100
|-damage|p2a: Corviknight|93/100|[from] Recoil
|move|p1a: Shuckle|Encore|p2a: Corviknight
|-start|p2a: Corviknight|Encore
|
|-weather|Sandstorm|[upkeep]
|-heal|p2a: Corviknight|99/100|[from] item: Leftovers
|upkeep
|turn|7
|
|t:|1655086635
|move|p2a: Corviknight|Brave Bird|p1a: Shuckle
|-damage|p1a: Shuckle|18/100
|-damage|p2a: Corviknight|90/100|[from] Recoil
|move|p1a: Shuckle|Stealth Rock|p2a: Corviknight
|-sidestart|p2: testingbot42o|move: Stealth Rock
|
|-weather|Sandstorm|[upkeep]
|-heal|p2a: Corviknight|96/100|[from] item: Leftovers
|upkeep
|turn|8
|
|t:|1655086637
|move|p2a: Corviknight|Brave Bird|p1a: Shuckle
|-damage|p1a: Shuckle|0 fnt
|faint|p1a: Shuckle
|-damage|p2a: Corviknight|93/100|[from] Recoil
|
|-weather|none
|-heal|p2a: Corviknight|99/100|[from] item: Leftovers
|upkeep
|
|t:|1655086639
|switch|p1a: Dragapult|Dragapult, M|100/100
|turn|9
|
|t:|1655086640
|move|p1a: Dragapult|Will-O-Wisp|p2a: Corviknight
|-status|p2a: Corviknight|brn
|move|p2a: Corviknight|Brave Bird|p1a: Dragapult
|-damage|p1a: Dragapult|46/100
|-damage|p2a: Corviknight|85/100 brn|[from] Recoil
|
|-heal|p2a: Corviknight|91/100 brn|[from] item: Leftovers
|-damage|p2a: Corviknight|85/100 brn|[from] brn
|-end|p2a: Corviknight|Encore
|upkeep
|turn|10
|
|t:|1655086652
|switch|p1a: Latias|Latias, F|100/100
|move|p2a: Corviknight|Brave Bird|p1a: Latias
|-damage|p1a: Latias|59/100
|-damage|p2a: Corviknight|74/100 brn|[from] Recoil
|
|-heal|p2a: Corviknight|80/100 brn|[from] item: Leftovers
|-damage|p2a: Corviknight|74/100 brn|[from] brn
|upkeep
|turn|11
|
|t:|1655086655
|move|p1a: Latias|Trick|p2a: Corviknight
|-activate|p1a: Latias|move: Trick|[of] p2a: Corviknight
|-item|p2a: Corviknight|Ring Target|[from] move: Trick
|-item|p1a: Latias|Leftovers|[from] move: Trick
|move|p2a: Corviknight|Brave Bird|p1a: Latias
|-damage|p1a: Latias|15/100
|-damage|p2a: Corviknight|62/100 brn|[from] Recoil
|
|-heal|p1a: Latias|21/100|[from] item: Leftovers
|-damage|p2a: Corviknight|56/100 brn|[from] brn
|upkeep
|turn|12
|
|t:|1655086657
|move|p1a: Latias|Roost|p1a: Latias
|-heal|p1a: Latias|72/100
|-singleturn|p1a: Latias|move: Roost
|move|p2a: Corviknight|Brave Bird|p1a: Latias
|-damage|p1a: Latias|30/100
|-damage|p2a: Corviknight|45/100 brn|[from] Recoil
|
|-heal|p1a: Latias|37/100|[from] item: Leftovers
|-damage|p2a: Corviknight|39/100 brn|[from] brn
|upkeep
|turn|13
|
|t:|1655086660
|move|p1a: Latias|Roost|p1a: Latias
|-heal|p1a: Latias|87/100
|-singleturn|p1a: Latias|move: Roost
|move|p2a: Corviknight|Roost|p2a: Corviknight
|-heal|p2a: Corviknight|89/100 brn
|-singleturn|p2a: Corviknight|move: Roost
|
|-heal|p1a: Latias|93/100|[from] item: Leftovers
|-damage|p2a: Corviknight|82/100 brn|[from] brn
|upkeep
|turn|14
|
|t:|1655086662
|move|p1a: Latias|Calm Mind|p1a: Latias
|-boost|p1a: Latias|spa|1
|-boost|p1a: Latias|spd|1
|move|p2a: Corviknight|Brave Bird|p1a: Latias
|-crit|p1a: Latias
|-damage|p1a: Latias|30/100
|-damage|p2a: Corviknight|66/100 brn|[from] Recoil
|
|-heal|p1a: Latias|36/100|[from] item: Leftovers
|-damage|p2a: Corviknight|59/100 brn|[from] brn
|upkeep
|turn|15
|
|t:|1655086664
|move|p1a: Latias|Roost|p1a: Latias
|-heal|p1a: Latias|86/100
|-singleturn|p1a: Latias|move: Roost
|move|p2a: Corviknight|Roost|p2a: Corviknight
|-heal|p2a: Corviknight|100/100 brn
|-singleturn|p2a: Corviknight|move: Roost
|
|-heal|p1a: Latias|93/100|[from] item: Leftovers
|-damage|p2a: Corviknight|94/100 brn|[from] brn
|upkeep
|turn|16
|
|t:|1655086666
|move|p1a: Latias|Trick|p2a: Corviknight
|-activate|p1a: Latias|move: Trick|[of] p2a: Corviknight
|-item|p2a: Corviknight|Leftovers|[from] move: Trick
|-item|p1a: Latias|Ring Target|[from] move: Trick
|move|p2a: Corviknight|Bulk Up|p2a: Corviknight
|-boost|p2a: Corviknight|atk|1
|-boost|p2a: Corviknight|def|1
|
|-heal|p2a: Corviknight|100/100 brn|[from] item: Leftovers
|-damage|p2a: Corviknight|94/100 brn|[from] brn
|upkeep
|turn|17
|
|t:|1655086668
|move|p1a: Latias|Calm Mind|p1a: Latias
|-boost|p1a: Latias|spa|1
|-boost|p1a: Latias|spd|1
|move|p2a: Corviknight|Bulk Up|p2a: Corviknight
|-boost|p2a: Corviknight|atk|1
|-boost|p2a: Corviknight|def|1
|
|-heal|p2a: Corviknight|100/100 brn|[from] item: Leftovers
|-damage|p2a: Corviknight|94/100 brn|[from] brn
|upkeep
|turn|18
|
|t:|1655086671
|move|p1a: Latias|Dragon Pulse|p2a: Corviknight
|-resisted|p2a: Corviknight
|-damage|p2a: Corviknight|55/100 brn
|move|p2a: Corviknight|Roost|p2a: Corviknight
|-heal|p2a: Corviknight|100/100 brn
|-singleturn|p2a: Corviknight|move: Roost
|
|-damage|p2a: Corviknight|94/100 brn|[from] brn
|upkeep
|turn|19
|
|t:|1655086673
|move|p1a: Latias|Calm Mind|p1a: Latias
|-boost|p1a: Latias|spa|1
|-boost|p1a: Latias|spd|1
|move|p2a: Corviknight|Roost|p2a: Corviknight
|-heal|p2a: Corviknight|100/100 brn
|-singleturn|p2a: Corviknight|move: Roost
|
|-damage|p2a: Corviknight|94/100 brn|[from] brn
|upkeep
|turn|20
|
|t:|1655086674
|move|p1a: Latias|Dragon Pulse|p2a: Corviknight
|-resisted|p2a: Corviknight
|-damage|p2a: Corviknight|48/100 brn
|move|p2a: Corviknight|Roost|p2a: Corviknight
|-heal|p2a: Corviknight|98/100 brn
|-singleturn|p2a: Corviknight|move: Roost
|
|-heal|p2a: Corviknight|100/100 brn|[from] item: Leftovers
|-damage|p2a: Corviknight|94/100 brn|[from] brn
|upkeep
|turn|21
|
|t:|1655086677
|move|p1a: Latias|Calm Mind|p1a: Latias
|-boost|p1a: Latias|spa|1
|-boost|p1a: Latias|spd|1
|move|p2a: Corviknight|Roost|p2a: Corviknight
|-heal|p2a: Corviknight|100/100 brn
|-singleturn|p2a: Corviknight|move: Roost
|
|-damage|p2a: Corviknight|94/100 brn|[from] brn
|upkeep
|turn|22
|
|t:|1655086678
|move|p1a: Latias|Dragon Pulse|p2a: Corviknight
|-resisted|p2a: Corviknight
|-damage|p2a: Corviknight|38/100 brn
|move|p2a: Corviknight|Roost|p2a: Corviknight
|-heal|p2a: Corviknight|88/100 brn
|-singleturn|p2a: Corviknight|move: Roost
|
|-heal|p2a: Corviknight|94/100 brn|[from] item: Leftovers
|-damage|p2a: Corviknight|88/100 brn|[from] brn
|upkeep
|turn|23
|
|t:|1655086680
|move|p1a: Latias|Dragon Pulse|p2a: Corviknight
|-resisted|p2a: Corviknight
|-damage|p2a: Corviknight|34/100 brn
|move|p2a: Corviknight|Roost|p2a: Corviknight
|-heal|p2a: Corviknight|84/100 brn
|-singleturn|p2a: Corviknight|move: Roost
|
|-heal|p2a: Corviknight|90/100 brn|[from] item: Leftovers
|-damage|p2a: Corviknight|84/100 brn|[from] brn
|upkeep
|turn|24
|
|t:|1655086683
|move|p1a: Latias|Calm Mind|p1a: Latias
|-boost|p1a: Latias|spa|1
|-boost|p1a: Latias|spd|1
|move|p2a: Corviknight|Roost|p2a: Corviknight
|-heal|p2a: Corviknight|100/100 brn
|-singleturn|p2a: Corviknight|move: Roost
|
|-damage|p2a: Corviknight|94/100 brn|[from] brn
|upkeep
|turn|25
|
|t:|1655086685
|move|p1a: Latias|Calm Mind|p1a: Latias
|-boost|p1a: Latias|spa|1
|-boost|p1a: Latias|spd|1
|move|p2a: Corviknight|Roost|p2a: Corviknight
|-heal|p2a: Corviknight|100/100 brn
|-singleturn|p2a: Corviknight|move: Roost
|
|-damage|p2a: Corviknight|94/100 brn|[from] brn
|upkeep
|turn|26
|
|t:|1655086688
|switch|p2a: Clefable|Clefable, F|100/100
|-activate|p2a: Clefable|move: Sticky Web
|-unboost|p2a: Clefable|spe|1
|move|p1a: Latias|Dragon Pulse|p2a: Clefable
|-immune|p2a: Clefable
|
|upkeep
|turn|27
|
|t:|1655086690
|move|p1a: Latias|Trick|p2a: Clefable
|-activate|p1a: Latias|move: Trick|[of] p2a: Clefable
|-item|p2a: Clefable|Ring Target|[from] move: Trick
|-item|p1a: Latias|Life Orb|[from] move: Trick
|move|p2a: Clefable|Thunderbolt|p1a: Latias
|-resisted|p1a: Latias
|-damage|p1a: Latias|90/100
|-status|p1a: Latias|par
|
|upkeep
|turn|28
|
|t:|1655086691
|move|p1a: Latias|Dragon Pulse|p2a: Clefable
|-damage|p2a: Clefable|0 fnt
|faint|p2a: Clefable
|-damage|p1a: Latias|80/100 par|[from] item: Life Orb
|
|upkeep
|
|t:|1655086692
|switch|p2a: Hydreigon|Hydreigon, M|100/100
|-damage|p2a: Hydreigon|88/100|[from] Stealth Rock
|turn|29
|
|t:|1655086698
|move|p2a: Hydreigon|Substitute|p2a: Hydreigon
|-start|p2a: Hydreigon|Substitute
|-damage|p2a: Hydreigon|63/100
|move|p1a: Latias|Dragon Pulse|p2a: Hydreigon
|-supereffective|p2a: Hydreigon
|-end|p2a: Hydreigon|Substitute
|-damage|p1a: Latias|70/100 par|[from] item: Life Orb
|
|-heal|p2a: Hydreigon|69/100|[from] item: Leftovers
|upkeep
|turn|30
|
|t:|1655086703
|switch|p1a: Dragapult|Dragapult, M|46/100
|move|p2a: Hydreigon|Substitute|p2a: Hydreigon
|-start|p2a: Hydreigon|Substitute
|-damage|p2a: Hydreigon|44/100
|
|-heal|p2a: Hydreigon|51/100|[from] item: Leftovers
|upkeep
|turn|31
|
|t:|1655086708
|switch|p2a: Corviknight|Corviknight, F|94/100 brn
|-damage|p2a: Corviknight|82/100 brn|[from] Stealth Rock
|-ability|p2a: Corviknight|Pressure
|move|p1a: Dragapult|Dragon Darts|p2a: Corviknight
|-resisted|p2a: Corviknight
|-damage|p2a: Corviknight|72/100 brn
|-anim|p1a: Dragapult|Dragon Darts|p2a: Corviknight
|-resisted|p2a: Corviknight
|-damage|p2a: Corviknight|62/100 brn
|
|-heal|p2a: Corviknight|69/100 brn|[from] item: Leftovers
|-damage|p2a: Corviknight|62/100 brn|[from] brn
|upkeep
|turn|32
|
|t:|1655086711
|move|p1a: Dragapult|Dragon Dance|p1a: Dragapult
|-boost|p1a: Dragapult|atk|1
|-boost|p1a: Dragapult|spe|1
|move|p2a: Corviknight|Roost|p2a: Corviknight
|-heal|p2a: Corviknight|100/100 brn
|-singleturn|p2a: Corviknight|move: Roost
|
|-damage|p2a: Corviknight|94/100 brn|[from] brn
|upkeep
|turn|33
|
|t:|1655086713
|move|p1a: Dragapult|Dragon Dance|p1a: Dragapult
|-boost|p1a: Dragapult|atk|1
|-boost|p1a: Dragapult|spe|1
|move|p2a: Corviknight|Roost|p2a: Corviknight
|-heal|p2a: Corviknight|100/100 brn
|-singleturn|p2a: Corviknight|move: Roost
|
|-damage|p2a: Corviknight|94/100 brn|[from] brn
|upkeep
|turn|34
|
|t:|1655086715
|move|p1a: Dragapult|Dragon Dance|p1a: Dragapult
|-boost|p1a: Dragapult|atk|1
|-boost|p1a: Dragapult|spe|1
|move|p2a: Corviknight|Bulk Up|p2a: Corviknight
|-boost|p2a: Corviknight|atk|1
|-boost|p2a: Corviknight|def|1
|
|-heal|p2a: Corviknight|100/100 brn|[from] item: Leftovers
|-damage|p2a: Corviknight|94/100 brn|[from] brn
|upkeep
|turn|35
|
|t:|1655086717
|move|p1a: Dragapult|Phantom Force||[still]
|-prepare|p1a: Dragapult|Phantom Force
|move|p2a: Corviknight|Bulk Up|p2a: Corviknight
|-boost|p2a: Corviknight|atk|1
|-boost|p2a: Corviknight|def|1
|
|-heal|p2a: Corviknight|100/100 brn|[from] item: Leftovers
|-damage|p2a: Corviknight|94/100 brn|[from] brn
|upkeep
|turn|36
|
|t:|1655086719
|move|p1a: Dragapult|Phantom Force|p2a: Corviknight|[from]lockedmove
|-damage|p2a: Corviknight|37/100 brn
|move|p2a: Corviknight|Bulk Up|p2a: Corviknight
|-boost|p2a: Corviknight|atk|1
|-boost|p2a: Corviknight|def|1
|
|-heal|p2a: Corviknight|43/100 brn|[from] item: Leftovers
|-damage|p2a: Corviknight|37/100 brn|[from] brn
|upkeep
|turn|37
|
|t:|1655086722
|move|p1a: Dragapult|Phantom Force||[still]
|-prepare|p1a: Dragapult|Phantom Force
|move|p2a: Corviknight|Roost|p2a: Corviknight
|-heal|p2a: Corviknight|87/100 brn
|-singleturn|p2a: Corviknight|move: Roost
|
|-heal|p2a: Corviknight|93/100 brn|[from] item: Leftovers
|-damage|p2a: Corviknight|87/100 brn|[from] brn
|upkeep
|turn|38
|
|t:|1655086723
|move|p1a: Dragapult|Phantom Force|p2a: Corviknight|[from]lockedmove
|-damage|p2a: Corviknight|34/100 brn
|move|p2a: Corviknight|Bulk Up|p2a: Corviknight
|-boost|p2a: Corviknight|atk|1
|-boost|p2a: Corviknight|def|1
|
|-heal|p2a: Corviknight|40/100 brn|[from] item: Leftovers
|-damage|p2a: Corviknight|34/100 brn|[from] brn
|upkeep
|turn|39
|
|t:|1655086729
|move|p1a: Dragapult|Dragon Dance|p1a: Dragapult
|-boost|p1a: Dragapult|atk|1
|-boost|p1a: Dragapult|spe|1
|move|p2a: Corviknight|Roost|p2a: Corviknight
|-heal|p2a: Corviknight|84/100 brn
|-singleturn|p2a: Corviknight|move: Roost
|
|-heal|p2a: Corviknight|90/100 brn|[from] item: Leftovers
|-damage|p2a: Corviknight|84/100 brn|[from] brn
|upkeep
|turn|40
|
|t:|1655086731
|move|p1a: Dragapult|Phantom Force||[still]
|-prepare|p1a: Dragapult|Phantom Force
|move|p2a: Corviknight|Brave Bird|p1a: Dragapult|[miss]
|-miss|p2a: Corviknight|p1a: Dragapult
|
|-heal|p2a: Corviknight|90/100 brn|[from] item: Leftovers
|-damage|p2a: Corviknight|84/100 brn|[from] brn
|upkeep
|turn|41
|
|t:|1655086733
|move|p1a: Dragapult|Phantom Force|p2a: Corviknight|[from]lockedmove
|-damage|p2a: Corviknight|43/100 brn
|move|p2a: Corviknight|Brave Bird|p1a: Dragapult
|-damage|p1a: Dragapult|0 fnt
|faint|p1a: Dragapult
|-damage|p2a: Corviknight|31/100 brn|[from] Recoil
|
|-heal|p2a: Corviknight|37/100 brn|[from] item: Leftovers
|-damage|p2a: Corviknight|31/100 brn|[from] brn
|upkeep
|
|t:|1655086737
|switch|p1a: Nidoking|Nidoking, M|3/100
|turn|42
|
|t:|1655086738
|move|p1a: Nidoking|Ice Beam|p2a: Corviknight
|-damage|p2a: Corviknight|0 fnt
|faint|p2a: Corviknight
|
|upkeep
|
|t:|1655086738
|switch|p2a: Hydreigon|Hydreigon, M|51/100
|-damage|p2a: Hydreigon|38/100|[from] Stealth Rock
|turn|43
|
|t:|1655086742
|move|p2a: Hydreigon|Substitute|p2a: Hydreigon
|-start|p2a: Hydreigon|Substitute
|-damage|p2a: Hydreigon|13/100
|move|p1a: Nidoking|Ice Beam|p2a: Hydreigon
|-supereffective|p2a: Hydreigon
|-end|p2a: Hydreigon|Substitute
|
|-heal|p2a: Hydreigon|20/100|[from] item: Leftovers
|upkeep
|turn|44
|
|t:|1655086744
|move|p2a: Hydreigon|Dark Pulse|p1a: Nidoking
|-damage|p1a: Nidoking|0 fnt
|faint|p1a: Nidoking
|
|-heal|p2a: Hydreigon|26/100|[from] item: Leftovers
|upkeep
|
|t:|1655086748
|switch|p1a: Salamence|Salamence, F|100/100
|turn|45
|
|t:|1655086750
|move|p1a: Salamence|Outrage|p2a: Hydreigon
|-supereffective|p2a: Hydreigon
|-damage|p2a: Hydreigon|0 fnt
|faint|p2a: Hydreigon
|-ability|p1a: Salamence|Moxie|boost
|-boost|p1a: Salamence|atk|1
|-damage|p1a: Salamence|91/100|[from] item: Life Orb
|
|upkeep
|
|t:|1655086750
|switch|p2a: Rotom|Rotom-Wash|100/100
|-damage|p2a: Rotom|88/100|[from] Stealth Rock
|turn|46
|
|t:|1655086752
|move|p2a: Rotom|Will-O-Wisp|p1a: Salamence|[miss]
|-miss|p2a: Rotom|p1a: Salamence
|move|p1a: Salamence|Outrage|p2a: Rotom|[from]lockedmove
|-damage|p2a: Rotom|0 fnt
|faint|p2a: Rotom
|-ability|p1a: Salamence|Moxie|boost
|-boost|p1a: Salamence|atk|1
|-damage|p1a: Salamence|81/100|[from] item: Life Orb
|-start|p1a: Salamence|confusion|[fatigue]
|
|upkeep
|
|t:|1655086752
|switch|p2a: Excadrill|Excadrill, M|100/100
|-activate|p2a: Excadrill|move: Sticky Web
|-unboost|p2a: Excadrill|spe|1
|-damage|p2a: Excadrill|97/100|[from] Stealth Rock
|turn|47
|
|t:|1655086754
|-activate|p1a: Salamence|confusion
|-damage|p1a: Salamence|40/100|[from] confusion
|move|p2a: Excadrill|Rock Slide|p1a: Salamence
|-supereffective|p1a: Salamence
|-damage|p1a: Salamence|0 fnt
|faint|p1a: Salamence
|-damage|p2a: Excadrill|87/100|[from] item: Life Orb
|
|upkeep
|
|t:|1655086759
|switch|p1a: Bisharp|Bisharp, M|100/100
|turn|48
|
|t:|1655086762
|move|p1a: Bisharp|Knock Off|p2a: Excadrill
|-damage|p2a: Excadrill|0 fnt
|-enditem|p2a: Excadrill|Life Orb|[from] move: Knock Off|[of] p1a: Bisharp
|faint|p2a: Excadrill
|
|win|blacksponge
|raw|blacksponge's rating: 1354 &rarr; <strong>1370</strong><br />(+16 for winning)
|raw|testingbot42o's rating: 1289 &rarr; <strong>1269</strong><br />(-20 for losing)
|l|‽testingbot42o
