|j|☆LeeJec
|j|☆knexhawk2
|inactive|Battle timer is ON: inactive players will automatically lose when time's up.
|t:|1666831389
|gametype|singles
|player|p1|LeeJec|marshal|
|player|p2|knexhawk2|red-masters|
|teamsize|p1|6
|teamsize|p2|6
|gen|8
|tier|[Gen 8] OU
|rated|Tournament battle
|rule|Sleep Clause Mod: Limit one foe put to sleep
|rule|Species Clause: Limit one of each Pokémon
|rule|OHKO Clause: OHKO moves are banned
|rule|Evasion Items Clause: Evasion items are banned
|rule|Evasion Moves Clause: Evasion moves are banned
|rule|Endless Battle Clause: Forcing endless battles is banned
|rule|HP Percentage Mod: HP is shown in percentages
|rule|Dynamax Clause: You cannot dynamax
|rule|Event Moves Clause: Event-only moves are banned
|clearpoke
|poke|p1|Hawlucha, F|
|poke|p1|Rillaboom, F|
|poke|p1|Ninetales-Alola, F|
|poke|p1|Heatran, M|
|poke|p1|Arctozolt|
|poke|p1|Latias, F|
|poke|p2|Jirachi|
|poke|p2|Urshifu-*, M|
|poke|p2|Landorus-Therian, M|
|poke|p2|Rillaboom, M|
|poke|p2|Heatran, F|
|poke|p2|Hydreigon, M|
|teampreview
|j| OUTD Eclipse
|j| Geenobe
|j|%htcl
|j| amstan (-_-)
|
|t:|1666831400
|start
|switch|p1a: Heatran|Heatran, M, shiny|100/100
|switch|p2a: sack of shit|Heatran, F|100/100
|turn|1
|
|t:|1666831406
|switch|p2a: I HATE CLEFABLE!|Hydreigon, M|100/100
|move|p1a: Heatran|Taunt|p2a: I HATE CLEFABLE!
|-start|p2a: I HATE CLEFABLE!|move: Taunt
|
|upkeep
|turn|2
|
|t:|1666831417
|switch|p1a: Ninetales|Ninetales-Alola, F, shiny|100/100
|-weather|Hail|[from] ability: Snow Warning|[of] p1a: Ninetales
|move|p2a: I HATE CLEFABLE!|Dark Pulse|p1a: Ninetales
|-resisted|p1a: Ninetales
|-damage|p1a: Ninetales|68/100
|
|-weather|Hail|[upkeep]
|-damage|p2a: I HATE CLEFABLE!|94/100|[from] Hail
|upkeep
|turn|3
|j| TheNewBrends11
|
|t:|1666831429
|switch|p2a: sack of shit|Heatran, F|100/100
|move|p1a: Ninetales|Aurora Veil|p1a: Ninetales
|-sidestart|p1: LeeJec|move: Aurora Veil
|
|-weather|Hail|[upkeep]
|-damage|p2a: sack of shit|94/100|[from] Hail
|-heal|p2a: sack of shit|100/100|[from] item: Leftovers
|upkeep
|turn|4
|j| Dirty_Neon
|l| amstan (-_-)
|
|t:|1666831451
|switch|p1a: Heatran|Heatran, M, shiny|100/100
|move|p2a: sack of shit|Stealth Rock|p1a: Heatran
|-sidestart|p1: LeeJec|move: Stealth Rock
|
|-weather|Hail|[upkeep]
|-damage|p2a: sack of shit|94/100|[from] Hail
|-damage|p1a: Heatran|94/100|[from] Hail
|-heal|p2a: sack of shit|100/100|[from] item: Leftovers
|-heal|p1a: Heatran|100/100|[from] item: Leftovers
|upkeep
|turn|5
|
|t:|1666831461
|switch|p2a: I HATE CLEFABLE!|Hydreigon, M|94/100
|move|p1a: Heatran|Toxic|p2a: I HATE CLEFABLE!
|-status|p2a: I HATE CLEFABLE!|tox
|
|-weather|Hail|[upkeep]
|-damage|p2a: I HATE CLEFABLE!|88/100 tox|[from] Hail
|-damage|p1a: Heatran|94/100|[from] Hail
|-heal|p1a: Heatran|100/100|[from] item: Leftovers
|-damage|p2a: I HATE CLEFABLE!|82/100 tox|[from] psn
|upkeep
|turn|6
|
|t:|1666831469
|move|p2a: I HATE CLEFABLE!|Earth Power|p1a: Heatran
|-supereffective|p1a: Heatran
|-damage|p1a: Heatran|43/100
|move|p1a: Heatran|Magma Storm|p2a: I HATE CLEFABLE!
|-resisted|p2a: I HATE CLEFABLE!
|-damage|p2a: I HATE CLEFABLE!|57/100 tox
|-activate|p2a: I HATE CLEFABLE!|move: Magma Storm|[of] p1a: Heatran
|
|-weather|Hail|[upkeep]
|-damage|p2a: I HATE CLEFABLE!|51/100 tox|[from] Hail
|-damage|p1a: Heatran|37/100|[from] Hail
|-heal|p1a: Heatran|43/100|[from] item: Leftovers
|-damage|p2a: I HATE CLEFABLE!|39/100 tox|[from] psn
|-damage|p2a: I HATE CLEFABLE!|27/100 tox|[from] move: Magma Storm|[partiallytrapped]
|upkeep
|turn|7
|j| Satiri1
|
|t:|1666831486
|switch|p1a: Hawlucha|Hawlucha, F, shiny|100/100
|-damage|p1a: Hawlucha|88/100|[from] Stealth Rock
|move|p2a: I HATE CLEFABLE!|Earth Power|p1a: Hawlucha
|-immune|p1a: Hawlucha
|
|-weather|Hail|[upkeep]
|-damage|p2a: I HATE CLEFABLE!|20/100 tox|[from] Hail
|-damage|p1a: Hawlucha|82/100|[from] Hail
|-damage|p2a: I HATE CLEFABLE!|2/100 tox|[from] psn
|-end|p2a: I HATE CLEFABLE!|Magma Storm|[partiallytrapped]|[silent]
|-sideend|p1: LeeJec|move: Aurora Veil
|upkeep
|turn|8
|
|t:|1666831507
|switch|p2a: Shit|Jirachi|100/100
|move|p1a: Hawlucha|Substitute|p1a: Hawlucha
|-start|p1a: Hawlucha|Substitute
|-damage|p1a: Hawlucha|57/100
|
|-weather|Hail|[upkeep]
|-damage|p1a: Hawlucha|51/100|[from] Hail
|-damage|p2a: Shit|94/100|[from] Hail
|-heal|p2a: Shit|100/100|[from] item: Leftovers
|upkeep
|turn|9
|
|t:|1666831511
|switch|p1a: Rillaboom|Rillaboom, F, shiny|100/100
|-damage|p1a: Rillaboom|88/100|[from] Stealth Rock
|-fieldstart|move: Grassy Terrain|[from] ability: Grassy Surge|[of] p1a: Rillaboom
|-enditem|p1a: Rillaboom|Grassy Seed
|-boost|p1a: Rillaboom|def|1|[from] item: Grassy Seed
|move|p2a: Shit|Psychic|p1a: Rillaboom
|-damage|p1a: Rillaboom|27/100
|
|-weather|none
|-heal|p1a: Rillaboom|33/100|[from] Grassy Terrain
|upkeep
|turn|10
|
|t:|1666831515
|switch|p2a: generic|Landorus-Therian, M|100/100
|-ability|p2a: generic|Intimidate|boost
|-unboost|p1a: Rillaboom|atk|1
|move|p1a: Rillaboom|Knock Off|p2a: generic
|-damage|p2a: generic|85/100
|-enditem|p2a: generic|Leftovers|[from] move: Knock Off|[of] p1a: Rillaboom
|
|-heal|p1a: Rillaboom|40/100|[from] Grassy Terrain
|upkeep
|turn|11
|
|t:|1666831528
|move|p1a: Rillaboom|Swords Dance|p1a: Rillaboom
|-boost|p1a: Rillaboom|atk|2
|move|p2a: generic|U-turn|p1a: Rillaboom
|-supereffective|p1a: Rillaboom
|-damage|p1a: Rillaboom|11/100
|
|t:|1666831548
|switch|p2a: domestic violence|Rillaboom, M|100/100|[from]move: U-turn
|
|-heal|p1a: Rillaboom|18/100|[from] Grassy Terrain
|upkeep
|turn|12
|
|t:|1666831554
|move|p2a: domestic violence|Grassy Glide|p1a: Rillaboom
|-resisted|p1a: Rillaboom
|-damage|p1a: Rillaboom|0 fnt
|faint|p1a: Rillaboom
|-damage|p2a: domestic violence|91/100|[from] item: Life Orb
|
|-heal|p2a: domestic violence|97/100|[from] Grassy Terrain
|upkeep
|
|t:|1666831565
|switch|p1a: Hawlucha|Hawlucha, F, shiny|51/100
|-damage|p1a: Hawlucha|39/100|[from] Stealth Rock
|-enditem|p1a: Hawlucha|Grassy Seed
|-boost|p1a: Hawlucha|def|1|[from] item: Grassy Seed
|turn|13
|
|t:|1666831588
|move|p2a: domestic violence|Grassy Glide|p1a: Hawlucha
|-resisted|p1a: Hawlucha
|-damage|p1a: Hawlucha|7/100
|-damage|p2a: domestic violence|87/100|[from] item: Life Orb
|move|p1a: Hawlucha|Swords Dance|p1a: Hawlucha
|-boost|p1a: Hawlucha|atk|2
|
|-heal|p2a: domestic violence|93/100|[from] Grassy Terrain
|-fieldend|move: Grassy Terrain
|upkeep
|turn|14
|
|t:|1666831592
|switch|p2a: I HATE CLEFABLE!|Hydreigon, M|2/100 tox
|move|p1a: Hawlucha|Acrobatics|p2a: I HATE CLEFABLE!
|-damage|p2a: I HATE CLEFABLE!|0 fnt
|faint|p2a: I HATE CLEFABLE!
|
|upkeep
|
|t:|1666831594
|switch|p2a: domestic violence|Rillaboom, M|93/100
|-fieldstart|move: Grassy Terrain|[from] ability: Grassy Surge|[of] p2a: domestic violence
|turn|15
|
|t:|1666831601
|switch|p1a: Latias|Latias, F|100/100
|-damage|p1a: Latias|88/100|[from] Stealth Rock
|move|p2a: domestic violence|Grassy Glide|p1a: Latias
|-resisted|p1a: Latias
|-damage|p1a: Latias|48/100
|-damage|p2a: domestic violence|83/100|[from] item: Life Orb
|
|-heal|p2a: domestic violence|89/100|[from] Grassy Terrain
|upkeep
|turn|16
|-message|LeeJec forfeited.
|
|win|knexhawk2
|n|☆LeeJec|leejec
|n|☆knexhawk2|knexhawk2
|n| OUTD Eclipse|outdeclipse
|n| Geenobe|geenobe
|n| htcl|htcl
|n| TheNewBrends11|thenewbrends11
|n| Dirty_Neon|dirtyneon
|n| Satiri1|satiri1
|l|☆LeeJec
|l|☆knexhawk2
|l| Dirty_Neon
|l| OUTD Eclipse
|l| Geenobe
|j| Y0nkerz
|l| Satiri1
|l| Y0nkerz
|l| htcl
