|j|☆8balljacketguy
|j|☆seoul lady
|t:|1626852859
|gametype|singles
|player|p1|8balljacketguy|red|1437
|player|p2|seoul lady|lady-gen4|1388
|teamsize|p1|6
|teamsize|p2|6
|gen|8
|tier|[Gen 8] OU
|rated|
|rule|Sleep Clause Mod: Limit one foe put to sleep
|rule|Species Clause: Limit one of each Pokémon
|rule|OHKO Clause: OHKO moves are banned
|rule|Evasion Moves Clause: Evasion moves are banned
|rule|Endless Battle Clause: Forcing endless battles is banned
|rule|HP Percentage Mod: HP is shown in percentages
|rule|Dynamax Clause: You cannot dynamax
|clearpoke
|poke|p1|Volcanion|
|poke|p1|Rillaboom, F|
|poke|p1|Landorus-Therian, M|
|poke|p1|Kyurem|
|poke|p1|Krookodile, F|
|poke|p1|Tapu Fini|
|poke|p2|Latios, M|
|poke|p2|Heatran, M|
|poke|p2|Urshifu-*, F|
|poke|p2|Rillaboom, F|
|poke|p2|Magnezone|
|poke|p2|Clefable, M|
|teampreview
|inactive|Battle timer is ON: inactive players will automatically lose when time's up. (requested by 8balljacketguy)
|
|t:|1626852870
|start
|switch|p1a: Kyurem|Kyurem|100/100
|switch|p2a: Clefable|Clefable, M, shiny|100/100
|-ability|p1a: Kyurem|Pressure
|turn|1
|
|t:|1626852883
|switch|p1a: Tapu Fini|Tapu Fini|100/100
|-fieldstart|move: Misty Terrain|[from] ability: Misty Surge|[of] p1a: Tapu Fini
|move|p2a: Clefable|Stealth Rock|p1a: Tapu Fini
|-sidestart|p1: 8balljacketguy|move: Stealth Rock
|
|upkeep
|turn|2
|
|t:|1626852908
|switch|p1a: Landorus|Landorus-Therian, M|100/100
|-damage|p1a: Landorus|88/100|[from] Stealth Rock
|-ability|p1a: Landorus|Intimidate|boost
|-unboost|p2a: Clefable|atk|1
|switch|p2a: Latios|Latios, M, shiny|100/100
|
|-heal|p1a: Landorus|94/100|[from] item: Leftovers
|upkeep
|turn|3
|
|t:|1626852930
|move|p2a: Latios|Ice Beam|p1a: Landorus
|-supereffective|p1a: Landorus
|-damage|p1a: Landorus|0 fnt
|faint|p1a: Landorus
|
|upkeep
|
|t:|1626852933
|switch|p1a: Tapu Fini|Tapu Fini|100/100
|-damage|p1a: Tapu Fini|88/100|[from] Stealth Rock
|turn|4
|
|t:|1626852936
|move|p2a: Latios|Calm Mind|p2a: Latios
|-boost|p2a: Latios|spa|1
|-boost|p2a: Latios|spd|1
|move|p1a: Tapu Fini|Whirlpool|p2a: Latios
|-resisted|p2a: Latios
|-crit|p2a: Latios
|-damage|p2a: Latios|90/100
|-activate|p2a: Latios|move: Whirlpool|[of] p1a: Tapu Fini
|
|-heal|p1a: Tapu Fini|94/100|[from] item: Leftovers
|-damage|p2a: Latios|77/100|[from] move: Whirlpool|[partiallytrapped]
|upkeep
|turn|5
|
|t:|1626852945
|move|p2a: Latios|Psyshock|p1a: Tapu Fini
|-damage|p1a: Tapu Fini|8/100
|move|p1a: Tapu Fini|Moonblast|p2a: Latios
|-supereffective|p2a: Latios
|-crit|p2a: Latios
|-damage|p2a: Latios|0 fnt
|faint|p2a: Latios
|
|-heal|p1a: Tapu Fini|14/100|[from] item: Leftovers
|-fieldend|Misty Terrain
|upkeep
|
|t:|1626852961
|switch|p2a: Urshifu|Urshifu-Rapid-Strike, F, shiny|100/100
|turn|6
|
|t:|1626852970
|switch|p1a: Volcanion|Volcanion|100/100
|-damage|p1a: Volcanion|75/100|[from] Stealth Rock
|move|p2a: Urshifu|Close Combat|p1a: Volcanion
|-damage|p1a: Volcanion|9/100
|-unboost|p2a: Urshifu|def|1
|-unboost|p2a: Urshifu|spd|1
|-damage|p2a: Urshifu|91/100|[from] item: Life Orb
|
|-heal|p1a: Volcanion|15/100|[from] item: Leftovers
|upkeep
|turn|7
|
|t:|1626852987
|move|p2a: Urshifu|Close Combat|p1a: Volcanion
|-damage|p1a: Volcanion|0 fnt
|-unboost|p2a: Urshifu|def|1
|-unboost|p2a: Urshifu|spd|1
|faint|p1a: Volcanion
|-damage|p2a: Urshifu|81/100|[from] item: Life Orb
|
|upkeep
|
|t:|1626852991
|switch|p1a: Kyurem|Kyurem|100/100
|-ability|p1a: Kyurem|Pressure
|turn|8
|
|t:|1626852997
|switch|p2a: Magnezone|Magnezone, shiny|100/100
|move|p1a: Kyurem|Earth Power|p2a: Magnezone
|-supereffective|p2a: Magnezone
|-crit|p2a: Magnezone
|-damage|p2a: Magnezone|0 fnt
|faint|p2a: Magnezone
|
|upkeep
|
|t:|1626853005
|switch|p2a: Rillaboom|Rillaboom, F, shiny|100/100
|-fieldstart|move: Grassy Terrain|[from] ability: Grassy Surge|[of] p2a: Rillaboom
|turn|9
|
|t:|1626853008
|move|p1a: Kyurem|Ice Beam|p2a: Rillaboom
|-supereffective|p2a: Rillaboom
|-damage|p2a: Rillaboom|0 fnt
|faint|p2a: Rillaboom
|
|upkeep
|
|t:|1626853016
|switch|p2a: Urshifu|Urshifu-Rapid-Strike, F, shiny|81/100
|turn|10
|
|t:|1626853019
|switch|p1a: Tapu Fini|Tapu Fini|14/100
|-damage|p1a: Tapu Fini|2/100|[from] Stealth Rock
|-fieldstart|move: Misty Terrain|[from] ability: Misty Surge|[of] p1a: Tapu Fini
|move|p2a: Urshifu|Close Combat|p1a: Tapu Fini
|-resisted|p1a: Tapu Fini
|-damage|p1a: Tapu Fini|0 fnt
|-unboost|p2a: Urshifu|def|1
|-unboost|p2a: Urshifu|spd|1
|faint|p1a: Tapu Fini
|-damage|p2a: Urshifu|71/100|[from] item: Life Orb
|
|upkeep
|
|t:|1626853026
|switch|p1a: Rillaboom|Rillaboom, F|100/100
|-damage|p1a: Rillaboom|88/100|[from] Stealth Rock
|-fieldstart|move: Grassy Terrain|[from] ability: Grassy Surge|[of] p1a: Rillaboom
|turn|11
|
|t:|1626853034
|switch|p2a: Clefable|Clefable, M, shiny|100/100
|move|p1a: Rillaboom|Superpower|p2a: Clefable
|-resisted|p2a: Clefable
|-damage|p2a: Clefable|79/100
|-unboost|p1a: Rillaboom|atk|1
|-unboost|p1a: Rillaboom|def|1
|-damage|p1a: Rillaboom|72/100|[from] item: Rocky Helmet|[of] p2a: Clefable
|-damage|p1a: Rillaboom|62/100|[from] item: Life Orb
|
|-heal|p1a: Rillaboom|68/100|[from] Grassy Terrain
|-heal|p2a: Clefable|86/100|[from] Grassy Terrain
|upkeep
|turn|12
|
|t:|1626853046
|switch|p1a: Kyurem|Kyurem|100/100
|-ability|p1a: Kyurem|Pressure
|move|p2a: Clefable|Moonblast|p1a: Kyurem
|-supereffective|p1a: Kyurem
|-damage|p1a: Kyurem|42/100
|
|-heal|p1a: Kyurem|48/100|[from] Grassy Terrain
|-heal|p2a: Clefable|92/100|[from] Grassy Terrain
|upkeep
|turn|13
|
|t:|1626853055
|move|p1a: Kyurem|Ice Beam|p2a: Clefable
|-damage|p2a: Clefable|46/100
|move|p2a: Clefable|Moonblast|p1a: Kyurem
|-supereffective|p1a: Kyurem
|-damage|p1a: Kyurem|0 fnt
|faint|p1a: Kyurem
|
|-heal|p2a: Clefable|52/100|[from] Grassy Terrain
|upkeep
|
|t:|1626853067
|switch|p1a: Krookodile|Krookodile, F|100/100
|-damage|p1a: Krookodile|94/100|[from] Stealth Rock
|turn|14
|
|t:|1626853081
|move|p1a: Krookodile|Earthquake|p2a: Clefable
|-damage|p2a: Clefable|33/100
|move|p2a: Clefable|Soft-Boiled|p2a: Clefable
|-heal|p2a: Clefable|83/100
|
|-heal|p1a: Krookodile|100/100|[from] Grassy Terrain
|-heal|p2a: Clefable|90/100|[from] Grassy Terrain
|upkeep
|turn|15
|
|t:|1626853090
|switch|p1a: Rillaboom|Rillaboom, F|68/100
|-damage|p1a: Rillaboom|56/100|[from] Stealth Rock
|move|p2a: Clefable|Moonblast|p1a: Rillaboom
|-damage|p1a: Rillaboom|13/100
|
|-heal|p1a: Rillaboom|20/100|[from] Grassy Terrain
|-heal|p2a: Clefable|96/100|[from] Grassy Terrain
|-fieldend|move: Grassy Terrain
|upkeep
|turn|16
|
|t:|1626853099
|move|p1a: Rillaboom|Knock Off|p2a: Clefable
|-resisted|p2a: Clefable
|-damage|p2a: Clefable|79/100
|-damage|p1a: Rillaboom|3/100|[from] item: Rocky Helmet|[of] p2a: Clefable
|-enditem|p2a: Clefable|Rocky Helmet|[from] move: Knock Off|[of] p1a: Rillaboom
|-damage|p1a: Rillaboom|0 fnt|[from] item: Life Orb
|faint|p1a: Rillaboom
|move|p2a: Clefable|Moonblast|p1: Rillaboom|[notarget]
|-fail|p2a: Clefable
|
|upkeep
|c|☆8balljacketguy|Pathetic
|c|☆seoul lady|ur ass
|-message|8balljacketguy forfeited.
|
|win|seoul lady
|raw|8balljacketguy's rating: 1437 &rarr; <strong>1414</strong><br />(-23 for losing)
|raw|seoul lady's rating: 1388 &rarr; <strong>1411</strong><br />(+23 for winning)
|l|☆8balljacketguy
