|raw|<div class="broadcast-blue"><strong>This battle is required to be public due to a player having a name starting with 'lt81yl'.</div>
|j|☆LT81YL UnzipsC
|j|☆Bannedbyweek2
|t:|1625282817
|gametype|singles
|player|p1|LT81YL UnzipsC|266|1807
|player|p2|Bannedbyweek2|unknown|1906
|teamsize|p1|6
|teamsize|p2|6
|gen|8
|tier|[Gen 8] OU
|rated|
|rule|Sleep Clause Mod: Limit one foe put to sleep
|rule|Species Clause: Limit one of each Pokémon
|rule|OHKO Clause: OHKO moves are banned
|rule|Evasion Moves Clause: Evasion moves are banned
|rule|Endless Battle Clause: Forcing endless battles is banned
|rule|HP Percentage Mod: HP is shown in percentages
|rule|Dynamax Clause: You cannot dynamax
|clearpoke
|poke|p1|Melmetal|
|poke|p1|Cresselia, F|
|poke|p1|Crawdaunt, M|
|poke|p1|Hatterene, F|
|poke|p1|Porygon2|
|poke|p1|Marowak-Alola, M|
|poke|p2|Nidoqueen, F|
|poke|p2|Urshifu-*, M|
|poke|p2|Dragonite, M|
|poke|p2|Tapu Koko|
|poke|p2|Mew|
|poke|p2|Corviknight, M|
|teampreview
|inactive|Battle timer is ON: inactive players will automatically lose when time's up. (requested by LT81YL UnzipsC)
|j|+Staxi
|c|☆Bannedbyweek2|hf
|c|☆LT81YL UnzipsC|you too
|j| LT81YL spooky
|
|t:|1625282840
|start
|switch|p1a: Hatterene|Hatterene, F|100/100
|switch|p2a: Urshifu|Urshifu-Rapid-Strike, M|100/100
|turn|1
|
|t:|1625282843
|move|p2a: Urshifu|Surging Strikes|p1a: Hatterene
|-crit|p1a: Hatterene
|-damage|p1a: Hatterene|67/100
|-crit|p1a: Hatterene
|-damage|p1a: Hatterene|39/100
|-crit|p1a: Hatterene
|-damage|p1a: Hatterene|8/100
|-hitcount|p1a: Hatterene|3
|move|p1a: Hatterene|Trick Room|p1a: Hatterene
|-fieldstart|move: Trick Room|[of] p1a: Hatterene
|
|upkeep
|turn|2
|
|t:|1625282850
|switch|p2a: Mew|Mew|100/100
|move|p1a: Hatterene|Healing Wish|p1a: Hatterene
|faint|p1a: Hatterene
|
|upkeep
|
|t:|1625282858
|switch|p1a: Marowak|Marowak-Alola, M|100/100
|turn|3
|j| bear kigurumi
|
|t:|1625282871
|switch|p2a: Nidoqueen|Nidoqueen, F|100/100
|move|p1a: Marowak|Poltergeist|p2a: Nidoqueen
|-activate|p2a: Nidoqueen|move: Poltergeist|Black Sludge
|-crit|p2a: Nidoqueen
|-damage|p2a: Nidoqueen|0 fnt
|faint|p2a: Nidoqueen
|
|upkeep
|
|t:|1625282875
|switch|p2a: Dragonite|Dragonite, M|100/100
|turn|4
|
|t:|1625282878
|move|p1a: Marowak|Poltergeist|p2a: Dragonite
|-activate|p2a: Dragonite|move: Poltergeist|Heavy-Duty Boots
|-crit|p2a: Dragonite
|-damage|p2a: Dragonite|39/100
|move|p2a: Dragonite|Roost|p2a: Dragonite
|-heal|p2a: Dragonite|89/100
|-singleturn|p2a: Dragonite|move: Roost
|
|upkeep
|turn|5
|j| Wicket Ticket
|j| LT81YL Tace
|
|t:|1625282883
|move|p1a: Marowak|Poltergeist|p2a: Dragonite
|-activate|p2a: Dragonite|move: Poltergeist|Heavy-Duty Boots
|-damage|p2a: Dragonite|12/100
|move|p2a: Dragonite|Earthquake|p1a: Marowak
|-supereffective|p1a: Marowak
|-damage|p1a: Marowak|47/100
|
|-fieldend|move: Trick Room
|upkeep
|turn|6
|j| LT81YL TmeFugitive
|
|t:|1625282896
|switch|p1a: Porygon2|Porygon2|100/100
|-ability|p1a: Porygon2|Download|boost
|-boost|p1a: Porygon2|atk|1
|move|p2a: Dragonite|Earthquake|p1a: Porygon2
|-damage|p1a: Porygon2|84/100
|
|upkeep
|turn|7
|
|t:|1625282907
|move|p2a: Dragonite|Roost|p2a: Dragonite
|-heal|p2a: Dragonite|62/100
|-singleturn|p2a: Dragonite|move: Roost
|move|p1a: Porygon2|Trick Room|p1a: Porygon2
|-fieldstart|move: Trick Room|[of] p1a: Porygon2
|
|upkeep
|turn|8
|j| LT81YL Ruby
|
|t:|1625282919
|move|p1a: Porygon2|Ice Beam|p2a: Dragonite
|-supereffective|p2a: Dragonite
|-damage|p2a: Dragonite|0 fnt
|faint|p2a: Dragonite
|
|upkeep
|j| LT81YL Storm
|
|t:|1625282926
|switch|p2a: Mew|Mew|100/100
|turn|9
|
|t:|1625282932
|move|p2a: Mew|Knock Off|p1a: Porygon2
|-damage|p1a: Porygon2|68/100
|-enditem|p1a: Porygon2|Eviolite|[from] move: Knock Off|[of] p2a: Mew
|move|p1a: Porygon2|Teleport|p1a: Porygon2
|
|t:|1625282939
|switch|p1a: Marowak|Marowak-Alola, M|47/100|[from]move: Teleport
|-heal|p1a: Marowak|100/100|[from] move: Healing Wish
|
|upkeep
|turn|10
|
|t:|1625282961
|move|p1a: Marowak|Poltergeist|p2a: Mew|[miss]
|-miss|p1a: Marowak|p2a: Mew
|move|p2a: Mew|Knock Off|p1a: Marowak
|-supereffective|p1a: Marowak
|-damage|p1a: Marowak|55/100
|-enditem|p1a: Marowak|Thick Club|[from] move: Knock Off|[of] p2a: Mew
|
|upkeep
|turn|11
|
|t:|1625282966
|move|p1a: Marowak|Poltergeist|p2a: Mew
|-activate|p2a: Mew|move: Poltergeist|Leftovers
|-supereffective|p2a: Mew
|-damage|p2a: Mew|49/100
|move|p2a: Mew|Knock Off|p1a: Marowak
|-supereffective|p1a: Marowak
|-damage|p1a: Marowak|23/100
|
|-heal|p2a: Mew|55/100|[from] item: Leftovers
|-fieldend|move: Trick Room
|upkeep
|turn|12
|
|t:|1625282972
|move|p2a: Mew|Soft-Boiled|p2a: Mew
|-heal|p2a: Mew|100/100
|move|p1a: Marowak|Poltergeist|p2a: Mew
|-activate|p2a: Mew|move: Poltergeist|Leftovers
|-supereffective|p2a: Mew
|-damage|p2a: Mew|44/100
|
|-heal|p2a: Mew|50/100|[from] item: Leftovers
|upkeep
|turn|13
|
|t:|1625282975
|move|p2a: Mew|Soft-Boiled|p2a: Mew
|-heal|p2a: Mew|99/100
|move|p1a: Marowak|Poltergeist|p2a: Mew
|-activate|p2a: Mew|move: Poltergeist|Leftovers
|-supereffective|p2a: Mew
|-damage|p2a: Mew|40/100
|
|-heal|p2a: Mew|47/100|[from] item: Leftovers
|upkeep
|turn|14
|
|t:|1625282977
|move|p2a: Mew|Soft-Boiled|p2a: Mew
|-heal|p2a: Mew|97/100
|move|p1a: Marowak|Flare Blitz|p2a: Mew
|-damage|p2a: Mew|68/100
|
|-heal|p2a: Mew|74/100|[from] item: Leftovers
|upkeep
|turn|15
|
|t:|1625282982
|move|p2a: Mew|Knock Off|p1a: Marowak
|-supereffective|p1a: Marowak
|-damage|p1a: Marowak|0 fnt
|faint|p1a: Marowak
|
|-heal|p2a: Mew|80/100|[from] item: Leftovers
|upkeep
|
|t:|1625282985
|switch|p1a: Knocked|Crawdaunt, M, shiny|100/100
|turn|16
|inactive|Bannedbyweek2 has 120 seconds left.
|
|t:|1625283024
|move|p2a: Mew|Will-O-Wisp|p1a: Knocked
|-status|p1a: Knocked|brn
|move|p1a: Knocked|Knock Off|p2a: Mew
|-supereffective|p2a: Mew
|-damage|p2a: Mew|21/100
|-enditem|p2a: Mew|Leftovers|[from] move: Knock Off|[of] p1a: Knocked
|-damage|p1a: Knocked|90/100 brn|[from] item: Life Orb
|
|-damage|p1a: Knocked|84/100 brn|[from] brn
|upkeep
|turn|17
|inactive|Bannedbyweek2 has 120 seconds left.
|
|t:|1625283033
|move|p2a: Mew|Soft-Boiled|p2a: Mew
|-heal|p2a: Mew|71/100
|move|p1a: Knocked|Knock Off|p2a: Mew
|-supereffective|p2a: Mew
|-damage|p2a: Mew|37/100
|-damage|p1a: Knocked|74/100 brn|[from] item: Life Orb
|
|-damage|p1a: Knocked|68/100 brn|[from] brn
|upkeep
|turn|18
|
|t:|1625283037
|switch|p2a: Urshifu|Urshifu-Rapid-Strike, M|100/100
|move|p1a: Knocked|Swords Dance|p1a: Knocked
|-boost|p1a: Knocked|atk|2
|
|-damage|p1a: Knocked|62/100 brn|[from] brn
|upkeep
|turn|19
|
|t:|1625283043
|move|p2a: Urshifu|Surging Strikes|p1a: Knocked
|-resisted|p1a: Knocked
|-crit|p1a: Knocked
|-damage|p1a: Knocked|44/100 brn
|-resisted|p1a: Knocked
|-crit|p1a: Knocked
|-damage|p1a: Knocked|25/100 brn
|-resisted|p1a: Knocked
|-crit|p1a: Knocked
|-damage|p1a: Knocked|6/100 brn
|-hitcount|p1a: Knocked|3
|move|p1a: Knocked|Knock Off|p2a: Urshifu
|-resisted|p2a: Urshifu
|-damage|p2a: Urshifu|51/100
|-enditem|p2a: Urshifu|Choice Band|[from] move: Knock Off|[of] p1a: Knocked
|-damage|p1a: Knocked|0 fnt|[from] item: Life Orb
|faint|p1a: Knocked
|
|upkeep
|
|t:|1625283048
|switch|p1a: Melmetal|Melmetal|100/100
|turn|20
|
|t:|1625283060
|move|p2a: Urshifu|Close Combat|p1a: Melmetal
|-supereffective|p1a: Melmetal
|-damage|p1a: Melmetal|33/100
|-unboost|p2a: Urshifu|def|1
|-unboost|p2a: Urshifu|spd|1
|move|p1a: Melmetal|Thunder Punch|p2a: Urshifu
|-supereffective|p2a: Urshifu
|-damage|p2a: Urshifu|0 fnt
|faint|p2a: Urshifu
|
|upkeep
|
|t:|1625283067
|switch|p2a: Mew|Mew|37/100
|turn|21
|j| Fanchinator
|c|☆Bannedbyweek2|what is ur sraw man, urshifu did shameful damage
|inactive|LT81YL UnzipsC has 120 seconds left.
|c|☆Bannedbyweek2|*craw
|j| cecilus
|j| LT81YL el shepion
|c|☆LT81YL UnzipsC|trick room craw
|
|t:|1625283115
|switch|p1a: Cresselia|Cresselia, F|100/100
|move|p2a: Mew|Soft-Boiled|p2a: Mew
|-heal|p2a: Mew|87/100
|
|upkeep
|turn|22
|c|☆Bannedbyweek2|i thought Surging Does min 80
|
|t:|1625283125
|move|p2a: Mew|Knock Off|p1a: Cresselia
|-supereffective|p1a: Cresselia
|-damage|p1a: Cresselia|77/100
|-enditem|p1a: Cresselia|Mental Herb|[from] move: Knock Off|[of] p2a: Mew
|move|p1a: Cresselia|Trick Room|p1a: Cresselia
|-fieldstart|move: Trick Room|[of] p1a: Cresselia
|
|upkeep
|turn|23
|c|☆LT81YL UnzipsC|to max hp?
|inactive|LT81YL UnzipsC has 120 seconds left.
|c|☆Bannedbyweek2|yeah lol
|
|t:|1625283137
|move|p1a: Cresselia|Lunar Dance|p1a: Cresselia
|faint|p1a: Cresselia
|move|p2a: Mew|Knock Off|p1: Cresselia|[notarget]
|-fail|p2a: Mew
|
|upkeep
|
|t:|1625283138
|switch|p1a: Melmetal|Melmetal|33/100
|-heal|p1a: Melmetal|100/100|[from] move: Lunar Dance
|turn|24
|
|t:|1625283159
|move|p1a: Melmetal|Double Iron Bash|p2a: Mew
|-damage|p2a: Mew|44/100
|-damage|p2a: Mew|3/100
|-hitcount|p2a: Mew|2
|cant|p2a: Mew|flinch
|
|upkeep
|turn|25
|
|t:|1625283171
|switch|p2a: Tapu Koko|Tapu Koko|100/100
|-fieldstart|move: Electric Terrain|[from] ability: Electric Surge|[of] p2a: Tapu Koko
|move|p1a: Melmetal|Double Iron Bash|p2a: Tapu Koko
|-damage|p2a: Tapu Koko|3/100
|-damage|p2a: Tapu Koko|0 fnt
|faint|p2a: Tapu Koko
|-hitcount|p2: Tapu Koko|2
|
|upkeep
|
|t:|1625283174
|switch|p2a: Corviknight|Corviknight, M, shiny|100/100
|-ability|p2a: Corviknight|Pressure
|turn|26
|j| Cascine Park
|j| LCABY Bird
|
|t:|1625283183
|switch|p2a: Mew|Mew|3/100
|move|p1a: Melmetal|Double Iron Bash|p2a: Mew
|-damage|p2a: Mew|0 fnt
|faint|p2a: Mew
|-hitcount|p2: Mew|1
|
|-fieldend|move: Trick Room
|upkeep
|
|t:|1625283185
|switch|p2a: Corviknight|Corviknight, M, shiny|100/100
|-ability|p2a: Corviknight|Pressure
|turn|27
|
|t:|1625283189
|switch|p1a: Porygon2|Porygon2|68/100
|-ability|p1a: Porygon2|Download|boost
|-boost|p1a: Porygon2|atk|1
|move|p2a: Corviknight|Bulk Up|p2a: Corviknight
|-boost|p2a: Corviknight|atk|1
|-boost|p2a: Corviknight|def|1
|
|upkeep
|turn|28
|
|t:|1625283191
|move|p2a: Corviknight|Substitute|p2a: Corviknight
|-start|p2a: Corviknight|Substitute
|-damage|p2a: Corviknight|75/100
|move|p1a: Porygon2|Trick Room|p1a: Porygon2
|-fieldstart|move: Trick Room|[of] p1a: Porygon2
|
|-heal|p2a: Corviknight|82/100|[from] item: Leftovers
|upkeep
|turn|29
|
|t:|1625283196
|move|p1a: Porygon2|Thunderbolt|p2a: Corviknight
|-supereffective|p2a: Corviknight
|-end|p2a: Corviknight|Substitute
|move|p2a: Corviknight|Bulk Up|p2a: Corviknight
|-boost|p2a: Corviknight|atk|1
|-boost|p2a: Corviknight|def|1
|
|-heal|p2a: Corviknight|88/100|[from] item: Leftovers
|-fieldend|move: Electric Terrain
|upkeep
|turn|30
|
|t:|1625283199
|move|p1a: Porygon2|Thunderbolt|p2a: Corviknight
|-supereffective|p2a: Corviknight
|-damage|p2a: Corviknight|48/100
|move|p2a: Corviknight|Roost|p2a: Corviknight
|-heal|p2a: Corviknight|98/100
|-singleturn|p2a: Corviknight|move: Roost
|
|-heal|p2a: Corviknight|100/100|[from] item: Leftovers
|upkeep
|turn|31
|l| Cascine Park
|
|t:|1625283206
|move|p1a: Porygon2|Thunderbolt|p2a: Corviknight
|-supereffective|p2a: Corviknight
|-damage|p2a: Corviknight|60/100
|move|p2a: Corviknight|Bulk Up|p2a: Corviknight
|-boost|p2a: Corviknight|atk|1
|-boost|p2a: Corviknight|def|1
|
|-heal|p2a: Corviknight|67/100|[from] item: Leftovers
|upkeep
|turn|32
|
|t:|1625283213
|move|p1a: Porygon2|Thunderbolt|p2a: Corviknight
|-supereffective|p2a: Corviknight
|-damage|p2a: Corviknight|27/100
|move|p2a: Corviknight|Roost|p2a: Corviknight
|-heal|p2a: Corviknight|77/100
|-singleturn|p2a: Corviknight|move: Roost
|
|-heal|p2a: Corviknight|83/100|[from] item: Leftovers
|-fieldend|move: Trick Room
|upkeep
|turn|33
|
|t:|1625283216
|move|p2a: Corviknight|Brave Bird|p1a: Porygon2
|-damage|p1a: Porygon2|0 fnt
|faint|p1a: Porygon2
|-damage|p2a: Corviknight|62/100|[from] Recoil
|
|-heal|p2a: Corviknight|68/100|[from] item: Leftovers
|upkeep
|
|t:|1625283218
|switch|p1a: Melmetal|Melmetal|100/100
|turn|34
|
|t:|1625283224
|move|p2a: Corviknight|Substitute|p2a: Corviknight
|-start|p2a: Corviknight|Substitute
|-damage|p2a: Corviknight|43/100
|move|p1a: Melmetal|Thunder Punch|p2a: Corviknight
|-supereffective|p2a: Corviknight
|-end|p2a: Corviknight|Substitute
|
|-heal|p2a: Corviknight|50/100|[from] item: Leftovers
|upkeep
|turn|35
|inactive|LT81YL UnzipsC has 120 seconds left.
|j| insult
|
|t:|1625283272
|move|p2a: Corviknight|Roost|p2a: Corviknight
|-heal|p2a: Corviknight|99/100
|-singleturn|p2a: Corviknight|move: Roost
|move|p1a: Melmetal|Thunder Punch|p2a: Corviknight
|-damage|p2a: Corviknight|83/100
|
|-heal|p2a: Corviknight|89/100|[from] item: Leftovers
|upkeep
|turn|36
|
|t:|1625283278
|move|p2a: Corviknight|Substitute|p2a: Corviknight
|-start|p2a: Corviknight|Substitute
|-damage|p2a: Corviknight|64/100
|move|p1a: Melmetal|Thunder Punch|p2a: Corviknight
|-supereffective|p2a: Corviknight
|-end|p2a: Corviknight|Substitute
|
|-heal|p2a: Corviknight|70/100|[from] item: Leftovers
|upkeep
|turn|37
|
|t:|1625283281
|move|p2a: Corviknight|Substitute|p2a: Corviknight
|-start|p2a: Corviknight|Substitute
|-damage|p2a: Corviknight|45/100
|move|p1a: Melmetal|Thunder Punch|p2a: Corviknight
|-supereffective|p2a: Corviknight
|-end|p2a: Corviknight|Substitute
|
|-heal|p2a: Corviknight|51/100|[from] item: Leftovers
|upkeep
|turn|38
|l| LT81YL TmeFugitive
|j| bobolajichan
|
|t:|1625283284
|move|p2a: Corviknight|Roost|p2a: Corviknight
|-heal|p2a: Corviknight|100/100
|-singleturn|p2a: Corviknight|move: Roost
|move|p1a: Melmetal|Thunder Punch|p2a: Corviknight
|-damage|p2a: Corviknight|83/100
|-status|p2a: Corviknight|par
|
|-heal|p2a: Corviknight|89/100 par|[from] item: Leftovers
|upkeep
|turn|39
|
|t:|1625283291
|move|p2a: Corviknight|Substitute|p2a: Corviknight
|-start|p2a: Corviknight|Substitute
|-damage|p2a: Corviknight|64/100 par
|move|p1a: Melmetal|Thunder Punch|p2a: Corviknight
|-supereffective|p2a: Corviknight
|-end|p2a: Corviknight|Substitute
|
|-heal|p2a: Corviknight|70/100 par|[from] item: Leftovers
|upkeep
|turn|40
|
|t:|1625283295
|move|p2a: Corviknight|Roost|p2a: Corviknight
|-heal|p2a: Corviknight|100/100 par
|-singleturn|p2a: Corviknight|move: Roost
|move|p1a: Melmetal|Thunder Punch|p2a: Corviknight
|-damage|p2a: Corviknight|83/100 par
|
|-heal|p2a: Corviknight|89/100 par|[from] item: Leftovers
|upkeep
|turn|41
|-message|LT81YL UnzipsC forfeited.
|
|win|Bannedbyweek2
|raw|LT81YL UnzipsC's rating: 1782 &rarr; <strong>1769</strong><br />(-13 for losing)
|raw|Bannedbyweek2's rating: 1906 &rarr; <strong>1919</strong><br />(+13 for winning)
|c|☆LT81YL UnzipsC|gg
|c|☆Bannedbyweek2|gg
