|raw|<div class="broadcast-blue"><strong>This battle is required to be public due to a player having a name starting with 'lt94je'.</div>
|j|☆lt94je nick
|j|☆Plasmeek
|t:|1661218806
|gametype|singles
|player|p1|lt94je nick|#agplivlionsden|1906
|player|p2|Plasmeek|1|1869
|teamsize|p1|6
|teamsize|p2|6
|gen|8
|tier|[Gen 8] OU
|rated|
|rule|Sleep Clause Mod: Limit one foe put to sleep
|rule|Species Clause: Limit one of each Pokémon
|rule|OHKO Clause: OHKO moves are banned
|rule|Evasion Items Clause: Evasion items are banned
|rule|Evasion Moves Clause: Evasion moves are banned
|rule|Endless Battle Clause: Forcing endless battles is banned
|rule|HP Percentage Mod: HP is shown in percentages
|rule|Dynamax Clause: You cannot dynamax
|clearpoke
|poke|p1|Ferrothorn, F|
|poke|p1|Rotom-Wash|
|poke|p1|Tyranitar, F|
|poke|p1|Excadrill, M|
|poke|p1|Clefable, F|
|poke|p1|Dragapult, M|
|poke|p2|Victini|
|poke|p2|Zapdos|
|poke|p2|Tapu Fini|
|poke|p2|Ferrothorn, F|
|poke|p2|Dragapult, F|
|poke|p2|Landorus-Therian, M|
|teampreview
|inactive|Battle timer is ON: inactive players will automatically lose when time's up. (requested by lt94je nick)
|j| podtastic1
|j| mrwhy124
|inactive|lt94je nick has 120 seconds left.
|
|t:|1661218842
|start
|switch|p1a: Dragapult|Dragapult, M|100/100
|switch|p2a: Dragapult|Dragapult, F|100/100
|turn|1
|
|t:|1661218851
|switch|p2a: Landorus|Landorus-Therian, M|100/100
|-ability|p2a: Landorus|Intimidate|boost
|-unboost|p1a: Dragapult|atk|1
|switch|p1a: Tyranitar|Tyranitar, F|100/100
|-weather|Sandstorm|[from] ability: Sand Stream|[of] p1a: Tyranitar
|
|-weather|Sandstorm|[upkeep]
|upkeep
|turn|2
|
|t:|1661218870
|switch|p1a: Clefable|Clefable, F|100/100
|move|p2a: Landorus|U-turn|p1a: Clefable
|-resisted|p1a: Clefable
|-damage|p1a: Clefable|93/100
|-damage|p2a: Landorus|84/100|[from] item: Rocky Helmet|[of] p1a: Clefable
|j| isabela000◥▶_◀◤
|j| egal★vanc
|
|t:|1661218878
|switch|p2a: Ferrothorn|Ferrothorn, F|100/100|[from]move: U-turn
|
|-weather|Sandstorm|[upkeep]
|upkeep
|turn|3
|j| Dinosuarez
|
|t:|1661218890
|move|p1a: Clefable|Stealth Rock|p2a: Ferrothorn
|-sidestart|p2: Plasmeek|move: Stealth Rock
|move|p2a: Ferrothorn|Spikes|p1a: Clefable
|-sidestart|p1: lt94je nick|Spikes
|
|-weather|Sandstorm|[upkeep]
|upkeep
|turn|4
|
|t:|1661218898
|move|p1a: Clefable|Knock Off|p2a: Ferrothorn
|-damage|p2a: Ferrothorn|90/100
|-activate|p2a: Ferrothorn|ability: Iron Barbs
|-enditem|p2a: Ferrothorn|Leftovers|[from] move: Knock Off|[of] p1a: Clefable
|move|p2a: Ferrothorn|Gyro Ball|p1a: Clefable
|-supereffective|p1a: Clefable
|-damage|p1a: Clefable|46/100
|-damage|p2a: Ferrothorn|74/100|[from] item: Rocky Helmet|[of] p1a: Clefable
|
|-weather|Sandstorm|[upkeep]
|upkeep
|turn|5
|
|t:|1661218904
|switch|p2a: Zapdos|Zapdos|100/100
|move|p1a: Clefable|Soft-Boiled|p1a: Clefable
|-heal|p1a: Clefable|96/100
|
|-weather|none
|upkeep
|turn|6
|
|t:|1661218917
|move|p2a: Zapdos|Hurricane|p1a: Clefable
|-damage|p1a: Clefable|44/100
|move|p1a: Clefable|Knock Off|p2a: Zapdos
|-damage|p2a: Zapdos|86/100
|-enditem|p2a: Zapdos|Heavy-Duty Boots|[from] move: Knock Off|[of] p1a: Clefable
|
|upkeep
|turn|7
|
|t:|1661218924
|switch|p1a: Tyranitar|Tyranitar, F|100/100
|-damage|p1a: Tyranitar|88/100|[from] Spikes
|-weather|Sandstorm|[from] ability: Sand Stream|[of] p1a: Tyranitar
|move|p2a: Zapdos|Hurricane|p1a: Tyranitar|[miss]
|-miss|p2a: Zapdos|p1a: Tyranitar
|
|-weather|Sandstorm|[upkeep]
|-damage|p2a: Zapdos|80/100|[from] Sandstorm
|upkeep
|turn|8
|
|t:|1661218935
|move|p2a: Zapdos|Volt Switch|p1a: Tyranitar
|-damage|p1a: Tyranitar|64/100
|
|t:|1661218939
|switch|p2a: Tapu Fini|Tapu Fini|100/100|[from]move: Volt Switch
|-damage|p2a: Tapu Fini|88/100|[from] Stealth Rock
|-fieldstart|move: Misty Terrain|[from] ability: Misty Surge|[of] p2a: Tapu Fini
|move|p1a: Tyranitar|Crunch|p2a: Tapu Fini
|-resisted|p2a: Tapu Fini
|-damage|p2a: Tapu Fini|58/100
|
|-weather|Sandstorm|[upkeep]
|-damage|p2a: Tapu Fini|52/100|[from] Sandstorm
|upkeep
|turn|9
|
|t:|1661218950
|switch|p1a: Ferrothorn|Ferrothorn, F|100/100
|-damage|p1a: Ferrothorn|88/100|[from] Spikes
|move|p2a: Tapu Fini|Moonblast|p1a: Ferrothorn
|-resisted|p1a: Ferrothorn
|-damage|p1a: Ferrothorn|74/100
|
|-weather|Sandstorm|[upkeep]
|-damage|p2a: Tapu Fini|46/100|[from] Sandstorm
|-heal|p1a: Ferrothorn|80/100|[from] item: Leftovers
|upkeep
|turn|10
|
|t:|1661218957
|switch|p2a: Ferrothorn|Ferrothorn, F|74/100
|-damage|p2a: Ferrothorn|68/100|[from] Stealth Rock
|move|p1a: Ferrothorn|Leech Seed|p2a: Ferrothorn
|-immune|p2a: Ferrothorn
|
|-weather|Sandstorm|[upkeep]
|-heal|p1a: Ferrothorn|86/100|[from] item: Leftovers
|upkeep
|turn|11
|
|t:|1661218965
|switch|p2a: Victini|Victini|100/100
|move|p1a: Ferrothorn|Body Press|p2a: Victini
|-resisted|p2a: Victini
|-damage|p2a: Victini|87/100
|
|-weather|none
|-heal|p1a: Ferrothorn|92/100|[from] item: Leftovers
|upkeep
|turn|12
|
|t:|1661218984
|switch|p1a: Dragapult|Dragapult, M|100/100
|-damage|p1a: Dragapult|88/100|[from] Spikes
|move|p2a: Victini|U-turn|p1a: Dragapult
|-resisted|p1a: Dragapult
|-damage|p1a: Dragapult|76/100
|
|t:|1661218991
|switch|p2a: Tapu Fini|Tapu Fini|46/100|[from]move: U-turn
|-damage|p2a: Tapu Fini|33/100|[from] Stealth Rock
|
|-fieldend|Misty Terrain
|upkeep
|turn|13
|
|t:|1661219006
|switch|p2a: Dragapult|Dragapult, F|100/100
|-damage|p2a: Dragapult|88/100|[from] Stealth Rock
|switch|p1a: Clefable|Clefable, F|44/100
|
|upkeep
|turn|14
|j| Yung Mus
|j| Smash Time steez
|j| elejiuch1
|
|t:|1661219013
|switch|p1a: Tyranitar|Tyranitar, F|64/100
|-damage|p1a: Tyranitar|51/100|[from] Spikes
|-weather|Sandstorm|[from] ability: Sand Stream|[of] p1a: Tyranitar
|move|p2a: Dragapult|Shadow Ball|p1a: Tyranitar
|-resisted|p1a: Tyranitar
|-damage|p1a: Tyranitar|31/100
|
|-weather|Sandstorm|[upkeep]
|-damage|p2a: Dragapult|82/100|[from] Sandstorm
|upkeep
|turn|15
|j| Oscarbolt
|
|t:|1661219028
|switch|p2a: Ferrothorn|Ferrothorn, F|68/100
|-damage|p2a: Ferrothorn|62/100|[from] Stealth Rock
|move|p1a: Tyranitar|Superpower|p2a: Ferrothorn
|-supereffective|p2a: Ferrothorn
|-damage|p2a: Ferrothorn|0 fnt
|-unboost|p1a: Tyranitar|atk|1
|-unboost|p1a: Tyranitar|def|1
|-damage|p1a: Tyranitar|18/100|[from] ability: Iron Barbs|[of] p2a: Ferrothorn
|faint|p2a: Ferrothorn
|
|-weather|Sandstorm|[upkeep]
|upkeep
|
|t:|1661219034
|switch|p2a: Dragapult|Dragapult, F|82/100
|-damage|p2a: Dragapult|70/100|[from] Stealth Rock
|turn|16
|j| Rovecraetove
|
|t:|1661219046
|switch|p1a: Clefable|Clefable, F|44/100
|move|p2a: Dragapult|Shadow Ball|p1a: Clefable
|-damage|p1a: Clefable|0 fnt
|faint|p1a: Clefable
|
|-weather|Sandstorm|[upkeep]
|-damage|p2a: Dragapult|64/100|[from] Sandstorm
|upkeep
|
|t:|1661219047
|switch|p1a: Excadrill|Excadrill, M|100/100
|-damage|p1a: Excadrill|88/100|[from] Spikes
|turn|17
|j| AlIoutdragadarts
|
|t:|1661219055
|switch|p2a: Landorus|Landorus-Therian, M|84/100
|-damage|p2a: Landorus|72/100|[from] Stealth Rock
|-ability|p2a: Landorus|Intimidate|boost
|-unboost|p1a: Excadrill|atk|1
|move|p1a: Excadrill|Iron Head|p2a: Landorus
|-damage|p2a: Landorus|39/100
|
|-weather|Sandstorm|[upkeep]
|-heal|p1a: Excadrill|94/100|[from] item: Leftovers
|-heal|p2a: Landorus|45/100|[from] item: Leftovers
|upkeep
|turn|18
|
|t:|1661219062
|switch|p1a: Rotom|Rotom-Wash|100/100
|move|p2a: Landorus|Earthquake|p1a: Rotom
|-immune|p1a: Rotom|[from] ability: Levitate
|
|-weather|none
|-heal|p2a: Landorus|51/100|[from] item: Leftovers
|upkeep
|turn|19
|
|t:|1661219071
|move|p1a: Rotom|Hydro Pump|p2a: Landorus
|-supereffective|p2a: Landorus
|-damage|p2a: Landorus|0 fnt
|faint|p2a: Landorus
|
|upkeep
|
|t:|1661219073
|switch|p2a: Dragapult|Dragapult, F|64/100
|-damage|p2a: Dragapult|52/100|[from] Stealth Rock
|turn|20
|inactive|lt94je nick has 120 seconds left.
|
|t:|1661219103
|switch|p1a: Tyranitar|Tyranitar, F|18/100
|-damage|p1a: Tyranitar|6/100|[from] Spikes
|-weather|Sandstorm|[from] ability: Sand Stream|[of] p1a: Tyranitar
|move|p2a: Dragapult|Shadow Ball|p1a: Tyranitar
|-resisted|p1a: Tyranitar
|-damage|p1a: Tyranitar|0 fnt
|faint|p1a: Tyranitar
|
|-weather|Sandstorm|[upkeep]
|-damage|p2a: Dragapult|46/100|[from] Sandstorm
|upkeep
|
|t:|1661219106
|switch|p1a: Excadrill|Excadrill, M|94/100
|-damage|p1a: Excadrill|82/100|[from] Spikes
|turn|21
|
|t:|1661219113
|switch|p2a: Tapu Fini|Tapu Fini|33/100
|-damage|p2a: Tapu Fini|21/100|[from] Stealth Rock
|-fieldstart|move: Misty Terrain|[from] ability: Misty Surge|[of] p2a: Tapu Fini
|move|p1a: Excadrill|Swords Dance|p1a: Excadrill
|-boost|p1a: Excadrill|atk|2
|
|-weather|Sandstorm|[upkeep]
|-damage|p2a: Tapu Fini|15/100|[from] Sandstorm
|-heal|p1a: Excadrill|88/100|[from] item: Leftovers
|upkeep
|turn|22
|
|t:|1661219119
|move|p1a: Excadrill|Rapid Spin|p2a: Tapu Fini
|-damage|p2a: Tapu Fini|0 fnt
|-boost|p1a: Excadrill|spe|1
|-sideend|p1: lt94je nick|Spikes|[from] move: Rapid Spin|[of] p1a: Excadrill
|faint|p2a: Tapu Fini
|
|-weather|Sandstorm|[upkeep]
|-heal|p1a: Excadrill|94/100|[from] item: Leftovers
|upkeep
|
|t:|1661219121
|switch|p2a: Zapdos|Zapdos|80/100
|-damage|p2a: Zapdos|55/100|[from] Stealth Rock
|turn|23
|
|t:|1661219124
|move|p1a: Excadrill|Iron Head|p2a: Zapdos
|-resisted|p2a: Zapdos
|-damage|p2a: Zapdos|4/100
|move|p2a: Zapdos|Roost|p2a: Zapdos
|-heal|p2a: Zapdos|54/100
|-singleturn|p2a: Zapdos|move: Roost
|
|-weather|Sandstorm|[upkeep]
|-damage|p2a: Zapdos|48/100|[from] Sandstorm
|-heal|p1a: Excadrill|99/100|[from] item: Leftovers
|upkeep
|turn|24
|
|t:|1661219127
|move|p1a: Excadrill|Iron Head|p2a: Zapdos
|-resisted|p2a: Zapdos
|-damage|p2a: Zapdos|0 fnt
|faint|p2a: Zapdos
|
|-weather|none
|-heal|p1a: Excadrill|100/100|[from] item: Leftovers
|upkeep
|-message|Plasmeek forfeited.
|
|win|lt94je nick
|raw|lt94je nick's rating: 1906 &rarr; <strong>1924</strong><br />(+18 for winning)
|raw|Plasmeek's rating: 1869 &rarr; <strong>1851</strong><br />(-18 for losing)
|l|☆Plasmeek
|c|☆lt94je nick|gg
|l| isabela000◥▶_◀◤
|l| Yung Mus
|j| LT94JenPlsComeBack
|l| LT94JenPlsComeBack
||Ladder isn't responding, score probably updated but might not have (Request timeout).
|l| elejiuch1
|l| Dinosuarez
|l|☆lt94je nick
|l| mrwhy124
|l| egal★vanc
|j| Kikasong
|l| Kikasong
|l| Smash Time steez
|l| Oscarbolt
|l| Rovecraetove
|j| Cookie.aoe
|l| Cookie.aoe
|l| AlIoutdragadarts
