|raw|<div class="broadcast-blue"><strong>This battle is required to be public due to a player having a name starting with 'lt93oq'.</div>
|j|☆LT93OQ Nick
|j|☆LudwigFrog
|t:|1660871496
|gametype|singles
|player|p1|LT93OQ Nick|#agplivlionsden|1934
|player|p2|LudwigFrog|hilbert-wonderlauncher|1923
|teamsize|p1|6
|teamsize|p2|6
|gen|8
|tier|[Gen 8] OU
|rated|
|rule|Sleep Clause Mod: Limit one foe put to sleep
|rule|Species Clause: Limit one of each Pokémon
|rule|OHKO Clause: OHKO moves are banned
|rule|Evasion Items Clause: Evasion items are banned
|rule|Evasion Moves Clause: Evasion moves are banned
|rule|Endless Battle Clause: Forcing endless battles is banned
|rule|HP Percentage Mod: HP is shown in percentages
|rule|Dynamax Clause: You cannot dynamax
|clearpoke
|poke|p1|Mew|
|poke|p1|Weavile, F|
|poke|p1|Celesteela|
|poke|p1|Garchomp, M|
|poke|p1|Blacephalon|
|poke|p1|Crawdaunt, M|
|poke|p2|Dragapult, M|
|poke|p2|Tyranitar, M|
|poke|p2|Ferrothorn, F|
|poke|p2|Rillaboom, M|
|poke|p2|Corviknight, F|
|poke|p2|Gastrodon-East, M|
|teampreview
|inactive|Battle timer is ON: inactive players will automatically lose when time's up. (requested by LT93OQ Nick)
|inactive|LudwigFrog also wants the timer to be on.
|j| reje
|
|t:|1660871508
|start
|switch|p1a: Mew|Mew, shiny|100/100
|switch|p2a: Tyranitar|Tyranitar, M|100/100
|-weather|Sandstorm|[from] ability: Sand Stream|[of] p2a: Tyranitar
|turn|1
|j| LT93OQ 49erzz$$
|l| LT93OQ 49erzz$$
|
|t:|1660871517
|move|p1a: Mew|Stealth Rock|p2a: Tyranitar
|-sidestart|p2: LudwigFrog|move: Stealth Rock
|move|p2a: Tyranitar|Crunch|p1a: Mew
|-supereffective|p1a: Mew
|-enditem|p1a: Mew|Colbur Berry|[eat]
|-enditem|p1a: Mew|Colbur Berry|[weaken]
|-damage|p1a: Mew|46/100
|
|-weather|Sandstorm|[upkeep]
|-damage|p1a: Mew|39/100|[from] Sandstorm
|upkeep
|turn|2
|
|t:|1660871525
|move|p1a: Mew|Spikes|p2a: Tyranitar
|-sidestart|p2: LudwigFrog|Spikes
|move|p2a: Tyranitar|Crunch|p1a: Mew
|-supereffective|p1a: Mew
|-damage|p1a: Mew|0 fnt
|faint|p1a: Mew
|
|-weather|Sandstorm|[upkeep]
|upkeep
|j| LT93OQ 49erzz$$
|
|t:|1660871531
|switch|p1a: Weavile|Weavile, F, shiny|100/100
|-ability|p1a: Weavile|Pressure
|turn|3
|
|t:|1660871536
|switch|p2a: Ferrothorn|Ferrothorn, F|100/100
|-damage|p2a: Ferrothorn|94/100|[from] Stealth Rock
|-damage|p2a: Ferrothorn|82/100|[from] Spikes
|move|p1a: Weavile|Swords Dance|p1a: Weavile
|-boost|p1a: Weavile|atk|2
|
|-weather|Sandstorm|[upkeep]
|-damage|p1a: Weavile|94/100|[from] Sandstorm
|upkeep
|turn|4
|l| LT93OQ 49erzz$$
|j| pls send team
|j| cjkel
|
|t:|1660871560
|move|p1a: Weavile|Triple Axel|p2a: Ferrothorn
|-damage|p2a: Ferrothorn|65/100
|-damage|p1a: Weavile|82/100|[from] ability: Iron Barbs|[of] p2a: Ferrothorn
|-damage|p1a: Weavile|66/100|[from] item: Rocky Helmet|[of] p2a: Ferrothorn
|-damage|p2a: Ferrothorn|35/100
|-damage|p1a: Weavile|53/100|[from] ability: Iron Barbs|[of] p2a: Ferrothorn
|-damage|p1a: Weavile|37/100|[from] item: Rocky Helmet|[of] p2a: Ferrothorn
|-damage|p2a: Ferrothorn|0 fnt
|-damage|p1a: Weavile|24/100|[from] ability: Iron Barbs|[of] p2a: Ferrothorn
|-damage|p1a: Weavile|8/100|[from] item: Rocky Helmet|[of] p2a: Ferrothorn
|faint|p2a: Ferrothorn
|-hitcount|p2: Ferrothorn|3
|-damage|p1a: Weavile|0 fnt|[from] item: Life Orb
|faint|p1a: Weavile
|
|-weather|Sandstorm|[upkeep]
|upkeep
|l| cjkel
|
|t:|1660871579
|switch|p1a: Blacephalon|Blacephalon, shiny|100/100
|switch|p2a: Corviknight|Corviknight, F|100/100
|-damage|p2a: Corviknight|88/100|[from] Stealth Rock
|-ability|p2a: Corviknight|Pressure
|turn|5
|j| Arakd’eau✞
|
|t:|1660871584
|switch|p1a: Garchomp|Garchomp, M, shiny|100/100
|move|p2a: Corviknight|Defog|p1a: Garchomp
|-unboost|p1a: Garchomp|evasion|1
|-sideend|p2: LudwigFrog|Spikes|[from] move: Defog|[of] p2a: Corviknight
|-sideend|p2: LudwigFrog|Stealth Rock|[from] move: Defog|[of] p2a: Corviknight
|
|-weather|none
|-heal|p2a: Corviknight|94/100|[from] item: Leftovers
|upkeep
|turn|6
|j| cjkel
|l| cjkel
|l| pls send team
|
|t:|1660871602
|move|p1a: Garchomp|Scale Shot|p2a: Corviknight
|-resisted|p2a: Corviknight
|-damage|p2a: Corviknight|90/100
|-resisted|p2a: Corviknight
|-damage|p2a: Corviknight|85/100
|-resisted|p2a: Corviknight
|-damage|p2a: Corviknight|81/100
|-hitcount|p2a: Corviknight|3
|-unboost|p1a: Garchomp|def|1
|-boost|p1a: Garchomp|spe|1
|move|p2a: Corviknight|U-turn|p1a: Garchomp
|-damage|p1a: Garchomp|79/100
|-damage|p2a: Corviknight|68/100|[from] ability: Rough Skin|[of] p1a: Garchomp
|
|t:|1660871608
|switch|p2a: Rillaboom|Rillaboom, M|100/100|[from]move: U-turn
|-fieldstart|move: Grassy Terrain|[from] ability: Grassy Surge|[of] p2a: Rillaboom
|
|-heal|p1a: Garchomp|86/100|[from] Grassy Terrain
|upkeep
|turn|7
|
|t:|1660871610
|switch|p1a: Celesteela|Celesteela, shiny|100/100
|move|p2a: Rillaboom|Grassy Glide|p1a: Celesteela
|-resisted|p1a: Celesteela
|-damage|p1a: Celesteela|85/100
|-damage|p2a: Rillaboom|91/100|[from] item: Life Orb
|
|-heal|p2a: Rillaboom|97/100|[from] Grassy Terrain
|upkeep
|turn|8
|
|t:|1660871615
|switch|p2a: Tyranitar|Tyranitar, M|100/100
|-weather|Sandstorm|[from] ability: Sand Stream|[of] p2a: Tyranitar
|move|p1a: Celesteela|Air Slash|p2a: Tyranitar
|-resisted|p2a: Tyranitar
|-damage|p2a: Tyranitar|88/100
|
|-weather|Sandstorm|[upkeep]
|-heal|p2a: Tyranitar|94/100|[from] Grassy Terrain
|upkeep
|turn|9
|
|t:|1660871626
|move|p2a: Tyranitar|Crunch|p1a: Celesteela
|-damage|p1a: Celesteela|17/100
|move|p1a: Celesteela|Meteor Beam||[still]
|-prepare|p1a: Celesteela|Meteor Beam
|-boost|p1a: Celesteela|spa|1
|-enditem|p1a: Celesteela|Power Herb
|-anim|p1a: Celesteela|Meteor Beam|p2a: Tyranitar|[miss]
|-miss|p1a: Celesteela|p2a: Tyranitar
|
|-weather|Sandstorm|[upkeep]
|-heal|p2a: Tyranitar|99/100|[from] Grassy Terrain
|upkeep
|turn|10
|
|t:|1660871641
|move|p2a: Tyranitar|Crunch|p1a: Celesteela
|-damage|p1a: Celesteela|0 fnt
|faint|p1a: Celesteela
|
|-weather|Sandstorm|[upkeep]
|-heal|p2a: Tyranitar|100/100|[from] Grassy Terrain
|-fieldend|move: Grassy Terrain
|upkeep
|
|t:|1660871648
|switch|p1a: Garchomp|Garchomp, M, shiny|86/100
|turn|11
|
|t:|1660871652
|switch|p2a: Corviknight|Corviknight, F|68/100
|-ability|p2a: Corviknight|Pressure
|move|p1a: Garchomp|Earthquake|p2a: Corviknight
|-immune|p2a: Corviknight
|
|-weather|Sandstorm|[upkeep]
|-heal|p2a: Corviknight|75/100|[from] item: Leftovers
|upkeep
|turn|12
|
|t:|1660871656
|move|p1a: Garchomp|Fire Fang|p2a: Corviknight
|-supereffective|p2a: Corviknight
|-damage|p2a: Corviknight|45/100
|move|p2a: Corviknight|U-turn|p1a: Garchomp
|-damage|p1a: Garchomp|71/100
|-damage|p2a: Corviknight|33/100|[from] ability: Rough Skin|[of] p1a: Garchomp
|j| LT_Alt1
|
|t:|1660871660
|switch|p2a: Dragapult|Dragapult, M|100/100|[from]move: U-turn
|
|-weather|none
|upkeep
|turn|13
|
|t:|1660871664
|move|p2a: Dragapult|Draco Meteor|p1a: Garchomp
|-supereffective|p1a: Garchomp
|-damage|p1a: Garchomp|0 fnt
|-unboost|p2a: Dragapult|spa|2
|faint|p1a: Garchomp
|
|upkeep
|j| Oscarbolt
|j| WeR#3Hay!
|-message|LT93OQ Nick forfeited.
|
|win|LudwigFrog
|raw|LT93OQ Nick's rating: 1934 &rarr; <strong>1913</strong><br />(-21 for losing)
|raw|LudwigFrog's rating: 1923 &rarr; <strong>1944</strong><br />(+21 for winning)
|l|☆LudwigFrog
|l| reje
|l|☆LT93OQ Nick
||Ladder isn't responding, score probably updated but might not have (Request timeout).
|l| Arakd’eau✞
|l| Oscarbolt
