|html|<div class="broadcast-blue"><strong>[Gen 8] OU is currently suspecting Spectrier! For information on how to participate check out the <a href="https://www.smogon.com/forums/threads/np-ss-ou-suspect-process-round-9-old-town-road.3676744/">suspect thread</a>.</strong></div>
|j|☆X-Wing Fighter
|j|☆emana
|inactive|Battle timer is ON: inactive players will automatically lose when time's up.
|t:|1611846329
|player|p1|X-Wing Fighter|hilbert|
|player|p2|emana|1|
|teamsize|p1|6
|teamsize|p2|6
|gametype|singles
|gen|8
|tier|[Gen 8] OU
|rated|Tournament battle
|clearpoke
|poke|p1|Urshifu-*, M|
|poke|p1|Slowbro, M|
|poke|p1|Corviknight, F|
|poke|p1|Slowking-Galar, M|
|poke|p1|Rillaboom, M|
|poke|p1|Krookodile, M|
|poke|p2|Luxray, F|
|poke|p2|Volcarona, F|
|poke|p2|Exploud, M|
|poke|p2|Zoroark, F|
|poke|p2|Reuniclus, F|
|poke|p2|Terrakion|
|rule|Sleep Clause Mod: Limit one foe put to sleep
|rule|Species Clause: Limit one of each Pokémon
|rule|OHKO Clause: OHKO moves are banned
|rule|Evasion Moves Clause: Evasion moves are banned
|rule|Endless Battle Clause: Forcing endless battles is banned
|rule|HP Percentage Mod: HP is shown in percentages
|rule|Dynamax Clause: You cannot dynamax
|teampreview
|c|☆emana|higlhf
|c|☆X-Wing Fighter|u2
|j| Thats quite unfor
|
|t:|1611846346
|start
|switch|p1a: Urshifu|Urshifu-Rapid-Strike, M|100/100
|switch|p2a: Terrakion|Terrakion|100/100
|turn|1
|
|t:|1611846352
|move|p2a: Terrakion|Sludge Bomb|p1a: Urshifu
|-damage|p1a: Urshifu|46/100
|-damage|p2a: Terrakion|91/100|[from] item: Life Orb
|move|p1a: Urshifu|Surging Strikes|p2a: Terrakion
|-crit|p2a: Terrakion
|-damage|p2a: Terrakion|31/100
|replace|p2a: Zoroark|Zoroark, F
|-end|p2a: Zoroark|Illusion
|-crit|p2a: Zoroark
|-damage|p2a: Zoroark|0 fnt
|-hitcount|p2a: Zoroark|2
|faint|p2a: Zoroark
|
|upkeep
|
|t:|1611846357
|switch|p2a: Luxray|Luxray, F|100/100
|turn|2
|
|t:|1611846364
|move|p2a: Luxray|Play Rough|p1a: Urshifu
|-supereffective|p1a: Urshifu
|-damage|p1a: Urshifu|0 fnt
|faint|p1a: Urshifu
|
|upkeep
|
|t:|1611846368
|switch|p1a: Rillaboom|Rillaboom, M|100/100
|-fieldstart|move: Grassy Terrain|[from] ability: Grassy Surge|[of] p1a: Rillaboom
|turn|3
|
|t:|1611846373
|switch|p2a: Volcarona|Volcarona, F|100/100
|move|p1a: Rillaboom|U-turn|p2a: Volcarona
|-resisted|p2a: Volcarona
|-damage|p2a: Volcarona|73/100
|
|t:|1611846377
|switch|p1a: Slowking|Slowking-Galar, M|100/100|[from]move: U-turn
|
|-heal|p2a: Volcarona|79/100|[from] Grassy Terrain
|upkeep
|turn|4
|
|t:|1611846384
|switch|p2a: Exploud|Exploud, M|100/100
|move|p1a: Slowking|Future Sight|p2a: Exploud
|-start|p1a: Slowking|move: Future Sight
|
|upkeep
|turn|5
|
|t:|1611846387
|move|p2a: Exploud|Boomburst|p1a: Slowking
|-damage|p1a: Slowking|65/100
|move|p1a: Slowking|Sludge Bomb|p2a: Exploud
|-damage|p2a: Exploud|68/100
|
|-heal|p2a: Exploud|74/100|[from] Grassy Terrain
|-heal|p1a: Slowking|71/100|[from] Grassy Terrain
|upkeep
|turn|6
|
|t:|1611846393
|switch|p2a: Reuniclus|Reuniclus, F|100/100
|move|p1a: Slowking|Sludge Bomb|p2a: Reuniclus
|-damage|p2a: Reuniclus|72/100
|
|-end|p2a: Reuniclus|move: Future Sight
|-resisted|p2a: Reuniclus
|-damage|p2a: Reuniclus|51/100
|-heal|p1a: Slowking|77/100|[from] Grassy Terrain
|-heal|p2a: Reuniclus|57/100|[from] Grassy Terrain
|upkeep
|turn|7
|
|t:|1611846396
|move|p2a: Reuniclus|Recover|p2a: Reuniclus
|-heal|p2a: Reuniclus|100/100
|move|p1a: Slowking|Sludge Bomb|p2a: Reuniclus
|-damage|p2a: Reuniclus|67/100
|
|-heal|p1a: Slowking|83/100|[from] Grassy Terrain
|-heal|p2a: Reuniclus|73/100|[from] Grassy Terrain
|-fieldend|move: Grassy Terrain
|upkeep
|turn|8
|
|t:|1611846399
|switch|p1a: Krookodile|Krookodile, M|100/100
|-ability|p1a: Krookodile|Intimidate|boost
|-unboost|p2a: Reuniclus|atk|1
|move|p2a: Reuniclus|Psychic|p1a: Krookodile
|-immune|p1a: Krookodile
|
|upkeep
|turn|9
|
|t:|1611846406
|switch|p2a: Terrakion|Terrakion|100/100
|move|p1a: Krookodile|Knock Off|p2a: Terrakion
|-resisted|p2a: Terrakion
|-damage|p2a: Terrakion|77/100
|-ability|p2a: Terrakion|Justified|boost
|-boost|p2a: Terrakion|atk|1
|-enditem|p2a: Terrakion|Leftovers|[from] move: Knock Off|[of] p1a: Krookodile
|
|upkeep
|turn|10
|
|t:|1611846413
|switch|p1a: Slowbro|Slowbro, M|100/100
|move|p2a: Terrakion|Close Combat|p1a: Slowbro
|-resisted|p1a: Slowbro
|-damage|p1a: Slowbro|74/100
|-unboost|p2a: Terrakion|def|1
|-unboost|p2a: Terrakion|spd|1
|-damage|p2a: Terrakion|61/100|[from] item: Rocky Helmet|[of] p1a: Slowbro
|
|upkeep
|turn|11
|
|t:|1611846417
|move|p2a: Terrakion|Stone Edge|p1a: Slowbro
|-damage|p1a: Slowbro|32/100
|move|p1a: Slowbro|Future Sight|p2a: Terrakion
|-start|p1a: Slowbro|move: Future Sight
|
|upkeep
|turn|12
|
|t:|1611846421
|switch|p1a: Corviknight|Corviknight, F|100/100
|-ability|p1a: Corviknight|Pressure
|move|p2a: Terrakion|Stone Edge|p1a: Corviknight|[miss]
|-miss|p2a: Terrakion|p1a: Corviknight
|
|upkeep
|turn|13
|
|t:|1611846423
|switch|p2a: Reuniclus|Reuniclus, F|73/100
|switch|p1a: Slowbro|Slowbro, M|65/100
|
|-end|p2a: Reuniclus|move: Future Sight
|-resisted|p2a: Reuniclus
|-damage|p2a: Reuniclus|55/100
|upkeep
|turn|14
|
|t:|1611846426
|move|p2a: Reuniclus|Recover|p2a: Reuniclus
|-heal|p2a: Reuniclus|100/100
|move|p1a: Slowbro|Future Sight|p2a: Reuniclus
|-start|p1a: Slowbro|move: Future Sight
|
|upkeep
|turn|15
|
|t:|1611846429
|move|p2a: Reuniclus|Shadow Ball|p1a: Slowbro
|-supereffective|p1a: Slowbro
|-damage|p1a: Slowbro|0 fnt
|faint|p1a: Slowbro
|
|upkeep
|
|t:|1611846433
|switch|p1a: Krookodile|Krookodile, M|100/100
|-ability|p1a: Krookodile|Intimidate|boost
|-unboost|p2a: Reuniclus|atk|1
|turn|16
|
|t:|1611846435
|move|p1a: Krookodile|High Horsepower|p2a: Reuniclus
|-damage|p2a: Reuniclus|63/100
|move|p2a: Reuniclus|Focus Blast|p1a: Krookodile|[miss]
|-miss|p2a: Reuniclus|p1a: Krookodile
|
|-end|p2a: Reuniclus|move: Future Sight
|-resisted|p2a: Reuniclus
|-damage|p2a: Reuniclus|43/100
|upkeep
|turn|17
|
|t:|1611846441
|move|p1a: Krookodile|High Horsepower|p2a: Reuniclus
|-damage|p2a: Reuniclus|4/100
|move|p2a: Reuniclus|Recover|p2a: Reuniclus
|-heal|p2a: Reuniclus|54/100
|
|upkeep
|turn|18
|
|t:|1611846444
|move|p1a: Krookodile|Knock Off|p2a: Reuniclus
|-supereffective|p2a: Reuniclus
|-damage|p2a: Reuniclus|0 fnt
|-enditem|p2a: Reuniclus|Life Orb|[from] move: Knock Off|[of] p1a: Krookodile
|faint|p2a: Reuniclus
|
|upkeep
|
|t:|1611846450
|switch|p2a: Terrakion|Terrakion|61/100
|turn|19
|
|t:|1611846454
|switch|p1a: Corviknight|Corviknight, F|100/100
|-ability|p1a: Corviknight|Pressure
|move|p2a: Terrakion|Close Combat|p1a: Corviknight
|-damage|p1a: Corviknight|60/100
|-unboost|p2a: Terrakion|def|1
|-unboost|p2a: Terrakion|spd|1
|-damage|p2a: Terrakion|44/100|[from] item: Rocky Helmet|[of] p1a: Corviknight
|
|upkeep
|turn|20
|
|t:|1611846460
|switch|p2a: Luxray|Luxray, F|100/100
|move|p1a: Corviknight|Roost|p1a: Corviknight
|-heal|p1a: Corviknight|100/100
|-singleturn|p1a: Corviknight|move: Roost
|
|upkeep
|turn|21
|
|t:|1611846468
|switch|p1a: Rillaboom|Rillaboom, M|100/100
|-fieldstart|move: Grassy Terrain|[from] ability: Grassy Surge|[of] p1a: Rillaboom
|move|p2a: Luxray|Fire Fang|p1a: Rillaboom
|-supereffective|p1a: Rillaboom
|-damage|p1a: Rillaboom|49/100
|
|-heal|p1a: Rillaboom|56/100|[from] Grassy Terrain
|upkeep
|turn|22
|
|t:|1611846475
|move|p1a: Rillaboom|Grassy Glide|p2a: Luxray
|-damage|p2a: Luxray|0 fnt
|faint|p2a: Luxray
|
|-heal|p1a: Rillaboom|62/100|[from] Grassy Terrain
|upkeep
|
|t:|1611846479
|switch|p2a: Volcarona|Volcarona, F|79/100
|turn|23
|
|t:|1611846481
|switch|p1a: Slowking|Slowking-Galar, M|100/100
|move|p2a: Volcarona|Quiver Dance|p2a: Volcarona
|-boost|p2a: Volcarona|spa|1
|-boost|p2a: Volcarona|spd|1
|-boost|p2a: Volcarona|spe|1
|
|-heal|p2a: Volcarona|85/100|[from] Grassy Terrain
|upkeep
|turn|24
|
|t:|1611846484
|move|p2a: Volcarona|Fiery Dance|p1a: Slowking
|-damage|p1a: Slowking|72/100
|move|p1a: Slowking|Sludge Bomb|p2a: Volcarona
|-damage|p2a: Volcarona|59/100
|
|-heal|p2a: Volcarona|65/100|[from] Grassy Terrain
|-heal|p1a: Slowking|78/100|[from] Grassy Terrain
|upkeep
|turn|25
|
|t:|1611846488
|move|p2a: Volcarona|Quiver Dance|p2a: Volcarona
|-boost|p2a: Volcarona|spa|1
|-boost|p2a: Volcarona|spd|1
|-boost|p2a: Volcarona|spe|1
|move|p1a: Slowking|Sludge Bomb|p2a: Volcarona
|-damage|p2a: Volcarona|47/100
|
|-heal|p2a: Volcarona|54/100|[from] Grassy Terrain
|-heal|p1a: Slowking|84/100|[from] Grassy Terrain
|-fieldend|move: Grassy Terrain
|upkeep
|turn|26
|
|t:|1611846491
|move|p2a: Volcarona|Fiery Dance|p1a: Slowking
|-damage|p1a: Slowking|45/100
|-boost|p2a: Volcarona|spa|1
|move|p1a: Slowking|Sludge Bomb|p2a: Volcarona
|-damage|p2a: Volcarona|35/100
|
|upkeep
|turn|27
|
|t:|1611846496
|move|p2a: Volcarona|Bug Buzz|p1a: Slowking
|-damage|p1a: Slowking|0 fnt
|faint|p1a: Slowking
|
|upkeep
|
|t:|1611846504
|switch|p1a: Rillaboom|Rillaboom, M|62/100
|-fieldstart|move: Grassy Terrain|[from] ability: Grassy Surge|[of] p1a: Rillaboom
|turn|28
|
|t:|1611846506
|move|p1a: Rillaboom|Grassy Glide|p2a: Volcarona
|-resisted|p2a: Volcarona
|-damage|p2a: Volcarona|5/100
|-status|p1a: Rillaboom|brn|[from] ability: Flame Body|[of] p2a: Volcarona
|move|p2a: Volcarona|Fiery Dance|p1a: Rillaboom
|-supereffective|p1a: Rillaboom
|-damage|p1a: Rillaboom|0 fnt
|faint|p1a: Rillaboom
|
|-heal|p2a: Volcarona|11/100|[from] Grassy Terrain
|upkeep
|
|t:|1611846510
|switch|p1a: Krookodile|Krookodile, M|100/100
|-ability|p1a: Krookodile|Intimidate|boost
|-unboost|p2a: Volcarona|atk|1
|turn|29
|c|☆emana|gg
|
|t:|1611846513
|move|p2a: Volcarona|Giga Drain|p1a: Krookodile
|-supereffective|p1a: Krookodile
|-damage|p1a: Krookodile|0 fnt
|-heal|p2a: Volcarona|74/100|[from] drain|[of] p1a: Krookodile
|faint|p1a: Krookodile
|
|-heal|p2a: Volcarona|81/100|[from] Grassy Terrain
|upkeep
|
|t:|1611846515
|switch|p1a: Corviknight|Corviknight, F|100/100
|-ability|p1a: Corviknight|Pressure
|turn|30
|
|t:|1611846518
|move|p2a: Volcarona|Fiery Dance|p1a: Corviknight
|-supereffective|p1a: Corviknight
|-damage|p1a: Corviknight|0 fnt
|-boost|p2a: Volcarona|spa|1
|faint|p1a: Corviknight
|
|win|emana
|n|☆X-Wing Fighter|xwingfighter
|n|☆emana|emana
|n| Thats quite unfor|thatsquiteunfor
|c|☆X-Wing Fighter|gg
