|j|☆minimax_ai
|j|☆Geenobe
|t:|1667462189
|gametype|singles
|player|p1|minimax_ai|lusamine-nihilego|1703
|player|p2|Geenobe|266|1718
|teamsize|p1|6
|teamsize|p2|6
|gen|8
|tier|[Gen 8] OU
|rated|
|rule|Sleep Clause Mod: Limit one foe put to sleep
|rule|Species Clause: Limit one of each Pokémon
|rule|OHKO Clause: OHKO moves are banned
|rule|Evasion Items Clause: Evasion items are banned
|rule|Evasion Moves Clause: Evasion moves are banned
|rule|Endless Battle Clause: Forcing endless battles is banned
|rule|HP Percentage Mod: HP is shown in percentages
|rule|Dynamax Clause: You cannot dynamax
|clearpoke
|poke|p1|Rotom-Wash|
|poke|p1|Weavile, M|
|poke|p1|Landorus-Therian, M|
|poke|p1|Heatran, M|
|poke|p1|Tangrowth, M|
|poke|p1|Melmetal|
|poke|p2|Volcanion|
|poke|p2|Landorus-Therian, M|
|poke|p2|Ninetales-Alola, M|
|poke|p2|Corviknight, F|
|poke|p2|Arctozolt|
|poke|p2|Tornadus-Therian, M|
|teampreview
|c|☆minimax_ai|hf
|inactive|Battle timer is ON: inactive players will automatically lose when time's up. (requested by minimax_ai)
|c|☆Geenobe|U2
|
|t:|1667462204
|start
|switch|p1a: Melmetal|Melmetal|100/100
|switch|p2a: Volcanion|Volcanion|100/100
|turn|1
|
|t:|1667462213
|switch|p1a: rotomwash|Rotom-Wash|100/100
|move|p2a: Volcanion|Steam Eruption|p1a: rotomwash
|-resisted|p1a: rotomwash
|-damage|p1a: rotomwash|49/100
|
|-heal|p1a: rotomwash|55/100|[from] item: Leftovers
|upkeep
|turn|2
|
|t:|1667462216
|switch|p2a: Ninetales|Ninetales-Alola, M|100/100
|-weather|Hail|[from] ability: Snow Warning|[of] p2a: Ninetales
|move|p1a: rotomwash|Nasty Plot|p1a: rotomwash
|-boost|p1a: rotomwash|spa|2
|
|-weather|Hail|[upkeep]
|-damage|p1a: rotomwash|49/100|[from] Hail
|-heal|p1a: rotomwash|55/100|[from] item: Leftovers
|upkeep
|turn|3
|
|t:|1667462221
|switch|p1a: Melmetal|Melmetal|100/100
|move|p2a: Ninetales|Freeze-Dry|p1a: Melmetal
|-resisted|p1a: Melmetal
|-damage|p1a: Melmetal|95/100
|
|-weather|Hail|[upkeep]
|-damage|p1a: Melmetal|88/100|[from] Hail
|upkeep
|turn|4
|
|t:|1667462229
|switch|p2a: Corviknight|Corviknight, F|100/100
|-ability|p2a: Corviknight|Pressure
|move|p1a: Melmetal|Earthquake|p2a: Corviknight
|-immune|p2a: Corviknight
|
|-weather|Hail|[upkeep]
|-damage|p2a: Corviknight|94/100|[from] Hail
|-damage|p1a: Melmetal|82/100|[from] Hail
|-heal|p2a: Corviknight|100/100|[from] item: Leftovers
|upkeep
|turn|5
|j| WeirdHamster
|
|t:|1667462234
|move|p2a: Corviknight|Body Press|p1a: Melmetal
|-supereffective|p1a: Melmetal
|-damage|p1a: Melmetal|54/100
|move|p1a: Melmetal|Thunder Punch|p2a: Corviknight
|-supereffective|p2a: Corviknight
|-damage|p2a: Corviknight|57/100
|
|-weather|Hail|[upkeep]
|-damage|p2a: Corviknight|51/100|[from] Hail
|-damage|p1a: Melmetal|48/100|[from] Hail
|-heal|p2a: Corviknight|57/100|[from] item: Leftovers
|upkeep
|turn|6
|
|t:|1667462243
|move|p2a: Corviknight|U-turn|p1a: Melmetal
|-resisted|p1a: Melmetal
|-damage|p1a: Melmetal|44/100
|
|t:|1667462251
|switch|p2a: Landorus|Landorus-Therian, M|100/100|[from]move: U-turn
|-ability|p2a: Landorus|Intimidate|boost
|-unboost|p1a: Melmetal|atk|1
|move|p1a: Melmetal|Earthquake|p2a: Landorus
|-immune|p2a: Landorus
|
|-weather|Hail|[upkeep]
|-damage|p2a: Landorus|94/100|[from] Hail
|-damage|p1a: Melmetal|38/100|[from] Hail
|-heal|p2a: Landorus|100/100|[from] item: Leftovers
|upkeep
|turn|7
|
|t:|1667462260
|switch|p1a: rotomwash|Rotom-Wash|55/100
|move|p2a: Landorus|Earthquake|p1a: rotomwash
|-immune|p1a: rotomwash|[from] ability: Levitate
|
|-weather|Hail|[upkeep]
|-damage|p1a: rotomwash|49/100|[from] Hail
|-damage|p2a: Landorus|94/100|[from] Hail
|-heal|p1a: rotomwash|55/100|[from] item: Leftovers
|-heal|p2a: Landorus|100/100|[from] item: Leftovers
|upkeep
|turn|8
|
|t:|1667462267
|switch|p2a: Ninetales|Ninetales-Alola, M|100/100
|move|p1a: rotomwash|Hydro Pump|p2a: Ninetales
|-crit|p2a: Ninetales
|-damage|p2a: Ninetales|35/100
|
|-weather|Hail|[upkeep]
|-damage|p1a: rotomwash|49/100|[from] Hail
|-heal|p1a: rotomwash|55/100|[from] item: Leftovers
|upkeep
|turn|9
|
|t:|1667462271
|move|p2a: Ninetales|Pain Split|p1a: rotomwash
|-sethp|p1a: rotomwash|48/100|[from] move: Pain Split|[silent]
|-sethp|p2a: Ninetales|41/100|[from] move: Pain Split
|move|p1a: rotomwash|Hydro Pump|p2a: Ninetales
|-damage|p2a: Ninetales|3/100
|
|-weather|none
|-heal|p1a: rotomwash|54/100|[from] item: Leftovers
|upkeep
|turn|10
|
|t:|1667462278
|move|p2a: Ninetales|Freeze-Dry|p1a: rotomwash
|-supereffective|p1a: rotomwash
|-damage|p1a: rotomwash|10/100
|move|p1a: rotomwash|Thunderbolt|p2a: Ninetales
|-damage|p2a: Ninetales|0 fnt
|faint|p2a: Ninetales
|
|-heal|p1a: rotomwash|17/100|[from] item: Leftovers
|upkeep
|
|t:|1667462286
|switch|p2a: Tornadus|Tornadus-Therian, M|100/100
|turn|11
|
|t:|1667462288
|move|p2a: Tornadus|Knock Off|p1a: rotomwash
|-damage|p1a: rotomwash|0 fnt
|-enditem|p1a: rotomwash|Leftovers|[from] move: Knock Off|[of] p2a: Tornadus
|faint|p1a: rotomwash
|
|upkeep
|
|t:|1667462288
|switch|p1a: Heatran|Heatran, M|100/100
|-item|p1a: Heatran|Air Balloon
|turn|12
|
|t:|1667462303
|move|p2a: Tornadus|U-turn|p1a: Heatran
|-resisted|p1a: Heatran
|-damage|p1a: Heatran|97/100
|-enditem|p1a: Heatran|Air Balloon
|
|t:|1667462307
|switch|p2a: Volcanion|Volcanion|100/100|[from]move: U-turn
|move|p1a: Heatran|Magma Storm|p2a: Volcanion
|-resisted|p2a: Volcanion
|-damage|p2a: Volcanion|88/100
|-activate|p2a: Volcanion|move: Magma Storm|[of] p1a: Heatran
|
|-damage|p2a: Volcanion|75/100|[from] move: Magma Storm|[partiallytrapped]
|upkeep
|turn|13
|
|t:|1667462314
|move|p1a: Heatran|Earth Power|p2a: Volcanion
|-supereffective|p2a: Volcanion
|-damage|p2a: Volcanion|13/100
|move|p2a: Volcanion|Steam Eruption|p1a: Heatran
|-supereffective|p1a: Heatran
|-damage|p1a: Heatran|0 fnt
|faint|p1a: Heatran
|
|-end|p2a: Volcanion|Magma Storm|[partiallytrapped]|[silent]
|upkeep
|
|t:|1667462314
|switch|p1a: Weavile|Weavile, M|100/100
|-ability|p1a: Weavile|Pressure
|turn|14
|
|t:|1667462323
|move|p1a: Weavile|Knock Off|p2a: Volcanion
|-damage|p2a: Volcanion|0 fnt
|-enditem|p2a: Volcanion|Choice Specs|[from] move: Knock Off|[of] p1a: Weavile
|faint|p2a: Volcanion
|
|upkeep
|
|t:|1667462332
|switch|p2a: Arctozolt|Arctozolt|100/100
|turn|15
|
|t:|1667462340
|move|p1a: Weavile|Knock Off|p2a: Arctozolt
|-damage|p2a: Arctozolt|14/100
|-enditem|p2a: Arctozolt|Leftovers|[from] move: Knock Off|[of] p1a: Weavile
|move|p2a: Arctozolt|Bolt Beak|p1a: Weavile
|-damage|p1a: Weavile|36/100
|
|upkeep
|turn|16
|
|t:|1667462356
|move|p1a: Weavile|Knock Off|p2a: Arctozolt
|-damage|p2a: Arctozolt|0 fnt
|faint|p2a: Arctozolt
|
|upkeep
|
|t:|1667462368
|switch|p2a: Tornadus|Tornadus-Therian, M|100/100
|turn|17
|
|t:|1667462370
|switch|p1a: Melmetal|Melmetal|38/100
|move|p2a: Tornadus|U-turn|p1a: Melmetal
|-resisted|p1a: Melmetal
|-damage|p1a: Melmetal|34/100
|
|t:|1667462376
|switch|p2a: Landorus|Landorus-Therian, M|100/100|[from]move: U-turn
|-ability|p2a: Landorus|Intimidate|boost
|-unboost|p1a: Melmetal|atk|1
|
|upkeep
|turn|18
|
|t:|1667462381
|switch|p1a: Tangrowth|Tangrowth, M|100/100
|move|p2a: Landorus|Earthquake|p1a: Tangrowth
|-resisted|p1a: Tangrowth
|-damage|p1a: Tangrowth|89/100
|
|upkeep
|turn|19
|
|t:|1667462387
|move|p2a: Landorus|Stealth Rock|p1a: Tangrowth
|-sidestart|p1: minimax_ai|move: Stealth Rock
|move|p1a: Tangrowth|Sleep Powder|p2a: Landorus
|-status|p2a: Landorus|slp|[from] move: Sleep Powder
|
|upkeep
|turn|20
|
|t:|1667462394
|switch|p1a: landorustherian|Landorus-Therian, M|100/100
|-damage|p1a: landorustherian|88/100|[from] Stealth Rock
|-ability|p1a: landorustherian|Intimidate|boost
|-unboost|p2a: Landorus|atk|1
|cant|p2a: Landorus|slp
|
|-heal|p1a: landorustherian|94/100|[from] item: Leftovers
|upkeep
|turn|21
|
|t:|1667462397
|cant|p2a: Landorus|slp
|move|p1a: landorustherian|Defog|p2a: Landorus
|-unboost|p2a: Landorus|evasion|1
|-sideend|p1: minimax_ai|Stealth Rock|[from] move: Defog|[of] p1a: landorustherian
|
|-heal|p1a: landorustherian|99/100|[from] item: Leftovers
|upkeep
|turn|22
|
|t:|1667462401
|switch|p1a: Melmetal|Melmetal|34/100
|cant|p2a: Landorus|slp
|
|upkeep
|turn|23
|
|t:|1667462405
|-curestatus|p2a: Landorus|slp|[msg]
|move|p2a: Landorus|Earthquake|p1a: Melmetal
|-supereffective|p1a: Melmetal
|-damage|p1a: Melmetal|0 fnt
|faint|p1a: Melmetal
|
|upkeep
|
|t:|1667462405
|switch|p1a: Weavile|Weavile, M|36/100
|-ability|p1a: Weavile|Pressure
|turn|24
|
|t:|1667462424
|move|p1a: Weavile|Triple Axel|p2a: Landorus
|-supereffective|p2a: Landorus
|-crit|p2a: Landorus
|-damage|p2a: Landorus|16/100
|-supereffective|p2a: Landorus
|-damage|p2a: Landorus|0 fnt
|faint|p2a: Landorus
|-hitcount|p2: Landorus|2
|
|upkeep
|
|t:|1667462432
|switch|p2a: Corviknight|Corviknight, F|57/100
|-ability|p2a: Corviknight|Pressure
|turn|25
|
|t:|1667462434
|switch|p1a: Tangrowth|Tangrowth, M|100/100
|move|p2a: Corviknight|Body Press|p1a: Tangrowth
|-damage|p1a: Tangrowth|87/100
|-damage|p2a: Corviknight|40/100|[from] item: Rocky Helmet|[of] p1a: Tangrowth
|
|-heal|p2a: Corviknight|47/100|[from] item: Leftovers
|upkeep
|turn|26
|
|t:|1667462437
|move|p2a: Corviknight|Roost|p2a: Corviknight
|-heal|p2a: Corviknight|97/100
|-singleturn|p2a: Corviknight|move: Roost
|move|p1a: Tangrowth|Sleep Powder|p2a: Corviknight|[miss]
|-miss|p1a: Tangrowth|p2a: Corviknight
|
|-heal|p2a: Corviknight|100/100|[from] item: Leftovers
|upkeep
|turn|27
|
|t:|1667462446
|move|p2a: Corviknight|Defog|p1a: Tangrowth
|-unboost|p1a: Tangrowth|evasion|1
|move|p1a: Tangrowth|Sleep Powder|p2a: Corviknight
|-status|p2a: Corviknight|slp|[from] move: Sleep Powder
|
|upkeep
|turn|28
|
|t:|1667462453
|cant|p2a: Corviknight|slp
|move|p1a: Tangrowth|Knock Off|p2a: Corviknight
|-damage|p2a: Corviknight|86/100 slp
|-enditem|p2a: Corviknight|Leftovers|[from] move: Knock Off|[of] p1a: Tangrowth
|
|upkeep
|turn|29
|
|t:|1667462457
|cant|p2a: Corviknight|slp
|move|p1a: Tangrowth|Focus Blast|p2a: Corviknight
|-crit|p2a: Corviknight
|-damage|p2a: Corviknight|45/100 slp
|
|upkeep
|turn|30
|
|t:|1667462461
|cant|p2a: Corviknight|slp
|move|p1a: Tangrowth|Focus Blast|p2a: Corviknight
|-damage|p2a: Corviknight|21/100 slp
|
|upkeep
|turn|31
|
|t:|1667462465
|switch|p1a: Weavile|Weavile, M|36/100
|-ability|p1a: Weavile|Pressure
|-curestatus|p2a: Corviknight|slp|[msg]
|move|p2a: Corviknight|Roost|p2a: Corviknight
|-heal|p2a: Corviknight|71/100
|-singleturn|p2a: Corviknight|move: Roost
|
|upkeep
|turn|32
|
|t:|1667462469
|switch|p1a: Tangrowth|Tangrowth, M|100/100
|move|p2a: Corviknight|Body Press|p1a: Tangrowth
|-damage|p1a: Tangrowth|88/100
|-damage|p2a: Corviknight|54/100|[from] item: Rocky Helmet|[of] p1a: Tangrowth
|
|upkeep
|turn|33
|
|t:|1667462470
|move|p2a: Corviknight|Roost|p2a: Corviknight
|-heal|p2a: Corviknight|100/100
|-singleturn|p2a: Corviknight|move: Roost
|move|p1a: Tangrowth|Sleep Powder|p2a: Corviknight
|-status|p2a: Corviknight|slp|[from] move: Sleep Powder
|
|upkeep
|turn|34
|
|t:|1667462474
|switch|p2a: Tornadus|Tornadus-Therian, M|100/100
|move|p1a: Tangrowth|Knock Off|p2a: Tornadus
|-damage|p2a: Tornadus|76/100
|-enditem|p2a: Tornadus|Heavy-Duty Boots|[from] move: Knock Off|[of] p1a: Tangrowth
|
|upkeep
|turn|35
|
|t:|1667462486
|switch|p1a: landorustherian|Landorus-Therian, M|99/100
|-ability|p1a: landorustherian|Intimidate|boost
|-unboost|p2a: Tornadus|atk|1
|move|p2a: Tornadus|Knock Off|p1a: landorustherian
|-damage|p1a: landorustherian|87/100
|-enditem|p1a: landorustherian|Leftovers|[from] move: Knock Off|[of] p2a: Tornadus
|
|upkeep
|turn|36
|
|t:|1667462493
|move|p2a: Tornadus|Hurricane|p1a: landorustherian|[miss]
|-miss|p2a: Tornadus|p1a: landorustherian
|move|p1a: landorustherian|U-turn|p2a: Tornadus
|-resisted|p2a: Tornadus
|-damage|p2a: Tornadus|63/100
|
|t:|1667462493
|switch|p1a: Weavile|Weavile, M|36/100|[from]move: U-turn
|-ability|p1a: Weavile|Pressure
|
|upkeep
|turn|37
|
|t:|1667462506
|move|p1a: Weavile|Triple Axel|p2a: Tornadus
|-supereffective|p2a: Tornadus
|-damage|p2a: Tornadus|30/100
|-supereffective|p2a: Tornadus
|-damage|p2a: Tornadus|0 fnt
|faint|p2a: Tornadus
|-hitcount|p2: Tornadus|2
|
|upkeep
|
|t:|1667462507
|switch|p2a: Corviknight|Corviknight, F|100/100 slp
|-ability|p2a: Corviknight|Pressure
|turn|38
|c|☆Geenobe|gg
|
|t:|1667462511
|move|p1a: Weavile|Triple Axel|p2a: Corviknight
|-damage|p2a: Corviknight|91/100 slp
|-damage|p2a: Corviknight|72/100 slp
|-damage|p2a: Corviknight|43/100 slp
|-hitcount|p2a: Corviknight|3
|cant|p2a: Corviknight|slp
|
|upkeep
|turn|39
|
|t:|1667462514
|move|p1a: Weavile|Triple Axel|p2a: Corviknight
|-damage|p2a: Corviknight|32/100 slp
|-damage|p2a: Corviknight|13/100 slp
|-damage|p2a: Corviknight|0 fnt
|faint|p2a: Corviknight
|-hitcount|p2: Corviknight|3
|
|win|minimax_ai
|raw|minimax_ai's rating: 1703 &rarr; <strong>1724</strong><br />(+21 for winning)
|raw|Geenobe's rating: 1718 &rarr; <strong>1697</strong><br />(-21 for losing)
|c|☆minimax_ai|gg
