|j|‽Not Sarcasm
|j|☆Pok et Glace
|t:|1665008916
|gametype|singles
|player|p1|Not Sarcasm|2|1629
|player|p2|Pok et Glace|cynthia-masters|1737
|teamsize|p1|6
|teamsize|p2|6
|gen|8
|tier|[Gen 8] OU
|rated|
|rule|Sleep Clause Mod: Limit one foe put to sleep
|rule|Species Clause: Limit one of each Pokémon
|rule|OHKO Clause: OHKO moves are banned
|rule|Evasion Items Clause: Evasion items are banned
|rule|Evasion Moves Clause: Evasion moves are banned
|rule|Endless Battle Clause: Forcing endless battles is banned
|rule|HP Percentage Mod: HP is shown in percentages
|rule|Dynamax Clause: You cannot dynamax
|clearpoke
|poke|p1|Gastrodon, F|
|poke|p1|Blissey, F|
|poke|p1|Slowking-Galar, M|
|poke|p1|Toxapex, M|
|poke|p1|Clefable, M|
|poke|p1|Corviknight, M|
|poke|p2|Slowbro, M|
|poke|p2|Amoonguss, M|
|poke|p2|Weavile, M|
|poke|p2|Tornadus-Therian, M|
|poke|p2|Heatran, M|
|poke|p2|Golurk|
|teampreview
|inactive|Battle timer is ON: inactive players will automatically lose when time's up. (requested by Not Sarcasm)
|j| 3zzgdwe
|
|t:|1665008935
|start
|switch|p1a: Toxapex|Toxapex, M|100/100
|switch|p2a: Mantra|Slowbro, M, shiny|100/100
|turn|1
|
|t:|1665008940
|move|p1a: Toxapex|Toxic|p2a: Mantra
|-status|p2a: Mantra|tox
|move|p2a: Mantra|Future Sight|p1a: Toxapex
|-start|p2a: Mantra|move: Future Sight
|
|-damage|p2a: Mantra|94/100 tox|[from] psn
|upkeep
|turn|2
|
|t:|1665008945
|move|p1a: Toxapex|Toxic Spikes|p2a: Mantra
|-sidestart|p2: Pok et Glace|move: Toxic Spikes
|move|p2a: Mantra|Teleport|p2a: Mantra
|
|t:|1665008951
|switch|p2a: Fujin|Tornadus-Therian, M, shiny|100/100|[from]move: Teleport
|
|upkeep
|turn|3
|
|t:|1665008954
|move|p2a: Fujin|Defog|p1a: Toxapex
|-unboost|p1a: Toxapex|evasion|1
|-sideend|p2: Pok et Glace|Toxic Spikes|[from] move: Defog|[of] p2a: Fujin
|move|p1a: Toxapex|Toxic|p2a: Fujin
|-status|p2a: Fujin|tox
|
|-end|p1a: Toxapex|move: Future Sight
|-supereffective|p1a: Toxapex
|-enditem|p1a: Toxapex|Payapa Berry|[eat]
|-enditem|p1a: Toxapex|Payapa Berry|[weaken]
|-damage|p1a: Toxapex|70/100
|-damage|p2a: Fujin|94/100 tox|[from] psn
|upkeep
|turn|4
|
|t:|1665008964
|move|p2a: Fujin|U-turn|p1a: Toxapex
|-resisted|p1a: Toxapex
|-damage|p1a: Toxapex|65/100
|
|t:|1665008968
|switch|p2a: Moon Man|Golurk, shiny|100/100|[from]move: U-turn
|move|p1a: Toxapex|Toxic Spikes|p2a: Moon Man
|-sidestart|p2: Pok et Glace|move: Toxic Spikes
|
|upkeep
|turn|5
|
|t:|1665008973
|switch|p1a: Corviknight|Corviknight, M|100/100
|-ability|p1a: Corviknight|Pressure
|move|p2a: Moon Man|Poltergeist|p1a: Corviknight
|-activate|p1a: Corviknight|move: Poltergeist|Shed Shell
|-damage|p1a: Corviknight|44/100
|
|upkeep
|turn|6
|
|t:|1665008983
|switch|p2a: Bandit|Weavile, M, shiny|100/100
|-ability|p2a: Bandit|Pressure
|switch|p1a: Toxapex|Toxapex, M|98/100
|
|upkeep
|turn|7
|
|t:|1665008990
|switch|p2a: Fungus|Amoonguss, M, shiny|100/100
|-sideend|p2: Pok et Glace|move: Toxic Spikes|[of] p2a: Fungus
|move|p1a: Toxapex|Toxic|p2a: Fungus
|-immune|p2a: Fungus
|
|upkeep
|turn|8
|
|t:|1665008995
|move|p1a: Toxapex|Knock Off|p2a: Fungus
|-damage|p2a: Fungus|88/100
|-enditem|p2a: Fungus|Black Sludge|[from] move: Knock Off|[of] p1a: Toxapex
|move|p2a: Fungus|Spore|p1a: Toxapex
|-status|p1a: Toxapex|slp|[from] move: Spore
|
|upkeep
|turn|9
|
|t:|1665009001
|switch|p1a: Corviknight|Corviknight, M|44/100
|-ability|p1a: Corviknight|Pressure
|switch|p2a: Moon Man|Golurk, shiny|100/100
|
|upkeep
|turn|10
|
|t:|1665009015
|switch|p1a: Toxapex|Toxapex, M|100/100 slp
|move|p2a: Moon Man|Stone Edge|p1a: Toxapex
|-damage|p1a: Toxapex|65/100 slp
|
|upkeep
|turn|11
|
|t:|1665009025
|move|p2a: Moon Man|Stone Edge|p1a: Toxapex
|-damage|p1a: Toxapex|29/100 slp
|cant|p1a: Toxapex|slp
|
|upkeep
|turn|12
|
|t:|1665009030
|switch|p2a: Fungus|Amoonguss, M, shiny|100/100
|switch|p1a: Gastrodon|Gastrodon, F|100/100
|
|upkeep
|turn|13
|
|t:|1665009037
|switch|p1a: Corviknight|Corviknight, M|44/100
|-ability|p1a: Corviknight|Pressure
|move|p2a: Fungus|Giga Drain|p1a: Corviknight
|-resisted|p1a: Corviknight
|-damage|p1a: Corviknight|39/100
|
|upkeep
|turn|14
|
|t:|1665009043
|switch|p2a: Chaos|Heatran, M, shiny|100/100
|-item|p2a: Chaos|Air Balloon
|move|p1a: Corviknight|Roost|p1a: Corviknight
|-heal|p1a: Corviknight|89/100
|-singleturn|p1a: Corviknight|move: Roost
|
|upkeep
|turn|15
|
|t:|1665009052
|switch|p1a: Gastrodon|Gastrodon, F|100/100
|move|p2a: Chaos|Stealth Rock|p1a: Gastrodon
|-sidestart|p1: Not Sarcasm|move: Stealth Rock
|
|upkeep
|turn|16
|
|t:|1665009057
|switch|p2a: Fungus|Amoonguss, M, shiny|100/100
|move|p1a: Gastrodon|Scald|p2a: Fungus
|-resisted|p2a: Fungus
|-damage|p2a: Fungus|92/100
|
|upkeep
|turn|17
|
|t:|1665009065
|switch|p2a: Moon Man|Golurk, shiny|100/100
|move|p1a: Gastrodon|Protect||[still]
|-fail|p1a: Gastrodon
|
|upkeep
|turn|18
|
|t:|1665009072
|switch|p2a: Fungus|Amoonguss, M, shiny|100/100
|move|p1a: Gastrodon|Protect||[still]
|-fail|p1a: Gastrodon
|
|upkeep
|turn|19
|
|t:|1665009078
|switch|p1a: Corviknight|Corviknight, M|89/100
|-damage|p1a: Corviknight|77/100|[from] Stealth Rock
|-ability|p1a: Corviknight|Pressure
|move|p2a: Fungus|Giga Drain|p1a: Corviknight
|-resisted|p1a: Corviknight
|-damage|p1a: Corviknight|72/100
|
|upkeep
|turn|20
|j| Jongruenwald
|
|t:|1665009086
|switch|p2a: Chaos|Heatran, M, shiny|100/100
|-item|p2a: Chaos|Air Balloon
|move|p1a: Corviknight|Defog|p2a: Chaos
|-unboost|p2a: Chaos|evasion|1
|-sideend|p1: Not Sarcasm|Stealth Rock|[from] move: Defog|[of] p1a: Corviknight
|
|upkeep
|turn|21
|
|t:|1665009093
|switch|p1a: Gastrodon|Gastrodon, F|100/100
|move|p2a: Chaos|Stealth Rock|p1a: Gastrodon
|-sidestart|p1: Not Sarcasm|move: Stealth Rock
|
|upkeep
|turn|22
|
|t:|1665009097
|switch|p2a: Fungus|Amoonguss, M, shiny|100/100
|move|p1a: Gastrodon|Scald|p2a: Fungus
|-resisted|p2a: Fungus
|-damage|p2a: Fungus|91/100
|
|upkeep
|turn|23
|
|t:|1665009104
|switch|p1a: Corviknight|Corviknight, M|72/100
|-damage|p1a: Corviknight|59/100|[from] Stealth Rock
|-ability|p1a: Corviknight|Pressure
|switch|p2a: Moon Man|Golurk, shiny|100/100
|
|upkeep
|turn|24
|
|t:|1665009111
|move|p2a: Moon Man|Heat Crash|p1a: Corviknight
|-supereffective|p1a: Corviknight
|-damage|p1a: Corviknight|0 fnt
|faint|p1a: Corviknight
|
|upkeep
|
|t:|1665009118
|switch|p1a: Blissey|Blissey, F|100/100
|turn|25
|
|t:|1665009123
|switch|p2a: Fungus|Amoonguss, M, shiny|100/100
|move|p1a: Blissey|Stealth Rock|p2a: Fungus
|-sidestart|p2: Pok et Glace|move: Stealth Rock
|
|upkeep
|turn|26
|
|t:|1665009130
|move|p1a: Blissey|Thunder Wave|p2a: Fungus
|-status|p2a: Fungus|par
|move|p2a: Fungus|Giga Drain|p1a: Blissey
|-damage|p1a: Blissey|92/100
|
|upkeep
|turn|27
|
|t:|1665009137
|switch|p2a: Mantra|Slowbro, M, shiny|100/100 tox
|move|p1a: Blissey|Seismic Toss|p2a: Mantra
|-damage|p2a: Mantra|75/100 tox
|
|-damage|p2a: Mantra|69/100 tox|[from] psn
|upkeep
|turn|28
|
|t:|1665009143
|move|p1a: Blissey|Seismic Toss|p2a: Mantra
|-damage|p2a: Mantra|44/100 tox
|move|p2a: Mantra|Teleport|p2a: Mantra
|
|t:|1665009147
|switch|p2a: Moon Man|Golurk, shiny|100/100|[from]move: Teleport
|-damage|p2a: Moon Man|95/100|[from] Stealth Rock
|
|upkeep
|turn|29
|
|t:|1665009152
|move|p2a: Moon Man|Earthquake|p1a: Blissey
|-damage|p1a: Blissey|21/100
|move|p1a: Blissey|Soft-Boiled|p1a: Blissey
|-heal|p1a: Blissey|71/100
|
|upkeep
|turn|30
|
|t:|1665009160
|switch|p1a: Gastrodon|Gastrodon, F|100/100
|-damage|p1a: Gastrodon|94/100|[from] Stealth Rock
|move|p2a: Moon Man|Earthquake|p1a: Gastrodon
|-damage|p1a: Gastrodon|6/100
|
|-heal|p1a: Gastrodon|12/100|[from] item: Leftovers
|upkeep
|turn|31
|
|t:|1665009168
|move|p1a: Gastrodon|Protect|p1a: Gastrodon
|-singleturn|p1a: Gastrodon|Protect
|move|p2a: Moon Man|Earthquake|p1a: Gastrodon
|-activate|p1a: Gastrodon|move: Protect
|
|-heal|p1a: Gastrodon|19/100|[from] item: Leftovers
|upkeep
|turn|32
|
|t:|1665009174
|move|p2a: Moon Man|Earthquake|p1a: Gastrodon
|-damage|p1a: Gastrodon|0 fnt
|faint|p1a: Gastrodon
|
|upkeep
|
|t:|1665009178
|switch|p1a: Clefable|Clefable, M|100/100
|-damage|p1a: Clefable|88/100|[from] Stealth Rock
|turn|33
|
|t:|1665009184
|switch|p2a: Chaos|Heatran, M, shiny|100/100
|-damage|p2a: Chaos|88/100|[from] Stealth Rock
|-item|p2a: Chaos|Air Balloon
|move|p1a: Clefable|Moonblast|p2a: Chaos
|-resisted|p2a: Chaos
|-damage|p2a: Chaos|82/100
|-enditem|p2a: Chaos|Air Balloon
|
|-heal|p1a: Clefable|94/100|[from] item: Leftovers
|upkeep
|turn|34
|
|t:|1665009194
|move|p2a: Chaos|Magma Storm|p1a: Clefable
|-damage|p1a: Clefable|50/100
|-activate|p1a: Clefable|move: Magma Storm|[of] p2a: Chaos
|move|p1a: Clefable|Calm Mind|p1a: Clefable
|-boost|p1a: Clefable|spa|1
|-boost|p1a: Clefable|spd|1
|
|-heal|p1a: Clefable|57/100|[from] item: Leftovers
|-damage|p1a: Clefable|44/100|[from] move: Magma Storm|[partiallytrapped]
|upkeep
|turn|35
|
|t:|1665009203
|move|p2a: Chaos|Toxic|p1a: Clefable
|-status|p1a: Clefable|tox
|move|p1a: Clefable|Soft-Boiled|p1a: Clefable
|-heal|p1a: Clefable|94/100 tox
|
|-heal|p1a: Clefable|99/100 tox|[from] item: Leftovers
|-damage|p1a: Clefable|94/100 tox|[from] psn
|-damage|p1a: Clefable|82/100 tox|[from] move: Magma Storm|[partiallytrapped]
|upkeep
|turn|36
|
|t:|1665009212
|move|p2a: Chaos|Magma Storm|p1a: Clefable
|-damage|p1a: Clefable|56/100 tox
|move|p1a: Clefable|Heal Bell|p1a: Clefable
|-activate|p1a: Clefable|move: Heal Bell
|-curestatus|p1a: Clefable|tox|[msg]
|-curestatus|p1: Toxapex|slp|[msg]
|
|-heal|p1a: Clefable|62/100|[from] item: Leftovers
|-damage|p1a: Clefable|50/100|[from] move: Magma Storm|[partiallytrapped]
|upkeep
|turn|37
|
|t:|1665009221
|move|p2a: Chaos|Toxic|p1a: Clefable
|-status|p1a: Clefable|tox
|move|p1a: Clefable|Soft-Boiled|p1a: Clefable
|-heal|p1a: Clefable|99/100 tox
|
|-heal|p1a: Clefable|100/100 tox|[from] item: Leftovers
|-damage|p1a: Clefable|94/100 tox|[from] psn
|-damage|p1a: Clefable|82/100 tox|[from] move: Magma Storm|[partiallytrapped]
|upkeep
|turn|38
|
|t:|1665009230
|move|p2a: Chaos|Magma Storm|p1a: Clefable
|-damage|p1a: Clefable|57/100 tox
|move|p1a: Clefable|Calm Mind|p1a: Clefable
|-boost|p1a: Clefable|spa|1
|-boost|p1a: Clefable|spd|1
|
|-heal|p1a: Clefable|63/100 tox|[from] item: Leftovers
|-damage|p1a: Clefable|50/100 tox|[from] psn
|-damage|p1a: Clefable|38/100 tox|[from] move: Magma Storm|[partiallytrapped]
|upkeep
|turn|39
|
|t:|1665009239
|move|p2a: Chaos|Magma Storm|p1a: Clefable
|-damage|p1a: Clefable|18/100 tox
|move|p1a: Clefable|Soft-Boiled|p1a: Clefable
|-heal|p1a: Clefable|68/100 tox
|
|-heal|p1a: Clefable|74/100 tox|[from] item: Leftovers
|-damage|p1a: Clefable|56/100 tox|[from] psn
|-end|p1a: Clefable|Magma Storm|[partiallytrapped]
|upkeep
|turn|40
|
|t:|1665009247
|switch|p2a: Fungus|Amoonguss, M, shiny|100/100 par
|-damage|p2a: Fungus|88/100 par|[from] Stealth Rock
|move|p1a: Clefable|Heal Bell|p1a: Clefable
|-activate|p1a: Clefable|move: Heal Bell
|-curestatus|p1a: Clefable|tox|[msg]
|
|-heal|p1a: Clefable|62/100|[from] item: Leftovers
|upkeep
|turn|41
|
|t:|1665009257
|move|p1a: Clefable|Moonblast|p2a: Fungus
|-resisted|p2a: Fungus
|-damage|p2a: Fungus|63/100 par
|move|p2a: Fungus|Clear Smog|p1a: Clefable
|-supereffective|p1a: Clefable
|-damage|p1a: Clefable|48/100
|-clearboost|p1a: Clefable
|
|-heal|p1a: Clefable|55/100|[from] item: Leftovers
|upkeep
|turn|42
|
|t:|1665009266
|switch|p2a: Mantra|Slowbro, M, shiny|77/100 tox
|move|p1a: Clefable|Soft-Boiled|p1a: Clefable
|-heal|p1a: Clefable|100/100
|
|-damage|p2a: Mantra|71/100 tox|[from] psn
|upkeep
|turn|43
|
|t:|1665009273
|move|p1a: Clefable|Moonblast|p2a: Mantra
|-damage|p2a: Mantra|50/100 tox
|-unboost|p2a: Mantra|spa|1
|move|p2a: Mantra|Future Sight|p1a: Clefable
|-start|p2a: Mantra|move: Future Sight
|
|-damage|p2a: Mantra|38/100 tox|[from] psn
|upkeep
|turn|44
|
|t:|1665009280
|move|p1a: Clefable|Moonblast|p2a: Mantra
|-damage|p2a: Mantra|15/100 tox
|move|p2a: Mantra|Teleport|p2a: Mantra
|
|t:|1665009283
|switch|p2a: Moon Man|Golurk, shiny|95/100|[from]move: Teleport
|-damage|p2a: Moon Man|89/100|[from] Stealth Rock
|
|upkeep
|turn|45
|
|t:|1665009290
|move|p2a: Moon Man|Earthquake|p1a: Clefable
|-damage|p1a: Clefable|40/100
|move|p1a: Clefable|Moonblast|p2a: Moon Man
|-damage|p2a: Moon Man|49/100
|
|-end|p1a: Clefable|move: Future Sight
|-damage|p1a: Clefable|0 fnt
|faint|p1a: Clefable
|upkeep
|c|☆Pok et Glace|gg
|-message|Not Sarcasm forfeited.
|
|win|Pok et Glace
|raw|Not Sarcasm's rating: 1629 &rarr; <strong>1615</strong><br />(-14 for losing)
|raw|Pok et Glace's rating: 1737 &rarr; <strong>1751</strong><br />(+14 for winning)
|l|‽Not Sarcasm
