|j|☆kejsare
|j|☆Greengamer12
|t:|1660098802
|gametype|singles
|player|p1|kejsare|169|1427
|player|p2|Greengamer12|170|1501
|teamsize|p1|6
|teamsize|p2|6
|gen|8
|tier|[Gen 8] OU
|rated|
|rule|Sleep Clause Mod: Limit one foe put to sleep
|rule|Species Clause: Limit one of each Pokémon
|rule|OHKO Clause: OHKO moves are banned
|rule|Evasion Items Clause: Evasion items are banned
|rule|Evasion Moves Clause: Evasion moves are banned
|rule|Endless Battle Clause: Forcing endless battles is banned
|rule|HP Percentage Mod: HP is shown in percentages
|rule|Dynamax Clause: You cannot dynamax
|clearpoke
|poke|p1|Kartana|
|poke|p1|Tapu Fini|
|poke|p1|Moltres-Galar|
|poke|p1|Dragapult, M|
|poke|p1|Landorus-Therian, M|
|poke|p1|Volcarona, F|
|poke|p2|Landorus-Therian, M|
|poke|p2|Ferrothorn, M|
|poke|p2|Slowbro, M|
|poke|p2|Zeraora|
|poke|p2|Zapdos-Galar|
|poke|p2|Clefable, M|
|teampreview
|inactive|Battle timer is ON: inactive players will automatically lose when time's up. (requested by Greengamer12)
|
|t:|1660098822
|start
|switch|p1a: Landorus|Landorus-Therian, M, shiny|100/100
|switch|p2a: Zapdos|Zapdos-Galar|100/100
|-ability|p1a: Landorus|Intimidate|boost
|-unboost|p2a: Zapdos|atk|1
|-ability|p2a: Zapdos|Defiant
|-boost|p2a: Zapdos|atk|2
|turn|1
|
|t:|1660098841
|move|p2a: Zapdos|Drill Peck|p1a: Landorus
|-damage|p1a: Landorus|18/100
|-damage|p2a: Zapdos|84/100|[from] item: Rocky Helmet|[of] p1a: Landorus
|move|p1a: Landorus|Stealth Rock|p2a: Zapdos
|-sidestart|p2: Greengamer12|move: Stealth Rock
|
|upkeep
|turn|2
|inactive|kejsare has 120 seconds left.
|
|t:|1660098878
|move|p2a: Zapdos|Drill Peck|p1a: Landorus
|-damage|p1a: Landorus|0 fnt
|-damage|p2a: Zapdos|67/100|[from] item: Rocky Helmet|[of] p1a: Landorus
|faint|p1a: Landorus
|
|upkeep
|
|t:|1660098894
|switch|p1a: Tapu Fini|Tapu Fini, shiny|100/100
|-fieldstart|move: Misty Terrain|[from] ability: Misty Surge|[of] p1a: Tapu Fini
|turn|3
|
|t:|1660098901
|move|p2a: Zapdos|Drill Peck|p1a: Tapu Fini
|-crit|p1a: Tapu Fini
|-damage|p1a: Tapu Fini|3/100
|-damage|p2a: Zapdos|51/100|[from] item: Rocky Helmet|[of] p1a: Tapu Fini
|move|p1a: Tapu Fini|Moonblast|p2a: Zapdos
|-supereffective|p2a: Zapdos
|-damage|p2a: Zapdos|0 fnt
|faint|p2a: Zapdos
|
|upkeep
|
|t:|1660098907
|switch|p2a: Zeraora|Zeraora|100/100
|turn|4
|
|t:|1660098916
|move|p2a: Zeraora|Bulk Up|p2a: Zeraora
|-boost|p2a: Zeraora|atk|1
|-boost|p2a: Zeraora|def|1
|move|p1a: Tapu Fini|Taunt|p2a: Zeraora
|-start|p2a: Zeraora|move: Taunt
|
|upkeep
|turn|5
|inactive|kejsare has 120 seconds left.
|
|t:|1660098950
|move|p2a: Zeraora|Knock Off|p1a: Tapu Fini
|-resisted|p1a: Tapu Fini
|-damage|p1a: Tapu Fini|0 fnt
|-damage|p2a: Zeraora|84/100|[from] item: Rocky Helmet|[of] p1a: Tapu Fini
|-enditem|p1a: Tapu Fini|Rocky Helmet|[from] move: Knock Off|[of] p2a: Zeraora
|faint|p1a: Tapu Fini
|
|upkeep
|inactive|kejsare has 90 seconds left.
|
|t:|1660098963
|switch|p1a: Volcarona|Volcarona, F, shiny|100/100
|turn|6
|
|t:|1660098971
|move|p2a: Zeraora|Plasma Fists|p1a: Volcarona
|-damage|p1a: Volcarona|0 fnt
|-fieldactivate|move: Ion Deluge
|-hint|Normal-type moves become Electric-type after using Plasma Fists.
|faint|p1a: Volcarona
|
|upkeep
|
|t:|1660098977
|switch|p1a: Dragapult|Dragapult, M, shiny|100/100
|turn|7
|
|t:|1660098982
|move|p2a: Zeraora|Knock Off|p1a: Dragapult
|-supereffective|p1a: Dragapult
|-damage|p1a: Dragapult|0 fnt
|-enditem|p1a: Dragapult|Muscle Band|[from] move: Knock Off|[of] p2a: Zeraora
|faint|p1a: Dragapult
|
|-end|p2a: Zeraora|move: Taunt
|-fieldend|Misty Terrain
|upkeep
|-message|kejsare forfeited.
|
|win|Greengamer12
|raw|kejsare's rating: 1427 &rarr; <strong>1411</strong><br />(-16 for losing)
|raw|Greengamer12's rating: 1501 &rarr; <strong>1517</strong><br />(+16 for winning)
|l|☆kejsare
