|j|☆Turn 2
|j|☆Jess Herrera ❤️
|t:|1649259717
|gametype|singles
|player|p1|Turn 2|janine|1266
|player|p2|Jess Herrera ❤️|backersf|1323
|teamsize|p1|6
|teamsize|p2|6
|gen|8
|tier|[Gen 8] OU
|rated|
|rule|Sleep Clause Mod: Limit one foe put to sleep
|rule|Species Clause: Limit one of each Pokémon
|rule|OHKO Clause: OHKO moves are banned
|rule|Evasion Moves Clause: Evasion moves are banned
|rule|Endless Battle Clause: Forcing endless battles is banned
|rule|HP Percentage Mod: HP is shown in percentages
|rule|Dynamax Clause: You cannot dynamax
|clearpoke
|poke|p1|Arctozolt|
|poke|p1|Magnezone|
|poke|p1|Ninetales-Alola, F|
|poke|p1|Swampert, F|
|poke|p1|Mandibuzz, F|
|poke|p1|Dragapult, F|
|poke|p2|Mew|
|poke|p2|Dragapult, F|
|poke|p2|Rillaboom, F|
|poke|p2|Celesteela|
|poke|p2|Garchomp, F|
|poke|p2|Zeraora|
|teampreview
|inactive|Battle timer is ON: inactive players will automatically lose when time's up. (requested by Jess Herrera ❤️)
|
|t:|1649259725
|start
|switch|p1a: Dragapult|Dragapult, F|100/100
|switch|p2a: Mew|Mew|100/100
|turn|1
|
|t:|1649259733
|move|p1a: Dragapult|Dragon Darts|p2a: Mew
|-damage|p2a: Mew|66/100
|-anim|p1a: Dragapult|Dragon Darts|p2a: Mew
|-damage|p2a: Mew|32/100
|move|p2a: Mew|Thunder Wave|p1a: Dragapult|[miss]
|-miss|p2a: Mew|p1a: Dragapult
|
|upkeep
|turn|2
|
|t:|1649259742
|switch|p2a: Celesteela|Celesteela|100/100
|move|p1a: Dragapult|Dragon Darts|p2a: Celesteela
|-resisted|p2a: Celesteela
|-damage|p2a: Celesteela|82/100
|-anim|p1a: Dragapult|Dragon Darts|p2a: Celesteela
|-resisted|p2a: Celesteela
|-damage|p2a: Celesteela|61/100
|
|upkeep
|turn|3
|
|t:|1649259752
|switch|p1a: Swampert|Swampert, F|100/100
|move|p2a: Celesteela|Meteor Beam||[still]
|-prepare|p2a: Celesteela|Meteor Beam
|-boost|p2a: Celesteela|spa|1
|-enditem|p2a: Celesteela|Power Herb
|-anim|p2a: Celesteela|Meteor Beam|p1a: Swampert
|-resisted|p1a: Swampert
|-damage|p1a: Swampert|82/100
|
|-heal|p1a: Swampert|88/100|[from] item: Leftovers
|upkeep
|turn|4
|
|t:|1649259765
|move|p2a: Celesteela|Air Slash|p1a: Swampert
|-damage|p1a: Swampert|53/100
|move|p1a: Swampert|Stealth Rock|p2a: Celesteela
|-sidestart|p2: Jess Herrera ❤️|move: Stealth Rock
|
|-heal|p1a: Swampert|59/100|[from] item: Leftovers
|upkeep
|turn|5
|
|t:|1649259773
|move|p2a: Celesteela|Air Slash|p1a: Swampert
|-damage|p1a: Swampert|23/100
|cant|p1a: Swampert|flinch
|
|-heal|p1a: Swampert|29/100|[from] item: Leftovers
|upkeep
|turn|6
|
|t:|1649259792
|move|p2a: Celesteela|Air Slash|p1a: Swampert
|-damage|p1a: Swampert|0 fnt
|faint|p1a: Swampert
|-ability|p2a: Celesteela|Beast Boost|boost
|-boost|p2a: Celesteela|spa|1
|
|upkeep
|
|t:|1649259798
|switch|p1a: Elza|Ninetales-Alola, F|100/100
|-weather|Hail|[from] ability: Snow Warning|[of] p1a: Elza
|turn|7
|
|t:|1649259812
|move|p1a: Elza|Aurora Veil|p1a: Elza
|-sidestart|p1: Turn 2|move: Aurora Veil
|move|p2a: Celesteela|Air Slash|p1a: Elza
|-damage|p1a: Elza|54/100
|
|-weather|Hail|[upkeep]
|-damage|p2a: Celesteela|55/100|[from] Hail
|upkeep
|turn|8
|
|t:|1649259821
|move|p1a: Elza|Freeze-Dry|p2a: Celesteela
|-damage|p2a: Celesteela|26/100
|move|p2a: Celesteela|Air Slash|p1a: Elza
|-damage|p1a: Elza|13/100
|
|-weather|Hail|[upkeep]
|-damage|p2a: Celesteela|20/100|[from] Hail
|upkeep
|turn|9
|
|t:|1649259830
|move|p1a: Elza|Freeze-Dry|p2a: Celesteela
|-damage|p2a: Celesteela|0 fnt
|faint|p2a: Celesteela
|
|-weather|Hail|[upkeep]
|upkeep
|
|t:|1649259837
|switch|p2a: Zeraora|Zeraora|100/100
|-damage|p2a: Zeraora|88/100|[from] Stealth Rock
|turn|10
|
|t:|1649259842
|move|p2a: Zeraora|Plasma Fists|p1a: Elza
|-damage|p1a: Elza|0 fnt
|-fieldactivate|move: Ion Deluge
|-hint|Normal-type moves become Electric-type after using Plasma Fists.
|faint|p1a: Elza
|-damage|p2a: Zeraora|78/100|[from] item: Life Orb
|
|-weather|Hail|[upkeep]
|-damage|p2a: Zeraora|72/100|[from] Hail
|upkeep
|
|t:|1649259871
|switch|p1a: Mandibuzz|Mandibuzz, F|100/100
|turn|11
|
|t:|1649259885
|switch|p2a: Mew|Mew|32/100
|-damage|p2a: Mew|19/100|[from] Stealth Rock
|move|p1a: Mandibuzz|Foul Play|p2a: Mew
|-supereffective|p2a: Mew
|-damage|p2a: Mew|0 fnt
|faint|p2a: Mew
|
|-weather|Hail|[upkeep]
|-sideend|p1: Turn 2|move: Aurora Veil
|upkeep
|
|t:|1649259902
|switch|p2a: Zeraora|Zeraora|72/100
|-damage|p2a: Zeraora|60/100|[from] Stealth Rock
|turn|12
|
|t:|1649259906
|move|p2a: Zeraora|Plasma Fists|p1a: Mandibuzz
|-supereffective|p1a: Mandibuzz
|-damage|p1a: Mandibuzz|21/100
|-fieldactivate|move: Ion Deluge
|-hint|Normal-type moves become Electric-type after using Plasma Fists.
|-damage|p2a: Zeraora|50/100|[from] item: Life Orb
|move|p1a: Mandibuzz|Foul Play|p2a: Zeraora
|-damage|p2a: Zeraora|0 fnt
|faint|p2a: Zeraora
|
|-weather|Hail|[upkeep]
|upkeep
|
|t:|1649259919
|switch|p2a: Garchomp|Garchomp, F|100/100
|-damage|p2a: Garchomp|94/100|[from] Stealth Rock
|turn|13
|
|t:|1649259924
|move|p2a: Garchomp|Scale Shot|p1a: Mandibuzz
|-damage|p1a: Mandibuzz|11/100
|-damage|p1a: Mandibuzz|0 fnt
|faint|p1a: Mandibuzz
|-hitcount|p1: Mandibuzz|2
|-unboost|p2a: Garchomp|def|1
|-boost|p2a: Garchomp|spe|1
|-damage|p2a: Garchomp|85/100|[from] item: Life Orb
|
|-weather|Hail|[upkeep]
|-damage|p2a: Garchomp|78/100|[from] Hail
|upkeep
|
|t:|1649259936
|switch|p1a: Dragapult|Dragapult, F|100/100
|turn|14
|
|t:|1649259940
|move|p1a: Dragapult|Sucker Punch|p2a: Garchomp
|-damage|p2a: Garchomp|23/100
|-damage|p1a: Dragapult|88/100|[from] ability: Rough Skin|[of] p2a: Garchomp
|move|p2a: Garchomp|Scale Shot|p1a: Dragapult
|-supereffective|p1a: Dragapult
|-damage|p1a: Dragapult|44/100
|-supereffective|p1a: Dragapult
|-damage|p1a: Dragapult|0 fnt
|faint|p1a: Dragapult
|-hitcount|p1: Dragapult|2
|-unboost|p2a: Garchomp|def|1
|-boost|p2a: Garchomp|spe|1
|-damage|p2a: Garchomp|13/100|[from] item: Life Orb
|
|-weather|none
|upkeep
|
|t:|1649259956
|switch|p1a: Arctozolt|Arctozolt|100/100
|turn|15
|
|t:|1649259961
|move|p2a: Garchomp|Earthquake|p1a: Arctozolt
|-supereffective|p1a: Arctozolt
|-damage|p1a: Arctozolt|0 fnt
|faint|p1a: Arctozolt
|-damage|p2a: Garchomp|3/100|[from] item: Life Orb
|
|upkeep
|-message|Turn 2 forfeited.
|
|win|Jess Herrera ❤️
|raw|Turn 2's rating: 1266 &rarr; <strong>1245</strong><br />(-21 for losing)
|raw|Jess Herrera ❤️'s rating: 1323 &rarr; <strong>1340</strong><br />(+17 for winning)
|l|☆Turn 2
||Ladder isn't responding, score probably updated but might not have (Request timeout).
