|j|☆Belikebenz
|j|☆Spectre Ace
|t:|1667612438
|gametype|singles
|player|p1|Belikebenz|170|1529
|player|p2|Spectre Ace|juggler|1663
|teamsize|p1|6
|teamsize|p2|6
|gen|8
|tier|[Gen 8] OU
|rated|
|rule|Sleep Clause Mod: Limit one foe put to sleep
|rule|Species Clause: Limit one of each Pokémon
|rule|OHKO Clause: OHKO moves are banned
|rule|Evasion Items Clause: Evasion items are banned
|rule|Evasion Moves Clause: Evasion moves are banned
|rule|Endless Battle Clause: Forcing endless battles is banned
|rule|HP Percentage Mod: HP is shown in percentages
|rule|Dynamax Clause: You cannot dynamax
|clearpoke
|poke|p1|Dragapult, F|
|poke|p1|Bisharp, F|
|poke|p1|Dragonite, M|
|poke|p1|Mew|
|poke|p1|Volcarona, M|
|poke|p1|Landorus-Therian, M|
|poke|p2|Raichu-Alola, F|
|poke|p2|Tapu Koko|
|poke|p2|Ferrothorn, M|
|poke|p2|Mandibuzz, F|
|poke|p2|Garchomp, M|
|poke|p2|Clefable, F|
|teampreview
|inactive|Battle timer is ON: inactive players will automatically lose when time's up. (requested by Belikebenz)
|
|t:|1667612443
|start
|switch|p1a: Mew|Mew|100/100
|switch|p2a: Crane|Garchomp, M|100/100
|turn|1
|
|t:|1667612447
|move|p2a: Crane|Stealth Rock|p1a: Mew
|-sidestart|p1: Belikebenz|move: Stealth Rock
|move|p1a: Mew|Taunt|p2a: Crane
|-start|p2a: Crane|move: Taunt
|
|upkeep
|turn|2
|
|t:|1667612449
|move|p2a: Crane|Earthquake|p1a: Mew
|-damage|p1a: Mew|60/100
|-enditem|p1a: Mew|Red Card|[of] p2a: Crane
|drag|p2a: Croft|Mandibuzz, F|100/100
|move|p1a: Mew|Stealth Rock|p2a: Croft
|-sidestart|p2: Spectre Ace|move: Stealth Rock
|
|upkeep
|turn|3
|
|t:|1667612452
|move|p1a: Mew|Taunt|p2a: Croft
|-start|p2a: Croft|move: Taunt
|move|p2a: Croft|U-turn|p1a: Mew
|-supereffective|p1a: Mew
|-damage|p1a: Mew|40/100
|
|t:|1667612454
|switch|p2a: Crane|Garchomp, M|100/100|[from]move: U-turn
|-damage|p2a: Crane|94/100|[from] Stealth Rock
|
|-heal|p2a: Crane|100/100|[from] item: Leftovers
|upkeep
|turn|4
|
|t:|1667612457
|move|p2a: Crane|Earthquake|p1a: Mew
|-damage|p1a: Mew|0 fnt
|faint|p1a: Mew
|
|upkeep
|
|t:|1667612464
|switch|p1a: Dragonite|Dragonite, M|100/100
|turn|5
|
|t:|1667612467
|switch|p2a: Clefable|Clefable, F|100/100
|move|p1a: Dragonite|Dragon Dance|p1a: Dragonite
|-boost|p1a: Dragonite|atk|1
|-boost|p1a: Dragonite|spe|1
|
|upkeep
|turn|6
|
|t:|1667612470
|move|p1a: Dragonite|Dual Wingbeat|p2a: Clefable
|-damage|p2a: Clefable|84/100
|-damage|p2a: Clefable|67/100
|-hitcount|p2a: Clefable|2
|move|p2a: Clefable|Moonblast|p1a: Dragonite
|-supereffective|p1a: Dragonite
|-damage|p1a: Dragonite|66/100
|
|upkeep
|turn|7
|
|t:|1667612477
|switch|p1a: Volcarona|Volcarona, M|100/100
|move|p2a: Clefable|Flamethrower|p1a: Volcarona
|-damage|p1a: Volcarona|79/100
|
|upkeep
|turn|8
|
|t:|1667612482
|switch|p2a: Crane|Garchomp, M|100/100
|-damage|p2a: Crane|94/100|[from] Stealth Rock
|move|p1a: Volcarona|Quiver Dance|p1a: Volcarona
|-boost|p1a: Volcarona|spa|1
|-boost|p1a: Volcarona|spd|1
|-boost|p1a: Volcarona|spe|1
|
|-heal|p2a: Crane|100/100|[from] item: Leftovers
|upkeep
|turn|9
|
|t:|1667612488
|move|p1a: Volcarona|Bug Buzz|p2a: Crane
|-damage|p2a: Crane|22/100
|-unboost|p2a: Crane|spd|1
|move|p2a: Crane|Stone Edge|p1a: Volcarona
|-supereffective|p1a: Volcarona
|-damage|p1a: Volcarona|0 fnt
|faint|p1a: Volcarona
|
|-heal|p2a: Crane|28/100|[from] item: Leftovers
|upkeep
|
|t:|1667612498
|switch|p1a: Dragonite|Dragonite, M|66/100
|turn|10
|
|t:|1667612503
|move|p2a: Crane|Stone Edge|p1a: Dragonite
|-supereffective|p1a: Dragonite
|-damage|p1a: Dragonite|0 fnt
|faint|p1a: Dragonite
|
|-heal|p2a: Crane|34/100|[from] item: Leftovers
|upkeep
|
|t:|1667612505
|switch|p1a: Dragapult|Dragapult, F|100/100
|-damage|p1a: Dragapult|88/100|[from] Stealth Rock
|turn|11
|
|t:|1667612508
|switch|p2a: Croft|Mandibuzz, F|100/100
|move|p1a: Dragapult|U-turn|p2a: Croft
|-damage|p2a: Croft|91/100
|
|t:|1667612509
|switch|p1a: Bisharp|Bisharp, F|100/100|[from]move: U-turn
|-damage|p1a: Bisharp|95/100|[from] Stealth Rock
|
|upkeep
|turn|12
|
|t:|1667612513
|move|p1a: Bisharp|Swords Dance|p1a: Bisharp
|-boost|p1a: Bisharp|atk|2
|move|p2a: Croft|Foul Play|p1a: Bisharp
|-resisted|p1a: Bisharp
|-damage|p1a: Bisharp|30/100
|
|upkeep
|turn|13
|
|t:|1667612519
|switch|p2a: Sundowner|Ferrothorn, M|100/100
|-damage|p2a: Sundowner|94/100|[from] Stealth Rock
|move|p1a: Bisharp|Iron Head|p2a: Sundowner
|-resisted|p2a: Sundowner
|-damage|p2a: Sundowner|60/100
|-damage|p1a: Bisharp|18/100|[from] ability: Iron Barbs|[of] p2a: Sundowner
|-damage|p1a: Bisharp|8/100|[from] item: Life Orb
|
|-heal|p2a: Sundowner|66/100|[from] item: Leftovers
|upkeep
|turn|14
|
|t:|1667612528
|move|p1a: Bisharp|Knock Off|p2a: Sundowner
|-damage|p2a: Sundowner|0 fnt
|-damage|p1a: Bisharp|0 fnt|[from] ability: Iron Barbs|[of] p2a: Sundowner
|faint|p2a: Sundowner
|faint|p1a: Bisharp
|
|upkeep
|
|t:|1667612534
|switch|p1a: Dragapult|Dragapult, F|88/100
|switch|p2a: Croft|Mandibuzz, F|91/100
|-damage|p1a: Dragapult|76/100|[from] Stealth Rock
|turn|15
|
|t:|1667612535
|move|p1a: Dragapult|Draco Meteor|p2a: Croft
|-damage|p2a: Croft|20/100
|-unboost|p1a: Dragapult|spa|2
|move|p2a: Croft|Foul Play|p1a: Dragapult
|-supereffective|p1a: Dragapult
|-damage|p1a: Dragapult|0 fnt
|faint|p1a: Dragapult
|
|upkeep
|-message|Belikebenz forfeited.
|
|win|Spectre Ace
|raw|Belikebenz's rating: 1529 &rarr; <strong>1516</strong><br />(-13 for losing)
|raw|Spectre Ace's rating: 1663 &rarr; <strong>1676</strong><br />(+13 for winning)
|l|☆Belikebenz
||Ladder isn't responding, score probably updated but might not have (Request timeout).
