|j|☆Kyerndo
|j|☆i know im horrible
|t:|1634994205
|gametype|singles
|player|p1|Kyerndo|psychic|1597
|player|p2|i know im horrible|265|1671
|teamsize|p1|6
|teamsize|p2|6
|gen|8
|tier|[Gen 8] OU
|rated|
|rule|Sleep Clause Mod: Limit one foe put to sleep
|rule|Species Clause: Limit one of each Pokémon
|rule|OHKO Clause: OHKO moves are banned
|rule|Evasion Moves Clause: Evasion moves are banned
|rule|Endless Battle Clause: Forcing endless battles is banned
|rule|HP Percentage Mod: HP is shown in percentages
|rule|Dynamax Clause: You cannot dynamax
|clearpoke
|poke|p1|Tapu Koko|
|poke|p1|Dragapult, F|
|poke|p1|Latias, F|
|poke|p1|Scizor, F|
|poke|p1|Tyranitar, F|
|poke|p1|Hawlucha, F|
|poke|p2|Landorus-Therian, M|
|poke|p2|Excadrill, M|
|poke|p2|Tyranitar, F|
|poke|p2|Hippowdon, M|
|poke|p2|Ferrothorn, F|
|poke|p2|Tapu Fini|
|teampreview
|inactive|Battle timer is ON: inactive players will automatically lose when time's up. (requested by i know im horrible)
|
|t:|1634994220
|start
|switch|p1a: Tapu Koko|Tapu Koko|100/100
|switch|p2a: Tapu Fini|Tapu Fini|100/100
|-fieldstart|move: Misty Terrain|[from] ability: Misty Surge|[of] p2a: Tapu Fini
|-fieldstart|move: Electric Terrain|[from] ability: Electric Surge|[of] p1a: Tapu Koko
|turn|1
|
|t:|1634994229
|move|p2a: Tapu Fini|Trick|p1a: Tapu Koko
|-activate|p2a: Tapu Fini|move: Trick|[of] p1a: Tapu Koko
|-item|p1a: Tapu Koko|Choice Scarf|[from] move: Trick
|-item|p2a: Tapu Fini|Light Clay|[from] move: Trick
|move|p1a: Tapu Koko|Light Screen|p1a: Tapu Koko
|-sidestart|p1: Kyerndo|move: Light Screen
|
|upkeep
|turn|2
|
|t:|1634994236
|switch|p1a: Tyranitar|Tyranitar, F|100/100
|-weather|Sandstorm|[from] ability: Sand Stream|[of] p1a: Tyranitar
|move|p2a: Tapu Fini|Defog|p1a: Tyranitar
|-unboost|p1a: Tyranitar|evasion|1
|-sideend|p1: Kyerndo|move: Light Screen
|-fieldend|move: Electric Terrain
|
|-weather|Sandstorm|[upkeep]
|-damage|p2a: Tapu Fini|94/100|[from] Sandstorm
|upkeep
|turn|3
|
|t:|1634994243
|switch|p1a: Tapu Koko|Tapu Koko|100/100
|-fieldstart|move: Electric Terrain|[from] ability: Electric Surge|[of] p1a: Tapu Koko
|move|p2a: Tapu Fini|Gravity|p2a: Tapu Fini
|-fieldstart|move: Gravity
|
|-weather|Sandstorm|[upkeep]
|-damage|p1a: Tapu Koko|94/100|[from] Sandstorm
|-damage|p2a: Tapu Fini|88/100|[from] Sandstorm
|upkeep
|turn|4
|
|t:|1634994250
|switch|p2a: Excadrill|Excadrill, M|100/100
|move|p1a: Tapu Koko|Light Screen|p1a: Tapu Koko
|-sidestart|p1: Kyerndo|move: Light Screen
|
|-weather|Sandstorm|[upkeep]
|-damage|p1a: Tapu Koko|88/100|[from] Sandstorm
|upkeep
|turn|5
|j| MiguelYesFound
|l| MiguelYesFound
|
|t:|1634994268
|switch|p1a: Tyranitar|Tyranitar, F|100/100
|move|p2a: Excadrill|Earthquake|p1a: Tyranitar
|-supereffective|p1a: Tyranitar
|-damage|p1a: Tyranitar|0 fnt
|faint|p1a: Tyranitar
|
|-weather|Sandstorm|[upkeep]
|upkeep
|
|t:|1634994270
|switch|p1a: Tapu Koko|Tapu Koko|88/100
|turn|6
|
|t:|1634994279
|switch|p2a: Tapu Fini|Tapu Fini|88/100
|-fieldstart|move: Misty Terrain|[from] ability: Misty Surge|[of] p2a: Tapu Fini
|move|p1a: Tapu Koko|Reflect|p1a: Tapu Koko
|-sidestart|p1: Kyerndo|Reflect
|
|-weather|none
|upkeep
|turn|7
|
|t:|1634994289
|switch|p1a: Latias|Latias, F|100/100
|move|p2a: Tapu Fini|Defog|p1a: Latias
|-unboost|p1a: Latias|evasion|1
|-sideend|p1: Kyerndo|Reflect
|-sideend|p1: Kyerndo|move: Light Screen
|-fieldend|Misty Terrain
|
|-fieldend|move: Gravity
|upkeep
|turn|8
|
|t:|1634994295
|switch|p2a: Tyranitar|Tyranitar, F|100/100
|-weather|Sandstorm|[from] ability: Sand Stream|[of] p2a: Tyranitar
|move|p1a: Latias|Calm Mind|p1a: Latias
|-boost|p1a: Latias|spa|1
|-boost|p1a: Latias|spd|1
|
|-weather|Sandstorm|[upkeep]
|-damage|p1a: Latias|94/100|[from] Sandstorm
|upkeep
|turn|9
|
|t:|1634994298
|switch|p1a: Tapu Koko|Tapu Koko|88/100
|-fieldstart|move: Electric Terrain|[from] ability: Electric Surge|[of] p1a: Tapu Koko
|move|p2a: Tyranitar|Thunder Wave|p1a: Tapu Koko
|-immune|p1a: Tapu Koko
|
|-weather|Sandstorm|[upkeep]
|-damage|p1a: Tapu Koko|82/100|[from] Sandstorm
|upkeep
|turn|10
|
|t:|1634994302
|move|p1a: Tapu Koko|Reflect|p1a: Tapu Koko
|-sidestart|p1: Kyerndo|Reflect
|move|p2a: Tyranitar|Taunt|p1a: Tapu Koko
|-start|p1a: Tapu Koko|move: Taunt
|
|-weather|Sandstorm|[upkeep]
|-damage|p1a: Tapu Koko|76/100|[from] Sandstorm
|upkeep
|turn|11
|
|t:|1634994309
|switch|p1a: Scizor|Scizor, F|100/100
|move|p2a: Tyranitar|Thunder Wave|p1a: Scizor
|-status|p1a: Scizor|par
|
|-weather|Sandstorm|[upkeep]
|upkeep
|turn|12
|
|t:|1634994316
|move|p2a: Tyranitar|Flamethrower|p1a: Scizor
|-supereffective|p1a: Scizor
|-damage|p1a: Scizor|0 fnt
|faint|p1a: Scizor
|
|-weather|none
|upkeep
|
|t:|1634994321
|switch|p1a: Hawlucha|Hawlucha, F|100/100
|-enditem|p1a: Hawlucha|Electric Seed
|-boost|p1a: Hawlucha|def|1|[from] item: Electric Seed
|turn|13
|
|t:|1634994326
|move|p1a: Hawlucha|Taunt|p2a: Tyranitar
|-start|p2a: Tyranitar|move: Taunt
|cant|p2a: Tyranitar|move: Taunt|Thunder Wave
|
|-fieldend|move: Electric Terrain
|upkeep
|turn|14
|
|t:|1634994330
|switch|p2a: Hippowdon|Hippowdon, M|100/100
|-weather|Sandstorm|[from] ability: Sand Stream|[of] p2a: Hippowdon
|move|p1a: Hawlucha|Swords Dance|p1a: Hawlucha
|-boost|p1a: Hawlucha|atk|2
|
|-weather|Sandstorm|[upkeep]
|-damage|p1a: Hawlucha|94/100|[from] Sandstorm
|-sideend|p1: Kyerndo|Reflect
|upkeep
|turn|15
|
|t:|1634994334
|switch|p2a: Landorus|Landorus-Therian, M|100/100
|-ability|p2a: Landorus|Intimidate|boost
|-unboost|p1a: Hawlucha|atk|1
|move|p1a: Hawlucha|Taunt|p2a: Landorus
|-start|p2a: Landorus|move: Taunt
|
|-weather|Sandstorm|[upkeep]
|-damage|p1a: Hawlucha|88/100|[from] Sandstorm
|upkeep
|turn|16
|
|t:|1634994342
|switch|p2a: Tapu Fini|Tapu Fini|88/100
|-fieldstart|move: Misty Terrain|[from] ability: Misty Surge|[of] p2a: Tapu Fini
|move|p1a: Hawlucha|Swords Dance|p1a: Hawlucha
|-boost|p1a: Hawlucha|atk|2
|
|-weather|Sandstorm|[upkeep]
|-damage|p1a: Hawlucha|82/100|[from] Sandstorm
|-damage|p2a: Tapu Fini|82/100|[from] Sandstorm
|upkeep
|turn|17
|
|t:|1634994344
|move|p1a: Hawlucha|Acrobatics|p2a: Tapu Fini
|-damage|p2a: Tapu Fini|0 fnt
|faint|p2a: Tapu Fini
|
|-weather|Sandstorm|[upkeep]
|-damage|p1a: Hawlucha|76/100|[from] Sandstorm
|upkeep
|
|t:|1634994349
|switch|p2a: Ferrothorn|Ferrothorn, F|100/100
|turn|18
|
|t:|1634994352
|move|p1a: Hawlucha|Close Combat|p2a: Ferrothorn
|-supereffective|p2a: Ferrothorn
|-damage|p2a: Ferrothorn|0 fnt
|-unboost|p1a: Hawlucha|def|1
|-unboost|p1a: Hawlucha|spd|1
|-damage|p1a: Hawlucha|64/100|[from] ability: Iron Barbs|[of] p2a: Ferrothorn
|faint|p2a: Ferrothorn
|
|-weather|none
|upkeep
|
|t:|1634994359
|switch|p2a: Landorus|Landorus-Therian, M|100/100
|-ability|p2a: Landorus|Intimidate|boost
|-unboost|p1a: Hawlucha|atk|1
|turn|19
|
|t:|1634994363
|switch|p2a: Hippowdon|Hippowdon, M|100/100
|-weather|Sandstorm|[from] ability: Sand Stream|[of] p2a: Hippowdon
|move|p1a: Hawlucha|Swords Dance|p1a: Hawlucha
|-boost|p1a: Hawlucha|atk|2
|
|-weather|Sandstorm|[upkeep]
|-damage|p1a: Hawlucha|58/100|[from] Sandstorm
|upkeep
|turn|20
|
|t:|1634994367
|move|p1a: Hawlucha|Taunt|p2a: Hippowdon
|-start|p2a: Hippowdon|move: Taunt
|cant|p2a: Hippowdon|move: Taunt|Whirlwind
|
|-weather|Sandstorm|[upkeep]
|-damage|p1a: Hawlucha|52/100|[from] Sandstorm
|-fieldend|Misty Terrain
|upkeep
|turn|21
|
|t:|1634994374
|switch|p2a: Landorus|Landorus-Therian, M|100/100
|-ability|p2a: Landorus|Intimidate|boost
|-unboost|p1a: Hawlucha|atk|1
|move|p1a: Hawlucha|Acrobatics|p2a: Landorus
|-damage|p2a: Landorus|0 fnt
|faint|p2a: Landorus
|
|-weather|Sandstorm|[upkeep]
|-damage|p1a: Hawlucha|46/100|[from] Sandstorm
|upkeep
|
|t:|1634994390
|switch|p2a: Excadrill|Excadrill, M|100/100
|turn|22
|
|t:|1634994392
|move|p1a: Hawlucha|Close Combat|p2a: Excadrill
|-supereffective|p2a: Excadrill
|-damage|p2a: Excadrill|0 fnt
|-unboost|p1a: Hawlucha|def|1
|-unboost|p1a: Hawlucha|spd|1
|faint|p2a: Excadrill
|
|-weather|Sandstorm|[upkeep]
|-damage|p1a: Hawlucha|40/100|[from] Sandstorm
|upkeep
|-message|i know im horrible forfeited.
|
|win|Kyerndo
|raw|Kyerndo's rating: 1597 &rarr; <strong>1621</strong><br />(+24 for winning)
|raw|i know im horrible's rating: 1671 &rarr; <strong>1647</strong><br />(-24 for losing)
|l|☆i know im horrible
