|j|☆Forwards
|j|☆iasdij
|t:|1658320760
|gametype|singles
|player|p1|Forwards|adaman|1566
|player|p2|iasdij|101|1535
|teamsize|p1|6
|teamsize|p2|6
|gen|8
|tier|[Gen 8] OU
|rated|
|rule|Sleep Clause Mod: Limit one foe put to sleep
|rule|Species Clause: Limit one of each Pokémon
|rule|OHKO Clause: OHKO moves are banned
|rule|Evasion Moves Clause: Evasion moves are banned
|rule|Endless Battle Clause: Forcing endless battles is banned
|rule|HP Percentage Mod: HP is shown in percentages
|rule|Dynamax Clause: You cannot dynamax
|clearpoke
|poke|p1|Tapu Koko|
|poke|p1|Hawlucha, M|
|poke|p1|Registeel|
|poke|p1|Orbeetle, M|
|poke|p1|Landorus-Therian, M|
|poke|p1|Volcarona, M|
|poke|p2|Ninetales-Alola, M|
|poke|p2|Buzzwole|
|poke|p2|Slowbro, F|
|poke|p2|Clefable, M|
|poke|p2|Melmetal|
|poke|p2|Landorus-Therian, M|
|teampreview
|
|t:|1658320771
|start
|switch|p1a: Landorus|Landorus-Therian, M|100/100
|switch|p2a: Landorus|Landorus-Therian, M|100/100
|-ability|p1a: Landorus|Intimidate|boost
|-unboost|p2a: Landorus|atk|1
|-ability|p2a: Landorus|Intimidate|boost
|-unboost|p1a: Landorus|atk|1
|turn|1
|inactive|Battle timer is ON: inactive players will automatically lose when time's up. (requested by Forwards)
|
|t:|1658320779
|move|p2a: Landorus|Substitute|p2a: Landorus
|-start|p2a: Landorus|Substitute
|-damage|p2a: Landorus|76/100
|move|p1a: Landorus|Stealth Rock|p2a: Landorus
|-sidestart|p2: iasdij|move: Stealth Rock
|
|upkeep
|turn|2
|
|t:|1658320782
|move|p1a: Landorus|Explosion|p2a: Landorus
|-end|p2a: Landorus|Substitute
|faint|p1a: Landorus
|move|p2a: Landorus|Swords Dance|p2a: Landorus
|-boost|p2a: Landorus|atk|2
|
|upkeep
|
|t:|1658320785
|switch|p1a: Tapu Koko|Tapu Koko|100/100
|-fieldstart|move: Electric Terrain|[from] ability: Electric Surge|[of] p1a: Tapu Koko
|turn|3
|
|t:|1658320790
|move|p1a: Tapu Koko|Taunt|p2a: Landorus
|-start|p2a: Landorus|move: Taunt
|move|p2a: Landorus|Stone Edge|p1a: Tapu Koko
|-damage|p1a: Tapu Koko|39/100
|
|upkeep
|turn|4
|
|t:|1658320794
|move|p1a: Tapu Koko|Reflect|p1a: Tapu Koko
|-sidestart|p1: Forwards|Reflect
|move|p2a: Landorus|Stone Edge|p1a: Tapu Koko
|-damage|p1a: Tapu Koko|5/100
|
|upkeep
|turn|5
|
|t:|1658320801
|move|p1a: Tapu Koko|Light Screen|p1a: Tapu Koko
|-sidestart|p1: Forwards|move: Light Screen
|move|p2a: Landorus|Earthquake|p1a: Tapu Koko
|-supereffective|p1a: Tapu Koko
|-damage|p1a: Tapu Koko|0 fnt
|faint|p1a: Tapu Koko
|
|-end|p2a: Landorus|move: Taunt
|upkeep
|
|t:|1658320803
|switch|p1a: Hawlucha|Hawlucha, M|100/100
|-enditem|p1a: Hawlucha|Electric Seed
|-boost|p1a: Hawlucha|def|1|[from] item: Electric Seed
|turn|6
|
|t:|1658320807
|move|p1a: Hawlucha|Swords Dance|p1a: Hawlucha
|-boost|p1a: Hawlucha|atk|2
|move|p2a: Landorus|Stone Edge|p1a: Hawlucha
|-damage|p1a: Hawlucha|75/100
|
|upkeep
|turn|7
|
|t:|1658320814
|move|p1a: Hawlucha|Acrobatics|p2a: Landorus
|-damage|p2a: Landorus|0 fnt
|faint|p2a: Landorus
|
|-fieldend|move: Electric Terrain
|upkeep
|
|t:|1658320816
|switch|p2a: Clefable|Clefable, M|100/100
|turn|8
|
|t:|1658320819
|move|p1a: Hawlucha|Acrobatics|p2a: Clefable
|-damage|p2a: Clefable|0 fnt
|faint|p2a: Clefable
|
|upkeep
|
|t:|1658320822
|switch|p2a: Slowbro|Slowbro, F|100/100
|turn|9
|
|t:|1658320826
|move|p1a: Hawlucha|Acrobatics|p2a: Slowbro
|-damage|p2a: Slowbro|37/100
|move|p2a: Slowbro|Future Sight|p1a: Hawlucha
|-start|p2a: Slowbro|move: Future Sight
|
|upkeep
|turn|10
|
|t:|1658320837
|move|p1a: Hawlucha|Close Combat|p2a: Slowbro
|-resisted|p2a: Slowbro
|-damage|p2a: Slowbro|4/100
|-unboost|p1a: Hawlucha|def|1
|-unboost|p1a: Hawlucha|spd|1
|move|p2a: Slowbro|Slack Off|p2a: Slowbro
|-heal|p2a: Slowbro|54/100
|
|upkeep
|turn|11
|
|t:|1658320842
|switch|p2a: Melmetal|Melmetal|100/100
|-damage|p2a: Melmetal|94/100|[from] Stealth Rock
|move|p1a: Hawlucha|Acrobatics|p2a: Melmetal
|-resisted|p2a: Melmetal
|-damage|p2a: Melmetal|65/100
|
|-end|p1a: Hawlucha|move: Future Sight
|-supereffective|p1a: Hawlucha
|-damage|p1a: Hawlucha|0 fnt
|faint|p1a: Hawlucha
|-sideend|p1: Forwards|Reflect
|upkeep
|
|t:|1658320846
|switch|p1a: Volcarona|Volcarona, M|100/100
|turn|12
|
|t:|1658320849
|move|p1a: Volcarona|Flamethrower|p2a: Melmetal
|-supereffective|p2a: Melmetal
|-damage|p2a: Melmetal|0 fnt
|faint|p2a: Melmetal
|
|-sideend|p1: Forwards|move: Light Screen
|upkeep
|
|t:|1658320853
|switch|p2a: Ninetales|Ninetales-Alola, M|100/100
|-damage|p2a: Ninetales|76/100|[from] Stealth Rock
|-weather|Hail|[from] ability: Snow Warning|[of] p2a: Ninetales
|turn|13
|
|t:|1658320856
|move|p2a: Ninetales|Blizzard|p1a: Volcarona
|-resisted|p1a: Volcarona
|-damage|p1a: Volcarona|74/100
|-status|p1a: Volcarona|frz
|-damage|p2a: Ninetales|66/100|[from] item: Life Orb
|cant|p1a: Volcarona|frz
|
|-weather|Hail|[upkeep]
|-damage|p1a: Volcarona|68/100 frz|[from] Hail
|upkeep
|turn|14
|
|t:|1658320859
|move|p2a: Ninetales|Nasty Plot|p2a: Ninetales
|-boost|p2a: Ninetales|spa|2
|cant|p1a: Volcarona|frz
|
|-weather|Hail|[upkeep]
|-damage|p1a: Volcarona|62/100 frz|[from] Hail
|upkeep
|turn|15
|
|t:|1658320863
|move|p2a: Ninetales|Blizzard|p1a: Volcarona
|-resisted|p1a: Volcarona
|-damage|p1a: Volcarona|6/100 frz
|-damage|p2a: Ninetales|56/100|[from] item: Life Orb
|cant|p1a: Volcarona|frz
|
|-weather|Hail|[upkeep]
|-damage|p1a: Volcarona|0 fnt|[from] Hail
|faint|p1a: Volcarona
|upkeep
|
|t:|1658320865
|switch|p1a: Registeel|Registeel|100/100
|turn|16
|
|t:|1658320867
|switch|p2a: Buzzwole|Buzzwole|100/100
|-damage|p2a: Buzzwole|88/100|[from] Stealth Rock
|move|p1a: Registeel|Amnesia|p1a: Registeel
|-boost|p1a: Registeel|spd|2
|
|-weather|Hail|[upkeep]
|-damage|p2a: Buzzwole|82/100|[from] Hail
|-damage|p1a: Registeel|94/100|[from] Hail
|upkeep
|turn|17
|
|t:|1658320869
|move|p2a: Buzzwole|Low Sweep|p1a: Registeel
|-supereffective|p1a: Registeel
|-crit|p1a: Registeel
|-damage|p1a: Registeel|46/100
|move|p1a: Registeel|Iron Defense|p1a: Registeel
|-boost|p1a: Registeel|def|2
|
|-weather|none
|upkeep
|turn|18
|
|t:|1658320873
|move|p2a: Buzzwole|Low Sweep|p1a: Registeel
|-supereffective|p1a: Registeel
|-damage|p1a: Registeel|31/100
|move|p1a: Registeel|Rest|p1a: Registeel
|-status|p1a: Registeel|slp|[from] move: Rest
|-heal|p1a: Registeel|100/100 slp|[silent]
|-enditem|p1a: Registeel|Chesto Berry|[eat]
|-curestatus|p1a: Registeel|slp|[msg]
|
|upkeep
|turn|19
|
|t:|1658320876
|move|p2a: Buzzwole|Low Sweep|p1a: Registeel
|-supereffective|p1a: Registeel
|-damage|p1a: Registeel|85/100
|move|p1a: Registeel|Iron Defense|p1a: Registeel
|-boost|p1a: Registeel|def|2
|
|upkeep
|turn|20
|
|t:|1658320878
|move|p2a: Buzzwole|Low Sweep|p1a: Registeel
|-supereffective|p1a: Registeel
|-damage|p1a: Registeel|75/100
|move|p1a: Registeel|Amnesia|p1a: Registeel
|-boost|p1a: Registeel|spd|2
|
|upkeep
|turn|21
|
|t:|1658320881
|move|p2a: Buzzwole|Low Sweep|p1a: Registeel
|-supereffective|p1a: Registeel
|-damage|p1a: Registeel|64/100
|move|p1a: Registeel|Iron Defense|p1a: Registeel
|-boost|p1a: Registeel|def|2
|
|upkeep
|turn|22
|
|t:|1658320883
|move|p2a: Buzzwole|Low Sweep|p1a: Registeel
|-supereffective|p1a: Registeel
|-damage|p1a: Registeel|57/100
|move|p1a: Registeel|Iron Defense|p1a: Registeel
|-boost|p1a: Registeel|def|0
|
|upkeep
|turn|23
|
|t:|1658320886
|move|p2a: Buzzwole|Low Sweep|p1a: Registeel
|-supereffective|p1a: Registeel
|-damage|p1a: Registeel|50/100
|move|p1a: Registeel|Body Press|p2a: Buzzwole
|-resisted|p2a: Buzzwole
|-damage|p2a: Buzzwole|53/100
|-damage|p1a: Registeel|33/100|[from] item: Rocky Helmet|[of] p2a: Buzzwole
|
|upkeep
|turn|24
|
|t:|1658320889
|move|p2a: Buzzwole|Roost|p2a: Buzzwole
|-heal|p2a: Buzzwole|100/100
|-singleturn|p2a: Buzzwole|move: Roost
|move|p1a: Registeel|Rest|p1a: Registeel
|-status|p1a: Registeel|slp|[from] move: Rest
|-heal|p1a: Registeel|100/100 slp|[silent]
|
|upkeep
|turn|25
|
|t:|1658320895
|switch|p2a: Slowbro|Slowbro, F|87/100
|cant|p1a: Registeel|slp
|
|upkeep
|turn|26
|
|t:|1658320899
|switch|p2a: Buzzwole|Buzzwole|100/100
|-damage|p2a: Buzzwole|88/100|[from] Stealth Rock
|cant|p1a: Registeel|slp
|
|upkeep
|turn|27
|
|t:|1658320908
|switch|p2a: Slowbro|Slowbro, F|100/100
|-curestatus|p1a: Registeel|slp|[msg]
|move|p1a: Registeel|Amnesia|p1a: Registeel
|-boost|p1a: Registeel|spd|2
|
|upkeep
|turn|28
|
|t:|1658320911
|move|p1a: Registeel|Body Press|p2a: Slowbro
|-resisted|p2a: Slowbro
|-damage|p2a: Slowbro|62/100
|move|p2a: Slowbro|Scald|p1a: Registeel
|-damage|p1a: Registeel|96/100
|
|upkeep
|turn|29
|
|t:|1658320922
|move|p1a: Registeel|Body Press|p2a: Slowbro
|-resisted|p2a: Slowbro
|-crit|p2a: Slowbro
|-damage|p2a: Slowbro|3/100
|move|p2a: Slowbro|Slack Off|p2a: Slowbro
|-heal|p2a: Slowbro|53/100
|
|upkeep
|turn|30
|
|t:|1658320930
|switch|p1a: Orbeetle|Orbeetle, M|100/100
|-item|p2a: Slowbro|Heavy-Duty Boots|[from] ability: Frisk|[of] p1a: Orbeetle|[identify]
|switch|p2a: Buzzwole|Buzzwole|88/100
|-damage|p2a: Buzzwole|76/100|[from] Stealth Rock
|
|upkeep
|turn|31
|
|t:|1658320952
|move|p1a: Orbeetle|Agility|p1a: Orbeetle
|-boost|p1a: Orbeetle|spe|2
|move|p2a: Buzzwole|Toxic|p1a: Orbeetle
|-status|p1a: Orbeetle|tox
|
|-damage|p1a: Orbeetle|94/100 tox|[from] psn
|upkeep
|turn|32
|l|☆Forwards
|inactive|Forwards disconnected and has a minute to reconnect!
|player|p1|
|j|☆Forwards
|inactive|Forwards reconnected and has 130 seconds left.
|player|p1|Forwards|adaman
|
|t:|1658320965
|move|p1a: Orbeetle|Calm Mind|p1a: Orbeetle
|-boost|p1a: Orbeetle|spa|1
|-boost|p1a: Orbeetle|spd|1
|move|p2a: Buzzwole|Lunge|p1a: Orbeetle
|-supereffective|p1a: Orbeetle
|-damage|p1a: Orbeetle|9/100 tox
|-unboost|p1a: Orbeetle|atk|1
|-enditem|p1a: Orbeetle|Weakness Policy
|-boost|p1a: Orbeetle|atk|2|[from] item: Weakness Policy
|-boost|p1a: Orbeetle|spa|2|[from] item: Weakness Policy
|
|-damage|p1a: Orbeetle|0 fnt|[from] psn
|faint|p1a: Orbeetle
|upkeep
|
|t:|1658320970
|switch|p1a: Registeel|Registeel|96/100
|turn|33
|
|t:|1658320974
|move|p2a: Buzzwole|Low Sweep|p1a: Registeel
|-supereffective|p1a: Registeel
|-damage|p1a: Registeel|63/100
|move|p1a: Registeel|Iron Defense|p1a: Registeel
|-boost|p1a: Registeel|def|2
|
|upkeep
|turn|34
|
|t:|1658320977
|move|p2a: Buzzwole|Low Sweep|p1a: Registeel
|-supereffective|p1a: Registeel
|-damage|p1a: Registeel|46/100
|move|p1a: Registeel|Iron Defense|p1a: Registeel
|-boost|p1a: Registeel|def|2
|
|upkeep
|turn|35
|
|t:|1658320979
|move|p2a: Buzzwole|Low Sweep|p1a: Registeel
|-supereffective|p1a: Registeel
|-damage|p1a: Registeel|35/100
|move|p1a: Registeel|Amnesia|p1a: Registeel
|-boost|p1a: Registeel|spd|2
|
|upkeep
|turn|36
|
|t:|1658320982
|move|p2a: Buzzwole|Low Sweep|p1a: Registeel
|-supereffective|p1a: Registeel
|-damage|p1a: Registeel|23/100
|move|p1a: Registeel|Amnesia|p1a: Registeel
|-boost|p1a: Registeel|spd|2
|
|upkeep
|turn|37
|
|t:|1658320984
|move|p2a: Buzzwole|Low Sweep|p1a: Registeel
|-supereffective|p1a: Registeel
|-damage|p1a: Registeel|13/100
|move|p1a: Registeel|Rest|p1a: Registeel
|-status|p1a: Registeel|slp|[from] move: Rest
|-heal|p1a: Registeel|100/100 slp|[silent]
|
|upkeep
|turn|38
|
|t:|1658320987
|switch|p2a: Slowbro|Slowbro, F|87/100
|cant|p1a: Registeel|slp
|
|upkeep
|turn|39
|
|t:|1658320991
|cant|p1a: Registeel|slp
|move|p2a: Slowbro|Future Sight|p1a: Registeel
|-start|p2a: Slowbro|move: Future Sight
|
|upkeep
|turn|40
|
|t:|1658320996
|switch|p2a: Buzzwole|Buzzwole|76/100
|-damage|p2a: Buzzwole|63/100|[from] Stealth Rock
|-curestatus|p1a: Registeel|slp|[msg]
|move|p1a: Registeel|Iron Defense|p1a: Registeel
|-boost|p1a: Registeel|def|2
|
|upkeep
|turn|41
|
|t:|1658321002
|move|p2a: Buzzwole|Lunge|p1a: Registeel
|-resisted|p1a: Registeel
|-damage|p1a: Registeel|98/100
|move|p1a: Registeel|Amnesia|p1a: Registeel
|-boost|p1a: Registeel|spd|2
|
|-end|p1a: Registeel|move: Future Sight
|-resisted|p1a: Registeel
|-damage|p1a: Registeel|95/100
|upkeep
|turn|42
|
|t:|1658321004
|move|p2a: Buzzwole|Roost|p2a: Buzzwole
|-heal|p2a: Buzzwole|100/100
|-singleturn|p2a: Buzzwole|move: Roost
|move|p1a: Registeel|Body Press|p2a: Buzzwole
|-resisted|p2a: Buzzwole
|-damage|p2a: Buzzwole|71/100
|-damage|p1a: Registeel|78/100|[from] item: Rocky Helmet|[of] p2a: Buzzwole
|
|upkeep
|turn|43
|
|t:|1658321007
|move|p2a: Buzzwole|Roost|p2a: Buzzwole
|-heal|p2a: Buzzwole|100/100
|-singleturn|p2a: Buzzwole|move: Roost
|move|p1a: Registeel|Body Press|p2a: Buzzwole
|-resisted|p2a: Buzzwole
|-crit|p2a: Buzzwole
|-damage|p2a: Buzzwole|50/100
|-damage|p1a: Registeel|62/100|[from] item: Rocky Helmet|[of] p2a: Buzzwole
|
|upkeep
|turn|44
|
|t:|1658321011
|move|p2a: Buzzwole|Roost|p2a: Buzzwole
|-heal|p2a: Buzzwole|99/100
|-singleturn|p2a: Buzzwole|move: Roost
|move|p1a: Registeel|Body Press|p2a: Buzzwole
|-resisted|p2a: Buzzwole
|-damage|p2a: Buzzwole|66/100
|-damage|p1a: Registeel|45/100|[from] item: Rocky Helmet|[of] p2a: Buzzwole
|
|upkeep
|turn|45
|
|t:|1658321016
|move|p2a: Buzzwole|Low Sweep|p1a: Registeel
|-supereffective|p1a: Registeel
|-damage|p1a: Registeel|37/100
|move|p1a: Registeel|Body Press|p2a: Buzzwole
|-resisted|p2a: Buzzwole
|-damage|p2a: Buzzwole|34/100
|-damage|p1a: Registeel|21/100|[from] item: Rocky Helmet|[of] p2a: Buzzwole
|
|upkeep
|turn|46
|
|t:|1658321021
|move|p2a: Buzzwole|Low Sweep|p1a: Registeel
|-supereffective|p1a: Registeel
|-damage|p1a: Registeel|13/100
|move|p1a: Registeel|Body Press|p2a: Buzzwole
|-resisted|p2a: Buzzwole
|-damage|p2a: Buzzwole|0 fnt
|-damage|p1a: Registeel|0 fnt|[from] item: Rocky Helmet|[of] p2a: Buzzwole
|faint|p2a: Buzzwole
|faint|p1a: Registeel
|
|win|iasdij
|raw|Forwards's rating: 1566 &rarr; <strong>1544</strong><br />(-22 for losing)
|raw|iasdij's rating: 1535 &rarr; <strong>1557</strong><br />(+22 for winning)
|l|☆Forwards
||Ladder isn't responding, score probably updated but might not have (Request timeout).
