|j|‽minimax_ai
|j|☆LT_Alt1
|t:|1668152882
|gametype|singles
|player|p1|minimax_ai|265|1571
|player|p2|LT_Alt1|265|1833
|teamsize|p1|6
|teamsize|p2|6
|gen|8
|tier|[Gen 8] OU
|rated|
|rule|Sleep Clause Mod: Limit one foe put to sleep
|rule|Species Clause: Limit one of each Pokémon
|rule|OHKO Clause: OHKO moves are banned
|rule|Evasion Items Clause: Evasion items are banned
|rule|Evasion Moves Clause: Evasion moves are banned
|rule|Endless Battle Clause: Forcing endless battles is banned
|rule|HP Percentage Mod: HP is shown in percentages
|rule|Dynamax Clause: You cannot dynamax
|clearpoke
|poke|p1|Rotom-Wash|
|poke|p1|Weavile, F|
|poke|p1|Landorus-Therian, M|
|poke|p1|Heatran, M|
|poke|p1|Tangrowth, F|
|poke|p1|Melmetal|
|poke|p2|Alakazam, F|
|poke|p2|Suicune|
|poke|p2|Landorus-Therian, M|
|poke|p2|Ferrothorn, F|
|poke|p2|Victini|
|poke|p2|Dragonite, M|
|teampreview
|inactive|Battle timer is ON: inactive players will automatically lose when time's up. (requested by minimax_ai)
|
|t:|1668152890
|start
|switch|p1a: Landorus|Landorus-Therian, M|100/100
|switch|p2a: Ferrothorn|Ferrothorn, F|100/100
|-ability|p1a: Landorus|Intimidate|boost
|-unboost|p2a: Ferrothorn|atk|1
|turn|1
|
|t:|1668152897
|move|p1a: Landorus|U-turn|p2a: Ferrothorn
|-damage|p2a: Ferrothorn|85/100
|-damage|p1a: Landorus|88/100|[from] ability: Iron Barbs|[of] p2a: Ferrothorn
|
|t:|1668152898
|switch|p1a: Tangrowth|Tangrowth, F|100/100|[from]move: U-turn
|move|p2a: Ferrothorn|Knock Off|p1a: Tangrowth
|-damage|p1a: Tangrowth|93/100
|-damage|p2a: Ferrothorn|69/100|[from] item: Rocky Helmet|[of] p1a: Tangrowth
|-enditem|p1a: Tangrowth|Rocky Helmet|[from] move: Knock Off|[of] p2a: Ferrothorn
|
|-heal|p2a: Ferrothorn|75/100|[from] item: Leftovers
|upkeep
|turn|2
|
|t:|1668152921
|move|p1a: Tangrowth|Focus Blast|p2a: Ferrothorn
|-supereffective|p2a: Ferrothorn
|-damage|p2a: Ferrothorn|31/100
|move|p2a: Ferrothorn|Stealth Rock|p1a: Tangrowth
|-sidestart|p1: minimax_ai|move: Stealth Rock
|
|-heal|p2a: Ferrothorn|38/100|[from] item: Leftovers
|upkeep
|turn|3
|
|t:|1668152928
|switch|p2a: Landorus|Landorus-Therian, M|100/100
|-ability|p2a: Landorus|Intimidate|boost
|-unboost|p1a: Tangrowth|atk|1
|move|p1a: Tangrowth|Sleep Powder|p2a: Landorus
|-status|p2a: Landorus|slp|[from] move: Sleep Powder
|
|upkeep
|turn|4
|
|t:|1668152942
|switch|p1a: Landorus|Landorus-Therian, M|88/100
|-damage|p1a: Landorus|76/100|[from] Stealth Rock
|-ability|p1a: Landorus|Intimidate|boost
|-unboost|p2a: Landorus|atk|1
|cant|p2a: Landorus|slp
|
|-heal|p1a: Landorus|82/100|[from] item: Leftovers
|upkeep
|turn|5
|
|t:|1668152950
|-curestatus|p2a: Landorus|slp|[msg]
|move|p2a: Landorus|U-turn|p1a: Landorus
|-resisted|p1a: Landorus
|-damage|p1a: Landorus|75/100
|
|t:|1668152954
|switch|p2a: Suicune|Suicune|100/100|[from]move: U-turn
|-ability|p2a: Suicune|Pressure
|move|p1a: Landorus|Defog|p2a: Suicune
|-unboost|p2a: Suicune|evasion|1
|-sideend|p1: minimax_ai|Stealth Rock|[from] move: Defog|[of] p1a: Landorus
|
|-heal|p1a: Landorus|81/100|[from] item: Leftovers
|upkeep
|turn|6
|
|t:|1668152965
|move|p2a: Suicune|Ice Beam|p1a: Landorus
|-supereffective|p1a: Landorus
|-damage|p1a: Landorus|28/100
|-status|p1a: Landorus|frz
|cant|p1a: Landorus|frz
|
|-heal|p1a: Landorus|34/100 frz|[from] item: Leftovers
|upkeep
|turn|7
|
|t:|1668152973
|switch|p1a: Melmetal|Melmetal|100/100
|move|p2a: Suicune|Calm Mind|p2a: Suicune
|-boost|p2a: Suicune|spa|1
|-boost|p2a: Suicune|spd|1
|
|upkeep
|turn|8
|
|t:|1668152979
|move|p2a: Suicune|Scald|p1a: Melmetal
|-damage|p1a: Melmetal|81/100
|move|p1a: Melmetal|Double Iron Bash|p2a: Suicune
|-resisted|p2a: Suicune
|-damage|p2a: Suicune|88/100
|-damage|p1a: Melmetal|65/100|[from] item: Rocky Helmet|[of] p2a: Suicune
|-resisted|p2a: Suicune
|-damage|p2a: Suicune|76/100
|-damage|p1a: Melmetal|48/100|[from] item: Rocky Helmet|[of] p2a: Suicune
|-hitcount|p2a: Suicune|2
|
|upkeep
|turn|9
|
|t:|1668152989
|switch|p1a: Rotom|Rotom-Wash|100/100
|move|p2a: Suicune|Scald|p1a: Rotom
|-resisted|p1a: Rotom
|-crit|p1a: Rotom
|-damage|p1a: Rotom|70/100
|
|-heal|p1a: Rotom|76/100|[from] item: Leftovers
|upkeep
|turn|10
|
|t:|1668152997
|switch|p2a: Landorus|Landorus-Therian, M|100/100
|-ability|p2a: Landorus|Intimidate|boost
|-unboost|p1a: Rotom|atk|1
|move|p1a: Rotom|Thunderbolt|p2a: Landorus
|-immune|p2a: Landorus
|
|-heal|p1a: Rotom|83/100|[from] item: Leftovers
|upkeep
|turn|11
|
|t:|1668153007
|move|p1a: Rotom|Hydro Pump|p2a: Landorus
|-supereffective|p2a: Landorus
|-damage|p2a: Landorus|25/100
|move|p2a: Landorus|Toxic|p1a: Rotom|[miss]
|-miss|p2a: Landorus|p1a: Rotom
|
|-heal|p1a: Rotom|89/100|[from] item: Leftovers
|-heal|p2a: Landorus|31/100|[from] item: Leftovers
|upkeep
|turn|12
|
|t:|1668153018
|switch|p2a: Ferrothorn|Ferrothorn, F|38/100
|move|p1a: Rotom|Hydro Pump|p2a: Ferrothorn
|-resisted|p2a: Ferrothorn
|-damage|p2a: Ferrothorn|22/100
|
|-heal|p1a: Rotom|95/100|[from] item: Leftovers
|-heal|p2a: Ferrothorn|29/100|[from] item: Leftovers
|upkeep
|turn|13
|
|t:|1668153028
|switch|p1a: Tangrowth|Tangrowth, F|100/100
|move|p2a: Ferrothorn|Stealth Rock|p1a: Tangrowth
|-sidestart|p1: minimax_ai|move: Stealth Rock
|
|-heal|p2a: Ferrothorn|35/100|[from] item: Leftovers
|upkeep
|turn|14
|
|t:|1668153040
|switch|p2a: Landorus|Landorus-Therian, M|31/100
|-ability|p2a: Landorus|Intimidate|boost
|-unboost|p1a: Tangrowth|atk|1
|move|p1a: Tangrowth|Sleep Powder|p2a: Landorus
|-status|p2a: Landorus|slp|[from] move: Sleep Powder
|
|-heal|p2a: Landorus|37/100 slp|[from] item: Leftovers
|upkeep
|turn|15
|
|t:|1668153050
|cant|p2a: Landorus|slp
|move|p1a: Tangrowth|Knock Off|p2a: Landorus
|-damage|p2a: Landorus|23/100 slp
|-enditem|p2a: Landorus|Leftovers|[from] move: Knock Off|[of] p1a: Tangrowth
|
|upkeep
|turn|16
|
|t:|1668153057
|cant|p2a: Landorus|slp
|move|p1a: Tangrowth|Knock Off|p2a: Landorus
|-damage|p2a: Landorus|13/100 slp
|
|upkeep
|turn|17
|
|t:|1668153063
|-curestatus|p2a: Landorus|slp|[msg]
|move|p2a: Landorus|Toxic|p1a: Tangrowth
|-status|p1a: Tangrowth|tox
|move|p1a: Tangrowth|Knock Off|p2a: Landorus
|-damage|p2a: Landorus|4/100
|
|-damage|p1a: Tangrowth|94/100 tox|[from] psn
|upkeep
|turn|18
|
|t:|1668153071
|switch|p1a: Landorus|Landorus-Therian, M|34/100 frz
|-damage|p1a: Landorus|22/100 frz|[from] Stealth Rock
|-ability|p1a: Landorus|Intimidate|boost
|-unboost|p2a: Landorus|atk|1
|move|p2a: Landorus|U-turn|p1a: Landorus
|-resisted|p1a: Landorus
|-crit|p1a: Landorus
|-damage|p1a: Landorus|7/100 frz
|
|t:|1668153080
|switch|p2a: Ferrothorn|Ferrothorn, F|35/100|[from]move: U-turn
|
|-heal|p1a: Landorus|13/100 frz|[from] item: Leftovers
|-heal|p2a: Ferrothorn|41/100|[from] item: Leftovers
|upkeep
|turn|19
|
|t:|1668153087
|cant|p1a: Landorus|frz
|move|p2a: Ferrothorn|Spikes|p1a: Landorus
|-sidestart|p1: minimax_ai|Spikes
|
|-heal|p1a: Landorus|19/100 frz|[from] item: Leftovers
|-heal|p2a: Ferrothorn|47/100|[from] item: Leftovers
|upkeep
|turn|20
|
|t:|1668153094
|-curestatus|p1a: Landorus|frz|[msg]
|move|p1a: Landorus|Defog|p2a: Ferrothorn
|-unboost|p2a: Ferrothorn|evasion|1
|-sideend|p1: minimax_ai|Spikes|[from] move: Defog|[of] p1a: Landorus
|-sideend|p1: minimax_ai|Stealth Rock|[from] move: Defog|[of] p1a: Landorus
|move|p2a: Ferrothorn|Knock Off|p1a: Landorus
|-damage|p1a: Landorus|0 fnt
|-enditem|p1a: Landorus|Leftovers|[from] move: Knock Off|[of] p2a: Ferrothorn
|faint|p1a: Landorus
|
|-heal|p2a: Ferrothorn|54/100|[from] item: Leftovers
|upkeep
|
|t:|1668153094
|switch|p1a: Heatran|Heatran, M|100/100
|-item|p1a: Heatran|Air Balloon
|turn|21
|
|t:|1668153113
|switch|p2a: Landorus|Landorus-Therian, M|4/100
|-ability|p2a: Landorus|Intimidate|boost
|-unboost|p1a: Heatran|atk|1
|move|p1a: Heatran|Eruption|p2a: Landorus
|-damage|p2a: Landorus|0 fnt
|faint|p2a: Landorus
|
|upkeep
|
|t:|1668153123
|switch|p2a: Alakazam|Alakazam, F|100/100
|turn|22
|
|t:|1668153126
|move|p2a: Alakazam|Focus Blast|p1a: Heatran
|-supereffective|p1a: Heatran
|-damage|p1a: Heatran|0 fnt
|-enditem|p1a: Heatran|Air Balloon
|faint|p1a: Heatran
|
|upkeep
|
|t:|1668153126
|switch|p1a: Weavile|Weavile, F|100/100
|-ability|p1a: Weavile|Pressure
|turn|23
|
|t:|1668153150
|switch|p2a: Ferrothorn|Ferrothorn, F|54/100
|move|p1a: Weavile|Knock Off|p2a: Ferrothorn
|-damage|p2a: Ferrothorn|7/100
|-damage|p1a: Weavile|88/100|[from] ability: Iron Barbs|[of] p2a: Ferrothorn
|-enditem|p2a: Ferrothorn|Leftovers|[from] move: Knock Off|[of] p1a: Weavile
|
|upkeep
|turn|24
|
|t:|1668153158
|move|p1a: Weavile|Knock Off|p2a: Ferrothorn
|-damage|p2a: Ferrothorn|0 fnt
|-damage|p1a: Weavile|76/100|[from] ability: Iron Barbs|[of] p2a: Ferrothorn
|faint|p2a: Ferrothorn
|
|upkeep
|
|t:|1668153165
|switch|p2a: Suicune|Suicune|76/100
|-ability|p2a: Suicune|Pressure
|turn|25
|
|t:|1668153175
|switch|p1a: Rotom|Rotom-Wash|95/100
|switch|p2a: Victini|Victini|100/100
|
|-heal|p1a: Rotom|100/100|[from] item: Leftovers
|upkeep
|turn|26
|
|t:|1668153183
|move|p2a: Victini|Bolt Strike|p1a: Rotom
|-damage|p1a: Rotom|43/100
|move|p1a: Rotom|Pain Split|p2a: Victini
|-sethp|p2a: Victini|69/100|[from] move: Pain Split|[silent]
|-sethp|p1a: Rotom|77/100|[from] move: Pain Split
|
|-heal|p1a: Rotom|84/100|[from] item: Leftovers
|upkeep
|turn|27
|
|t:|1668153191
|move|p2a: Victini|Bolt Strike|p1a: Rotom
|-damage|p1a: Rotom|26/100
|move|p1a: Rotom|Hydro Pump|p2a: Victini
|-supereffective|p2a: Victini
|-damage|p2a: Victini|0 fnt
|faint|p2a: Victini
|
|-heal|p1a: Rotom|32/100|[from] item: Leftovers
|upkeep
|
|t:|1668153199
|switch|p2a: Alakazam|Alakazam, F|100/100
|turn|28
|
|t:|1668153203
|switch|p1a: Melmetal|Melmetal|48/100
|move|p2a: Alakazam|Focus Blast|p1a: Melmetal
|-supereffective|p1a: Melmetal
|-damage|p1a: Melmetal|0 fnt
|faint|p1a: Melmetal
|
|upkeep
|
|t:|1668153203
|switch|p1a: Weavile|Weavile, F|76/100
|-ability|p1a: Weavile|Pressure
|turn|29
|
|t:|1668153229
|move|p1a: Weavile|Knock Off|p2a: Alakazam
|-supereffective|p2a: Alakazam
|-damage|p2a: Alakazam|0 fnt
|-enditem|p2a: Alakazam|Life Orb|[from] move: Knock Off|[of] p1a: Weavile
|faint|p2a: Alakazam
|
|upkeep
|
|t:|1668153235
|switch|p2a: Dragonite|Dragonite, M|100/100
|turn|30
|
|t:|1668153238
|move|p1a: Weavile|Knock Off|p2a: Dragonite
|-damage|p2a: Dragonite|65/100
|-enditem|p2a: Dragonite|Heavy-Duty Boots|[from] move: Knock Off|[of] p1a: Weavile
|move|p2a: Dragonite|Dragon Dance|p2a: Dragonite
|-boost|p2a: Dragonite|atk|1
|-boost|p2a: Dragonite|spe|1
|
|upkeep
|turn|31
|
|t:|1668153247
|switch|p1a: Rotom|Rotom-Wash|32/100
|move|p2a: Dragonite|Dragon Dance|p2a: Dragonite
|-boost|p2a: Dragonite|atk|1
|-boost|p2a: Dragonite|spe|1
|
|-heal|p1a: Rotom|38/100|[from] item: Leftovers
|upkeep
|turn|32
|
|t:|1668153257
|move|p2a: Dragonite|Ice Punch|p1a: Rotom
|-resisted|p1a: Rotom
|-damage|p1a: Rotom|15/100
|move|p1a: Rotom|Pain Split|p2a: Dragonite
|-sethp|p2a: Dragonite|38/100|[from] move: Pain Split|[silent]
|-sethp|p1a: Rotom|49/100|[from] move: Pain Split
|
|-heal|p1a: Rotom|55/100|[from] item: Leftovers
|upkeep
|turn|33
|
|t:|1668153265
|move|p2a: Dragonite|Ice Punch|p1a: Rotom
|-resisted|p1a: Rotom
|-damage|p1a: Rotom|32/100
|move|p1a: Rotom|Nasty Plot|p1a: Rotom
|-boost|p1a: Rotom|spa|2
|
|-heal|p1a: Rotom|38/100|[from] item: Leftovers
|upkeep
|turn|34
|
|t:|1668153272
|move|p2a: Dragonite|Ice Punch|p1a: Rotom
|-resisted|p1a: Rotom
|-damage|p1a: Rotom|13/100
|move|p1a: Rotom|Pain Split|p2a: Dragonite
|-sethp|p2a: Dragonite|24/100|[from] move: Pain Split|[silent]
|-sethp|p1a: Rotom|31/100|[from] move: Pain Split
|
|-heal|p1a: Rotom|37/100|[from] item: Leftovers
|upkeep
|turn|35
|
|t:|1668153280
|move|p2a: Dragonite|Ice Punch|p1a: Rotom
|-resisted|p1a: Rotom
|-damage|p1a: Rotom|13/100
|move|p1a: Rotom|Pain Split|p2a: Dragonite
|-sethp|p2a: Dragonite|17/100|[from] move: Pain Split|[silent]
|-sethp|p1a: Rotom|22/100|[from] move: Pain Split
|
|-heal|p1a: Rotom|28/100|[from] item: Leftovers
|upkeep
|turn|36
|
|t:|1668153288
|move|p2a: Dragonite|Ice Punch|p1a: Rotom
|-resisted|p1a: Rotom
|-damage|p1a: Rotom|6/100
|move|p1a: Rotom|Pain Split|p2a: Dragonite
|-sethp|p2a: Dragonite|11/100|[from] move: Pain Split|[silent]
|-sethp|p1a: Rotom|14/100|[from] move: Pain Split
|
|-heal|p1a: Rotom|20/100|[from] item: Leftovers
|upkeep
|turn|37
|
|t:|1668153296
|move|p2a: Dragonite|Ice Punch|p1a: Rotom
|-resisted|p1a: Rotom
|-damage|p1a: Rotom|0 fnt
|faint|p1a: Rotom
|
|upkeep
|
|t:|1668153296
|switch|p1a: Weavile|Weavile, F|76/100
|-ability|p1a: Weavile|Pressure
|turn|38
|
|t:|1668153305
|switch|p2a: Suicune|Suicune|76/100
|-ability|p2a: Suicune|Pressure
|move|p1a: Weavile|Ice Shard|p2a: Suicune
|-resisted|p2a: Suicune
|-damage|p2a: Suicune|66/100
|
|upkeep
|turn|39
|
|t:|1668153313
|switch|p1a: Tangrowth|Tangrowth, F|100/100 tox
|move|p2a: Suicune|Ice Beam|p1a: Tangrowth
|-supereffective|p1a: Tangrowth
|-damage|p1a: Tangrowth|48/100 tox
|
|-damage|p1a: Tangrowth|41/100 tox|[from] psn
|upkeep
|turn|40
|
|t:|1668153322
|switch|p1a: Weavile|Weavile, F|76/100
|-ability|p1a: Weavile|Pressure
|move|p2a: Suicune|Ice Beam|p1a: Weavile
|-resisted|p1a: Weavile
|-crit|p1a: Weavile
|-damage|p1a: Weavile|56/100
|
|upkeep
|turn|41
|
|t:|1668153331
|move|p1a: Weavile|Knock Off|p2a: Suicune
|-damage|p2a: Suicune|25/100
|-damage|p1a: Weavile|40/100|[from] item: Rocky Helmet|[of] p2a: Suicune
|-enditem|p2a: Suicune|Rocky Helmet|[from] move: Knock Off|[of] p1a: Weavile
|move|p2a: Suicune|Scald|p1a: Weavile
|-damage|p1a: Weavile|5/100
|
|upkeep
|turn|42
|
|t:|1668153342
|move|p1a: Weavile|Knock Off|p2a: Suicune
|-damage|p2a: Suicune|0 fnt
|faint|p2a: Suicune
|
|upkeep
|
|t:|1668153346
|switch|p2a: Dragonite|Dragonite, M|11/100
|turn|43
|
|t:|1668153349
|move|p1a: Weavile|Knock Off|p2a: Dragonite
|-damage|p2a: Dragonite|0 fnt
|faint|p2a: Dragonite
|
|win|minimax_ai
|raw|minimax_ai's rating: 1571 &rarr; <strong>1604</strong><br />(+33 for winning)
|raw|LT_Alt1's rating: 1833 &rarr; <strong>1800</strong><br />(-33 for losing)
