|raw|<div class="broadcast-blue"><strong>This battle is required to be public due to a player having a name starting with 'btlt200'.</div>
|j|☆GGeorgie
|j|☆BTLT200$ FILO
|t:|1668035935
|gametype|singles
|player|p1|GGeorgie|hiker-gen2|1528
|player|p2|BTLT200$ FILO|emma|1568
|teamsize|p1|6
|teamsize|p2|6
|gen|8
|tier|[Gen 8] OU
|rated|
|rule|Sleep Clause Mod: Limit one foe put to sleep
|rule|Species Clause: Limit one of each Pokémon
|rule|OHKO Clause: OHKO moves are banned
|rule|Evasion Items Clause: Evasion items are banned
|rule|Evasion Moves Clause: Evasion moves are banned
|rule|Endless Battle Clause: Forcing endless battles is banned
|rule|HP Percentage Mod: HP is shown in percentages
|rule|Dynamax Clause: You cannot dynamax
|clearpoke
|poke|p1|Zapdos|
|poke|p1|Tyranitar, M|
|poke|p1|Landorus-Therian, M|
|poke|p1|Excadrill, M|
|poke|p1|Clefable, F|
|poke|p1|Ferrothorn, M|
|poke|p2|Ferrothorn, F|
|poke|p2|Volcarona, F|
|poke|p2|Tapu Koko|
|poke|p2|Landorus-Therian, M|
|poke|p2|Clefable, F|
|poke|p2|Dragonite, M|
|teampreview
|
|t:|1668035965
|start
|switch|p1a: Ferrothorn|Ferrothorn, M, shiny|100/100
|switch|p2a: Landorus|Landorus-Therian, M|100/100
|-ability|p2a: Landorus|Intimidate|boost
|-unboost|p1a: Ferrothorn|atk|1
|turn|1
|inactive|Battle timer is ON: inactive players will automatically lose when time's up. (requested by BTLT200$ FILO)
|
|t:|1668035976
|move|p2a: Landorus|Knock Off|p1a: Ferrothorn
|-damage|p1a: Ferrothorn|78/100
|-damage|p2a: Landorus|88/100|[from] ability: Iron Barbs|[of] p1a: Ferrothorn
|-damage|p2a: Landorus|72/100|[from] item: Rocky Helmet|[of] p1a: Ferrothorn
|-enditem|p1a: Ferrothorn|Rocky Helmet|[from] move: Knock Off|[of] p2a: Landorus
|move|p1a: Ferrothorn|Knock Off|p2a: Landorus
|-damage|p2a: Landorus|55/100
|-enditem|p2a: Landorus|Normal Gem|[from] move: Knock Off|[of] p1a: Ferrothorn
|
|upkeep
|turn|2
|inactive|BTLT200$ FILO has 120 seconds left.
|
|t:|1668036012
|move|p2a: Landorus|Stealth Rock|p1a: Ferrothorn
|-sidestart|p1: GGeorgie|move: Stealth Rock
|move|p1a: Ferrothorn|Leech Seed|p2a: Landorus
|-start|p2a: Landorus|move: Leech Seed
|
|-damage|p2a: Landorus|43/100|[from] Leech Seed|[of] p1a: Ferrothorn
|-heal|p1a: Ferrothorn|89/100|[silent]
|upkeep
|turn|3
|
|t:|1668036024
|move|p2a: Landorus|Earthquake|p1a: Ferrothorn
|-damage|p1a: Ferrothorn|54/100
|move|p1a: Ferrothorn|Spikes|p2a: Landorus
|-sidestart|p2: BTLT200$ FILO|Spikes
|
|-damage|p2a: Landorus|31/100|[from] Leech Seed|[of] p1a: Ferrothorn
|-heal|p1a: Ferrothorn|66/100|[silent]
|upkeep
|turn|4
|inactive|BTLT200$ FILO has 120 seconds left.
|
|t:|1668036050
|move|p2a: Landorus|Explosion|p1a: Ferrothorn
|-resisted|p1a: Ferrothorn
|-damage|p1a: Ferrothorn|39/100
|faint|p2a: Landorus
|move|p1a: Ferrothorn|Knock Off|p2: Landorus|[notarget]
|-fail|p1a: Ferrothorn
|
|upkeep
|
|t:|1668036053
|switch|p2a: Volcarona|Volcarona, F|100/100
|turn|5
|
|t:|1668036060
|switch|p1a: Landorus|Landorus-Therian, M|100/100
|-damage|p1a: Landorus|88/100|[from] Stealth Rock
|-ability|p1a: Landorus|Intimidate|boost
|-unboost|p2a: Volcarona|atk|1
|move|p2a: Volcarona|Fire Blast|p1a: Landorus
|-damage|p1a: Landorus|10/100
|
|upkeep
|turn|6
|
|t:|1668036071
|move|p1a: Landorus|Explosion|p2a: Volcarona
|-damage|p2a: Volcarona|0 fnt
|faint|p1a: Landorus
|faint|p2a: Volcarona
|
|upkeep
|
|t:|1668036084
|switch|p2a: Ferrothorn|Ferrothorn, F|100/100
|switch|p1a: Excadrill|Excadrill, M|100/100
|-damage|p1a: Excadrill|97/100|[from] Stealth Rock
|-damage|p2a: Ferrothorn|88/100|[from] Spikes
|turn|7
|
|t:|1668036088
|switch|p1a: Ferrothorn|Ferrothorn, M, shiny|39/100
|-damage|p1a: Ferrothorn|33/100|[from] Stealth Rock
|move|p2a: Ferrothorn|Knock Off|p1a: Ferrothorn
|-damage|p1a: Ferrothorn|24/100
|-damage|p2a: Ferrothorn|75/100|[from] ability: Iron Barbs|[of] p1a: Ferrothorn
|
|-heal|p2a: Ferrothorn|82/100|[from] item: Leftovers
|upkeep
|turn|8
|
|t:|1668036099
|switch|p2a: Clefable|Clefable, F|100/100
|move|p1a: Ferrothorn|Knock Off|p2a: Clefable
|-resisted|p2a: Clefable
|-damage|p2a: Clefable|91/100
|-enditem|p2a: Clefable|Leftovers|[from] move: Knock Off|[of] p1a: Ferrothorn
|
|upkeep
|turn|9
|
|t:|1668036114
|switch|p1a: Clefable|Clefable, F|100/100
|move|p2a: Clefable|Moonblast|p1a: Clefable
|-damage|p1a: Clefable|74/100
|-unboost|p1a: Clefable|spa|1
|
|upkeep
|turn|10
|
|t:|1668036119
|switch|p1a: Excadrill|Excadrill, M|97/100
|-damage|p1a: Excadrill|94/100|[from] Stealth Rock
|move|p2a: Clefable|Thunder Wave|p1a: Excadrill
|-immune|p1a: Excadrill
|
|-heal|p1a: Excadrill|100/100|[from] item: Leftovers
|upkeep
|turn|11
|
|t:|1668036122
|switch|p1a: Clefable|Clefable, F|74/100
|move|p2a: Clefable|Knock Off|p1a: Clefable
|-resisted|p1a: Clefable
|-damage|p1a: Clefable|68/100
|-enditem|p1a: Clefable|Life Orb|[from] move: Knock Off|[of] p2a: Clefable
|
|upkeep
|turn|12
|
|t:|1668036126
|switch|p1a: Excadrill|Excadrill, M|100/100
|-damage|p1a: Excadrill|97/100|[from] Stealth Rock
|move|p2a: Clefable|Thunder Wave|p1a: Excadrill
|-immune|p1a: Excadrill
|
|-heal|p1a: Excadrill|100/100|[from] item: Leftovers
|upkeep
|turn|13
|
|t:|1668036128
|move|p1a: Excadrill|Rapid Spin|p2a: Clefable
|-damage|p2a: Clefable|73/100
|-boost|p1a: Excadrill|spe|1
|-sideend|p1: GGeorgie|Stealth Rock|[from] move: Rapid Spin|[of] p1a: Excadrill
|move|p2a: Clefable|Knock Off|p1a: Excadrill
|-damage|p1a: Excadrill|78/100
|-enditem|p1a: Excadrill|Leftovers|[from] move: Knock Off|[of] p2a: Clefable
|
|upkeep
|turn|14
|
|t:|1668036134
|switch|p2a: Dragonite|Dragonite, M|100/100
|move|p1a: Excadrill|Earthquake|p2a: Dragonite
|-immune|p2a: Dragonite
|
|upkeep
|turn|15
|
|t:|1668036137
|switch|p1a: Tyranitar|Tyranitar, M, shiny|100/100
|-weather|Sandstorm|[from] ability: Sand Stream|[of] p1a: Tyranitar
|switch|p2a: Ferrothorn|Ferrothorn, F|82/100
|-damage|p2a: Ferrothorn|69/100|[from] Spikes
|
|-weather|Sandstorm|[upkeep]
|-heal|p2a: Ferrothorn|75/100|[from] item: Leftovers
|upkeep
|turn|16
|
|t:|1668036141
|switch|p1a: Ferrothorn|Ferrothorn, M, shiny|24/100
|switch|p2a: Clefable|Clefable, F|73/100
|
|-weather|Sandstorm|[upkeep]
|upkeep
|turn|17
|
|t:|1668036147
|switch|p2a: Ferrothorn|Ferrothorn, F|75/100
|-damage|p2a: Ferrothorn|63/100|[from] Spikes
|move|p1a: Ferrothorn|Spikes|p2a: Ferrothorn
|-sidestart|p2: BTLT200$ FILO|Spikes
|
|-weather|Sandstorm|[upkeep]
|-heal|p2a: Ferrothorn|69/100|[from] item: Leftovers
|upkeep
|turn|18
|
|t:|1668036162
|move|p1a: Ferrothorn|Spikes|p2a: Ferrothorn
|-sidestart|p2: BTLT200$ FILO|Spikes
|move|p2a: Ferrothorn|Spikes|p1a: Ferrothorn
|-sidestart|p1: GGeorgie|Spikes
|
|-weather|Sandstorm|[upkeep]
|-heal|p2a: Ferrothorn|75/100|[from] item: Leftovers
|upkeep
|turn|19
|
|t:|1668036165
|switch|p1a: Zapdos|Zapdos|100/100
|move|p2a: Ferrothorn|Spikes|p1a: Zapdos
|-sidestart|p1: GGeorgie|Spikes
|
|-weather|none
|-heal|p2a: Ferrothorn|82/100|[from] item: Leftovers
|upkeep
|turn|20
|
|t:|1668036170
|move|p1a: Zapdos|Volt Switch|p2a: Ferrothorn
|-resisted|p2a: Ferrothorn
|-damage|p2a: Ferrothorn|63/100
|
|t:|1668036173
|switch|p1a: Ferrothorn|Ferrothorn, M, shiny|24/100|[from]move: Volt Switch
|-damage|p1a: Ferrothorn|8/100|[from] Spikes
|move|p2a: Ferrothorn|Leech Seed|p1a: Ferrothorn
|-immune|p1a: Ferrothorn
|
|-heal|p2a: Ferrothorn|69/100|[from] item: Leftovers
|upkeep
|turn|21
|
|t:|1668036180
|move|p1a: Ferrothorn|Knock Off|p2a: Ferrothorn
|-damage|p2a: Ferrothorn|54/100
|-damage|p1a: Ferrothorn|0 fnt|[from] ability: Iron Barbs|[of] p2a: Ferrothorn
|faint|p1a: Ferrothorn
|move|p2a: Ferrothorn|Spikes|p1: Ferrothorn
|-sidestart|p1: GGeorgie|Spikes
|
|-heal|p2a: Ferrothorn|61/100|[from] item: Leftovers
|upkeep
|
|t:|1668036194
|switch|p1a: Zapdos|Zapdos|100/100
|turn|22
|
|t:|1668036198
|move|p1a: Zapdos|Heat Wave|p2a: Ferrothorn
|-supereffective|p2a: Ferrothorn
|-damage|p2a: Ferrothorn|0 fnt
|faint|p2a: Ferrothorn
|
|upkeep
|
|t:|1668036207
|switch|p2a: Dragonite|Dragonite, M|100/100
|turn|23
|
|t:|1668036218
|switch|p1a: Tyranitar|Tyranitar, M, shiny|100/100
|-damage|p1a: Tyranitar|76/100|[from] Spikes
|-weather|Sandstorm|[from] ability: Sand Stream|[of] p1a: Tyranitar
|move|p2a: Dragonite|Dragon Dance|p2a: Dragonite
|-boost|p2a: Dragonite|atk|1
|-boost|p2a: Dragonite|spe|1
|
|-weather|Sandstorm|[upkeep]
|-damage|p2a: Dragonite|94/100|[from] Sandstorm
|upkeep
|turn|24
|
|t:|1668036241
|move|p2a: Dragonite|Earthquake|p1a: Tyranitar
|-supereffective|p1a: Tyranitar
|-damage|p1a: Tyranitar|0 fnt
|faint|p1a: Tyranitar
|
|-weather|Sandstorm|[upkeep]
|-damage|p2a: Dragonite|88/100|[from] Sandstorm
|upkeep
|
|t:|1668036244
|switch|p1a: Clefable|Clefable, F|68/100
|turn|25
|
|t:|1668036246
|move|p2a: Dragonite|Dual Wingbeat|p1a: Clefable
|-damage|p1a: Clefable|45/100
|-damage|p1a: Clefable|23/100
|-hitcount|p1a: Clefable|2
|move|p1a: Clefable|Moonblast|p2a: Dragonite
|-supereffective|p2a: Dragonite
|-damage|p2a: Dragonite|29/100
|
|-weather|Sandstorm|[upkeep]
|-damage|p2a: Dragonite|23/100|[from] Sandstorm
|upkeep
|turn|26
|
|t:|1668036252
|move|p2a: Dragonite|Roost|p2a: Dragonite
|-heal|p2a: Dragonite|73/100
|-singleturn|p2a: Dragonite|move: Roost
|move|p1a: Clefable|Moonblast|p2a: Dragonite
|-supereffective|p2a: Dragonite
|-damage|p2a: Dragonite|21/100
|
|-weather|Sandstorm|[upkeep]
|-damage|p2a: Dragonite|15/100|[from] Sandstorm
|upkeep
|turn|27
|
|t:|1668036254
|move|p2a: Dragonite|Earthquake|p1a: Clefable
|-damage|p1a: Clefable|0 fnt
|faint|p1a: Clefable
|
|-weather|none
|upkeep
|
|t:|1668036256
|switch|p1a: Zapdos|Zapdos|100/100
|turn|28
|
|t:|1668036259
|move|p2a: Dragonite|Roost|p2a: Dragonite
|-heal|p2a: Dragonite|65/100
|-singleturn|p2a: Dragonite|move: Roost
|move|p1a: Zapdos|Volt Switch|p2a: Dragonite
|-resisted|p2a: Dragonite
|-damage|p2a: Dragonite|41/100
|
|t:|1668036262
|switch|p1a: Excadrill|Excadrill, M|78/100|[from]move: Volt Switch
|-damage|p1a: Excadrill|53/100|[from] Spikes
|
|upkeep
|turn|29
|
|t:|1668036264
|switch|p1a: Zapdos|Zapdos|100/100
|move|p2a: Dragonite|Earthquake|p1a: Zapdos
|-immune|p1a: Zapdos
|
|upkeep
|turn|30
|
|t:|1668036266
|move|p2a: Dragonite|Roost|p2a: Dragonite
|-heal|p2a: Dragonite|91/100
|-singleturn|p2a: Dragonite|move: Roost
|move|p1a: Zapdos|Hurricane|p2a: Dragonite
|-damage|p2a: Dragonite|16/100
|-start|p2a: Dragonite|confusion
|
|upkeep
|turn|31
|
|t:|1668036268
|-activate|p2a: Dragonite|confusion
|move|p2a: Dragonite|Roost|p2a: Dragonite
|-heal|p2a: Dragonite|66/100
|-singleturn|p2a: Dragonite|move: Roost
|move|p1a: Zapdos|Hurricane|p2a: Dragonite|[miss]
|-miss|p1a: Zapdos|p2a: Dragonite
|
|upkeep
|turn|32
|
|t:|1668036273
|-activate|p2a: Dragonite|confusion
|move|p2a: Dragonite|Roost|p2a: Dragonite
|-heal|p2a: Dragonite|100/100
|-singleturn|p2a: Dragonite|move: Roost
|move|p1a: Zapdos|Hurricane|p2a: Dragonite|[miss]
|-miss|p1a: Zapdos|p2a: Dragonite
|
|upkeep
|turn|33
|
|t:|1668036276
|-end|p2a: Dragonite|confusion
|move|p2a: Dragonite|Dragon Dance|p2a: Dragonite
|-boost|p2a: Dragonite|atk|1
|-boost|p2a: Dragonite|spe|1
|move|p1a: Zapdos|Hurricane|p2a: Dragonite
|-damage|p2a: Dragonite|66/100
|
|upkeep
|turn|34
|
|t:|1668036300
|move|p2a: Dragonite|Dragon Dance|p2a: Dragonite
|-boost|p2a: Dragonite|atk|1
|-boost|p2a: Dragonite|spe|1
|move|p1a: Zapdos|Hurricane|p2a: Dragonite
|-damage|p2a: Dragonite|0 fnt
|faint|p2a: Dragonite
|
|upkeep
|
|t:|1668036305
|switch|p2a: Tapu Koko|Tapu Koko|100/100
|-fieldstart|move: Electric Terrain|[from] ability: Electric Surge|[of] p2a: Tapu Koko
|turn|35
|
|t:|1668036307
|move|p2a: Tapu Koko|Nature's Madness|p1a: Zapdos
|-damage|p1a: Zapdos|51/100
|move|p1a: Zapdos|Hurricane|p2a: Tapu Koko
|-resisted|p2a: Tapu Koko
|-damage|p2a: Tapu Koko|44/100
|-start|p2a: Tapu Koko|confusion
|
|upkeep
|turn|36
|
|t:|1668036311
|-activate|p2a: Tapu Koko|confusion
|-damage|p2a: Tapu Koko|33/100|[from] confusion
|move|p1a: Zapdos|Hurricane|p2a: Tapu Koko
|-resisted|p2a: Tapu Koko
|-damage|p2a: Tapu Koko|0 fnt
|faint|p2a: Tapu Koko
|
|upkeep
|
|t:|1668036313
|switch|p2a: Clefable|Clefable, F|73/100
|turn|37
|
|t:|1668036316
|move|p1a: Zapdos|Hurricane|p2a: Clefable|[miss]
|-miss|p1a: Zapdos|p2a: Clefable
|move|p2a: Clefable|Soft-Boiled|p2a: Clefable
|-heal|p2a: Clefable|100/100
|
|upkeep
|turn|38
|
|t:|1668036317
|move|p1a: Zapdos|Hurricane|p2a: Clefable|[miss]
|-miss|p1a: Zapdos|p2a: Clefable
|move|p2a: Clefable|Knock Off|p1a: Zapdos
|-damage|p1a: Zapdos|31/100
|-enditem|p1a: Zapdos|Choice Specs|[from] move: Knock Off|[of] p2a: Clefable
|
|upkeep
|turn|39
|
|t:|1668036320
|move|p1a: Zapdos|Hurricane|p2a: Clefable
|-damage|p2a: Clefable|57/100
|-start|p2a: Clefable|confusion
|-activate|p2a: Clefable|confusion
|move|p2a: Clefable|Moonblast|p1a: Zapdos
|-damage|p1a: Zapdos|0 fnt
|faint|p1a: Zapdos
|
|-fieldend|move: Electric Terrain
|upkeep
|
|t:|1668036322
|switch|p1a: Excadrill|Excadrill, M|53/100
|-damage|p1a: Excadrill|28/100|[from] Spikes
|turn|40
|
|t:|1668036325
|move|p1a: Excadrill|Iron Head|p2a: Clefable
|-supereffective|p2a: Clefable
|-damage|p2a: Clefable|0 fnt
|faint|p2a: Clefable
|
|win|GGeorgie
|raw|GGeorgie's rating: 1528 &rarr; <strong>1552</strong><br />(+24 for winning)
|raw|BTLT200$ FILO's rating: 1595 &rarr; <strong>1571</strong><br />(-24 for losing)
|l|☆BTLT200$ FILO
||Ladder isn't responding, score probably updated but might not have (Request timeout).
