|j|☆HLT1B Ahsan
|j|☆Pokefreak77
|player|p1|HLT1B Ahsan|clemont|1752
|player|p2|Pokefreak77|102|1754
|teamsize|p1|6
|teamsize|p2|6
|gametype|singles
|gen|8
|tier|[Gen 8] OU
|rated|
|clearpoke
|poke|p1|Luxray, M|
|poke|p1|Clefable, F|
|poke|p1|Dragapult, M|
|poke|p1|Toxapex, M|
|poke|p1|Excadrill, F|
|poke|p1|Mandibuzz, F|
|poke|p2|Urshifu-*, F|
|poke|p2|Cinderace, M|
|poke|p2|Chansey, F|
|poke|p2|Marowak-Alola, M|
|poke|p2|Slowbro-Galar, M|
|poke|p2|Azumarill, F|
|rule|Sleep Clause Mod: Limit one foe put to sleep
|rule|Species Clause: Limit one of each Pokémon
|rule|OHKO Clause: OHKO moves are banned
|rule|Evasion Moves Clause: Evasion moves are banned
|rule|Endless Battle Clause: Forcing endless battles is banned
|rule|HP Percentage Mod: HP is shown in percentages
|rule|Dynamax Clause: You cannot dynamax
|teampreview
|inactive|Battle timer is ON: inactive players will automatically lose when time's up. (requested by HLT1B Ahsan)
|j| quaze
|inactive|HLT1B Ahsan has 120 seconds left.
|
|start
|switch|p1a: Dragapult|Dragapult, M|100/100
|switch|p2a: Urshifu|Urshifu, F|100/100
|turn|1
|
|switch|p1a: Toxapex|Toxapex, M|100/100
|switch|p2a: Chansey|Chansey, F|100/100
|
|upkeep
|turn|2
|
|move|p2a: Chansey|Stealth Rock|p1a: Toxapex
|-sidestart|p1: HLT1B Ahsan|move: Stealth Rock
|move|p1a: Toxapex|Knock Off|p2a: Chansey
|-damage|p2a: Chansey|91/100
|-enditem|p2a: Chansey|Eviolite|[from] move: Knock Off|[of] p1a: Toxapex
|
|upkeep
|turn|3
|
|move|p2a: Chansey|Seismic Toss|p1a: Toxapex
|-damage|p1a: Toxapex|68/100
|move|p1a: Toxapex|Knock Off|p2a: Chansey
|-damage|p2a: Chansey|82/100
|
|-heal|p1a: Toxapex|74/100|[from] item: Black Sludge
|upkeep
|turn|4
|
|switch|p1a: Excadrill|Excadrill, F|100/100
|-damage|p1a: Excadrill|97/100|[from] Stealth Rock
|-ability|p1a: Excadrill|Mold Breaker
|move|p2a: Chansey|Seismic Toss|p1a: Excadrill
|-damage|p1a: Excadrill|70/100
|
|-heal|p1a: Excadrill|76/100|[from] item: Leftovers
|upkeep
|turn|5
|
|move|p1a: Excadrill|Stealth Rock|p2a: Chansey
|-sidestart|p2: Pokefreak77|move: Stealth Rock
|move|p2a: Chansey|Seismic Toss|p1a: Excadrill
|-damage|p1a: Excadrill|48/100
|
|-heal|p1a: Excadrill|54/100|[from] item: Leftovers
|upkeep
|turn|6
|
|move|p1a: Excadrill|Earthquake|p2a: Chansey
|-damage|p2a: Chansey|35/100
|move|p2a: Chansey|Seismic Toss|p1a: Excadrill
|-damage|p1a: Excadrill|27/100
|
|-heal|p1a: Excadrill|33/100|[from] item: Leftovers
|upkeep
|turn|7
|
|move|p1a: Excadrill|Earthquake|p2a: Chansey
|-damage|p2a: Chansey|0 fnt
|faint|p2a: Chansey
|
|-heal|p1a: Excadrill|39/100|[from] item: Leftovers
|upkeep
|
|switch|p2a: Urshifu|Urshifu, F|100/100
|-damage|p2a: Urshifu|94/100|[from] Stealth Rock
|turn|8
|
|switch|p1a: Toxapex|Toxapex, M|100/100
|-damage|p1a: Toxapex|88/100|[from] Stealth Rock
|move|p2a: Urshifu|Poison Jab|p1a: Toxapex
|-resisted|p1a: Toxapex
|-damage|p1a: Toxapex|76/100
|
|-heal|p1a: Toxapex|82/100|[from] item: Black Sludge
|upkeep
|turn|9
|
|switch|p2a: Slowbro|Slowbro-Galar, M|100/100
|-damage|p2a: Slowbro|88/100|[from] Stealth Rock
|switch|p1a: Excadrill|Excadrill, F|39/100
|-damage|p1a: Excadrill|36/100|[from] Stealth Rock
|-ability|p1a: Excadrill|Mold Breaker
|
|-heal|p1a: Excadrill|42/100|[from] item: Leftovers
|-heal|p2a: Slowbro|94/100|[from] item: Black Sludge
|upkeep
|turn|10
|
|move|p1a: Excadrill|Earthquake|p2a: Slowbro
|-supereffective|p2a: Slowbro
|-damage|p2a: Slowbro|28/100
|move|p2a: Slowbro|Scald|p1a: Excadrill
|-supereffective|p1a: Excadrill
|-damage|p1a: Excadrill|0 fnt
|faint|p1a: Excadrill
|
|-heal|p2a: Slowbro|34/100|[from] item: Black Sludge
|upkeep
|
|switch|p1a: Luxray|Luxray, M|100/100
|-damage|p1a: Luxray|88/100|[from] Stealth Rock
|turn|11
|
|move|p1a: Luxray|Crunch|p2a: Slowbro
|-supereffective|p2a: Slowbro
|-damage|p2a: Slowbro|0 fnt
|faint|p2a: Slowbro
|
|-status|p1a: Luxray|brn|[from] item: Flame Orb
|upkeep
|
|switch|p2a: Urshifu|Urshifu, F|94/100
|-damage|p2a: Urshifu|88/100|[from] Stealth Rock
|turn|12
|j| egalvanc
|
|switch|p1a: Clefable|Clefable, F|100/100
|move|p2a: Urshifu|Wicked Blow|p1a: Clefable
|-resisted|p1a: Clefable
|-crit|p1a: Clefable
|-damage|p1a: Clefable|52/100
|
|-heal|p1a: Clefable|58/100|[from] item: Leftovers
|upkeep
|turn|13
|
|switch|p2a: Cinderace|Cinderace, M|100/100
|-damage|p2a: Cinderace|76/100|[from] Stealth Rock
|move|p1a: Clefable|Moonblast|p2a: Cinderace
|-resisted|p2a: Cinderace
|-damage|p2a: Cinderace|52/100
|
|-heal|p1a: Clefable|64/100|[from] item: Leftovers
|upkeep
|turn|14
|
|move|p1a: Clefable|Protect|p1a: Clefable
|-singleturn|p1a: Clefable|Protect
|move|p2a: Cinderace|Zen Headbutt|p1a: Clefable
|-start|p2a: Cinderace|typechange|Psychic|[from] ability: Libero
|-activate|p1a: Clefable|move: Protect
|
|-heal|p1a: Clefable|70/100|[from] item: Leftovers
|upkeep
|turn|15
|
|switch|p2a: Urshifu|Urshifu, F|88/100
|-damage|p2a: Urshifu|82/100|[from] Stealth Rock
|move|p1a: Clefable|Moonblast|p2a: Urshifu
|-supereffective|p2a: Urshifu
|-damage|p2a: Urshifu|0 fnt
|faint|p2a: Urshifu
|
|-heal|p1a: Clefable|76/100|[from] item: Leftovers
|upkeep
|-message|Pokefreak77 forfeited.
|
|win|HLT1B Ahsan
|l|☆Pokefreak77
|l|☆HLT1B Ahsan
|l| egalvanc
|raw|HLT1B Ahsan's rating: 1752 &rarr; <strong>1773</strong><br />(+21 for winning)
|raw|Pokefreak77's rating: 1754 &rarr; <strong>1734</strong><br />(-20 for losing)
|n| Work Job Hobbies|quaze
|n| quaze|workjobhobbies
|n| Work Job Hobbies|quaze
