|j|☆TheImpactAssault
|j|☆galarian dragapult
|t:|1662257907
|gametype|singles
|player|p1|TheImpactAssault|hilda|1610
|player|p2|galarian dragapult|zinzolin|1654
|teamsize|p1|6
|teamsize|p2|6
|gen|8
|tier|[Gen 8] OU
|rated|
|rule|Sleep Clause Mod: Limit one foe put to sleep
|rule|Species Clause: Limit one of each Pokémon
|rule|OHKO Clause: OHKO moves are banned
|rule|Evasion Items Clause: Evasion items are banned
|rule|Evasion Moves Clause: Evasion moves are banned
|rule|Endless Battle Clause: Forcing endless battles is banned
|rule|HP Percentage Mod: HP is shown in percentages
|rule|Dynamax Clause: You cannot dynamax
|clearpoke
|poke|p1|Corviknight, F|
|poke|p1|Dragapult, M|
|poke|p1|Blissey, F|
|poke|p1|Incineroar, M|
|poke|p1|Zapdos|
|poke|p1|Toxapex, M|
|poke|p2|Blacephalon|
|poke|p2|Blissey, F|
|poke|p2|Buzzwole|
|poke|p2|Melmetal|
|poke|p2|Slowbro, M|
|poke|p2|Landorus-Therian, M|
|teampreview
|inactive|Battle timer is ON: inactive players will automatically lose when time's up. (requested by TheImpactAssault)
|inactive|galarian dragapult has 120 seconds left.
|
|t:|1662257959
|start
|switch|p1a: Incineroar|Incineroar, M|100/100
|switch|p2a: Blissey|Blissey, F|100/100
|-ability|p1a: Incineroar|Intimidate|boost
|-unboost|p2a: Blissey|atk|1
|turn|1
|
|t:|1662257968
|move|p1a: Incineroar|Knock Off|p2a: Blissey
|-damage|p2a: Blissey|65/100
|-enditem|p2a: Blissey|Heavy-Duty Boots|[from] move: Knock Off|[of] p1a: Incineroar
|move|p2a: Blissey|Toxic|p1a: Incineroar
|-status|p1a: Incineroar|tox
|
|-damage|p1a: Incineroar|94/100 tox|[from] psn
|upkeep
|turn|2
|
|t:|1662257972
|move|p1a: Incineroar|Parting Shot|p2a: Blissey
|-unboost|p2a: Blissey|atk|1
|-unboost|p2a: Blissey|spa|1
|
|t:|1662257975
|switch|p1a: Corviknight|Corviknight, F|100/100|[from]move: Parting Shot
|-ability|p1a: Corviknight|Pressure
|move|p2a: Blissey|Soft-Boiled|p2a: Blissey
|-heal|p2a: Blissey|100/100
|
|upkeep
|turn|3
|
|t:|1662257980
|switch|p2a: Slowbro|Slowbro, M|100/100
|move|p1a: Corviknight|Substitute|p1a: Corviknight
|-start|p1a: Corviknight|Substitute
|-damage|p1a: Corviknight|75/100
|
|-heal|p1a: Corviknight|82/100|[from] item: Leftovers
|upkeep
|turn|4
|
|t:|1662257984
|move|p1a: Corviknight|Iron Defense|p1a: Corviknight
|-boost|p1a: Corviknight|def|2
|move|p2a: Slowbro|Scald|p1a: Corviknight
|-activate|p1a: Corviknight|move: Substitute|[damage]
|
|-heal|p1a: Corviknight|88/100|[from] item: Leftovers
|upkeep
|turn|5
|
|t:|1662257987
|switch|p2a: Blacephalon|Blacephalon|100/100
|move|p1a: Corviknight|Iron Defense|p1a: Corviknight
|-boost|p1a: Corviknight|def|2
|
|-heal|p1a: Corviknight|94/100|[from] item: Leftovers
|upkeep
|turn|6
|
|t:|1662257991
|move|p2a: Blacephalon|Flamethrower|p1a: Corviknight
|-supereffective|p1a: Corviknight
|-end|p1a: Corviknight|Substitute
|move|p1a: Corviknight|Substitute|p1a: Corviknight
|-start|p1a: Corviknight|Substitute
|-damage|p1a: Corviknight|69/100
|
|-heal|p1a: Corviknight|75/100|[from] item: Leftovers
|upkeep
|turn|7
|
|t:|1662257994
|move|p2a: Blacephalon|Flamethrower|p1a: Corviknight
|-supereffective|p1a: Corviknight
|-end|p1a: Corviknight|Substitute
|move|p1a: Corviknight|Substitute|p1a: Corviknight
|-start|p1a: Corviknight|Substitute
|-damage|p1a: Corviknight|50/100
|
|-heal|p1a: Corviknight|57/100|[from] item: Leftovers
|upkeep
|turn|8
|
|t:|1662257996
|move|p2a: Blacephalon|Flamethrower|p1a: Corviknight
|-supereffective|p1a: Corviknight
|-end|p1a: Corviknight|Substitute
|move|p1a: Corviknight|Substitute|p1a: Corviknight
|-start|p1a: Corviknight|Substitute
|-damage|p1a: Corviknight|32/100
|
|-heal|p1a: Corviknight|38/100|[from] item: Leftovers
|upkeep
|turn|9
|
|t:|1662257999
|move|p2a: Blacephalon|Flamethrower|p1a: Corviknight
|-supereffective|p1a: Corviknight
|-end|p1a: Corviknight|Substitute
|move|p1a: Corviknight|Roost|p1a: Corviknight
|-heal|p1a: Corviknight|88/100
|-singleturn|p1a: Corviknight|move: Roost
|
|-heal|p1a: Corviknight|94/100|[from] item: Leftovers
|upkeep
|turn|10
|
|t:|1662258009
|switch|p2a: Blissey|Blissey, F|100/100
|switch|p1a: Blissey|Blissey, F|100/100
|
|upkeep
|turn|11
|
|t:|1662258011
|move|p1a: Blissey|Wish|p1a: Blissey
|move|p2a: Blissey|Stealth Rock|p1a: Blissey
|-sidestart|p1: TheImpactAssault|move: Stealth Rock
|
|upkeep
|turn|12
|
|t:|1662258019
|switch|p1a: Corviknight|Corviknight, F|94/100
|-damage|p1a: Corviknight|82/100|[from] Stealth Rock
|-ability|p1a: Corviknight|Pressure
|switch|p2a: Slowbro|Slowbro, M|100/100
|
|-heal|p1a: Corviknight|100/100|[from] move: Wish|[wisher] Blissey
|upkeep
|turn|13
|
|t:|1662258023
|move|p1a: Corviknight|Substitute|p1a: Corviknight
|-start|p1a: Corviknight|Substitute
|-damage|p1a: Corviknight|75/100
|move|p2a: Slowbro|Future Sight|p1a: Corviknight
|-start|p2a: Slowbro|move: Future Sight
|
|-heal|p1a: Corviknight|82/100|[from] item: Leftovers
|upkeep
|turn|14
|
|t:|1662258027
|move|p1a: Corviknight|Iron Defense|p1a: Corviknight
|-boost|p1a: Corviknight|def|2
|move|p2a: Slowbro|Scald|p1a: Corviknight
|-activate|p1a: Corviknight|move: Substitute|[damage]
|
|-heal|p1a: Corviknight|88/100|[from] item: Leftovers
|upkeep
|turn|15
|
|t:|1662258032
|move|p1a: Corviknight|Iron Defense|p1a: Corviknight
|-boost|p1a: Corviknight|def|2
|move|p2a: Slowbro|Scald|p1a: Corviknight
|-end|p1a: Corviknight|Substitute
|
|-end|p1a: Corviknight|move: Future Sight
|-resisted|p1a: Corviknight
|-damage|p1a: Corviknight|70/100
|-heal|p1a: Corviknight|76/100|[from] item: Leftovers
|upkeep
|turn|16
|
|t:|1662258038
|switch|p2a: Blacephalon|Blacephalon|100/100
|move|p1a: Corviknight|Substitute|p1a: Corviknight
|-start|p1a: Corviknight|Substitute
|-damage|p1a: Corviknight|51/100
|
|-heal|p1a: Corviknight|57/100|[from] item: Leftovers
|upkeep
|turn|17
|
|t:|1662258047
|move|p2a: Blacephalon|Shadow Ball|p1a: Corviknight
|-end|p1a: Corviknight|Substitute
|move|p1a: Corviknight|Substitute|p1a: Corviknight
|-start|p1a: Corviknight|Substitute
|-damage|p1a: Corviknight|32/100
|
|-heal|p1a: Corviknight|39/100|[from] item: Leftovers
|upkeep
|turn|18
|
|t:|1662258051
|move|p2a: Blacephalon|Shadow Ball|p1a: Corviknight
|-end|p1a: Corviknight|Substitute
|move|p1a: Corviknight|Roost|p1a: Corviknight
|-heal|p1a: Corviknight|89/100
|-singleturn|p1a: Corviknight|move: Roost
|
|-heal|p1a: Corviknight|95/100|[from] item: Leftovers
|upkeep
|turn|19
|
|t:|1662258053
|switch|p1a: Incineroar|Incineroar, M|94/100 tox
|-ability|p1a: Incineroar|Intimidate|boost
|-unboost|p2a: Blacephalon|atk|1
|move|p2a: Blacephalon|Shadow Ball|p1a: Incineroar
|-resisted|p1a: Incineroar
|-damage|p1a: Incineroar|67/100 tox
|-unboost|p1a: Incineroar|spd|1
|
|-damage|p1a: Incineroar|61/100 tox|[from] psn
|upkeep
|turn|20
|j| zasdhgsdhj
|
|t:|1662258059
|switch|p2a: Blissey|Blissey, F|100/100
|move|p1a: Incineroar|Parting Shot|p2a: Blissey
|-unboost|p2a: Blissey|atk|1
|-unboost|p2a: Blissey|spa|1
|
|t:|1662258063
|switch|p1a: Dragapult|Dragapult, M|100/100|[from]move: Parting Shot
|-damage|p1a: Dragapult|88/100|[from] Stealth Rock
|
|-heal|p1a: Dragapult|94/100|[from] item: Leftovers
|upkeep
|turn|21
|
|t:|1662258068
|move|p1a: Dragapult|Substitute|p1a: Dragapult
|-start|p1a: Dragapult|Substitute
|-damage|p1a: Dragapult|69/100
|move|p2a: Blissey|Toxic||[still]
|-fail|p2a: Blissey
|
|-heal|p1a: Dragapult|75/100|[from] item: Leftovers
|upkeep
|turn|22
|j| BabyPigsAreLaughin
|
|t:|1662258076
|switch|p2a: Landorus|Landorus-Therian, M|100/100
|-ability|p2a: Landorus|Intimidate|boost
|-immune|p1a: Dragapult
|move|p1a: Dragapult|Dragon Dance|p1a: Dragapult
|-boost|p1a: Dragapult|atk|1
|-boost|p1a: Dragapult|spe|1
|
|-heal|p1a: Dragapult|81/100|[from] item: Leftovers
|upkeep
|turn|23
|
|t:|1662258080
|move|p1a: Dragapult|Phantom Force||[still]
|-prepare|p1a: Dragapult|Phantom Force
|move|p2a: Landorus|Earthquake|p1a: Dragapult|[miss]
|-miss|p2a: Landorus|p1a: Dragapult
|
|-heal|p1a: Dragapult|87/100|[from] item: Leftovers
|upkeep
|turn|24
|
|t:|1662258083
|move|p1a: Dragapult|Phantom Force|p2a: Landorus|[from]lockedmove
|-damage|p2a: Landorus|24/100
|move|p2a: Landorus|Knock Off|p1a: Dragapult
|-supereffective|p1a: Dragapult
|-end|p1a: Dragapult|Substitute
|
|-heal|p1a: Dragapult|93/100|[from] item: Leftovers
|-heal|p2a: Landorus|30/100|[from] item: Leftovers
|upkeep
|turn|25
|
|t:|1662258087
|move|p1a: Dragapult|Substitute|p1a: Dragapult
|-start|p1a: Dragapult|Substitute
|-damage|p1a: Dragapult|68/100
|move|p2a: Landorus|Knock Off|p1a: Dragapult
|-supereffective|p1a: Dragapult
|-end|p1a: Dragapult|Substitute
|
|-heal|p1a: Dragapult|74/100|[from] item: Leftovers
|-heal|p2a: Landorus|36/100|[from] item: Leftovers
|upkeep
|turn|26
|
|t:|1662258091
|switch|p2a: Blissey|Blissey, F|100/100
|move|p1a: Dragapult|Dragon Darts|p2a: Blissey
|-damage|p2a: Blissey|65/100
|-anim|p1a: Dragapult|Dragon Darts|p2a: Blissey
|-damage|p2a: Blissey|32/100
|
|-heal|p1a: Dragapult|80/100|[from] item: Leftovers
|upkeep
|turn|27
|-message|galarian dragapult forfeited.
|
|win|TheImpactAssault
|raw|TheImpactAssault's rating: 1610 &rarr; <strong>1633</strong><br />(+23 for winning)
|raw|galarian dragapult's rating: 1654 &rarr; <strong>1631</strong><br />(-23 for losing)
|l|☆galarian dragapult
||Ladder isn't responding, score probably updated but might not have (Request timeout).
