|j|☆Archerdagoat
|j|☆minimax_ai
|t:|1667882009
|gametype|singles
|player|p1|Archerdagoat|169|1482
|player|p2|minimax_ai|169|1470
|teamsize|p1|6
|teamsize|p2|6
|gen|8
|tier|[Gen 8] OU
|rated|
|rule|Sleep Clause Mod: Limit one foe put to sleep
|rule|Species Clause: Limit one of each Pokémon
|rule|OHKO Clause: OHKO moves are banned
|rule|Evasion Items Clause: Evasion items are banned
|rule|Evasion Moves Clause: Evasion moves are banned
|rule|Endless Battle Clause: Forcing endless battles is banned
|rule|HP Percentage Mod: HP is shown in percentages
|rule|Dynamax Clause: You cannot dynamax
|clearpoke
|poke|p1|Chansey, F|
|poke|p1|Zapdos|
|poke|p1|Clefable, M|
|poke|p1|Hawlucha, F|
|poke|p1|Slowbro, F|
|poke|p1|Rillaboom, M|
|poke|p2|Rotom-Wash|
|poke|p2|Weavile, F|
|poke|p2|Landorus-Therian, M|
|poke|p2|Heatran, M|
|poke|p2|Tangrowth, M|
|poke|p2|Melmetal|
|teampreview
|c|☆minimax_ai|hf
|l|☆Archerdagoat
|player|p1|
|inactive|Battle timer is ON: inactive players will automatically lose when time's up. (requested by minimax_ai)
|j|☆Archerdagoat
|inactive|Archerdagoat reconnected and has 140 seconds left.
|player|p1|Archerdagoat|169
|
|t:|1667882030
|start
|switch|p1a: Rillaboom|Rillaboom, M|100/100
|switch|p2a: Melmetal|Melmetal|100/100
|-fieldstart|move: Grassy Terrain|[from] ability: Grassy Surge|[of] p1a: Rillaboom
|turn|1
|
|t:|1667882032
|move|p1a: Rillaboom|Knock Off|p2a: Melmetal
|-damage|p2a: Melmetal|71/100
|-enditem|p2a: Melmetal|Assault Vest|[from] move: Knock Off|[of] p1a: Rillaboom
|move|p2a: Melmetal|Ice Punch|p1a: Rillaboom
|-supereffective|p1a: Rillaboom
|-damage|p1a: Rillaboom|27/100
|
|-heal|p1a: Rillaboom|33/100|[from] Grassy Terrain
|-heal|p2a: Melmetal|77/100|[from] Grassy Terrain
|upkeep
|turn|2
|
|t:|1667882041
|switch|p1a: Slowbro|Slowbro, F|100/100
|move|p2a: Melmetal|Thunder Punch|p1a: Slowbro
|-supereffective|p1a: Slowbro
|-damage|p1a: Slowbro|57/100
|
|-heal|p2a: Melmetal|83/100|[from] Grassy Terrain
|-heal|p1a: Slowbro|63/100|[from] Grassy Terrain
|-heal|p1a: Slowbro|70/100|[from] item: Leftovers
|upkeep
|turn|3
|
|t:|1667882046
|move|p2a: Melmetal|Thunder Punch|p1a: Slowbro
|-supereffective|p1a: Slowbro
|-damage|p1a: Slowbro|29/100
|move|p1a: Slowbro|Scald|p2a: Melmetal
|-damage|p2a: Melmetal|61/100
|
|-heal|p2a: Melmetal|68/100|[from] Grassy Terrain
|-heal|p1a: Slowbro|35/100|[from] Grassy Terrain
|-heal|p1a: Slowbro|41/100|[from] item: Leftovers
|upkeep
|turn|4
|
|t:|1667882055
|switch|p1a: Zapdos|Zapdos|100/100
|move|p2a: Melmetal|Thunder Punch|p1a: Zapdos
|-damage|p1a: Zapdos|78/100
|
|-heal|p1a: Zapdos|84/100|[from] item: Leftovers
|-heal|p2a: Melmetal|74/100|[from] Grassy Terrain
|upkeep
|turn|5
|
|t:|1667882060
|switch|p2a: landorustherian|Landorus-Therian, M|100/100
|-ability|p2a: landorustherian|Intimidate|boost
|-unboost|p1a: Zapdos|atk|1
|move|p1a: Zapdos|Heat Wave|p2a: landorustherian
|-damage|p2a: landorustherian|80/100
|
|-heal|p1a: Zapdos|91/100|[from] item: Leftovers
|-heal|p2a: landorustherian|86/100|[from] item: Leftovers
|-fieldend|move: Grassy Terrain
|upkeep
|turn|6
|
|t:|1667882063
|switch|p1a: Slowbro|Slowbro, F|74/100
|move|p2a: landorustherian|Toxic|p1a: Slowbro
|-status|p1a: Slowbro|tox
|
|-heal|p2a: landorustherian|92/100|[from] item: Leftovers
|-heal|p1a: Slowbro|80/100 tox|[from] item: Leftovers
|-damage|p1a: Slowbro|74/100 tox|[from] psn
|upkeep
|turn|7
|
|t:|1667882065
|move|p2a: landorustherian|U-turn|p1a: Slowbro
|-supereffective|p1a: Slowbro
|-damage|p1a: Slowbro|49/100 tox
|
|t:|1667882065
|switch|p2a: rotomwash|Rotom-Wash|100/100|[from]move: U-turn
|move|p1a: Slowbro|Scald|p2a: rotomwash
|-resisted|p2a: rotomwash
|-damage|p2a: rotomwash|86/100
|
|-heal|p2a: rotomwash|92/100|[from] item: Leftovers
|-heal|p1a: Slowbro|56/100 tox|[from] item: Leftovers
|-damage|p1a: Slowbro|43/100 tox|[from] psn
|upkeep
|turn|8
|
|t:|1667882070
|switch|p1a: Chansey|Chansey, F|100/100
|move|p2a: rotomwash|Thunderbolt|p1a: Chansey
|-damage|p1a: Chansey|89/100
|
|-heal|p2a: rotomwash|98/100|[from] item: Leftovers
|upkeep
|turn|9
|
|t:|1667882075
|switch|p2a: Melmetal|Melmetal|74/100
|move|p1a: Chansey|Heal Bell|p1a: Chansey
|-activate|p1a: Chansey|move: Heal Bell
|-curestatus|p1: Slowbro|tox|[msg]
|
|upkeep
|turn|10
|
|t:|1667882078
|switch|p1a: Zapdos|Zapdos|91/100
|move|p2a: Melmetal|Double Iron Bash|p1a: Zapdos
|-resisted|p1a: Zapdos
|-damage|p1a: Zapdos|77/100
|-status|p2a: Melmetal|par|[from] ability: Static|[of] p1a: Zapdos
|-resisted|p1a: Zapdos
|-damage|p1a: Zapdos|63/100
|-hitcount|p1a: Zapdos|2
|
|-heal|p1a: Zapdos|70/100|[from] item: Leftovers
|upkeep
|turn|11
|
|t:|1667882083
|move|p1a: Zapdos|Thunderbolt|p2a: Melmetal
|-damage|p2a: Melmetal|42/100 par
|move|p2a: Melmetal|Ice Punch|p1a: Zapdos
|-supereffective|p1a: Zapdos
|-damage|p1a: Zapdos|17/100
|
|-heal|p1a: Zapdos|24/100|[from] item: Leftovers
|upkeep
|turn|12
|
|t:|1667882089
|switch|p2a: landorustherian|Landorus-Therian, M|92/100
|-ability|p2a: landorustherian|Intimidate|boost
|-unboost|p1a: Zapdos|atk|1
|move|p1a: Zapdos|Roost|p1a: Zapdos
|-heal|p1a: Zapdos|74/100
|-singleturn|p1a: Zapdos|move: Roost
|
|-heal|p1a: Zapdos|80/100|[from] item: Leftovers
|-heal|p2a: landorustherian|98/100|[from] item: Leftovers
|upkeep
|turn|13
|
|t:|1667882092
|switch|p1a: Slowbro|Slowbro, F|77/100
|move|p2a: landorustherian|Toxic|p1a: Slowbro
|-status|p1a: Slowbro|tox
|
|-heal|p2a: landorustherian|100/100|[from] item: Leftovers
|-heal|p1a: Slowbro|83/100 tox|[from] item: Leftovers
|-damage|p1a: Slowbro|77/100 tox|[from] psn
|upkeep
|turn|14
|
|t:|1667882096
|switch|p2a: rotomwash|Rotom-Wash|98/100
|move|p1a: Slowbro|Scald|p2a: rotomwash
|-resisted|p2a: rotomwash
|-damage|p2a: rotomwash|84/100
|
|-heal|p2a: rotomwash|90/100|[from] item: Leftovers
|-heal|p1a: Slowbro|83/100 tox|[from] item: Leftovers
|-damage|p1a: Slowbro|71/100 tox|[from] psn
|upkeep
|turn|15
|
|t:|1667882099
|switch|p1a: Chansey|Chansey, F|89/100
|move|p2a: rotomwash|Thunderbolt|p1a: Chansey
|-damage|p1a: Chansey|78/100
|
|-heal|p2a: rotomwash|97/100|[from] item: Leftovers
|upkeep
|turn|16
|
|t:|1667882102
|switch|p2a: Heatran|Heatran, M|100/100
|-item|p2a: Heatran|Air Balloon
|move|p1a: Chansey|Toxic|p2a: Heatran
|-immune|p2a: Heatran
|
|upkeep
|turn|17
|
|t:|1667882105
|move|p2a: Heatran|Stealth Rock|p1a: Chansey
|-sidestart|p1: Archerdagoat|move: Stealth Rock
|move|p1a: Chansey|Heal Bell|p1a: Chansey
|-activate|p1a: Chansey|move: Heal Bell
|-curestatus|p1: Slowbro|tox|[msg]
|
|upkeep
|turn|18
|
|t:|1667882107
|switch|p2a: landorustherian|Landorus-Therian, M|100/100
|-ability|p2a: landorustherian|Intimidate|boost
|-unboost|p1a: Chansey|atk|1
|switch|p1a: Slowbro|Slowbro, F|100/100
|-damage|p1a: Slowbro|88/100|[from] Stealth Rock
|
|-heal|p1a: Slowbro|94/100|[from] item: Leftovers
|upkeep
|turn|19
|
|t:|1667882110
|switch|p2a: rotomwash|Rotom-Wash|97/100
|move|p1a: Slowbro|Scald|p2a: rotomwash
|-resisted|p2a: rotomwash
|-damage|p2a: rotomwash|81/100
|
|-heal|p2a: rotomwash|87/100|[from] item: Leftovers
|-heal|p1a: Slowbro|99/100|[from] item: Leftovers
|upkeep
|turn|20
|
|t:|1667882113
|move|p2a: rotomwash|Thunderbolt|p1a: Slowbro
|-supereffective|p1a: Slowbro
|-damage|p1a: Slowbro|24/100
|move|p1a: Slowbro|Scald|p2a: rotomwash
|-resisted|p2a: rotomwash
|-damage|p2a: rotomwash|73/100
|-status|p2a: rotomwash|brn
|
|-heal|p2a: rotomwash|79/100 brn|[from] item: Leftovers
|-heal|p1a: Slowbro|30/100|[from] item: Leftovers
|-damage|p2a: rotomwash|73/100 brn|[from] brn
|upkeep
|turn|21
|-message|Archerdagoat forfeited.
|
|win|minimax_ai
|raw|Archerdagoat's rating: 1482 &rarr; <strong>1461</strong><br />(-21 for losing)
|raw|minimax_ai's rating: 1470 &rarr; <strong>1491</strong><br />(+21 for winning)
|c|☆minimax_ai|gg
|l|☆Archerdagoat
