|j|☆Geenobe
|j|☆minimax_ai
|t:|1667800016
|gametype|singles
|player|p1|Geenobe|1|1649
|player|p2|minimax_ai|169|1684
|teamsize|p1|6
|teamsize|p2|6
|gen|8
|tier|[Gen 8] OU
|rated|
|rule|Sleep Clause Mod: Limit one foe put to sleep
|rule|Species Clause: Limit one of each Pokémon
|rule|OHKO Clause: OHKO moves are banned
|rule|Evasion Items Clause: Evasion items are banned
|rule|Evasion Moves Clause: Evasion moves are banned
|rule|Endless Battle Clause: Forcing endless battles is banned
|rule|HP Percentage Mod: HP is shown in percentages
|rule|Dynamax Clause: You cannot dynamax
|clearpoke
|poke|p1|Mew|
|poke|p1|Weavile, F|
|poke|p1|Celesteela|
|poke|p1|Garchomp, F|
|poke|p1|Blacephalon|
|poke|p1|Crawdaunt, M|
|poke|p2|Rotom-Wash|
|poke|p2|Weavile, F|
|poke|p2|Landorus-Therian, M|
|poke|p2|Heatran, M|
|poke|p2|Tangrowth, M|
|poke|p2|Melmetal|
|teampreview
|c|☆minimax_ai|hf
|inactive|Battle timer is ON: inactive players will automatically lose when time's up. (requested by minimax_ai)
|c|☆Geenobe|U2
|
|t:|1667800033
|start
|switch|p1a: Crawdaunt|Crawdaunt, M, shiny|100/100
|switch|p2a: Melmetal|Melmetal|100/100
|turn|1
|
|t:|1667800037
|move|p1a: Crawdaunt|Crabhammer|p2a: Melmetal
|-damage|p2a: Melmetal|51/100
|-damage|p1a: Crawdaunt|91/100|[from] item: Life Orb
|move|p2a: Melmetal|Thunder Punch|p1a: Crawdaunt
|-supereffective|p1a: Crawdaunt
|-damage|p1a: Crawdaunt|0 fnt
|faint|p1a: Crawdaunt
|
|upkeep
|
|t:|1667800056
|switch|p1a: Mew|Mew, shiny|100/100
|turn|2
|
|t:|1667800061
|move|p1a: Mew|Stealth Rock|p2a: Melmetal
|-sidestart|p2: minimax_ai|move: Stealth Rock
|move|p2a: Melmetal|Double Iron Bash|p1a: Mew
|-damage|p1a: Mew|65/100
|-damage|p1a: Mew|28/100
|-hitcount|p1a: Mew|2
|
|upkeep
|turn|3
|
|t:|1667800066
|move|p1a: Mew|Spikes|p2a: Melmetal
|-sidestart|p2: minimax_ai|Spikes
|move|p2a: Melmetal|Double Iron Bash|p1a: Mew
|-crit|p1a: Mew
|-damage|p1a: Mew|0 fnt
|faint|p1a: Mew
|-hitcount|p1: Mew|1
|
|upkeep
|
|t:|1667800071
|switch|p1a: Garchomp|Garchomp, F, shiny|100/100
|turn|4
|
|t:|1667800076
|switch|p2a: landorustherian|Landorus-Therian, M|100/100
|-damage|p2a: landorustherian|88/100|[from] Stealth Rock
|-ability|p2a: landorustherian|Intimidate|boost
|-unboost|p1a: Garchomp|atk|1
|move|p1a: Garchomp|Swords Dance|p1a: Garchomp
|-boost|p1a: Garchomp|atk|2
|
|-heal|p2a: landorustherian|94/100|[from] item: Leftovers
|upkeep
|turn|5
|j| LuwerPVP
|
|t:|1667800083
|move|p1a: Garchomp|Scale Shot|p2a: landorustherian|[miss]
|-miss|p1a: Garchomp|p2a: landorustherian
|move|p2a: landorustherian|Defog|p1a: Garchomp
|-unboost|p1a: Garchomp|evasion|1
|-sideend|p2: minimax_ai|Spikes|[from] move: Defog|[of] p2a: landorustherian
|-sideend|p2: minimax_ai|Stealth Rock|[from] move: Defog|[of] p2a: landorustherian
|
|-heal|p2a: landorustherian|99/100|[from] item: Leftovers
|upkeep
|turn|6
|
|t:|1667800088
|move|p1a: Garchomp|Swords Dance|p1a: Garchomp
|-boost|p1a: Garchomp|atk|2
|move|p2a: landorustherian|U-turn|p1a: Garchomp
|-damage|p1a: Garchomp|78/100
|-damage|p2a: landorustherian|88/100|[from] ability: Rough Skin|[of] p1a: Garchomp
|
|t:|1667800088
|switch|p2a: Weavile|Weavile, F|100/100|[from]move: U-turn
|-ability|p2a: Weavile|Pressure
|
|upkeep
|turn|7
|
|t:|1667800091
|switch|p1a: Celesteela|Celesteela, shiny|100/100
|move|p2a: Weavile|Triple Axel|p1a: Celesteela
|-damage|p1a: Celesteela|87/100
|-crit|p1a: Celesteela
|-damage|p1a: Celesteela|39/100
|-damage|p1a: Celesteela|0 fnt
|faint|p1a: Celesteela
|-hitcount|p1: Celesteela|3
|
|upkeep
|-message|Geenobe forfeited.
|
|win|minimax_ai
|raw|Geenobe's rating: 1649 &rarr; <strong>1631</strong><br />(-18 for losing)
|raw|minimax_ai's rating: 1684 &rarr; <strong>1702</strong><br />(+18 for winning)
|c|☆minimax_ai|gg
|l|☆Geenobe
