|j|☆minimax_ai
|j|☆BugCatcherWeevil
|t:|1667861614
|gametype|singles
|player|p1|minimax_ai|169|1738
|player|p2|BugCatcherWeevil|266|1755
|teamsize|p1|6
|teamsize|p2|6
|gen|8
|tier|[Gen 8] OU
|rated|
|rule|Sleep Clause Mod: Limit one foe put to sleep
|rule|Species Clause: Limit one of each Pokémon
|rule|OHKO Clause: OHKO moves are banned
|rule|Evasion Items Clause: Evasion items are banned
|rule|Evasion Moves Clause: Evasion moves are banned
|rule|Endless Battle Clause: Forcing endless battles is banned
|rule|HP Percentage Mod: HP is shown in percentages
|rule|Dynamax Clause: You cannot dynamax
|clearpoke
|poke|p1|Rotom-Wash|
|poke|p1|Weavile, M|
|poke|p1|Landorus-Therian, M|
|poke|p1|Heatran, M|
|poke|p1|Tangrowth, M|
|poke|p1|Melmetal|
|poke|p2|Arctozolt|
|poke|p2|Tornadus-Therian, M|
|poke|p2|Heatran, F|
|poke|p2|Landorus-Therian, M|
|poke|p2|Hatterene, F|
|poke|p2|Vanilluxe, F|
|teampreview
|c|☆minimax_ai|hf
|inactive|Battle timer is ON: inactive players will automatically lose when time's up. (requested by minimax_ai)
|
|t:|1667861628
|start
|switch|p1a: Melmetal|Melmetal|100/100
|switch|p2a: Landorus|Landorus-Therian, M|100/100
|-ability|p2a: Landorus|Intimidate|boost
|-unboost|p1a: Melmetal|atk|1
|turn|1
|
|t:|1667861630
|move|p2a: Landorus|U-turn|p1a: Melmetal
|-resisted|p1a: Melmetal
|-damage|p1a: Melmetal|94/100
|
|t:|1667861633
|switch|p2a: Heatran|Heatran, F|100/100|[from]move: U-turn
|move|p1a: Melmetal|Ice Punch|p2a: Heatran
|-resisted|p2a: Heatran
|-damage|p2a: Heatran|96/100
|-status|p1a: Melmetal|brn|[from] ability: Flame Body|[of] p2a: Heatran
|
|-heal|p2a: Heatran|100/100|[from] item: Leftovers
|-damage|p1a: Melmetal|88/100 brn|[from] brn
|upkeep
|turn|2
|
|t:|1667861636
|switch|p1a: rotomwash|Rotom-Wash|100/100
|move|p2a: Heatran|Stealth Rock|p1a: rotomwash
|-sidestart|p1: minimax_ai|move: Stealth Rock
|
|upkeep
|turn|3
|
|t:|1667861641
|switch|p2a: Vanilluxe|Vanilluxe, F|100/100
|-weather|Hail|[from] ability: Snow Warning|[of] p2a: Vanilluxe
|move|p1a: rotomwash|Nasty Plot|p1a: rotomwash
|-boost|p1a: rotomwash|spa|2
|
|-weather|Hail|[upkeep]
|-damage|p1a: rotomwash|94/100|[from] Hail
|-heal|p1a: rotomwash|100/100|[from] item: Leftovers
|upkeep
|turn|4
|
|t:|1667861647
|switch|p1a: Heatran|Heatran, M|100/100
|-damage|p1a: Heatran|88/100|[from] Stealth Rock
|-item|p1a: Heatran|Air Balloon
|move|p2a: Vanilluxe|Freeze-Dry|p1a: Heatran
|-resisted|p1a: Heatran
|-damage|p1a: Heatran|77/100
|-enditem|p1a: Heatran|Air Balloon
|
|-weather|Hail|[upkeep]
|-damage|p1a: Heatran|71/100|[from] Hail
|upkeep
|turn|5
|
|t:|1667861652
|switch|p2a: Hatterene|Hatterene, F|100/100
|move|p1a: Heatran|Stealth Rock|p2a: Hatterene
|move|p2a: Hatterene|Stealth Rock||[from]ability: Magic Bounce|[still]
|-fail|p2a: Hatterene
|
|-weather|Hail|[upkeep]
|-damage|p1a: Heatran|65/100|[from] Hail
|-damage|p2a: Hatterene|95/100|[from] Hail
|-heal|p2a: Hatterene|100/100|[from] item: Leftovers
|upkeep
|turn|6
|
|t:|1667861658
|switch|p2a: Tornadus|Tornadus-Therian, M|100/100
|move|p1a: Heatran|Magma Storm|p2a: Tornadus
|-damage|p2a: Tornadus|61/100
|-activate|p2a: Tornadus|move: Magma Storm|[of] p1a: Heatran
|
|-weather|Hail|[upkeep]
|-damage|p2a: Tornadus|55/100|[from] Hail
|-damage|p1a: Heatran|58/100|[from] Hail
|-damage|p2a: Tornadus|43/100|[from] move: Magma Storm|[partiallytrapped]
|upkeep
|turn|7
|
|t:|1667861662
|move|p2a: Tornadus|U-turn|p1a: Heatran
|-resisted|p1a: Heatran
|-damage|p1a: Heatran|55/100
|
|t:|1667861665
|switch|p2a: Hatterene|Hatterene, F|100/100|[from]move: U-turn
|move|p1a: Heatran|Stealth Rock|p2a: Hatterene
|move|p2a: Hatterene|Stealth Rock||[from]ability: Magic Bounce|[still]
|-fail|p2a: Hatterene
|
|-weather|none
|upkeep
|turn|8
|
|t:|1667861669
|move|p1a: Heatran|Magma Storm|p2a: Hatterene
|-damage|p2a: Hatterene|45/100
|-activate|p2a: Hatterene|move: Magma Storm|[of] p1a: Heatran
|move|p2a: Hatterene|Future Sight|p1a: Heatran
|-start|p2a: Hatterene|move: Future Sight
|
|-heal|p2a: Hatterene|51/100|[from] item: Leftovers
|-damage|p2a: Hatterene|39/100|[from] move: Magma Storm|[partiallytrapped]
|upkeep
|turn|9
|
|t:|1667861673
|move|p1a: Heatran|Magma Storm|p2a: Hatterene|[miss]
|-miss|p1a: Heatran|p2a: Hatterene
|move|p2a: Hatterene|Calm Mind|p2a: Hatterene
|-boost|p2a: Hatterene|spa|1
|-boost|p2a: Hatterene|spd|1
|
|-heal|p2a: Hatterene|45/100|[from] item: Leftovers
|-damage|p2a: Hatterene|32/100|[from] move: Magma Storm|[partiallytrapped]
|upkeep
|turn|10
|
|t:|1667861677
|move|p1a: Heatran|Magma Storm|p2a: Hatterene
|-damage|p2a: Hatterene|0 fnt
|faint|p2a: Hatterene
|
|-end|p1a: Heatran|move: Future Sight
|-resisted|p1a: Heatran
|-damage|p1a: Heatran|27/100
|upkeep
|
|t:|1667861686
|switch|p2a: Landorus|Landorus-Therian, M|100/100
|-ability|p2a: Landorus|Intimidate|boost
|-unboost|p1a: Heatran|atk|1
|turn|11
|
|t:|1667861688
|move|p1a: Heatran|Magma Storm|p2a: Landorus|[miss]
|-miss|p1a: Heatran|p2a: Landorus
|move|p2a: Landorus|Earthquake|p1a: Heatran
|-supereffective|p1a: Heatran
|-damage|p1a: Heatran|0 fnt
|faint|p1a: Heatran
|
|upkeep
|
|t:|1667861688
|switch|p1a: rotomwash|Rotom-Wash|100/100
|-damage|p1a: rotomwash|88/100|[from] Stealth Rock
|turn|12
|
|t:|1667861691
|move|p1a: rotomwash|Nasty Plot|p1a: rotomwash
|-boost|p1a: rotomwash|spa|2
|move|p2a: Landorus|U-turn|p1a: rotomwash
|-damage|p1a: rotomwash|65/100
|
|t:|1667861696
|switch|p2a: Vanilluxe|Vanilluxe, F|100/100|[from]move: U-turn
|-weather|Hail|[from] ability: Snow Warning|[of] p2a: Vanilluxe
|
|-weather|Hail|[upkeep]
|-damage|p1a: rotomwash|59/100|[from] Hail
|-heal|p1a: rotomwash|65/100|[from] item: Leftovers
|upkeep
|turn|13
|
|t:|1667861697
|move|p1a: rotomwash|Hydro Pump|p2a: Vanilluxe|[miss]
|-miss|p1a: rotomwash|p2a: Vanilluxe
|move|p2a: Vanilluxe|Freeze-Dry|p1a: rotomwash
|-supereffective|p1a: rotomwash
|-damage|p1a: rotomwash|0 fnt
|faint|p1a: rotomwash
|
|-weather|Hail|[upkeep]
|upkeep
|
|t:|1667861697
|switch|p1a: Weavile|Weavile, M|100/100
|-damage|p1a: Weavile|76/100|[from] Stealth Rock
|-ability|p1a: Weavile|Pressure
|turn|14
|
|t:|1667861700
|switch|p2a: Heatran|Heatran, F|100/100
|move|p1a: Weavile|Knock Off|p2a: Heatran
|-damage|p2a: Heatran|44/100
|-enditem|p2a: Heatran|Leftovers|[from] move: Knock Off|[of] p1a: Weavile
|
|-weather|Hail|[upkeep]
|-damage|p2a: Heatran|37/100|[from] Hail
|upkeep
|turn|15
|
|t:|1667861706
|move|p1a: Weavile|Knock Off|p2a: Heatran
|-damage|p2a: Heatran|4/100
|move|p2a: Heatran|Lava Plume|p1a: Weavile
|-supereffective|p1a: Weavile
|-damage|p1a: Weavile|0 fnt
|faint|p1a: Weavile
|
|-weather|Hail|[upkeep]
|-damage|p2a: Heatran|0 fnt|[from] Hail
|faint|p2a: Heatran
|upkeep
|
|t:|1667861711
|switch|p1a: Melmetal|Melmetal|88/100 brn
|switch|p2a: Landorus|Landorus-Therian, M|100/100
|-ability|p2a: Landorus|Intimidate|boost
|-unboost|p1a: Melmetal|atk|1
|-damage|p1a: Melmetal|82/100 brn|[from] Stealth Rock
|turn|16
|
|t:|1667861715
|move|p2a: Landorus|U-turn|p1a: Melmetal
|-resisted|p1a: Melmetal
|-damage|p1a: Melmetal|76/100 brn
|
|t:|1667861717
|switch|p2a: Tornadus|Tornadus-Therian, M|76/100|[from]move: U-turn
|move|p1a: Melmetal|Ice Punch|p2a: Tornadus
|-supereffective|p2a: Tornadus
|-damage|p2a: Tornadus|54/100
|
|-weather|none
|-damage|p1a: Melmetal|70/100 brn|[from] brn
|upkeep
|turn|17
|
|t:|1667861722
|move|p2a: Tornadus|U-turn|p1a: Melmetal
|-resisted|p1a: Melmetal
|-damage|p1a: Melmetal|66/100 brn
|
|t:|1667861726
|switch|p2a: Landorus|Landorus-Therian, M|100/100|[from]move: U-turn
|-ability|p2a: Landorus|Intimidate|boost
|-unboost|p1a: Melmetal|atk|1
|move|p1a: Melmetal|Double Iron Bash|p2a: Landorus
|-damage|p2a: Landorus|91/100
|-damage|p2a: Landorus|81/100
|-hitcount|p2a: Landorus|2
|
|-heal|p2a: Landorus|87/100|[from] item: Leftovers
|-damage|p1a: Melmetal|59/100 brn|[from] brn
|upkeep
|turn|18
|
|t:|1667861730
|move|p2a: Landorus|U-turn|p1a: Melmetal
|-resisted|p1a: Melmetal
|-damage|p1a: Melmetal|53/100 brn
|
|t:|1667861733
|switch|p2a: Tornadus|Tornadus-Therian, M|87/100|[from]move: U-turn
|move|p1a: Melmetal|Double Iron Bash|p2a: Tornadus
|-damage|p2a: Tornadus|76/100
|-damage|p2a: Tornadus|66/100
|-hitcount|p2a: Tornadus|2
|
|-damage|p1a: Melmetal|47/100 brn|[from] brn
|upkeep
|turn|19
|
|t:|1667861738
|move|p2a: Tornadus|U-turn|p1a: Melmetal
|-resisted|p1a: Melmetal
|-damage|p1a: Melmetal|42/100 brn
|
|t:|1667861740
|switch|p2a: Landorus|Landorus-Therian, M|87/100|[from]move: U-turn
|-ability|p2a: Landorus|Intimidate|boost
|-unboost|p1a: Melmetal|atk|1
|move|p1a: Melmetal|Double Iron Bash|p2a: Landorus
|-damage|p2a: Landorus|79/100
|-damage|p2a: Landorus|70/100
|-hitcount|p2a: Landorus|2
|
|-heal|p2a: Landorus|76/100|[from] item: Leftovers
|-damage|p1a: Melmetal|36/100 brn|[from] brn
|upkeep
|turn|20
|
|t:|1667861742
|switch|p1a: landorustherian|Landorus-Therian, M|100/100
|-damage|p1a: landorustherian|88/100|[from] Stealth Rock
|-ability|p1a: landorustherian|Intimidate|boost
|-unboost|p2a: Landorus|atk|1
|move|p2a: Landorus|Earthquake|p1a: landorustherian
|-immune|p1a: landorustherian
|
|-heal|p1a: landorustherian|94/100|[from] item: Leftovers
|-heal|p2a: Landorus|82/100|[from] item: Leftovers
|upkeep
|turn|21
|
|t:|1667861745
|move|p1a: landorustherian|Toxic|p2a: Landorus
|-status|p2a: Landorus|tox
|move|p2a: Landorus|U-turn|p1a: landorustherian
|-resisted|p1a: landorustherian
|-damage|p1a: landorustherian|87/100
|
|t:|1667861747
|switch|p2a: Vanilluxe|Vanilluxe, F|100/100|[from]move: U-turn
|-weather|Hail|[from] ability: Snow Warning|[of] p2a: Vanilluxe
|
|-weather|Hail|[upkeep]
|-damage|p1a: landorustherian|81/100|[from] Hail
|-heal|p1a: landorustherian|87/100|[from] item: Leftovers
|upkeep
|turn|22
|
|t:|1667861748
|switch|p1a: Melmetal|Melmetal|36/100 brn
|-damage|p1a: Melmetal|30/100 brn|[from] Stealth Rock
|move|p2a: Vanilluxe|Blizzard|p1a: Melmetal
|-resisted|p1a: Melmetal
|-damage|p1a: Melmetal|14/100 brn
|
|-weather|Hail|[upkeep]
|-damage|p1a: Melmetal|8/100 brn|[from] Hail
|-damage|p1a: Melmetal|2/100 brn|[from] brn
|upkeep
|turn|23
|
|t:|1667861751
|move|p2a: Vanilluxe|Blizzard|p1a: Melmetal
|-resisted|p1a: Melmetal
|-damage|p1a: Melmetal|0 fnt
|faint|p1a: Melmetal
|
|-weather|Hail|[upkeep]
|upkeep
|
|t:|1667861751
|switch|p1a: landorustherian|Landorus-Therian, M|87/100
|-damage|p1a: landorustherian|75/100|[from] Stealth Rock
|-ability|p1a: landorustherian|Intimidate|boost
|-unboost|p2a: Vanilluxe|atk|1
|turn|24
|j| Jongruenwald
|
|t:|1667861753
|move|p2a: Vanilluxe|Blizzard|p1a: landorustherian
|-supereffective|p1a: landorustherian
|-damage|p1a: landorustherian|0 fnt
|faint|p1a: landorustherian
|
|-weather|Hail|[upkeep]
|upkeep
|
|t:|1667861753
|switch|p1a: Tangrowth|Tangrowth, M|100/100
|-damage|p1a: Tangrowth|88/100|[from] Stealth Rock
|turn|25
|
|t:|1667861754
|move|p2a: Vanilluxe|Blizzard|p1a: Tangrowth
|-supereffective|p1a: Tangrowth
|-damage|p1a: Tangrowth|0 fnt
|faint|p1a: Tangrowth
|
|win|BugCatcherWeevil
|raw|minimax_ai's rating: 1738 &rarr; <strong>1719</strong><br />(-19 for losing)
|raw|BugCatcherWeevil's rating: 1755 &rarr; <strong>1774</strong><br />(+19 for winning)
|c|☆minimax_ai|gg
