|j|☆WeavilleParadise
|j|☆huehuehuehueee
|t:|1667540188
|gametype|singles
|player|p1|WeavilleParadise|170|1250
|player|p2|huehuehuehueee|steven|1193
|teamsize|p1|6
|teamsize|p2|6
|gen|8
|tier|[Gen 8] OU
|rated|
|rule|Sleep Clause Mod: Limit one foe put to sleep
|rule|Species Clause: Limit one of each Pokémon
|rule|OHKO Clause: OHKO moves are banned
|rule|Evasion Items Clause: Evasion items are banned
|rule|Evasion Moves Clause: Evasion moves are banned
|rule|Endless Battle Clause: Forcing endless battles is banned
|rule|HP Percentage Mod: HP is shown in percentages
|rule|Dynamax Clause: You cannot dynamax
|clearpoke
|poke|p1|Suicune|
|poke|p1|Rillaboom, M|
|poke|p1|Hawlucha, F|
|poke|p1|Volcarona, M|
|poke|p1|Clefable, M|
|poke|p1|Mamoswine, M|
|poke|p2|Chansey, F|
|poke|p2|Toxapex, F|
|poke|p2|Dragapult, M|
|poke|p2|Corviknight, M|
|poke|p2|Landorus-Therian, M|
|poke|p2|Tornadus-Therian, M|
|teampreview
|inactive|Battle timer is ON: inactive players will automatically lose when time's up. (requested by huehuehuehueee)
|
|t:|1667540204
|start
|switch|p1a: Rajang|Rillaboom, M|100/100
|switch|p2a: Landorus|Landorus-Therian, M|100/100
|-fieldstart|move: Grassy Terrain|[from] ability: Grassy Surge|[of] p1a: Rajang
|-ability|p2a: Landorus|Intimidate|boost
|-unboost|p1a: Rajang|atk|1
|turn|1
|
|t:|1667540212
|switch|p2a: Toxapex|Toxapex, F, shiny|100/100
|move|p1a: Rajang|Wood Hammer|p2a: Toxapex
|-damage|p2a: Toxapex|47/100
|-damage|p1a: Rajang|84/100|[from] item: Rocky Helmet|[of] p2a: Toxapex
|-damage|p1a: Rajang|68/100|[from] Recoil
|
|-heal|p1a: Rajang|74/100|[from] Grassy Terrain
|-heal|p2a: Toxapex|53/100|[from] Grassy Terrain
|upkeep
|turn|2
|c|☆huehuehuehueee|band
|
|t:|1667540222
|switch|p1a: Navi|Clefable, M|100/100
|switch|p2a: Corviknight|Corviknight, M|100/100
|-ability|p2a: Corviknight|Pressure
|
|upkeep
|turn|3
|
|t:|1667540229
|switch|p2a: Chansey|Chansey, F|100/100
|switch|p1a: Okami|Suicune, shiny|100/100
|-ability|p1a: Okami|Pressure
|
|upkeep
|turn|4
|
|t:|1667540233
|move|p1a: Okami|Substitute|p1a: Okami
|-start|p1a: Okami|Substitute
|-damage|p1a: Okami|75/100
|move|p2a: Chansey|Seismic Toss|p1a: Okami
|-activate|p1a: Okami|move: Substitute|[damage]
|
|-heal|p1a: Okami|82/100|[from] Grassy Terrain
|-heal|p1a: Okami|88/100|[from] item: Leftovers
|upkeep
|turn|5
|
|t:|1667540241
|switch|p2a: Toxapex|Toxapex, F, shiny|86/100
|move|p1a: Okami|Protect||[still]
|-fail|p1a: Okami
|
|-heal|p1a: Okami|94/100|[from] Grassy Terrain
|-heal|p1a: Okami|99/100|[from] item: Leftovers
|-heal|p2a: Toxapex|93/100|[from] Grassy Terrain
|-fieldend|move: Grassy Terrain
|upkeep
|turn|6
|c|☆huehuehuehueee|cm
|c|☆huehuehuehueee|scald
|
|t:|1667540249
|move|p1a: Okami|Calm Mind|p1a: Okami
|-boost|p1a: Okami|spa|1
|-boost|p1a: Okami|spd|1
|move|p2a: Toxapex|Toxic Spikes|p1a: Okami
|-sidestart|p1: WeavilleParadise|move: Toxic Spikes
|
|-heal|p1a: Okami|100/100|[from] item: Leftovers
|upkeep
|turn|7
|
|t:|1667540251
|move|p1a: Okami|Scald|p2a: Toxapex
|-resisted|p2a: Toxapex
|-damage|p2a: Toxapex|77/100
|-status|p2a: Toxapex|brn
|move|p2a: Toxapex|Toxic Spikes|p1a: Okami
|-sidestart|p1: WeavilleParadise|move: Toxic Spikes
|
|-damage|p2a: Toxapex|71/100 brn|[from] brn
|upkeep
|turn|8
|
|t:|1667540255
|move|p1a: Okami|Scald|p2a: Toxapex
|-resisted|p2a: Toxapex
|-damage|p2a: Toxapex|56/100 brn
|move|p2a: Toxapex|Haze|p2a: Toxapex
|-clearallboost
|
|-damage|p2a: Toxapex|50/100 brn|[from] brn
|upkeep
|turn|9
|
|t:|1667540258
|move|p1a: Okami|Calm Mind|p1a: Okami
|-boost|p1a: Okami|spa|1
|-boost|p1a: Okami|spd|1
|move|p2a: Toxapex|Recover|p2a: Toxapex
|-heal|p2a: Toxapex|99/100 brn
|
|-damage|p2a: Toxapex|93/100 brn|[from] brn
|upkeep
|turn|10
|c|☆huehuehuehueee|swtch
|c|☆huehuehuehueee|move on
|c|☆huehuehuehueee|defog
|
|t:|1667540278
|move|p1a: Okami|Scald|p2a: Toxapex
|-resisted|p2a: Toxapex
|-damage|p2a: Toxapex|77/100 brn
|move|p2a: Toxapex|Haze|p2a: Toxapex
|-clearallboost
|
|-damage|p2a: Toxapex|71/100 brn|[from] brn
|upkeep
|turn|11
|
|t:|1667540286
|move|p1a: Okami|Calm Mind|p1a: Okami
|-boost|p1a: Okami|spa|1
|-boost|p1a: Okami|spd|1
|move|p2a: Toxapex|Scald|p1a: Okami
|-resisted|p1a: Okami
|-end|p1a: Okami|Substitute
|
|-damage|p2a: Toxapex|65/100 brn|[from] brn
|upkeep
|turn|12
|
|t:|1667540297
|move|p1a: Okami|Substitute|p1a: Okami
|-start|p1a: Okami|Substitute
|-damage|p1a: Okami|75/100
|move|p2a: Toxapex|Haze|p2a: Toxapex
|-clearallboost
|
|-heal|p1a: Okami|82/100|[from] item: Leftovers
|-damage|p2a: Toxapex|59/100 brn|[from] brn
|upkeep
|turn|13
|
|t:|1667540299
|move|p1a: Okami|Protect|p1a: Okami
|-singleturn|p1a: Okami|Protect
|move|p2a: Toxapex|Recover|p2a: Toxapex
|-heal|p2a: Toxapex|100/100 brn
|
|-heal|p1a: Okami|88/100|[from] item: Leftovers
|-damage|p2a: Toxapex|94/100 brn|[from] brn
|upkeep
|turn|14
|c|☆huehuehuehueee|only wasting ur 21 pp
|
|t:|1667540312
|move|p1a: Okami|Scald|p2a: Toxapex
|-resisted|p2a: Toxapex
|-damage|p2a: Toxapex|83/100 brn
|move|p2a: Toxapex|Toxic Spikes||[still]
|-fail|p2a: Toxapex
|
|-heal|p1a: Okami|94/100|[from] item: Leftovers
|-damage|p2a: Toxapex|77/100 brn|[from] brn
|upkeep
|turn|15
|
|t:|1667540319
|move|p1a: Okami|Protect|p1a: Okami
|-singleturn|p1a: Okami|Protect
|move|p2a: Toxapex|Toxic Spikes||[still]
|-fail|p2a: Toxapex
|
|-heal|p1a: Okami|99/100|[from] item: Leftovers
|-damage|p2a: Toxapex|71/100 brn|[from] brn
|upkeep
|turn|16
|
|t:|1667540326
|switch|p1a: Cactuar|Hawlucha, F|100/100
|move|p2a: Toxapex|Toxic Spikes||[still]
|-fail|p2a: Toxapex
|
|-damage|p2a: Toxapex|65/100 brn|[from] brn
|upkeep
|turn|17
|
|t:|1667540335
|move|p1a: Cactuar|Substitute|p1a: Cactuar
|-start|p1a: Cactuar|Substitute
|-damage|p1a: Cactuar|76/100
|move|p2a: Toxapex|Scald|p1a: Cactuar
|-end|p1a: Cactuar|Substitute
|
|-damage|p2a: Toxapex|58/100 brn|[from] brn
|upkeep
|turn|18
|
|t:|1667540342
|switch|p1a: Mothra|Volcarona, M|100/100
|move|p2a: Toxapex|Scald|p1a: Mothra
|-supereffective|p1a: Mothra
|-damage|p1a: Mothra|70/100
|
|-damage|p2a: Toxapex|52/100 brn|[from] brn
|upkeep
|turn|19
|c|☆huehuehuehueee|#burn
|
|t:|1667540349
|switch|p2a: Chansey|Chansey, F|100/100
|move|p1a: Mothra|Fiery Dance|p2a: Chansey
|-damage|p2a: Chansey|88/100
|
|upkeep
|turn|20
|
|t:|1667540351
|move|p1a: Mothra|Safeguard|p1a: Mothra
|-sidestart|p1: WeavilleParadise|Safeguard
|move|p2a: Chansey|Thunder Wave|p1a: Mothra
|-activate|p1a: Mothra|move: Safeguard
|
|upkeep
|turn|21
|c|☆huehuehuehueee|dance
|c|☆huehuehuehueee|haze tho
|
|t:|1667540369
|move|p1a: Mothra|Defog|p2a: Chansey
|-unboost|p2a: Chansey|evasion|1
|-sideend|p1: WeavilleParadise|Toxic Spikes|[from] move: Defog|[of] p1a: Mothra
|move|p2a: Chansey|Wish|p2a: Chansey
|
|upkeep
|turn|22
|
|t:|1667540388
|switch|p1a: Rajang|Rillaboom, M|74/100
|-fieldstart|move: Grassy Terrain|[from] ability: Grassy Surge|[of] p1a: Rajang
|switch|p2a: Landorus|Landorus-Therian, M|100/100
|-ability|p2a: Landorus|Intimidate|boost
|-unboost|p1a: Rajang|atk|1
|
|-heal|p1a: Rajang|81/100|[from] Grassy Terrain
|upkeep
|turn|23
|
|t:|1667540393
|switch|p2a: Corviknight|Corviknight, M|100/100
|-ability|p2a: Corviknight|Pressure
|move|p1a: Rajang|U-turn|p2a: Corviknight
|-resisted|p2a: Corviknight
|-damage|p2a: Corviknight|97/100
|-damage|p1a: Rajang|64/100|[from] item: Rocky Helmet|[of] p2a: Corviknight
|
|t:|1667540398
|switch|p1a: Cactuar|Hawlucha, F|76/100|[from]move: U-turn
|-enditem|p1a: Cactuar|Grassy Seed
|-boost|p1a: Cactuar|def|1|[from] item: Grassy Seed
|
|upkeep
|turn|24
|
|t:|1667540404
|move|p1a: Cactuar|Swords Dance|p1a: Cactuar
|-boost|p1a: Cactuar|atk|2
|move|p2a: Corviknight|Iron Defense|p2a: Corviknight
|-boost|p2a: Corviknight|def|2
|
|-sideend|p1: WeavilleParadise|Safeguard
|upkeep
|turn|25
|
|t:|1667540408
|move|p1a: Cactuar|Close Combat|p2a: Corviknight
|-damage|p2a: Corviknight|63/100
|-unboost|p1a: Cactuar|def|1
|-unboost|p1a: Cactuar|spd|1
|-damage|p1a: Cactuar|59/100|[from] item: Rocky Helmet|[of] p2a: Corviknight
|move|p2a: Corviknight|Brave Bird|p1a: Cactuar
|-supereffective|p1a: Cactuar
|-damage|p1a: Cactuar|0 fnt
|faint|p1a: Cactuar
|-damage|p2a: Corviknight|47/100|[from] Recoil
|
|upkeep
|
|t:|1667540410
|switch|p1a: Mothra|Volcarona, M|70/100
|turn|26
|c|☆huehuehuehueee|bird
|c|☆huehuehuehueee|smart
|
|t:|1667540423
|switch|p2a: Landorus|Landorus-Therian, M|100/100
|-ability|p2a: Landorus|Intimidate|boost
|-unboost|p1a: Mothra|atk|1
|move|p1a: Mothra|Fiery Dance|p2a: Landorus
|-damage|p2a: Landorus|61/100
|
|-heal|p1a: Mothra|76/100|[from] Grassy Terrain
|-fieldend|move: Grassy Terrain
|upkeep
|turn|27
|
|t:|1667540426
|move|p1a: Mothra|Fiery Dance|p2a: Landorus
|-damage|p2a: Landorus|23/100
|-boost|p1a: Mothra|spa|1
|move|p2a: Landorus|Smack Down|p1a: Mothra
|-supereffective|p1a: Mothra
|-damage|p1a: Mothra|9/100
|
|upkeep
|turn|28
|c|☆huehuehuehueee|genius
|c|☆WeavilleParadise|pls ban corbi
|c|☆WeavilleParadise|corvi
|c|☆huehuehuehueee|too many counter
|inactive|huehuehuehueee has 120 seconds left.
|c|☆huehuehuehueee|magzone
|c|☆huehuehuehueee|every eletrc
|
|t:|1667540469
|move|p1a: Mothra|Fiery Dance|p2a: Landorus
|-damage|p2a: Landorus|0 fnt
|faint|p2a: Landorus
|
|upkeep
|
|t:|1667540472
|switch|p2a: Tornadus|Tornadus-Therian, M|100/100
|turn|29
|
|t:|1667540476
|switch|p1a: Navi|Clefable, M|100/100
|move|p2a: Tornadus|Knock Off|p1a: Navi
|-resisted|p1a: Navi
|-damage|p1a: Navi|91/100
|-enditem|p1a: Navi|Heavy-Duty Boots|[from] move: Knock Off|[of] p2a: Tornadus
|
|upkeep
|turn|30
|
|t:|1667540480
|move|p2a: Tornadus|Taunt|p1a: Navi
|-start|p1a: Navi|move: Taunt
|move|p1a: Navi|Moonblast|p2a: Tornadus
|-damage|p2a: Tornadus|63/100
|
|upkeep
|turn|31
|
|t:|1667540488
|move|p2a: Tornadus|U-turn|p1a: Navi
|-resisted|p1a: Navi
|-damage|p1a: Navi|83/100
|
|t:|1667540490
|switch|p2a: Chansey|Chansey, F|88/100|[from]move: U-turn
|move|p1a: Navi|Moonblast|p2a: Chansey
|-damage|p2a: Chansey|79/100
|
|upkeep
|turn|32
|
|t:|1667540494
|switch|p1a: Rajang|Rillaboom, M|64/100
|-fieldstart|move: Grassy Terrain|[from] ability: Grassy Surge|[of] p1a: Rajang
|move|p2a: Chansey|Wish|p2a: Chansey
|
|-heal|p1a: Rajang|70/100|[from] Grassy Terrain
|-heal|p2a: Chansey|85/100|[from] Grassy Terrain
|upkeep
|turn|33
|
|t:|1667540501
|switch|p2a: Corviknight|Corviknight, M|47/100
|-ability|p2a: Corviknight|Pressure
|move|p1a: Rajang|U-turn|p2a: Corviknight
|-resisted|p2a: Corviknight
|-damage|p2a: Corviknight|42/100
|-damage|p1a: Rajang|54/100|[from] item: Rocky Helmet|[of] p2a: Corviknight
|
|t:|1667540502
|switch|p1a: Mothra|Volcarona, M|9/100|[from]move: U-turn
|
|-heal|p2a: Corviknight|100/100|[from] move: Wish|[wisher] Chansey
|-heal|p1a: Mothra|15/100|[from] Grassy Terrain
|upkeep
|turn|34
|
|t:|1667540508
|switch|p2a: Chansey|Chansey, F|85/100
|move|p1a: Mothra|Roost|p1a: Mothra
|-heal|p1a: Mothra|65/100
|-singleturn|p1a: Mothra|move: Roost
|
|-heal|p1a: Mothra|71/100|[from] Grassy Terrain
|-heal|p2a: Chansey|91/100|[from] Grassy Terrain
|upkeep
|turn|35
|
|t:|1667540512
|move|p1a: Mothra|Safeguard|p1a: Mothra
|-sidestart|p1: WeavilleParadise|Safeguard
|move|p2a: Chansey|Seismic Toss|p1a: Mothra
|-damage|p1a: Mothra|44/100
|
|-heal|p1a: Mothra|50/100|[from] Grassy Terrain
|-heal|p2a: Chansey|97/100|[from] Grassy Terrain
|upkeep
|turn|36
|c|☆huehuehuehueee|no QUIVER
|c|☆huehuehuehueee|WTF?$Q
|c|☆huehuehuehueee|special
|
|t:|1667540530
|move|p1a: Mothra|Roost|p1a: Mothra
|-heal|p1a: Mothra|100/100
|-singleturn|p1a: Mothra|move: Roost
|move|p2a: Chansey|Wish|p2a: Chansey
|
|-heal|p2a: Chansey|100/100|[from] Grassy Terrain
|-fieldend|move: Grassy Terrain
|upkeep
|turn|37
|
|t:|1667540540
|move|p1a: Mothra|Fiery Dance|p2a: Chansey
|-damage|p2a: Chansey|89/100
|-boost|p1a: Mothra|spa|1
|move|p2a: Chansey|Seismic Toss|p1a: Mothra
|-damage|p1a: Mothra|74/100
|
|-heal|p2a: Chansey|100/100|[from] move: Wish|[wisher] Chansey
|upkeep
|turn|38
|
|t:|1667540547
|move|p1a: Mothra|Fiery Dance|p2a: Chansey
|-damage|p2a: Chansey|85/100
|-boost|p1a: Mothra|spa|1
|move|p2a: Chansey|Wish|p2a: Chansey
|
|upkeep
|turn|39
|
|t:|1667540552
|switch|p2a: Toxapex|Toxapex, F, shiny|85/100 brn
|move|p1a: Mothra|Fiery Dance|p2a: Toxapex
|-resisted|p2a: Toxapex
|-damage|p2a: Toxapex|57/100 brn
|-boost|p1a: Mothra|spa|1
|
|-heal|p2a: Toxapex|100/100 brn|[from] move: Wish|[wisher] Chansey
|-damage|p2a: Toxapex|94/100 brn|[from] brn
|-sideend|p1: WeavilleParadise|Safeguard
|upkeep
|turn|40
|
|t:|1667540554
|move|p1a: Mothra|Fiery Dance|p2a: Toxapex
|-resisted|p2a: Toxapex
|-damage|p2a: Toxapex|55/100 brn
|move|p2a: Toxapex|Haze|p2a: Toxapex
|-clearallboost
|
|-damage|p2a: Toxapex|49/100 brn|[from] brn
|upkeep
|turn|41
|
|t:|1667540560
|switch|p1a: Barroth|Mamoswine, M|100/100
|move|p2a: Toxapex|Recover|p2a: Toxapex
|-heal|p2a: Toxapex|99/100 brn
|
|-damage|p2a: Toxapex|93/100 brn|[from] brn
|upkeep
|turn|42
|
|t:|1667540564
|switch|p2a: Corviknight|Corviknight, M|100/100
|-ability|p2a: Corviknight|Pressure
|move|p1a: Barroth|Icicle Crash|p2a: Corviknight
|-damage|p2a: Corviknight|60/100
|
|upkeep
|turn|43
|
|t:|1667540570
|move|p1a: Barroth|Icicle Crash|p2a: Corviknight
|-damage|p2a: Corviknight|13/100
|move|p2a: Corviknight|Roost|p2a: Corviknight
|-heal|p2a: Corviknight|63/100
|-singleturn|p2a: Corviknight|move: Roost
|
|upkeep
|turn|44
|
|t:|1667540576
|switch|p2a: Toxapex|Toxapex, F, shiny|100/100 brn
|move|p1a: Barroth|Icicle Crash|p2a: Toxapex
|-resisted|p2a: Toxapex
|-damage|p2a: Toxapex|80/100 brn
|
|-damage|p2a: Toxapex|74/100 brn|[from] brn
|upkeep
|turn|45
|
|t:|1667540589
|switch|p1a: Rajang|Rillaboom, M|54/100
|-fieldstart|move: Grassy Terrain|[from] ability: Grassy Surge|[of] p1a: Rajang
|move|p2a: Toxapex|Scald|p1a: Rajang
|-resisted|p1a: Rajang
|-damage|p1a: Rajang|43/100
|
|-heal|p1a: Rajang|49/100|[from] Grassy Terrain
|-heal|p2a: Toxapex|80/100 brn|[from] Grassy Terrain
|-damage|p2a: Toxapex|74/100 brn|[from] brn
|upkeep
|turn|46
|c|☆huehuehuehueee|#burn
|
|t:|1667540605
|move|p1a: Rajang|U-turn|p2a: Toxapex
|-resisted|p2a: Toxapex
|-damage|p2a: Toxapex|63/100 brn
|-damage|p1a: Rajang|33/100|[from] item: Rocky Helmet|[of] p2a: Toxapex
|
|t:|1667540610
|switch|p1a: Barroth|Mamoswine, M|100/100|[from]move: U-turn
|move|p2a: Toxapex|Recover|p2a: Toxapex
|-heal|p2a: Toxapex|100/100 brn
|
|-damage|p2a: Toxapex|94/100 brn|[from] brn
|upkeep
|turn|47
|c|☆huehuehuehueee|outplay
|
|t:|1667540615
|move|p1a: Barroth|Knock Off|p2a: Toxapex
|-damage|p2a: Toxapex|60/100 brn
|-damage|p1a: Barroth|84/100|[from] item: Rocky Helmet|[of] p2a: Toxapex
|-enditem|p2a: Toxapex|Rocky Helmet|[from] move: Knock Off|[of] p1a: Barroth
|move|p2a: Toxapex|Scald|p1a: Barroth
|-supereffective|p1a: Barroth
|-damage|p1a: Barroth|37/100
|
|-heal|p1a: Barroth|43/100|[from] Grassy Terrain
|-heal|p2a: Toxapex|66/100 brn|[from] Grassy Terrain
|-damage|p2a: Toxapex|60/100 brn|[from] brn
|upkeep
|turn|48
|c|☆huehuehuehueee|#burn
|c|☆huehuehuehueee|bad n lucky
|
|t:|1667540627
|switch|p1a: Navi|Clefable, M|83/100
|move|p2a: Toxapex|Recover|p2a: Toxapex
|-heal|p2a: Toxapex|100/100 brn
|
|-heal|p1a: Navi|89/100|[from] Grassy Terrain
|-damage|p2a: Toxapex|94/100 brn|[from] brn
|upkeep
|turn|49
|
|t:|1667540631
|move|p1a: Navi|Wish|p1a: Navi
|move|p2a: Toxapex|Toxic Spikes|p1a: Navi
|-sidestart|p1: WeavilleParadise|move: Toxic Spikes
|
|-heal|p1a: Navi|95/100|[from] Grassy Terrain
|-heal|p2a: Toxapex|100/100 brn|[from] Grassy Terrain
|-damage|p2a: Toxapex|94/100 brn|[from] brn
|-fieldend|move: Grassy Terrain
|upkeep
|turn|50
|c|☆huehuehuehueee|#burn
|
|t:|1667540639
|switch|p1a: Mothra|Volcarona, M|74/100
|move|p2a: Toxapex|Scald|p1a: Mothra
|-supereffective|p1a: Mothra
|-damage|p1a: Mothra|43/100
|
|-heal|p1a: Mothra|96/100|[from] move: Wish|[wisher] Navi
|-damage|p2a: Toxapex|88/100 brn|[from] brn
|upkeep
|turn|51
|c|☆WeavilleParadise|ban pex
|c|☆huehuehuehueee|stfu
|c|☆huehuehuehueee|u dumb
|
|t:|1667540656
|move|p1a: Mothra|Defog|p2a: Toxapex
|-unboost|p2a: Toxapex|evasion|1
|-sideend|p1: WeavilleParadise|Toxic Spikes|[from] move: Defog|[of] p1a: Mothra
|move|p2a: Toxapex|Scald|p1a: Mothra
|-supereffective|p1a: Mothra
|-damage|p1a: Mothra|65/100
|
|-damage|p2a: Toxapex|82/100 brn|[from] brn
|upkeep
|turn|52
|
|t:|1667540662
|move|p1a: Mothra|Fiery Dance|p2a: Toxapex
|-resisted|p2a: Toxapex
|-damage|p2a: Toxapex|66/100 brn
|-boost|p1a: Mothra|spa|1
|move|p2a: Toxapex|Toxic Spikes|p1a: Mothra
|-sidestart|p1: WeavilleParadise|move: Toxic Spikes
|
|-damage|p2a: Toxapex|60/100 brn|[from] brn
|upkeep
|turn|53
|
|t:|1667540666
|move|p1a: Mothra|Defog|p2a: Toxapex
|-unboost|p2a: Toxapex|evasion|1
|-sideend|p1: WeavilleParadise|Toxic Spikes|[from] move: Defog|[of] p1a: Mothra
|move|p2a: Toxapex|Haze|p2a: Toxapex
|-clearallboost
|
|-damage|p2a: Toxapex|54/100 brn|[from] brn
|upkeep
|turn|54
|
|t:|1667540668
|move|p1a: Mothra|Fiery Dance|p2a: Toxapex
|-resisted|p2a: Toxapex
|-damage|p2a: Toxapex|40/100 brn
|-boost|p1a: Mothra|spa|1
|move|p2a: Toxapex|Recover|p2a: Toxapex
|-heal|p2a: Toxapex|90/100 brn
|
|-damage|p2a: Toxapex|84/100 brn|[from] brn
|upkeep
|turn|55
|
|t:|1667540670
|move|p1a: Mothra|Fiery Dance|p2a: Toxapex
|-resisted|p2a: Toxapex
|-damage|p2a: Toxapex|63/100 brn
|move|p2a: Toxapex|Toxic Spikes|p1a: Mothra
|-sidestart|p1: WeavilleParadise|move: Toxic Spikes
|
|-damage|p2a: Toxapex|57/100 brn|[from] brn
|upkeep
|turn|56
|
|t:|1667540673
|move|p1a: Mothra|Defog|p2a: Toxapex
|-unboost|p2a: Toxapex|evasion|1
|-sideend|p1: WeavilleParadise|Toxic Spikes|[from] move: Defog|[of] p1a: Mothra
|move|p2a: Toxapex|Recover|p2a: Toxapex
|-heal|p2a: Toxapex|100/100 brn
|
|-damage|p2a: Toxapex|94/100 brn|[from] brn
|upkeep
|turn|57
|
|t:|1667540675
|move|p1a: Mothra|Roost|p1a: Mothra
|-heal|p1a: Mothra|100/100
|-singleturn|p1a: Mothra|move: Roost
|move|p2a: Toxapex|Toxic Spikes|p1a: Mothra
|-sidestart|p1: WeavilleParadise|move: Toxic Spikes
|
|-damage|p2a: Toxapex|88/100 brn|[from] brn
|upkeep
|turn|58
|
|t:|1667540678
|move|p1a: Mothra|Defog|p2a: Toxapex
|-unboost|p2a: Toxapex|evasion|1
|-sideend|p1: WeavilleParadise|Toxic Spikes|[from] move: Defog|[of] p1a: Mothra
|move|p2a: Toxapex|Haze|p2a: Toxapex
|-clearallboost
|
|-damage|p2a: Toxapex|82/100 brn|[from] brn
|upkeep
|turn|59
|
|t:|1667540683
|switch|p1a: Rajang|Rillaboom, M|33/100
|-fieldstart|move: Grassy Terrain|[from] ability: Grassy Surge|[of] p1a: Rajang
|move|p2a: Toxapex|Toxic Spikes|p1a: Rajang
|-sidestart|p1: WeavilleParadise|move: Toxic Spikes
|
|-heal|p1a: Rajang|39/100|[from] Grassy Terrain
|-heal|p2a: Toxapex|88/100 brn|[from] Grassy Terrain
|-damage|p2a: Toxapex|82/100 brn|[from] brn
|upkeep
|turn|60
|
|t:|1667540686
|switch|p2a: Corviknight|Corviknight, M|63/100
|-ability|p2a: Corviknight|Pressure
|move|p1a: Rajang|Wood Hammer|p2a: Corviknight
|-resisted|p2a: Corviknight
|-damage|p2a: Corviknight|42/100
|-damage|p1a: Rajang|23/100|[from] item: Rocky Helmet|[of] p2a: Corviknight
|-damage|p1a: Rajang|15/100|[from] Recoil
|
|-heal|p1a: Rajang|21/100|[from] Grassy Terrain
|upkeep
|turn|61
|
|t:|1667540692
|switch|p1a: Mothra|Volcarona, M|100/100
|move|p2a: Corviknight|Roost|p2a: Corviknight
|-heal|p2a: Corviknight|92/100
|-singleturn|p2a: Corviknight|move: Roost
|
|-heal|p2a: Corviknight|98/100|[from] Grassy Terrain
|upkeep
|turn|62
|c|☆huehuehuehueee|play like garb
|c|☆huehuehuehueee|0 burn
|
|t:|1667540715
|switch|p2a: Dragapult|Dragapult, M|100/100
|move|p1a: Mothra|Defog|p2a: Dragapult
|-unboost|p2a: Dragapult|evasion|1
|-sideend|p1: WeavilleParadise|Toxic Spikes|[from] move: Defog|[of] p1a: Mothra
|-fieldend|move: Grassy Terrain
|
|upkeep
|turn|63
|
|t:|1667540718
|move|p2a: Dragapult|Thunder Wave|p1a: Mothra
|-status|p1a: Mothra|par
|move|p1a: Mothra|Fiery Dance|p2a: Dragapult
|-resisted|p2a: Dragapult
|-damage|p2a: Dragapult|80/100
|
|-heal|p2a: Dragapult|86/100|[from] item: Leftovers
|upkeep
|turn|64
|
|t:|1667540722
|move|p2a: Dragapult|Substitute|p2a: Dragapult
|-start|p2a: Dragapult|Substitute
|-damage|p2a: Dragapult|61/100
|cant|p1a: Mothra|par
|
|-heal|p2a: Dragapult|67/100|[from] item: Leftovers
|upkeep
|turn|65
|
|t:|1667540725
|switch|p1a: Navi|Clefable, M|95/100
|move|p2a: Dragapult|Hex|p1a: Navi
|-damage|p1a: Navi|71/100
|
|-heal|p2a: Dragapult|73/100|[from] item: Leftovers
|upkeep
|turn|66
|
|t:|1667540727
|move|p2a: Dragapult|Thunder Wave|p1a: Navi
|-status|p1a: Navi|par
|cant|p1a: Navi|par
|
|-heal|p2a: Dragapult|79/100|[from] item: Leftovers
|upkeep
|turn|67
|
|t:|1667540731
|move|p2a: Dragapult|Hex|p1a: Navi
|-damage|p1a: Navi|25/100 par
|move|p1a: Navi|Moonblast|p2a: Dragapult
|-supereffective|p2a: Dragapult
|-end|p2a: Dragapult|Substitute
|
|-heal|p2a: Dragapult|85/100|[from] item: Leftovers
|upkeep
|turn|68
|
|t:|1667540733
|move|p2a: Dragapult|Hex|p1a: Navi
|-damage|p1a: Navi|0 fnt
|faint|p1a: Navi
|
|-heal|p2a: Dragapult|91/100|[from] item: Leftovers
|upkeep
|
|t:|1667540735
|switch|p1a: Barroth|Mamoswine, M|43/100
|turn|69
|c|☆huehuehuehueee|justice
|c|☆huehuehuehueee|nice CHOICE
|
|t:|1667540749
|switch|p2a: Corviknight|Corviknight, M|98/100
|-ability|p2a: Corviknight|Pressure
|move|p1a: Barroth|Knock Off|p2a: Corviknight
|-damage|p2a: Corviknight|67/100
|-damage|p1a: Barroth|26/100|[from] item: Rocky Helmet|[of] p2a: Corviknight
|-enditem|p2a: Corviknight|Rocky Helmet|[from] move: Knock Off|[of] p1a: Barroth
|
|upkeep
|turn|70
|
|t:|1667540755
|switch|p1a: Okami|Suicune, shiny|99/100
|-ability|p1a: Okami|Pressure
|move|p2a: Corviknight|Roost|p2a: Corviknight
|-heal|p2a: Corviknight|100/100
|-singleturn|p2a: Corviknight|move: Roost
|
|-heal|p1a: Okami|100/100|[from] item: Leftovers
|upkeep
|turn|71
|c|☆huehuehuehueee|scald
|
|t:|1667540766
|switch|p2a: Toxapex|Toxapex, F, shiny|100/100 brn
|move|p1a: Okami|Substitute|p1a: Okami
|-start|p1a: Okami|Substitute
|-damage|p1a: Okami|75/100
|
|-heal|p1a: Okami|82/100|[from] item: Leftovers
|-damage|p2a: Toxapex|94/100 brn|[from] brn
|upkeep
|turn|72
|c|☆huehuehuehueee|cm
|
|t:|1667540772
|move|p1a: Okami|Calm Mind|p1a: Okami
|-boost|p1a: Okami|spa|1
|-boost|p1a: Okami|spd|1
|move|p2a: Toxapex|Toxic Spikes|p1a: Okami
|-sidestart|p1: WeavilleParadise|move: Toxic Spikes
|
|-heal|p1a: Okami|88/100|[from] item: Leftovers
|-damage|p2a: Toxapex|88/100 brn|[from] brn
|upkeep
|turn|73
|
|t:|1667540778
|move|p1a: Okami|Scald|p2a: Toxapex
|-resisted|p2a: Toxapex
|-damage|p2a: Toxapex|73/100 brn
|move|p2a: Toxapex|Haze|p2a: Toxapex
|-clearallboost
|
|-heal|p1a: Okami|94/100|[from] item: Leftovers
|-damage|p2a: Toxapex|67/100 brn|[from] brn
|upkeep
|turn|74
|
|t:|1667540783
|move|p1a: Okami|Calm Mind|p1a: Okami
|-boost|p1a: Okami|spa|1
|-boost|p1a: Okami|spd|1
|move|p2a: Toxapex|Toxic Spikes|p1a: Okami
|-sidestart|p1: WeavilleParadise|move: Toxic Spikes
|
|-heal|p1a: Okami|99/100|[from] item: Leftovers
|-damage|p2a: Toxapex|61/100 brn|[from] brn
|upkeep
|turn|75
|
|t:|1667540788
|move|p1a: Okami|Protect|p1a: Okami
|-singleturn|p1a: Okami|Protect
|move|p2a: Toxapex|Haze|p2a: Toxapex
|-clearallboost
|
|-heal|p1a: Okami|100/100|[from] item: Leftovers
|-damage|p2a: Toxapex|54/100 brn|[from] brn
|upkeep
|turn|76
|
|t:|1667540795
|move|p1a: Okami|Scald|p2a: Toxapex
|-resisted|p2a: Toxapex
|-damage|p2a: Toxapex|44/100 brn
|move|p2a: Toxapex|Recover|p2a: Toxapex
|-heal|p2a: Toxapex|94/100 brn
|
|-damage|p2a: Toxapex|87/100 brn|[from] brn
|upkeep
|turn|77
|c|☆huehuehuehueee|18
|
|t:|1667540808
|move|p1a: Okami|Calm Mind|p1a: Okami
|-boost|p1a: Okami|spa|1
|-boost|p1a: Okami|spd|1
|move|p2a: Toxapex|Scald|p1a: Okami
|-resisted|p1a: Okami
|-activate|p1a: Okami|move: Substitute|[damage]
|
|-damage|p2a: Toxapex|81/100 brn|[from] brn
|upkeep
|turn|78
|
|t:|1667540811
|move|p1a: Okami|Scald|p2a: Toxapex
|-resisted|p2a: Toxapex
|-damage|p2a: Toxapex|65/100 brn
|move|p2a: Toxapex|Haze|p2a: Toxapex
|-clearallboost
|
|-damage|p2a: Toxapex|58/100 brn|[from] brn
|upkeep
|turn|79
|c|☆huehuehuehueee|17
|
|t:|1667540824
|switch|p2a: Chansey|Chansey, F|85/100
|move|p1a: Okami|Calm Mind|p1a: Okami
|-boost|p1a: Okami|spa|1
|-boost|p1a: Okami|spd|1
|
|upkeep
|turn|80
|
|t:|1667540828
|switch|p2a: Toxapex|Toxapex, F, shiny|92/100 brn
|move|p1a: Okami|Calm Mind|p1a: Okami
|-boost|p1a: Okami|spa|1
|-boost|p1a: Okami|spd|1
|
|-damage|p2a: Toxapex|85/100 brn|[from] brn
|upkeep
|turn|81
|
|t:|1667540830
|move|p1a: Okami|Scald|p2a: Toxapex
|-resisted|p2a: Toxapex
|-damage|p2a: Toxapex|64/100 brn
|move|p2a: Toxapex|Haze|p2a: Toxapex
|-clearallboost
|
|-damage|p2a: Toxapex|58/100 brn|[from] brn
|upkeep
|turn|82
|
|t:|1667540836
|switch|p2a: Chansey|Chansey, F|85/100
|move|p1a: Okami|Calm Mind|p1a: Okami
|-boost|p1a: Okami|spa|1
|-boost|p1a: Okami|spd|1
|
|upkeep
|turn|83
|
|t:|1667540839
|move|p1a: Okami|Calm Mind|p1a: Okami
|-boost|p1a: Okami|spa|1
|-boost|p1a: Okami|spd|1
|move|p2a: Chansey|Wish|p2a: Chansey
|
|upkeep
|turn|84
|
|t:|1667540842
|switch|p2a: Toxapex|Toxapex, F, shiny|91/100 brn
|move|p1a: Okami|Scald|p2a: Toxapex
|-resisted|p2a: Toxapex
|-damage|p2a: Toxapex|72/100 brn
|
|-heal|p2a: Toxapex|100/100 brn|[from] move: Wish|[wisher] Chansey
|-damage|p2a: Toxapex|94/100 brn|[from] brn
|upkeep
|turn|85
|
|t:|1667540844
|move|p1a: Okami|Scald|p2a: Toxapex
|-resisted|p2a: Toxapex
|-damage|p2a: Toxapex|75/100 brn
|move|p2a: Toxapex|Haze|p2a: Toxapex
|-clearallboost
|
|-damage|p2a: Toxapex|68/100 brn|[from] brn
|upkeep
|turn|86
|c|☆huehuehuehueee|regen
|c|☆WeavilleParadise|gg
|c|☆WeavilleParadise|ban corvi
|c|☆huehuehuehueee|when u notice
|-message|WeavilleParadise forfeited.
|
|win|huehuehuehueee
|raw|WeavilleParadise's rating: 1275 &rarr; <strong>1244</strong><br />(-31 for losing)
|raw|huehuehuehueee's rating: 1193 &rarr; <strong>1224</strong><br />(+31 for winning)
|l|☆WeavilleParadise
|j|☆WeavilleParadise
|player|p1|WeavilleParadise|170
|l|☆WeavilleParadise
|player|p1|
