|j|☆kalifguest22
|j|☆Trogba Trogba
|t:|1601421094
|player|p1|kalifguest22|wallace|
|player|p2|Trogba Trogba|lance|
|teamsize|p1|6
|teamsize|p2|6
|gametype|singles
|gen|8
|tier|[Gen 8] OU
|rated|Tournament battle
|clearpoke
|poke|p1|Dragalge, M|
|poke|p1|Magnezone|
|poke|p1|Clefable, F|
|poke|p1|Urshifu-*, M|
|poke|p1|Corviknight, F|
|poke|p1|Tyranitar, M|
|poke|p2|Tyranitar, M|
|poke|p2|Excadrill, F|
|poke|p2|Clefable, F|
|poke|p2|Toxapex, M|
|poke|p2|Tangrowth, M|
|poke|p2|Alakazam, F|
|rule|Sleep Clause Mod: Limit one foe put to sleep
|rule|Species Clause: Limit one of each Pokémon
|rule|OHKO Clause: OHKO moves are banned
|rule|Evasion Moves Clause: Evasion moves are banned
|rule|Endless Battle Clause: Forcing endless battles is banned
|rule|HP Percentage Mod: HP is shown in percentages
|rule|Dynamax Clause: You cannot dynamax
|teampreview
|j| adorluigi
|c|☆kalifguest22|hf!
|c| adorluigi|i see tangrowth
|c| adorluigi|fear
|
|t:|1601421118
|start
|switch|p1a: Tyranitar|Tyranitar, M|100/100
|switch|p2a: Toxapex|Toxapex, M|100/100
|-weather|Sandstorm|[from] ability: Sand Stream|[of] p1a: Tyranitar
|turn|1
|
|t:|1601421133
|move|p1a: Tyranitar|Stealth Rock|p2a: Toxapex
|-sidestart|p2: Trogba Trogba|move: Stealth Rock
|move|p2a: Toxapex|Knock Off|p1a: Tyranitar
|-resisted|p1a: Tyranitar
|-damage|p1a: Tyranitar|94/100
|-enditem|p1a: Tyranitar|Leftovers|[from] move: Knock Off|[of] p2a: Toxapex
|
|-weather|Sandstorm|[upkeep]
|-damage|p2a: Toxapex|94/100|[from] Sandstorm
|-heal|p2a: Toxapex|100/100|[from] item: Black Sludge
|upkeep
|turn|2
|
|t:|1601421139
|switch|p1a: Magnezone|Magnezone|100/100
|move|p2a: Toxapex|Scald|p1a: Magnezone
|-damage|p1a: Magnezone|82/100
|
|-weather|Sandstorm|[upkeep]
|-damage|p2a: Toxapex|94/100|[from] Sandstorm
|-heal|p2a: Toxapex|100/100|[from] item: Black Sludge
|upkeep
|turn|3
|c| adorluigi|iron defense
|
|t:|1601421144
|switch|p2a: Excadrill|Excadrill, F|100/100
|-damage|p2a: Excadrill|97/100|[from] Stealth Rock
|move|p1a: Magnezone|Body Press|p2a: Excadrill
|-supereffective|p2a: Excadrill
|-damage|p2a: Excadrill|35/100
|
|-weather|Sandstorm|[upkeep]
|-heal|p2a: Excadrill|41/100|[from] item: Leftovers
|upkeep
|turn|4
|
|t:|1601421150
|move|p2a: Excadrill|Rapid Spin|p1a: Magnezone
|-resisted|p1a: Magnezone
|-damage|p1a: Magnezone|72/100
|-boost|p2a: Excadrill|spe|1
|-sideend|p2: Trogba Trogba|Stealth Rock|[from] move: Rapid Spin|[of] p2a: Excadrill
|move|p1a: Magnezone|Body Press|p2a: Excadrill
|-supereffective|p2a: Excadrill
|-damage|p2a: Excadrill|0 fnt
|faint|p2a: Excadrill
|
|-weather|Sandstorm|[upkeep]
|upkeep
|
|t:|1601421154
|switch|p2a: Alakazam|Alakazam, F|100/100
|turn|5
|
|t:|1601421161
|switch|p1a: Corviknight|Corviknight, F|100/100
|-ability|p1a: Corviknight|Pressure
|move|p2a: Alakazam|Focus Blast|p1a: Corviknight
|-damage|p1a: Corviknight|71/100
|-unboost|p1a: Corviknight|spd|1
|
|-weather|none
|upkeep
|turn|6
|c|☆kalifguest22|focus miss hits
|
|t:|1601421173
|move|p2a: Alakazam|Nasty Plot|p2a: Alakazam
|-boost|p2a: Alakazam|spa|2
|move|p1a: Corviknight|Brave Bird|p2a: Alakazam
|-damage|p2a: Alakazam|4/100
|-damage|p1a: Corviknight|51/100|[from] Recoil
|
|upkeep
|turn|7
|c|☆kalifguest22|and spdef drop
|c| adorluigi|hax
|j| Holy peperoni
|c|☆kalifguest22|am I right
|
|t:|1601421186
|switch|p1a: Clefable|Clefable, F|100/100
|move|p2a: Alakazam|Focus Blast|p1a: Clefable|[miss]
|-miss|p2a: Alakazam|p1a: Clefable
|
|upkeep
|turn|8
|c|☆kalifguest22|now it misses
|
|t:|1601421197
|move|p2a: Alakazam|Recover|p2a: Alakazam
|-heal|p2a: Alakazam|54/100
|move|p1a: Clefable|Teleport|p1a: Clefable
|c| adorluigi|e
|
|t:|1601421204
|switch|p1a: Tyranitar|Tyranitar, M|94/100|[from]move: Teleport
|-weather|Sandstorm|[from] ability: Sand Stream|[of] p1a: Tyranitar
|
|-weather|Sandstorm|[upkeep]
|upkeep
|turn|9
|c| Holy peperoni|well
|
|t:|1601421207
|switch|p1a: Clefable|Clefable, F|100/100
|move|p2a: Alakazam|Focus Blast|p1a: Clefable|[miss]
|-miss|p2a: Alakazam|p1a: Clefable
|
|-weather|Sandstorm|[upkeep]
|upkeep
|turn|10
|c| Holy peperoni|go what?
|
|t:|1601421211
|move|p2a: Alakazam|Psychic|p1a: Clefable
|-damage|p1a: Clefable|11/100
|move|p1a: Clefable|Moonblast|p2a: Alakazam
|-damage|p2a: Alakazam|10/100
|-unboost|p2a: Alakazam|spa|1
|
|-weather|Sandstorm|[upkeep]
|-heal|p1a: Clefable|17/100|[from] item: Leftovers
|upkeep
|turn|11
|c| adorluigi|wat are you doing
|c| adorluigi|nice
|c| Holy peperoni|go draga
|c| Holy peperoni|dude
|c| Holy peperoni|go hydreigon
|c|☆kalifguest22|I have no hydreigon
|c| adorluigi|rip magc guar
|c|☆kalifguest22|lmao
|c| Holy peperoni|oopsies
|c| adorluigi|no
|c| adorluigi|you have
|
|t:|1601421237
|move|p1a: Clefable|Protect|p1a: Clefable
|-singleturn|p1a: Clefable|Protect
|move|p2a: Alakazam|Recover|p2a: Alakazam
|-heal|p2a: Alakazam|60/100
|
|-weather|Sandstorm|[upkeep]
|-heal|p1a: Clefable|23/100|[from] item: Leftovers
|upkeep
|turn|12
|c| Holy peperoni|i meant dragapult
|c| adorluigi|slot 1
|c| Holy peperoni|my bad
|c| adorluigi|lol
|
|t:|1601421249
|switch|p1a: Corviknight|Corviknight, F|51/100
|-ability|p1a: Corviknight|Pressure
|move|p2a: Alakazam|Psychic|p1a: Corviknight
|-resisted|p1a: Corviknight
|-damage|p1a: Corviknight|26/100
|
|-weather|none
|upkeep
|turn|13
|
|t:|1601421253
|move|p2a: Alakazam|Focus Blast|p1a: Corviknight
|-crit|p1a: Corviknight
|-damage|p1a: Corviknight|0 fnt
|faint|p1a: Corviknight
|
|upkeep
|c| Holy peperoni|adoriluigi
|c| adorluigi|no dragapult dood
|c| adorluigi|yes
|c| Holy peperoni|stfu
|
|t:|1601421260
|switch|p1a: Urshifu|Urshifu-Rapid-Strike, M|100/100
|turn|14
|
|t:|1601421263
|move|p1a: Urshifu|Aqua Jet|p2a: Alakazam
|-damage|p2a: Alakazam|0 fnt
|faint|p2a: Alakazam
|
|upkeep
|c| Holy peperoni|jk
|
|t:|1601421267
|switch|p2a: Tangrowth|Tangrowth, M|100/100
|turn|15
|c| adorluigi|smh
|
|t:|1601421274
|switch|p1a: Magnezone|Magnezone|72/100
|move|p2a: Tangrowth|Knock Off|p1a: Magnezone
|-damage|p1a: Magnezone|50/100
|-enditem|p1a: Magnezone|Choice Scarf|[from] move: Knock Off|[of] p2a: Tangrowth
|
|upkeep
|turn|16
|
|t:|1601421278
|switch|p2a: Tyranitar|Tyranitar, M|100/100
|-weather|Sandstorm|[from] ability: Sand Stream|[of] p2a: Tyranitar
|move|p1a: Magnezone|Volt Switch|p2a: Tyranitar
|-damage|p2a: Tyranitar|83/100
|c| Holy peperoni|dragagagle
|c| Holy peperoni|immo
|
|t:|1601421283
|switch|p1a: Urshifu|Urshifu-Rapid-Strike, M|100/100|[from]move: Volt Switch
|
|-weather|Sandstorm|[upkeep]
|-damage|p1a: Urshifu|94/100|[from] Sandstorm
|-heal|p2a: Tyranitar|89/100|[from] item: Leftovers
|upkeep
|turn|17
|c| adorluigi|thats a drag pluy
|
|t:|1601421288
|switch|p2a: Tangrowth|Tangrowth, M|100/100
|move|p1a: Urshifu|U-turn|p2a: Tangrowth
|-supereffective|p2a: Tangrowth
|-damage|p2a: Tangrowth|60/100
|-damage|p1a: Urshifu|78/100|[from] item: Rocky Helmet|[of] p2a: Tangrowth
|
|t:|1601421295
|switch|p1a: Dragalge|Dragalge, M|100/100|[from]move: U-turn
|
|-weather|Sandstorm|[upkeep]
|-damage|p1a: Dragalge|94/100|[from] Sandstorm
|-damage|p2a: Tangrowth|54/100|[from] Sandstorm
|upkeep
|turn|18
|
|t:|1601421302
|switch|p2a: Tyranitar|Tyranitar, M|89/100
|move|p1a: Dragalge|Draco Meteor|p2a: Tyranitar
|-damage|p2a: Tyranitar|32/100
|-unboost|p1a: Dragalge|spa|2
|
|-weather|Sandstorm|[upkeep]
|-damage|p1a: Dragalge|88/100|[from] Sandstorm
|-heal|p2a: Tyranitar|38/100|[from] item: Leftovers
|upkeep
|turn|19
|
|t:|1601421307
|switch|p1a: Urshifu|Urshifu-Rapid-Strike, M|78/100
|move|p2a: Tyranitar|Earthquake|p1a: Urshifu
|-damage|p1a: Urshifu|48/100
|
|-weather|Sandstorm|[upkeep]
|-damage|p1a: Urshifu|42/100|[from] Sandstorm
|-heal|p2a: Tyranitar|45/100|[from] item: Leftovers
|upkeep
|turn|20
|
|t:|1601421310
|switch|p2a: Tangrowth|Tangrowth, M|87/100
|move|p1a: Urshifu|U-turn|p2a: Tangrowth
|-supereffective|p2a: Tangrowth
|-damage|p2a: Tangrowth|49/100
|-damage|p1a: Urshifu|26/100|[from] item: Rocky Helmet|[of] p2a: Tangrowth
|j| Armageddonsspike
|
|t:|1601421315
|switch|p1a: Dragalge|Dragalge, M|88/100|[from]move: U-turn
|
|-weather|none
|upkeep
|turn|21
|c| adorluigi|smh ddance on him
|
|t:|1601421320
|switch|p2a: Toxapex|Toxapex, M|100/100
|move|p1a: Dragalge|Sludge Wave|p2a: Toxapex
|-resisted|p2a: Toxapex
|-damage|p2a: Toxapex|69/100
|
|-heal|p2a: Toxapex|75/100|[from] item: Black Sludge
|upkeep
|turn|22
|j| GriffBallFrenzy
|l| GriffBallFrenzy
|c|☆kalifguest22|31
|c|☆kalifguest22|not bad
|
|t:|1601421330
|switch|p1a: Magnezone|Magnezone|50/100
|switch|p2a: Tyranitar|Tyranitar, M|45/100
|-weather|Sandstorm|[from] ability: Sand Stream|[of] p2a: Tyranitar
|
|-weather|Sandstorm|[upkeep]
|-heal|p2a: Tyranitar|51/100|[from] item: Leftovers
|upkeep
|turn|23
|
|t:|1601421336
|move|p1a: Magnezone|Body Press|p2a: Tyranitar
|-supereffective|p2a: Tyranitar
|-damage|p2a: Tyranitar|0 fnt
|faint|p2a: Tyranitar
|
|-weather|Sandstorm|[upkeep]
|upkeep
|c| adorluigi|dragon pants
|
|t:|1601421345
|switch|p2a: Clefable|Clefable, F|100/100
|turn|24
|
|t:|1601421348
|move|p1a: Magnezone|Flash Cannon|p2a: Clefable
|-supereffective|p2a: Clefable
|-damage|p2a: Clefable|23/100
|move|p2a: Clefable|Flamethrower|p1a: Magnezone
|-supereffective|p1a: Magnezone
|-damage|p1a: Magnezone|0 fnt
|faint|p1a: Magnezone
|
|-weather|Sandstorm|[upkeep]
|upkeep
|
|t:|1601421359
|switch|p1a: Urshifu|Urshifu-Rapid-Strike, M|26/100
|turn|25
|c| adorluigi|tail slap
|
|t:|1601421373
|switch|p2a: Tangrowth|Tangrowth, M|82/100
|move|p1a: Urshifu|U-turn|p2a: Tangrowth
|-supereffective|p2a: Tangrowth
|-damage|p2a: Tangrowth|45/100
|-damage|p1a: Urshifu|9/100|[from] item: Rocky Helmet|[of] p2a: Tangrowth
|
|t:|1601421382
|switch|p1a: Dragalge|Dragalge, M|88/100|[from]move: U-turn
|
|-weather|Sandstorm|[upkeep]
|-damage|p1a: Dragalge|82/100|[from] Sandstorm
|-damage|p2a: Tangrowth|38/100|[from] Sandstorm
|upkeep
|turn|26
|
|t:|1601421385
|switch|p2a: Toxapex|Toxapex, M|100/100
|move|p1a: Dragalge|Draco Meteor|p2a: Toxapex
|-damage|p2a: Toxapex|7/100
|-unboost|p1a: Dragalge|spa|2
|
|-weather|none
|-heal|p2a: Toxapex|13/100|[from] item: Black Sludge
|upkeep
|turn|27
|c| adorluigi|veru hurty
|
|t:|1601421397
|move|p1a: Dragalge|Draco Meteor|p2a: Toxapex
|-damage|p2a: Toxapex|0 fnt
|-unboost|p1a: Dragalge|spa|2
|faint|p2a: Toxapex
|
|upkeep
|
|t:|1601421399
|switch|p2a: Clefable|Clefable, F|23/100
|turn|28
|
|t:|1601421404
|switch|p1a: Tyranitar|Tyranitar, M|94/100
|-weather|Sandstorm|[from] ability: Sand Stream|[of] p1a: Tyranitar
|move|p2a: Clefable|Soft-Boiled|p2a: Clefable
|-heal|p2a: Clefable|73/100
|
|-weather|Sandstorm|[upkeep]
|upkeep
|turn|29
|c| adorluigi|asdfg
|
|t:|1601421410
|move|p2a: Clefable|Calm Mind|p2a: Clefable
|-boost|p2a: Clefable|spa|1
|-boost|p2a: Clefable|spd|1
|move|p1a: Tyranitar|Thunder Wave|p2a: Clefable
|-status|p2a: Clefable|par
|
|-weather|Sandstorm|[upkeep]
|upkeep
|turn|30
|
|t:|1601421413
|move|p1a: Tyranitar|Rock Blast|p2a: Clefable
|-damage|p2a: Clefable|64/100 par
|-damage|p2a: Clefable|55/100 par
|-damage|p2a: Clefable|45/100 par
|-damage|p2a: Clefable|36/100 par
|-damage|p2a: Clefable|28/100 par
|-hitcount|p2a: Clefable|5
|move|p2a: Clefable|Calm Mind|p2a: Clefable
|-boost|p2a: Clefable|spa|1
|-boost|p2a: Clefable|spd|1
|
|-weather|Sandstorm|[upkeep]
|upkeep
|turn|31
|
|t:|1601421420
|move|p1a: Tyranitar|Rock Blast|p2a: Clefable
|-damage|p2a: Clefable|20/100 par
|-damage|p2a: Clefable|11/100 par
|-crit|p2a: Clefable
|-damage|p2a: Clefable|0 fnt
|-hitcount|p2a: Clefable|3
|faint|p2a: Clefable
|
|-weather|Sandstorm|[upkeep]
|upkeep
|-message|Trogba Trogba forfeited.
|
|win|kalifguest22
|l|☆Trogba Trogba
|c| adorluigi|wow
|c|☆kalifguest22|ttar beats clef
|c|☆kalifguest22|gg
