|j|☆Sp0oNl0rD
|j|☆hh66tt
|t:|1645221979
|gametype|singles
|player|p1|Sp0oNl0rD|blackbelt-gen4dp|1735
|player|p2|hh66tt|101|1767
|teamsize|p1|6
|teamsize|p2|6
|gen|8
|tier|[Gen 8] OU
|rated|
|rule|Sleep Clause Mod: Limit one foe put to sleep
|rule|Species Clause: Limit one of each Pokémon
|rule|OHKO Clause: OHKO moves are banned
|rule|Evasion Moves Clause: Evasion moves are banned
|rule|Endless Battle Clause: Forcing endless battles is banned
|rule|HP Percentage Mod: HP is shown in percentages
|rule|Dynamax Clause: You cannot dynamax
|clearpoke
|poke|p1|Tapu Koko|
|poke|p1|Hippowdon, M|
|poke|p1|Tornadus-Therian, M|
|poke|p1|Skarmory, M|
|poke|p1|Reuniclus, M|
|poke|p1|Toxapex, M|
|poke|p2|Tapu Lele|
|poke|p2|Polteageist|
|poke|p2|Espeon, F|
|poke|p2|Hawlucha, M|
|poke|p2|Cloyster, F|
|poke|p2|Omastar, F|
|teampreview
|inactive|Battle timer is ON: inactive players will automatically lose when time's up. (requested by Sp0oNl0rD)
|
|t:|1645222007
|start
|switch|p1a: Tapu Koko|Tapu Koko|100/100
|switch|p2a: Tapu Lele|Tapu Lele, shiny|100/100
|-fieldstart|move: Electric Terrain|[from] ability: Electric Surge|[of] p1a: Tapu Koko
|-fieldstart|move: Psychic Terrain|[from] ability: Psychic Surge|[of] p2a: Tapu Lele
|turn|1
|j| 0SiegeWarfare
|
|t:|1645222026
|switch|p1a: Tornadus|Tornadus-Therian, M|100/100
|move|p2a: Tapu Lele|Nature's Madness|p1a: Tornadus
|-damage|p1a: Tornadus|51/100
|
|upkeep
|turn|2
|
|t:|1645222030
|switch|p2a: Espeon|Espeon, F, shiny|100/100
|move|p1a: Tornadus|U-turn|p2a: Espeon
|-supereffective|p2a: Espeon
|-damage|p2a: Espeon|44/100
|-enditem|p2a: Espeon|Eject Button
|
|t:|1645222052
|switch|p2a: Polteageist|Polteageist, shiny|100/100
|
|upkeep
|turn|3
|
|t:|1645222056
|move|p1a: Tornadus|U-turn|p2a: Polteageist
|-resisted|p2a: Polteageist
|-damage|p2a: Polteageist|88/100
|-ability|p2a: Polteageist|Weak Armor|boost
|-unboost|p2a: Polteageist|def|1
|-boost|p2a: Polteageist|spe|2
|
|t:|1645222058
|switch|p1a: Hippowdon|Hippowdon, M|100/100|[from]move: U-turn
|-weather|Sandstorm|[from] ability: Sand Stream|[of] p1a: Hippowdon
|move|p2a: Polteageist|Shell Smash|p2a: Polteageist
|-unboost|p2a: Polteageist|def|1
|-unboost|p2a: Polteageist|spd|1
|-boost|p2a: Polteageist|atk|2
|-boost|p2a: Polteageist|spa|2
|-boost|p2a: Polteageist|spe|2
|
|-weather|Sandstorm|[upkeep]
|-damage|p2a: Polteageist|82/100|[from] Sandstorm
|upkeep
|turn|4
|
|t:|1645222062
|move|p2a: Polteageist|Stored Power|p1a: Hippowdon
|-damage|p1a: Hippowdon|0 fnt
|faint|p1a: Hippowdon
|
|-weather|Sandstorm|[upkeep]
|-damage|p2a: Polteageist|76/100|[from] Sandstorm
|upkeep
|c| 0SiegeWarfare|ggs
|
|t:|1645222068
|switch|p1a: Skarmory|Skarmory, M|100/100
|turn|5
|
|t:|1645222072
|move|p2a: Polteageist|Stored Power|p1a: Skarmory
|-resisted|p1a: Skarmory
|-ability|p1a: Skarmory|Sturdy
|-damage|p1a: Skarmory|1/100
|move|p1a: Skarmory|Whirlwind|p2a: Polteageist
|drag|p2a: Omastar|Omastar, F, shiny|100/100
|
|-weather|Sandstorm|[upkeep]
|upkeep
|turn|6
|
|t:|1645222076
|move|p2a: Omastar|Surf|p1a: Skarmory
|-damage|p1a: Skarmory|0 fnt
|faint|p1a: Skarmory
|
|-weather|Sandstorm|[upkeep]
|upkeep
|
|t:|1645222078
|switch|p1a: Tapu Koko|Tapu Koko|100/100
|-fieldstart|move: Electric Terrain|[from] ability: Electric Surge|[of] p1a: Tapu Koko
|turn|7
|
|t:|1645222084
|switch|p2a: Espeon|Espeon, F, shiny|44/100
|move|p1a: Tapu Koko|Calm Mind|p1a: Tapu Koko
|-boost|p1a: Tapu Koko|spa|1
|-boost|p1a: Tapu Koko|spd|1
|
|-weather|none
|upkeep
|turn|8
|
|t:|1645222093
|move|p1a: Tapu Koko|Calm Mind|p1a: Tapu Koko
|-boost|p1a: Tapu Koko|spa|1
|-boost|p1a: Tapu Koko|spd|1
|move|p2a: Espeon|Expanding Force|p1a: Tapu Koko
|-damage|p1a: Tapu Koko|68/100
|
|upkeep
|turn|9
|
|t:|1645222096
|switch|p2a: Tapu Lele|Tapu Lele, shiny|100/100
|-fieldstart|move: Psychic Terrain|[from] ability: Psychic Surge|[of] p2a: Tapu Lele
|move|p1a: Tapu Koko|Calm Mind|p1a: Tapu Koko
|-boost|p1a: Tapu Koko|spa|1
|-boost|p1a: Tapu Koko|spd|1
|
|upkeep
|turn|10
|
|t:|1645222105
|move|p1a: Tapu Koko|Roost|p1a: Tapu Koko
|-heal|p1a: Tapu Koko|100/100
|-singleturn|p1a: Tapu Koko|move: Roost
|move|p2a: Tapu Lele|Psyshock|p1a: Tapu Koko
|-damage|p1a: Tapu Koko|26/100
|
|upkeep
|turn|11
|j| dieMoldau
|
|t:|1645222107
|move|p1a: Tapu Koko|Thunderbolt|p2a: Tapu Lele
|-damage|p2a: Tapu Lele|7/100
|move|p2a: Tapu Lele|Psyshock|p1a: Tapu Koko
|-damage|p1a: Tapu Koko|0 fnt
|faint|p1a: Tapu Koko
|
|upkeep
|-message|Sp0oNl0rD forfeited.
|
|win|hh66tt
|raw|Sp0oNl0rD's rating: 1735 &rarr; <strong>1717</strong><br />(-18 for losing)
|raw|hh66tt's rating: 1767 &rarr; <strong>1785</strong><br />(+18 for winning)
|l|☆Sp0oNl0rD
|l|☆hh66tt
