|j|☆minimax_ai
|j|☆iopkj09
|t:|1665549826
|gametype|singles
|player|p1|minimax_ai|lusamine-nihilego|1609
|player|p2|iopkj09|nate|1625
|teamsize|p1|6
|teamsize|p2|6
|gen|8
|tier|[Gen 8] OU
|rated|
|rule|Sleep Clause Mod: Limit one foe put to sleep
|rule|Species Clause: Limit one of each Pokémon
|rule|OHKO Clause: OHKO moves are banned
|rule|Evasion Items Clause: Evasion items are banned
|rule|Evasion Moves Clause: Evasion moves are banned
|rule|Endless Battle Clause: Forcing endless battles is banned
|rule|HP Percentage Mod: HP is shown in percentages
|rule|Dynamax Clause: You cannot dynamax
|clearpoke
|poke|p1|Rotom-Wash|
|poke|p1|Weavile, M|
|poke|p1|Landorus-Therian, M|
|poke|p1|Heatran, M|
|poke|p1|Tangrowth, M|
|poke|p1|Melmetal|
|poke|p2|Garchomp, M|
|poke|p2|Zapdos|
|poke|p2|Rillaboom, M|
|poke|p2|Tapu Lele|
|poke|p2|Volcanion|
|poke|p2|Weavile, F|
|teampreview
|inactive|Battle timer is ON: inactive players will automatically lose when time's up. (requested by iopkj09)
|c|☆minimax_ai|hf
|inactive|minimax_ai also wants the timer to be on.
|
|t:|1665549838
|start
|switch|p1a: Melmetal|Melmetal|100/100
|switch|p2a: Weavile|Weavile, F|100/100
|-ability|p2a: Weavile|Pressure
|turn|1
|j| PANDA EXPRESS HR
|
|t:|1665549840
|move|p2a: Weavile|Knock Off|p1a: Melmetal
|-damage|p1a: Melmetal|72/100
|-enditem|p1a: Melmetal|Assault Vest|[from] move: Knock Off|[of] p2a: Weavile
|move|p1a: Melmetal|Double Iron Bash|p2a: Weavile
|-supereffective|p2a: Weavile
|-enditem|p2a: Weavile|Focus Sash
|-damage|p2a: Weavile|1/100
|-supereffective|p2a: Weavile
|-damage|p2a: Weavile|0 fnt
|faint|p2a: Weavile
|-hitcount|p2: Weavile|2
|
|upkeep
|
|t:|1665549843
|switch|p2a: Volcanion|Volcanion|100/100
|turn|2
|
|t:|1665549850
|switch|p2a: Tapu Lele|Tapu Lele|100/100
|-fieldstart|move: Psychic Terrain|[from] ability: Psychic Surge|[of] p2a: Tapu Lele
|switch|p1a: rotomwash|Rotom-Wash|100/100
|
|upkeep
|turn|3
|
|t:|1665549853
|switch|p1a: landorustherian|Landorus-Therian, M|100/100
|-ability|p1a: landorustherian|Intimidate|boost
|-unboost|p2a: Tapu Lele|atk|1
|move|p2a: Tapu Lele|Moonblast|p1a: landorustherian
|-damage|p1a: landorustherian|47/100
|-unboost|p1a: landorustherian|spa|1
|
|-heal|p1a: landorustherian|53/100|[from] item: Leftovers
|upkeep
|turn|4
|
|t:|1665549855
|switch|p1a: Melmetal|Melmetal|72/100
|move|p2a: Tapu Lele|Moonblast|p1a: Melmetal
|-resisted|p1a: Melmetal
|-damage|p1a: Melmetal|42/100
|-unboost|p1a: Melmetal|spa|1
|
|upkeep
|turn|5
|
|t:|1665549859
|switch|p2a: Volcanion|Volcanion|100/100
|move|p1a: Melmetal|Double Iron Bash|p2a: Volcanion
|-resisted|p2a: Volcanion
|-damage|p2a: Volcanion|93/100
|-resisted|p2a: Volcanion
|-damage|p2a: Volcanion|86/100
|-hitcount|p2a: Volcanion|2
|
|upkeep
|turn|6
|
|t:|1665549865
|switch|p1a: rotomwash|Rotom-Wash|100/100
|move|p2a: Volcanion|Steam Eruption|p1a: rotomwash
|-resisted|p1a: rotomwash
|-damage|p1a: rotomwash|75/100
|
|-heal|p1a: rotomwash|81/100|[from] item: Leftovers
|-fieldend|move: Psychic Terrain
|upkeep
|turn|7
|
|t:|1665549867
|move|p1a: rotomwash|Thunderbolt|p2a: Volcanion
|-supereffective|p2a: Volcanion
|-damage|p2a: Volcanion|47/100
|move|p2a: Volcanion|Steam Eruption|p1a: rotomwash
|-resisted|p1a: rotomwash
|-damage|p1a: rotomwash|55/100
|
|-heal|p1a: rotomwash|62/100|[from] item: Leftovers
|upkeep
|turn|8
|
|t:|1665549870
|move|p1a: rotomwash|Thunderbolt|p2a: Volcanion
|-supereffective|p2a: Volcanion
|-damage|p2a: Volcanion|4/100
|move|p2a: Volcanion|Steam Eruption|p1a: rotomwash
|-resisted|p1a: rotomwash
|-damage|p1a: rotomwash|36/100
|
|-heal|p1a: rotomwash|42/100|[from] item: Leftovers
|upkeep
|turn|9
|
|t:|1665549871
|move|p1a: rotomwash|Thunderbolt|p2a: Volcanion
|-supereffective|p2a: Volcanion
|-damage|p2a: Volcanion|0 fnt
|faint|p2a: Volcanion
|
|-heal|p1a: rotomwash|49/100|[from] item: Leftovers
|upkeep
|
|t:|1665549873
|switch|p2a: Tapu Lele|Tapu Lele|100/100
|-fieldstart|move: Psychic Terrain|[from] ability: Psychic Surge|[of] p2a: Tapu Lele
|turn|10
|
|t:|1665549874
|switch|p1a: Melmetal|Melmetal|42/100
|move|p2a: Tapu Lele|Psychic|p1a: Melmetal
|-resisted|p1a: Melmetal
|-damage|p1a: Melmetal|3/100
|
|upkeep
|turn|11
|
|t:|1665549876
|switch|p1a: Weavile|Weavile, M|100/100
|-ability|p1a: Weavile|Pressure
|move|p2a: Tapu Lele|Psychic|p1a: Weavile
|-immune|p1a: Weavile
|
|upkeep
|turn|12
|
|t:|1665549878
|switch|p2a: Rillaboom|Rillaboom, M|100/100
|-fieldstart|move: Grassy Terrain|[from] ability: Grassy Surge|[of] p2a: Rillaboom
|move|p1a: Weavile|Triple Axel|p2a: Rillaboom
|-supereffective|p2a: Rillaboom
|-damage|p2a: Rillaboom|69/100
|-supereffective|p2a: Rillaboom
|-damage|p2a: Rillaboom|5/100
|-supereffective|p2a: Rillaboom
|-damage|p2a: Rillaboom|0 fnt
|faint|p2a: Rillaboom
|-hitcount|p2: Rillaboom|3
|
|upkeep
|
|t:|1665549880
|switch|p2a: Tapu Lele|Tapu Lele|100/100
|-fieldstart|move: Psychic Terrain|[from] ability: Psychic Surge|[of] p2a: Tapu Lele
|turn|13
|
|t:|1665549881
|move|p1a: Weavile|Triple Axel|p2a: Tapu Lele
|-damage|p2a: Tapu Lele|78/100
|-damage|p2a: Tapu Lele|31/100
|-damage|p2a: Tapu Lele|0 fnt
|faint|p2a: Tapu Lele
|-hitcount|p2: Tapu Lele|3
|
|upkeep
|
|t:|1665549886
|switch|p2a: Garchomp|Garchomp, M, shiny|100/100
|turn|14
|
|t:|1665549887
|move|p2a: Garchomp|Iron Head|p1a: Weavile
|-supereffective|p1a: Weavile
|-damage|p1a: Weavile|2/100
|move|p1a: Weavile|Triple Axel|p2a: Garchomp
|-supereffective|p2a: Garchomp
|-damage|p2a: Garchomp|43/100
|-damage|p1a: Weavile|0 fnt|[from] ability: Rough Skin|[of] p2a: Garchomp
|faint|p1a: Weavile
|-hitcount|p2a: Garchomp|1
|
|upkeep
|
|t:|1665549888
|switch|p1a: rotomwash|Rotom-Wash|49/100
|turn|15
|
|t:|1665549890
|switch|p2a: Zapdos|Zapdos, shiny|100/100
|move|p1a: rotomwash|Pain Split|p2a: Zapdos
|-sethp|p2a: Zapdos|73/100|[from] move: Pain Split|[silent]
|-sethp|p1a: rotomwash|77/100|[from] move: Pain Split
|
|-heal|p1a: rotomwash|84/100|[from] item: Leftovers
|upkeep
|turn|16
|
|t:|1665549892
|move|p2a: Zapdos|Thunderbolt|p1a: rotomwash
|-damage|p1a: rotomwash|34/100
|move|p1a: rotomwash|Thunderbolt|p2a: Zapdos
|-damage|p2a: Zapdos|33/100
|
|-heal|p1a: rotomwash|41/100|[from] item: Leftovers
|upkeep
|turn|17
|
|t:|1665549894
|switch|p1a: Heatran|Heatran, M|100/100
|-item|p1a: Heatran|Air Balloon
|move|p2a: Zapdos|Thunderbolt|p1a: Heatran
|-damage|p1a: Heatran|53/100
|-enditem|p1a: Heatran|Air Balloon
|
|-fieldend|move: Psychic Terrain
|upkeep
|turn|18
|
|t:|1665549897
|move|p2a: Zapdos|Thunderbolt|p1a: Heatran
|-damage|p1a: Heatran|10/100
|-status|p1a: Heatran|par
|move|p1a: Heatran|Magma Storm|p2a: Zapdos
|-damage|p2a: Zapdos|0 fnt
|faint|p2a: Zapdos
|
|upkeep
|
|t:|1665549899
|switch|p2a: Garchomp|Garchomp, M, shiny|43/100
|turn|19
|
|t:|1665549902
|switch|p1a: Tangrowth|Tangrowth, M|100/100
|move|p2a: Garchomp|Outrage|p1a: Tangrowth
|-damage|p1a: Tangrowth|69/100
|-damage|p2a: Garchomp|27/100|[from] item: Rocky Helmet|[of] p1a: Tangrowth
|
|upkeep
|turn|20
|
|t:|1665549905
|move|p2a: Garchomp|Outrage|p1a: Tangrowth|[from]lockedmove
|-damage|p1a: Tangrowth|33/100
|-damage|p2a: Garchomp|10/100|[from] item: Rocky Helmet|[of] p1a: Tangrowth
|move|p1a: Tangrowth|Giga Drain|p2a: Garchomp
|-damage|p2a: Garchomp|0 fnt
|-heal|p1a: Tangrowth|37/100|[from] drain|[of] p2a: Garchomp
|faint|p2a: Garchomp
|
|win|minimax_ai
|raw|minimax_ai's rating: 1609 &rarr; <strong>1631</strong><br />(+22 for winning)
|raw|iopkj09's rating: 1643 &rarr; <strong>1621</strong><br />(-22 for losing)
|c|☆minimax_ai|gg
