|html|<div class="broadcast-blue"><strong>[Gen 8] OU is currently suspecting Zamazenta-Crowned! For information on how to participate check out the <a href="https://www.smogon.com/forums/threads/np-ss-ou-suspect-process-round-10-royals.3681787/">suspect thread</a>.</strong></div>
|j|☆Ngres
|j|☆vagmak
|t:|1619077077
|gametype|singles
|player|p1|Ngres|tuber|1542
|player|p2|vagmak|brawly|1513
|teamsize|p1|6
|teamsize|p2|6
|gen|8
|tier|[Gen 8] OU
|rated|
|clearpoke
|poke|p1|Nidoking, M|
|poke|p1|Slowking, F|
|poke|p1|Rillaboom, M|
|poke|p1|Heatran, F|
|poke|p1|Landorus-Therian, M|
|poke|p1|Tornadus-Therian, M|
|poke|p2|Azumarill, F|
|poke|p2|Garchomp, F|
|poke|p2|Melmetal|
|poke|p2|Latios, M|
|poke|p2|Blaziken, F|
|poke|p2|Bisharp, F|
|rule|Sleep Clause Mod: Limit one foe put to sleep
|rule|Species Clause: Limit one of each Pokémon
|rule|OHKO Clause: OHKO moves are banned
|rule|Evasion Moves Clause: Evasion moves are banned
|rule|Endless Battle Clause: Forcing endless battles is banned
|rule|HP Percentage Mod: HP is shown in percentages
|rule|Dynamax Clause: You cannot dynamax
|teampreview
|
|t:|1619077084
|start
|switch|p1a: Landorus|Landorus-Therian, M|100/100
|switch|p2a: Latios|Latios, M|100/100
|-ability|p1a: Landorus|Intimidate|boost
|-unboost|p2a: Latios|atk|1
|turn|1
|inactive|Battle timer is ON: inactive players will automatically lose when time's up. (requested by vagmak)
|inactive|Ngres also wants the timer to be on.
|
|t:|1619077097
|switch|p2a: Garchomp|Garchomp, F|100/100
|move|p1a: Landorus|U-turn|p2a: Garchomp
|-damage|p2a: Garchomp|74/100
|-damage|p1a: Landorus|88/100|[from] ability: Rough Skin|[of] p2a: Garchomp
|
|t:|1619077124
|switch|p1a: Rillaboom|Rillaboom, M|100/100|[from]move: U-turn
|-fieldstart|move: Grassy Terrain|[from] ability: Grassy Surge|[of] p1a: Rillaboom
|
|-heal|p2a: Garchomp|80/100|[from] Grassy Terrain
|upkeep
|turn|2
|
|t:|1619077132
|move|p1a: Rillaboom|Grassy Glide|p2a: Garchomp
|-damage|p2a: Garchomp|0 fnt
|-damage|p1a: Rillaboom|88/100|[from] ability: Rough Skin|[of] p2a: Garchomp
|faint|p2a: Garchomp
|
|-heal|p1a: Rillaboom|94/100|[from] Grassy Terrain
|upkeep
|
|t:|1619077140
|switch|p2a: Blaziken|Blaziken, F, shiny|100/100
|turn|3
|
|t:|1619077153
|switch|p1a: Landorus|Landorus-Therian, M|88/100
|-ability|p1a: Landorus|Intimidate|boost
|-unboost|p2a: Blaziken|atk|1
|move|p2a: Blaziken|Flare Blitz|p1a: Landorus
|-damage|p1a: Landorus|23/100
|-damage|p2a: Blaziken|78/100|[from] Recoil
|-damage|p2a: Blaziken|68/100|[from] item: Life Orb
|
|-heal|p2a: Blaziken|74/100|[from] Grassy Terrain
|-ability|p2a: Blaziken|Speed Boost|boost
|-boost|p2a: Blaziken|spe|1
|upkeep
|turn|4
|
|t:|1619077167
|move|p1a: Landorus|Earthquake|p2a: Blaziken
|-supereffective|p2a: Blaziken
|-damage|p2a: Blaziken|0 fnt
|faint|p2a: Blaziken
|
|upkeep
|
|t:|1619077172
|switch|p2a: Latios|Latios, M|100/100
|turn|5
|
|t:|1619077178
|switch|p1a: Slowking|Slowking, F|100/100
|switch|p2a: Azumarill|Azumarill, F|100/100
|
|-fieldend|move: Grassy Terrain
|upkeep
|turn|6
|
|t:|1619077185
|move|p2a: Azumarill|Belly Drum|p2a: Azumarill
|-damage|p2a: Azumarill|50/100
|-setboost|p2a: Azumarill|atk|6|[from] move: Belly Drum
|-enditem|p2a: Azumarill|Sitrus Berry|[eat]
|-heal|p2a: Azumarill|75/100|[from] item: Sitrus Berry
|move|p1a: Slowking|Future Sight|p2a: Azumarill
|-start|p1a: Slowking|move: Future Sight
|
|upkeep
|turn|7
|
|t:|1619077198
|move|p2a: Azumarill|Play Rough|p1a: Slowking
|-damage|p1a: Slowking|0 fnt
|faint|p1a: Slowking
|
|upkeep
|
|t:|1619077203
|switch|p1a: Rillaboom|Rillaboom, M|94/100
|-fieldstart|move: Grassy Terrain|[from] ability: Grassy Surge|[of] p1a: Rillaboom
|turn|8
|
|t:|1619077208
|switch|p2a: Melmetal|Melmetal|100/100
|move|p1a: Rillaboom|Grassy Glide|p2a: Melmetal
|-resisted|p2a: Melmetal
|-damage|p2a: Melmetal|77/100
|
|-end|p2a: Melmetal|move: Future Sight
|-resisted|p2a: Melmetal
|-damage|p2a: Melmetal|65/100
|-heal|p1a: Rillaboom|100/100|[from] Grassy Terrain
|-heal|p2a: Melmetal|71/100|[from] Grassy Terrain
|upkeep
|turn|9
|
|t:|1619077221
|switch|p1a: Tornadus|Tornadus-Therian, M|100/100
|move|p2a: Melmetal|Double Iron Bash|p1a: Tornadus
|-damage|p1a: Tornadus|40/100
|-crit|p1a: Tornadus
|-damage|p1a: Tornadus|0 fnt
|-hitcount|p1a: Tornadus|2
|faint|p1a: Tornadus
|
|-heal|p2a: Melmetal|77/100|[from] Grassy Terrain
|upkeep
|
|t:|1619077236
|switch|p1a: Heatran|Heatran, F|100/100
|turn|10
|
|t:|1619077241
|move|p1a: Heatran|Magma Storm|p2a: Melmetal|[miss]
|-miss|p1a: Heatran|p2a: Melmetal
|move|p2a: Melmetal|Earthquake|p1a: Heatran
|-supereffective|p1a: Heatran
|-damage|p1a: Heatran|34/100
|
|-heal|p1a: Heatran|40/100|[from] Grassy Terrain
|-heal|p1a: Heatran|47/100|[from] item: Leftovers
|-heal|p2a: Melmetal|83/100|[from] Grassy Terrain
|upkeep
|turn|11
|
|t:|1619077252
|switch|p2a: Azumarill|Azumarill, F|75/100
|move|p1a: Heatran|Magma Storm|p2a: Azumarill
|-resisted|p2a: Azumarill
|-damage|p2a: Azumarill|53/100
|-activate|p2a: Azumarill|move: Magma Storm|[of] p1a: Heatran
|
|-heal|p1a: Heatran|53/100|[from] Grassy Terrain
|-heal|p1a: Heatran|59/100|[from] item: Leftovers
|-heal|p2a: Azumarill|59/100|[from] Grassy Terrain
|-damage|p2a: Azumarill|47/100|[from] move: Magma Storm|[partiallytrapped]
|upkeep
|turn|12
|
|t:|1619077266
|move|p1a: Heatran|Protect|p1a: Heatran
|-singleturn|p1a: Heatran|Protect
|move|p2a: Azumarill|Play Rough|p1a: Heatran
|-activate|p1a: Heatran|move: Protect
|
|-heal|p1a: Heatran|65/100|[from] Grassy Terrain
|-heal|p1a: Heatran|71/100|[from] item: Leftovers
|-heal|p2a: Azumarill|53/100|[from] Grassy Terrain
|-fieldend|move: Grassy Terrain
|-damage|p2a: Azumarill|41/100|[from] move: Magma Storm|[partiallytrapped]
|upkeep
|turn|13
|
|t:|1619077282
|switch|p1a: Rillaboom|Rillaboom, M|100/100
|-fieldstart|move: Grassy Terrain|[from] ability: Grassy Surge|[of] p1a: Rillaboom
|move|p2a: Azumarill|Liquidation|p1a: Rillaboom
|-resisted|p1a: Rillaboom
|-damage|p1a: Rillaboom|72/100
|-unboost|p1a: Rillaboom|def|1
|
|-heal|p1a: Rillaboom|78/100|[from] Grassy Terrain
|-heal|p2a: Azumarill|47/100|[from] Grassy Terrain
|-end|p2a: Azumarill|Magma Storm|[partiallytrapped]|[silent]
|upkeep
|turn|14
|
|t:|1619077295
|switch|p2a: Melmetal|Melmetal|83/100
|move|p1a: Rillaboom|U-turn|p2a: Melmetal
|-resisted|p2a: Melmetal
|-crit|p2a: Melmetal
|-damage|p2a: Melmetal|65/100
|
|t:|1619077307
|switch|p1a: Heatran|Heatran, F|71/100|[from]move: U-turn
|
|-heal|p1a: Heatran|78/100|[from] Grassy Terrain
|-heal|p1a: Heatran|84/100|[from] item: Leftovers
|-heal|p2a: Melmetal|71/100|[from] Grassy Terrain
|upkeep
|turn|15
|
|t:|1619077322
|move|p1a: Heatran|Magma Storm|p2a: Melmetal
|-supereffective|p2a: Melmetal
|-damage|p2a: Melmetal|26/100
|-activate|p2a: Melmetal|move: Magma Storm|[of] p1a: Heatran
|move|p2a: Melmetal|Earthquake|p1a: Heatran
|-supereffective|p1a: Heatran
|-damage|p1a: Heatran|10/100
|
|-heal|p1a: Heatran|17/100|[from] Grassy Terrain
|-heal|p1a: Heatran|23/100|[from] item: Leftovers
|-heal|p2a: Melmetal|32/100|[from] Grassy Terrain
|-damage|p2a: Melmetal|19/100|[from] move: Magma Storm|[partiallytrapped]
|upkeep
|turn|16
|
|t:|1619077336
|move|p1a: Heatran|Protect|p1a: Heatran
|-singleturn|p1a: Heatran|Protect
|move|p2a: Melmetal|Earthquake|p1a: Heatran
|-activate|p1a: Heatran|move: Protect
|
|-heal|p1a: Heatran|29/100|[from] Grassy Terrain
|-heal|p1a: Heatran|35/100|[from] item: Leftovers
|-heal|p2a: Melmetal|25/100|[from] Grassy Terrain
|-damage|p2a: Melmetal|13/100|[from] move: Magma Storm|[partiallytrapped]
|upkeep
|turn|17
|
|t:|1619077348
|move|p1a: Heatran|Earth Power|p2a: Melmetal
|-supereffective|p2a: Melmetal
|-damage|p2a: Melmetal|0 fnt
|faint|p2a: Melmetal
|
|-heal|p1a: Heatran|41/100|[from] Grassy Terrain
|-heal|p1a: Heatran|48/100|[from] item: Leftovers
|-fieldend|move: Grassy Terrain
|upkeep
|
|t:|1619077356
|switch|p2a: Azumarill|Azumarill, F|47/100
|turn|18
|
|t:|1619077362
|move|p1a: Heatran|Protect|p1a: Heatran
|-singleturn|p1a: Heatran|Protect
|move|p2a: Azumarill|Play Rough|p1a: Heatran
|-activate|p1a: Heatran|move: Protect
|
|-heal|p1a: Heatran|54/100|[from] item: Leftovers
|upkeep
|turn|19
|
|t:|1619077372
|move|p1a: Heatran|Earth Power|p2a: Azumarill
|-damage|p2a: Azumarill|22/100
|move|p2a: Azumarill|Play Rough|p1a: Heatran
|-resisted|p1a: Heatran
|-damage|p1a: Heatran|41/100
|
|-heal|p1a: Heatran|47/100|[from] item: Leftovers
|upkeep
|turn|20
|
|t:|1619077381
|move|p2a: Azumarill|Aqua Jet|p1a: Heatran
|-supereffective|p1a: Heatran
|-damage|p1a: Heatran|3/100
|move|p1a: Heatran|Earth Power|p2a: Azumarill
|-damage|p2a: Azumarill|0 fnt
|faint|p2a: Azumarill
|
|-heal|p1a: Heatran|10/100|[from] item: Leftovers
|upkeep
|
|t:|1619077392
|switch|p2a: Latios|Latios, M|100/100
|turn|21
|
|t:|1619077397
|move|p2a: Latios|Psychic|p1a: Heatran
|-resisted|p1a: Heatran
|-damage|p1a: Heatran|0 fnt
|faint|p1a: Heatran
|
|upkeep
|
|t:|1619077403
|switch|p1a: Landorus|Landorus-Therian, M|23/100
|-ability|p1a: Landorus|Intimidate|boost
|-unboost|p2a: Latios|atk|1
|turn|22
|
|t:|1619077413
|move|p1a: Landorus|U-turn|p2a: Latios
|-supereffective|p2a: Latios
|-damage|p2a: Latios|30/100
|
|t:|1619077418
|switch|p1a: Rillaboom|Rillaboom, M|78/100|[from]move: U-turn
|-fieldstart|move: Grassy Terrain|[from] ability: Grassy Surge|[of] p1a: Rillaboom
|move|p2a: Latios|Psychic|p1a: Rillaboom
|-damage|p1a: Rillaboom|0 fnt
|faint|p1a: Rillaboom
|
|upkeep
|
|t:|1619077427
|switch|p1a: Landorus|Landorus-Therian, M|23/100
|-ability|p1a: Landorus|Intimidate|boost
|-unboost|p2a: Latios|atk|1
|turn|23
|
|t:|1619077432
|switch|p2a: Bisharp|Bisharp, F|100/100
|move|p1a: Landorus|U-turn|p2a: Bisharp
|-damage|p2a: Bisharp|74/100
|
|t:|1619077437
|switch|p1a: Nidoking|Nidoking, M|100/100|[from]move: U-turn
|
|-heal|p2a: Bisharp|80/100|[from] Grassy Terrain
|upkeep
|turn|24
|
|t:|1619077445
|move|p2a: Bisharp|Sucker Punch|p1a: Nidoking
|-crit|p1a: Nidoking
|-damage|p1a: Nidoking|0 fnt
|-damage|p2a: Bisharp|70/100|[from] item: Life Orb
|faint|p1a: Nidoking
|
|-heal|p2a: Bisharp|76/100|[from] Grassy Terrain
|upkeep
|c|☆Ngres|..
|
|t:|1619077454
|switch|p1a: Landorus|Landorus-Therian, M|23/100
|-ability|p1a: Landorus|Intimidate|boost
|-unboost|p2a: Bisharp|atk|1
|-ability|p2a: Bisharp|Defiant
|-boost|p2a: Bisharp|atk|2
|turn|25
|
|t:|1619077463
|move|p2a: Bisharp|Sucker Punch||[still]
|-fail|p2a: Bisharp
|move|p1a: Landorus|Stealth Rock|p2a: Bisharp
|-sidestart|p2: vagmak|move: Stealth Rock
|
|-heal|p2a: Bisharp|82/100|[from] Grassy Terrain
|upkeep
|turn|26
|-message|Ngres forfeited.
|
|win|vagmak
|raw|Ngres's rating: 1542 &rarr; <strong>1520</strong><br />(-22 for losing)
|raw|vagmak's rating: 1513 &rarr; <strong>1535</strong><br />(+22 for winning)
|l|☆Ngres
|l|☆vagmak
