|j|☆Mel2345
|j|☆jaqwsedrftg
|t:|1642234331
|gametype|singles
|player|p1|Mel2345|cheren-gen5bw2|1589
|player|p2|jaqwsedrftg|266|1568
|teamsize|p1|6
|teamsize|p2|6
|gen|8
|tier|[Gen 8] OU
|rated|
|rule|Sleep Clause Mod: Limit one foe put to sleep
|rule|Species Clause: Limit one of each Pokémon
|rule|OHKO Clause: OHKO moves are banned
|rule|Evasion Moves Clause: Evasion moves are banned
|rule|Endless Battle Clause: Forcing endless battles is banned
|rule|HP Percentage Mod: HP is shown in percentages
|rule|Dynamax Clause: You cannot dynamax
|clearpoke
|poke|p1|Weavile, F|
|poke|p1|Tapu Lele|
|poke|p1|Magnezone|
|poke|p1|Tapu Fini|
|poke|p1|Landorus-Therian, M|
|poke|p1|Corviknight, M|
|poke|p2|Blacephalon|
|poke|p2|Volcarona, M|
|poke|p2|Swampert, M|
|poke|p2|Corviknight, M|
|poke|p2|Landorus-Therian, M|
|poke|p2|Kartana|
|teampreview
|inactive|Battle timer is ON: inactive players will automatically lose when time's up. (requested by Mel2345)
|c|☆jaqwsedrftg|glhf
|c|☆Mel2345|u2
|
|t:|1642234358
|start
|switch|p1a: Tapu Fini|Tapu Fini|100/100
|switch|p2a: Swampert|Swampert, M|100/100
|-fieldstart|move: Misty Terrain|[from] ability: Misty Surge|[of] p1a: Tapu Fini
|turn|1
|
|t:|1642234366
|move|p1a: Tapu Fini|Taunt|p2a: Swampert
|-start|p2a: Swampert|move: Taunt
|move|p2a: Swampert|Earthquake|p1a: Tapu Fini
|-damage|p1a: Tapu Fini|47/100
|
|-heal|p1a: Tapu Fini|53/100|[from] item: Leftovers
|upkeep
|turn|2
|
|t:|1642234394
|switch|p1a: Corviknight|Corviknight, M|100/100
|-ability|p1a: Corviknight|Pressure
|move|p2a: Swampert|Earthquake|p1a: Corviknight
|-immune|p1a: Corviknight
|
|upkeep
|turn|3
|
|t:|1642234400
|switch|p2a: Blacephalon|Blacephalon|100/100
|move|p1a: Corviknight|U-turn|p2a: Blacephalon
|-resisted|p2a: Blacephalon
|-damage|p2a: Blacephalon|93/100
|
|t:|1642234406
|switch|p1a: Weavile|Weavile, F|100/100|[from]move: U-turn
|-ability|p1a: Weavile|Pressure
|
|upkeep
|turn|4
|
|t:|1642234414
|switch|p1a: Landorus|Landorus-Therian, M|100/100
|-ability|p1a: Landorus|Intimidate|boost
|-unboost|p2a: Blacephalon|atk|1
|switch|p2a: Corviknight|Corviknight, M|100/100
|-ability|p2a: Corviknight|Pressure
|
|upkeep
|turn|5
|
|t:|1642234420
|move|p1a: Landorus|Stealth Rock|p2a: Corviknight
|-sidestart|p2: jaqwsedrftg|move: Stealth Rock
|move|p2a: Corviknight|Brave Bird|p1a: Landorus
|-damage|p1a: Landorus|72/100
|-damage|p2a: Corviknight|91/100|[from] Recoil
|
|-heal|p1a: Landorus|78/100|[from] item: Leftovers
|-fieldend|Misty Terrain
|upkeep
|turn|6
|
|t:|1642234425
|switch|p1a: Magnezone|Magnezone|100/100
|move|p2a: Corviknight|U-turn|p1a: Magnezone
|-resisted|p1a: Magnezone
|-damage|p1a: Magnezone|94/100
|
|t:|1642234428
|switch|p2a: Landorus|Landorus-Therian, M|100/100|[from]move: U-turn
|-damage|p2a: Landorus|88/100|[from] Stealth Rock
|-ability|p2a: Landorus|Intimidate|boost
|-unboost|p1a: Magnezone|atk|1
|
|-heal|p2a: Landorus|94/100|[from] item: Leftovers
|-heal|p1a: Magnezone|99/100|[from] item: Leftovers
|upkeep
|turn|7
|
|t:|1642234437
|move|p2a: Landorus|Knock Off|p1a: Magnezone
|-damage|p1a: Magnezone|71/100
|-enditem|p1a: Magnezone|Leftovers|[from] move: Knock Off|[of] p2a: Landorus
|move|p1a: Magnezone|Toxic|p2a: Landorus
|-status|p2a: Landorus|tox
|
|-heal|p2a: Landorus|99/100 tox|[from] item: Leftovers
|-damage|p2a: Landorus|94/100 tox|[from] psn
|upkeep
|turn|8
|
|t:|1642234442
|switch|p1a: Corviknight|Corviknight, M|100/100
|-ability|p1a: Corviknight|Pressure
|move|p2a: Landorus|Stealth Rock|p1a: Corviknight
|-sidestart|p1: Mel2345|move: Stealth Rock
|
|-heal|p2a: Landorus|99/100 tox|[from] item: Leftovers
|-damage|p2a: Landorus|88/100 tox|[from] psn
|upkeep
|turn|9
|
|t:|1642234449
|move|p2a: Landorus|Knock Off|p1a: Corviknight
|-damage|p1a: Corviknight|82/100
|-damage|p2a: Landorus|72/100 tox|[from] item: Rocky Helmet|[of] p1a: Corviknight
|-enditem|p1a: Corviknight|Rocky Helmet|[from] move: Knock Off|[of] p2a: Landorus
|move|p1a: Corviknight|U-turn|p2a: Landorus
|-resisted|p2a: Landorus
|-damage|p2a: Landorus|66/100 tox
|
|t:|1642234455
|switch|p1a: Tapu Fini|Tapu Fini|53/100|[from]move: U-turn
|-damage|p1a: Tapu Fini|41/100|[from] Stealth Rock
|-fieldstart|move: Misty Terrain|[from] ability: Misty Surge|[of] p1a: Tapu Fini
|
|-heal|p1a: Tapu Fini|47/100|[from] item: Leftovers
|-heal|p2a: Landorus|72/100 tox|[from] item: Leftovers
|-damage|p2a: Landorus|54/100 tox|[from] psn
|upkeep
|turn|10
|
|t:|1642234466
|move|p1a: Tapu Fini|Surf|p2a: Landorus
|-supereffective|p2a: Landorus
|-damage|p2a: Landorus|0 fnt
|faint|p2a: Landorus
|
|-heal|p1a: Tapu Fini|53/100|[from] item: Leftovers
|upkeep
|inactive|jaqwsedrftg has 120 seconds left.
|inactive|jaqwsedrftg has 90 seconds left.
|
|t:|1642234550
|switch|p2a: Volcarona|Volcarona, M|100/100
|turn|11
|
|t:|1642234554
|move|p2a: Volcarona|Quiver Dance|p2a: Volcarona
|-boost|p2a: Volcarona|spa|1
|-boost|p2a: Volcarona|spd|1
|-boost|p2a: Volcarona|spe|1
|move|p1a: Tapu Fini|Taunt|p2a: Volcarona
|-start|p2a: Volcarona|move: Taunt
|
|-heal|p1a: Tapu Fini|59/100|[from] item: Leftovers
|upkeep
|turn|12
|
|t:|1642234564
|move|p2a: Volcarona|Fiery Dance|p1a: Tapu Fini
|-resisted|p1a: Tapu Fini
|-damage|p1a: Tapu Fini|34/100
|move|p1a: Tapu Fini|Surf|p2a: Volcarona
|-supereffective|p2a: Volcarona
|-damage|p2a: Volcarona|58/100
|
|-heal|p1a: Tapu Fini|40/100|[from] item: Leftovers
|upkeep
|turn|13
|
|t:|1642234572
|move|p2a: Volcarona|Psychic|p1a: Tapu Fini
|-damage|p1a: Tapu Fini|0 fnt
|faint|p1a: Tapu Fini
|
|-fieldend|Misty Terrain
|upkeep
|
|t:|1642234579
|switch|p1a: Landorus|Landorus-Therian, M|78/100
|-damage|p1a: Landorus|66/100|[from] Stealth Rock
|-ability|p1a: Landorus|Intimidate|boost
|-unboost|p2a: Volcarona|atk|1
|turn|14
|
|t:|1642234584
|move|p2a: Volcarona|Fiery Dance|p1a: Landorus
|-damage|p1a: Landorus|2/100
|move|p1a: Landorus|Earthquake|p2a: Volcarona
|-damage|p2a: Volcarona|0 fnt
|faint|p2a: Volcarona
|
|-heal|p1a: Landorus|8/100|[from] item: Leftovers
|upkeep
|c|☆jaqwsedrftg|holy shit
|inactive|jaqwsedrftg has 90 seconds left.
|c|☆jaqwsedrftg|how my spd spreads you have on that landorus
|inactive|jaqwsedrftg has 60 seconds left.
|
|t:|1642234629
|switch|p2a: Kartana|Kartana|100/100
|-damage|p2a: Kartana|94/100|[from] Stealth Rock
|turn|15
|c|☆Mel2345|!showset 5
|c| Mel2345|/raw <div class="infobox">Landorus (Landorus-Therian) (M) @ Leftovers  <br />Ability: Intimidate  <br />EVs: 252 HP &#x2f; 164 Def &#x2f; 92 SpD  <br />Impish Nature  <br />- Stealth Rock  <br />- Earthquake  <br />- U-turn  <br />- Toxic  <br /><br /></div>
|c|☆jaqwsedrftg|oh okay
|inactive|jaqwsedrftg has 60 seconds left.
|c|☆jaqwsedrftg|I thought my volcarona sweeps
|
|t:|1642234649
|move|p2a: Kartana|Knock Off|p1a: Landorus
|-crit|p1a: Landorus
|-damage|p1a: Landorus|0 fnt
|-enditem|p1a: Landorus|Leftovers|[from] move: Knock Off|[of] p2a: Kartana
|faint|p1a: Landorus
|-ability|p2a: Kartana|Beast Boost|boost
|-boost|p2a: Kartana|atk|1
|-damage|p2a: Kartana|85/100|[from] item: Life Orb
|
|upkeep
|
|t:|1642234659
|switch|p1a: Magnezone|Magnezone|71/100
|-damage|p1a: Magnezone|65/100|[from] Stealth Rock
|turn|16
|inactive|jaqwsedrftg has 60 seconds left.
|inactive|Mel2345 has 120 seconds left.
|inactive|jaqwsedrftg has 30 seconds left.
|inactive|jaqwsedrftg has 20 seconds left.
|
|t:|1642234705
|move|p2a: Kartana|Knock Off|p1a: Magnezone
|-damage|p1a: Magnezone|19/100
|-damage|p2a: Kartana|75/100|[from] item: Life Orb
|move|p1a: Magnezone|Body Press|p2a: Kartana
|-supereffective|p2a: Kartana
|-damage|p2a: Kartana|26/100
|
|upkeep
|turn|17
|inactive|jaqwsedrftg has 30 seconds left this turn.
|inactive|Mel2345 has 120 seconds left.
|inactive|jaqwsedrftg has 20 seconds left.
|
|t:|1642234718
|move|p2a: Kartana|Knock Off|p1a: Magnezone
|-damage|p1a: Magnezone|0 fnt
|faint|p1a: Magnezone
|-ability|p2a: Kartana|Beast Boost|boost
|-boost|p2a: Kartana|atk|1
|-damage|p2a: Kartana|16/100|[from] item: Life Orb
|
|upkeep
|inactive|jaqwsedrftg has 25 seconds left this turn.
|
|t:|1642234721
|switch|p1a: Weavile|Weavile, F|100/100
|-ability|p1a: Weavile|Pressure
|turn|18
|inactive|jaqwsedrftg has 30 seconds left.
|
|t:|1642234729
|switch|p2a: Corviknight|Corviknight, M|91/100
|-damage|p2a: Corviknight|79/100|[from] Stealth Rock
|-ability|p2a: Corviknight|Pressure
|move|p1a: Weavile|Knock Off|p2a: Corviknight
|-damage|p2a: Corviknight|46/100
|-damage|p1a: Weavile|84/100|[from] item: Rocky Helmet|[of] p2a: Corviknight
|-enditem|p2a: Corviknight|Rocky Helmet|[from] move: Knock Off|[of] p1a: Weavile
|
|upkeep
|turn|19
|
|t:|1642234738
|move|p1a: Weavile|Swords Dance|p1a: Weavile
|-boost|p1a: Weavile|atk|2
|move|p2a: Corviknight|Roost|p2a: Corviknight
|-heal|p2a: Corviknight|96/100
|-singleturn|p2a: Corviknight|move: Roost
|
|upkeep
|turn|20
|inactive|jaqwsedrftg has 30 seconds left.
|
|t:|1642234753
|switch|p2a: Kartana|Kartana|16/100
|-damage|p2a: Kartana|10/100|[from] Stealth Rock
|move|p1a: Weavile|Triple Axel|p2a: Kartana
|-damage|p2a: Kartana|0 fnt
|faint|p2a: Kartana
|-hitcount|p2: Kartana|1
|
|upkeep
|inactive|jaqwsedrftg has 30 seconds left.
|
|t:|1642234760
|switch|p2a: Swampert|Swampert, M|100/100
|-damage|p2a: Swampert|94/100|[from] Stealth Rock
|turn|21
|inactive|jaqwsedrftg has 30 seconds left.
|
|t:|1642234774
|switch|p1a: Corviknight|Corviknight, M|82/100
|-damage|p1a: Corviknight|70/100|[from] Stealth Rock
|-ability|p1a: Corviknight|Pressure
|move|p2a: Swampert|Earthquake|p1a: Corviknight
|-immune|p1a: Corviknight
|
|upkeep
|turn|22
|
|t:|1642234779
|switch|p2a: Corviknight|Corviknight, M|96/100
|-damage|p2a: Corviknight|83/100|[from] Stealth Rock
|-ability|p2a: Corviknight|Pressure
|move|p1a: Corviknight|U-turn|p2a: Corviknight
|-resisted|p2a: Corviknight
|-damage|p2a: Corviknight|81/100
|
|t:|1642234784
|switch|p1a: Tapu Lele|Tapu Lele|100/100|[from]move: U-turn
|-damage|p1a: Tapu Lele|88/100|[from] Stealth Rock
|-fieldstart|move: Psychic Terrain|[from] ability: Psychic Surge|[of] p1a: Tapu Lele
|
|upkeep
|turn|23
|
|t:|1642234801
|switch|p2a: Swampert|Swampert, M|94/100
|-damage|p2a: Swampert|88/100|[from] Stealth Rock
|move|p1a: Tapu Lele|Psychic|p2a: Swampert
|-damage|p2a: Swampert|0 fnt
|faint|p2a: Swampert
|
|upkeep
|inactive|jaqwsedrftg has 30 seconds left.
|
|t:|1642234817
|switch|p2a: Blacephalon|Blacephalon|93/100
|-damage|p2a: Blacephalon|68/100|[from] Stealth Rock
|turn|24
|j| WassupBoyyys
|inactive|jaqwsedrftg has 30 seconds left.
|inactive|jaqwsedrftg has 20 seconds left.
|inactive|jaqwsedrftg has 15 seconds left.
|j|+laevin
|inactive|jaqwsedrftg has 10 seconds left.
|l| WassupBoyyys
|
|t:|1642234852
|switch|p1a: Corviknight|Corviknight, M|70/100
|-damage|p1a: Corviknight|57/100|[from] Stealth Rock
|-ability|p1a: Corviknight|Pressure
|move|p2a: Blacephalon|Flamethrower|p1a: Corviknight
|-supereffective|p1a: Corviknight
|-damage|p1a: Corviknight|0 fnt
|faint|p1a: Corviknight
|-ability|p2a: Blacephalon|Beast Boost|boost
|-boost|p2a: Blacephalon|spa|1
|
|upkeep
|inactive|jaqwsedrftg has 15 seconds left this turn.
|
|t:|1642234857
|switch|p1a: Weavile|Weavile, F|84/100
|-ability|p1a: Weavile|Pressure
|turn|25
|inactive|jaqwsedrftg has 25 seconds left this turn.
|inactive|jaqwsedrftg has 20 seconds left.
|
|t:|1642234869
|switch|p1a: Tapu Lele|Tapu Lele|88/100
|-damage|p1a: Tapu Lele|76/100|[from] Stealth Rock
|switch|p2a: Corviknight|Corviknight, M|81/100
|-damage|p2a: Corviknight|68/100|[from] Stealth Rock
|-ability|p2a: Corviknight|Pressure
|
|upkeep
|turn|26
|inactive|jaqwsedrftg has 30 seconds left this turn.
|
|t:|1642234874
|move|p1a: Tapu Lele|Psychic|p2a: Corviknight
|-resisted|p2a: Corviknight
|-damage|p2a: Corviknight|28/100
|move|p2a: Corviknight|Roost|p2a: Corviknight
|-heal|p2a: Corviknight|78/100
|-singleturn|p2a: Corviknight|move: Roost
|
|-fieldend|move: Psychic Terrain
|upkeep
|turn|27
|
|t:|1642234882
|move|p1a: Tapu Lele|Psychic|p2a: Corviknight
|-resisted|p2a: Corviknight
|-damage|p2a: Corviknight|44/100
|move|p2a: Corviknight|Roost|p2a: Corviknight
|-heal|p2a: Corviknight|94/100
|-singleturn|p2a: Corviknight|move: Roost
|
|upkeep
|turn|28
|
|t:|1642234887
|move|p1a: Tapu Lele|Psychic|p2a: Corviknight
|-resisted|p2a: Corviknight
|-crit|p2a: Corviknight
|-damage|p2a: Corviknight|42/100
|move|p2a: Corviknight|U-turn|p1a: Tapu Lele
|-damage|p1a: Tapu Lele|55/100
|
|t:|1642234890
|switch|p2a: Blacephalon|Blacephalon|68/100|[from]move: U-turn
|-damage|p2a: Blacephalon|43/100|[from] Stealth Rock
|
|upkeep
|turn|29
|
|t:|1642234893
|move|p2a: Blacephalon|Flamethrower|p1a: Tapu Lele
|-damage|p1a: Tapu Lele|0 fnt
|faint|p1a: Tapu Lele
|-ability|p2a: Blacephalon|Beast Boost|boost
|-boost|p2a: Blacephalon|spa|1
|
|upkeep
|
|t:|1642234896
|switch|p1a: Weavile|Weavile, F|84/100
|-ability|p1a: Weavile|Pressure
|turn|30
|
|t:|1642234900
|move|p1a: Weavile|Knock Off|p2a: Blacephalon
|-supereffective|p2a: Blacephalon
|-damage|p2a: Blacephalon|0 fnt
|-enditem|p2a: Blacephalon|Choice Specs|[from] move: Knock Off|[of] p1a: Weavile
|faint|p2a: Blacephalon
|
|upkeep
|
|t:|1642234903
|switch|p2a: Corviknight|Corviknight, M|42/100
|-damage|p2a: Corviknight|30/100|[from] Stealth Rock
|-ability|p2a: Corviknight|Pressure
|turn|31
|
|t:|1642234908
|move|p1a: Weavile|Triple Axel|p2a: Corviknight|[miss]
|-miss|p1a: Weavile|p2a: Corviknight
|move|p2a: Corviknight|Roost|p2a: Corviknight
|-heal|p2a: Corviknight|80/100
|-singleturn|p2a: Corviknight|move: Roost
|
|upkeep
|turn|32
|inactive|jaqwsedrftg has 90 seconds left.
|
|t:|1642234929
|move|p1a: Weavile|Swords Dance|p1a: Weavile
|-boost|p1a: Weavile|atk|2
|move|p2a: Corviknight|U-turn|p1a: Weavile
|-supereffective|p1a: Weavile
|-damage|p1a: Weavile|35/100
|
|upkeep
|turn|33
|
|t:|1642234935
|move|p1a: Weavile|Triple Axel|p2a: Corviknight
|-damage|p2a: Corviknight|66/100
|-damage|p2a: Corviknight|39/100
|-damage|p2a: Corviknight|1/100
|-hitcount|p2a: Corviknight|3
|move|p2a: Corviknight|U-turn|p1a: Weavile
|-supereffective|p1a: Weavile
|-damage|p1a: Weavile|0 fnt
|faint|p1a: Weavile
|
|win|jaqwsedrftg
|raw|Mel2345's rating: 1589 &rarr; <strong>1568</strong><br />(-21 for losing)
|raw|jaqwsedrftg's rating: 1568 &rarr; <strong>1589</strong><br />(+21 for winning)
|l|+laevin
|c|☆jaqwsedrftg|yes
|c|☆jaqwsedrftg|gj corviknight
