|j|☆SaveTyranitar
|j|☆N30N3
|player|p1|SaveTyranitar|n|1667
|player|p2|N30N3|170|1789
|teamsize|p1|6
|teamsize|p2|6
|gametype|singles
|gen|8
|tier|[Gen 8] OU
|rated|
|clearpoke
|poke|p1|Cinderace, M|
|poke|p1|Celebi|
|poke|p1|Keldeo-Resolute|
|poke|p1|Tyranitar, M|
|poke|p1|Gengar, M|
|poke|p1|Togekiss, F|
|poke|p2|Kyurem|
|poke|p2|Hippowdon, M|
|poke|p2|Excadrill, M|
|poke|p2|Tyranitar, F|
|poke|p2|Hydreigon, M|
|poke|p2|Ferrothorn, F|
|rule|Sleep Clause Mod: Limit one foe put to sleep
|rule|Species Clause: Limit one of each Pokémon
|rule|OHKO Clause: OHKO moves are banned
|rule|Evasion Moves Clause: Evasion moves are banned
|rule|Endless Battle Clause: Forcing endless battles is banned
|rule|HP Percentage Mod: HP is shown in percentages
|rule|Dynamax Clause: You cannot dynamax
|teampreview
|inactive|Battle timer is ON: inactive players will automatically lose when time's up. (requested by N30N3)
|j| HeavenStar
|inactive|N30N3 has 120 seconds left.
|inactive|N30N3 has 90 seconds left.
|
|start
|switch|p1a: horse|Keldeo-Resolute|100/100
|switch|p2a: Hydreigon|Hydreigon, M|100/100
|turn|1
|
|switch|p1a: sorry|Togekiss, F|100/100
|move|p2a: Hydreigon|Draco Meteor|p1a: sorry
|-immune|p1a: sorry
|
|upkeep
|turn|2
|
|switch|p2a: Hippowdon|Hippowdon, M|100/100
|-weather|Sandstorm|[from] ability: Sand Stream|[of] p2a: Hippowdon
|switch|p1a: horse|Keldeo-Resolute|100/100
|
|-weather|Sandstorm|[upkeep]
|-damage|p1a: horse|94/100|[from] Sandstorm
|upkeep
|turn|3
|
|move|p1a: horse|Focus Blast|p2a: Hippowdon
|-damage|p2a: Hippowdon|8/100
|move|p2a: Hippowdon|Stealth Rock|p1a: horse
|-sidestart|p1: SaveTyranitar|move: Stealth Rock
|
|-weather|Sandstorm|[upkeep]
|-damage|p1a: horse|88/100|[from] Sandstorm
|upkeep
|turn|4
|
|move|p1a: horse|Focus Blast|p2a: Hippowdon
|-damage|p2a: Hippowdon|0 fnt
|faint|p2a: Hippowdon
|
|-weather|Sandstorm|[upkeep]
|-damage|p1a: horse|82/100|[from] Sandstorm
|upkeep
|
|switch|p2a: Excadrill|Excadrill, M|100/100
|turn|5
|
|move|p2a: Excadrill|Earthquake|p1a: horse
|-damage|p1a: horse|0 fnt
|-damage|p2a: Excadrill|91/100|[from] item: Life Orb
|faint|p1a: horse
|
|-weather|Sandstorm|[upkeep]
|upkeep
|c|☆SaveTyranitar|I don't understand
|c|☆SaveTyranitar|how that can kill
|c|☆SaveTyranitar|exca busted
|
|switch|p1a: Versace|Cinderace, M|100/100
|turn|6
|
|switch|p1a: sorry|Togekiss, F|100/100
|-damage|p1a: sorry|76/100|[from] Stealth Rock
|move|p2a: Excadrill|Earthquake|p1a: sorry
|-immune|p1a: sorry
|
|-weather|Sandstorm|[upkeep]
|-damage|p1a: sorry|70/100|[from] Sandstorm
|-heal|p1a: sorry|76/100|[from] item: Leftovers
|upkeep
|turn|7
|
|switch|p1a: WELLS FARGO|Gengar, M|100/100
|-damage|p1a: WELLS FARGO|88/100|[from] Stealth Rock
|move|p2a: Excadrill|Iron Head|p1a: WELLS FARGO
|-damage|p1a: WELLS FARGO|0 fnt
|-start|p2a: Excadrill|Disable|Iron Head|[from] ability: Cursed Body|[of] p1a: WELLS FARGO
|-damage|p2a: Excadrill|81/100|[from] item: Life Orb
|faint|p1a: WELLS FARGO
|
|-weather|Sandstorm|[upkeep]
|upkeep
|inactive|SaveTyranitar has 120 seconds left.
|
|switch|p1a: sorry|Togekiss, F|76/100
|-damage|p1a: sorry|51/100|[from] Stealth Rock
|turn|8
|
|move|p2a: Excadrill|Rock Slide|p1a: sorry|[miss]
|-miss|p2a: Excadrill|p1a: sorry
|move|p1a: sorry|Ancient Power|p2a: Excadrill
|-resisted|p2a: Excadrill
|-damage|p2a: Excadrill|74/100
|
|-weather|Sandstorm|[upkeep]
|-damage|p1a: sorry|45/100|[from] Sandstorm
|-heal|p1a: sorry|51/100|[from] item: Leftovers
|upkeep
|turn|9
|
|switch|p1a: Geigh|Celebi, shiny|100/100
|-damage|p1a: Geigh|88/100|[from] Stealth Rock
|move|p2a: Excadrill|Rock Slide|p1a: Geigh|[miss]
|-miss|p2a: Excadrill|p1a: Geigh
|
|-weather|none
|upkeep
|turn|10
|
|switch|p2a: Tyranitar|Tyranitar, F|100/100
|-weather|Sandstorm|[from] ability: Sand Stream|[of] p2a: Tyranitar
|move|p1a: Geigh|U-turn|p2a: Tyranitar
|-supereffective|p2a: Tyranitar
|-damage|p2a: Tyranitar|72/100
|
|switch|p1a: Versace|Cinderace, M|100/100|[from]move: U-turn
|
|-weather|Sandstorm|[upkeep]
|-damage|p1a: Versace|95/100|[from] Sandstorm
|upkeep
|turn|11
|
|switch|p2a: Hydreigon|Hydreigon, M|100/100
|move|p1a: Versace|U-turn|p2a: Hydreigon
|-supereffective|p2a: Hydreigon
|-damage|p2a: Hydreigon|48/100
|
|switch|p1a: i dont need saving|Tyranitar, M|100/100|[from]move: U-turn
|-damage|p1a: i dont need saving|88/100|[from] Stealth Rock
|
|-weather|Sandstorm|[upkeep]
|-damage|p2a: Hydreigon|42/100|[from] Sandstorm
|upkeep
|turn|12
|
|move|p2a: Hydreigon|U-turn|p1a: i dont need saving
|-supereffective|p1a: i dont need saving
|-damage|p1a: i dont need saving|66/100
|
|switch|p2a: Ferrothorn|Ferrothorn, F|100/100|[from]move: U-turn
|move|p1a: i dont need saving|Stone Edge|p2a: Ferrothorn
|-resisted|p2a: Ferrothorn
|-damage|p2a: Ferrothorn|83/100
|
|-weather|Sandstorm|[upkeep]
|-heal|p2a: Ferrothorn|90/100|[from] item: Leftovers
|upkeep
|turn|13
|
|switch|p1a: Versace|Cinderace, M|95/100
|move|p2a: Ferrothorn|Gyro Ball|p1a: Versace
|-resisted|p1a: Versace
|-damage|p1a: Versace|64/100
|
|-weather|Sandstorm|[upkeep]
|-damage|p1a: Versace|58/100|[from] Sandstorm
|-heal|p2a: Ferrothorn|96/100|[from] item: Leftovers
|upkeep
|turn|14
|
|switch|p2a: Hydreigon|Hydreigon, M|42/100
|move|p1a: Versace|Pyro Ball|p2a: Hydreigon
|-resisted|p2a: Hydreigon
|-damage|p2a: Hydreigon|7/100
|
|-weather|none
|upkeep
|turn|15
|
|switch|p1a: sorry|Togekiss, F|51/100
|-damage|p1a: sorry|26/100|[from] Stealth Rock
|move|p2a: Hydreigon|U-turn|p1a: sorry
|-resisted|p1a: sorry
|-damage|p1a: sorry|22/100
|
|switch|p2a: Kyurem|Kyurem|100/100|[from]move: U-turn
|-ability|p2a: Kyurem|Pressure
|
|-heal|p1a: sorry|28/100|[from] item: Leftovers
|upkeep
|turn|16
|
|move|p2a: Kyurem|Ice Beam|p1a: sorry
|-supereffective|p1a: sorry
|-damage|p1a: sorry|0 fnt
|faint|p1a: sorry
|
|upkeep
|
|switch|p1a: Versace|Cinderace, M|58/100
|turn|17
|
|switch|p2a: Tyranitar|Tyranitar, F|72/100
|-weather|Sandstorm|[from] ability: Sand Stream|[of] p2a: Tyranitar
|move|p1a: Versace|Pyro Ball|p2a: Tyranitar
|-resisted|p2a: Tyranitar
|-damage|p2a: Tyranitar|44/100
|
|-weather|Sandstorm|[upkeep]
|-damage|p1a: Versace|52/100|[from] Sandstorm
|upkeep
|turn|18
|
|move|p1a: Versace|U-turn|p2a: Tyranitar
|-supereffective|p2a: Tyranitar
|-damage|p2a: Tyranitar|2/100
|
|switch|p1a: i dont need saving|Tyranitar, M|66/100|[from]move: U-turn
|-damage|p1a: i dont need saving|53/100|[from] Stealth Rock
|move|p2a: Tyranitar|Superpower|p1a: i dont need saving
|-supereffective|p1a: i dont need saving
|-damage|p1a: i dont need saving|0 fnt
|-unboost|p2a: Tyranitar|atk|1
|-unboost|p2a: Tyranitar|def|1
|faint|p1a: i dont need saving
|
|-weather|Sandstorm|[upkeep]
|upkeep
|
|switch|p1a: Versace|Cinderace, M|52/100
|turn|19
|
|switch|p2a: Hydreigon|Hydreigon, M|7/100
|move|p1a: Versace|U-turn|p2a: Hydreigon
|-supereffective|p2a: Hydreigon
|-damage|p2a: Hydreigon|0 fnt
|faint|p2a: Hydreigon
|
|switch|p1a: Geigh|Celebi, shiny|88/100|[from]move: U-turn
|-damage|p1a: Geigh|76/100|[from] Stealth Rock
|
|-weather|Sandstorm|[upkeep]
|-damage|p1a: Geigh|70/100|[from] Sandstorm
|upkeep
|
|switch|p2a: Kyurem|Kyurem|100/100
|-ability|p2a: Kyurem|Pressure
|turn|20
|
|move|p2a: Kyurem|Draco Meteor|p1a: Geigh
|-damage|p1a: Geigh|0 fnt
|-unboost|p2a: Kyurem|spa|2
|faint|p1a: Geigh
|
|-weather|Sandstorm|[upkeep]
|-damage|p2a: Kyurem|94/100|[from] Sandstorm
|upkeep
|
|switch|p1a: Versace|Cinderace, M|52/100
|turn|21
|
|move|p1a: Versace|Pyro Ball|p2a: Kyurem
|-damage|p2a: Kyurem|38/100
|move|p2a: Kyurem|Draco Meteor|p1a: Versace
|-damage|p1a: Versace|0 fnt
|-unboost|p2a: Kyurem|spa|2
|faint|p1a: Versace
|
|win|N30N3
|l|☆SaveTyranitar
|l|☆N30N3
|raw|SaveTyranitar's rating: 1689 &rarr; <strong>1675</strong><br />(-14 for losing)
|raw|N30N3's rating: 1789 &rarr; <strong>1804</strong><br />(+15 for winning)
