|j|☆Xuxa vegana
|j|☆8balljacketguy
|t:|1654663921
|gametype|singles
|player|p1|Xuxa vegana|cynthia-gen4|1549
|player|p2|8balljacketguy|red|1515
|teamsize|p1|6
|teamsize|p2|6
|gen|8
|tier|[Gen 8] OU
|rated|
|rule|Sleep Clause Mod: Limit one foe put to sleep
|rule|Species Clause: Limit one of each Pokémon
|rule|OHKO Clause: OHKO moves are banned
|rule|Evasion Moves Clause: Evasion moves are banned
|rule|Endless Battle Clause: Forcing endless battles is banned
|rule|HP Percentage Mod: HP is shown in percentages
|rule|Dynamax Clause: You cannot dynamax
|clearpoke
|poke|p1|Garchomp, M|
|poke|p1|Roserade, F|
|poke|p1|Spiritomb, M|
|poke|p1|Togekiss, M|
|poke|p1|Milotic, F|
|poke|p1|Lucario, M|
|poke|p2|Melmetal|
|poke|p2|Blaziken, M|
|poke|p2|Weavile, F|
|poke|p2|Hawlucha, M|
|poke|p2|Blacephalon|
|poke|p2|Alakazam, M|
|teampreview
|inactive|Battle timer is ON: inactive players will automatically lose when time's up. (requested by 8balljacketguy)
|
|t:|1654663929
|start
|switch|p1a: Garchomp|Garchomp, M, shiny|100/100
|switch|p2a: Melmetal|Melmetal|100/100
|turn|1
|
|t:|1654663933
|move|p1a: Garchomp|Stealth Rock|p2a: Melmetal
|-sidestart|p2: 8balljacketguy|move: Stealth Rock
|move|p2a: Melmetal|Ice Punch|p1a: Garchomp
|-supereffective|p1a: Garchomp
|-damage|p1a: Garchomp|16/100
|-damage|p2a: Melmetal|88/100|[from] ability: Rough Skin|[of] p1a: Garchomp
|-damage|p2a: Melmetal|71/100|[from] item: Rocky Helmet|[of] p1a: Garchomp
|
|upkeep
|turn|2
|
|t:|1654663946
|move|p1a: Garchomp|Rest|p1a: Garchomp
|-status|p1a: Garchomp|slp|[from] move: Rest
|-heal|p1a: Garchomp|100/100 slp|[silent]
|move|p2a: Melmetal|Ice Punch|p1a: Garchomp
|-supereffective|p1a: Garchomp
|-damage|p1a: Garchomp|10/100 slp
|-damage|p2a: Melmetal|59/100|[from] ability: Rough Skin|[of] p1a: Garchomp
|-damage|p2a: Melmetal|42/100|[from] item: Rocky Helmet|[of] p1a: Garchomp
|
|upkeep
|turn|3
|
|t:|1654663949
|switch|p1a: Milotic|Milotic, F, shiny|100/100
|move|p2a: Melmetal|Ice Punch|p1a: Milotic
|-resisted|p1a: Milotic
|-damage|p1a: Milotic|88/100
|
|-heal|p1a: Milotic|94/100|[from] item: Leftovers
|upkeep
|turn|4
|j| Iwatchu◉‿◉
|
|t:|1654663954
|move|p1a: Milotic|Scald|p2a: Melmetal
|-damage|p2a: Melmetal|22/100
|move|p2a: Melmetal|Double Iron Bash|p1a: Milotic
|-resisted|p1a: Milotic
|-damage|p1a: Milotic|79/100
|-resisted|p1a: Milotic
|-damage|p1a: Milotic|62/100
|-hitcount|p1a: Milotic|2
|
|-heal|p1a: Milotic|68/100|[from] item: Leftovers
|upkeep
|turn|5
|
|t:|1654663959
|move|p1a: Milotic|Scald|p2a: Melmetal
|-damage|p2a: Melmetal|3/100
|move|p2a: Melmetal|Double Iron Bash|p1a: Milotic
|-resisted|p1a: Milotic
|-damage|p1a: Milotic|51/100
|-resisted|p1a: Milotic
|-damage|p1a: Milotic|36/100
|-hitcount|p1a: Milotic|2
|
|-heal|p1a: Milotic|42/100|[from] item: Leftovers
|upkeep
|turn|6
|j| Another Brazy
|
|t:|1654663972
|move|p1a: Milotic|Recover|p1a: Milotic
|-heal|p1a: Milotic|92/100
|move|p2a: Melmetal|Double Iron Bash|p1a: Milotic
|-resisted|p1a: Milotic
|-damage|p1a: Milotic|75/100
|-resisted|p1a: Milotic
|-damage|p1a: Milotic|59/100
|-hitcount|p1a: Milotic|2
|
|-heal|p1a: Milotic|65/100|[from] item: Leftovers
|upkeep
|turn|7
|l| Another Brazy
|
|t:|1654663979
|move|p1a: Milotic|Recover|p1a: Milotic
|-heal|p1a: Milotic|100/100
|move|p2a: Melmetal|Double Iron Bash|p1a: Milotic
|-resisted|p1a: Milotic
|-damage|p1a: Milotic|84/100
|-resisted|p1a: Milotic
|-damage|p1a: Milotic|69/100
|-hitcount|p1a: Milotic|2
|
|-heal|p1a: Milotic|75/100|[from] item: Leftovers
|upkeep
|turn|8
|
|t:|1654663981
|move|p1a: Milotic|Scald|p2a: Melmetal
|-damage|p2a: Melmetal|0 fnt
|faint|p2a: Melmetal
|
|-heal|p1a: Milotic|81/100|[from] item: Leftovers
|upkeep
|
|t:|1654663996
|switch|p2a: Alakazam|Alakazam, M|100/100
|turn|9
|
|t:|1654664001
|switch|p1a: Spiritomb|Spiritomb, M, shiny|100/100
|-ability|p1a: Spiritomb|Pressure
|move|p2a: Alakazam|Nasty Plot|p2a: Alakazam
|-boost|p2a: Alakazam|spa|2
|
|upkeep
|turn|10
|
|t:|1654664005
|move|p2a: Alakazam|Nasty Plot|p2a: Alakazam
|-boost|p2a: Alakazam|spa|2
|move|p1a: Spiritomb|Shadow Ball|p2a: Alakazam
|-supereffective|p2a: Alakazam
|-damage|p2a: Alakazam|29/100
|
|upkeep
|turn|11
|
|t:|1654664008
|move|p2a: Alakazam|Psychic|p1a: Spiritomb
|-immune|p1a: Spiritomb
|move|p1a: Spiritomb|Shadow Ball|p2a: Alakazam
|-supereffective|p2a: Alakazam
|-damage|p2a: Alakazam|0 fnt
|faint|p2a: Alakazam
|
|upkeep
|c|☆8balljacketguy|Forhot that shit was dark
|c|☆8balljacketguy|Lmaoo
|c|☆8balljacketguy|Im drunk btw
|inactive|8balljacketguy has 120 seconds left.
|c|☆8balljacketguy|Meet ne un ny tomorow
|c|☆8balljacketguy|Im with carlos and the boys
|c|☆8balljacketguy|We gettin litty
|c|☆8balljacketguy|Haha
|c|☆Xuxa vegana|haha
|
|t:|1654664064
|switch|p2a: Weavile|Weavile, F|100/100
|-damage|p2a: Weavile|76/100|[from] Stealth Rock
|turn|12
|
|t:|1654664069
|move|p2a: Weavile|Swords Dance|p2a: Weavile
|-boost|p2a: Weavile|atk|2
|move|p1a: Spiritomb|Will-O-Wisp|p2a: Weavile
|-status|p2a: Weavile|brn
|
|-damage|p2a: Weavile|70/100 brn|[from] brn
|upkeep
|turn|13
|
|t:|1654664078
|move|p2a: Weavile|Swords Dance|p2a: Weavile
|-boost|p2a: Weavile|atk|2
|move|p1a: Spiritomb|Shadow Ball|p2a: Weavile
|-resisted|p2a: Weavile
|-damage|p2a: Weavile|51/100 brn
|
|-damage|p2a: Weavile|45/100 brn|[from] brn
|upkeep
|turn|14
|
|t:|1654664085
|move|p2a: Weavile|Knock Off|p1a: Spiritomb
|-damage|p1a: Spiritomb|50/100
|-enditem|p1a: Spiritomb|Leftovers|[from] move: Knock Off|[of] p2a: Weavile
|move|p1a: Spiritomb|Shadow Ball|p2a: Weavile
|-resisted|p2a: Weavile
|-crit|p2a: Weavile
|-damage|p2a: Weavile|20/100 brn
|
|-damage|p2a: Weavile|14/100 brn|[from] brn
|upkeep
|turn|15
|
|t:|1654664090
|move|p2a: Weavile|Icicle Crash|p1a: Spiritomb
|-damage|p1a: Spiritomb|4/100
|move|p1a: Spiritomb|Shadow Ball|p2a: Weavile
|-resisted|p2a: Weavile
|-crit|p2a: Weavile
|-damage|p2a: Weavile|0 fnt
|faint|p2a: Weavile
|
|upkeep
|
|t:|1654664094
|switch|p2a: Blaziken|Blaziken, M|100/100
|turn|16
|
|t:|1654664102
|move|p2a: Blaziken|Swords Dance|p2a: Blaziken
|-boost|p2a: Blaziken|atk|2
|move|p1a: Spiritomb|Shadow Ball|p2a: Blaziken
|-damage|p2a: Blaziken|64/100
|
|-ability|p2a: Blaziken|Speed Boost|boost
|-boost|p2a: Blaziken|spe|1
|upkeep
|turn|17
|
|t:|1654664105
|move|p2a: Blaziken|Swords Dance|p2a: Blaziken
|-boost|p2a: Blaziken|atk|2
|move|p1a: Spiritomb|Shadow Ball|p2a: Blaziken
|-damage|p2a: Blaziken|24/100
|
|-ability|p2a: Blaziken|Speed Boost|boost
|-boost|p2a: Blaziken|spe|1
|upkeep
|turn|18
|
|t:|1654664107
|move|p2a: Blaziken|Earthquake|p1a: Spiritomb
|-damage|p1a: Spiritomb|0 fnt
|faint|p1a: Spiritomb
|
|-ability|p2a: Blaziken|Speed Boost|boost
|-boost|p2a: Blaziken|spe|1
|upkeep
|
|t:|1654664110
|switch|p1a: Lucario|Lucario, M, shiny|100/100
|turn|19
|
|t:|1654664116
|switch|p2a: Blacephalon|Blacephalon|100/100
|-damage|p2a: Blacephalon|76/100|[from] Stealth Rock
|move|p1a: Lucario|Extreme Speed|p2a: Blacephalon
|-immune|p2a: Blacephalon
|
|upkeep
|turn|20
|
|t:|1654664122
|switch|p1a: Milotic|Milotic, F, shiny|81/100
|move|p2a: Blacephalon|Shadow Ball|p1a: Milotic
|-damage|p1a: Milotic|46/100
|
|-heal|p1a: Milotic|52/100|[from] item: Leftovers
|upkeep
|turn|21
|
|t:|1654664127
|move|p2a: Blacephalon|Shadow Ball|p1a: Milotic
|-damage|p1a: Milotic|18/100
|move|p1a: Milotic|Scald|p2a: Blacephalon
|-supereffective|p2a: Blacephalon
|-damage|p2a: Blacephalon|0 fnt
|faint|p2a: Blacephalon
|
|-heal|p1a: Milotic|24/100|[from] item: Leftovers
|upkeep
|
|t:|1654664130
|switch|p2a: Blaziken|Blaziken, M|24/100
|turn|22
|
|t:|1654664135
|switch|p1a: Garchomp|Garchomp, M, shiny|10/100 slp
|move|p2a: Blaziken|Earthquake|p1a: Garchomp
|-crit|p1a: Garchomp
|-damage|p1a: Garchomp|0 fnt
|faint|p1a: Garchomp
|
|-ability|p2a: Blaziken|Speed Boost|boost
|-boost|p2a: Blaziken|spe|1
|upkeep
|
|t:|1654664140
|switch|p1a: Lucario|Lucario, M, shiny|100/100
|turn|23
|
|t:|1654664147
|move|p1a: Lucario|Extreme Speed|p2a: Blaziken
|-damage|p2a: Blaziken|0 fnt
|faint|p2a: Blaziken
|-damage|p1a: Lucario|91/100|[from] item: Life Orb
|
|upkeep
|
|t:|1654664149
|switch|p2a: Hawlucha|Hawlucha, M|100/100
|-damage|p2a: Hawlucha|88/100|[from] Stealth Rock
|turn|24
|
|t:|1654664161
|move|p2a: Hawlucha|Sky Attack||[still]
|-prepare|p2a: Hawlucha|Sky Attack
|-enditem|p2a: Hawlucha|Power Herb
|-anim|p2a: Hawlucha|Sky Attack|p1a: Lucario
|-damage|p1a: Lucario|0 fnt
|faint|p1a: Lucario
|
|upkeep
|
|t:|1654664166
|switch|p1a: Togekiss|Togekiss, M, shiny|100/100
|turn|25
|
|t:|1654664169
|move|p2a: Hawlucha|Swords Dance|p2a: Hawlucha
|-boost|p2a: Hawlucha|atk|2
|move|p1a: Togekiss|Air Slash|p2a: Hawlucha
|-supereffective|p2a: Hawlucha
|-damage|p2a: Hawlucha|0 fnt
|faint|p2a: Hawlucha
|
|win|Xuxa vegana
|raw|Xuxa vegana's rating: 1549 &rarr; <strong>1567</strong><br />(+18 for winning)
|raw|8balljacketguy's rating: 1515 &rarr; <strong>1497</strong><br />(-18 for losing)
|l|☆8balljacketguy
|j| Dollynho Coach
