|j|☆willcoxw
|j|☆Pokemeep
|player|p1|willcoxw|karen|1758
|player|p2|Pokemeep|102|1537
|teamsize|p1|6
|teamsize|p2|6
|gametype|singles
|gen|8
|tier|[Gen 8] OU
|rated|
|clearpoke
|poke|p1|Shuckle, M|
|poke|p1|Togekiss, M|
|poke|p1|Cinderace, M|
|poke|p1|Frosmoth, M|
|poke|p1|Kyurem|
|poke|p1|Zeraora|
|poke|p2|Accelgor, M|
|poke|p2|Ninetales-Alola, F|
|poke|p2|Mew|
|poke|p2|Cloyster, F|
|poke|p2|Zeraora|
|poke|p2|Conkeldurr, M|
|rule|Sleep Clause Mod: Limit one foe put to sleep
|rule|Species Clause: Limit one of each Pokémon
|rule|OHKO Clause: OHKO moves are banned
|rule|Evasion Moves Clause: Evasion moves are banned
|rule|Endless Battle Clause: Forcing endless battles is banned
|rule|HP Percentage Mod: HP is shown in percentages
|rule|Dynamax Clause: You cannot dynamax
|teampreview
|
|start
|switch|p1a: Cinderace|Cinderace, M|100/100
|switch|p2a: Pokémon|Accelgor, M|100/100
|turn|1
|
|move|p1a: Cinderace|Sucker Punch|p2a: Pokémon
|-start|p1a: Cinderace|typechange|Dark|[from] ability: Libero
|-damage|p2a: Pokémon|40/100
|move|p2a: Pokémon|Final Gambit|p1a: Cinderace
|-damage|p1a: Cinderace|53/100
|faint|p2a: Pokémon
|
|upkeep
|
|switch|p2a: Mickey|Zeraora|100/100
|turn|2
|
|switch|p1a: Shuckle|Shuckle, M|100/100
|move|p2a: Mickey|Drain Punch|p1a: Shuckle
|-damage|p1a: Shuckle|86/100
|-enditem|p1a: Shuckle|Red Card|[of] p2a: Mickey
|drag|p2a: Conkeldurrp|Conkeldurr, M|100/100
|
|-status|p2a: Conkeldurrp|brn|[from] item: Flame Orb
|upkeep
|turn|3
|
|switch|p2a: Cloysderp|Cloyster, F|100/100
|move|p1a: Shuckle|Sticky Web|p2a: Cloysderp
|-sidestart|p2: Pokemeep|move: Sticky Web
|
|upkeep
|turn|4
|j| aeroplanefighter
|
|move|p2a: Cloysderp|Rapid Spin|p1a: Shuckle
|-resisted|p1a: Shuckle
|-damage|p1a: Shuckle|82/100
|-boost|p2a: Cloysderp|spe|1
|-sideend|p2: Pokemeep|Sticky Web|[from] move: Rapid Spin|[of] p2a: Cloysderp
|move|p1a: Shuckle|Encore|p2a: Cloysderp
|-start|p2a: Cloysderp|Encore
|
|upkeep
|turn|5
|c| aeroplanefighter|LOL
|c| aeroplanefighter|LOL
|c|☆Pokemeep|lol that was a fun battle
|
|switch|p2a: Saphira|Ninetales-Alola, F|100/100
|-weather|Hail|[from] ability: Snow Warning|[of] p2a: Saphira
|move|p1a: Shuckle|Stealth Rock|p2a: Saphira
|-sidestart|p2: Pokemeep|move: Stealth Rock
|
|-weather|Hail|[upkeep]
|-damage|p1a: Shuckle|76/100|[from] Hail
|upkeep
|turn|6
|
|move|p2a: Saphira|Hypnosis|p1a: Shuckle
|-status|p1a: Shuckle|slp|[from] move: Hypnosis
|cant|p1a: Shuckle|slp
|
|-weather|Hail|[upkeep]
|-damage|p1a: Shuckle|70/100 slp|[from] Hail
|upkeep
|turn|7
|
|move|p2a: Saphira|Aurora Veil|p2a: Saphira
|-sidestart|p2: Pokemeep|move: Aurora Veil
|cant|p1a: Shuckle|slp
|
|-weather|Hail|[upkeep]
|-damage|p1a: Shuckle|64/100 slp|[from] Hail
|upkeep
|turn|8
|
|switch|p2a: Cloysderp|Cloyster, F|100/100
|-damage|p2a: Cloysderp|76/100|[from] Stealth Rock
|-curestatus|p1a: Shuckle|slp|[msg]
|move|p1a: Shuckle|Final Gambit|p2a: Cloysderp
|-damage|p2a: Cloysderp|12/100
|faint|p1a: Shuckle
|
|-weather|Hail|[upkeep]
|upkeep
|
|switch|p1a: Cinderace|Cinderace, M|53/100
|turn|9
|
|move|p1a: Cinderace|Pyro Ball|p2a: Cloysderp
|-damage|p2a: Cloysderp|0 fnt
|faint|p2a: Cloysderp
|
|-weather|none
|upkeep
|
|switch|p2a: Mickey|Zeraora|100/100
|-damage|p2a: Mickey|88/100|[from] Stealth Rock
|turn|10
|
|switch|p1a: Zeraora|Zeraora|100/100
|move|p2a: Mickey|Bulk Up|p2a: Mickey
|-boost|p2a: Mickey|atk|1
|-boost|p2a: Mickey|def|1
|
|-heal|p2a: Mickey|94/100|[from] item: Leftovers
|upkeep
|turn|11
|
|move|p1a: Zeraora|Knock Off|p2a: Mickey
|-damage|p2a: Mickey|75/100
|-enditem|p2a: Mickey|Leftovers|[from] move: Knock Off|[of] p1a: Zeraora
|-damage|p1a: Zeraora|91/100|[from] item: Life Orb
|move|p2a: Mickey|Bulk Up|p2a: Mickey
|-boost|p2a: Mickey|atk|1
|-boost|p2a: Mickey|def|1
|
|upkeep
|turn|12
|
|move|p1a: Zeraora|Close Combat|p2a: Mickey
|-damage|p2a: Mickey|59/100
|-unboost|p1a: Zeraora|def|1
|-unboost|p1a: Zeraora|spd|1
|-damage|p1a: Zeraora|81/100|[from] item: Life Orb
|move|p2a: Mickey|Knock Off|p1a: Zeraora
|-damage|p1a: Zeraora|0 fnt
|-enditem|p1a: Zeraora|Life Orb|[from] move: Knock Off|[of] p2a: Mickey
|faint|p1a: Zeraora
|
|upkeep
|
|switch|p1a: Cinderace|Cinderace, M|53/100
|turn|13
|
|move|p1a: Cinderace|Sucker Punch|p2a: Mickey
|-start|p1a: Cinderace|typechange|Dark|[from] ability: Libero
|-damage|p2a: Mickey|48/100
|move|p2a: Mickey|Drain Punch|p1a: Cinderace
|-supereffective|p1a: Cinderace
|-damage|p1a: Cinderace|0 fnt
|-heal|p2a: Mickey|73/100|[from] drain|[of] p1a: Cinderace
|faint|p1a: Cinderace
|
|upkeep
|
|switch|p1a: Kyurem|Kyurem|100/100
|-ability|p1a: Kyurem|Pressure
|turn|14
|
|move|p2a: Mickey|Drain Punch|p1a: Kyurem
|-supereffective|p1a: Kyurem
|-damage|p1a: Kyurem|4/100
|-heal|p2a: Mickey|100/100|[from] drain|[of] p1a: Kyurem
|move|p1a: Kyurem|Ice Beam|p2a: Mickey
|-damage|p2a: Mickey|68/100
|
|-sideend|p2: Pokemeep|move: Aurora Veil
|upkeep
|turn|15
|
|move|p2a: Mickey|Knock Off|p1a: Kyurem
|-damage|p1a: Kyurem|0 fnt
|-enditem|p1a: Kyurem|Metronome|[from] move: Knock Off|[of] p2a: Mickey
|faint|p1a: Kyurem
|
|upkeep
|-message|willcoxw forfeited.
|
|win|Pokemeep
|l|☆willcoxw
|raw|willcoxw's rating: 1758 &rarr; <strong>1727</strong><br />(-31 for losing)
|raw|Pokemeep's rating: 1537 &rarr; <strong>1568</strong><br />(+31 for winning)
|l|☆Pokemeep
|l| aeroplanefighter
