|j|☆minimax_ai
|j|‽hypervortexreturns
|t:|1667972648
|gametype|singles
|player|p1|minimax_ai|169|1692
|player|p2|hypervortexreturns|266|1949
|teamsize|p1|6
|teamsize|p2|6
|gen|8
|tier|[Gen 8] OU
|rated|
|rule|Sleep Clause Mod: Limit one foe put to sleep
|rule|Species Clause: Limit one of each Pokémon
|rule|OHKO Clause: OHKO moves are banned
|rule|Evasion Items Clause: Evasion items are banned
|rule|Evasion Moves Clause: Evasion moves are banned
|rule|Endless Battle Clause: Forcing endless battles is banned
|rule|HP Percentage Mod: HP is shown in percentages
|rule|Dynamax Clause: You cannot dynamax
|clearpoke
|poke|p1|Rotom-Wash|
|poke|p1|Weavile, F|
|poke|p1|Landorus-Therian, M|
|poke|p1|Heatran, M|
|poke|p1|Tangrowth, F|
|poke|p1|Melmetal|
|poke|p2|Hydreigon, M|
|poke|p2|Zapdos|
|poke|p2|Tangrowth, M|
|poke|p2|Corviknight, F|
|poke|p2|Excadrill, F|
|poke|p2|Azumarill, F|
|teampreview
|c|☆minimax_ai|hf
|inactive|Battle timer is ON: inactive players will automatically lose when time's up. (requested by minimax_ai)
|
|t:|1667972663
|start
|switch|p1a: landorustherian|Landorus-Therian, M|100/100
|switch|p2a: Zapdos|Zapdos|100/100
|-ability|p1a: landorustherian|Intimidate|boost
|-unboost|p2a: Zapdos|atk|1
|turn|1
|
|t:|1667972675
|move|p2a: Zapdos|Toxic|p1a: landorustherian
|-status|p1a: landorustherian|tox
|move|p1a: landorustherian|Toxic|p2a: Zapdos
|-status|p2a: Zapdos|tox
|
|-damage|p2a: Zapdos|94/100 tox|[from] psn
|-damage|p1a: landorustherian|94/100 tox|[from] psn
|upkeep
|turn|2
|j| PoobleMaster945
|
|t:|1667972685
|switch|p1a: Melmetal|Melmetal|100/100
|move|p2a: Zapdos|Hurricane|p1a: Melmetal|[miss]
|-miss|p2a: Zapdos|p1a: Melmetal
|
|-damage|p2a: Zapdos|82/100 tox|[from] psn
|upkeep
|turn|3
|
|t:|1667972696
|switch|p2a: Tangrowth|Tangrowth, M|100/100
|move|p1a: Melmetal|Ice Punch|p2a: Tangrowth
|-supereffective|p2a: Tangrowth
|-damage|p2a: Tangrowth|64/100
|-damage|p1a: Melmetal|84/100|[from] item: Rocky Helmet|[of] p2a: Tangrowth
|
|upkeep
|turn|4
|
|t:|1667972707
|move|p2a: Tangrowth|Sleep Powder|p1a: Melmetal
|-status|p1a: Melmetal|slp|[from] move: Sleep Powder
|cant|p1a: Melmetal|slp
|
|upkeep
|turn|5
|
|t:|1667972713
|move|p2a: Tangrowth|Knock Off|p1a: Melmetal
|-damage|p1a: Melmetal|71/100 slp
|-enditem|p1a: Melmetal|Assault Vest|[from] move: Knock Off|[of] p2a: Tangrowth
|-curestatus|p1a: Melmetal|slp|[msg]
|move|p1a: Melmetal|Ice Punch|p2a: Tangrowth
|-supereffective|p2a: Tangrowth
|-damage|p2a: Tangrowth|25/100
|-damage|p1a: Melmetal|54/100|[from] item: Rocky Helmet|[of] p2a: Tangrowth
|
|upkeep
|turn|6
|
|t:|1667972731
|move|p2a: Tangrowth|Sleep Powder|p1a: Melmetal
|-status|p1a: Melmetal|slp|[from] move: Sleep Powder
|cant|p1a: Melmetal|slp
|
|upkeep
|turn|7
|j| sammag
|j| t qwrhgaw
|
|t:|1667972753
|switch|p2a: Excadrill|Excadrill, F|100/100
|-ability|p2a: Excadrill|Mold Breaker
|cant|p1a: Melmetal|slp
|
|upkeep
|turn|8
|
|t:|1667972763
|switch|p1a: Heatran|Heatran, M|100/100
|-item|p1a: Heatran|Air Balloon
|move|p2a: Excadrill|Stealth Rock|p1a: Heatran
|-sidestart|p1: minimax_ai|move: Stealth Rock
|
|upkeep
|turn|9
|
|t:|1667972774
|switch|p2a: Hydreigon|Hydreigon, M|100/100
|move|p1a: Heatran|Stealth Rock|p2a: Hydreigon
|-sidestart|p2: hypervortexreturns|move: Stealth Rock
|
|upkeep
|turn|10
|
|t:|1667972781
|move|p2a: Hydreigon|Dark Pulse|p1a: Heatran
|-damage|p1a: Heatran|70/100
|-enditem|p1a: Heatran|Air Balloon
|cant|p1a: Heatran|flinch
|
|upkeep
|turn|11
|
|t:|1667972798
|switch|p1a: Weavile|Weavile, F|100/100
|-damage|p1a: Weavile|76/100|[from] Stealth Rock
|-ability|p1a: Weavile|Pressure
|move|p2a: Hydreigon|Nasty Plot|p2a: Hydreigon
|-boost|p2a: Hydreigon|spa|2
|
|upkeep
|turn|12
|
|t:|1667972812
|switch|p2a: Zapdos|Zapdos|82/100 tox
|move|p1a: Weavile|Triple Axel|p2a: Zapdos
|-supereffective|p2a: Zapdos
|-damage|p2a: Zapdos|52/100 tox
|-supereffective|p2a: Zapdos
|-damage|p2a: Zapdos|0 fnt
|faint|p2a: Zapdos
|-hitcount|p2: Zapdos|2
|
|upkeep
|inactive|hypervortexreturns has 120 seconds left.
|
|t:|1667972828
|switch|p2a: Azumarill|Azumarill, F|100/100
|-damage|p2a: Azumarill|88/100|[from] Stealth Rock
|turn|13
|j| jly8
|
|t:|1667972835
|move|p1a: Weavile|Triple Axel|p2a: Azumarill
|-resisted|p2a: Azumarill
|-damage|p2a: Azumarill|80/100
|-resisted|p2a: Azumarill
|-damage|p2a: Azumarill|62/100
|-resisted|p2a: Azumarill
|-damage|p2a: Azumarill|38/100
|-enditem|p2a: Azumarill|Sitrus Berry|[eat]
|-heal|p2a: Azumarill|62/100|[from] item: Sitrus Berry
|-hitcount|p2a: Azumarill|3
|move|p2a: Azumarill|Knock Off|p1a: Weavile
|-resisted|p1a: Weavile
|-damage|p1a: Weavile|40/100
|-enditem|p1a: Weavile|Choice Band|[from] move: Knock Off|[of] p2a: Azumarill
|
|upkeep
|turn|14
|inactive|hypervortexreturns has 120 seconds left.
|
|t:|1667972855
|switch|p1a: Tangrowth|Tangrowth, F|100/100
|-damage|p1a: Tangrowth|88/100|[from] Stealth Rock
|move|p2a: Azumarill|Knock Off|p1a: Tangrowth
|-damage|p1a: Tangrowth|66/100
|-damage|p2a: Azumarill|46/100|[from] item: Rocky Helmet|[of] p1a: Tangrowth
|-enditem|p1a: Tangrowth|Rocky Helmet|[from] move: Knock Off|[of] p2a: Azumarill
|
|upkeep
|turn|15
|inactive|hypervortexreturns has 120 seconds left.
|j| yvuvbuu ggu
|inactive|hypervortexreturns has 90 seconds left.
|
|t:|1667972907
|switch|p2a: Corviknight|Corviknight, F|100/100
|-damage|p2a: Corviknight|88/100|[from] Stealth Rock
|-ability|p2a: Corviknight|Pressure
|move|p1a: Tangrowth|Giga Drain|p2a: Corviknight
|-resisted|p2a: Corviknight
|-damage|p2a: Corviknight|83/100
|-heal|p1a: Tangrowth|69/100|[from] drain|[of] p2a: Corviknight
|
|-heal|p2a: Corviknight|89/100|[from] item: Leftovers
|upkeep
|turn|16
|
|t:|1667972919
|move|p2a: Corviknight|Taunt|p1a: Tangrowth
|-start|p1a: Tangrowth|move: Taunt
|cant|p1a: Tangrowth|move: Taunt|Sleep Powder
|
|-heal|p2a: Corviknight|96/100|[from] item: Leftovers
|upkeep
|turn|17
|j| Afjsgjsjg
|
|t:|1667972934
|switch|p2a: Hydreigon|Hydreigon, M|100/100
|-damage|p2a: Hydreigon|88/100|[from] Stealth Rock
|switch|p1a: landorustherian|Landorus-Therian, M|94/100 tox
|-damage|p1a: landorustherian|82/100 tox|[from] Stealth Rock
|-ability|p1a: landorustherian|Intimidate|boost
|-unboost|p2a: Hydreigon|atk|1
|
|-heal|p2a: Hydreigon|94/100|[from] item: Leftovers
|-heal|p1a: landorustherian|88/100 tox|[from] item: Leftovers
|-damage|p1a: landorustherian|82/100 tox|[from] psn
|upkeep
|turn|18
|
|t:|1667972950
|move|p2a: Hydreigon|Dark Pulse|p1a: landorustherian
|-damage|p1a: landorustherian|59/100 tox
|move|p1a: landorustherian|Toxic|p2a: Hydreigon
|-status|p2a: Hydreigon|tox
|
|-heal|p2a: Hydreigon|100/100 tox|[from] item: Leftovers
|-heal|p1a: landorustherian|65/100 tox|[from] item: Leftovers
|-damage|p2a: Hydreigon|94/100 tox|[from] psn
|-damage|p1a: landorustherian|53/100 tox|[from] psn
|upkeep
|turn|19
|
|t:|1667972967
|move|p2a: Hydreigon|Dark Pulse|p1a: landorustherian
|-damage|p1a: landorustherian|29/100 tox
|move|p1a: landorustherian|U-turn|p2a: Hydreigon
|-supereffective|p2a: Hydreigon
|-damage|p2a: Hydreigon|53/100 tox
|
|t:|1667972967
|switch|p1a: Weavile|Weavile, F|40/100|[from]move: U-turn
|-damage|p1a: Weavile|15/100|[from] Stealth Rock
|-ability|p1a: Weavile|Pressure
|
|-heal|p2a: Hydreigon|59/100 tox|[from] item: Leftovers
|-damage|p2a: Hydreigon|47/100 tox|[from] psn
|upkeep
|turn|20
|
|t:|1667972982
|switch|p2a: Tangrowth|Tangrowth, M|58/100
|-damage|p2a: Tangrowth|46/100|[from] Stealth Rock
|move|p1a: Weavile|Triple Axel|p2a: Tangrowth
|-supereffective|p2a: Tangrowth
|-damage|p2a: Tangrowth|37/100
|-damage|p1a: Weavile|0 fnt|[from] item: Rocky Helmet|[of] p2a: Tangrowth
|faint|p1a: Weavile
|-hitcount|p2a: Tangrowth|1
|
|upkeep
|
|t:|1667972982
|switch|p1a: Heatran|Heatran, M|70/100
|-damage|p1a: Heatran|57/100|[from] Stealth Rock
|turn|21
|
|t:|1667972998
|switch|p2a: Azumarill|Azumarill, F|46/100
|-damage|p2a: Azumarill|34/100|[from] Stealth Rock
|move|p1a: Heatran|Magma Storm|p2a: Azumarill|[miss]
|-miss|p1a: Heatran|p2a: Azumarill
|
|upkeep
|turn|22
|
|t:|1667973007
|move|p2a: Azumarill|Aqua Jet|p1a: Heatran
|-supereffective|p1a: Heatran
|-damage|p1a: Heatran|5/100
|move|p1a: Heatran|Magma Storm|p2a: Azumarill
|-resisted|p2a: Azumarill
|-damage|p2a: Azumarill|1/100
|-activate|p2a: Azumarill|move: Magma Storm|[of] p1a: Heatran
|
|-damage|p2a: Azumarill|0 fnt|[from] move: Magma Storm|[partiallytrapped]
|faint|p2a: Azumarill
|upkeep
|
|t:|1667973021
|switch|p2a: Hydreigon|Hydreigon, M|47/100 tox
|-damage|p2a: Hydreigon|34/100 tox|[from] Stealth Rock
|turn|23
|
|t:|1667973029
|move|p2a: Hydreigon|Roost|p2a: Hydreigon
|-heal|p2a: Hydreigon|84/100 tox
|-singleturn|p2a: Hydreigon|move: Roost
|move|p1a: Heatran|Magma Storm|p2a: Hydreigon|[miss]
|-miss|p1a: Heatran|p2a: Hydreigon
|
|-heal|p2a: Hydreigon|91/100 tox|[from] item: Leftovers
|-damage|p2a: Hydreigon|84/100 tox|[from] psn
|upkeep
|turn|24
|
|t:|1667973039
|switch|p1a: rotomwash|Rotom-Wash|100/100
|-damage|p1a: rotomwash|88/100|[from] Stealth Rock
|move|p2a: Hydreigon|Dark Pulse|p1a: rotomwash
|-damage|p1a: rotomwash|54/100
|
|-heal|p2a: Hydreigon|91/100 tox|[from] item: Leftovers
|-heal|p1a: rotomwash|60/100|[from] item: Leftovers
|-damage|p2a: Hydreigon|78/100 tox|[from] psn
|upkeep
|turn|25
|
|t:|1667973057
|switch|p2a: Tangrowth|Tangrowth, M|70/100
|-damage|p2a: Tangrowth|57/100|[from] Stealth Rock
|move|p1a: rotomwash|Pain Split|p2a: Tangrowth
|-sethp|p2a: Tangrowth|51/100|[from] move: Pain Split|[silent]
|-sethp|p1a: rotomwash|68/100|[from] move: Pain Split
|
|-heal|p1a: rotomwash|75/100|[from] item: Leftovers
|upkeep
|turn|26
|
|t:|1667973069
|switch|p1a: Tangrowth|Tangrowth, F|100/100
|-damage|p1a: Tangrowth|88/100|[from] Stealth Rock
|move|p2a: Tangrowth|Knock Off|p1a: Tangrowth
|-damage|p1a: Tangrowth|80/100
|
|upkeep
|turn|27
|
|t:|1667973084
|switch|p2a: Corviknight|Corviknight, F|96/100
|-damage|p2a: Corviknight|83/100|[from] Stealth Rock
|-ability|p2a: Corviknight|Pressure
|move|p1a: Tangrowth|Giga Drain|p2a: Corviknight
|-resisted|p2a: Corviknight
|-damage|p2a: Corviknight|78/100
|-heal|p1a: Tangrowth|82/100|[from] drain|[of] p2a: Corviknight
|
|-heal|p2a: Corviknight|85/100|[from] item: Leftovers
|upkeep
|turn|28
|
|t:|1667973097
|move|p2a: Corviknight|Taunt|p1a: Tangrowth
|-start|p1a: Tangrowth|move: Taunt
|cant|p1a: Tangrowth|move: Taunt|Sleep Powder
|
|-heal|p2a: Corviknight|91/100|[from] item: Leftovers
|upkeep
|turn|29
|
|t:|1667973110
|move|p2a: Corviknight|Brave Bird|p1a: Tangrowth
|-supereffective|p1a: Tangrowth
|-damage|p1a: Tangrowth|41/100
|-damage|p2a: Corviknight|77/100|[from] Recoil
|move|p1a: Tangrowth|Giga Drain|p2a: Corviknight
|-resisted|p2a: Corviknight
|-damage|p2a: Corviknight|72/100
|-heal|p1a: Tangrowth|43/100|[from] drain|[of] p2a: Corviknight
|
|-heal|p2a: Corviknight|78/100|[from] item: Leftovers
|upkeep
|turn|30
|
|t:|1667973121
|switch|p2a: Tangrowth|Tangrowth, M|85/100
|-damage|p2a: Tangrowth|72/100|[from] Stealth Rock
|move|p1a: Tangrowth|Giga Drain|p2a: Tangrowth
|-resisted|p2a: Tangrowth
|-damage|p2a: Tangrowth|51/100
|-heal|p1a: Tangrowth|54/100|[from] drain|[of] p2a: Tangrowth
|
|-end|p1a: Tangrowth|move: Taunt
|upkeep
|turn|31
|
|t:|1667973134
|move|p1a: Tangrowth|Giga Drain|p2a: Tangrowth
|-resisted|p2a: Tangrowth
|-damage|p2a: Tangrowth|31/100
|-heal|p1a: Tangrowth|64/100|[from] drain|[of] p2a: Tangrowth
|move|p2a: Tangrowth|Focus Blast|p1a: Tangrowth
|-damage|p1a: Tangrowth|18/100
|-unboost|p1a: Tangrowth|spd|1
|
|upkeep
|turn|32
|
|t:|1667973146
|switch|p1a: landorustherian|Landorus-Therian, M|29/100 tox
|-damage|p1a: landorustherian|17/100 tox|[from] Stealth Rock
|-ability|p1a: landorustherian|Intimidate|boost
|-unboost|p2a: Tangrowth|atk|1
|move|p2a: Tangrowth|Focus Blast|p1a: landorustherian|[miss]
|-miss|p2a: Tangrowth|p1a: landorustherian
|
|-heal|p1a: landorustherian|23/100 tox|[from] item: Leftovers
|-damage|p1a: landorustherian|17/100 tox|[from] psn
|upkeep
|turn|33
|
|t:|1667973159
|switch|p2a: Corviknight|Corviknight, F|78/100
|-damage|p2a: Corviknight|66/100|[from] Stealth Rock
|-ability|p2a: Corviknight|Pressure
|move|p1a: landorustherian|Defog|p2a: Corviknight
|-unboost|p2a: Corviknight|evasion|1
|-sideend|p2: hypervortexreturns|Stealth Rock|[from] move: Defog|[of] p1a: landorustherian
|-sideend|p1: minimax_ai|Stealth Rock|[from] move: Defog|[of] p1a: landorustherian
|
|-heal|p1a: landorustherian|23/100 tox|[from] item: Leftovers
|-heal|p2a: Corviknight|72/100|[from] item: Leftovers
|-damage|p1a: landorustherian|11/100 tox|[from] psn
|upkeep
|turn|34
|
|t:|1667973172
|move|p1a: landorustherian|U-turn|p2a: Corviknight
|-resisted|p2a: Corviknight
|-damage|p2a: Corviknight|68/100
|
|t:|1667973173
|switch|p1a: Tangrowth|Tangrowth, F|51/100|[from]move: U-turn
|move|p2a: Corviknight|Brave Bird|p1a: Tangrowth
|-supereffective|p1a: Tangrowth
|-damage|p1a: Tangrowth|13/100
|-damage|p2a: Corviknight|55/100|[from] Recoil
|
|-heal|p2a: Corviknight|61/100|[from] item: Leftovers
|upkeep
|turn|35
|
|t:|1667973185
|switch|p1a: rotomwash|Rotom-Wash|75/100
|move|p2a: Corviknight|Brave Bird|p1a: rotomwash
|-resisted|p1a: rotomwash
|-damage|p1a: rotomwash|56/100
|-damage|p2a: Corviknight|57/100|[from] Recoil
|
|-heal|p1a: rotomwash|62/100|[from] item: Leftovers
|-heal|p2a: Corviknight|63/100|[from] item: Leftovers
|upkeep
|turn|36
|inactive|hypervortexreturns has 60 seconds left.
|
|t:|1667973213
|move|p1a: rotomwash|Hydro Pump|p2a: Corviknight
|-damage|p2a: Corviknight|30/100
|move|p2a: Corviknight|Roost|p2a: Corviknight
|-heal|p2a: Corviknight|80/100
|-singleturn|p2a: Corviknight|move: Roost
|
|-heal|p1a: rotomwash|69/100|[from] item: Leftovers
|-heal|p2a: Corviknight|87/100|[from] item: Leftovers
|upkeep
|turn|37
|inactive|hypervortexreturns has 60 seconds left.
|
|t:|1667973231
|move|p1a: rotomwash|Hydro Pump|p2a: Corviknight
|-damage|p2a: Corviknight|57/100
|move|p2a: Corviknight|Brave Bird|p1a: rotomwash
|-resisted|p1a: rotomwash
|-damage|p1a: rotomwash|48/100
|-damage|p2a: Corviknight|51/100|[from] Recoil
|
|-heal|p1a: rotomwash|54/100|[from] item: Leftovers
|-heal|p2a: Corviknight|57/100|[from] item: Leftovers
|upkeep
|turn|38
|
|t:|1667973247
|move|p1a: rotomwash|Hydro Pump|p2a: Corviknight
|-crit|p2a: Corviknight
|-damage|p2a: Corviknight|9/100
|move|p2a: Corviknight|Roost|p2a: Corviknight
|-heal|p2a: Corviknight|59/100
|-singleturn|p2a: Corviknight|move: Roost
|
|-heal|p1a: rotomwash|60/100|[from] item: Leftovers
|-heal|p2a: Corviknight|66/100|[from] item: Leftovers
|upkeep
|turn|39
|
|t:|1667973259
|move|p1a: rotomwash|Hydro Pump|p2a: Corviknight
|-damage|p2a: Corviknight|37/100
|move|p2a: Corviknight|Roost|p2a: Corviknight
|-heal|p2a: Corviknight|87/100
|-singleturn|p2a: Corviknight|move: Roost
|
|-heal|p1a: rotomwash|66/100|[from] item: Leftovers
|-heal|p2a: Corviknight|93/100|[from] item: Leftovers
|upkeep
|turn|40
|
|t:|1667973270
|switch|p1a: Tangrowth|Tangrowth, F|46/100
|move|p2a: Corviknight|Brave Bird|p1a: Tangrowth
|-supereffective|p1a: Tangrowth
|-damage|p1a: Tangrowth|8/100
|-damage|p2a: Corviknight|81/100|[from] Recoil
|
|-heal|p2a: Corviknight|87/100|[from] item: Leftovers
|upkeep
|turn|41
|
|t:|1667973280
|switch|p1a: rotomwash|Rotom-Wash|66/100
|move|p2a: Corviknight|Brave Bird|p1a: rotomwash
|-resisted|p1a: rotomwash
|-damage|p1a: rotomwash|48/100
|-damage|p2a: Corviknight|83/100|[from] Recoil
|
|-heal|p1a: rotomwash|54/100|[from] item: Leftovers
|-heal|p2a: Corviknight|89/100|[from] item: Leftovers
|upkeep
|turn|42
|
|t:|1667973296
|switch|p2a: Tangrowth|Tangrowth, M|65/100
|move|p1a: rotomwash|Pain Split|p2a: Tangrowth
|-sethp|p2a: Tangrowth|53/100|[from] move: Pain Split|[silent]
|-sethp|p1a: rotomwash|70/100|[from] move: Pain Split
|
|-heal|p1a: rotomwash|76/100|[from] item: Leftovers
|upkeep
|turn|43
|
|t:|1667973311
|move|p1a: rotomwash|Thunderbolt|p2a: Tangrowth
|-resisted|p2a: Tangrowth
|-damage|p2a: Tangrowth|28/100
|-status|p2a: Tangrowth|par
|cant|p2a: Tangrowth|par
|
|-heal|p1a: rotomwash|82/100|[from] item: Leftovers
|upkeep
|turn|44
|
|t:|1667973321
|switch|p2a: Excadrill|Excadrill, F|100/100
|-ability|p2a: Excadrill|Mold Breaker
|move|p1a: rotomwash|Thunderbolt|p2a: Excadrill
|-immune|p2a: Excadrill
|
|-heal|p1a: rotomwash|89/100|[from] item: Leftovers
|upkeep
|turn|45
|
|t:|1667973332
|switch|p1a: Tangrowth|Tangrowth, F|42/100
|move|p2a: Excadrill|Stealth Rock|p1a: Tangrowth
|-sidestart|p1: minimax_ai|move: Stealth Rock
|
|upkeep
|turn|46
|
|t:|1667973347
|switch|p2a: Tangrowth|Tangrowth, M|61/100 par
|move|p1a: Tangrowth|Giga Drain|p2a: Tangrowth
|-resisted|p2a: Tangrowth
|-damage|p2a: Tangrowth|42/100 par
|-heal|p1a: Tangrowth|51/100|[from] drain|[of] p2a: Tangrowth
|
|upkeep
|turn|47
|
|t:|1667973359
|move|p1a: Tangrowth|Focus Blast|p2a: Tangrowth
|-damage|p2a: Tangrowth|2/100 par
|-unboost|p2a: Tangrowth|spd|1
|move|p2a: Tangrowth|Focus Blast|p1a: Tangrowth|[miss]
|-miss|p2a: Tangrowth|p1a: Tangrowth
|
|upkeep
|turn|48
|
|t:|1667973375
|switch|p2a: Corviknight|Corviknight, F|89/100
|-ability|p2a: Corviknight|Pressure
|move|p1a: Tangrowth|Focus Blast|p2a: Corviknight
|-damage|p2a: Corviknight|69/100
|
|-heal|p2a: Corviknight|75/100|[from] item: Leftovers
|upkeep
|turn|49
|
|t:|1667973386
|switch|p1a: rotomwash|Rotom-Wash|89/100
|-damage|p1a: rotomwash|76/100|[from] Stealth Rock
|move|p2a: Corviknight|Taunt|p1a: rotomwash
|-start|p1a: rotomwash|move: Taunt
|
|-heal|p1a: rotomwash|82/100|[from] item: Leftovers
|-heal|p2a: Corviknight|81/100|[from] item: Leftovers
|upkeep
|turn|50
|
|t:|1667973402
|switch|p2a: Excadrill|Excadrill, F|100/100
|-ability|p2a: Excadrill|Mold Breaker
|move|p1a: rotomwash|Thunderbolt|p2a: Excadrill
|-immune|p2a: Excadrill
|
|-heal|p1a: rotomwash|89/100|[from] item: Leftovers
|upkeep
|turn|51
|
|t:|1667973412
|switch|p1a: Tangrowth|Tangrowth, F|84/100
|-damage|p1a: Tangrowth|72/100|[from] Stealth Rock
|move|p2a: Excadrill|Earthquake|p1a: Tangrowth
|-resisted|p1a: Tangrowth
|-damage|p1a: Tangrowth|57/100
|
|upkeep
|turn|52
|
|t:|1667973426
|switch|p2a: Corviknight|Corviknight, F|81/100
|-ability|p2a: Corviknight|Pressure
|move|p1a: Tangrowth|Focus Blast|p2a: Corviknight
|-damage|p2a: Corviknight|59/100
|
|-heal|p2a: Corviknight|65/100|[from] item: Leftovers
|upkeep
|turn|53
|
|t:|1667973438
|switch|p1a: rotomwash|Rotom-Wash|89/100
|-damage|p1a: rotomwash|76/100|[from] Stealth Rock
|move|p2a: Corviknight|Taunt|p1a: rotomwash
|-start|p1a: rotomwash|move: Taunt
|
|-heal|p1a: rotomwash|82/100|[from] item: Leftovers
|-heal|p2a: Corviknight|71/100|[from] item: Leftovers
|upkeep
|turn|54
|
|t:|1667973457
|switch|p2a: Hydreigon|Hydreigon, M|78/100 tox
|move|p1a: rotomwash|Thunderbolt|p2a: Hydreigon
|-resisted|p2a: Hydreigon
|-damage|p2a: Hydreigon|62/100 tox
|
|-heal|p2a: Hydreigon|69/100 tox|[from] item: Leftovers
|-heal|p1a: rotomwash|89/100|[from] item: Leftovers
|-damage|p2a: Hydreigon|62/100 tox|[from] psn
|upkeep
|turn|55
|
|t:|1667973469
|switch|p1a: landorustherian|Landorus-Therian, M|11/100 tox
|-damage|p1a: landorustherian|0 fnt|[from] Stealth Rock
|faint|p1a: landorustherian
|move|p2a: Hydreigon|Roost|p2a: Hydreigon
|-heal|p2a: Hydreigon|100/100 tox
|-singleturn|p2a: Hydreigon|move: Roost
|
|-damage|p2a: Hydreigon|88/100 tox|[from] psn
|upkeep
|
|t:|1667973469
|switch|p1a: rotomwash|Rotom-Wash|89/100
|-damage|p1a: rotomwash|76/100|[from] Stealth Rock
|turn|56
|
|t:|1667973484
|switch|p2a: Excadrill|Excadrill, F|100/100
|-ability|p2a: Excadrill|Mold Breaker
|move|p1a: rotomwash|Pain Split|p2a: Excadrill
|-sethp|p2a: Excadrill|82/100|[from] move: Pain Split|[silent]
|-sethp|p1a: rotomwash|98/100|[from] move: Pain Split
|
|-heal|p2a: Excadrill|88/100|[from] item: Leftovers
|-heal|p1a: rotomwash|100/100|[from] item: Leftovers
|upkeep
|turn|57
|
|t:|1667973496
|switch|p1a: Tangrowth|Tangrowth, F|91/100
|-damage|p1a: Tangrowth|78/100|[from] Stealth Rock
|move|p2a: Excadrill|Iron Head|p1a: Tangrowth
|-damage|p1a: Tangrowth|57/100
|
|-heal|p2a: Excadrill|94/100|[from] item: Leftovers
|upkeep
|turn|58
|
|t:|1667973509
|switch|p2a: Corviknight|Corviknight, F|71/100
|-ability|p2a: Corviknight|Pressure
|move|p1a: Tangrowth|Focus Blast|p2a: Corviknight
|-damage|p2a: Corviknight|51/100
|
|-heal|p2a: Corviknight|57/100|[from] item: Leftovers
|upkeep
|turn|59
|
|t:|1667973519
|switch|p1a: rotomwash|Rotom-Wash|100/100
|-damage|p1a: rotomwash|88/100|[from] Stealth Rock
|move|p2a: Corviknight|Roost|p2a: Corviknight
|-heal|p2a: Corviknight|100/100
|-singleturn|p2a: Corviknight|move: Roost
|
|-heal|p1a: rotomwash|94/100|[from] item: Leftovers
|upkeep
|turn|60
|
|t:|1667973530
|switch|p2a: Excadrill|Excadrill, F|94/100
|-ability|p2a: Excadrill|Mold Breaker
|move|p1a: rotomwash|Nasty Plot|p1a: rotomwash
|-boost|p1a: rotomwash|spa|2
|
|-heal|p2a: Excadrill|100/100|[from] item: Leftovers
|-heal|p1a: rotomwash|100/100|[from] item: Leftovers
|upkeep
|turn|61
|
|t:|1667973540
|switch|p1a: Tangrowth|Tangrowth, F|90/100
|-damage|p1a: Tangrowth|77/100|[from] Stealth Rock
|move|p2a: Excadrill|Earthquake|p1a: Tangrowth
|-resisted|p1a: Tangrowth
|-damage|p1a: Tangrowth|65/100
|
|upkeep
|turn|62
|
|t:|1667973549
|switch|p2a: Corviknight|Corviknight, F|100/100
|-ability|p2a: Corviknight|Pressure
|move|p1a: Tangrowth|Focus Blast|p2a: Corviknight
|-damage|p2a: Corviknight|80/100
|
|-heal|p2a: Corviknight|87/100|[from] item: Leftovers
|upkeep
|turn|63
|j| jrchamphotline
|
|t:|1667973559
|switch|p1a: rotomwash|Rotom-Wash|100/100
|-damage|p1a: rotomwash|88/100|[from] Stealth Rock
|move|p2a: Corviknight|Taunt|p1a: rotomwash
|-start|p1a: rotomwash|move: Taunt
|
|-heal|p1a: rotomwash|94/100|[from] item: Leftovers
|-heal|p2a: Corviknight|93/100|[from] item: Leftovers
|upkeep
|turn|64
|
|t:|1667973570
|switch|p2a: Excadrill|Excadrill, F|100/100
|-ability|p2a: Excadrill|Mold Breaker
|move|p1a: rotomwash|Thunderbolt|p2a: Excadrill
|-immune|p2a: Excadrill
|
|-heal|p1a: rotomwash|100/100|[from] item: Leftovers
|upkeep
|turn|65
|
|t:|1667973579
|switch|p2a: Hydreigon|Hydreigon, M|88/100 tox
|switch|p1a: Tangrowth|Tangrowth, F|98/100
|-damage|p1a: Tangrowth|86/100|[from] Stealth Rock
|
|-heal|p2a: Hydreigon|94/100 tox|[from] item: Leftovers
|-damage|p2a: Hydreigon|88/100 tox|[from] psn
|upkeep
|turn|66
|
|t:|1667973591
|switch|p1a: rotomwash|Rotom-Wash|100/100
|-damage|p1a: rotomwash|88/100|[from] Stealth Rock
|move|p2a: Hydreigon|Dark Pulse|p1a: rotomwash
|-damage|p1a: rotomwash|54/100
|
|-heal|p2a: Hydreigon|94/100 tox|[from] item: Leftovers
|-heal|p1a: rotomwash|60/100|[from] item: Leftovers
|-damage|p2a: Hydreigon|82/100 tox|[from] psn
|upkeep
|turn|67
|
|t:|1667973602
|switch|p2a: Tangrowth|Tangrowth, M|35/100 par
|move|p1a: rotomwash|Pain Split|p2a: Tangrowth
|-sethp|p2a: Tangrowth|40/100 par|[from] move: Pain Split|[silent]
|-sethp|p1a: rotomwash|53/100|[from] move: Pain Split
|
|-heal|p1a: rotomwash|60/100|[from] item: Leftovers
|upkeep
|turn|68
|
|t:|1667973612
|move|p1a: rotomwash|Thunderbolt|p2a: Tangrowth
|-resisted|p2a: Tangrowth
|-damage|p2a: Tangrowth|16/100 par
|move|p2a: Tangrowth|Knock Off|p1a: rotomwash
|-damage|p1a: rotomwash|38/100
|-enditem|p1a: rotomwash|Leftovers|[from] move: Knock Off|[of] p2a: Tangrowth
|
|upkeep
|turn|69
|inactive|hypervortexreturns has 60 seconds left.
|
|t:|1667973622
|switch|p1a: Tangrowth|Tangrowth, F|100/100
|-damage|p1a: Tangrowth|88/100|[from] Stealth Rock
|switch|p2a: Excadrill|Excadrill, F|100/100
|-ability|p2a: Excadrill|Mold Breaker
|
|upkeep
|turn|70
|inactive|hypervortexreturns has 60 seconds left.
|
|t:|1667973633
|switch|p2a: Corviknight|Corviknight, F|93/100
|-ability|p2a: Corviknight|Pressure
|move|p1a: Tangrowth|Knock Off|p2a: Corviknight
|-damage|p2a: Corviknight|76/100
|-enditem|p2a: Corviknight|Leftovers|[from] move: Knock Off|[of] p1a: Tangrowth
|
|upkeep
|turn|71
|inactive|hypervortexreturns has 60 seconds left.
|
|t:|1667973642
|move|p2a: Corviknight|Taunt|p1a: Tangrowth
|-start|p1a: Tangrowth|move: Taunt
|move|p1a: Tangrowth|Knock Off|p2a: Corviknight
|-damage|p2a: Corviknight|64/100
|
|upkeep
|turn|72
|
|t:|1667973650
|move|p2a: Corviknight|Bulk Up|p2a: Corviknight
|-boost|p2a: Corviknight|atk|1
|-boost|p2a: Corviknight|def|1
|move|p1a: Tangrowth|Knock Off|p2a: Corviknight
|-damage|p2a: Corviknight|56/100
|
|upkeep
|turn|73
|
|t:|1667973658
|switch|p1a: Melmetal|Melmetal|54/100 slp
|-damage|p1a: Melmetal|48/100 slp|[from] Stealth Rock
|move|p2a: Corviknight|Brave Bird|p1a: Melmetal
|-resisted|p1a: Melmetal
|-damage|p1a: Melmetal|33/100 slp
|-damage|p2a: Corviknight|50/100|[from] Recoil
|
|upkeep
|turn|74
|
|t:|1667973671
|move|p2a: Corviknight|Brave Bird|p1a: Melmetal
|-resisted|p1a: Melmetal
|-damage|p1a: Melmetal|18/100 slp
|-damage|p2a: Corviknight|45/100|[from] Recoil
|-curestatus|p1a: Melmetal|slp|[msg]
|move|p1a: Melmetal|Thunder Punch|p2a: Corviknight
|-supereffective|p2a: Corviknight
|-damage|p2a: Corviknight|10/100
|-status|p2a: Corviknight|par
|
|upkeep
|turn|75
|l| jrchamphotline
|
|t:|1667973684
|switch|p2a: Tangrowth|Tangrowth, M|49/100 par
|move|p1a: Melmetal|Ice Punch|p2a: Tangrowth
|-supereffective|p2a: Tangrowth
|-damage|p2a: Tangrowth|16/100 par
|-damage|p1a: Melmetal|2/100|[from] item: Rocky Helmet|[of] p2a: Tangrowth
|
|upkeep
|turn|76
|
|t:|1667973694
|move|p1a: Melmetal|Double Iron Bash|p2a: Tangrowth
|-crit|p2a: Tangrowth
|-damage|p2a: Tangrowth|0 fnt
|-damage|p1a: Melmetal|0 fnt|[from] item: Rocky Helmet|[of] p2a: Tangrowth
|faint|p2a: Tangrowth
|faint|p1a: Melmetal
|-hitcount|p2: Tangrowth|1
|
|upkeep
|
|t:|1667973703
|switch|p2a: Hydreigon|Hydreigon, M|82/100 tox
|switch|p1a: Tangrowth|Tangrowth, F|100/100
|-damage|p1a: Tangrowth|88/100|[from] Stealth Rock
|turn|77
|
|t:|1667973711
|switch|p1a: Heatran|Heatran, M|5/100
|-damage|p1a: Heatran|0 fnt|[from] Stealth Rock
|faint|p1a: Heatran
|move|p2a: Hydreigon|Dark Pulse|p1: Heatran|[notarget]
|-fail|p2a: Hydreigon
|
|-heal|p2a: Hydreigon|88/100 tox|[from] item: Leftovers
|-damage|p2a: Hydreigon|82/100 tox|[from] psn
|upkeep
|
|t:|1667973711
|switch|p1a: Tangrowth|Tangrowth, F|100/100
|-damage|p1a: Tangrowth|88/100|[from] Stealth Rock
|turn|78
|inactive|hypervortexreturns has 90 seconds left.
|
|t:|1667973727
|move|p2a: Hydreigon|Dark Pulse|p1a: Tangrowth
|-damage|p1a: Tangrowth|38/100
|move|p1a: Tangrowth|Knock Off|p2a: Hydreigon
|-resisted|p2a: Hydreigon
|-damage|p2a: Hydreigon|71/100 tox
|-enditem|p2a: Hydreigon|Leftovers|[from] move: Knock Off|[of] p1a: Tangrowth
|
|-damage|p2a: Hydreigon|58/100 tox|[from] psn
|upkeep
|turn|79
|
|t:|1667973737
|switch|p1a: rotomwash|Rotom-Wash|38/100
|-damage|p1a: rotomwash|25/100|[from] Stealth Rock
|move|p2a: Hydreigon|Dark Pulse|p1a: rotomwash
|-damage|p1a: rotomwash|0 fnt
|faint|p1a: rotomwash
|
|-damage|p2a: Hydreigon|40/100 tox|[from] psn
|upkeep
|
|t:|1667973737
|switch|p1a: Tangrowth|Tangrowth, F|71/100
|-damage|p1a: Tangrowth|58/100|[from] Stealth Rock
|turn|80
|inactive|hypervortexreturns has 90 seconds left.
|
|t:|1667973752
|switch|p2a: Excadrill|Excadrill, F|100/100
|-ability|p2a: Excadrill|Mold Breaker
|move|p1a: Tangrowth|Giga Drain|p2a: Excadrill
|-damage|p2a: Excadrill|65/100
|-heal|p1a: Tangrowth|75/100|[from] drain|[of] p2a: Excadrill
|
|-heal|p2a: Excadrill|71/100|[from] item: Leftovers
|upkeep
|turn|81
|inactive|hypervortexreturns has 90 seconds left.
|
|t:|1667973764
|move|p2a: Excadrill|Swords Dance|p2a: Excadrill
|-boost|p2a: Excadrill|atk|2
|move|p1a: Tangrowth|Giga Drain|p2a: Excadrill
|-damage|p2a: Excadrill|32/100
|-heal|p1a: Tangrowth|92/100|[from] drain|[of] p2a: Excadrill
|
|-heal|p2a: Excadrill|38/100|[from] item: Leftovers
|upkeep
|turn|82
|inactive|hypervortexreturns has 90 seconds left.
|
|t:|1667973774
|move|p2a: Excadrill|Iron Head|p1a: Tangrowth
|-damage|p1a: Tangrowth|44/100
|move|p1a: Tangrowth|Giga Drain|p2a: Excadrill
|-damage|p2a: Excadrill|0 fnt
|-heal|p1a: Tangrowth|61/100|[from] drain|[of] p2a: Excadrill
|faint|p2a: Excadrill
|
|upkeep
|
|t:|1667973783
|switch|p2a: Corviknight|Corviknight, F|10/100 par
|-ability|p2a: Corviknight|Pressure
|turn|83
|
|t:|1667973788
|move|p1a: Tangrowth|Giga Drain|p2a: Corviknight
|-resisted|p2a: Corviknight
|-damage|p2a: Corviknight|5/100 par
|-heal|p1a: Tangrowth|64/100|[from] drain|[of] p2a: Corviknight
|move|p2a: Corviknight|Roost|p2a: Corviknight
|-heal|p2a: Corviknight|55/100 par
|-singleturn|p2a: Corviknight|move: Roost
|
|upkeep
|turn|84
|
|t:|1667973798
|move|p1a: Tangrowth|Knock Off|p2a: Corviknight
|-damage|p2a: Corviknight|42/100 par
|move|p2a: Corviknight|Roost|p2a: Corviknight
|-heal|p2a: Corviknight|92/100 par
|-singleturn|p2a: Corviknight|move: Roost
|
|upkeep
|turn|85
|
|t:|1667973806
|move|p1a: Tangrowth|Knock Off|p2a: Corviknight
|-damage|p2a: Corviknight|79/100 par
|move|p2a: Corviknight|Bulk Up|p2a: Corviknight
|-boost|p2a: Corviknight|atk|1
|-boost|p2a: Corviknight|def|1
|
|upkeep
|turn|86
|
|t:|1667973814
|move|p1a: Tangrowth|Giga Drain|p2a: Corviknight
|-resisted|p2a: Corviknight
|-damage|p2a: Corviknight|74/100 par
|-heal|p1a: Tangrowth|67/100|[from] drain|[of] p2a: Corviknight
|cant|p2a: Corviknight|par
|
|upkeep
|turn|87
|
|t:|1667973821
|move|p1a: Tangrowth|Knock Off|p2a: Corviknight
|-damage|p2a: Corviknight|66/100 par
|cant|p2a: Corviknight|par
|
|upkeep
|turn|88
|inactive|hypervortexreturns has 120 seconds left.
|
|t:|1667973826
|move|p1a: Tangrowth|Knock Off|p2a: Corviknight
|-damage|p2a: Corviknight|58/100 par
|move|p2a: Corviknight|Brave Bird|p1a: Tangrowth
|-supereffective|p1a: Tangrowth
|-damage|p1a: Tangrowth|7/100
|-damage|p2a: Corviknight|38/100 par|[from] Recoil
|
|upkeep
|turn|89
|
|t:|1667973834
|move|p1a: Tangrowth|Knock Off|p2a: Corviknight
|-damage|p2a: Corviknight|30/100 par
|cant|p2a: Corviknight|par
|
|upkeep
|turn|90
|
|t:|1667973840
|move|p1a: Tangrowth|Knock Off|p2a: Corviknight
|-damage|p2a: Corviknight|22/100 par
|cant|p2a: Corviknight|par
|
|upkeep
|turn|91
|
|t:|1667973845
|move|p1a: Tangrowth|Knock Off|p2a: Corviknight
|-damage|p2a: Corviknight|14/100 par
|move|p2a: Corviknight|Brave Bird|p1a: Tangrowth
|-supereffective|p1a: Tangrowth
|-damage|p1a: Tangrowth|0 fnt
|faint|p1a: Tangrowth
|-damage|p2a: Corviknight|12/100 par|[from] Recoil
|
|win|hypervortexreturns
|raw|minimax_ai's rating: 1692 &rarr; <strong>1685</strong><br />(-7 for losing)
|raw|hypervortexreturns's rating: 1949 &rarr; <strong>1956</strong><br />(+7 for winning)
|c|☆minimax_ai|gg
