|j|☆marco8
|j|☆yuwenzhao
|t:|1662259996
|gametype|singles
|player|p1|marco8|lucas|1423
|player|p2|yuwenzhao|dawn|1473
|teamsize|p1|6
|teamsize|p2|6
|gen|8
|tier|[Gen 8] OU
|rated|
|rule|Sleep Clause Mod: Limit one foe put to sleep
|rule|Species Clause: Limit one of each Pokémon
|rule|OHKO Clause: OHKO moves are banned
|rule|Evasion Items Clause: Evasion items are banned
|rule|Evasion Moves Clause: Evasion moves are banned
|rule|Endless Battle Clause: Forcing endless battles is banned
|rule|HP Percentage Mod: HP is shown in percentages
|rule|Dynamax Clause: You cannot dynamax
|clearpoke
|poke|p1|Nidoking, M|
|poke|p1|Kartana|
|poke|p1|Corviknight, M|
|poke|p1|Blissey, F|
|poke|p1|Latias, F|
|poke|p1|Hippowdon, F|
|poke|p2|Rillaboom, M|
|poke|p2|Zarude-Dada|
|poke|p2|Kartana|
|poke|p2|Volcanion|
|poke|p2|Nihilego|
|poke|p2|Zapdos|
|teampreview
|inactive|Battle timer is ON: inactive players will automatically lose when time's up. (requested by marco8)
|
|t:|1662260011
|start
|switch|p1a: Corviknight|Corviknight, M, shiny|100/100
|switch|p2a: Volcanion|Volcanion|100/100
|-ability|p1a: Corviknight|Pressure
|turn|1
|
|t:|1662260028
|switch|p1a: Latias|Latias, F|100/100
|move|p2a: Volcanion|Steam Eruption|p1a: Latias
|-resisted|p1a: Latias
|-damage|p1a: Latias|83/100
|
|-heal|p1a: Latias|89/100|[from] item: Leftovers
|upkeep
|turn|2
|
|t:|1662260041
|switch|p2a: Zarude|Zarude-Dada|100/100
|move|p1a: Latias|Thunder Wave|p2a: Zarude
|-status|p2a: Zarude|par
|
|-heal|p1a: Latias|95/100|[from] item: Leftovers
|upkeep
|turn|3
|
|t:|1662260051
|switch|p1a: Corviknight|Corviknight, M, shiny|100/100
|-ability|p1a: Corviknight|Pressure
|move|p2a: Zarude|U-turn|p1a: Corviknight
|-resisted|p1a: Corviknight
|-damage|p1a: Corviknight|97/100
|-damage|p2a: Zarude|84/100 par|[from] item: Rocky Helmet|[of] p1a: Corviknight
|inactive|yuwenzhao has 120 seconds left.
|
|t:|1662260079
|switch|p2a: Kartana|Kartana|100/100|[from]move: U-turn
|
|upkeep
|turn|4
|
|t:|1662260084
|move|p2a: Kartana|Swords Dance|p2a: Kartana
|-boost|p2a: Kartana|atk|2
|move|p1a: Corviknight|Body Press|p2a: Kartana
|-supereffective|p2a: Kartana
|-damage|p2a: Kartana|44/100
|
|upkeep
|turn|5
|
|t:|1662260090
|move|p2a: Kartana|Knock Off|p1a: Corviknight
|-damage|p1a: Corviknight|27/100
|-damage|p2a: Kartana|27/100|[from] item: Rocky Helmet|[of] p1a: Corviknight
|-enditem|p1a: Corviknight|Rocky Helmet|[from] move: Knock Off|[of] p2a: Kartana
|-damage|p2a: Kartana|17/100|[from] item: Life Orb
|move|p1a: Corviknight|Body Press|p2a: Kartana
|-supereffective|p2a: Kartana
|-damage|p2a: Kartana|0 fnt
|faint|p2a: Kartana
|
|upkeep
|
|t:|1662260106
|switch|p2a: Nihilego|Nihilego|100/100
|turn|6
|
|t:|1662260109
|switch|p1a: Blissey|Blissey, F|100/100
|move|p2a: Nihilego|Meteor Beam||[still]
|-prepare|p2a: Nihilego|Meteor Beam
|-boost|p2a: Nihilego|spa|1
|-enditem|p2a: Nihilego|Power Herb
|-anim|p2a: Nihilego|Meteor Beam|p1a: Blissey
|-damage|p1a: Blissey|66/100
|
|upkeep
|turn|7
|
|t:|1662260118
|move|p2a: Nihilego|Stealth Rock|p1a: Blissey
|-sidestart|p1: marco8|move: Stealth Rock
|move|p1a: Blissey|Teleport|p1a: Blissey
|
|t:|1662260124
|switch|p1a: Kartana|Kartana|100/100|[from]move: Teleport
|-damage|p1a: Kartana|94/100|[from] Stealth Rock
|
|upkeep
|turn|8
|
|t:|1662260130
|switch|p2a: Zarude|Zarude-Dada|84/100 par
|move|p1a: Kartana|Knock Off|p2a: Zarude
|-resisted|p2a: Zarude
|-crit|p2a: Zarude
|-damage|p2a: Zarude|52/100 par
|-enditem|p2a: Zarude|Choice Scarf|[from] move: Knock Off|[of] p1a: Kartana
|
|upkeep
|turn|9
|
|t:|1662260140
|switch|p1a: Corviknight|Corviknight, M, shiny|27/100
|-damage|p1a: Corviknight|15/100|[from] Stealth Rock
|-ability|p1a: Corviknight|Pressure
|move|p2a: Zarude|Close Combat|p1a: Corviknight
|-damage|p1a: Corviknight|0 fnt
|-unboost|p2a: Zarude|def|1
|-unboost|p2a: Zarude|spd|1
|faint|p1a: Corviknight
|
|upkeep
|
|t:|1662260158
|switch|p1a: Nidoking|Nidoking, M, shiny|100/100
|-damage|p1a: Nidoking|95/100|[from] Stealth Rock
|turn|10
|
|t:|1662260168
|move|p1a: Nidoking|Sludge Wave|p2a: Zarude
|-supereffective|p2a: Zarude
|-damage|p2a: Zarude|0 fnt
|faint|p2a: Zarude
|
|upkeep
|
|t:|1662260197
|switch|p2a: Zapdos|Zapdos|100/100
|turn|11
|
|t:|1662260201
|move|p2a: Zapdos|Hurricane|p1a: Nidoking|[miss]
|-miss|p2a: Zapdos|p1a: Nidoking
|move|p1a: Nidoking|Ice Beam|p2a: Zapdos
|-supereffective|p2a: Zapdos
|-damage|p2a: Zapdos|28/100
|
|upkeep
|turn|12
|
|t:|1662260207
|move|p2a: Zapdos|Hurricane|p1a: Nidoking|[miss]
|-miss|p2a: Zapdos|p1a: Nidoking
|move|p1a: Nidoking|Ice Beam|p2a: Zapdos
|-supereffective|p2a: Zapdos
|-damage|p2a: Zapdos|0 fnt
|faint|p2a: Zapdos
|
|upkeep
|
|t:|1662260214
|switch|p2a: Rillaboom|Rillaboom, M|100/100
|-fieldstart|move: Grassy Terrain|[from] ability: Grassy Surge|[of] p2a: Rillaboom
|turn|13
|
|t:|1662260218
|move|p1a: Nidoking|Sludge Wave|p2a: Rillaboom
|-supereffective|p2a: Rillaboom
|-damage|p2a: Rillaboom|0 fnt
|faint|p2a: Rillaboom
|
|-heal|p1a: Nidoking|100/100|[from] Grassy Terrain
|upkeep
|-message|yuwenzhao forfeited.
|
|win|marco8
|raw|marco8's rating: 1423 &rarr; <strong>1446</strong><br />(+23 for winning)
|raw|yuwenzhao's rating: 1473 &rarr; <strong>1450</strong><br />(-23 for losing)
|l|☆yuwenzhao
