|j|☆someidiot19
|j|☆julies102ndaccount
|t:|1665118652
|gametype|singles
|player|p1|someidiot19|teacher-gen2|1516
|player|p2|julies102ndaccount|266|1448
|teamsize|p1|6
|teamsize|p2|6
|gen|8
|tier|[Gen 8] OU
|rated|
|rule|Sleep Clause Mod: Limit one foe put to sleep
|rule|Species Clause: Limit one of each Pokémon
|rule|OHKO Clause: OHKO moves are banned
|rule|Evasion Items Clause: Evasion items are banned
|rule|Evasion Moves Clause: Evasion moves are banned
|rule|Endless Battle Clause: Forcing endless battles is banned
|rule|HP Percentage Mod: HP is shown in percentages
|rule|Dynamax Clause: You cannot dynamax
|clearpoke
|poke|p1|Ribombee, F|
|poke|p1|Tapu Koko|
|poke|p1|Landorus-Therian, M|
|poke|p1|Regieleki|
|poke|p1|Zapdos-Galar|
|poke|p1|Tyranitar, F|
|poke|p2|Tyranitar, M|
|poke|p2|Clefable, M|
|poke|p2|Excadrill, M|
|poke|p2|Tangrowth, M|
|poke|p2|Mew|
|poke|p2|Rotom-Wash|
|teampreview
|inactive|Battle timer is ON: inactive players will automatically lose when time's up. (requested by someidiot19)
|
|t:|1665118667
|start
|switch|p1a: Ribombeez Nuts|Ribombee, F|100/100
|switch|p2a: Impaler|Excadrill, M, shiny|100/100
|turn|1
|
|t:|1665118670
|move|p1a: Ribombeez Nuts|Switcheroo|p2a: Impaler
|-activate|p1a: Ribombeez Nuts|move: Trick|[of] p2a: Impaler
|-item|p2a: Impaler|Ring Target|[from] move: Switcheroo
|-item|p1a: Ribombeez Nuts|Leftovers|[from] move: Switcheroo
|move|p2a: Impaler|Rapid Spin|p1a: Ribombeez Nuts
|-damage|p1a: Ribombeez Nuts|70/100
|-boost|p2a: Impaler|spe|1
|
|-heal|p1a: Ribombeez Nuts|76/100|[from] item: Leftovers
|upkeep
|turn|2
|
|t:|1665118678
|switch|p1a: Landorus|Landorus-Therian, M|100/100
|-ability|p1a: Landorus|Intimidate|boost
|-unboost|p2a: Impaler|atk|1
|move|p2a: Impaler|Iron Head|p1a: Landorus
|-damage|p1a: Landorus|61/100
|
|upkeep
|turn|3
|
|t:|1665118689
|switch|p2a: Ramen|Tangrowth, M, shiny|100/100
|move|p1a: Landorus|U-turn|p2a: Ramen
|-supereffective|p2a: Ramen
|-damage|p2a: Ramen|61/100
|-damage|p1a: Landorus|44/100|[from] item: Rocky Helmet|[of] p2a: Ramen
|
|t:|1665118691
|switch|p1a: Ribombeez Nuts|Ribombee, F|76/100|[from]move: U-turn
|
|-heal|p1a: Ribombeez Nuts|83/100|[from] item: Leftovers
|upkeep
|turn|4
|
|t:|1665118696
|switch|p2a: Impaler|Excadrill, M, shiny|100/100
|move|p1a: Ribombeez Nuts|Sticky Web|p2a: Impaler
|-sidestart|p2: julies102ndaccount|move: Sticky Web
|
|-heal|p1a: Ribombeez Nuts|89/100|[from] item: Leftovers
|upkeep
|turn|5
|
|t:|1665118699
|move|p1a: Ribombeez Nuts|Stun Spore|p2a: Impaler
|-status|p2a: Impaler|par
|move|p2a: Impaler|Rapid Spin|p1a: Ribombeez Nuts
|-damage|p1a: Ribombeez Nuts|59/100
|-boost|p2a: Impaler|spe|1
|-sideend|p2: julies102ndaccount|Sticky Web|[from] move: Rapid Spin|[of] p2a: Impaler
|
|-heal|p1a: Ribombeez Nuts|65/100|[from] item: Leftovers
|upkeep
|turn|6
|
|t:|1665118707
|move|p1a: Ribombeez Nuts|Sticky Web|p2a: Impaler
|-sidestart|p2: julies102ndaccount|move: Sticky Web
|move|p2a: Impaler|Iron Head|p1a: Ribombeez Nuts
|-supereffective|p1a: Ribombeez Nuts
|-damage|p1a: Ribombeez Nuts|0 fnt
|faint|p1a: Ribombeez Nuts
|
|upkeep
|
|t:|1665118713
|switch|p1a: Zapdos|Zapdos-Galar, shiny|100/100
|turn|7
|inactive|julies102ndaccount has 120 seconds left.
|
|t:|1665118744
|switch|p2a: Chaos|Mew, shiny|100/100
|-activate|p2a: Chaos|move: Sticky Web
|-unboost|p2a: Chaos|spe|1
|move|p1a: Zapdos|Close Combat|p2a: Chaos
|-resisted|p2a: Chaos
|-damage|p2a: Chaos|60/100
|-unboost|p1a: Zapdos|def|1
|-unboost|p1a: Zapdos|spd|1
|
|-heal|p2a: Chaos|66/100|[from] item: Leftovers
|upkeep
|turn|8
|inactive|julies102ndaccount has 120 seconds left.
|
|t:|1665118758
|switch|p1a: Tyranitar|Tyranitar, F, shiny|100/100
|-weather|Sandstorm|[from] ability: Sand Stream|[of] p1a: Tyranitar
|move|p2a: Chaos|Knock Off|p1a: Tyranitar
|-resisted|p1a: Tyranitar
|-damage|p1a: Tyranitar|91/100
|-enditem|p1a: Tyranitar|Choice Band|[from] move: Knock Off|[of] p2a: Chaos
|
|-weather|Sandstorm|[upkeep]
|-damage|p2a: Chaos|60/100|[from] Sandstorm
|-heal|p2a: Chaos|66/100|[from] item: Leftovers
|upkeep
|turn|9
|inactive|julies102ndaccount has 120 seconds left.
|
|t:|1665118769
|switch|p2a: Ramen|Tangrowth, M, shiny|94/100
|-activate|p2a: Ramen|move: Sticky Web
|-unboost|p2a: Ramen|spe|1
|move|p1a: Tyranitar|Crunch|p2a: Ramen
|-damage|p2a: Ramen|72/100
|-damage|p1a: Tyranitar|74/100|[from] item: Rocky Helmet|[of] p2a: Ramen
|
|-weather|Sandstorm|[upkeep]
|-damage|p2a: Ramen|66/100|[from] Sandstorm
|upkeep
|turn|10
|
|t:|1665118778
|switch|p1a: Zapdos|Zapdos-Galar, shiny|100/100
|switch|p2a: Impaler|Excadrill, M, shiny|100/100 par
|-activate|p2a: Impaler|move: Sticky Web
|-unboost|p2a: Impaler|spe|1
|
|-weather|Sandstorm|[upkeep]
|-damage|p1a: Zapdos|94/100|[from] Sandstorm
|upkeep
|turn|11
|
|t:|1665118793
|switch|p2a: Crescent|Clefable, M, shiny|100/100
|-activate|p2a: Crescent|move: Sticky Web
|-unboost|p2a: Crescent|spe|1
|move|p1a: Zapdos|Close Combat|p2a: Crescent
|-resisted|p2a: Crescent
|-damage|p2a: Crescent|66/100
|-unboost|p1a: Zapdos|def|1
|-unboost|p1a: Zapdos|spd|1
|-damage|p1a: Zapdos|78/100|[from] item: Rocky Helmet|[of] p2a: Crescent
|
|-weather|Sandstorm|[upkeep]
|-damage|p1a: Zapdos|72/100|[from] Sandstorm
|upkeep
|turn|12
|
|t:|1665118800
|switch|p1a: Landorus|Landorus-Therian, M|44/100
|-ability|p1a: Landorus|Intimidate|boost
|-unboost|p2a: Crescent|atk|1
|move|p2a: Crescent|Stealth Rock|p1a: Landorus
|-sidestart|p1: someidiot19|move: Stealth Rock
|
|-weather|none
|upkeep
|turn|13
|
|t:|1665118806
|move|p1a: Landorus|Explosion|p2a: Crescent
|-damage|p2a: Crescent|0 fnt
|faint|p1a: Landorus
|faint|p2a: Crescent
|
|upkeep
|
|t:|1665118816
|switch|p1a: Regieleki|Regieleki|100/100
|switch|p2a: Phantom|Rotom-Wash, shiny|100/100
|-damage|p1a: Regieleki|88/100|[from] Stealth Rock
|turn|14
|
|t:|1665118823
|move|p1a: Regieleki|Volt Switch|p2a: Phantom
|-damage|p2a: Phantom|50/100
|
|t:|1665118827
|switch|p1a: Tyranitar|Tyranitar, F, shiny|74/100|[from]move: Volt Switch
|-damage|p1a: Tyranitar|62/100|[from] Stealth Rock
|-weather|Sandstorm|[from] ability: Sand Stream|[of] p1a: Tyranitar
|move|p2a: Phantom|Volt Switch|p1a: Tyranitar
|-damage|p1a: Tyranitar|46/100
|inactive|julies102ndaccount has 120 seconds left.
|
|t:|1665118865
|switch|p2a: Impaler|Excadrill, M, shiny|100/100 par|[from]move: Volt Switch
|-activate|p2a: Impaler|move: Sticky Web
|-unboost|p2a: Impaler|spe|1
|
|-weather|Sandstorm|[upkeep]
|upkeep
|turn|15
|
|t:|1665118870
|move|p1a: Tyranitar|Fire Punch|p2a: Impaler
|-supereffective|p2a: Impaler
|-damage|p2a: Impaler|20/100 par
|move|p2a: Impaler|Rapid Spin|p1a: Tyranitar
|-resisted|p1a: Tyranitar
|-damage|p1a: Tyranitar|37/100
|-boost|p2a: Impaler|spe|1
|-sideend|p2: julies102ndaccount|Sticky Web|[from] move: Rapid Spin|[of] p2a: Impaler
|
|-weather|Sandstorm|[upkeep]
|upkeep
|turn|16
|
|t:|1665118877
|move|p2a: Impaler|Earthquake|p1a: Tyranitar
|-supereffective|p1a: Tyranitar
|-damage|p1a: Tyranitar|0 fnt
|faint|p1a: Tyranitar
|
|-weather|Sandstorm|[upkeep]
|upkeep
|
|t:|1665118880
|switch|p1a: Tapu Koko|Tapu Koko|100/100
|-fieldstart|move: Electric Terrain|[from] ability: Electric Surge|[of] p1a: Tapu Koko
|turn|17
|
|t:|1665118882
|move|p1a: Tapu Koko|Volt Switch|p2a: Impaler
|-damage|p2a: Impaler|0 fnt
|faint|p2a: Impaler
|
|t:|1665118885
|switch|p1a: Regieleki|Regieleki|88/100|[from]move: Volt Switch
|-damage|p1a: Regieleki|76/100|[from] Stealth Rock
|
|-weather|Sandstorm|[upkeep]
|-damage|p1a: Regieleki|70/100|[from] Sandstorm
|upkeep
|
|t:|1665118904
|switch|p2a: Chaos|Mew, shiny|66/100
|turn|18
|
|t:|1665118906
|move|p1a: Regieleki|Rising Voltage|p2a: Chaos
|-hint|Rising Voltage's BP doubled on grounded target.
|-damage|p2a: Chaos|0 fnt
|faint|p2a: Chaos
|
|-weather|none
|upkeep
|
|t:|1665118909
|switch|p2a: Rex|Tyranitar, M, shiny|100/100
|-weather|Sandstorm|[from] ability: Sand Stream|[of] p2a: Rex
|turn|19
|
|t:|1665118919
|move|p1a: Regieleki|Rising Voltage|p2a: Rex
|-hint|Rising Voltage's BP doubled on grounded target.
|-damage|p2a: Rex|0 fnt
|faint|p2a: Rex
|
|-weather|Sandstorm|[upkeep]
|-damage|p1a: Regieleki|64/100|[from] Sandstorm
|upkeep
|
|t:|1665118930
|switch|p2a: Ramen|Tangrowth, M, shiny|99/100
|turn|20
|
|t:|1665118933
|move|p1a: Regieleki|Rising Voltage|p2a: Ramen
|-hint|Rising Voltage's BP doubled on grounded target.
|-resisted|p2a: Ramen
|-damage|p2a: Ramen|0 fnt
|faint|p2a: Ramen
|
|-weather|Sandstorm|[upkeep]
|-damage|p1a: Regieleki|58/100|[from] Sandstorm
|upkeep
|c|☆julies102ndaccount|gg
|c|☆someidiot19|gg
|-message|julies102ndaccount forfeited.
|
|win|someidiot19
|raw|someidiot19's rating: 1516 &rarr; <strong>1532</strong><br />(+16 for winning)
|raw|julies102ndaccount's rating: 1448 &rarr; <strong>1432</strong><br />(-16 for losing)
|l|☆julies102ndaccount
