|j|☆Q114
|j|☆OUTZ MIYAN
|player|p1|Q114|169|1689
|player|p2|OUTZ MIYAN|koga|1619
|teamsize|p1|6
|teamsize|p2|6
|gametype|singles
|gen|8
|tier|[Gen 8] OU
|rated|
|html|<div class="broadcast-blue"><strong>OU is currently suspecting Dracovish! For information on how to participate check out the <a href="https://www.smogon.com/forums/threads/3664521/">suspect thread</a>.</strong></div>
|clearpoke
|poke|p1|Toxapex, M|
|poke|p1|Ferrothorn, F|
|poke|p1|Seismitoad, F|
|poke|p1|Tyranitar, M|
|poke|p1|Clefable, F|
|poke|p1|Corviknight, F|
|poke|p2|Primarina, F|
|poke|p2|Salazzle, F|
|poke|p2|Clefable, M|
|poke|p2|Zeraora|
|poke|p2|Hippowdon, F|
|poke|p2|Cloyster, F|
|rule|Sleep Clause Mod: Limit one foe put to sleep
|rule|Species Clause: Limit one of each Pokémon
|rule|OHKO Clause: OHKO moves are banned
|rule|Evasion Moves Clause: Evasion moves are banned
|rule|Endless Battle Clause: Forcing endless battles is banned
|rule|HP Percentage Mod: HP is shown in percentages
|rule|Dynamax Clause: You cannot dynamax
|teampreview
|inactive|Battle timer is ON: inactive players will automatically lose when time's up. (requested by OUTZ MIYAN)
|
|start
|switch|p1a: Toxapex|Toxapex, M|100/100
|switch|p2a: Zeraora|Zeraora|100/100
|turn|1
|
|move|p2a: Zeraora|Substitute|p2a: Zeraora
|-start|p2a: Zeraora|Substitute
|-damage|p2a: Zeraora|76/100
|move|p1a: Toxapex|Knock Off|p2a: Zeraora
|-activate|p2a: Zeraora|move: Substitute|[damage]
|
|-heal|p2a: Zeraora|82/100|[from] item: Leftovers
|upkeep
|turn|2
|
|move|p2a: Zeraora|Plasma Fists|p1a: Toxapex
|-supereffective|p1a: Toxapex
|-damage|p1a: Toxapex|51/100
|-fieldactivate|move: Ion Deluge
|move|p1a: Toxapex|Scald|p2a: Zeraora
|-end|p2a: Zeraora|Substitute
|
|-heal|p2a: Zeraora|88/100|[from] item: Leftovers
|-heal|p1a: Toxapex|57/100|[from] item: Black Sludge
|upkeep
|turn|3
|
|switch|p2a: Salazzle|Salazzle, F|100/100
|move|p1a: Toxapex|Scald|p2a: Salazzle
|-supereffective|p2a: Salazzle
|-damage|p2a: Salazzle|45/100
|
|-heal|p1a: Toxapex|63/100|[from] item: Black Sludge
|upkeep
|turn|4
|
|move|p2a: Salazzle|Toxic|p1a: Toxapex
|-status|p1a: Toxapex|tox
|move|p1a: Toxapex|Knock Off|p2a: Salazzle
|-damage|p2a: Salazzle|18/100
|-enditem|p2a: Salazzle|Heavy-Duty Boots|[from] move: Knock Off|[of] p1a: Toxapex
|
|-heal|p1a: Toxapex|69/100 tox|[from] item: Black Sludge
|-damage|p1a: Toxapex|63/100 tox|[from] psn
|upkeep
|turn|5
|
|switch|p2a: Cloyster|Cloyster, F|100/100
|move|p1a: Toxapex|Knock Off|p2a: Cloyster
|-damage|p2a: Cloyster|93/100
|-enditem|p2a: Cloyster|Heavy-Duty Boots|[from] move: Knock Off|[of] p1a: Toxapex
|
|-heal|p1a: Toxapex|69/100 tox|[from] item: Black Sludge
|-damage|p1a: Toxapex|57/100 tox|[from] psn
|upkeep
|turn|6
|
|switch|p1a: Seismitoad|Seismitoad, F|100/100
|move|p2a: Cloyster|Toxic Spikes|p1a: Seismitoad
|-sidestart|p1: Q114|move: Toxic Spikes
|
|upkeep
|turn|7
|
|move|p1a: Seismitoad|Stealth Rock|p2a: Cloyster
|-sidestart|p2: OUTZ MIYAN|move: Stealth Rock
|move|p2a: Cloyster|Teleport|p2a: Cloyster
|
|switch|p2a: Clefable|Clefable, M|100/100|[from]move: Teleport
|
|upkeep
|turn|8
|
|switch|p1a: Toxapex|Toxapex, M|90/100 tox
|-sideend|p1: Q114|move: Toxic Spikes|[of] p1a: Toxapex
|move|p2a: Clefable|Knock Off|p1a: Toxapex
|-damage|p1a: Toxapex|80/100 tox
|-enditem|p1a: Toxapex|Black Sludge|[from] move: Knock Off|[of] p2a: Clefable
|
|-damage|p1a: Toxapex|74/100 tox|[from] psn
|upkeep
|turn|9
|
|move|p2a: Clefable|Knock Off|p1a: Toxapex
|-damage|p1a: Toxapex|68/100 tox
|move|p1a: Toxapex|Knock Off|p2a: Clefable
|-resisted|p2a: Clefable
|-damage|p2a: Clefable|92/100
|-enditem|p2a: Clefable|Leftovers|[from] move: Knock Off|[of] p1a: Toxapex
|
|-damage|p1a: Toxapex|56/100 tox|[from] psn
|upkeep
|turn|10
|
|switch|p2a: Primarina|Primarina, F|100/100
|-damage|p2a: Primarina|88/100|[from] Stealth Rock
|move|p1a: Toxapex|Toxic Spikes|p2a: Primarina
|-sidestart|p2: OUTZ MIYAN|move: Toxic Spikes
|
|-heal|p2a: Primarina|94/100|[from] item: Leftovers
|-damage|p1a: Toxapex|38/100 tox|[from] psn
|upkeep
|turn|11
|
|switch|p1a: Clefable|Clefable, F|100/100
|move|p2a: Primarina|Substitute|p2a: Primarina
|-start|p2a: Primarina|Substitute
|-damage|p2a: Primarina|69/100
|
|-heal|p2a: Primarina|75/100|[from] item: Leftovers
|upkeep
|turn|12
|
|move|p2a: Primarina|Calm Mind|p2a: Primarina
|-boost|p2a: Primarina|spa|1
|-boost|p2a: Primarina|spd|1
|move|p1a: Clefable|Aromatherapy|p1a: Clefable
|-activate|p1a: Clefable|move: Aromatherapy
|-curestatus|p1: Toxapex|tox|[msg]
|
|-heal|p2a: Primarina|81/100|[from] item: Leftovers
|upkeep
|turn|13
|
|switch|p1a: Toxapex|Toxapex, M|71/100
|move|p2a: Primarina|Calm Mind|p2a: Primarina
|-boost|p2a: Primarina|spa|1
|-boost|p2a: Primarina|spd|1
|
|-heal|p2a: Primarina|87/100|[from] item: Leftovers
|upkeep
|turn|14
|
|move|p2a: Primarina|Scald|p1a: Toxapex
|-resisted|p1a: Toxapex
|-damage|p1a: Toxapex|44/100
|move|p1a: Toxapex|Haze|p1a: Toxapex
|-clearallboost
|
|-heal|p2a: Primarina|94/100|[from] item: Leftovers
|upkeep
|turn|15
|
|switch|p1a: Clefable|Clefable, F|100/100
|move|p2a: Primarina|Scald|p1a: Clefable
|-damage|p1a: Clefable|66/100
|-status|p1a: Clefable|brn
|
|-heal|p2a: Primarina|99/100|[from] item: Leftovers
|-heal|p1a: Clefable|72/100 brn|[from] item: Leftovers
|-damage|p1a: Clefable|66/100 brn|[from] brn
|upkeep
|turn|16
|
|move|p2a: Primarina|Calm Mind|p2a: Primarina
|-boost|p2a: Primarina|spa|1
|-boost|p2a: Primarina|spd|1
|move|p1a: Clefable|Wish|p1a: Clefable
|
|-heal|p2a: Primarina|100/100|[from] item: Leftovers
|-heal|p1a: Clefable|72/100 brn|[from] item: Leftovers
|-damage|p1a: Clefable|66/100 brn|[from] brn
|upkeep
|turn|17
|
|move|p2a: Primarina|Calm Mind|p2a: Primarina
|-boost|p2a: Primarina|spa|1
|-boost|p2a: Primarina|spd|1
|move|p1a: Clefable|Aromatherapy|p1a: Clefable
|-activate|p1a: Clefable|move: Aromatherapy
|-curestatus|p1a: Clefable|brn|[msg]
|
|-heal|p1a: Clefable|100/100|[from] move: Wish|[wisher] Clefable
|upkeep
|turn|18
|
|move|p2a: Primarina|Scald|p1a: Clefable
|-damage|p1a: Clefable|66/100
|move|p1a: Clefable|Wish|p1a: Clefable
|
|-heal|p1a: Clefable|72/100|[from] item: Leftovers
|upkeep
|turn|19
|
|switch|p1a: Toxapex|Toxapex, M|78/100
|move|p2a: Primarina|Scald|p1a: Toxapex
|-resisted|p1a: Toxapex
|-damage|p1a: Toxapex|51/100
|-status|p1a: Toxapex|brn
|
|-heal|p1a: Toxapex|100/100 brn|[from] move: Wish|[wisher] Clefable
|-damage|p1a: Toxapex|95/100 brn|[from] brn
|upkeep
|turn|20
|
|move|p2a: Primarina|Scald|p1a: Toxapex
|-resisted|p1a: Toxapex
|-damage|p1a: Toxapex|67/100 brn
|move|p1a: Toxapex|Haze|p1a: Toxapex
|-clearallboost
|
|-damage|p1a: Toxapex|61/100 brn|[from] brn
|upkeep
|turn|21
|
|move|p2a: Primarina|Calm Mind|p2a: Primarina
|-boost|p2a: Primarina|spa|1
|-boost|p2a: Primarina|spd|1
|move|p1a: Toxapex|Haze|p1a: Toxapex
|-clearallboost
|
|-damage|p1a: Toxapex|55/100 brn|[from] brn
|upkeep
|turn|22
|j| HeavenStar
|
|switch|p1a: Tyranitar|Tyranitar, M|100/100
|-weather|Sandstorm|[from] ability: Sand Stream|[of] p1a: Tyranitar
|move|p2a: Primarina|Calm Mind|p2a: Primarina
|-boost|p2a: Primarina|spa|1
|-boost|p2a: Primarina|spd|1
|
|-weather|Sandstorm|[upkeep]
|-damage|p2a: Primarina|94/100|[from] Sandstorm
|-heal|p2a: Primarina|100/100|[from] item: Leftovers
|upkeep
|turn|23
|
|move|p2a: Primarina|Scald|p1a: Tyranitar
|-supereffective|p1a: Tyranitar
|-damage|p1a: Tyranitar|72/100
|move|p1a: Tyranitar|Seismic Toss|p2a: Primarina
|-end|p2a: Primarina|Substitute
|
|-weather|Sandstorm|[upkeep]
|-damage|p2a: Primarina|94/100|[from] Sandstorm
|-heal|p2a: Primarina|100/100|[from] item: Leftovers
|upkeep
|turn|24
|
|move|p2a: Primarina|Scald|p1a: Tyranitar
|-supereffective|p1a: Tyranitar
|-damage|p1a: Tyranitar|45/100
|move|p1a: Tyranitar|Stone Edge|p2a: Primarina
|-damage|p2a: Primarina|63/100
|
|-weather|Sandstorm|[upkeep]
|-damage|p2a: Primarina|57/100|[from] Sandstorm
|-heal|p2a: Primarina|63/100|[from] item: Leftovers
|upkeep
|turn|25
|
|move|p2a: Primarina|Draining Kiss|p1a: Tyranitar
|-supereffective|p1a: Tyranitar
|-damage|p1a: Tyranitar|28/100
|-heal|p2a: Primarina|77/100|[from] drain|[of] p1a: Tyranitar
|move|p1a: Tyranitar|Stone Edge|p2a: Primarina
|-damage|p2a: Primarina|40/100
|
|-weather|Sandstorm|[upkeep]
|-damage|p2a: Primarina|34/100|[from] Sandstorm
|-heal|p2a: Primarina|40/100|[from] item: Leftovers
|upkeep
|turn|26
|j| Glazou
|
|move|p2a: Primarina|Scald|p1a: Tyranitar
|-supereffective|p1a: Tyranitar
|-damage|p1a: Tyranitar|0 fnt
|faint|p1a: Tyranitar
|
|-weather|none
|-heal|p2a: Primarina|46/100|[from] item: Leftovers
|upkeep
|
|switch|p1a: Clefable|Clefable, F|72/100
|turn|27
|
|move|p2a: Primarina|Scald|p1a: Clefable
|-damage|p1a: Clefable|41/100
|-status|p1a: Clefable|brn
|move|p1a: Clefable|Moonblast|p2a: Primarina
|-damage|p2a: Primarina|19/100
|
|-heal|p2a: Primarina|25/100|[from] item: Leftovers
|-heal|p1a: Clefable|48/100 brn|[from] item: Leftovers
|-damage|p1a: Clefable|41/100 brn|[from] brn
|upkeep
|turn|28
|
|move|p2a: Primarina|Scald|p1a: Clefable
|-damage|p1a: Clefable|0 fnt
|faint|p1a: Clefable
|
|-heal|p2a: Primarina|32/100|[from] item: Leftovers
|upkeep
|inactive|Q114 has 120 seconds left.
|inactive|Q114 has 90 seconds left.
|inactive|Q114 has 60 seconds left.
|inactive|Q114 has 30 seconds left.
|inactive|Q114 has 20 seconds left.
|inactive|Q114 has 15 seconds left.
|inactive|Q114 has 10 seconds left.
|inactive|Q114 has 5 seconds left.
|-message|Q114 lost due to inactivity.
|
|win|OUTZ MIYAN
|raw|Q114's rating: 1689 &rarr; <strong>1665</strong><br />(-24 for losing)
|raw|OUTZ MIYAN's rating: 1619 &rarr; <strong>1643</strong><br />(+24 for winning)
|l|☆OUTZ MIYAN
