|j|☆Pavijo28
|j|☆thounss
|player|p1|Pavijo28|282|1938
|player|p2|thounss|101|1729
|teamsize|p1|6
|teamsize|p2|6
|gametype|singles
|gen|8
|tier|[Gen 8] OU
|rated|
|clearpoke
|poke|p1|Mimikyu, F|
|poke|p1|Hatterene, F|
|poke|p1|Indeedee, M|
|poke|p1|Arctozolt|
|poke|p1|Jellicent, F|
|poke|p1|Diggersby, M|
|poke|p2|Dragapult, F|
|poke|p2|Clefable, F|
|poke|p2|Corviknight, M|
|poke|p2|Rotom-Heat|
|poke|p2|Dugtrio, M|
|poke|p2|Kommo-o, M|
|rule|Sleep Clause Mod: Limit one foe put to sleep
|rule|Species Clause: Limit one of each Pokémon
|rule|OHKO Clause: OHKO moves are banned
|rule|Evasion Moves Clause: Evasion moves are banned
|rule|Endless Battle Clause: Forcing endless battles is banned
|rule|HP Percentage Mod: HP is shown in percentages
|rule|Dynamax Clause: You cannot dynamax
|teampreview
|inactive|Battle timer is ON: inactive players will automatically lose when time's up. (requested by Pavijo28)
|
|start
|switch|p1a: Indeedee|Indeedee, M|100/100
|switch|p2a: Dugtrio|Dugtrio, M|100/100
|-fieldstart|move: Psychic Terrain|[from] ability: Psychic Surge|[of] p1a: Indeedee
|turn|1
|
|move|p2a: Dugtrio|Earthquake|p1a: Indeedee
|-enditem|p1a: Indeedee|Focus Sash
|-damage|p1a: Indeedee|1/100
|move|p1a: Indeedee|Trick Room|p1a: Indeedee
|-fieldstart|move: Trick Room|[of] p1a: Indeedee
|
|upkeep
|turn|2
|
|switch|p2a: Corviknight|Corviknight, M|100/100
|-ability|p2a: Corviknight|Pressure
|move|p1a: Indeedee|Mystical Fire|p2a: Corviknight
|-supereffective|p2a: Corviknight
|-damage|p2a: Corviknight|58/100
|-unboost|p2a: Corviknight|spa|1
|
|-heal|p2a: Corviknight|65/100|[from] item: Leftovers
|upkeep
|turn|3
|
|switch|p1a: Arctozolt|Arctozolt|100/100
|move|p2a: Corviknight|Roost|p2a: Corviknight
|-heal|p2a: Corviknight|100/100
|-singleturn|p2a: Corviknight|move: Roost
|
|upkeep
|turn|4
|
|switch|p2a: Clefable|Clefable, F|100/100
|move|p1a: Arctozolt|Bolt Beak|p2a: Clefable
|-damage|p2a: Clefable|11/100
|-damage|p1a: Arctozolt|91/100|[from] item: Life Orb
|
|-heal|p2a: Clefable|18/100|[from] item: Leftovers
|upkeep
|turn|5
|
|move|p2a: Clefable|Protect|p2a: Clefable
|-singleturn|p2a: Clefable|Protect
|move|p1a: Arctozolt|Icicle Spear|p2a: Clefable
|-activate|p2a: Clefable|move: Protect
|
|-heal|p2a: Clefable|24/100|[from] item: Leftovers
|-fieldend|move: Psychic Terrain
|-fieldend|move: Trick Room
|upkeep
|turn|6
|
|switch|p2a: Kommo-o|Kommo-o, M|100/100
|switch|p1a: Diggersby|Diggersby, M|100/100
|
|upkeep
|turn|7
|
|switch|p1a: Hatterene|Hatterene, F|100/100
|move|p2a: Kommo-o|Stealth Rock|p1a: Hatterene
|move|p1a: Hatterene|Stealth Rock|p2a: Kommo-o|[from]Magic Bounce
|-sidestart|p2: thounss|move: Stealth Rock
|
|upkeep
|turn|8
|j| alt of the week
|
|switch|p2a: Corviknight|Corviknight, M|100/100
|-damage|p2a: Corviknight|88/100|[from] Stealth Rock
|-ability|p2a: Corviknight|Pressure
|move|p1a: Hatterene|Trick Room|p1a: Hatterene
|-fieldstart|move: Trick Room|[of] p1a: Hatterene
|
|-heal|p2a: Corviknight|94/100|[from] item: Leftovers
|upkeep
|turn|9
|
|switch|p1a: Arctozolt|Arctozolt|91/100
|move|p2a: Corviknight|Defog|p1a: Arctozolt
|-unboost|p1a: Arctozolt|evasion|1
|-sideend|p2: thounss|Stealth Rock|[from] move: Defog|[of] p2a: Corviknight
|
|-heal|p2a: Corviknight|100/100|[from] item: Leftovers
|upkeep
|turn|10
|
|switch|p2a: Kommo-o|Kommo-o, M|100/100
|move|p1a: Arctozolt|Bolt Beak|p2a: Kommo-o
|-resisted|p2a: Kommo-o
|-damage|p2a: Kommo-o|65/100
|-damage|p1a: Arctozolt|81/100|[from] item: Life Orb
|
|-heal|p2a: Kommo-o|71/100|[from] item: Leftovers
|upkeep
|turn|11
|
|move|p1a: Arctozolt|Icicle Spear|p2a: Kommo-o
|-supereffective|p2a: Kommo-o
|-damage|p2a: Kommo-o|50/100
|-supereffective|p2a: Kommo-o
|-damage|p2a: Kommo-o|28/100
|-supereffective|p2a: Kommo-o
|-damage|p2a: Kommo-o|6/100
|-supereffective|p2a: Kommo-o
|-damage|p2a: Kommo-o|0 fnt
|-hitcount|p2a: Kommo-o|4
|-damage|p1a: Arctozolt|71/100|[from] item: Life Orb
|faint|p2a: Kommo-o
|
|upkeep
|
|switch|p2a: Clefable|Clefable, F|24/100
|turn|12
|
|switch|p1a: Diggersby|Diggersby, M|100/100
|move|p2a: Clefable|Wish|p2a: Clefable
|
|-heal|p2a: Clefable|30/100|[from] item: Leftovers
|-fieldend|move: Trick Room
|upkeep
|turn|13
|
|switch|p2a: Dragapult|Dragapult, F|100/100
|move|p1a: Diggersby|Swords Dance|p1a: Diggersby
|-boost|p1a: Diggersby|atk|2
|
|upkeep
|turn|14
|
|move|p2a: Dragapult|Draco Meteor|p1a: Diggersby
|-damage|p1a: Diggersby|0 fnt
|-unboost|p2a: Dragapult|spa|2
|faint|p1a: Diggersby
|
|upkeep
|
|switch|p1a: Hatterene|Hatterene, F|100/100
|turn|15
|
|switch|p2a: Clefable|Clefable, F|30/100
|move|p1a: Hatterene|Trick Room|p1a: Hatterene
|-fieldstart|move: Trick Room|[of] p1a: Hatterene
|
|-heal|p2a: Clefable|36/100|[from] item: Leftovers
|upkeep
|turn|16
|
|switch|p1a: Arctozolt|Arctozolt|71/100
|move|p2a: Clefable|Protect||[still]
|-fail|p2a: Clefable
|
|-heal|p2a: Clefable|42/100|[from] item: Leftovers
|upkeep
|turn|17
|
|move|p2a: Clefable|Protect|p2a: Clefable
|-singleturn|p2a: Clefable|Protect
|move|p1a: Arctozolt|Bolt Beak|p2a: Clefable
|-activate|p2a: Clefable|move: Protect
|
|-heal|p2a: Clefable|48/100|[from] item: Leftovers
|upkeep
|turn|18
|j| tapu moxo
|
|switch|p2a: Rotom|Rotom-Heat|100/100
|move|p1a: Arctozolt|Bolt Beak|p2a: Rotom
|-resisted|p2a: Rotom
|-damage|p2a: Rotom|44/100
|-damage|p1a: Arctozolt|61/100|[from] item: Life Orb
|
|upkeep
|turn|19
|j| Porygon-Z's minion
|
|move|p1a: Arctozolt|Icicle Spear|p2a: Rotom
|-resisted|p2a: Rotom
|-damage|p2a: Rotom|36/100
|-resisted|p2a: Rotom
|-damage|p2a: Rotom|28/100
|-hitcount|p2a: Rotom|2
|-damage|p1a: Arctozolt|51/100|[from] item: Life Orb
|move|p2a: Rotom|Volt Switch|p1a: Arctozolt
|-heal|p1a: Arctozolt|76/100|[from] ability: Volt Absorb|[of] p2a: Rotom
|
|-fieldend|move: Trick Room
|upkeep
|turn|20
|
|switch|p1a: Indeedee|Indeedee, M|1/100
|-fieldstart|move: Psychic Terrain|[from] ability: Psychic Surge|[of] p1a: Indeedee
|move|p2a: Rotom|Overheat|p1a: Indeedee
|-damage|p1a: Indeedee|0 fnt
|-unboost|p2a: Rotom|spa|2
|faint|p1a: Indeedee
|
|upkeep
|
|switch|p1a: Hatterene|Hatterene, F|100/100
|turn|21
|
|move|p2a: Rotom|Volt Switch|p1a: Hatterene
|-damage|p1a: Hatterene|86/100
|
|switch|p2a: Clefable|Clefable, F|48/100|[from]move: Volt Switch
|move|p1a: Hatterene|Trick Room|p1a: Hatterene
|-fieldstart|move: Trick Room|[of] p1a: Hatterene
|
|-heal|p1a: Hatterene|92/100|[from] item: Leftovers
|-heal|p2a: Clefable|54/100|[from] item: Leftovers
|upkeep
|turn|22
|
|move|p2a: Clefable|Protect|p2a: Clefable
|-singleturn|p2a: Clefable|Protect
|move|p1a: Hatterene|Calm Mind|p1a: Hatterene
|-boost|p1a: Hatterene|spa|1
|-boost|p1a: Hatterene|spd|1
|
|-heal|p1a: Hatterene|98/100|[from] item: Leftovers
|-heal|p2a: Clefable|60/100|[from] item: Leftovers
|upkeep
|turn|23
|
|switch|p2a: Rotom|Rotom-Heat|28/100
|move|p1a: Hatterene|Calm Mind|p1a: Hatterene
|-boost|p1a: Hatterene|spa|1
|-boost|p1a: Hatterene|spd|1
|
|-heal|p1a: Hatterene|100/100|[from] item: Leftovers
|upkeep
|turn|24
|j| general_newb
|
|move|p1a: Hatterene|Mystical Fire|p2a: Rotom
|-resisted|p2a: Rotom
|-damage|p2a: Rotom|3/100
|-unboost|p2a: Rotom|spa|1
|move|p2a: Rotom|Volt Switch|p1a: Hatterene
|-damage|p1a: Hatterene|91/100
|inactive|thounss has 120 seconds left.
|j| pioon
|
|switch|p2a: Dugtrio|Dugtrio, M|100/100|[from]move: Volt Switch
|
|-heal|p1a: Hatterene|97/100|[from] item: Leftovers
|-fieldend|move: Psychic Terrain
|upkeep
|turn|25
|
|switch|p2a: Rotom|Rotom-Heat|3/100
|move|p1a: Hatterene|Draining Kiss|p2a: Rotom
|-resisted|p2a: Rotom
|-damage|p2a: Rotom|0 fnt
|-heal|p1a: Hatterene|99/100|[from] drain|[of] p2a: Rotom
|faint|p2a: Rotom
|
|-heal|p1a: Hatterene|100/100|[from] item: Leftovers
|-fieldend|move: Trick Room
|upkeep
|inactive|thounss has 120 seconds left.
|inactive|thounss has 90 seconds left.
|inactive|thounss has 60 seconds left.
|
|switch|p2a: Dugtrio|Dugtrio, M|100/100
|turn|26
|
|move|p2a: Dugtrio|Earthquake|p1a: Hatterene
|-damage|p1a: Hatterene|45/100
|move|p1a: Hatterene|Trick Room|p1a: Hatterene
|-fieldstart|move: Trick Room|[of] p1a: Hatterene
|
|-heal|p1a: Hatterene|51/100|[from] item: Leftovers
|upkeep
|turn|27
|
|switch|p2a: Corviknight|Corviknight, M|100/100
|-ability|p2a: Corviknight|Pressure
|move|p1a: Hatterene|Draining Kiss|p2a: Corviknight
|-resisted|p2a: Corviknight
|-crit|p2a: Corviknight
|-damage|p2a: Corviknight|73/100
|-heal|p1a: Hatterene|77/100|[from] drain|[of] p2a: Corviknight
|
|-heal|p1a: Hatterene|83/100|[from] item: Leftovers
|-heal|p2a: Corviknight|79/100|[from] item: Leftovers
|upkeep
|turn|28
|j| 3 STAR
|l| 3 STAR
|inactive|thounss has 30 seconds left.
|
|move|p1a: Hatterene|Mystical Fire|p2a: Corviknight
|-supereffective|p2a: Corviknight
|-damage|p2a: Corviknight|3/100
|-unboost|p2a: Corviknight|spa|1
|move|p2a: Corviknight|Brave Bird|p1a: Hatterene
|-damage|p1a: Hatterene|51/100
|-damage|p2a: Corviknight|0 fnt|[from] Recoil
|faint|p2a: Corviknight
|
|-heal|p1a: Hatterene|57/100|[from] item: Leftovers
|upkeep
|inactive|thounss has 30 seconds left.
|inactive|thounss has 20 seconds left.
|
|switch|p2a: Clefable|Clefable, F|60/100
|turn|29
|inactive|thounss has 30 seconds left this turn.
|
|move|p1a: Hatterene|Draining Kiss|p2a: Clefable
|-damage|p2a: Clefable|23/100
|-heal|p1a: Hatterene|91/100|[from] drain|[of] p2a: Clefable
|move|p2a: Clefable|Moonblast|p1a: Hatterene
|-damage|p1a: Hatterene|76/100
|-unboost|p1a: Hatterene|spa|1
|
|-heal|p1a: Hatterene|82/100|[from] item: Leftovers
|-heal|p2a: Clefable|29/100|[from] item: Leftovers
|upkeep
|turn|30
|inactive|thounss has 30 seconds left.
|
|move|p1a: Hatterene|Calm Mind|p1a: Hatterene
|-boost|p1a: Hatterene|spa|1
|-boost|p1a: Hatterene|spd|1
|move|p2a: Clefable|Wish|p2a: Clefable
|
|-heal|p1a: Hatterene|88/100|[from] item: Leftovers
|-heal|p2a: Clefable|36/100|[from] item: Leftovers
|-fieldend|move: Trick Room
|upkeep
|turn|31
|
|move|p2a: Clefable|Moonblast|p1a: Hatterene
|-damage|p1a: Hatterene|74/100
|-unboost|p1a: Hatterene|spa|1
|move|p1a: Hatterene|Trick Room|p1a: Hatterene
|-fieldstart|move: Trick Room|[of] p1a: Hatterene
|
|-heal|p2a: Clefable|86/100|[from] move: Wish|[wisher] Clefable
|-heal|p1a: Hatterene|80/100|[from] item: Leftovers
|-heal|p2a: Clefable|92/100|[from] item: Leftovers
|upkeep
|turn|32
|
|move|p1a: Hatterene|Calm Mind|p1a: Hatterene
|-boost|p1a: Hatterene|spa|1
|-boost|p1a: Hatterene|spd|1
|move|p2a: Clefable|Moonblast|p1a: Hatterene
|-damage|p1a: Hatterene|68/100
|
|-heal|p1a: Hatterene|74/100|[from] item: Leftovers
|-heal|p2a: Clefable|98/100|[from] item: Leftovers
|upkeep
|turn|33
|
|move|p1a: Hatterene|Calm Mind|p1a: Hatterene
|-boost|p1a: Hatterene|spa|1
|-boost|p1a: Hatterene|spd|1
|move|p2a: Clefable|Moonblast|p1a: Hatterene
|-damage|p1a: Hatterene|65/100
|-unboost|p1a: Hatterene|spa|1
|
|-heal|p1a: Hatterene|71/100|[from] item: Leftovers
|-heal|p2a: Clefable|100/100|[from] item: Leftovers
|upkeep
|turn|34
|
|move|p1a: Hatterene|Draining Kiss|p2a: Clefable
|-damage|p2a: Clefable|64/100
|-heal|p1a: Hatterene|100/100|[from] drain|[of] p2a: Clefable
|move|p2a: Clefable|Moonblast|p1a: Hatterene
|-damage|p1a: Hatterene|91/100
|-unboost|p1a: Hatterene|spa|1
|
|-heal|p1a: Hatterene|97/100|[from] item: Leftovers
|-heal|p2a: Clefable|70/100|[from] item: Leftovers
|upkeep
|turn|35
|
|move|p1a: Hatterene|Mystical Fire|p2a: Clefable
|-damage|p2a: Clefable|46/100
|-unboost|p2a: Clefable|spa|1
|move|p2a: Clefable|Moonblast|p1a: Hatterene
|-damage|p1a: Hatterene|89/100
|
|-heal|p1a: Hatterene|95/100|[from] item: Leftovers
|-heal|p2a: Clefable|52/100|[from] item: Leftovers
|-fieldend|move: Trick Room
|upkeep
|turn|36
|
|switch|p2a: Dugtrio|Dugtrio, M|100/100
|move|p1a: Hatterene|Calm Mind|p1a: Hatterene
|-boost|p1a: Hatterene|spa|1
|-boost|p1a: Hatterene|spd|1
|
|-heal|p1a: Hatterene|100/100|[from] item: Leftovers
|upkeep
|turn|37
|
|move|p2a: Dugtrio|Earthquake|p1a: Hatterene
|-damage|p1a: Hatterene|46/100
|move|p1a: Hatterene|Trick Room|p1a: Hatterene
|-fieldstart|move: Trick Room|[of] p1a: Hatterene
|
|-heal|p1a: Hatterene|52/100|[from] item: Leftovers
|upkeep
|turn|38
|
|move|p1a: Hatterene|Draining Kiss|p2a: Dugtrio
|-damage|p2a: Dugtrio|5/100
|-heal|p1a: Hatterene|99/100|[from] drain|[of] p2a: Dugtrio
|move|p2a: Dugtrio|Earthquake|p1a: Hatterene
|-crit|p1a: Hatterene
|-damage|p1a: Hatterene|27/100
|
|-heal|p1a: Hatterene|33/100|[from] item: Leftovers
|upkeep
|turn|39
|inactive|thounss has 90 seconds left.
|-message|thounss forfeited.
|
|win|Pavijo28
|l|☆thounss
|raw|Pavijo28's rating: 1938 &rarr; <strong>1947</strong><br />(+9 for winning)
|raw|thounss's rating: 1729 &rarr; <strong>1719</strong><br />(-10 for losing)
|l| general_newb
|l|☆Pavijo28
