|j|☆StillV$VP
|j|☆Justin UA
|t:|1651351758
|gametype|singles
|player|p1|StillV$VP|emmet|1536
|player|p2|Justin UA|ethan|1516
|teamsize|p1|6
|teamsize|p2|6
|gen|8
|tier|[Gen 8] OU
|rated|
|rule|Sleep Clause Mod: Limit one foe put to sleep
|rule|Species Clause: Limit one of each Pokémon
|rule|OHKO Clause: OHKO moves are banned
|rule|Evasion Moves Clause: Evasion moves are banned
|rule|Endless Battle Clause: Forcing endless battles is banned
|rule|HP Percentage Mod: HP is shown in percentages
|rule|Dynamax Clause: You cannot dynamax
|clearpoke
|poke|p1|Garchomp, M|
|poke|p1|Volcanion|
|poke|p1|Chansey, F|
|poke|p1|Corviknight, F|
|poke|p1|Landorus-Therian, M|
|poke|p1|Nidoking, M|
|poke|p2|Dragapult, F|
|poke|p2|Urshifu-*, M|
|poke|p2|Tapu Lele|
|poke|p2|Toxapex, M|
|poke|p2|Corviknight, F|
|poke|p2|Landorus-Therian, M|
|teampreview
|inactive|Battle timer is ON: inactive players will automatically lose when time's up. (requested by StillV$VP)
|inactive|StillV$VP has 120 seconds left.
|
|t:|1651351800
|start
|switch|p1a: Alex The 🦁|Landorus-Therian, M|100/100
|switch|p2a: Urshifu|Urshifu-Rapid-Strike, M|100/100
|-ability|p1a: Alex The 🦁|Intimidate|boost
|-unboost|p2a: Urshifu|atk|1
|turn|1
|
|t:|1651351816
|move|p1a: Alex The 🦁|U-turn|p2a: Urshifu
|-resisted|p2a: Urshifu
|-damage|p2a: Urshifu|87/100
|
|t:|1651351822
|switch|p1a: Rasheda|Corviknight, F|100/100|[from]move: U-turn
|-ability|p1a: Rasheda|Pressure
|move|p2a: Urshifu|Close Combat|p1a: Rasheda
|-damage|p1a: Rasheda|60/100
|-unboost|p2a: Urshifu|def|1
|-unboost|p2a: Urshifu|spd|1
|-damage|p2a: Urshifu|71/100|[from] item: Rocky Helmet|[of] p1a: Rasheda
|
|upkeep
|turn|2
|
|t:|1651351835
|switch|p2a: Landorus|Landorus-Therian, M|100/100
|-ability|p2a: Landorus|Intimidate|boost
|-unboost|p1a: Rasheda|atk|1
|move|p1a: Rasheda|U-turn|p2a: Landorus
|-resisted|p2a: Landorus
|-damage|p2a: Landorus|96/100
|
|t:|1651351838
|switch|p1a: KGB|Volcanion|100/100|[from]move: U-turn
|
|-heal|p2a: Landorus|100/100|[from] item: Leftovers
|upkeep
|turn|3
|
|t:|1651351843
|switch|p2a: Toxapex|Toxapex, M|100/100
|move|p1a: KGB|Steam Eruption|p2a: Toxapex
|-resisted|p2a: Toxapex
|-damage|p2a: Toxapex|67/100
|
|-heal|p2a: Toxapex|73/100|[from] item: Black Sludge
|upkeep
|turn|4
|inactive|Justin UA has 120 seconds left.
|l|☆StillV$VP
|inactive|StillV$VP disconnected and has a minute to reconnect!
|player|p1|
|j|☆StillV$VP
|inactive|StillV$VP reconnected.
|player|p1|StillV$VP|emmet
|inactive|Justin UA has 90 seconds left.
|
|t:|1651351924
|move|p1a: KGB|Steam Eruption|p2a: Toxapex|[miss]
|-miss|p1a: KGB|p2a: Toxapex
|move|p2a: Toxapex|Knock Off|p1a: KGB
|-damage|p1a: KGB|90/100
|-enditem|p1a: KGB|Choice Specs|[from] move: Knock Off|[of] p2a: Toxapex
|
|-heal|p2a: Toxapex|79/100|[from] item: Black Sludge
|upkeep
|turn|5
|inactive|Justin UA has 60 seconds left.
|
|t:|1651351959
|switch|p2a: Tapu Lele|Tapu Lele|100/100
|-fieldstart|move: Psychic Terrain|[from] ability: Psychic Surge|[of] p2a: Tapu Lele
|move|p1a: KGB|Steam Eruption|p2a: Tapu Lele
|-damage|p2a: Tapu Lele|37/100
|-status|p2a: Tapu Lele|brn
|
|-damage|p2a: Tapu Lele|31/100 brn|[from] brn
|upkeep
|turn|6
|
|t:|1651351967
|switch|p1a: Tickle me|Chansey, F|100/100
|move|p2a: Tapu Lele|Psyshock|p1a: Tickle me
|-damage|p1a: Tickle me|39/100
|
|-damage|p2a: Tapu Lele|25/100 brn|[from] brn
|upkeep
|turn|7
|inactive|Justin UA has 60 seconds left.
|
|t:|1651351975
|switch|p2a: Dragapult|Dragapult, F, shiny|100/100
|switch|p1a: Rasheda|Corviknight, F|60/100
|-ability|p1a: Rasheda|Pressure
|
|upkeep
|turn|8
|
|t:|1651351980
|switch|p1a: Tickle me|Chansey, F|39/100
|move|p2a: Dragapult|U-turn|p1a: Tickle me
|-damage|p1a: Tickle me|28/100
|
|t:|1651351983
|switch|p2a: Urshifu|Urshifu-Rapid-Strike, M|71/100|[from]move: U-turn
|
|upkeep
|turn|9
|
|t:|1651351989
|switch|p1a: Rasheda|Corviknight, F|60/100
|-ability|p1a: Rasheda|Pressure
|move|p2a: Urshifu|Close Combat|p1a: Rasheda
|-damage|p1a: Rasheda|0 fnt
|-unboost|p2a: Urshifu|def|1
|-unboost|p2a: Urshifu|spd|1
|-damage|p2a: Urshifu|54/100|[from] item: Rocky Helmet|[of] p1a: Rasheda
|faint|p1a: Rasheda
|
|-fieldend|move: Psychic Terrain
|upkeep
|
|t:|1651352007
|switch|p1a: Alex The 🦁|Landorus-Therian, M|100/100
|-ability|p1a: Alex The 🦁|Intimidate|boost
|-unboost|p2a: Urshifu|atk|1
|turn|10
|
|t:|1651352019
|switch|p2a: Landorus|Landorus-Therian, M|100/100
|-ability|p2a: Landorus|Intimidate|boost
|-unboost|p1a: Alex The 🦁|atk|1
|move|p1a: Alex The 🦁|U-turn|p2a: Landorus
|-resisted|p2a: Landorus
|-damage|p2a: Landorus|92/100
|
|t:|1651352029
|switch|p1a: The King|Nidoking, M|100/100|[from]move: U-turn
|
|-heal|p2a: Landorus|98/100|[from] item: Leftovers
|upkeep
|turn|11
|inactive|Justin UA has 90 seconds left.
|
|t:|1651352061
|switch|p2a: Corviknight|Corviknight, F|100/100
|-ability|p2a: Corviknight|Pressure
|move|p1a: The King|Ice Beam|p2a: Corviknight
|-damage|p2a: Corviknight|68/100
|
|-heal|p2a: Corviknight|74/100|[from] item: Leftovers
|upkeep
|turn|12
|
|t:|1651352070
|switch|p2a: Dragapult|Dragapult, F, shiny|100/100
|move|p1a: The King|Ice Beam|p2a: Dragapult
|-supereffective|p2a: Dragapult
|-damage|p2a: Dragapult|0 fnt
|faint|p2a: Dragapult
|
|upkeep
|
|t:|1651352081
|switch|p2a: Urshifu|Urshifu-Rapid-Strike, M|54/100
|turn|13
|
|t:|1651352093
|switch|p1a: Tickle me|Chansey, F|28/100
|move|p2a: Urshifu|Close Combat|p1a: Tickle me
|-supereffective|p1a: Tickle me
|-damage|p1a: Tickle me|0 fnt
|-unboost|p2a: Urshifu|def|1
|-unboost|p2a: Urshifu|spd|1
|faint|p1a: Tickle me
|
|upkeep
|
|t:|1651352101
|switch|p1a: Alex The 🦁|Landorus-Therian, M|100/100
|-ability|p1a: Alex The 🦁|Intimidate|boost
|-unboost|p2a: Urshifu|atk|1
|turn|14
|
|t:|1651352111
|switch|p2a: Corviknight|Corviknight, F|74/100
|-ability|p2a: Corviknight|Pressure
|move|p1a: Alex The 🦁|U-turn|p2a: Corviknight
|-resisted|p2a: Corviknight
|-damage|p2a: Corviknight|70/100
|
|t:|1651352115
|switch|p1a: KGB|Volcanion|90/100|[from]move: U-turn
|
|-heal|p2a: Corviknight|76/100|[from] item: Leftovers
|upkeep
|turn|15
|
|t:|1651352124
|move|p1a: KGB|Steam Eruption|p2a: Corviknight
|-damage|p2a: Corviknight|22/100
|move|p2a: Corviknight|U-turn|p1a: KGB
|-resisted|p1a: KGB
|-damage|p1a: KGB|84/100
|
|t:|1651352137
|switch|p2a: Tapu Lele|Tapu Lele|25/100 brn|[from]move: U-turn
|-fieldstart|move: Psychic Terrain|[from] ability: Psychic Surge|[of] p2a: Tapu Lele
|
|-damage|p2a: Tapu Lele|19/100 brn|[from] brn
|upkeep
|turn|16
|
|t:|1651352154
|switch|p1a: The King|Nidoking, M|100/100
|move|p2a: Tapu Lele|Psychic|p1a: The King
|-supereffective|p1a: The King
|-damage|p1a: The King|0 fnt
|faint|p1a: The King
|
|-damage|p2a: Tapu Lele|13/100 brn|[from] brn
|upkeep
|
|t:|1651352161
|switch|p1a: Alex The 🦁|Landorus-Therian, M|100/100
|-ability|p1a: Alex The 🦁|Intimidate|boost
|-unboost|p2a: Tapu Lele|atk|1
|turn|17
|inactive|Justin UA has 120 seconds left.
|
|t:|1651352168
|switch|p2a: Landorus|Landorus-Therian, M|98/100
|-ability|p2a: Landorus|Intimidate|boost
|-unboost|p1a: Alex The 🦁|atk|1
|move|p1a: Alex The 🦁|U-turn|p2a: Landorus
|-resisted|p2a: Landorus
|-damage|p2a: Landorus|89/100
|
|t:|1651352172
|switch|p1a: KGB|Volcanion|84/100|[from]move: U-turn
|
|-heal|p2a: Landorus|95/100|[from] item: Leftovers
|upkeep
|turn|18
|
|t:|1651352180
|switch|p2a: Corviknight|Corviknight, F|22/100
|-ability|p2a: Corviknight|Pressure
|move|p1a: KGB|Steam Eruption|p2a: Corviknight
|-crit|p2a: Corviknight
|-damage|p2a: Corviknight|0 fnt
|faint|p2a: Corviknight
|
|upkeep
|
|t:|1651352182
|switch|p2a: Tapu Lele|Tapu Lele|13/100 brn
|turn|19
|
|t:|1651352197
|move|p2a: Tapu Lele|Psychic|p1a: KGB
|-damage|p1a: KGB|0 fnt
|faint|p1a: KGB
|
|-damage|p2a: Tapu Lele|7/100 brn|[from] brn
|-fieldend|move: Psychic Terrain
|upkeep
|
|t:|1651352208
|switch|p1a: Alex The 🦁|Landorus-Therian, M|100/100
|-ability|p1a: Alex The 🦁|Intimidate|boost
|-unboost|p2a: Tapu Lele|atk|1
|turn|20
|
|t:|1651352223
|switch|p2a: Toxapex|Toxapex, M|100/100
|move|p1a: Alex The 🦁|U-turn|p2a: Toxapex
|-resisted|p2a: Toxapex
|-crit|p2a: Toxapex
|-damage|p2a: Toxapex|89/100
|
|t:|1651352243
|switch|p1a: Hammer|Garchomp, M|100/100|[from]move: U-turn
|
|-heal|p2a: Toxapex|96/100|[from] item: Black Sludge
|upkeep
|turn|21
|
|t:|1651352249
|move|p1a: Hammer|Swords Dance|p1a: Hammer
|-boost|p1a: Hammer|atk|2
|move|p2a: Toxapex|Haze|p2a: Toxapex
|-clearallboost
|
|-heal|p2a: Toxapex|100/100|[from] item: Black Sludge
|upkeep
|turn|22
|
|t:|1651352256
|move|p1a: Hammer|Stone Edge|p2a: Toxapex
|-damage|p2a: Toxapex|80/100
|move|p2a: Toxapex|Haze|p2a: Toxapex
|-clearallboost
|
|-heal|p2a: Toxapex|86/100|[from] item: Black Sludge
|upkeep
|turn|23
|
|t:|1651352268
|switch|p1a: Alex The 🦁|Landorus-Therian, M|100/100
|-ability|p1a: Alex The 🦁|Intimidate|boost
|-unboost|p2a: Toxapex|atk|1
|move|p2a: Toxapex|Haze|p2a: Toxapex
|-clearallboost
|
|-heal|p2a: Toxapex|92/100|[from] item: Black Sludge
|upkeep
|turn|24
|
|t:|1651352281
|switch|p2a: Landorus|Landorus-Therian, M|95/100
|-ability|p2a: Landorus|Intimidate|boost
|-unboost|p1a: Alex The 🦁|atk|1
|move|p1a: Alex The 🦁|Stealth Rock|p2a: Landorus
|-sidestart|p2: Justin UA|move: Stealth Rock
|
|-heal|p2a: Landorus|100/100|[from] item: Leftovers
|upkeep
|turn|25
|
|t:|1651352289
|switch|p1a: Hammer|Garchomp, M|100/100
|move|p2a: Landorus|Stealth Rock|p1a: Hammer
|-sidestart|p1: StillV$VP|move: Stealth Rock
|
|upkeep
|turn|26
|
|t:|1651352296
|switch|p2a: Toxapex|Toxapex, M|100/100
|-damage|p2a: Toxapex|88/100|[from] Stealth Rock
|move|p1a: Hammer|Swords Dance|p1a: Hammer
|-boost|p1a: Hammer|atk|2
|
|-heal|p2a: Toxapex|94/100|[from] item: Black Sludge
|upkeep
|turn|27
|
|t:|1651352298
|move|p1a: Hammer|Earthquake|p2a: Toxapex
|-supereffective|p2a: Toxapex
|-damage|p2a: Toxapex|0 fnt
|faint|p2a: Toxapex
|
|upkeep
|
|t:|1651352302
|switch|p2a: Landorus|Landorus-Therian, M|100/100
|-damage|p2a: Landorus|88/100|[from] Stealth Rock
|-ability|p2a: Landorus|Intimidate|boost
|-unboost|p1a: Hammer|atk|1
|turn|28
|
|t:|1651352306
|move|p1a: Hammer|Dragon Rush|p2a: Landorus
|-damage|p2a: Landorus|12/100
|cant|p2a: Landorus|flinch
|
|-heal|p2a: Landorus|18/100|[from] item: Leftovers
|upkeep
|turn|29
|
|t:|1651352321
|move|p1a: Hammer|Dragon Rush|p2a: Landorus
|-damage|p2a: Landorus|0 fnt
|faint|p2a: Landorus
|
|upkeep
|
|t:|1651352332
|switch|p2a: Tapu Lele|Tapu Lele|7/100 brn
|-damage|p2a: Tapu Lele|0 fnt|[from] Stealth Rock
|faint|p2a: Tapu Lele
|-message|Justin UA forfeited.
|
|win|StillV$VP
|raw|StillV$VP's rating: 1536 &rarr; <strong>1555</strong><br />(+19 for winning)
|raw|Justin UA's rating: 1516 &rarr; <strong>1497</strong><br />(-19 for losing)
|l|☆Justin UA
||Ladder isn't responding, score probably updated but might not have (Request timeout).
