|j|☆Thebearbillyfought
|j|☆Mutako Z
|t:|1655932138
|gametype|singles
|player|p1|Thebearbillyfought|ghetsis-gen5bw|1592
|player|p2|Mutako Z|cynthia-gen4|1668
|teamsize|p1|6
|teamsize|p2|6
|gen|8
|tier|[Gen 8] OU
|rated|
|rule|Sleep Clause Mod: Limit one foe put to sleep
|rule|Species Clause: Limit one of each Pokémon
|rule|OHKO Clause: OHKO moves are banned
|rule|Evasion Moves Clause: Evasion moves are banned
|rule|Endless Battle Clause: Forcing endless battles is banned
|rule|HP Percentage Mod: HP is shown in percentages
|rule|Dynamax Clause: You cannot dynamax
|clearpoke
|poke|p1|Latios, M|
|poke|p1|Dragonite, M|
|poke|p1|Hydreigon, M|
|poke|p1|Melmetal|
|poke|p1|Landorus-Therian, M|
|poke|p1|Tapu Koko|
|poke|p2|Hippowdon, F|
|poke|p2|Tyranitar, F|
|poke|p2|Excadrill, M|
|poke|p2|Dracozolt|
|poke|p2|Zapdos|
|poke|p2|Toxapex, F|
|teampreview
|inactive|Battle timer is ON: inactive players will automatically lose when time's up. (requested by Mutako Z)
|inactive|Thebearbillyfought has 120 seconds left.
|
|t:|1655932197
|start
|switch|p1a: K-9 UNIT|Landorus-Therian, M|100/100
|switch|p2a: Hippowdon|Hippowdon, F|100/100
|-ability|p1a: K-9 UNIT|Intimidate|boost
|-unboost|p2a: Hippowdon|atk|1
|-weather|Sandstorm|[from] ability: Sand Stream|[of] p2a: Hippowdon
|turn|1
|
|t:|1655932207
|move|p1a: K-9 UNIT|Toxic|p2a: Hippowdon
|-status|p2a: Hippowdon|tox
|move|p2a: Hippowdon|Ice Fang|p1a: K-9 UNIT
|-supereffective|p1a: K-9 UNIT
|-damage|p1a: K-9 UNIT|59/100
|
|-weather|Sandstorm|[upkeep]
|-heal|p1a: K-9 UNIT|65/100|[from] item: Leftovers
|-damage|p2a: Hippowdon|94/100 tox|[from] psn
|upkeep
|turn|2
|
|t:|1655932221
|switch|p1a: ImmoralityTalisman|Melmetal|100/100
|move|p2a: Hippowdon|Stealth Rock|p1a: ImmoralityTalisman
|-sidestart|p1: Thebearbillyfought|move: Stealth Rock
|
|-weather|Sandstorm|[upkeep]
|-damage|p2a: Hippowdon|82/100 tox|[from] psn
|upkeep
|turn|3
|
|t:|1655932229
|move|p2a: Hippowdon|Earthquake|p1a: ImmoralityTalisman
|-supereffective|p1a: ImmoralityTalisman
|-damage|p1a: ImmoralityTalisman|79/100
|move|p1a: ImmoralityTalisman|Ice Punch|p2a: Hippowdon
|-supereffective|p2a: Hippowdon
|-damage|p2a: Hippowdon|54/100 tox
|
|-weather|Sandstorm|[upkeep]
|-heal|p1a: ImmoralityTalisman|85/100|[from] item: Leftovers
|-damage|p2a: Hippowdon|35/100 tox|[from] psn
|upkeep
|turn|4
|
|t:|1655932245
|switch|p2a: Toxapex|Toxapex, F|100/100
|move|p1a: ImmoralityTalisman|Ice Punch|p2a: Toxapex
|-resisted|p2a: Toxapex
|-damage|p2a: Toxapex|92/100
|-damage|p1a: ImmoralityTalisman|68/100|[from] item: Rocky Helmet|[of] p2a: Toxapex
|
|-weather|Sandstorm|[upkeep]
|-damage|p2a: Toxapex|86/100|[from] Sandstorm
|-heal|p1a: ImmoralityTalisman|75/100|[from] item: Leftovers
|upkeep
|turn|5
|
|t:|1655932256
|move|p2a: Toxapex|Knock Off|p1a: ImmoralityTalisman
|-damage|p1a: ImmoralityTalisman|68/100
|-enditem|p1a: ImmoralityTalisman|Leftovers|[from] move: Knock Off|[of] p2a: Toxapex
|move|p1a: ImmoralityTalisman|Earthquake|p2a: Toxapex
|-supereffective|p2a: Toxapex
|-damage|p2a: Toxapex|50/100
|
|-weather|Sandstorm|[upkeep]
|-damage|p2a: Toxapex|44/100|[from] Sandstorm
|upkeep
|turn|6
|
|t:|1655932266
|switch|p1a: K-9 UNIT|Landorus-Therian, M|65/100
|-damage|p1a: K-9 UNIT|52/100|[from] Stealth Rock
|-ability|p1a: K-9 UNIT|Intimidate|boost
|-unboost|p2a: Toxapex|atk|1
|move|p2a: Toxapex|Recover|p2a: Toxapex
|-heal|p2a: Toxapex|95/100
|
|-weather|Sandstorm|[upkeep]
|-damage|p2a: Toxapex|89/100|[from] Sandstorm
|-heal|p1a: K-9 UNIT|58/100|[from] item: Leftovers
|upkeep
|turn|7
|
|t:|1655932276
|move|p1a: K-9 UNIT|Stealth Rock|p2a: Toxapex
|-sidestart|p2: Mutako Z|move: Stealth Rock
|move|p2a: Toxapex|Scald|p1a: K-9 UNIT
|-supereffective|p1a: K-9 UNIT
|-damage|p1a: K-9 UNIT|35/100
|
|-weather|Sandstorm|[upkeep]
|-damage|p2a: Toxapex|83/100|[from] Sandstorm
|-heal|p1a: K-9 UNIT|41/100|[from] item: Leftovers
|upkeep
|turn|8
|inactive|Thebearbillyfought has 120 seconds left.
|
|t:|1655932320
|switch|p1a: Mayweather|Tapu Koko|100/100
|-damage|p1a: Mayweather|88/100|[from] Stealth Rock
|-fieldstart|move: Electric Terrain|[from] ability: Electric Surge|[of] p1a: Mayweather
|move|p2a: Toxapex|Knock Off|p1a: Mayweather
|-resisted|p1a: Mayweather
|-damage|p1a: Mayweather|81/100
|-enditem|p1a: Mayweather|Choice Scarf|[from] move: Knock Off|[of] p2a: Toxapex
|
|-weather|none
|upkeep
|turn|9
|
|t:|1655932333
|switch|p2a: Hippowdon|Hippowdon, F|35/100 tox
|-damage|p2a: Hippowdon|29/100 tox|[from] Stealth Rock
|-weather|Sandstorm|[from] ability: Sand Stream|[of] p2a: Hippowdon
|move|p1a: Mayweather|U-turn|p2a: Hippowdon
|-damage|p2a: Hippowdon|21/100 tox
|inactive|Thebearbillyfought has 90 seconds left.
|
|t:|1655932368
|switch|p1a: Tom Cruise|Latios, M|100/100|[from]move: U-turn
|-damage|p1a: Tom Cruise|88/100|[from] Stealth Rock
|
|-weather|Sandstorm|[upkeep]
|-damage|p1a: Tom Cruise|82/100|[from] Sandstorm
|-damage|p2a: Hippowdon|15/100 tox|[from] psn
|upkeep
|turn|10
|inactive|Thebearbillyfought has 90 seconds left.
|
|t:|1655932389
|move|p1a: Tom Cruise|Dragon Pulse|p2a: Hippowdon
|-damage|p2a: Hippowdon|0 fnt
|faint|p2a: Hippowdon
|
|-weather|Sandstorm|[upkeep]
|-damage|p1a: Tom Cruise|76/100|[from] Sandstorm
|upkeep
|
|t:|1655932400
|switch|p2a: Excadrill|Excadrill, M|100/100
|-damage|p2a: Excadrill|97/100|[from] Stealth Rock
|turn|11
|
|t:|1655932406
|switch|p1a: K-9 UNIT|Landorus-Therian, M|41/100
|-damage|p1a: K-9 UNIT|29/100|[from] Stealth Rock
|-ability|p1a: K-9 UNIT|Intimidate|boost
|-unboost|p2a: Excadrill|atk|1
|move|p2a: Excadrill|Iron Head|p1a: K-9 UNIT
|-damage|p1a: K-9 UNIT|0 fnt
|faint|p1a: K-9 UNIT
|-damage|p2a: Excadrill|87/100|[from] item: Life Orb
|
|-weather|Sandstorm|[upkeep]
|upkeep
|
|t:|1655932424
|switch|p1a: ImmoralityTalisman|Melmetal|68/100
|-damage|p1a: ImmoralityTalisman|62/100|[from] Stealth Rock
|turn|12
|
|t:|1655932434
|switch|p2a: Zapdos|Zapdos|100/100
|move|p1a: ImmoralityTalisman|Protect||[still]
|-fail|p1a: ImmoralityTalisman
|
|-weather|Sandstorm|[upkeep]
|-damage|p2a: Zapdos|94/100|[from] Sandstorm
|-fieldend|move: Electric Terrain
|upkeep
|turn|13
|
|t:|1655932444
|move|p2a: Zapdos|Hurricane|p1a: ImmoralityTalisman
|-resisted|p1a: ImmoralityTalisman
|-damage|p1a: ImmoralityTalisman|40/100
|move|p1a: ImmoralityTalisman|Ice Punch|p2a: Zapdos
|-supereffective|p2a: Zapdos
|-damage|p2a: Zapdos|38/100
|
|-weather|Sandstorm|[upkeep]
|-damage|p2a: Zapdos|32/100|[from] Sandstorm
|upkeep
|turn|14
|
|t:|1655932461
|move|p2a: Zapdos|Roost|p2a: Zapdos
|-heal|p2a: Zapdos|82/100
|-singleturn|p2a: Zapdos|move: Roost
|move|p1a: ImmoralityTalisman|Earthquake|p2a: Zapdos
|-supereffective|p2a: Zapdos
|-damage|p2a: Zapdos|14/100
|
|-weather|Sandstorm|[upkeep]
|-damage|p2a: Zapdos|8/100|[from] Sandstorm
|upkeep
|turn|15
|
|t:|1655932476
|move|p2a: Zapdos|Volt Switch|p1a: ImmoralityTalisman
|-damage|p1a: ImmoralityTalisman|11/100
|
|t:|1655932483
|switch|p2a: Toxapex|Toxapex, F|100/100|[from]move: Volt Switch
|-damage|p2a: Toxapex|88/100|[from] Stealth Rock
|move|p1a: ImmoralityTalisman|Ice Punch|p2a: Toxapex
|-resisted|p2a: Toxapex
|-damage|p2a: Toxapex|80/100
|-damage|p1a: ImmoralityTalisman|0 fnt|[from] item: Rocky Helmet|[of] p2a: Toxapex
|faint|p1a: ImmoralityTalisman
|
|-weather|Sandstorm|[upkeep]
|-damage|p2a: Toxapex|74/100|[from] Sandstorm
|upkeep
|inactive|Thebearbillyfought has 60 seconds left.
|
|t:|1655932524
|switch|p1a: Migos|Hydreigon, M|100/100
|-damage|p1a: Migos|88/100|[from] Stealth Rock
|turn|16
|
|t:|1655932528
|move|p1a: Migos|Earth Power|p2a: Toxapex
|-supereffective|p2a: Toxapex
|-damage|p2a: Toxapex|12/100
|-damage|p1a: Migos|78/100|[from] item: Life Orb
|move|p2a: Toxapex|Toxic|p1a: Migos
|-status|p1a: Migos|tox
|
|-weather|none
|-damage|p1a: Migos|72/100 tox|[from] psn
|upkeep
|turn|17
|inactive|Thebearbillyfought has 60 seconds left.
|
|t:|1655932539
|switch|p2a: Zapdos|Zapdos|8/100
|move|p1a: Migos|Dark Pulse|p2a: Zapdos
|-damage|p2a: Zapdos|0 fnt
|faint|p2a: Zapdos
|-damage|p1a: Migos|62/100 tox|[from] item: Life Orb
|
|-damage|p1a: Migos|50/100 tox|[from] psn
|upkeep
|
|t:|1655932549
|switch|p2a: Toxapex|Toxapex, F|46/100
|-damage|p2a: Toxapex|34/100|[from] Stealth Rock
|turn|18
|inactive|Thebearbillyfought has 60 seconds left.
|
|t:|1655932561
|switch|p2a: Tyranitar|Tyranitar, F|100/100
|-damage|p2a: Tyranitar|88/100|[from] Stealth Rock
|-weather|Sandstorm|[from] ability: Sand Stream|[of] p2a: Tyranitar
|move|p1a: Migos|Earth Power|p2a: Tyranitar
|-supereffective|p2a: Tyranitar
|-enditem|p2a: Tyranitar|Shuca Berry|[eat]
|-enditem|p2a: Tyranitar|Shuca Berry|[weaken]
|-damage|p2a: Tyranitar|62/100
|-damage|p1a: Migos|40/100 tox|[from] item: Life Orb
|
|-weather|Sandstorm|[upkeep]
|-damage|p1a: Migos|34/100 tox|[from] Sandstorm
|-damage|p1a: Migos|16/100 tox|[from] psn
|upkeep
|turn|19
|inactive|Thebearbillyfought has 60 seconds left.
|
|t:|1655932589
|move|p2a: Tyranitar|Ice Punch|p1a: Migos
|-supereffective|p1a: Migos
|-damage|p1a: Migos|0 fnt
|faint|p1a: Migos
|
|-weather|Sandstorm|[upkeep]
|upkeep
|
|t:|1655932595
|switch|p1a: Mayweather|Tapu Koko|81/100
|-damage|p1a: Mayweather|68/100|[from] Stealth Rock
|-fieldstart|move: Electric Terrain|[from] ability: Electric Surge|[of] p1a: Mayweather
|turn|20
|
|t:|1655932602
|move|p1a: Mayweather|Dazzling Gleam|p2a: Tyranitar
|-supereffective|p2a: Tyranitar
|-crit|p2a: Tyranitar
|-damage|p2a: Tyranitar|0 fnt
|faint|p2a: Tyranitar
|
|-weather|Sandstorm|[upkeep]
|-damage|p1a: Mayweather|62/100|[from] Sandstorm
|upkeep
|
|t:|1655932611
|switch|p2a: Excadrill|Excadrill, M|87/100
|-damage|p2a: Excadrill|84/100|[from] Stealth Rock
|turn|21
|inactive|Thebearbillyfought has 60 seconds left.
|
|t:|1655932618
|switch|p1a: Seath|Dragonite, M|100/100
|move|p2a: Excadrill|Iron Head|p1a: Seath
|-damage|p1a: Seath|77/100
|-damage|p2a: Excadrill|74/100|[from] item: Life Orb
|
|-weather|Sandstorm|[upkeep]
|-damage|p1a: Seath|71/100|[from] Sandstorm
|upkeep
|turn|22
|
|t:|1655932628
|move|p2a: Excadrill|Rock Slide|p1a: Seath
|-supereffective|p1a: Seath
|-damage|p1a: Seath|15/100
|-damage|p2a: Excadrill|64/100|[from] item: Life Orb
|move|p1a: Seath|Roost|p1a: Seath
|-heal|p1a: Seath|65/100
|-singleturn|p1a: Seath|move: Roost
|
|-weather|none
|upkeep
|turn|23
|
|t:|1655932643
|move|p2a: Excadrill|Rock Slide|p1a: Seath
|-supereffective|p1a: Seath
|-damage|p1a: Seath|7/100
|-damage|p2a: Excadrill|55/100|[from] item: Life Orb
|cant|p1a: Seath|flinch
|
|upkeep
|turn|24
|
|t:|1655932653
|move|p2a: Excadrill|Iron Head|p1a: Seath
|-damage|p1a: Seath|0 fnt
|faint|p1a: Seath
|-damage|p2a: Excadrill|45/100|[from] item: Life Orb
|
|-fieldend|move: Electric Terrain
|upkeep
|
|t:|1655932667
|switch|p1a: Tom Cruise|Latios, M|76/100
|-damage|p1a: Tom Cruise|64/100|[from] Stealth Rock
|turn|25
|inactive|Thebearbillyfought has 60 seconds left.
|
|t:|1655932700
|switch|p2a: Dracozolt|Dracozolt|100/100
|-damage|p2a: Dracozolt|88/100|[from] Stealth Rock
|move|p1a: Tom Cruise|Mystical Fire|p2a: Dracozolt
|-resisted|p2a: Dracozolt
|-crit|p2a: Dracozolt
|-damage|p2a: Dracozolt|44/100
|-unboost|p2a: Dracozolt|spa|1
|
|upkeep
|turn|26
|inactive|Thebearbillyfought has 60 seconds left.
|
|t:|1655932712
|move|p1a: Tom Cruise|Mystical Fire|p2a: Dracozolt
|-resisted|p2a: Dracozolt
|-damage|p2a: Dracozolt|16/100
|-unboost|p2a: Dracozolt|spa|1
|move|p2a: Dracozolt|Bolt Beak|p1a: Tom Cruise
|-resisted|p1a: Tom Cruise
|-damage|p1a: Tom Cruise|36/100
|-damage|p2a: Dracozolt|6/100|[from] item: Life Orb
|
|upkeep
|turn|27
|
|t:|1655932725
|move|p1a: Tom Cruise|Mystical Fire|p2a: Dracozolt
|-resisted|p2a: Dracozolt
|-damage|p2a: Dracozolt|0 fnt
|faint|p2a: Dracozolt
|
|upkeep
|
|t:|1655932731
|switch|p2a: Toxapex|Toxapex, F|67/100
|-damage|p2a: Toxapex|55/100|[from] Stealth Rock
|turn|28
|
|t:|1655932741
|switch|p1a: Mayweather|Tapu Koko|62/100
|-damage|p1a: Mayweather|50/100|[from] Stealth Rock
|-fieldstart|move: Electric Terrain|[from] ability: Electric Surge|[of] p1a: Mayweather
|move|p2a: Toxapex|Toxic|p1a: Mayweather
|-status|p1a: Mayweather|tox
|
|-damage|p1a: Mayweather|44/100 tox|[from] psn
|upkeep
|turn|29
|
|t:|1655932750
|switch|p2a: Excadrill|Excadrill, M|45/100
|-damage|p2a: Excadrill|41/100|[from] Stealth Rock
|move|p1a: Mayweather|U-turn|p2a: Excadrill
|-resisted|p2a: Excadrill
|-crit|p2a: Excadrill
|-damage|p2a: Excadrill|25/100
|
|t:|1655932752
|switch|p1a: Tom Cruise|Latios, M|36/100|[from]move: U-turn
|-damage|p1a: Tom Cruise|24/100|[from] Stealth Rock
|
|upkeep
|turn|30
|inactive|Thebearbillyfought has 90 seconds left.
|
|t:|1655932768
|move|p1a: Tom Cruise|Psyshock|p2a: Excadrill
|-resisted|p2a: Excadrill
|-damage|p2a: Excadrill|0 fnt
|faint|p2a: Excadrill
|
|upkeep
|
|t:|1655932772
|switch|p2a: Toxapex|Toxapex, F|88/100
|-damage|p2a: Toxapex|76/100|[from] Stealth Rock
|turn|31
|
|t:|1655932778
|move|p1a: Tom Cruise|Psyshock|p2a: Toxapex
|-supereffective|p2a: Toxapex
|-damage|p2a: Toxapex|0 fnt
|faint|p2a: Toxapex
|
|win|Thebearbillyfought
|raw|Thebearbillyfought's rating: 1592 &rarr; <strong>1616</strong><br />(+24 for winning)
|raw|Mutako Z's rating: 1668 &rarr; <strong>1644</strong><br />(-24 for losing)
|l|☆Mutako Z
