|j|☆Le-Perpetrator
|j|☆Makuryu
|t:|1643649345
|gametype|singles
|player|p1|Le-Perpetrator|101|1707
|player|p2|Makuryu|koga|1827
|teamsize|p1|6
|teamsize|p2|6
|gen|8
|tier|[Gen 8] OU
|rated|
|rule|Sleep Clause Mod: Limit one foe put to sleep
|rule|Species Clause: Limit one of each Pokémon
|rule|OHKO Clause: OHKO moves are banned
|rule|Evasion Moves Clause: Evasion moves are banned
|rule|Endless Battle Clause: Forcing endless battles is banned
|rule|HP Percentage Mod: HP is shown in percentages
|rule|Dynamax Clause: You cannot dynamax
|clearpoke
|poke|p1|Toxapex, F|
|poke|p1|Ferrothorn, M|
|poke|p1|Hatterene, F|
|poke|p1|Landorus-Therian, M|
|poke|p1|Victini|
|poke|p1|Dragapult, M|
|poke|p2|Bisharp, M|
|poke|p2|Zapdos-Galar|
|poke|p2|Mew|
|poke|p2|Rillaboom, M|
|poke|p2|Garchomp, F|
|poke|p2|Dragapult, M|
|teampreview
|inactive|Battle timer is ON: inactive players will automatically lose when time's up. (requested by Makuryu)
|
|t:|1643649374
|start
|switch|p1a: NastyInsertion|Toxapex, F|100/100
|switch|p2a: Zapdos|Zapdos-Galar|100/100
|turn|1
|
|t:|1643649380
|move|p1a: NastyInsertion|Baneful Bunker|p1a: NastyInsertion
|-singleturn|p1a: NastyInsertion|move: Protect
|move|p2a: Zapdos|Brave Bird|p1a: NastyInsertion
|-activate|p1a: NastyInsertion|move: Protect
|-status|p2a: Zapdos|psn
|
|-damage|p2a: Zapdos|88/100 psn|[from] psn
|upkeep
|turn|2
|
|t:|1643649392
|switch|p2a: Mew|Mew|100/100
|move|p1a: NastyInsertion|Toxic Spikes|p2a: Mew
|-sidestart|p2: Makuryu|move: Toxic Spikes
|
|upkeep
|turn|3
|
|t:|1643649398
|switch|p2a: Bisharp|Bisharp, M|100/100
|switch|p1a: Condom|Hatterene, F|100/100
|
|upkeep
|turn|4
|
|t:|1643649406
|move|p2a: Bisharp|Knock Off|p1a: Condom
|-damage|p1a: Condom|33/100
|-enditem|p1a: Condom|Choice Specs|[from] move: Knock Off|[of] p2a: Bisharp
|move|p1a: Condom|Dazzling Gleam|p2a: Bisharp
|-damage|p2a: Bisharp|15/100
|
|upkeep
|turn|5
|j| Tabata Tyrogue
|
|t:|1643649415
|switch|p1a: SoftontheInside|Ferrothorn, M|100/100
|move|p2a: Bisharp|Knock Off|p1a: SoftontheInside
|-damage|p1a: SoftontheInside|53/100
|-damage|p2a: Bisharp|3/100|[from] ability: Iron Barbs|[of] p1a: SoftontheInside
|-damage|p2a: Bisharp|0 fnt|[from] item: Rocky Helmet|[of] p1a: SoftontheInside
|faint|p2a: Bisharp
|
|upkeep
|j| odeiomeusvizinhos
|
|t:|1643649429
|switch|p2a: Zapdos|Zapdos-Galar|88/100 psn
|turn|6
|
|t:|1643649435
|switch|p1a: NastyInsertion|Toxapex, F|100/100
|move|p2a: Zapdos|Brave Bird|p1a: NastyInsertion
|-damage|p1a: NastyInsertion|32/100
|-damage|p2a: Zapdos|67/100 psn|[from] Recoil
|
|-heal|p1a: NastyInsertion|39/100|[from] item: Black Sludge
|-damage|p2a: Zapdos|54/100 psn|[from] psn
|upkeep
|turn|7
|
|t:|1643649444
|switch|p1a: SoftontheInside|Ferrothorn, M|53/100
|move|p2a: Zapdos|Brave Bird|p1a: SoftontheInside
|-damage|p1a: SoftontheInside|0 fnt
|-damage|p2a: Zapdos|42/100 psn|[from] ability: Iron Barbs|[of] p1a: SoftontheInside
|-damage|p2a: Zapdos|25/100 psn|[from] item: Rocky Helmet|[of] p1a: SoftontheInside
|faint|p1a: SoftontheInside
|-damage|p2a: Zapdos|6/100 psn|[from] Recoil
|
|-damage|p2a: Zapdos|0 fnt|[from] psn
|faint|p2a: Zapdos
|upkeep
|
|t:|1643649458
|switch|p2a: Mew|Mew|100/100
|switch|p1a: BillieEllish|Landorus-Therian, M|100/100
|-ability|p1a: BillieEllish|Intimidate|boost
|-unboost|p2a: Mew|atk|1
|-status|p2a: Mew|psn
|turn|8
|
|t:|1643649465
|move|p1a: BillieEllish|U-turn|p2a: Mew
|-supereffective|p2a: Mew
|-damage|p2a: Mew|45/100 psn
|
|t:|1643649468
|switch|p1a: Condom|Hatterene, F|33/100|[from]move: U-turn
|move|p2a: Mew|Ice Beam|p1a: Condom
|-damage|p1a: Condom|5/100
|
|-damage|p2a: Mew|33/100 psn|[from] psn
|upkeep
|turn|9
|
|t:|1643649475
|move|p2a: Mew|Ice Beam|p1a: Condom
|-damage|p1a: Condom|0 fnt
|faint|p1a: Condom
|
|-damage|p2a: Mew|21/100 psn|[from] psn
|upkeep
|j| Gus Fringg
|
|t:|1643649482
|switch|p1a: Dragapult|Dragapult, M|100/100
|turn|10
|
|t:|1643649484
|move|p1a: Dragapult|Shadow Ball|p2a: Mew
|-supereffective|p2a: Mew
|-damage|p2a: Mew|0 fnt
|faint|p2a: Mew
|
|upkeep
|
|t:|1643649489
|switch|p2a: Dragapult|Dragapult, M|100/100
|-status|p2a: Dragapult|psn
|turn|11
|
|t:|1643649493
|move|p1a: Dragapult|Shadow Ball|p2a: Dragapult
|-supereffective|p2a: Dragapult
|-damage|p2a: Dragapult|0 fnt
|faint|p2a: Dragapult
|
|upkeep
|
|t:|1643649499
|switch|p2a: Garchomp|Garchomp, F|100/100
|-status|p2a: Garchomp|psn
|turn|12
|
|t:|1643649504
|move|p1a: Dragapult|Shadow Ball|p2a: Garchomp
|-damage|p2a: Garchomp|40/100 psn
|move|p2a: Garchomp|Scale Shot|p1a: Dragapult
|-supereffective|p1a: Dragapult
|-damage|p1a: Dragapult|64/100
|-supereffective|p1a: Dragapult
|-damage|p1a: Dragapult|28/100
|-supereffective|p1a: Dragapult
|-damage|p1a: Dragapult|0 fnt
|faint|p1a: Dragapult
|-hitcount|p1: Dragapult|3
|-unboost|p2a: Garchomp|def|1
|-boost|p2a: Garchomp|spe|1
|
|-heal|p2a: Garchomp|46/100 psn|[from] item: Leftovers
|-damage|p2a: Garchomp|34/100 psn|[from] psn
|upkeep
|
|t:|1643649518
|switch|p1a: BillieEllish|Landorus-Therian, M|100/100
|-ability|p1a: BillieEllish|Intimidate|boost
|-unboost|p2a: Garchomp|atk|1
|turn|13
|
|t:|1643649522
|move|p2a: Garchomp|Scale Shot|p1a: BillieEllish
|-damage|p1a: BillieEllish|90/100
|-damage|p1a: BillieEllish|80/100
|-hitcount|p1a: BillieEllish|2
|-unboost|p2a: Garchomp|def|1
|-boost|p2a: Garchomp|spe|1
|move|p1a: BillieEllish|U-turn|p2a: Garchomp
|-damage|p2a: Garchomp|0 fnt
|-damage|p1a: BillieEllish|67/100|[from] ability: Rough Skin|[of] p2a: Garchomp
|faint|p2a: Garchomp
|
|t:|1643649532
|switch|p1a: SpankBang|Victini|100/100|[from]move: U-turn
|
|upkeep
|
|t:|1643649535
|switch|p2a: Rillaboom|Rillaboom, M|100/100
|-status|p2a: Rillaboom|psn
|-fieldstart|move: Grassy Terrain|[from] ability: Grassy Surge|[of] p2a: Rillaboom
|turn|14
|
|t:|1643649540
|move|p1a: SpankBang|V-create|p2a: Rillaboom
|-supereffective|p2a: Rillaboom
|-damage|p2a: Rillaboom|0 fnt
|-unboost|p1a: SpankBang|spe|1
|-unboost|p1a: SpankBang|def|1
|-unboost|p1a: SpankBang|spd|1
|faint|p2a: Rillaboom
|
|win|Le-Perpetrator
|raw|Le-Perpetrator's rating: 1707 &rarr; <strong>1734</strong><br />(+27 for winning)
|raw|Makuryu's rating: 1827 &rarr; <strong>1800</strong><br />(-27 for losing)
|l| odeiomeusvizinhos
