|j|☆ROGUE IS BACK
|j|☆vagmak
|t:|1613410775
|player|p1|ROGUE IS BACK|erika-gen1|1558
|player|p2|vagmak|brawly|1624
|teamsize|p1|6
|teamsize|p2|6
|gametype|singles
|gen|8
|tier|[Gen 8] OU
|rated|
|clearpoke
|poke|p1|Pelipper, F|
|poke|p1|Seismitoad, F|
|poke|p1|Crawdaunt, M|
|poke|p1|Ferrothorn, M|
|poke|p1|Tornadus-Therian, M|
|poke|p1|Magearna|
|poke|p2|Azumarill, F|
|poke|p2|Garchomp, M|
|poke|p2|Melmetal|
|poke|p2|Kartana|
|poke|p2|Landorus-Therian, M|
|poke|p2|Toxapex, F|
|rule|Sleep Clause Mod: Limit one foe put to sleep
|rule|Species Clause: Limit one of each Pokémon
|rule|OHKO Clause: OHKO moves are banned
|rule|Evasion Moves Clause: Evasion moves are banned
|rule|Endless Battle Clause: Forcing endless battles is banned
|rule|HP Percentage Mod: HP is shown in percentages
|rule|Dynamax Clause: You cannot dynamax
|teampreview
|j| jeanmilapipe
|j| I'M AT MY LIMIT
|inactive|Battle timer is ON: inactive players will automatically lose when time's up. (requested by vagmak)
|j| Brifye
|
|t:|1613410790
|start
|switch|p1a: Pelipper|Pelipper, F|100/100
|switch|p2a: Melmetal|Melmetal|100/100
|-weather|RainDance|[from] ability: Drizzle|[of] p1a: Pelipper
|turn|1
|
|t:|1613410805
|switch|p1a: Ferrothorn|Ferrothorn, M|100/100
|move|p2a: Melmetal|Thunder Punch|p1a: Ferrothorn
|-resisted|p1a: Ferrothorn
|-damage|p1a: Ferrothorn|87/100
|-damage|p2a: Melmetal|88/100|[from] ability: Iron Barbs|[of] p1a: Ferrothorn
|
|-weather|RainDance|[upkeep]
|-heal|p1a: Ferrothorn|93/100|[from] item: Leftovers
|upkeep
|turn|2
|
|t:|1613410815
|switch|p2a: Kartana|Kartana|100/100
|move|p1a: Ferrothorn|Stealth Rock|p2a: Kartana
|-sidestart|p2: vagmak|move: Stealth Rock
|
|-weather|RainDance|[upkeep]
|-heal|p1a: Ferrothorn|99/100|[from] item: Leftovers
|upkeep
|turn|3
|
|t:|1613410827
|switch|p1a: Tornadus|Tornadus-Therian, M|100/100
|move|p2a: Kartana|Sacred Sword|p1a: Tornadus
|-resisted|p1a: Tornadus
|-damage|p1a: Tornadus|67/100
|-damage|p2a: Kartana|91/100|[from] item: Life Orb
|
|-weather|RainDance|[upkeep]
|upkeep
|turn|4
|inactive|ROGUE IS BACK has 120 seconds left.
|
|t:|1613410863
|switch|p2a: Toxapex|Toxapex, F|100/100
|-damage|p2a: Toxapex|88/100|[from] Stealth Rock
|move|p1a: Tornadus|Hurricane|p2a: Toxapex
|-damage|p2a: Toxapex|48/100
|
|-weather|RainDance|[upkeep]
|-heal|p2a: Toxapex|54/100|[from] item: Black Sludge
|upkeep
|turn|5
|
|t:|1613410880
|move|p2a: Toxapex|Baneful Bunker|p2a: Toxapex
|-singleturn|p2a: Toxapex|move: Protect
|move|p1a: Tornadus|Nasty Plot|p1a: Tornadus
|-boost|p1a: Tornadus|spa|2
|
|-weather|RainDance|[upkeep]
|-heal|p2a: Toxapex|61/100|[from] item: Black Sludge
|upkeep
|turn|6
|
|t:|1613410893
|move|p1a: Tornadus|Hurricane|p2a: Toxapex
|-damage|p2a: Toxapex|0 fnt
|faint|p2a: Toxapex
|
|-weather|RainDance|[upkeep]
|upkeep
|
|t:|1613410900
|switch|p2a: Landorus|Landorus-Therian, M|100/100
|-damage|p2a: Landorus|88/100|[from] Stealth Rock
|-ability|p2a: Landorus|Intimidate|boost
|-unboost|p1a: Tornadus|atk|1
|turn|7
|
|t:|1613410907
|switch|p1a: Ferrothorn|Ferrothorn, M|99/100
|move|p2a: Landorus|Stone Edge|p1a: Ferrothorn
|-resisted|p1a: Ferrothorn
|-damage|p1a: Ferrothorn|83/100
|
|-weather|RainDance|[upkeep]
|-heal|p1a: Ferrothorn|90/100|[from] item: Leftovers
|upkeep
|turn|8
|
|t:|1613410918
|switch|p2a: Kartana|Kartana|91/100
|-damage|p2a: Kartana|85/100|[from] Stealth Rock
|move|p1a: Ferrothorn|Spikes|p2a: Kartana
|-sidestart|p2: vagmak|Spikes
|
|-weather|none
|-heal|p1a: Ferrothorn|96/100|[from] item: Leftovers
|upkeep
|turn|9
|
|t:|1613410926
|switch|p1a: Tornadus|Tornadus-Therian, M|99/100
|move|p2a: Kartana|Knock Off|p1a: Tornadus
|-damage|p1a: Tornadus|19/100
|-enditem|p1a: Tornadus|Heavy-Duty Boots|[from] move: Knock Off|[of] p2a: Kartana
|-damage|p2a: Kartana|75/100|[from] item: Life Orb
|
|upkeep
|turn|10
|
|t:|1613410941
|switch|p1a: Magearna|Magearna|100/100
|move|p2a: Kartana|Sacred Sword|p1a: Magearna
|-damage|p1a: Magearna|57/100
|-damage|p2a: Kartana|65/100|[from] item: Life Orb
|
|upkeep
|turn|11
|
|t:|1613410952
|move|p2a: Kartana|Smart Strike|p1a: Magearna
|-damage|p1a: Magearna|7/100
|-damage|p2a: Kartana|56/100|[from] item: Life Orb
|move|p1a: Magearna|Fleur Cannon|p2a: Kartana
|-resisted|p2a: Kartana
|-damage|p2a: Kartana|0 fnt
|-unboost|p1a: Magearna|spa|2
|faint|p2a: Kartana
|-ability|p1a: Magearna|Soul-Heart|boost
|-boost|p1a: Magearna|spa|1
|
|upkeep
|
|t:|1613410969
|switch|p2a: Garchomp|Garchomp, M|100/100
|-damage|p2a: Garchomp|94/100|[from] Stealth Rock
|-damage|p2a: Garchomp|82/100|[from] Spikes
|turn|12
|
|t:|1613410975
|move|p2a: Garchomp|Earthquake|p1a: Magearna
|-supereffective|p1a: Magearna
|-damage|p1a: Magearna|0 fnt
|-damage|p2a: Garchomp|72/100|[from] item: Life Orb
|faint|p1a: Magearna
|
|upkeep
|
|t:|1613410978
|switch|p1a: Pelipper|Pelipper, F|100/100
|-weather|RainDance|[from] ability: Drizzle|[of] p1a: Pelipper
|turn|13
|l| Brifye
|
|t:|1613410990
|move|p2a: Garchomp|Swords Dance|p2a: Garchomp
|-boost|p2a: Garchomp|atk|2
|move|p1a: Pelipper|U-turn|p2a: Garchomp
|-damage|p2a: Garchomp|64/100
|-damage|p1a: Pelipper|88/100|[from] ability: Rough Skin|[of] p2a: Garchomp
|
|t:|1613410993
|switch|p1a: Seismitoad|Seismitoad, F|100/100|[from]move: U-turn
|
|-weather|RainDance|[upkeep]
|upkeep
|turn|14
|
|t:|1613411001
|move|p1a: Seismitoad|Weather Ball|p2a: Garchomp
|-damage|p2a: Garchomp|0 fnt
|faint|p2a: Garchomp
|
|-weather|RainDance|[upkeep]
|upkeep
|
|t:|1613411010
|switch|p2a: Azumarill|Azumarill, F|100/100
|-damage|p2a: Azumarill|88/100|[from] Spikes
|-damage|p2a: Azumarill|76/100|[from] Stealth Rock
|turn|15
|
|t:|1613411015
|move|p1a: Seismitoad|Weather Ball|p2a: Azumarill
|-resisted|p2a: Azumarill
|-damage|p2a: Azumarill|27/100
|-enditem|p2a: Azumarill|Sitrus Berry|[eat]
|-heal|p2a: Azumarill|52/100|[from] item: Sitrus Berry
|move|p2a: Azumarill|Liquidation|p1a: Seismitoad
|-damage|p1a: Seismitoad|6/100
|
|-weather|RainDance|[upkeep]
|upkeep
|turn|16
|j| Brifye
|
|t:|1613411036
|switch|p1a: Ferrothorn|Ferrothorn, M|96/100
|switch|p2a: Landorus|Landorus-Therian, M|88/100
|-damage|p2a: Landorus|75/100|[from] Stealth Rock
|-ability|p2a: Landorus|Intimidate|boost
|-unboost|p1a: Ferrothorn|atk|1
|
|-weather|RainDance|[upkeep]
|-heal|p1a: Ferrothorn|100/100|[from] item: Leftovers
|upkeep
|turn|17
|
|t:|1613411048
|move|p2a: Landorus|Earthquake|p1a: Ferrothorn
|-damage|p1a: Ferrothorn|51/100
|move|p1a: Ferrothorn|Leech Seed|p2a: Landorus
|-start|p2a: Landorus|move: Leech Seed
|
|-weather|RainDance|[upkeep]
|-heal|p1a: Ferrothorn|57/100|[from] item: Leftovers
|-damage|p2a: Landorus|63/100|[from] Leech Seed|[of] p1a: Ferrothorn
|-heal|p1a: Ferrothorn|68/100|[silent]
|upkeep
|turn|18
|l| Brifye
|
|t:|1613411060
|switch|p1a: Tornadus|Tornadus-Therian, M|52/100
|move|p2a: Landorus|Earthquake|p1a: Tornadus
|-immune|p1a: Tornadus
|
|-weather|RainDance|[upkeep]
|-damage|p2a: Landorus|50/100|[from] Leech Seed|[of] p1a: Tornadus
|-heal|p1a: Tornadus|65/100|[silent]
|upkeep
|turn|19
|j| Brifye
|
|t:|1613411068
|switch|p2a: Azumarill|Azumarill, F|52/100
|-damage|p2a: Azumarill|39/100|[from] Stealth Rock
|-damage|p2a: Azumarill|27/100|[from] Spikes
|move|p1a: Tornadus|Hurricane|p2a: Azumarill
|-damage|p2a: Azumarill|0 fnt
|faint|p2a: Azumarill
|
|-weather|RainDance|[upkeep]
|upkeep
|
|t:|1613411079
|switch|p2a: Melmetal|Melmetal|88/100
|-damage|p2a: Melmetal|76/100|[from] Spikes
|-damage|p2a: Melmetal|70/100|[from] Stealth Rock
|turn|20
|
|t:|1613411089
|move|p1a: Tornadus|Weather Ball|p2a: Melmetal
|-damage|p2a: Melmetal|43/100
|move|p2a: Melmetal|Ice Punch|p1a: Tornadus
|-supereffective|p1a: Tornadus
|-damage|p1a: Tornadus|0 fnt
|faint|p1a: Tornadus
|
|-weather|none
|upkeep
|
|t:|1613411097
|switch|p1a: Pelipper|Pelipper, F|88/100
|-weather|RainDance|[from] ability: Drizzle|[of] p1a: Pelipper
|turn|21
|
|t:|1613411101
|move|p1a: Pelipper|U-turn|p2a: Melmetal
|-resisted|p2a: Melmetal
|-damage|p2a: Melmetal|40/100
|
|t:|1613411108
|switch|p1a: Ferrothorn|Ferrothorn, M|68/100|[from]move: U-turn
|move|p2a: Melmetal|Earthquake|p1a: Ferrothorn
|-damage|p1a: Ferrothorn|39/100
|
|-weather|RainDance|[upkeep]
|-heal|p1a: Ferrothorn|45/100|[from] item: Leftovers
|upkeep
|turn|22
|
|t:|1613411131
|move|p2a: Melmetal|Earthquake|p1a: Ferrothorn
|-damage|p1a: Ferrothorn|16/100
|move|p1a: Ferrothorn|Leech Seed|p2a: Melmetal
|-start|p2a: Melmetal|move: Leech Seed
|
|-weather|RainDance|[upkeep]
|-heal|p1a: Ferrothorn|22/100|[from] item: Leftovers
|-damage|p2a: Melmetal|28/100|[from] Leech Seed|[of] p1a: Ferrothorn
|-heal|p1a: Ferrothorn|37/100|[silent]
|upkeep
|turn|23
|
|t:|1613411142
|switch|p2a: Landorus|Landorus-Therian, M|50/100
|-damage|p2a: Landorus|38/100|[from] Stealth Rock
|-ability|p2a: Landorus|Intimidate|boost
|-unboost|p1a: Ferrothorn|atk|1
|move|p1a: Ferrothorn|Power Whip|p2a: Landorus|[miss]
|-miss|p1a: Ferrothorn|p2a: Landorus
|
|-weather|RainDance|[upkeep]
|-heal|p1a: Ferrothorn|43/100|[from] item: Leftovers
|upkeep
|turn|24
|
|t:|1613411153
|move|p2a: Landorus|Earthquake|p1a: Ferrothorn
|-damage|p1a: Ferrothorn|0 fnt
|faint|p1a: Ferrothorn
|
|-weather|RainDance|[upkeep]
|upkeep
|
|t:|1613411155
|switch|p1a: Crawdaunt|Crawdaunt, M|100/100
|turn|25
|
|t:|1613411160
|move|p1a: Crawdaunt|Aqua Jet|p2a: Landorus
|-supereffective|p2a: Landorus
|-damage|p2a: Landorus|0 fnt
|faint|p2a: Landorus
|
|-weather|RainDance|[upkeep]
|upkeep
|l|☆vagmak
|inactive|vagmak disconnected and has a minute to reconnect!
|player|p2|
|inactive|vagmak has 30 seconds to reconnect!
|inactive|vagmak has 20 seconds to reconnect!
|inactive|vagmak has 15 seconds to reconnect!
|inactive|vagmak has 10 seconds to reconnect!
|inactive|vagmak has 5 seconds to reconnect!
|-message|vagmak lost due to inactivity.
|
|win|ROGUE IS BACK
