|j|☆AAAndroid
|j|☆Gotmyvanson
|player|p1|AAAndroid|162|1585
|player|p2|Gotmyvanson|169|1550
|teamsize|p1|6
|teamsize|p2|6
|gametype|singles
|gen|8
|tier|[Gen 8] OU
|rated|
|clearpoke
|poke|p1|Cloyster, F|
|poke|p1|Togekiss, F|
|poke|p1|Grimmsnarl, M|
|poke|p1|Ditto|
|poke|p1|Weavile, F|
|poke|p1|Cinccino, F|
|poke|p2|Dragapult, M|
|poke|p2|Clefable, F|
|poke|p2|Mew|
|poke|p2|Kommo-o, M|
|poke|p2|Bisharp, M|
|poke|p2|Cloyster, F|
|rule|Sleep Clause Mod: Limit one foe put to sleep
|rule|Species Clause: Limit one of each Pokémon
|rule|OHKO Clause: OHKO moves are banned
|rule|Evasion Moves Clause: Evasion moves are banned
|rule|Endless Battle Clause: Forcing endless battles is banned
|rule|HP Percentage Mod: HP is shown in percentages
|rule|Dynamax Clause: You cannot dynamax
|teampreview
|
|start
|switch|p1a: Weavile|Weavile, F|100/100
|switch|p2a: Mew|Mew|100/100
|-ability|p1a: Weavile|Pressure
|turn|1
|
|move|p1a: Weavile|Fake Out|p2a: Mew
|-damage|p2a: Mew|90/100
|-enditem|p2a: Mew|Red Card|[of] p1a: Weavile
|drag|p1a: Cloyster|Cloyster, F, shiny|100/100
|cant|p2a: Mew|flinch
|
|upkeep
|turn|2
|
|switch|p1a: Weavile|Weavile, F|100/100
|-ability|p1a: Weavile|Pressure
|move|p2a: Mew|Taunt|p1a: Weavile
|-start|p1a: Weavile|move: Taunt
|
|upkeep
|turn|3
|
|move|p1a: Weavile|Beat Up|p2a: Mew
|-supereffective|p2a: Mew
|-damage|p2a: Mew|76/100
|-supereffective|p2a: Mew
|-damage|p2a: Mew|69/100
|-supereffective|p2a: Mew
|-damage|p2a: Mew|55/100
|-supereffective|p2a: Mew
|-damage|p2a: Mew|49/100
|-supereffective|p2a: Mew
|-damage|p2a: Mew|38/100
|-supereffective|p2a: Mew
|-damage|p2a: Mew|25/100
|-hitcount|p2a: Mew|6
|move|p2a: Mew|Stealth Rock|p1a: Weavile
|-sidestart|p1: AAAndroid|move: Stealth Rock
|
|upkeep
|turn|4
|
|move|p1a: Weavile|Beat Up|p2a: Mew
|-supereffective|p2a: Mew
|-damage|p2a: Mew|12/100
|-supereffective|p2a: Mew
|-damage|p2a: Mew|5/100
|-supereffective|p2a: Mew
|-damage|p2a: Mew|0 fnt
|-hitcount|p2a: Mew|3
|faint|p2a: Mew
|
|-end|p1a: Weavile|move: Taunt
|upkeep
|
|switch|p2a: Clefable|Clefable, F|100/100
|turn|5
|
|move|p1a: Weavile|Icicle Crash|p2a: Clefable
|-damage|p2a: Clefable|59/100
|move|p2a: Clefable|Moonblast|p1a: Weavile
|-supereffective|p1a: Weavile
|-damage|p1a: Weavile|0 fnt
|faint|p1a: Weavile
|
|upkeep
|
|switch|p1a: Grimmsnarl|Grimmsnarl, M|100/100
|-damage|p1a: Grimmsnarl|88/100|[from] Stealth Rock
|turn|6
|
|move|p1a: Grimmsnarl|Light Screen|p1a: Grimmsnarl
|-sidestart|p1: AAAndroid|move: Light Screen
|move|p2a: Clefable|Moonblast|p1a: Grimmsnarl
|-supereffective|p1a: Grimmsnarl
|-damage|p1a: Grimmsnarl|15/100
|
|upkeep
|turn|7
|
|switch|p1a: Togekiss|Togekiss, F, shiny|100/100
|-damage|p1a: Togekiss|76/100|[from] Stealth Rock
|move|p2a: Clefable|Moonlight|p2a: Clefable
|-heal|p2a: Clefable|100/100
|
|-heal|p1a: Togekiss|82/100|[from] item: Leftovers
|upkeep
|turn|8
|
|move|p1a: Togekiss|Thunder Wave|p2a: Clefable
|-status|p2a: Clefable|par
|move|p2a: Clefable|Thunderbolt|p1a: Togekiss
|-supereffective|p1a: Togekiss
|-damage|p1a: Togekiss|46/100
|
|-heal|p1a: Togekiss|52/100|[from] item: Leftovers
|upkeep
|turn|9
|
|move|p1a: Togekiss|Nasty Plot|p1a: Togekiss
|-boost|p1a: Togekiss|spa|2
|move|p2a: Clefable|Thunderbolt|p1a: Togekiss
|-supereffective|p1a: Togekiss
|-damage|p1a: Togekiss|16/100
|
|-heal|p1a: Togekiss|22/100|[from] item: Leftovers
|upkeep
|turn|10
|
|move|p1a: Togekiss|Morning Sun|p1a: Togekiss
|-heal|p1a: Togekiss|72/100
|move|p2a: Clefable|Moonblast|p1a: Togekiss
|-damage|p1a: Togekiss|45/100
|
|-heal|p1a: Togekiss|51/100|[from] item: Leftovers
|upkeep
|turn|11
|
|move|p1a: Togekiss|Air Slash|p2a: Clefable
|-damage|p2a: Clefable|30/100 par
|move|p2a: Clefable|Moonblast|p1a: Togekiss
|-damage|p1a: Togekiss|24/100
|
|-heal|p1a: Togekiss|30/100|[from] item: Leftovers
|upkeep
|turn|12
|
|move|p1a: Togekiss|Morning Sun|p1a: Togekiss
|-heal|p1a: Togekiss|80/100
|move|p2a: Clefable|Moonblast|p1a: Togekiss
|-damage|p1a: Togekiss|50/100
|
|-heal|p1a: Togekiss|56/100|[from] item: Leftovers
|upkeep
|turn|13
|
|move|p1a: Togekiss|Morning Sun|p1a: Togekiss
|-heal|p1a: Togekiss|100/100
|move|p2a: Clefable|Moonblast|p1a: Togekiss
|-damage|p1a: Togekiss|73/100
|
|-heal|p1a: Togekiss|80/100|[from] item: Leftovers
|-sideend|p1: AAAndroid|move: Light Screen
|upkeep
|turn|14
|
|switch|p2a: Bisharp|Bisharp, M|100/100
|move|p1a: Togekiss|Air Slash|p2a: Bisharp
|-resisted|p2a: Bisharp
|-damage|p2a: Bisharp|43/100
|
|-heal|p1a: Togekiss|86/100|[from] item: Leftovers
|upkeep
|turn|15
|
|move|p1a: Togekiss|Air Slash|p2a: Bisharp
|-resisted|p2a: Bisharp
|-damage|p2a: Bisharp|0 fnt
|faint|p2a: Bisharp
|
|-heal|p1a: Togekiss|92/100|[from] item: Leftovers
|upkeep
|
|switch|p2a: Cloyster|Cloyster, F|100/100
|turn|16
|
|move|p1a: Togekiss|Air Slash|p2a: Cloyster
|-damage|p2a: Cloyster|0 fnt
|faint|p2a: Cloyster
|
|-heal|p1a: Togekiss|98/100|[from] item: Leftovers
|upkeep
|-message|Gotmyvanson forfeited.
|
|win|AAAndroid
|l|☆Gotmyvanson
|raw|AAAndroid's rating: 1585 &rarr; <strong>1603</strong><br />(+18 for winning)
|raw|Gotmyvanson's rating: 1551 &rarr; <strong>1533</strong><br />(-18 for losing)
