|raw|<div class="broadcast-blue"><strong>This battle is required to be public due to a player having a name starting with 'lt91bb'.</div>
|j|☆lt91bb mind
|j|☆LT91BB MDB2
|t:|1659606293
|gametype|singles
|player|p1|lt91bb mind|hilbert|2115
|player|p2|LT91BB MDB2|1|2148
|teamsize|p1|6
|teamsize|p2|6
|gen|8
|tier|[Gen 8] OU
|rated|
|rule|Sleep Clause Mod: Limit one foe put to sleep
|rule|Species Clause: Limit one of each Pokémon
|rule|OHKO Clause: OHKO moves are banned
|rule|Evasion Items Clause: Evasion items are banned
|rule|Evasion Moves Clause: Evasion moves are banned
|rule|Endless Battle Clause: Forcing endless battles is banned
|rule|HP Percentage Mod: HP is shown in percentages
|rule|Dynamax Clause: You cannot dynamax
|clearpoke
|poke|p1|Slowbro, M|
|poke|p1|Heatran, M|
|poke|p1|Tornadus-Therian, M|
|poke|p1|Landorus-Therian, M|
|poke|p1|Tapu Lele|
|poke|p1|Urshifu-*, M|
|poke|p2|Excadrill, M|
|poke|p2|Tyranitar, M|
|poke|p2|Slowking, M|
|poke|p2|Heatran, M|
|poke|p2|Buzzwole|
|poke|p2|Tornadus-Therian, M|
|teampreview
|j| Enoryu
|c|☆LT91BB MDB2|schon wieder
|c|☆LT91BB MDB2|mensch
|c|☆LT91BB MDB2|hf
|j| Sificon~
|j| irgendwasmitmeeem
|c|☆lt91bb mind|u2
|j| Phxo'
|j| CM Reuniclus
|j| nathaaan
|j| Chaitanya
|j| lnternal
|j| Lunarr
|j| eblurb
|j| dingbat
|j| Triple Se7en
|j| LT91BBe
|j| Fusien
|j| LT91BB zan
|j|+Pissog
|j| Leo
|j| Avic
|j| maeve68
|j| JJ09LIE
|j| RNN YasuKe
|j| LT91BB pop smoke
|j|+pichus
|j| LeDPPer
|j| snowbunnyjenny
|j|+Tuthur
|j| ripreckful
|j| Zirpurze
|j| pushen
|j| LT91BB LA BOMBA
|j| pinkdragontamer
|j| Foutaise.1
|j| DJ CRIB DEF
|j| LT91BB AlI
|c| Zirpurze|ihr ottos
|c| LT91BBe|Folge 3
|j| kind of liked it
|j| JP192
|j| LT91BB xray
|j| LT91BB halid
|j| jade me
|j| LT91BB Livio
|j| LT91BB N
|j| Ernstbusch
|j| LT91BB Lennart
|j| Heiwa June
|c| pinkdragontamer|guten morgen
|j| Kugen
|j| Oily man
|j| sup kid
|j| AlphaRay01
|j| lt91bb vkhss
|j| Shiox
|
|t:|1659606334
|start
|switch|p1a: Tornadus|Tornadus-Therian, M|100/100
|switch|p2a: Tornadus|Tornadus-Therian, M|100/100
|turn|1
|j| hot_dogs666
|j|+SFG
|j| Allen-xia
|c| LT91BBe|Morgen pdt
|j| Artificial Wood
|j|+Ox the Fox
|
|t:|1659606345
|move|p1a: Tornadus|Knock Off|p2a: Tornadus
|-damage|p2a: Tornadus|80/100
|-enditem|p2a: Tornadus|Heavy-Duty Boots|[from] move: Knock Off|[of] p1a: Tornadus
|move|p2a: Tornadus|Toxic|p1a: Tornadus
|-status|p1a: Tornadus|tox
|
|-damage|p1a: Tornadus|94/100 tox|[from] psn
|upkeep
|turn|2
|j|&Teclis
|j| dragonitenb
|j|+baconeatinassassin
|l| LT91BB pop smoke
|j| LT91BB ScarW
|inactive|Battle timer is ON: inactive players will automatically lose when time's up. (requested by LT91BB MDB2)
|j| Yvtycyctc
|
|t:|1659606423
|move|p1a: Tornadus|Hurricane|p2a: Tornadus|[miss]
|-miss|p1a: Tornadus|p2a: Tornadus
|move|p2a: Tornadus|Knock Off|p1a: Tornadus
|-damage|p1a: Tornadus|67/100 tox
|-enditem|p1a: Tornadus|Heavy-Duty Boots|[from] move: Knock Off|[of] p2a: Tornadus
|
|-damage|p1a: Tornadus|55/100 tox|[from] psn
|upkeep
|turn|3
|
|t:|1659606428
|move|p1a: Tornadus|U-turn|p2a: Tornadus
|-resisted|p2a: Tornadus
|-damage|p2a: Tornadus|72/100
|j| lt91bbez
|
|t:|1659606430
|switch|p1a: Slowbro|Slowbro, M|100/100|[from]move: U-turn
|move|p2a: Tornadus|Knock Off|p1a: Slowbro
|-supereffective|p1a: Slowbro
|-damage|p1a: Slowbro|73/100
|-damage|p2a: Tornadus|56/100|[from] item: Rocky Helmet|[of] p1a: Slowbro
|-enditem|p1a: Slowbro|Rocky Helmet|[from] move: Knock Off|[of] p2a: Tornadus
|
|upkeep
|turn|4
|
|t:|1659606438
|switch|p1a: Heatran|Heatran, M|100/100
|move|p2a: Tornadus|U-turn|p1a: Heatran
|-resisted|p1a: Heatran
|-damage|p1a: Heatran|97/100
|l| lt91bbez
|j| pokemh
|
|t:|1659606455
|switch|p2a: Heatran|Heatran, M|100/100|[from]move: U-turn
|
|-heal|p1a: Heatran|100/100|[from] item: Leftovers
|upkeep
|turn|5
|j| LT91BB magmafires
|inactive|lt91bb mind has 120 seconds left.
|
|t:|1659606488
|move|p1a: Heatran|Earth Power|p2a: Heatran
|-supereffective|p2a: Heatran
|-damage|p2a: Heatran|39/100
|move|p2a: Heatran|Earth Power|p1a: Heatran
|-supereffective|p1a: Heatran
|-damage|p1a: Heatran|30/100
|-unboost|p1a: Heatran|spd|1
|
|-heal|p1a: Heatran|36/100|[from] item: Leftovers
|-heal|p2a: Heatran|46/100|[from] item: Leftovers
|upkeep
|turn|6
|j| LT91BB Lil' Pois
|
|t:|1659606494
|switch|p2a: Tornadus|Tornadus-Therian, M|89/100
|move|p1a: Heatran|Stealth Rock|p2a: Tornadus
|-sidestart|p2: LT91BB MDB2|move: Stealth Rock
|
|-heal|p1a: Heatran|42/100|[from] item: Leftovers
|upkeep
|turn|7
|
|t:|1659606498
|move|p2a: Tornadus|U-turn|p1a: Heatran
|-resisted|p1a: Heatran
|-damage|p1a: Heatran|39/100
|
|t:|1659606500
|switch|p2a: Slowking|Slowking, M|100/100|[from]move: U-turn
|move|p1a: Heatran|Magma Storm|p2a: Slowking
|-resisted|p2a: Slowking
|-damage|p2a: Slowking|88/100
|-activate|p2a: Slowking|move: Magma Storm|[of] p1a: Heatran
|
|-heal|p1a: Heatran|46/100|[from] item: Leftovers
|-damage|p2a: Slowking|75/100|[from] move: Magma Storm|[partiallytrapped]
|upkeep
|turn|8
|j| LoSconosciuto
|l| ripreckful
|l| LoSconosciuto
|
|t:|1659606527
|move|p1a: Heatran|Taunt|p2a: Slowking
|-start|p2a: Slowking|move: Taunt
|move|p2a: Slowking|Scald|p1a: Heatran
|-supereffective|p1a: Heatran
|-crit|p1a: Heatran
|-damage|p1a: Heatran|0 fnt
|faint|p1a: Heatran
|
|-end|p2a: Slowking|Magma Storm|[partiallytrapped]|[silent]
|upkeep
|j| LoSconosciuto
|j| ripreckful
|inactive|lt91bb mind has 120 seconds left.
|
|t:|1659606539
|switch|p1a: Urshifu|Urshifu-Rapid-Strike, M|100/100
|turn|9
|l|&Teclis
|j| IPF
|inactive|lt91bb mind has 120 seconds left.
|j| LT91BB Hiko
|j|@Quite Quiet
|j| 000du2
|j| odin77
|l| pokemh
|inactive|lt91bb mind has 90 seconds left.
|
|t:|1659606585
|switch|p2a: Buzzwole|Buzzwole|100/100
|-damage|p2a: Buzzwole|88/100|[from] Stealth Rock
|move|p1a: Urshifu|U-turn|p2a: Buzzwole
|-resisted|p2a: Buzzwole
|-damage|p2a: Buzzwole|80/100
|-damage|p1a: Urshifu|84/100|[from] item: Rocky Helmet|[of] p2a: Buzzwole
|
|t:|1659606588
|switch|p1a: Tapu Lele|Tapu Lele|100/100|[from]move: U-turn
|-fieldstart|move: Psychic Terrain|[from] ability: Psychic Surge|[of] p1a: Tapu Lele
|
|upkeep
|turn|10
|
|t:|1659606596
|switch|p2a: Slowking|Slowking, M|100/100
|move|p1a: Tapu Lele|Psychic|p2a: Slowking
|-resisted|p2a: Slowking
|-damage|p2a: Slowking|69/100
|
|upkeep
|turn|11
|j| H.M.N.I.P
|j| Lance's Time
|inactive|lt91bb mind has 90 seconds left.
|j| LT91BB Jack G 29
|j| ian_yo
|inactive|lt91bb mind has 60 seconds left.
|
|t:|1659606646
|switch|p1a: Tornadus|Tornadus-Therian, M|88/100 tox
|move|p2a: Slowking|Slack Off|p2a: Slowking
|-heal|p2a: Slowking|100/100
|
|-damage|p1a: Tornadus|82/100 tox|[from] psn
|upkeep
|turn|12
|l| Fusien
|inactive|lt91bb mind has 60 seconds left.
|
|t:|1659606664
|move|p1a: Tornadus|Knock Off|p2a: Slowking
|-supereffective|p2a: Slowking
|-damage|p2a: Slowking|58/100
|-enditem|p2a: Slowking|Heavy-Duty Boots|[from] move: Knock Off|[of] p1a: Tornadus
|move|p2a: Slowking|Future Sight|p1a: Tornadus
|-start|p2a: Slowking|move: Future Sight
|
|-damage|p1a: Tornadus|69/100 tox|[from] psn
|upkeep
|turn|13
|j| croo
|inactive|lt91bb mind has 60 seconds left.
|j| xuwuhanjun
|l| LT91BB Jack G 29
|
|t:|1659606694
|move|p1a: Tornadus|Hurricane|p2a: Slowking|[miss]
|-miss|p1a: Tornadus|p2a: Slowking
|move|p2a: Slowking|Slack Off|p2a: Slowking
|-heal|p2a: Slowking|100/100
|
|-damage|p1a: Tornadus|51/100 tox|[from] psn
|-fieldend|move: Psychic Terrain
|upkeep
|turn|14
|j| gg gg ez ez
|
|t:|1659606701
|move|p1a: Tornadus|U-turn|p2a: Slowking
|-supereffective|p2a: Slowking
|-damage|p2a: Slowking|70/100
|l| odin77
|j| Deiekr
|j| Aj_Sc0tt
|inactive|lt91bb mind has 30 seconds left.
|
|t:|1659606727
|switch|p1a: Slowbro|Slowbro, M|100/100|[from]move: U-turn
|move|p2a: Slowking|Scald|p1a: Slowbro
|-resisted|p1a: Slowbro
|-damage|p1a: Slowbro|86/100
|-status|p1a: Slowbro|brn
|
|-end|p1a: Slowbro|move: Future Sight
|-resisted|p1a: Slowbro
|-damage|p1a: Slowbro|63/100 brn
|-damage|p1a: Slowbro|57/100 brn|[from] brn
|upkeep
|turn|15
|j| RaiZen1704
|l| LT91BB magmafires
|
|t:|1659606732
|move|p2a: Slowking|Future Sight|p1a: Slowbro
|-start|p2a: Slowking|move: Future Sight
|move|p1a: Slowbro|Teleport|p1a: Slowbro
|j|&Teclis
|
|t:|1659606743
|switch|p1a: Landorus|Landorus-Therian, M|100/100|[from]move: Teleport
|-ability|p1a: Landorus|Intimidate|boost
|-unboost|p2a: Slowking|atk|1
|
|upkeep
|turn|16
|j| Curryisnotgood
|l| Deiekr
|
|t:|1659606753
|switch|p1a: Tapu Lele|Tapu Lele|100/100
|-fieldstart|move: Psychic Terrain|[from] ability: Psychic Surge|[of] p1a: Tapu Lele
|switch|p2a: Tornadus|Tornadus-Therian, M|100/100
|-damage|p2a: Tornadus|76/100|[from] Stealth Rock
|
|upkeep
|turn|17
|l|+baconeatinassassin
|j| EVENN
|l| lt91bb vkhss
|j| LT91BB magmafires
|j| onazi
|
|t:|1659606771
|move|p2a: Tornadus|U-turn|p1a: Tapu Lele
|-damage|p1a: Tapu Lele|75/100
|c| onazi|SIUM
|
|t:|1659606773
|switch|p2a: Excadrill|Excadrill, M|100/100|[from]move: U-turn
|-damage|p2a: Excadrill|97/100|[from] Stealth Rock
|move|p1a: Tapu Lele|Thunderbolt|p2a: Excadrill
|-immune|p2a: Excadrill
|
|-end|p1a: Tapu Lele|move: Future Sight
|-resisted|p1a: Tapu Lele
|-damage|p1a: Tapu Lele|48/100
|-heal|p2a: Excadrill|100/100|[from] item: Leftovers
|upkeep
|turn|18
|j| Test4am
|l| onazi
|inactive|lt91bb mind has 60 seconds left.
|l| Aj_Sc0tt
|
|t:|1659606786
|switch|p1a: Slowbro|Slowbro, M|91/100 brn
|move|p2a: Excadrill|Rapid Spin|p1a: Slowbro
|-damage|p1a: Slowbro|79/100 brn
|-boost|p2a: Excadrill|spe|1
|-sideend|p2: LT91BB MDB2|Stealth Rock|[from] move: Rapid Spin|[of] p2a: Excadrill
|
|-damage|p1a: Slowbro|73/100 brn|[from] brn
|upkeep
|turn|19
|j|+baconeatinassassin
|l|+pichus
|
|t:|1659606791
|switch|p2a: Slowking|Slowking, M|100/100
|move|p1a: Slowbro|Teleport|p1a: Slowbro
|j| rfdfgg
|j|+Aberforth
|j| Escalando
|j| Mara Sattei
|j| Aj_Sc0tt
|inactive|lt91bb mind has 60 seconds left.
|j| Lunala
|j| playinq
|l| Oily man
|l| Aj_Sc0tt
|j| Hamadreth
|j| AquaRotom
|
|t:|1659606821
|switch|p1a: Landorus|Landorus-Therian, M|100/100|[from]move: Teleport
|-ability|p1a: Landorus|Intimidate|boost
|-unboost|p2a: Slowking|atk|1
|
|upkeep
|turn|20
|j| random random alt
|j| odin77
|
|t:|1659606827
|move|p1a: Landorus|Substitute|p1a: Landorus
|-start|p1a: Landorus|Substitute
|-damage|p1a: Landorus|76/100
|move|p2a: Slowking|Scald|p1a: Landorus
|-supereffective|p1a: Landorus
|-end|p1a: Landorus|Substitute
|
|-heal|p1a: Landorus|82/100|[from] item: Leftovers
|-fieldend|move: Psychic Terrain
|upkeep
|turn|21
|l| dingbat
|
|t:|1659606831
|move|p1a: Landorus|Knock Off|p2a: Slowking
|-supereffective|p2a: Slowking
|-damage|p2a: Slowking|45/100
|move|p2a: Slowking|Scald|p1a: Landorus
|-supereffective|p1a: Landorus
|-damage|p1a: Landorus|17/100
|
|-heal|p1a: Landorus|23/100|[from] item: Leftovers
|upkeep
|turn|22
|j| doom1806
|
|t:|1659606838
|switch|p1a: Tapu Lele|Tapu Lele|48/100
|-fieldstart|move: Psychic Terrain|[from] ability: Psychic Surge|[of] p1a: Tapu Lele
|switch|p2a: Tornadus|Tornadus-Therian, M|100/100
|
|upkeep
|turn|23
|j| dingbat
|l| random random alt
|j| LT91BB Ox
|j| lt91bb 3d
|inactive|lt91bb mind has 60 seconds left.
|n| LT91BB New|ledpper
|l| lt91bb 3d
|j| Oily man
|j| Fusien
|j| longhiep341
|j| umbry ✿
|
|t:|1659606872
|switch|p1a: Slowbro|Slowbro, M|100/100 brn
|move|p2a: Tornadus|Knock Off|p1a: Slowbro
|-supereffective|p1a: Slowbro
|-damage|p1a: Slowbro|82/100 brn
|
|-damage|p1a: Slowbro|76/100 brn|[from] brn
|upkeep
|turn|24
|j|+Simia
|j| Hyss
|l| Heiwa June
|
|t:|1659606884
|move|p2a: Tornadus|U-turn|p1a: Slowbro
|-supereffective|p1a: Slowbro
|-damage|p1a: Slowbro|57/100 brn
|
|t:|1659606885
|switch|p2a: Tyranitar|Tyranitar, M|100/100|[from]move: U-turn
|-weather|Sandstorm|[from] ability: Sand Stream|[of] p2a: Tyranitar
|move|p1a: Slowbro|Teleport|p1a: Slowbro
|j|+McMeghan
|l| RaiZen1704
|j| forice jibing
|l| Artificial Wood
|
|t:|1659606891
|switch|p1a: Urshifu|Urshifu-Rapid-Strike, M|84/100|[from]move: Teleport
|
|-weather|Sandstorm|[upkeep]
|-damage|p1a: Urshifu|78/100|[from] Sandstorm
|upkeep
|turn|25
|j| lt91bb 3d
|inactive|lt91bb mind has 60 seconds left.
|
|t:|1659606896
|switch|p2a: Buzzwole|Buzzwole|80/100
|move|p1a: Urshifu|Surging Strikes|p2a: Buzzwole
|-crit|p2a: Buzzwole
|-damage|p2a: Buzzwole|66/100
|-damage|p1a: Urshifu|61/100|[from] item: Rocky Helmet|[of] p2a: Buzzwole
|-crit|p2a: Buzzwole
|-damage|p2a: Buzzwole|54/100
|-damage|p1a: Urshifu|45/100|[from] item: Rocky Helmet|[of] p2a: Buzzwole
|-crit|p2a: Buzzwole
|-damage|p2a: Buzzwole|42/100
|-damage|p1a: Urshifu|29/100|[from] item: Rocky Helmet|[of] p2a: Buzzwole
|-hitcount|p2a: Buzzwole|3
|
|-weather|Sandstorm|[upkeep]
|-damage|p1a: Urshifu|22/100|[from] Sandstorm
|-damage|p2a: Buzzwole|36/100|[from] Sandstorm
|upkeep
|turn|26
|l| eblurb
|
|t:|1659606900
|switch|p1a: Tapu Lele|Tapu Lele|48/100
|move|p2a: Buzzwole|Leech Life|p1a: Tapu Lele
|-damage|p1a: Tapu Lele|0 fnt
|-heal|p2a: Buzzwole|52/100|[from] drain|[of] p1a: Tapu Lele
|faint|p1a: Tapu Lele
|-ability|p2a: Buzzwole|Beast Boost|boost
|-boost|p2a: Buzzwole|atk|1
|
|-weather|Sandstorm|[upkeep]
|-damage|p2a: Buzzwole|45/100|[from] Sandstorm
|-fieldend|move: Psychic Terrain
|upkeep
|
|t:|1659606908
|switch|p1a: Tornadus|Tornadus-Therian, M|84/100 tox
|turn|27
|
|t:|1659606918
|switch|p2a: Slowking|Slowking, M|78/100
|move|p1a: Tornadus|U-turn|p2a: Slowking
|-supereffective|p2a: Slowking
|-damage|p2a: Slowking|50/100
|
|t:|1659606923
|switch|p1a: Landorus|Landorus-Therian, M|23/100|[from]move: U-turn
|-ability|p1a: Landorus|Intimidate|boost
|-unboost|p2a: Slowking|atk|1
|
|-weather|Sandstorm|[upkeep]
|-damage|p2a: Slowking|44/100|[from] Sandstorm
|-heal|p1a: Landorus|29/100|[from] item: Leftovers
|upkeep
|turn|28
|
|t:|1659606926
|switch|p1a: Tornadus|Tornadus-Therian, M|100/100 tox
|switch|p2a: Tornadus|Tornadus-Therian, M|100/100
|
|-weather|none
|-damage|p1a: Tornadus|94/100 tox|[from] psn
|upkeep
|turn|29
|
|t:|1659606932
|move|p1a: Tornadus|Hurricane|p2a: Tornadus
|-damage|p2a: Tornadus|55/100
|move|p2a: Tornadus|U-turn|p1a: Tornadus
|-resisted|p1a: Tornadus
|-damage|p1a: Tornadus|86/100 tox
|
|t:|1659606934
|switch|p2a: Tyranitar|Tyranitar, M|100/100|[from]move: U-turn
|-weather|Sandstorm|[from] ability: Sand Stream|[of] p2a: Tyranitar
|
|-weather|Sandstorm|[upkeep]
|-damage|p1a: Tornadus|80/100 tox|[from] Sandstorm
|-damage|p1a: Tornadus|68/100 tox|[from] psn
|upkeep
|turn|30
|j| lt91bb Ape
|
|t:|1659606937
|move|p1a: Tornadus|U-turn|p2a: Tyranitar
|-supereffective|p2a: Tyranitar
|-damage|p2a: Tyranitar|74/100
|
|t:|1659606941
|switch|p1a: Slowbro|Slowbro, M|90/100 brn|[from]move: U-turn
|move|p2a: Tyranitar|Stone Edge|p1a: Slowbro|[miss]
|-miss|p2a: Tyranitar|p1a: Slowbro
|
|-weather|Sandstorm|[upkeep]
|-damage|p1a: Slowbro|84/100 brn|[from] Sandstorm
|-damage|p1a: Slowbro|78/100 brn|[from] brn
|upkeep
|turn|31
|j| Not Daki
|
|t:|1659606944
|move|p2a: Tyranitar|Stone Edge|p1a: Slowbro
|-damage|p1a: Slowbro|27/100 brn
|move|p1a: Slowbro|Teleport|p1a: Slowbro
|l| maeve68
|
|t:|1659606947
|switch|p1a: Landorus|Landorus-Therian, M|29/100|[from]move: Teleport
|-ability|p1a: Landorus|Intimidate|boost
|-unboost|p2a: Tyranitar|atk|1
|
|-weather|Sandstorm|[upkeep]
|-heal|p1a: Landorus|35/100|[from] item: Leftovers
|upkeep
|turn|32
|l| snowbunnyjenny
|j| Hayburner
|
|t:|1659606961
|switch|p1a: Slowbro|Slowbro, M|60/100 brn
|switch|p2a: Tornadus|Tornadus-Therian, M|88/100
|
|-weather|Sandstorm|[upkeep]
|-damage|p2a: Tornadus|82/100|[from] Sandstorm
|-damage|p1a: Slowbro|54/100 brn|[from] Sandstorm
|-damage|p1a: Slowbro|48/100 brn|[from] brn
|upkeep
|turn|33
|
|t:|1659606967
|move|p2a: Tornadus|Hurricane|p1a: Slowbro
|-crit|p1a: Slowbro
|-damage|p1a: Slowbro|0 fnt
|faint|p1a: Slowbro
|
|-weather|none
|upkeep
|l| Allen-xia
|-message|lt91bb mind forfeited.
|
|win|LT91BB MDB2
|raw|lt91bb mind's rating: 2118 &rarr; <strong>2100</strong><br />(-18 for losing)
|raw|LT91BB MDB2's rating: 2148 &rarr; <strong>2166</strong><br />(+18 for winning)
|l|☆lt91bb mind
|l| Lunala
|l| LT91BBe
|l| JP192
|l| Test4am
|j| Trannos
|l| odin77
|j| eblurb
|l| lt91bb Ape
|l| LT91BB xray
|l| CM Reuniclus
|l| umbry ✿
|l| IPF
|l|&Teclis
|l| Curryisnotgood
|l| dingbat
|l|+Aberforth
|l| longhiep341
|l| Chaitanya
|l| RNN YasuKe
|l| LT91BB Lennart
|l| eblurb
|l| LT91BB Hiko
|j| tired of new gens
|l| forice jibing
|j| LT91BB Gray
|l| croo
|l| Mara Sattei
|l| sup kid
|l| AlphaRay01
|l| doom1806
