|j|☆LizzyPark
|j|☆leroidu95
|t:|1630446923
|gametype|singles
|player|p1|LizzyPark|doctor|1380
|player|p2|leroidu95|veteran|1352
|teamsize|p1|6
|teamsize|p2|6
|gen|8
|tier|[Gen 8] OU
|rated|
|rule|Sleep Clause Mod: Limit one foe put to sleep
|rule|Species Clause: Limit one of each Pokémon
|rule|OHKO Clause: OHKO moves are banned
|rule|Evasion Moves Clause: Evasion moves are banned
|rule|Endless Battle Clause: Forcing endless battles is banned
|rule|HP Percentage Mod: HP is shown in percentages
|rule|Dynamax Clause: You cannot dynamax
|clearpoke
|poke|p1|Frosmoth, F|
|poke|p1|Pelipper, M|
|poke|p1|Barraskewda, M|
|poke|p1|Blissey, F|
|poke|p1|Toxapex, M|
|poke|p1|Thundurus-Therian, M|
|poke|p2|Shuckle, F|
|poke|p2|Mimikyu, M|
|poke|p2|Espeon, F|
|poke|p2|Ferrothorn, M|
|poke|p2|Ninetales-Alola, M|
|poke|p2|Azumarill, F|
|teampreview
|inactive|Battle timer is ON: inactive players will automatically lose when time's up. (requested by LizzyPark)
|
|t:|1630446931
|start
|switch|p1a: Barraskewda|Barraskewda, M|100/100
|switch|p2a: Ninetales|Ninetales-Alola, M|100/100
|-weather|Hail|[from] ability: Snow Warning|[of] p2a: Ninetales
|turn|1
|
|t:|1630446937
|move|p1a: Barraskewda|Flip Turn|p2a: Ninetales
|-damage|p2a: Ninetales|26/100
|
|t:|1630446944
|switch|p1a: Blissey|Blissey, F|100/100|[from]move: Flip Turn
|move|p2a: Ninetales|Aurora Veil|p2a: Ninetales
|-sidestart|p2: leroidu95|move: Aurora Veil
|
|-weather|Hail|[upkeep]
|-damage|p1a: Blissey|94/100|[from] Hail
|upkeep
|turn|2
|
|t:|1630446953
|switch|p2a: Shuckle|Shuckle, F|100/100
|move|p1a: Blissey|Thunder Wave|p2a: Shuckle
|-status|p2a: Shuckle|par
|
|-weather|Hail|[upkeep]
|-damage|p1a: Blissey|88/100|[from] Hail
|-damage|p2a: Shuckle|94/100 par|[from] Hail
|upkeep
|turn|3
|
|t:|1630446962
|move|p2a: Shuckle|Shell Smash|p2a: Shuckle
|-boost|p2a: Shuckle|def|1
|-boost|p2a: Shuckle|spd|1
|-unboost|p2a: Shuckle|atk|2
|-unboost|p2a: Shuckle|spa|2
|-unboost|p2a: Shuckle|spe|2
|-enditem|p2a: Shuckle|Eject Pack
|
|t:|1630446979
|switch|p2a: Mimikyu|Mimikyu, M|100/100
|move|p1a: Blissey|Teleport|p1a: Blissey
|
|t:|1630446991
|switch|p1a: Pelipper|Pelipper, M|100/100|[from]move: Teleport
|-weather|RainDance|[from] ability: Drizzle|[of] p1a: Pelipper
|
|-weather|RainDance|[upkeep]
|upkeep
|turn|4
|
|t:|1630446998
|move|p2a: Mimikyu|Copycat|p2a: Mimikyu
|move|p2a: Mimikyu|Teleport|p2a: Mimikyu|[from]move: Copycat
|
|t:|1630447006
|switch|p2a: Azumarill|Azumarill, F|100/100|[from]move: Teleport
|move|p1a: Pelipper|Defog|p2a: Azumarill
|-unboost|p2a: Azumarill|evasion|1
|-sideend|p2: leroidu95|move: Aurora Veil
|
|-weather|RainDance|[upkeep]
|upkeep
|turn|5
|
|t:|1630447014
|move|p1a: Pelipper|U-turn|p2a: Azumarill
|-resisted|p2a: Azumarill
|-damage|p2a: Azumarill|96/100
|
|t:|1630447018
|switch|p1a: Toxapex|Toxapex, M|100/100|[from]move: U-turn
|move|p2a: Azumarill|Belly Drum|p2a: Azumarill
|-damage|p2a: Azumarill|46/100
|-setboost|p2a: Azumarill|atk|6|[from] move: Belly Drum
|-enditem|p2a: Azumarill|Sitrus Berry|[eat]
|-heal|p2a: Azumarill|71/100|[from] item: Sitrus Berry
|
|-weather|RainDance|[upkeep]
|upkeep
|turn|6
|
|t:|1630447029
|move|p2a: Azumarill|Knock Off|p1a: Toxapex
|-damage|p1a: Toxapex|0 fnt
|-damage|p2a: Azumarill|55/100|[from] item: Rocky Helmet|[of] p1a: Toxapex
|-enditem|p1a: Toxapex|Rocky Helmet|[from] move: Knock Off|[of] p2a: Azumarill
|faint|p1a: Toxapex
|
|-weather|RainDance|[upkeep]
|upkeep
|
|t:|1630447041
|switch|p1a: Barraskewda|Barraskewda, M|100/100
|turn|7
|
|t:|1630447045
|move|p2a: Azumarill|Aqua Jet|p1a: Barraskewda
|-resisted|p1a: Barraskewda
|-damage|p1a: Barraskewda|0 fnt
|faint|p1a: Barraskewda
|
|-weather|RainDance|[upkeep]
|upkeep
|
|t:|1630447049
|switch|p1a: Thundurus|Thundurus-Therian, M|100/100
|turn|8
|-message|LizzyPark forfeited.
|
|win|leroidu95
|l|☆LizzyPark
|raw|LizzyPark's rating: 1380 &rarr; <strong>1358</strong><br />(-22 for losing)
|raw|leroidu95's rating: 1352 &rarr; <strong>1374</strong><br />(+22 for winning)
