|j|☆Without Ruby
|j|☆yvyxv
|player|p1|Without Ruby|hiker-gen4|1390
|player|p2|yvyxv|anabel|1413
|teamsize|p1|6
|teamsize|p2|6
|gametype|singles
|gen|8
|tier|[Gen 8] OU
|rated|
|clearpoke
|poke|p1|Cramorant, F|
|poke|p1|Ferrothorn, F|
|poke|p1|Clefable, F|
|poke|p1|Hydreigon, M|
|poke|p1|Cinderace, F|
|poke|p1|Rhyperior, M|
|poke|p2|Mew|
|poke|p2|Clefable, M|
|poke|p2|Seismitoad, M|
|poke|p2|Terrakion|
|poke|p2|Corviknight, M|
|poke|p2|Rotom-Mow|
|rule|Sleep Clause Mod: Limit one foe put to sleep
|rule|Species Clause: Limit one of each Pokémon
|rule|OHKO Clause: OHKO moves are banned
|rule|Evasion Moves Clause: Evasion moves are banned
|rule|Endless Battle Clause: Forcing endless battles is banned
|rule|HP Percentage Mod: HP is shown in percentages
|rule|Dynamax Clause: You cannot dynamax
|teampreview
|
|start
|switch|p1a: Cinderace|Cinderace, F|100/100
|switch|p2a: Mew|Mew|100/100
|turn|1
|inactive|Battle timer is ON: inactive players will automatically lose when time's up. (requested by yvyxv)
|
|move|p1a: Cinderace|U-turn|p2a: Mew
|-supereffective|p2a: Mew
|-damage|p2a: Mew|73/100
|
|switch|p1a: Clefable|Clefable, F|100/100|[from]move: U-turn
|move|p2a: Mew|Spikes|p1a: Clefable
|-sidestart|p1: Without Ruby|Spikes
|
|upkeep
|turn|2
|
|switch|p2a: Corviknight|Corviknight, M|100/100
|-ability|p2a: Corviknight|Pressure
|move|p1a: Clefable|Moonblast|p2a: Corviknight
|-resisted|p2a: Corviknight
|-damage|p2a: Corviknight|81/100
|
|-heal|p2a: Corviknight|87/100|[from] item: Leftovers
|upkeep
|turn|3
|
|move|p1a: Clefable|Thunderbolt|p2a: Corviknight
|-supereffective|p2a: Corviknight
|-damage|p2a: Corviknight|37/100
|move|p2a: Corviknight|Brave Bird|p1a: Clefable
|-damage|p1a: Clefable|58/100
|-damage|p2a: Corviknight|24/100|[from] Recoil
|
|-heal|p2a: Corviknight|30/100|[from] item: Leftovers
|upkeep
|turn|4
|
|switch|p2a: Terrakion|Terrakion|100/100
|move|p1a: Clefable|Moonlight|p1a: Clefable
|-heal|p1a: Clefable|100/100
|
|upkeep
|turn|5
|
|move|p2a: Terrakion|Swords Dance|p2a: Terrakion
|-boost|p2a: Terrakion|atk|2
|move|p1a: Clefable|Moonblast|p2a: Terrakion
|-supereffective|p2a: Terrakion
|-damage|p2a: Terrakion|0 fnt
|faint|p2a: Terrakion
|
|upkeep
|
|switch|p2a: Clefable|Clefable, M|100/100
|turn|6
|
|move|p1a: Clefable|Moonblast|p2a: Clefable
|-damage|p2a: Clefable|64/100
|move|p2a: Clefable|Moonblast|p1a: Clefable
|-damage|p1a: Clefable|69/100
|
|-heal|p2a: Clefable|70/100|[from] item: Leftovers
|upkeep
|turn|7
|
|switch|p1a: Cinderace|Cinderace, F|100/100
|move|p2a: Clefable|Wish|p2a: Clefable
|
|-heal|p2a: Clefable|76/100|[from] item: Leftovers
|upkeep
|turn|8
|
|switch|p2a: Mew|Mew|73/100
|move|p1a: Cinderace|Court Change|p1a: Cinderace
|-sideend|p1: Without Ruby|Spikes|[silent]
|-sidestart|p2: yvyxv|Spikes|[silent]
|-activate|p1a: Cinderace|move: Court Change
|
|-heal|p2a: Mew|100/100|[from] move: Wish|[wisher] Clefable
|upkeep
|turn|9
|
|move|p1a: Cinderace|U-turn|p2a: Mew
|-supereffective|p2a: Mew
|-damage|p2a: Mew|74/100
|
|switch|p1a: Clefable|Clefable, F|69/100|[from]move: U-turn
|move|p2a: Mew|Spikes|p1a: Clefable
|-sidestart|p1: Without Ruby|Spikes
|
|upkeep
|turn|10
|
|switch|p2a: Corviknight|Corviknight, M|30/100
|-ability|p2a: Corviknight|Pressure
|move|p1a: Clefable|Moonblast|p2a: Corviknight
|-resisted|p2a: Corviknight
|-damage|p2a: Corviknight|11/100
|
|-heal|p2a: Corviknight|18/100|[from] item: Leftovers
|upkeep
|turn|11
|
|move|p1a: Clefable|Moonblast|p2a: Corviknight
|-resisted|p2a: Corviknight
|-damage|p2a: Corviknight|0 fnt
|faint|p2a: Corviknight
|
|upkeep
|
|switch|p2a: Rotom|Rotom-Mow|100/100
|turn|12
|
|move|p2a: Rotom|Trick|p1a: Clefable
|-activate|p2a: Rotom|move: Trick|[of] p1a: Clefable
|-item|p1a: Clefable|Choice Scarf|[from] move: Trick
|-item|p2a: Rotom|Life Orb|[from] move: Trick
|move|p1a: Clefable|Moonlight|p1a: Clefable
|-heal|p1a: Clefable|100/100
|
|upkeep
|turn|13
|
|switch|p1a: Hydreigon|Hydreigon, M|100/100
|move|p2a: Rotom|Nasty Plot|p2a: Rotom
|-boost|p2a: Rotom|spa|2
|
|upkeep
|turn|14
|
|switch|p2a: Clefable|Clefable, M|76/100
|move|p1a: Hydreigon|U-turn|p2a: Clefable
|-resisted|p2a: Clefable
|-damage|p2a: Clefable|67/100
|
|switch|p1a: Rhyperior|Rhyperior, M|100/100|[from]move: U-turn
|-damage|p1a: Rhyperior|88/100|[from] Spikes
|
|-heal|p2a: Clefable|73/100|[from] item: Leftovers
|-heal|p1a: Rhyperior|94/100|[from] item: Leftovers
|upkeep
|turn|15
|
|switch|p2a: Mew|Mew|74/100
|-damage|p2a: Mew|62/100|[from] Spikes
|move|p1a: Rhyperior|Stealth Rock|p2a: Mew
|-sidestart|p2: yvyxv|move: Stealth Rock
|
|-heal|p1a: Rhyperior|100/100|[from] item: Leftovers
|upkeep
|turn|16
|
|switch|p1a: Clefable|Clefable, F|100/100
|move|p2a: Mew|Spikes|p1a: Clefable
|-sidestart|p1: Without Ruby|Spikes
|
|upkeep
|turn|17
|
|move|p1a: Clefable|Moonblast|p2a: Mew
|-damage|p2a: Mew|28/100
|-unboost|p2a: Mew|spa|1
|move|p2a: Mew|Soft-Boiled|p2a: Mew
|-heal|p2a: Mew|78/100
|
|upkeep
|turn|18
|
|move|p1a: Clefable|Moonblast|p2a: Mew
|-damage|p2a: Mew|38/100
|move|p2a: Mew|Soft-Boiled|p2a: Mew
|-heal|p2a: Mew|88/100
|
|upkeep
|turn|19
|
|move|p1a: Clefable|Moonblast|p2a: Mew
|-damage|p2a: Mew|50/100
|-unboost|p2a: Mew|spa|1
|move|p2a: Mew|Spikes|p1a: Clefable
|-sidestart|p1: Without Ruby|Spikes
|
|upkeep
|turn|20
|
|move|p1a: Clefable|Moonblast|p2a: Mew
|-damage|p2a: Mew|16/100
|move|p2a: Mew|Soft-Boiled|p2a: Mew
|-heal|p2a: Mew|66/100
|
|upkeep
|turn|21
|
|move|p1a: Clefable|Moonblast|p2a: Mew
|-damage|p2a: Mew|32/100
|move|p2a: Mew|Soft-Boiled|p2a: Mew
|-heal|p2a: Mew|82/100
|
|upkeep
|turn|22
|
|move|p1a: Clefable|Moonblast|p2a: Mew
|-damage|p2a: Mew|48/100
|move|p2a: Mew|Soft-Boiled|p2a: Mew
|-heal|p2a: Mew|98/100
|
|upkeep
|turn|23
|
|switch|p2a: Clefable|Clefable, M|73/100
|move|p1a: Clefable|Moonblast|p2a: Clefable
|-damage|p2a: Clefable|44/100
|-unboost|p2a: Clefable|spa|1
|
|-heal|p2a: Clefable|50/100|[from] item: Leftovers
|upkeep
|turn|24
|
|switch|p1a: Cinderace|Cinderace, F|100/100
|move|p2a: Clefable|Wish|p2a: Clefable
|
|-heal|p2a: Clefable|56/100|[from] item: Leftovers
|upkeep
|turn|25
|
|move|p2a: Clefable|Protect|p2a: Clefable
|-singleturn|p2a: Clefable|Protect
|move|p1a: Cinderace|Pyro Ball|p2a: Clefable
|-activate|p2a: Clefable|move: Protect
|
|-heal|p2a: Clefable|100/100|[from] move: Wish|[wisher] Clefable
|upkeep
|turn|26
|
|switch|p2a: Seismitoad|Seismitoad, M|100/100
|-damage|p2a: Seismitoad|94/100|[from] Stealth Rock
|-damage|p2a: Seismitoad|82/100|[from] Spikes
|move|p1a: Cinderace|Court Change|p1a: Cinderace
|-sideend|p1: Without Ruby|Spikes|[silent]
|-sideend|p2: yvyxv|Spikes|[silent]
|-sidestart|p1: Without Ruby|Spikes|[silent]
|-sidestart|p2: yvyxv|Spikes|[silent]
|-sidestart|p2: yvyxv|Spikes|[silent]
|-sidestart|p2: yvyxv|Spikes|[silent]
|-sideend|p2: yvyxv|Stealth Rock|[silent]
|-sidestart|p1: Without Ruby|Stealth Rock|[silent]
|-activate|p1a: Cinderace|move: Court Change
|
|-heal|p2a: Seismitoad|88/100|[from] item: Leftovers
|upkeep
|turn|27
|
|switch|p1a: Ferrothorn|Ferrothorn, F|100/100
|-damage|p1a: Ferrothorn|94/100|[from] Stealth Rock
|-damage|p1a: Ferrothorn|82/100|[from] Spikes
|move|p2a: Seismitoad|Scald|p1a: Ferrothorn
|-resisted|p1a: Ferrothorn
|-damage|p1a: Ferrothorn|72/100
|-status|p1a: Ferrothorn|brn
|
|-heal|p2a: Seismitoad|94/100|[from] item: Leftovers
|-heal|p1a: Ferrothorn|78/100 brn|[from] item: Leftovers
|-damage|p1a: Ferrothorn|72/100 brn|[from] brn
|upkeep
|turn|28
|
|switch|p2a: Clefable|Clefable, M|100/100
|move|p1a: Ferrothorn|Knock Off|p2a: Clefable
|-resisted|p2a: Clefable
|-damage|p2a: Clefable|94/100
|-enditem|p2a: Clefable|Leftovers|[from] move: Knock Off|[of] p1a: Ferrothorn
|
|-heal|p1a: Ferrothorn|78/100 brn|[from] item: Leftovers
|-damage|p1a: Ferrothorn|72/100 brn|[from] brn
|upkeep
|turn|29
|
|switch|p1a: Rhyperior|Rhyperior, M|100/100
|-damage|p1a: Rhyperior|94/100|[from] Stealth Rock
|-damage|p1a: Rhyperior|82/100|[from] Spikes
|move|p2a: Clefable|Wish|p2a: Clefable
|
|-heal|p1a: Rhyperior|88/100|[from] item: Leftovers
|upkeep
|turn|30
|
|switch|p2a: Mew|Mew|98/100
|-damage|p2a: Mew|73/100|[from] Spikes
|move|p1a: Rhyperior|Stealth Rock|p2a: Mew
|-sidestart|p2: yvyxv|move: Stealth Rock
|
|-heal|p2a: Mew|100/100|[from] move: Wish|[wisher] Clefable
|-heal|p1a: Rhyperior|94/100|[from] item: Leftovers
|upkeep
|turn|31
|
|switch|p1a: Clefable|Clefable, F|100/100
|move|p2a: Mew|Spikes|p1a: Clefable
|-sidestart|p1: Without Ruby|Spikes
|
|upkeep
|turn|32
|
|move|p1a: Clefable|Moonblast|p2a: Mew
|-damage|p2a: Mew|63/100
|-unboost|p2a: Mew|spa|1
|move|p2a: Mew|Spikes|p1a: Clefable
|-sidestart|p1: Without Ruby|Spikes
|
|upkeep
|turn|33
|
|move|p1a: Clefable|Moonblast|p2a: Mew
|-damage|p2a: Mew|25/100
|move|p2a: Mew|Soft-Boiled|p2a: Mew
|-heal|p2a: Mew|75/100
|
|upkeep
|turn|34
|
|move|p1a: Clefable|Moonblast|p2a: Mew
|-damage|p2a: Mew|38/100
|-unboost|p2a: Mew|spa|1
|move|p2a: Mew|Soft-Boiled|p2a: Mew
|-heal|p2a: Mew|88/100
|
|upkeep
|turn|35
|
|move|p1a: Clefable|Moonblast|p2a: Mew
|-damage|p2a: Mew|52/100
|-unboost|p2a: Mew|spa|1
|move|p2a: Mew|Soft-Boiled|p2a: Mew
|-heal|p2a: Mew|100/100
|
|upkeep
|turn|36
|
|move|p1a: Clefable|Moonblast|p2a: Mew
|-damage|p2a: Mew|62/100
|move|p2a: Mew|Soft-Boiled|p2a: Mew
|-heal|p2a: Mew|100/100
|
|upkeep
|turn|37
|
|switch|p2a: Clefable|Clefable, M|94/100
|move|p1a: Clefable|Moonblast|p2a: Clefable
|-damage|p2a: Clefable|63/100
|-unboost|p2a: Clefable|spa|1
|
|upkeep
|turn|38
|
|switch|p1a: Rhyperior|Rhyperior, M|94/100
|-damage|p1a: Rhyperior|69/100|[from] Spikes
|-damage|p1a: Rhyperior|63/100|[from] Stealth Rock
|move|p2a: Clefable|Wish|p2a: Clefable
|
|-heal|p1a: Rhyperior|69/100|[from] item: Leftovers
|upkeep
|turn|39
|
|switch|p2a: Mew|Mew|100/100
|-damage|p2a: Mew|75/100|[from] Spikes
|-damage|p2a: Mew|63/100|[from] Stealth Rock
|move|p1a: Rhyperior|Earthquake|p2a: Mew
|-damage|p2a: Mew|27/100
|
|-heal|p2a: Mew|76/100|[from] move: Wish|[wisher] Clefable
|-heal|p1a: Rhyperior|76/100|[from] item: Leftovers
|upkeep
|turn|40
|
|switch|p1a: Clefable|Clefable, F|100/100
|move|p2a: Mew|Soft-Boiled|p2a: Mew
|-heal|p2a: Mew|100/100
|
|upkeep
|turn|41
|
|move|p1a: Clefable|Moonblast|p2a: Mew
|-damage|p2a: Mew|64/100
|-unboost|p2a: Mew|spa|1
|move|p2a: Mew|Soft-Boiled|p2a: Mew
|-heal|p2a: Mew|100/100
|
|upkeep
|turn|42
|
|move|p1a: Clefable|Moonblast|p2a: Mew
|-crit|p2a: Mew
|-damage|p2a: Mew|44/100
|-unboost|p2a: Mew|spa|1
|move|p2a: Mew|Soft-Boiled|p2a: Mew
|-heal|p2a: Mew|94/100
|
|upkeep
|turn|43
|
|switch|p2a: Clefable|Clefable, M|63/100
|move|p1a: Clefable|Moonblast|p2a: Clefable
|-damage|p2a: Clefable|35/100
|
|upkeep
|turn|44
|
|switch|p1a: Cinderace|Cinderace, F|100/100
|move|p2a: Clefable|Wish|p2a: Clefable
|
|upkeep
|turn|45
|
|move|p2a: Clefable|Protect|p2a: Clefable
|-singleturn|p2a: Clefable|Protect
|move|p1a: Cinderace|U-turn|p2a: Clefable
|-activate|p2a: Clefable|move: Protect
|
|-heal|p2a: Clefable|85/100|[from] move: Wish|[wisher] Clefable
|upkeep
|turn|46
|
|move|p1a: Cinderace|Pyro Ball|p2a: Clefable
|-damage|p2a: Clefable|15/100
|-status|p2a: Clefable|brn
|move|p2a: Clefable|Wish|p2a: Clefable
|
|upkeep
|turn|47
|
|switch|p1a: Rhyperior|Rhyperior, M|76/100
|-damage|p1a: Rhyperior|51/100|[from] Spikes
|-damage|p1a: Rhyperior|44/100|[from] Stealth Rock
|move|p2a: Clefable|Protect||[still]
|-fail|p2a: Clefable
|
|-heal|p2a: Clefable|65/100 brn|[from] move: Wish|[wisher] Clefable
|-heal|p1a: Rhyperior|51/100|[from] item: Leftovers
|upkeep
|turn|48
|
|switch|p2a: Rotom|Rotom-Mow|100/100
|-damage|p2a: Rotom|88/100|[from] Stealth Rock
|move|p1a: Rhyperior|Heavy Slam|p2a: Rotom
|-resisted|p2a: Rotom
|-damage|p2a: Rotom|57/100
|
|-heal|p1a: Rhyperior|57/100|[from] item: Leftovers
|upkeep
|turn|49
|
|switch|p1a: Hydreigon|Hydreigon, M|100/100
|-damage|p1a: Hydreigon|88/100|[from] Stealth Rock
|move|p2a: Rotom|Trick|p1a: Hydreigon
|-activate|p2a: Rotom|move: Trick|[of] p1a: Hydreigon
|-item|p1a: Hydreigon|Life Orb|[from] move: Trick
|-item|p2a: Rotom|Choice Scarf|[from] move: Trick
|
|upkeep
|turn|50
|
|move|p2a: Rotom|Volt Switch|p1a: Hydreigon
|-resisted|p1a: Hydreigon
|-damage|p1a: Hydreigon|70/100
|
|switch|p2a: Clefable|Clefable, M|65/100 brn|[from]move: Volt Switch
|move|p1a: Hydreigon|Dark Pulse|p2a: Clefable
|-resisted|p2a: Clefable
|-damage|p2a: Clefable|48/100 brn
|-damage|p1a: Hydreigon|60/100|[from] item: Life Orb
|
|upkeep
|turn|51
|
|switch|p1a: Cinderace|Cinderace, F|100/100
|move|p2a: Clefable|Wish|p2a: Clefable
|
|upkeep
|turn|52
|
|switch|p2a: Seismitoad|Seismitoad, M|94/100
|-damage|p2a: Seismitoad|69/100|[from] Spikes
|-damage|p2a: Seismitoad|63/100|[from] Stealth Rock
|move|p1a: Cinderace|Court Change|p1a: Cinderace
|-sideend|p1: Without Ruby|Spikes|[silent]
|-sideend|p2: yvyxv|Spikes|[silent]
|-sidestart|p1: Without Ruby|Spikes|[silent]
|-sidestart|p1: Without Ruby|Spikes|[silent]
|-sidestart|p1: Without Ruby|Spikes|[silent]
|-sidestart|p2: yvyxv|Spikes|[silent]
|-sidestart|p2: yvyxv|Spikes|[silent]
|-sidestart|p2: yvyxv|Spikes|[silent]
|-sideend|p1: Without Ruby|Stealth Rock|[silent]
|-sideend|p2: yvyxv|Stealth Rock|[silent]
|-sidestart|p1: Without Ruby|Stealth Rock|[silent]
|-sidestart|p2: yvyxv|Stealth Rock|[silent]
|-activate|p1a: Cinderace|move: Court Change
|
|-heal|p2a: Seismitoad|100/100|[from] move: Wish|[wisher] Clefable
|upkeep
|turn|53
|
|switch|p1a: Ferrothorn|Ferrothorn, F|72/100 brn
|-damage|p1a: Ferrothorn|47/100 brn|[from] Spikes
|-damage|p1a: Ferrothorn|41/100 brn|[from] Stealth Rock
|move|p2a: Seismitoad|Toxic||[still]
|-fail|p2a: Seismitoad
|
|-heal|p1a: Ferrothorn|47/100 brn|[from] item: Leftovers
|-damage|p1a: Ferrothorn|41/100 brn|[from] brn
|upkeep
|turn|54
|
|switch|p2a: Clefable|Clefable, M|48/100 brn
|move|p1a: Ferrothorn|Knock Off|p2a: Clefable
|-resisted|p2a: Clefable
|-damage|p2a: Clefable|44/100 brn
|
|-heal|p1a: Ferrothorn|47/100 brn|[from] item: Leftovers
|-damage|p1a: Ferrothorn|41/100 brn|[from] brn
|upkeep
|turn|55
|
|move|p2a: Clefable|Wish|p2a: Clefable
|move|p1a: Ferrothorn|Power Whip|p2a: Clefable
|-damage|p2a: Clefable|24/100 brn
|
|-heal|p1a: Ferrothorn|47/100 brn|[from] item: Leftovers
|-damage|p1a: Ferrothorn|41/100 brn|[from] brn
|upkeep
|turn|56
|
|switch|p1a: Cinderace|Cinderace, F|100/100
|move|p2a: Clefable|Moonblast|p1a: Cinderace
|-resisted|p1a: Cinderace
|-damage|p1a: Cinderace|78/100
|
|-heal|p2a: Clefable|74/100 brn|[from] move: Wish|[wisher] Clefable
|upkeep
|turn|57
|
|move|p2a: Clefable|Protect|p2a: Clefable
|-singleturn|p2a: Clefable|Protect
|move|p1a: Cinderace|Pyro Ball|p2a: Clefable
|-activate|p2a: Clefable|move: Protect
|
|upkeep
|turn|58
|
|switch|p2a: Seismitoad|Seismitoad, M|100/100
|-damage|p2a: Seismitoad|76/100|[from] Spikes
|-damage|p2a: Seismitoad|70/100|[from] Stealth Rock
|move|p1a: Cinderace|Pyro Ball|p2a: Seismitoad
|-resisted|p2a: Seismitoad
|-damage|p2a: Seismitoad|51/100
|
|-heal|p2a: Seismitoad|57/100|[from] item: Leftovers
|upkeep
|turn|59
|
|switch|p1a: Ferrothorn|Ferrothorn, F|41/100 brn
|-damage|p1a: Ferrothorn|34/100 brn|[from] Stealth Rock
|-damage|p1a: Ferrothorn|9/100 brn|[from] Spikes
|move|p2a: Seismitoad|Protect||[still]
|-fail|p2a: Seismitoad
|
|-heal|p2a: Seismitoad|63/100|[from] item: Leftovers
|-heal|p1a: Ferrothorn|16/100 brn|[from] item: Leftovers
|-damage|p1a: Ferrothorn|9/100 brn|[from] brn
|upkeep
|turn|60
|
|move|p2a: Seismitoad|Earthquake|p1a: Ferrothorn
|-damage|p1a: Ferrothorn|0 fnt
|faint|p1a: Ferrothorn
|
|-heal|p2a: Seismitoad|69/100|[from] item: Leftovers
|upkeep
|
|switch|p1a: Cinderace|Cinderace, F|78/100
|turn|61
|
|switch|p1a: Hydreigon|Hydreigon, M|60/100
|-damage|p1a: Hydreigon|48/100|[from] Stealth Rock
|move|p2a: Seismitoad|Protect||[still]
|-fail|p2a: Seismitoad
|
|-heal|p2a: Seismitoad|75/100|[from] item: Leftovers
|upkeep
|turn|62
|
|move|p2a: Seismitoad|Protect|p2a: Seismitoad
|-singleturn|p2a: Seismitoad|Protect
|move|p1a: Hydreigon|Draco Meteor|p2a: Seismitoad
|-activate|p2a: Seismitoad|move: Protect
|
|-heal|p2a: Seismitoad|81/100|[from] item: Leftovers
|upkeep
|turn|63
|
|switch|p1a: Cinderace|Cinderace, F|78/100
|switch|p2a: Clefable|Clefable, M|74/100 brn
|
|upkeep
|turn|64
|
|move|p2a: Clefable|Protect|p2a: Clefable
|-singleturn|p2a: Clefable|Protect
|move|p1a: Cinderace|Pyro Ball|p2a: Clefable
|-activate|p2a: Clefable|move: Protect
|
|upkeep
|turn|65
|
|switch|p2a: Seismitoad|Seismitoad, M|81/100
|-damage|p2a: Seismitoad|75/100|[from] Stealth Rock
|-damage|p2a: Seismitoad|50/100|[from] Spikes
|move|p1a: Cinderace|U-turn|p2a: Seismitoad
|-damage|p2a: Seismitoad|35/100
|
|switch|p1a: Hydreigon|Hydreigon, M|48/100|[from]move: U-turn
|-damage|p1a: Hydreigon|36/100|[from] Stealth Rock
|
|-heal|p2a: Seismitoad|41/100|[from] item: Leftovers
|upkeep
|turn|66
|
|move|p2a: Seismitoad|Protect|p2a: Seismitoad
|-singleturn|p2a: Seismitoad|Protect
|move|p1a: Hydreigon|Dark Pulse|p2a: Seismitoad
|-activate|p2a: Seismitoad|move: Protect
|
|-heal|p2a: Seismitoad|47/100|[from] item: Leftovers
|upkeep
|turn|67
|
|switch|p2a: Clefable|Clefable, M|74/100 brn
|move|p1a: Hydreigon|Dark Pulse|p2a: Clefable
|-resisted|p2a: Clefable
|-damage|p2a: Clefable|56/100 brn
|-damage|p1a: Hydreigon|26/100|[from] item: Life Orb
|
|upkeep
|turn|68
|
|switch|p1a: Cinderace|Cinderace, F|78/100
|move|p2a: Clefable|Wish|p2a: Clefable
|
|upkeep
|turn|69
|
|switch|p2a: Mew|Mew|94/100
|-damage|p2a: Mew|81/100|[from] Stealth Rock
|-damage|p2a: Mew|56/100|[from] Spikes
|move|p1a: Cinderace|Pyro Ball|p2a: Mew
|-damage|p2a: Mew|24/100
|
|-heal|p2a: Mew|73/100|[from] move: Wish|[wisher] Clefable
|upkeep
|turn|70
|
|move|p1a: Cinderace|U-turn|p2a: Mew
|-supereffective|p2a: Mew
|-damage|p2a: Mew|42/100
|
|switch|p1a: Clefable|Clefable, F|100/100|[from]move: U-turn
|move|p2a: Mew|Soft-Boiled|p2a: Mew
|-heal|p2a: Mew|92/100
|
|upkeep
|turn|71
|
|switch|p2a: Clefable|Clefable, M|56/100 brn
|move|p1a: Clefable|Flamethrower|p2a: Clefable
|-damage|p2a: Clefable|37/100 brn
|
|upkeep
|turn|72
|
|move|p1a: Clefable|Flamethrower|p2a: Clefable
|-damage|p2a: Clefable|19/100 brn
|move|p2a: Clefable|Wish|p2a: Clefable
|
|upkeep
|turn|73
|
|switch|p1a: Cramorant|Cramorant, F|100/100
|-damage|p1a: Cramorant|76/100|[from] Stealth Rock
|move|p2a: Clefable|Moonblast|p1a: Cramorant
|-damage|p1a: Cramorant|42/100
|
|-heal|p2a: Clefable|69/100 brn|[from] move: Wish|[wisher] Clefable
|upkeep
|turn|74
|
|move|p1a: Cramorant|Air Slash|p2a: Clefable
|-damage|p2a: Clefable|46/100 brn
|cant|p2a: Clefable|flinch
|
|upkeep
|turn|75
|
|move|p1a: Cramorant|Surf|p2a: Clefable
|-formechange|p1a: Cramorant|Cramorant-Gorging|
|-damage|p2a: Clefable|20/100 brn
|move|p2a: Clefable|Wish|p2a: Clefable
|
|upkeep
|turn|76
|
|move|p2a: Clefable|Protect|p2a: Clefable
|-singleturn|p2a: Clefable|Protect
|move|p1a: Cramorant|Roost|p1a: Cramorant
|-heal|p1a: Cramorant|92/100
|-singleturn|p1a: Cramorant|move: Roost
|
|-heal|p2a: Clefable|70/100 brn|[from] move: Wish|[wisher] Clefable
|upkeep
|turn|77
|
|move|p1a: Cramorant|Air Slash|p2a: Clefable
|-damage|p2a: Clefable|49/100 brn
|move|p2a: Clefable|Wish|p2a: Clefable
|
|upkeep
|turn|78
|
|move|p2a: Clefable|Protect|p2a: Clefable
|-singleturn|p2a: Clefable|Protect
|move|p1a: Cramorant|Air Slash|p2a: Clefable
|-activate|p2a: Clefable|move: Protect
|
|-heal|p2a: Clefable|99/100 brn|[from] move: Wish|[wisher] Clefable
|upkeep
|turn|79
|
|move|p1a: Cramorant|Air Slash|p2a: Clefable
|-crit|p2a: Clefable
|-damage|p2a: Clefable|65/100 brn
|move|p2a: Clefable|Wish|p2a: Clefable
|
|upkeep
|turn|80
|
|switch|p2a: Mew|Mew|92/100
|-damage|p2a: Mew|67/100|[from] Spikes
|-damage|p2a: Mew|55/100|[from] Stealth Rock
|move|p1a: Cramorant|Air Slash|p2a: Mew
|-damage|p2a: Mew|27/100
|
|-heal|p2a: Mew|76/100|[from] move: Wish|[wisher] Clefable
|upkeep
|turn|81
|
|move|p2a: Mew|Soft-Boiled|p2a: Mew
|-heal|p2a: Mew|100/100
|move|p1a: Cramorant|Air Slash|p2a: Mew
|-damage|p2a: Mew|72/100
|
|upkeep
|turn|82
|
|move|p2a: Mew|Will-O-Wisp|p1a: Cramorant
|-status|p1a: Cramorant|brn
|move|p1a: Cramorant|Air Slash|p2a: Mew
|-damage|p2a: Mew|44/100
|
|-damage|p1a: Cramorant|86/100 brn|[from] brn
|upkeep
|turn|83
|
|move|p2a: Mew|Soft-Boiled|p2a: Mew
|-heal|p2a: Mew|94/100
|move|p1a: Cramorant|Air Slash|p2a: Mew
|-damage|p2a: Mew|67/100
|
|-damage|p1a: Cramorant|79/100 brn|[from] brn
|upkeep
|turn|84
|
|move|p2a: Mew|Psychic||[still]
|-damage|p1a: Cramorant|44/100 brn
|-damage|p2a: Mew|42/100|[from] ability: Gulp Missile|[of] p1a: Cramorant
|-status|p2a: Mew|par
|-activate|p2a: Mew|ability: Synchronize
|-fail|p2a: Mew
|-formechange|p1a: Cramorant|Cramorant|
|move|p1a: Cramorant|Air Slash|p2a: Mew
|-damage|p2a: Mew|17/100 par
|
|-damage|p1a: Cramorant|38/100 brn|[from] brn
|upkeep
|turn|85
|
|move|p1a: Cramorant|Surf|p2a: Mew
|-formechange|p1a: Cramorant|Cramorant-Gorging|
|-damage|p2a: Mew|0 fnt
|faint|p2a: Mew
|
|-damage|p1a: Cramorant|31/100 brn|[from] brn
|upkeep
|
|switch|p2a: Rotom|Rotom-Mow|57/100
|-damage|p2a: Rotom|44/100|[from] Stealth Rock
|turn|86
|inactive|yvyxv has 120 seconds left.
|c|☆yvyxv|damn… the Goat Cramorant catched me offguard
|
|move|p2a: Rotom|Volt Switch|p1a: Cramorant
|-supereffective|p1a: Cramorant
|-damage|p1a: Cramorant|0 fnt
|-damage|p2a: Rotom|19/100|[from] ability: Gulp Missile|[of] p1a: Cramorant
|-formechange|p1a: Cramorant|Cramorant|
|faint|p1a: Cramorant
|l|☆Without Ruby
|inactive|Without Ruby disconnected and has a minute to reconnect!
|player|p1|
|
|switch|p2a: Clefable|Clefable, M|65/100 brn|[from]move: Volt Switch
|
|upkeep
|j|☆Without Ruby
|inactive|Without Ruby reconnected and has 140 seconds left.
|player|p1|Without Ruby|hiker-gen4
|
|switch|p1a: Rhyperior|Rhyperior, M|57/100
|-damage|p1a: Rhyperior|32/100|[from] Spikes
|-damage|p1a: Rhyperior|26/100|[from] Stealth Rock
|turn|87
|
|move|p2a: Clefable|Protect|p2a: Clefable
|-singleturn|p2a: Clefable|Protect
|move|p1a: Rhyperior|Heavy Slam|p2a: Clefable
|-activate|p2a: Clefable|move: Protect
|
|-heal|p1a: Rhyperior|32/100|[from] item: Leftovers
|upkeep
|turn|88
|
|switch|p2a: Seismitoad|Seismitoad, M|47/100
|-damage|p2a: Seismitoad|41/100|[from] Stealth Rock
|-damage|p2a: Seismitoad|16/100|[from] Spikes
|move|p1a: Rhyperior|Stone Edge|p2a: Seismitoad
|-resisted|p2a: Seismitoad
|-damage|p2a: Seismitoad|0 fnt
|faint|p2a: Seismitoad
|
|-heal|p1a: Rhyperior|38/100|[from] item: Leftovers
|upkeep
|
|switch|p2a: Rotom|Rotom-Mow|19/100
|-damage|p2a: Rotom|7/100|[from] Stealth Rock
|turn|89
|c|☆Without Ruby|Cramorant!
|inactive|Without Ruby has 120 seconds left.
|
|switch|p1a: Clefable|Clefable, F|100/100
|move|p2a: Rotom|Leaf Storm|p1a: Clefable
|-damage|p1a: Clefable|40/100
|-unboost|p2a: Rotom|spa|2
|
|upkeep
|turn|90
|inactive|Without Ruby has 120 seconds left.
|
|switch|p2a: Clefable|Clefable, M|65/100 brn
|move|p1a: Clefable|Flamethrower|p2a: Clefable
|-damage|p2a: Clefable|47/100 brn
|
|upkeep
|turn|91
|inactive|Without Ruby has 120 seconds left.
|
|switch|p1a: Cinderace|Cinderace, F|78/100
|move|p2a: Clefable|Wish|p2a: Clefable
|
|upkeep
|turn|92
|inactive|Without Ruby has 120 seconds left.
|
|move|p2a: Clefable|Protect|p2a: Clefable
|-singleturn|p2a: Clefable|Protect
|move|p1a: Cinderace|Pyro Ball|p2a: Clefable
|-activate|p2a: Clefable|move: Protect
|
|-heal|p2a: Clefable|97/100 brn|[from] move: Wish|[wisher] Clefable
|upkeep
|turn|93
|
|move|p1a: Cinderace|Pyro Ball|p2a: Clefable
|-damage|p2a: Clefable|28/100 brn
|move|p2a: Clefable|Wish|p2a: Clefable
|
|upkeep
|turn|94
|
|move|p2a: Clefable|Protect|p2a: Clefable
|-singleturn|p2a: Clefable|Protect
|move|p1a: Cinderace|U-turn|p2a: Clefable
|-activate|p2a: Clefable|move: Protect
|
|-heal|p2a: Clefable|78/100 brn|[from] move: Wish|[wisher] Clefable
|upkeep
|turn|95
|
|move|p1a: Cinderace|U-turn|p2a: Clefable
|-resisted|p2a: Clefable
|-damage|p2a: Clefable|64/100 brn
|
|switch|p1a: Hydreigon|Hydreigon, M|26/100|[from]move: U-turn
|-damage|p1a: Hydreigon|13/100|[from] Stealth Rock
|move|p2a: Clefable|Wish|p2a: Clefable
|
|upkeep
|turn|96
|
|move|p1a: Hydreigon|Dark Pulse|p2a: Clefable
|-resisted|p2a: Clefable
|-damage|p2a: Clefable|46/100 brn
|-damage|p1a: Hydreigon|4/100|[from] item: Life Orb
|cant|p2a: Clefable|flinch
|
|-heal|p2a: Clefable|96/100 brn|[from] move: Wish|[wisher] Clefable
|upkeep
|turn|97
|
|move|p1a: Hydreigon|Dark Pulse|p2a: Clefable
|-resisted|p2a: Clefable
|-damage|p2a: Clefable|79/100 brn
|-damage|p1a: Hydreigon|0 fnt|[from] item: Life Orb
|faint|p1a: Hydreigon
|cant|p2a: Clefable|flinch
|
|upkeep
|
|switch|p1a: Clefable|Clefable, F|40/100
|turn|98
|
|move|p1a: Clefable|Moonlight|p1a: Clefable
|-heal|p1a: Clefable|89/100
|move|p2a: Clefable|Moonblast|p1a: Clefable
|-damage|p1a: Clefable|58/100
|-unboost|p1a: Clefable|spa|1
|
|upkeep
|turn|99
|
|move|p1a: Clefable|Moonlight|p1a: Clefable
|-heal|p1a: Clefable|100/100
|move|p2a: Clefable|Moonblast|p1a: Clefable
|-damage|p1a: Clefable|67/100
|
|upkeep
|turn|100
|
|move|p1a: Clefable|Moonlight|p1a: Clefable
|-heal|p1a: Clefable|100/100
|move|p2a: Clefable|Moonblast|p1a: Clefable
|-damage|p1a: Clefable|72/100
|-unboost|p1a: Clefable|spa|1
|
|upkeep
|turn|101
|
|move|p1a: Clefable|Moonlight|p1a: Clefable
|-heal|p1a: Clefable|100/100
|move|p2a: Clefable|Moonblast|p1a: Clefable
|-damage|p1a: Clefable|71/100
|-unboost|p1a: Clefable|spa|1
|
|upkeep
|turn|102
|
|move|p1a: Clefable|Moonlight|p1a: Clefable
|-heal|p1a: Clefable|100/100
|move|p2a: Clefable|Moonblast|p1a: Clefable
|-damage|p1a: Clefable|69/100
|
|upkeep
|turn|103
|
|move|p1a: Clefable|Moonlight|p1a: Clefable
|-heal|p1a: Clefable|100/100
|move|p2a: Clefable|Moonblast|p1a: Clefable
|-damage|p1a: Clefable|67/100
|
|upkeep
|turn|104
|
|-activate|p1a: Clefable|move: Struggle
|move|p1a: Clefable|Struggle|p2a: Clefable
|-crit|p2a: Clefable
|-damage|p2a: Clefable|68/100 brn
|-damage|p1a: Clefable|42/100|[from] recoil
|move|p2a: Clefable|Moonblast|p1a: Clefable
|-damage|p1a: Clefable|13/100
|-unboost|p1a: Clefable|spa|1
|
|upkeep
|turn|105
|
|-activate|p1a: Clefable|move: Struggle
|move|p1a: Clefable|Struggle|p2a: Clefable
|-damage|p2a: Clefable|61/100 brn
|-damage|p1a: Clefable|0 fnt|[from] recoil
|faint|p1a: Clefable
|move|p2a: Clefable|Moonblast|p1: Clefable|[notarget]
|-fail|p2a: Clefable
|
|upkeep
|
|switch|p1a: Rhyperior|Rhyperior, M|38/100
|-damage|p1a: Rhyperior|13/100|[from] Spikes
|-damage|p1a: Rhyperior|7/100|[from] Stealth Rock
|turn|106
|
|move|p2a: Clefable|Moonblast|p1a: Rhyperior
|-damage|p1a: Rhyperior|0 fnt
|faint|p1a: Rhyperior
|
|upkeep
|
|switch|p1a: Cinderace|Cinderace, F|78/100
|turn|107
|
|move|p1a: Cinderace|Sucker Punch|p2a: Clefable
|-resisted|p2a: Clefable
|-damage|p2a: Clefable|48/100 brn
|move|p2a: Clefable|Moonblast|p1a: Cinderace
|-resisted|p1a: Cinderace
|-crit|p1a: Cinderace
|-damage|p1a: Cinderace|45/100
|-unboost|p1a: Cinderace|spa|1
|
|upkeep
|turn|108
|
|move|p1a: Cinderace|Sucker Punch|p2a: Clefable
|-resisted|p2a: Clefable
|-damage|p2a: Clefable|36/100 brn
|move|p2a: Clefable|Moonblast|p1a: Cinderace
|-resisted|p1a: Cinderace
|-damage|p1a: Cinderace|21/100
|
|upkeep
|turn|109
|
|move|p1a: Cinderace|Sucker Punch|p2a: Clefable
|-resisted|p2a: Clefable
|-damage|p2a: Clefable|25/100 brn
|move|p2a: Clefable|Moonblast|p1a: Cinderace
|-resisted|p1a: Cinderace
|-damage|p1a: Cinderace|0 fnt
|faint|p1a: Cinderace
|
|win|yvyxv
|raw|Without Ruby's rating: 1373 &rarr; <strong>1355</strong><br />(-18 for losing)
|raw|yvyxv's rating: 1413 &rarr; <strong>1430</strong><br />(+17 for winning)
|c|☆yvyxv|gg
|l|☆Without Ruby
