|html|<div class="broadcast-blue"><strong>[Gen 8] OU is currently suspecting Melmetal! For information on how to participate check out the <a href="https://www.smogon.com/forums/threads/np-ss-ou-suspect-process-round-12-monster-mash.3709234/">suspect thread</a>.</strong></div>
|j|☆Kikoobuster
|j|☆minimax_ai
|t:|1666652160
|gametype|singles
|player|p1|Kikoobuster|2|1528
|player|p2|minimax_ai|lusamine-nihilego|1514
|teamsize|p1|6
|teamsize|p2|6
|gen|8
|tier|[Gen 8] OU
|rated|
|rule|Sleep Clause Mod: Limit one foe put to sleep
|rule|Species Clause: Limit one of each Pokémon
|rule|OHKO Clause: OHKO moves are banned
|rule|Evasion Items Clause: Evasion items are banned
|rule|Evasion Moves Clause: Evasion moves are banned
|rule|Endless Battle Clause: Forcing endless battles is banned
|rule|HP Percentage Mod: HP is shown in percentages
|rule|Dynamax Clause: You cannot dynamax
|clearpoke
|poke|p1|Lycanroc-Dusk, M|
|poke|p1|Excadrill, M|
|poke|p1|Hawlucha, F|
|poke|p1|Azumarill, F|
|poke|p1|Zeraora|
|poke|p1|Rillaboom, F|
|poke|p2|Rotom-Wash|
|poke|p2|Weavile, M|
|poke|p2|Landorus-Therian, M|
|poke|p2|Heatran, M|
|poke|p2|Tangrowth, F|
|poke|p2|Melmetal|
|teampreview
|j| chainsawhand
|c|☆minimax_ai|hf
|inactive|Battle timer is ON: inactive players will automatically lose when time's up. (requested by minimax_ai)
|
|t:|1666652167
|start
|switch|p1a: Lycanroc|Lycanroc-Dusk, M|100/100
|switch|p2a: Melmetal|Melmetal|100/100
|turn|1
|
|t:|1666652169
|move|p1a: Lycanroc|Stealth Rock|p2a: Melmetal
|-sidestart|p2: minimax_ai|move: Stealth Rock
|move|p2a: Melmetal|Double Iron Bash|p1a: Lycanroc
|-supereffective|p1a: Lycanroc
|-enditem|p1a: Lycanroc|Focus Sash
|-damage|p1a: Lycanroc|1/100
|-supereffective|p1a: Lycanroc
|-damage|p1a: Lycanroc|0 fnt
|faint|p1a: Lycanroc
|-hitcount|p1: Lycanroc|2
|
|upkeep
|
|t:|1666652171
|switch|p1a: Excadrill|Excadrill, M|100/100
|-ability|p1a: Excadrill|Mold Breaker
|turn|2
|
|t:|1666652172
|move|p1a: Excadrill|Earthquake|p2a: Melmetal
|-supereffective|p2a: Melmetal
|-damage|p2a: Melmetal|40/100
|move|p2a: Melmetal|Earthquake|p1a: Excadrill
|-supereffective|p1a: Excadrill
|-enditem|p1a: Excadrill|Focus Sash
|-damage|p1a: Excadrill|1/100
|
|upkeep
|turn|3
|
|t:|1666652175
|switch|p2a: landorustherian|Landorus-Therian, M|100/100
|-damage|p2a: landorustherian|88/100|[from] Stealth Rock
|-ability|p2a: landorustherian|Intimidate|boost
|-unboost|p1a: Excadrill|atk|1
|move|p1a: Excadrill|Earthquake|p2a: landorustherian
|-immune|p2a: landorustherian
|
|-heal|p2a: landorustherian|94/100|[from] item: Leftovers
|upkeep
|turn|4
|
|t:|1666652177
|move|p1a: Excadrill|Iron Head|p2a: landorustherian
|-damage|p2a: landorustherian|65/100
|cant|p2a: landorustherian|flinch
|
|-heal|p2a: landorustherian|71/100|[from] item: Leftovers
|upkeep
|turn|5
|
|t:|1666652179
|move|p1a: Excadrill|Iron Head|p2a: landorustherian
|-damage|p2a: landorustherian|45/100
|move|p2a: landorustherian|Defog|p1a: Excadrill
|-unboost|p1a: Excadrill|evasion|1
|-sideend|p2: minimax_ai|Stealth Rock|[from] move: Defog|[of] p2a: landorustherian
|
|-heal|p2a: landorustherian|51/100|[from] item: Leftovers
|upkeep
|turn|6
|
|t:|1666652181
|move|p1a: Excadrill|Iron Head|p2a: landorustherian
|-damage|p2a: landorustherian|21/100
|move|p2a: landorustherian|U-turn|p1a: Excadrill
|-resisted|p1a: Excadrill
|-damage|p1a: Excadrill|0 fnt
|faint|p1a: Excadrill
|
|t:|1666652181
|switch|p2a: rotomwash|Rotom-Wash|100/100|[from]move: U-turn
|
|upkeep
|
|t:|1666652185
|switch|p1a: Rillaboom|Rillaboom, F|100/100
|-fieldstart|move: Grassy Terrain|[from] ability: Grassy Surge|[of] p1a: Rillaboom
|turn|7
|
|t:|1666652188
|switch|p2a: Tangrowth|Tangrowth, F|100/100
|move|p1a: Rillaboom|Superpower|p2a: Tangrowth
|-damage|p2a: Tangrowth|68/100
|-unboost|p1a: Rillaboom|atk|1
|-unboost|p1a: Rillaboom|def|1
|-damage|p1a: Rillaboom|84/100|[from] item: Rocky Helmet|[of] p2a: Tangrowth
|
|-heal|p1a: Rillaboom|90/100|[from] Grassy Terrain
|-heal|p2a: Tangrowth|74/100|[from] Grassy Terrain
|upkeep
|turn|8
|
|t:|1666652193
|switch|p1a: Hawlucha|Hawlucha, F|100/100
|-enditem|p1a: Hawlucha|Grassy Seed
|-boost|p1a: Hawlucha|def|1|[from] item: Grassy Seed
|move|p2a: Tangrowth|Giga Drain|p1a: Hawlucha
|-resisted|p1a: Hawlucha
|-damage|p1a: Hawlucha|69/100
|-heal|p2a: Tangrowth|86/100|[from] drain|[of] p1a: Hawlucha
|
|-heal|p2a: Tangrowth|92/100|[from] Grassy Terrain
|upkeep
|turn|9
|
|t:|1666652197
|move|p1a: Hawlucha|Substitute|p1a: Hawlucha
|-start|p1a: Hawlucha|Substitute
|-damage|p1a: Hawlucha|44/100
|move|p2a: Tangrowth|Sleep Powder||[still]
|-fail|p2a: Tangrowth
|
|-heal|p2a: Tangrowth|98/100|[from] Grassy Terrain
|upkeep
|turn|10
|
|t:|1666652199
|switch|p2a: landorustherian|Landorus-Therian, M|21/100
|-ability|p2a: landorustherian|Intimidate|boost
|-immune|p1a: Hawlucha
|move|p1a: Hawlucha|Swords Dance|p1a: Hawlucha
|-boost|p1a: Hawlucha|atk|2
|
|-heal|p2a: landorustherian|27/100|[from] item: Leftovers
|upkeep
|turn|11
|
|t:|1666652202
|move|p1a: Hawlucha|Acrobatics|p2a: landorustherian
|-damage|p2a: landorustherian|0 fnt
|faint|p2a: landorustherian
|
|-fieldend|move: Grassy Terrain
|upkeep
|
|t:|1666652202
|switch|p2a: Tangrowth|Tangrowth, F|100/100
|turn|12
|
|t:|1666652205
|switch|p2a: Melmetal|Melmetal|40/100
|move|p1a: Hawlucha|Acrobatics|p2a: Melmetal
|-resisted|p2a: Melmetal
|-damage|p2a: Melmetal|11/100
|
|upkeep
|turn|13
|
|t:|1666652208
|move|p1a: Hawlucha|Acrobatics|p2a: Melmetal
|-resisted|p2a: Melmetal
|-damage|p2a: Melmetal|0 fnt
|faint|p2a: Melmetal
|
|upkeep
|
|t:|1666652208
|switch|p2a: Weavile|Weavile, M|100/100
|-ability|p2a: Weavile|Pressure
|turn|14
|
|t:|1666652211
|move|p2a: Weavile|Ice Shard|p1a: Hawlucha
|-supereffective|p1a: Hawlucha
|-end|p1a: Hawlucha|Substitute
|move|p1a: Hawlucha|Close Combat|p2a: Weavile
|-supereffective|p2a: Weavile
|-damage|p2a: Weavile|0 fnt
|-unboost|p1a: Hawlucha|def|1
|-unboost|p1a: Hawlucha|spd|1
|faint|p2a: Weavile
|
|upkeep
|
|t:|1666652211
|switch|p2a: Tangrowth|Tangrowth, F|100/100
|turn|15
|
|t:|1666652214
|move|p1a: Hawlucha|Acrobatics|p2a: Tangrowth
|-supereffective|p2a: Tangrowth
|-damage|p2a: Tangrowth|0 fnt
|-damage|p1a: Hawlucha|27/100|[from] item: Rocky Helmet|[of] p2a: Tangrowth
|faint|p2a: Tangrowth
|
|upkeep
|
|t:|1666652214
|switch|p2a: Heatran|Heatran, M|100/100
|-item|p2a: Heatran|Air Balloon
|turn|16
|
|t:|1666652217
|move|p1a: Hawlucha|Close Combat|p2a: Heatran
|-supereffective|p2a: Heatran
|-damage|p2a: Heatran|0 fnt
|-unboost|p1a: Hawlucha|def|1
|-unboost|p1a: Hawlucha|spd|1
|-enditem|p2a: Heatran|Air Balloon
|faint|p2a: Heatran
|
|upkeep
|
|t:|1666652217
|switch|p2a: rotomwash|Rotom-Wash|100/100
|turn|17
|
|t:|1666652219
|move|p1a: Hawlucha|Close Combat|p2a: rotomwash
|-damage|p2a: rotomwash|0 fnt
|-unboost|p1a: Hawlucha|def|1
|-unboost|p1a: Hawlucha|spd|1
|faint|p2a: rotomwash
|
|win|Kikoobuster
|raw|Kikoobuster's rating: 1528 &rarr; <strong>1547</strong><br />(+19 for winning)
|raw|minimax_ai's rating: 1514 &rarr; <strong>1495</strong><br />(-19 for losing)
|c|☆minimax_ai|gg
