|j|☆Emblema de Fuego
|j|☆Shotintheheart
|t:|1663267432
|gametype|singles
|player|p1|Emblema de Fuego|blue|1788
|player|p2|Shotintheheart|linebacker|1901
|teamsize|p1|6
|teamsize|p2|6
|gen|8
|tier|[Gen 8] OU
|rated|
|rule|Sleep Clause Mod: Limit one foe put to sleep
|rule|Species Clause: Limit one of each Pokémon
|rule|OHKO Clause: OHKO moves are banned
|rule|Evasion Items Clause: Evasion items are banned
|rule|Evasion Moves Clause: Evasion moves are banned
|rule|Endless Battle Clause: Forcing endless battles is banned
|rule|HP Percentage Mod: HP is shown in percentages
|rule|Dynamax Clause: You cannot dynamax
|clearpoke
|poke|p1|Slowbro, M|
|poke|p1|Hatterene, F|
|poke|p1|Marowak-Alola, M|
|poke|p1|Ferrothorn, M|
|poke|p1|Garchomp, F|
|poke|p1|Drampa, M|
|poke|p2|Rillaboom, M|
|poke|p2|Zapdos|
|poke|p2|Obstagoon, M|
|poke|p2|Heatran, M|
|poke|p2|Tapu Fini|
|poke|p2|Swampert, F|
|teampreview
|inactive|Battle timer is ON: inactive players will automatically lose when time's up. (requested by Emblema de Fuego)
|
|t:|1663267488
|start
|switch|p1a: Sonso|Slowbro, M|100/100
|switch|p2a: Rillaboom|Rillaboom, M|100/100
|-fieldstart|move: Grassy Terrain|[from] ability: Grassy Surge|[of] p2a: Rillaboom
|turn|1
|
|t:|1663267499
|move|p2a: Rillaboom|U-turn|p1a: Sonso
|-supereffective|p1a: Sonso
|-damage|p1a: Sonso|52/100
|
|t:|1663267508
|switch|p2a: Obstagoon|Obstagoon, M|100/100|[from]move: U-turn
|move|p1a: Sonso|Trick Room|p1a: Sonso
|-fieldstart|move: Trick Room|[of] p1a: Sonso
|
|-heal|p1a: Sonso|58/100|[from] Grassy Terrain
|-status|p2a: Obstagoon|brn|[from] item: Flame Orb
|upkeep
|turn|2
|
|t:|1663267527
|move|p2a: Obstagoon|Obstruct|p2a: Obstagoon
|-singleturn|p2a: Obstagoon|Protect
|move|p1a: Sonso|Body Press|p2a: Obstagoon
|-activate|p2a: Obstagoon|move: Protect
|-unboost|p1a: Sonso|def|2
|
|-heal|p1a: Sonso|64/100|[from] Grassy Terrain
|-damage|p2a: Obstagoon|95/100 brn|[from] brn
|upkeep
|turn|3
|
|t:|1663267542
|switch|p1a: Falko|Drampa, M|100/100
|switch|p2a: Zapdos|Zapdos, shiny|100/100
|
|upkeep
|turn|4
|j| chainsawhand
|
|t:|1663267558
|move|p1a: Falko|Ice Beam|p2a: Zapdos
|-supereffective|p2a: Zapdos
|-damage|p2a: Zapdos|16/100
|move|p2a: Zapdos|Volt Switch|p1a: Falko
|-resisted|p1a: Falko
|-damage|p1a: Falko|86/100
|
|t:|1663267569
|switch|p2a: Obstagoon|Obstagoon, M|95/100 brn|[from]move: Volt Switch
|
|-heal|p1a: Falko|92/100|[from] Grassy Terrain
|-heal|p2a: Obstagoon|100/100 brn|[from] Grassy Terrain
|-damage|p2a: Obstagoon|95/100 brn|[from] brn
|upkeep
|turn|5
|
|t:|1663267581
|move|p2a: Obstagoon|Obstruct|p2a: Obstagoon
|-singleturn|p2a: Obstagoon|Protect
|move|p1a: Falko|Focus Blast|p2a: Obstagoon
|-activate|p2a: Obstagoon|move: Protect
|
|-heal|p1a: Falko|98/100|[from] Grassy Terrain
|-heal|p2a: Obstagoon|100/100 brn|[from] Grassy Terrain
|-damage|p2a: Obstagoon|95/100 brn|[from] brn
|-fieldend|move: Trick Room
|-fieldend|move: Grassy Terrain
|upkeep
|turn|6
|
|t:|1663267595
|switch|p1a: Thorns|Ferrothorn, M|100/100
|move|p2a: Obstagoon|Knock Off|p1a: Thorns
|-damage|p1a: Thorns|52/100
|-damage|p2a: Obstagoon|82/100 brn|[from] ability: Iron Barbs|[of] p1a: Thorns
|-enditem|p1a: Thorns|Shed Shell|[from] move: Knock Off|[of] p2a: Obstagoon
|
|-damage|p2a: Obstagoon|76/100 brn|[from] brn
|upkeep
|turn|7
|inactive|Shotintheheart has 120 seconds left.
|
|t:|1663267618
|switch|p2a: Zapdos|Zapdos, shiny|16/100
|switch|p1a: Sonso|Slowbro, M|98/100
|
|upkeep
|turn|8
|
|t:|1663267625
|switch|p1a: Sharpo|Garchomp, F|100/100
|move|p2a: Zapdos|Volt Switch|p1a: Sharpo
|-immune|p1a: Sharpo
|
|upkeep
|turn|9
|inactive|Shotintheheart has 120 seconds left.
|
|t:|1663267653
|move|p1a: Sharpo|Swords Dance|p1a: Sharpo
|-boost|p1a: Sharpo|atk|2
|move|p2a: Zapdos|Hurricane|p1a: Sharpo
|-damage|p1a: Sharpo|54/100
|
|-heal|p1a: Sharpo|60/100|[from] item: Leftovers
|upkeep
|turn|10
|
|t:|1663267667
|move|p1a: Sharpo|Stone Edge|p2a: Zapdos|[miss]
|-miss|p1a: Sharpo|p2a: Zapdos
|move|p2a: Zapdos|Hurricane|p1a: Sharpo|[miss]
|-miss|p2a: Zapdos|p1a: Sharpo
|
|-heal|p1a: Sharpo|67/100|[from] item: Leftovers
|upkeep
|turn|11
|
|t:|1663267675
|move|p1a: Sharpo|Scale Shot|p2a: Zapdos
|-damage|p2a: Zapdos|0 fnt
|faint|p2a: Zapdos
|-hitcount|p2: Zapdos|1
|-unboost|p1a: Sharpo|def|1
|-boost|p1a: Sharpo|spe|1
|
|-heal|p1a: Sharpo|73/100|[from] item: Leftovers
|upkeep
|
|t:|1663267683
|switch|p2a: Rillaboom|Rillaboom, M|100/100
|-fieldstart|move: Grassy Terrain|[from] ability: Grassy Surge|[of] p2a: Rillaboom
|turn|12
|
|t:|1663267688
|switch|p1a: Thorns|Ferrothorn, M|52/100
|move|p2a: Rillaboom|Superpower|p1a: Thorns
|-supereffective|p1a: Thorns
|-damage|p1a: Thorns|0 fnt
|-unboost|p2a: Rillaboom|atk|1
|-unboost|p2a: Rillaboom|def|1
|-damage|p2a: Rillaboom|88/100|[from] ability: Iron Barbs|[of] p1a: Thorns
|faint|p1a: Thorns
|
|-heal|p2a: Rillaboom|94/100|[from] Grassy Terrain
|upkeep
|
|t:|1663267700
|switch|p1a: Billy B.|Marowak-Alola, M|100/100
|turn|13
|
|t:|1663267711
|switch|p2a: Swampert|Swampert, F|100/100
|move|p1a: Billy B.|Substitute|p1a: Billy B.
|-start|p1a: Billy B.|Substitute
|-damage|p1a: Billy B.|76/100
|
|-heal|p1a: Billy B.|82/100|[from] Grassy Terrain
|upkeep
|turn|14
|
|t:|1663267719
|move|p1a: Billy B.|Poltergeist|p2a: Swampert
|-activate|p2a: Swampert|move: Poltergeist|Leftovers
|-damage|p2a: Swampert|19/100
|move|p2a: Swampert|Flip Turn|p1a: Billy B.
|-supereffective|p1a: Billy B.
|-end|p1a: Billy B.|Substitute
|
|t:|1663267733
|switch|p2a: Obstagoon|Obstagoon, M|76/100 brn|[from]move: Flip Turn
|
|-heal|p2a: Obstagoon|82/100 brn|[from] Grassy Terrain
|-heal|p1a: Billy B.|88/100|[from] Grassy Terrain
|-damage|p2a: Obstagoon|76/100 brn|[from] brn
|upkeep
|turn|15
|
|t:|1663267747
|switch|p1a: Sharpo|Garchomp, F|73/100
|move|p2a: Obstagoon|Knock Off|p1a: Sharpo
|-damage|p1a: Sharpo|7/100
|-damage|p2a: Obstagoon|64/100 brn|[from] ability: Rough Skin|[of] p1a: Sharpo
|-enditem|p1a: Sharpo|Leftovers|[from] move: Knock Off|[of] p2a: Obstagoon
|
|-heal|p1a: Sharpo|13/100|[from] Grassy Terrain
|-heal|p2a: Obstagoon|70/100 brn|[from] Grassy Terrain
|-damage|p2a: Obstagoon|64/100 brn|[from] brn
|upkeep
|turn|16
|
|t:|1663267765
|switch|p2a: Swampert|Swampert, F|19/100
|move|p1a: Sharpo|Scale Shot|p2a: Swampert
|-damage|p2a: Swampert|7/100
|-damage|p2a: Swampert|0 fnt
|faint|p2a: Swampert
|-hitcount|p2: Swampert|2
|-unboost|p1a: Sharpo|def|1
|-boost|p1a: Sharpo|spe|1
|
|-heal|p1a: Sharpo|20/100|[from] Grassy Terrain
|-fieldend|move: Grassy Terrain
|upkeep
|l| chainsawhand
|
|t:|1663267775
|switch|p2a: Rillaboom|Rillaboom, M|94/100
|-fieldstart|move: Grassy Terrain|[from] ability: Grassy Surge|[of] p2a: Rillaboom
|turn|17
|
|t:|1663267782
|move|p2a: Rillaboom|Grassy Glide|p1a: Sharpo
|-damage|p1a: Sharpo|0 fnt
|-damage|p2a: Rillaboom|82/100|[from] ability: Rough Skin|[of] p1a: Sharpo
|faint|p1a: Sharpo
|
|-heal|p2a: Rillaboom|88/100|[from] Grassy Terrain
|upkeep
|
|t:|1663267790
|switch|p1a: Falko|Drampa, M|98/100
|turn|18
|
|t:|1663267799
|switch|p2a: Tapu Fini|Tapu Fini|100/100
|-fieldstart|move: Misty Terrain|[from] ability: Misty Surge|[of] p2a: Tapu Fini
|move|p1a: Falko|Thunderbolt|p2a: Tapu Fini
|-supereffective|p2a: Tapu Fini
|-damage|p2a: Tapu Fini|26/100
|
|-heal|p2a: Tapu Fini|32/100|[from] item: Leftovers
|upkeep
|turn|19
|
|t:|1663267809
|move|p2a: Tapu Fini|Draining Kiss|p1a: Falko
|-supereffective|p1a: Falko
|-damage|p1a: Falko|63/100
|-heal|p2a: Tapu Fini|60/100|[from] drain|[of] p1a: Falko
|move|p1a: Falko|Thunderbolt|p2a: Tapu Fini
|-supereffective|p2a: Tapu Fini
|-damage|p2a: Tapu Fini|0 fnt
|faint|p2a: Tapu Fini
|
|upkeep
|
|t:|1663267834
|switch|p2a: Obstagoon|Obstagoon, M|64/100 brn
|turn|20
|
|t:|1663267854
|switch|p1a: Gorra|Hatterene, F|100/100
|move|p2a: Obstagoon|Facade|p1a: Gorra
|-damage|p1a: Gorra|8/100
|
|-damage|p2a: Obstagoon|58/100 brn|[from] brn
|upkeep
|turn|21
|
|t:|1663267862
|move|p2a: Obstagoon|Knock Off|p1a: Gorra
|-damage|p1a: Gorra|0 fnt
|-enditem|p1a: Gorra|Kasib Berry|[from] move: Knock Off|[of] p2a: Obstagoon
|faint|p1a: Gorra
|
|-damage|p2a: Obstagoon|52/100 brn|[from] brn
|upkeep
|
|t:|1663267868
|switch|p1a: Sonso|Slowbro, M|100/100
|turn|22
|
|t:|1663267882
|move|p2a: Obstagoon|Knock Off|p1a: Sonso
|-supereffective|p1a: Sonso
|-enditem|p1a: Sonso|Colbur Berry|[eat]
|-enditem|p1a: Sonso|Colbur Berry|[weaken]
|-damage|p1a: Sonso|60/100
|move|p1a: Sonso|Trick Room|p1a: Sonso
|-fieldstart|move: Trick Room|[of] p1a: Sonso
|
|-damage|p2a: Obstagoon|46/100 brn|[from] brn
|-fieldend|Misty Terrain
|upkeep
|turn|23
|
|t:|1663267895
|switch|p1a: Falko|Drampa, M|63/100
|move|p2a: Obstagoon|Obstruct||[still]
|-fail|p2a: Obstagoon
|
|-damage|p2a: Obstagoon|40/100 brn|[from] brn
|upkeep
|turn|24
|
|t:|1663267905
|move|p2a: Obstagoon|Obstruct|p2a: Obstagoon
|-singleturn|p2a: Obstagoon|Protect
|move|p1a: Falko|Roost|p1a: Falko
|-heal|p1a: Falko|100/100
|-singleturn|p1a: Falko|move: Roost
|
|-damage|p2a: Obstagoon|34/100 brn|[from] brn
|upkeep
|turn|25
|
|t:|1663267921
|move|p1a: Falko|Focus Blast|p2a: Obstagoon
|-supereffective|p2a: Obstagoon
|-damage|p2a: Obstagoon|0 fnt
|faint|p2a: Obstagoon
|
|upkeep
|
|t:|1663267936
|switch|p2a: Rillaboom|Rillaboom, M|88/100
|-fieldstart|move: Grassy Terrain|[from] ability: Grassy Surge|[of] p2a: Rillaboom
|turn|26
|
|t:|1663267952
|switch|p2a: Heatran|Heatran, M|100/100
|move|p1a: Falko|Ice Beam|p2a: Heatran
|-resisted|p2a: Heatran
|-damage|p2a: Heatran|91/100
|
|-heal|p2a: Heatran|97/100|[from] Grassy Terrain
|-fieldend|move: Trick Room
|upkeep
|turn|27
|inactive|Shotintheheart has 120 seconds left.
|
|t:|1663267975
|move|p2a: Heatran|Toxic|p1a: Falko
|-status|p1a: Falko|tox
|move|p1a: Falko|Focus Blast|p2a: Heatran
|-supereffective|p2a: Heatran
|-damage|p2a: Heatran|0 fnt
|faint|p2a: Heatran
|
|-damage|p1a: Falko|94/100 tox|[from] psn
|upkeep
|c|☆Emblema de Fuego|gg
|
|t:|1663267984
|switch|p2a: Rillaboom|Rillaboom, M|88/100
|turn|28
|
|t:|1663267988
|move|p2a: Rillaboom|Wood Hammer|p1a: Falko
|-resisted|p1a: Falko
|-damage|p1a: Falko|23/100 tox
|-damage|p2a: Rillaboom|64/100|[from] Recoil
|-ability|p1a: Falko|Berserk|boost
|-boost|p1a: Falko|spa|1
|move|p1a: Falko|Ice Beam|p2a: Rillaboom
|-supereffective|p2a: Rillaboom
|-damage|p2a: Rillaboom|0 fnt
|faint|p2a: Rillaboom
|
|win|Emblema de Fuego
|raw|Emblema de Fuego's rating: 1788 &rarr; <strong>1814</strong><br />(+26 for winning)
|raw|Shotintheheart's rating: 1901 &rarr; <strong>1875</strong><br />(-26 for losing)
|c|☆Shotintheheart|gg
|l|☆Shotintheheart
||Ladder isn't responding, score probably updated but might not have (Request timeout).
