|j|☆quixana
|j|☆knexhawk2
|t:|1666998166
|gametype|singles
|player|p1|quixana|ethan-pokeathlon|1693
|player|p2|knexhawk2|red-masters|1653
|teamsize|p1|6
|teamsize|p2|6
|gen|8
|tier|[Gen 8] OU
|rated|
|rule|Sleep Clause Mod: Limit one foe put to sleep
|rule|Species Clause: Limit one of each Pokémon
|rule|OHKO Clause: OHKO moves are banned
|rule|Evasion Items Clause: Evasion items are banned
|rule|Evasion Moves Clause: Evasion moves are banned
|rule|Endless Battle Clause: Forcing endless battles is banned
|rule|HP Percentage Mod: HP is shown in percentages
|rule|Dynamax Clause: You cannot dynamax
|clearpoke
|poke|p1|Xurkitree|
|poke|p1|Slowbro, F|
|poke|p1|Rillaboom, M|
|poke|p1|Melmetal|
|poke|p1|Tornadus-Therian, M|
|poke|p1|Landorus-Therian, M|
|poke|p2|Melmetal|
|poke|p2|Cresselia, F|
|poke|p2|Gastrodon-East, M|
|poke|p2|Garchomp, F|
|poke|p2|Skarmory, M|
|poke|p2|Clefable, M|
|teampreview
|c|☆knexhawk2|ayo this is my team
|c|☆knexhawk2|gl
|c|☆quixana|eyyy
|c|☆quixana|wassup bro
|c|☆knexhawk2|sup
|c|☆quixana|this team is fun
|c|☆quixana|but im not as good as you
|c|☆knexhawk2|yeah its super fun if u get predicts right
|c|☆knexhawk2|nah im ass
|c|☆quixana|i haven't hit 2k
|
|t:|1666998239
|start
|switch|p1a: Tornadus|Tornadus-Therian, M|100/100
|switch|p2a: i hate myself too|Clefable, M|100/100
|turn|1
|
|t:|1666998246
|move|p1a: Tornadus|Knock Off|p2a: i hate myself too
|-resisted|p2a: i hate myself too
|-damage|p2a: i hate myself too|92/100
|-enditem|p2a: i hate myself too|Leftovers|[from] move: Knock Off|[of] p1a: Tornadus
|move|p2a: i hate myself too|Thunder Wave|p1a: Tornadus
|-status|p1a: Tornadus|par
|
|upkeep
|turn|2
|c|☆knexhawk2|not yet
|
|t:|1666998254
|move|p1a: Tornadus|U-turn|p2a: i hate myself too
|-resisted|p2a: i hate myself too
|-damage|p2a: i hate myself too|86/100
|c|☆knexhawk2|ur on the way
|
|t:|1666998256
|switch|p1a: Melmetal|Melmetal|100/100|[from]move: U-turn
|move|p2a: i hate myself too|Knock Off|p1a: Melmetal
|-damage|p1a: Melmetal|93/100
|-enditem|p1a: Melmetal|Leftovers|[from] move: Knock Off|[of] p2a: i hate myself too
|
|upkeep
|turn|3
|
|t:|1666998266
|switch|p2a: the bird|Skarmory, M|100/100
|switch|p1a: christmas lights|Xurkitree, shiny|100/100
|
|upkeep
|turn|4
|
|t:|1666998273
|switch|p2a: floaty|Cresselia, F|100/100
|move|p1a: christmas lights|Dazzling Gleam|p2a: floaty
|-damage|p2a: floaty|75/100
|
|upkeep
|turn|5
|
|t:|1666998281
|switch|p1a: Tornadus|Tornadus-Therian, M|100/100 par
|move|p2a: floaty|Thunder Wave|p1a: Tornadus
|-fail|p1a: Tornadus|par
|
|upkeep
|turn|6
|
|t:|1666998287
|switch|p2a: i hate myself too|Clefable, M|86/100
|move|p1a: Tornadus|U-turn|p2a: i hate myself too
|-resisted|p2a: i hate myself too
|-damage|p2a: i hate myself too|80/100
|
|t:|1666998294
|switch|p1a: christmas lights|Xurkitree, shiny|100/100|[from]move: U-turn
|
|upkeep
|turn|7
|
|t:|1666998298
|move|p1a: christmas lights|Volt Switch|p2a: i hate myself too
|-damage|p2a: i hate myself too|30/100
|
|t:|1666998302
|switch|p1a: Melmetal|Melmetal|93/100|[from]move: Volt Switch
|move|p2a: i hate myself too|Moonblast|p1a: Melmetal
|-resisted|p1a: Melmetal
|-damage|p1a: Melmetal|82/100
|-unboost|p1a: Melmetal|spa|1
|
|upkeep
|turn|8
|
|t:|1666998311
|switch|p2a: the bird|Skarmory, M|100/100
|move|p1a: Melmetal|Double Iron Bash|p2a: the bird
|-resisted|p2a: the bird
|-damage|p2a: the bird|92/100
|-damage|p1a: Melmetal|66/100|[from] item: Rocky Helmet|[of] p2a: the bird
|-resisted|p2a: the bird
|-damage|p2a: the bird|81/100
|-damage|p1a: Melmetal|49/100|[from] item: Rocky Helmet|[of] p2a: the bird
|-hitcount|p2a: the bird|2
|
|upkeep
|turn|9
|
|t:|1666998315
|switch|p1a: christmas lights|Xurkitree, shiny|100/100
|move|p2a: the bird|Spikes|p1a: christmas lights
|-sidestart|p1: quixana|Spikes
|
|upkeep
|turn|10
|
|t:|1666998322
|switch|p2a: i want a sandwich|Garchomp, F|100/100
|move|p1a: christmas lights|Energy Ball|p2a: i want a sandwich
|-damage|p2a: i want a sandwich|53/100
|
|-heal|p2a: i want a sandwich|59/100|[from] item: Leftovers
|upkeep
|turn|11
|
|t:|1666998333
|switch|p2a: floaty|Cresselia, F|75/100
|switch|p1a: Landorus|Landorus-Therian, M|100/100
|-ability|p1a: Landorus|Intimidate|boost
|-unboost|p2a: floaty|atk|1
|
|upkeep
|turn|12
|
|t:|1666998340
|move|p2a: floaty|Ice Beam|p1a: Landorus
|-supereffective|p1a: Landorus
|-damage|p1a: Landorus|54/100
|move|p1a: Landorus|U-turn|p2a: floaty
|-supereffective|p2a: floaty
|-damage|p2a: floaty|49/100
|
|t:|1666998347
|switch|p1a: christmas lights|Xurkitree, shiny|100/100|[from]move: U-turn
|-damage|p1a: christmas lights|88/100|[from] Spikes
|
|upkeep
|turn|13
|
|t:|1666998353
|switch|p2a: slug man|Gastrodon-East, M|100/100
|move|p1a: christmas lights|Energy Ball|p2a: slug man
|-supereffective|p2a: slug man
|-damage|p2a: slug man|0 fnt
|faint|p2a: slug man
|-ability|p1a: christmas lights|Beast Boost|boost
|-boost|p1a: christmas lights|spa|1
|
|upkeep
|
|t:|1666998356
|switch|p2a: i want a sandwich|Garchomp, F|59/100
|turn|14
|
|t:|1666998360
|switch|p1a: Slowbro|Slowbro, F|100/100
|-damage|p1a: Slowbro|88/100|[from] Spikes
|move|p2a: i want a sandwich|Scale Shot|p1a: Slowbro
|-damage|p1a: Slowbro|79/100
|-crit|p1a: Slowbro
|-damage|p1a: Slowbro|66/100
|-damage|p1a: Slowbro|58/100
|-damage|p1a: Slowbro|50/100
|-damage|p1a: Slowbro|42/100
|-hitcount|p1a: Slowbro|5
|-unboost|p2a: i want a sandwich|def|1
|-boost|p2a: i want a sandwich|spe|1
|
|-heal|p2a: i want a sandwich|65/100|[from] item: Leftovers
|upkeep
|turn|15
|c|☆quixana|ey yo
|c|☆quixana|5 hits was not called for
|c|☆knexhawk2|ur good man u got the reads ur gonna shred me  with that xurk
|c|☆quixana|ik
|c|☆quixana|im just playin
|c|☆knexhawk2|ah
|
|t:|1666998414
|switch|p2a: i hate myself too|Clefable, M|30/100
|move|p1a: Slowbro|Teleport|p1a: Slowbro
|c|☆knexhawk2|forgot how much damage that thing does. 50 to clef with volt is wild
|
|t:|1666998424
|switch|p1a: christmas lights|Xurkitree, shiny|88/100|[from]move: Teleport
|-damage|p1a: christmas lights|76/100|[from] Spikes
|
|upkeep
|turn|16
|c|☆quixana|yeah
|c|☆quixana|it's insane
|
|t:|1666998458
|switch|p2a: floaty|Cresselia, F|49/100
|move|p1a: christmas lights|Energy Ball|p2a: floaty
|-damage|p2a: floaty|21/100
|
|upkeep
|turn|17
|
|t:|1666998468
|move|p2a: floaty|Lunar Dance|p2a: floaty
|faint|p2a: floaty
|move|p1a: christmas lights|Energy Ball|p2: floaty|[notarget]
|-fail|p1a: christmas lights
|
|upkeep
|
|t:|1666998469
|switch|p2a: i want a sandwich|Garchomp, F|65/100
|-heal|p2a: i want a sandwich|100/100|[from] move: Lunar Dance
|turn|18
|c|☆quixana|so you were scarf
|c|☆knexhawk2|yessir
|j| BabyPigsAreLaughin
|
|t:|1666998487
|switch|p1a: Landorus|Landorus-Therian, M|54/100
|-ability|p1a: Landorus|Intimidate|boost
|-unboost|p2a: i want a sandwich|atk|1
|move|p2a: i want a sandwich|Swords Dance|p2a: i want a sandwich
|-boost|p2a: i want a sandwich|atk|2
|
|-heal|p1a: Landorus|60/100|[from] item: Leftovers
|upkeep
|turn|19
|
|t:|1666998497
|move|p2a: i want a sandwich|Scale Shot|p1a: Landorus
|-damage|p1a: Landorus|42/100
|-damage|p1a: Landorus|22/100
|-hitcount|p1a: Landorus|2
|-unboost|p2a: i want a sandwich|def|1
|-boost|p2a: i want a sandwich|spe|1
|move|p1a: Landorus|Earth Power|p2a: i want a sandwich
|-damage|p2a: i want a sandwich|63/100
|
|-heal|p2a: i want a sandwich|69/100|[from] item: Leftovers
|-heal|p1a: Landorus|28/100|[from] item: Leftovers
|upkeep
|turn|20
|c|☆knexhawk2|i love knowing how ass this lando is before hand
|c|☆quixana|yeah
|c|☆quixana|i need to change it to eq
|c|☆quixana|ep has never succeeded
|c|☆knexhawk2|yeah i was tired of losing to kartana so i had ep
|
|t:|1666998540
|move|p2a: i want a sandwich|Stealth Rock|p1a: Landorus
|-sidestart|p1: quixana|move: Stealth Rock
|move|p1a: Landorus|Earth Power|p2a: i want a sandwich
|-damage|p2a: i want a sandwich|31/100
|
|-heal|p2a: i want a sandwich|37/100|[from] item: Leftovers
|-heal|p1a: Landorus|34/100|[from] item: Leftovers
|upkeep
|turn|21
|c|☆knexhawk2|its honestly awful either way
|
|t:|1666998554
|move|p2a: i want a sandwich|Scale Shot|p1a: Landorus
|-damage|p1a: Landorus|16/100
|-damage|p1a: Landorus|0 fnt
|faint|p1a: Landorus
|-hitcount|p1: Landorus|2
|-unboost|p2a: i want a sandwich|def|1
|-boost|p2a: i want a sandwich|spe|1
|
|-heal|p2a: i want a sandwich|43/100|[from] item: Leftovers
|upkeep
|
|t:|1666998559
|switch|p1a: Rillaboom|Rillaboom, M|100/100
|-damage|p1a: Rillaboom|88/100|[from] Spikes
|-damage|p1a: Rillaboom|76/100|[from] Stealth Rock
|-fieldstart|move: Grassy Terrain|[from] ability: Grassy Surge|[of] p1a: Rillaboom
|turn|22
|
|t:|1666998562
|switch|p2a: the bird|Skarmory, M|81/100
|move|p1a: Rillaboom|Grassy Glide|p2a: the bird
|-resisted|p2a: the bird
|-damage|p2a: the bird|71/100
|-damage|p1a: Rillaboom|59/100|[from] item: Rocky Helmet|[of] p2a: the bird
|
|-heal|p1a: Rillaboom|65/100|[from] Grassy Terrain
|upkeep
|turn|23
|
|t:|1666998569
|switch|p1a: Slowbro|Slowbro, F|75/100
|-damage|p1a: Slowbro|63/100|[from] Spikes
|-damage|p1a: Slowbro|50/100|[from] Stealth Rock
|move|p2a: the bird|Spikes|p1a: Slowbro
|-sidestart|p1: quixana|Spikes
|
|-heal|p1a: Slowbro|57/100|[from] Grassy Terrain
|upkeep
|turn|24
|
|t:|1666998583
|switch|p2a: unbannable|Melmetal|100/100
|move|p1a: Slowbro|Flamethrower|p2a: unbannable
|-supereffective|p2a: unbannable
|-damage|p2a: unbannable|53/100
|
|-heal|p2a: unbannable|59/100|[from] Grassy Terrain
|-heal|p1a: Slowbro|63/100|[from] Grassy Terrain
|upkeep
|turn|25
|
|t:|1666998590
|switch|p1a: Melmetal|Melmetal|49/100
|-damage|p1a: Melmetal|32/100|[from] Spikes
|-damage|p1a: Melmetal|26/100|[from] Stealth Rock
|move|p2a: unbannable|Thunder Punch|p1a: Melmetal
|-damage|p1a: Melmetal|7/100
|
|-heal|p2a: unbannable|65/100|[from] Grassy Terrain
|-heal|p1a: Melmetal|13/100|[from] Grassy Terrain
|upkeep
|turn|26
|
|t:|1666998595
|switch|p2a: the bird|Skarmory, M|71/100
|move|p1a: Melmetal|Double Iron Bash|p2a: the bird
|-resisted|p2a: the bird
|-damage|p2a: the bird|61/100
|-damage|p1a: Melmetal|0 fnt|[from] item: Rocky Helmet|[of] p2a: the bird
|faint|p1a: Melmetal
|-hitcount|p2a: the bird|1
|
|-fieldend|move: Grassy Terrain
|upkeep
|c|☆knexhawk2|wait why did i switch i know i was faster lol
|
|t:|1666998611
|switch|p1a: Slowbro|Slowbro, F|96/100
|-damage|p1a: Slowbro|79/100|[from] Spikes
|-damage|p1a: Slowbro|67/100|[from] Stealth Rock
|turn|27
|
|t:|1666998626
|move|p2a: the bird|Roost|p2a: the bird
|-heal|p2a: the bird|100/100
|-singleturn|p2a: the bird|move: Roost
|move|p1a: Slowbro|Flamethrower|p2a: the bird
|-supereffective|p2a: the bird
|-damage|p2a: the bird|42/100
|
|upkeep
|turn|28
|
|t:|1666998630
|switch|p2a: i hate myself too|Clefable, M|30/100
|move|p1a: Slowbro|Scald|p2a: i hate myself too
|-damage|p2a: i hate myself too|4/100
|-status|p2a: i hate myself too|brn
|
|upkeep
|turn|29
|
|t:|1666998634
|move|p2a: i hate myself too|Soft-Boiled|p2a: i hate myself too
|-heal|p2a: i hate myself too|54/100 brn
|move|p1a: Slowbro|Teleport|p1a: Slowbro
|
|t:|1666998638
|switch|p1a: christmas lights|Xurkitree, shiny|76/100|[from]move: Teleport
|-damage|p1a: christmas lights|59/100|[from] Spikes
|-damage|p1a: christmas lights|47/100|[from] Stealth Rock
|
|upkeep
|turn|30
|
|t:|1666998649
|switch|p2a: unbannable|Melmetal|65/100
|move|p1a: christmas lights|Thunderbolt|p2a: unbannable
|-damage|p2a: unbannable|0 fnt
|faint|p2a: unbannable
|-ability|p1a: christmas lights|Beast Boost|boost
|-boost|p1a: christmas lights|spa|1
|
|upkeep
|
|t:|1666998652
|switch|p2a: i want a sandwich|Garchomp, F|43/100
|turn|31
|j| Cabester99
|j| ET89
|
|t:|1666998731
|switch|p1a: Tornadus|Tornadus-Therian, M|100/100 par
|-damage|p1a: Tornadus|76/100 par|[from] Stealth Rock
|move|p2a: i want a sandwich|Scale Shot|p1a: Tornadus
|-damage|p1a: Tornadus|58/100 par
|-damage|p1a: Tornadus|41/100 par
|-damage|p1a: Tornadus|26/100 par
|-hitcount|p1a: Tornadus|3
|-unboost|p2a: i want a sandwich|def|1
|-boost|p2a: i want a sandwich|spe|1
|
|-heal|p2a: i want a sandwich|49/100|[from] item: Leftovers
|upkeep
|turn|32
|l| ET89
|
|t:|1666998772
|move|p2a: i want a sandwich|Scale Shot|p1a: Tornadus
|-damage|p1a: Tornadus|10/100 par
|-crit|p1a: Tornadus
|-damage|p1a: Tornadus|0 fnt
|faint|p1a: Tornadus
|-hitcount|p1: Tornadus|2
|-unboost|p2a: i want a sandwich|def|1
|-boost|p2a: i want a sandwich|spe|1
|
|-heal|p2a: i want a sandwich|56/100|[from] item: Leftovers
|upkeep
|
|t:|1666998777
|switch|p1a: Rillaboom|Rillaboom, M|65/100
|-damage|p1a: Rillaboom|49/100|[from] Spikes
|-damage|p1a: Rillaboom|36/100|[from] Stealth Rock
|-fieldstart|move: Grassy Terrain|[from] ability: Grassy Surge|[of] p1a: Rillaboom
|turn|33
|
|t:|1666998786
|switch|p2a: i hate myself too|Clefable, M|54/100 brn
|move|p1a: Rillaboom|Superpower|p2a: i hate myself too
|-resisted|p2a: i hate myself too
|-damage|p2a: i hate myself too|30/100 brn
|-unboost|p1a: Rillaboom|atk|1
|-unboost|p1a: Rillaboom|def|1
|
|-heal|p1a: Rillaboom|43/100|[from] Grassy Terrain
|-heal|p2a: i hate myself too|36/100 brn|[from] Grassy Terrain
|upkeep
|turn|34
|c|☆quixana|fuck
|c|☆quixana|you got me
|
|t:|1666998809
|switch|p1a: Slowbro|Slowbro, F|99/100
|-damage|p1a: Slowbro|84/100|[from] Spikes
|-damage|p1a: Slowbro|71/100|[from] Stealth Rock
|move|p2a: i hate myself too|Moonblast|p1a: Slowbro
|-damage|p1a: Slowbro|41/100
|
|-heal|p2a: i hate myself too|42/100 brn|[from] Grassy Terrain
|-heal|p1a: Slowbro|47/100|[from] Grassy Terrain
|upkeep
|turn|35
|c|☆knexhawk2|i have such a good matchup vs that team
|c|☆knexhawk2|but its still terrifying
|c|☆quixana|ye
|
|t:|1666998818
|move|p2a: i hate myself too|Soft-Boiled|p2a: i hate myself too
|-heal|p2a: i hate myself too|92/100 brn
|move|p1a: Slowbro|Teleport|p1a: Slowbro
|
|t:|1666998821
|switch|p1a: christmas lights|Xurkitree, shiny|47/100|[from]move: Teleport
|-damage|p1a: christmas lights|30/100|[from] Spikes
|-damage|p1a: christmas lights|18/100|[from] Stealth Rock
|
|-heal|p1a: christmas lights|24/100|[from] Grassy Terrain
|-heal|p2a: i hate myself too|98/100 brn|[from] Grassy Terrain
|upkeep
|turn|36
|
|t:|1666998826
|move|p1a: christmas lights|Thunderbolt|p2a: i hate myself too
|-damage|p2a: i hate myself too|31/100 brn
|move|p2a: i hate myself too|Moonblast|p1a: christmas lights
|-damage|p1a: christmas lights|0 fnt
|faint|p1a: christmas lights
|
|-heal|p2a: i hate myself too|37/100 brn|[from] Grassy Terrain
|upkeep
|c|☆quixana|gg
|
|t:|1666998832
|switch|p1a: Rillaboom|Rillaboom, M|43/100
|-damage|p1a: Rillaboom|26/100|[from] Spikes
|-damage|p1a: Rillaboom|14/100|[from] Stealth Rock
|turn|37
|c|☆knexhawk2|ggs
|
|t:|1666998838
|switch|p2a: the bird|Skarmory, M|42/100
|move|p1a: Rillaboom|Superpower|p2a: the bird
|-crit|p2a: the bird
|-damage|p2a: the bird|0 fnt
|-unboost|p1a: Rillaboom|atk|1
|-unboost|p1a: Rillaboom|def|1
|-damage|p1a: Rillaboom|0 fnt|[from] item: Rocky Helmet|[of] p2a: the bird
|faint|p2a: the bird
|faint|p1a: Rillaboom
|
|-fieldend|move: Grassy Terrain
|upkeep
|
|t:|1666998842
|switch|p1a: Slowbro|Slowbro, F|80/100
|switch|p2a: i want a sandwich|Garchomp, F|56/100
|-damage|p1a: Slowbro|64/100|[from] Spikes
|-damage|p1a: Slowbro|51/100|[from] Stealth Rock
|turn|38
|j| Horvendil
|
|t:|1666998848
|move|p2a: i want a sandwich|Swords Dance|p2a: i want a sandwich
|-boost|p2a: i want a sandwich|atk|2
|move|p1a: Slowbro|Slack Off|p1a: Slowbro
|-heal|p1a: Slowbro|100/100
|
|-heal|p2a: i want a sandwich|62/100|[from] item: Leftovers
|upkeep
|turn|39
|
|t:|1666998851
|move|p2a: i want a sandwich|Earthquake|p1a: Slowbro
|-damage|p1a: Slowbro|33/100
|move|p1a: Slowbro|Scald|p2a: i want a sandwich
|-damage|p2a: i want a sandwich|33/100
|
|-heal|p2a: i want a sandwich|39/100|[from] item: Leftovers
|upkeep
|turn|40
|
|t:|1666998857
|move|p2a: i want a sandwich|Earthquake|p1a: Slowbro
|-damage|p1a: Slowbro|0 fnt
|faint|p1a: Slowbro
|
|win|knexhawk2
|raw|quixana's rating: 1675 &rarr; <strong>1654</strong><br />(-21 for losing)
|raw|knexhawk2's rating: 1653 &rarr; <strong>1674</strong><br />(+21 for winning)
|c|☆knexhawk2|hows that team worked so far for u
|c|☆quixana|ive dropped
|c|☆quixana|ngl
|c|☆knexhawk2|lol rip
|c|☆quixana|all stall run skarm bliss
|c|☆quixana|or shed
|c|☆knexhawk2|yeah its so ass vs skarm bliss
||Ladder isn't responding, score probably updated but might not have (Request timeout).
