|j|☆aursnes
|j|☆bramitoboy
|t:|1667582478
|gametype|singles
|player|p1|aursnes|bugsy|1707
|player|p2|bramitoboy|265|1844
|teamsize|p1|6
|teamsize|p2|6
|gen|8
|tier|[Gen 8] OU
|rated|
|rule|Sleep Clause Mod: Limit one foe put to sleep
|rule|Species Clause: Limit one of each Pokémon
|rule|OHKO Clause: OHKO moves are banned
|rule|Evasion Items Clause: Evasion items are banned
|rule|Evasion Moves Clause: Evasion moves are banned
|rule|Endless Battle Clause: Forcing endless battles is banned
|rule|HP Percentage Mod: HP is shown in percentages
|rule|Dynamax Clause: You cannot dynamax
|clearpoke
|poke|p1|Toxapex, M|
|poke|p1|Clefable, M|
|poke|p1|Landorus-Therian, M|
|poke|p1|Heatran, F|
|poke|p1|Slowking-Galar, M|
|poke|p1|Corviknight, M|
|poke|p2|Zarude-Dada|
|poke|p2|Keldeo-Resolute|
|poke|p2|Tapu Lele|
|poke|p2|Tapu Koko|
|poke|p2|Heatran, F|
|poke|p2|Landorus-Therian, M|
|teampreview
|inactive|Battle timer is ON: inactive players will automatically lose when time's up. (requested by aursnes)
|
|t:|1667582503
|start
|switch|p1a: Clefable|Clefable, M|100/100
|switch|p2a: Zarude|Zarude-Dada|100/100
|turn|1
|inactive|aursnes has 120 seconds left.
|
|t:|1667582538
|switch|p1a: Toxapex|Toxapex, M|100/100
|move|p2a: Zarude|Power Whip|p1a: Toxapex
|-crit|p1a: Toxapex
|-damage|p1a: Toxapex|26/100
|-damage|p2a: Zarude|91/100|[from] item: Life Orb
|
|-heal|p1a: Toxapex|32/100|[from] item: Black Sludge
|upkeep
|turn|2
|
|t:|1667582549
|switch|p2a: Heatran|Heatran, F|100/100
|-item|p2a: Heatran|Air Balloon
|switch|p1a: Landorus|Landorus-Therian, M|100/100
|-ability|p1a: Landorus|Intimidate|boost
|-unboost|p2a: Heatran|atk|1
|
|upkeep
|turn|3
|
|t:|1667582555
|move|p1a: Landorus|U-turn|p2a: Heatran
|-resisted|p2a: Heatran
|-crit|p2a: Heatran
|-damage|p2a: Heatran|92/100
|-enditem|p2a: Heatran|Air Balloon
|
|t:|1667582557
|switch|p1a: Clefable|Clefable, M|100/100|[from]move: U-turn
|move|p2a: Heatran|Earth Power|p1a: Clefable
|-damage|p1a: Clefable|75/100
|
|upkeep
|turn|4
|
|t:|1667582563
|move|p2a: Heatran|Taunt|p1a: Clefable
|-start|p1a: Clefable|move: Taunt
|cant|p1a: Clefable|move: Taunt|Trick
|
|upkeep
|turn|5
|
|t:|1667582569
|switch|p1a: Slowking|Slowking-Galar, M|100/100
|move|p2a: Heatran|Stealth Rock|p1a: Slowking
|-sidestart|p1: aursnes|move: Stealth Rock
|
|upkeep
|turn|6
|
|t:|1667582574
|move|p2a: Heatran|Earth Power|p1a: Slowking
|-supereffective|p1a: Slowking
|-damage|p1a: Slowking|63/100
|move|p1a: Slowking|Scald|p2a: Heatran
|-supereffective|p2a: Heatran
|-damage|p2a: Heatran|43/100
|
|upkeep
|turn|7
|
|t:|1667582579
|switch|p2a: Tapu Lele|Tapu Lele|100/100
|-fieldstart|move: Psychic Terrain|[from] ability: Psychic Surge|[of] p2a: Tapu Lele
|move|p1a: Slowking|Scald|p2a: Tapu Lele
|-damage|p2a: Tapu Lele|79/100
|
|upkeep
|turn|8
|
|t:|1667582583
|switch|p1a: Heatran|Heatran, F|100/100
|-damage|p1a: Heatran|88/100|[from] Stealth Rock
|move|p2a: Tapu Lele|Focus Blast|p1a: Heatran
|-supereffective|p1a: Heatran
|-damage|p1a: Heatran|35/100
|
|-heal|p1a: Heatran|41/100|[from] item: Leftovers
|upkeep
|turn|9
|
|t:|1667582592
|switch|p1a: Slowking|Slowking-Galar, M|96/100
|-damage|p1a: Slowking|84/100|[from] Stealth Rock
|move|p2a: Tapu Lele|Psyshock|p1a: Slowking
|-damage|p1a: Slowking|23/100
|
|upkeep
|turn|10
|
|t:|1667582599
|switch|p1a: Corviknight|Corviknight, M|100/100
|-damage|p1a: Corviknight|88/100|[from] Stealth Rock
|-ability|p1a: Corviknight|Pressure
|move|p2a: Tapu Lele|Thunderbolt|p1a: Corviknight
|-supereffective|p1a: Corviknight
|-damage|p1a: Corviknight|24/100
|
|upkeep
|turn|11
|c|☆bramitoboy|ahaha
|
|t:|1667582609
|switch|p1a: Slowking|Slowking-Galar, M|56/100
|-damage|p1a: Slowking|43/100|[from] Stealth Rock
|move|p2a: Tapu Lele|Thunderbolt|p1a: Slowking
|-damage|p1a: Slowking|26/100
|
|-fieldend|move: Psychic Terrain
|upkeep
|turn|12
|
|t:|1667582619
|move|p2a: Tapu Lele|Psyshock|p1a: Slowking
|-damage|p1a: Slowking|0 fnt
|faint|p1a: Slowking
|
|upkeep
|
|t:|1667582621
|switch|p1a: Clefable|Clefable, M|75/100
|turn|13
|
|t:|1667582625
|move|p2a: Tapu Lele|Moonblast|p1a: Clefable
|-damage|p1a: Clefable|42/100
|move|p1a: Clefable|Trick|p2a: Tapu Lele
|-activate|p1a: Clefable|move: Trick|[of] p2a: Tapu Lele
|-item|p2a: Tapu Lele|Sticky Barb|[from] move: Trick
|-item|p1a: Clefable|Assault Vest|[from] move: Trick
|
|-damage|p2a: Tapu Lele|67/100|[from] item: Sticky Barb
|upkeep
|turn|14
|
|t:|1667582630
|move|p2a: Tapu Lele|Psyshock|p1a: Clefable
|-damage|p1a: Clefable|0 fnt
|faint|p1a: Clefable
|
|-damage|p2a: Tapu Lele|54/100|[from] item: Sticky Barb
|upkeep
|
|t:|1667582634
|switch|p1a: Landorus|Landorus-Therian, M|100/100
|-damage|p1a: Landorus|88/100|[from] Stealth Rock
|-ability|p1a: Landorus|Intimidate|boost
|-unboost|p2a: Tapu Lele|atk|1
|turn|15
|
|t:|1667582638
|switch|p2a: Landorus|Landorus-Therian, M|100/100
|-ability|p2a: Landorus|Intimidate|boost
|-unboost|p1a: Landorus|atk|1
|move|p1a: Landorus|Earthquake|p2a: Landorus
|-immune|p2a: Landorus
|
|-heal|p1a: Landorus|94/100|[from] item: Leftovers
|upkeep
|turn|16
|j| charqe Q
|-message|aursnes forfeited.
|
|win|bramitoboy
|raw|aursnes's rating: 1707 &rarr; <strong>1695</strong><br />(-12 for losing)
|raw|bramitoboy's rating: 1844 &rarr; <strong>1856</strong><br />(+12 for winning)
|l|☆aursnes
||Ladder isn't responding, score probably updated but might not have (Request timeout).
