|j|☆FvkboyCharmander
|j|☆Copland
|t:|1666971307
|gametype|singles
|player|p1|FvkboyCharmander|169|1727
|player|p2|Copland|guitarist|1689
|teamsize|p1|6
|teamsize|p2|6
|gen|8
|tier|[Gen 8] OU
|rated|
|rule|Sleep Clause Mod: Limit one foe put to sleep
|rule|Species Clause: Limit one of each Pokémon
|rule|OHKO Clause: OHKO moves are banned
|rule|Evasion Items Clause: Evasion items are banned
|rule|Evasion Moves Clause: Evasion moves are banned
|rule|Endless Battle Clause: Forcing endless battles is banned
|rule|HP Percentage Mod: HP is shown in percentages
|rule|Dynamax Clause: You cannot dynamax
|clearpoke
|poke|p1|Polteageist-Antique|
|poke|p1|Slowking-Galar, M|
|poke|p1|Dragapult, F|
|poke|p1|Regieleki|
|poke|p1|Weezing-Galar, F|
|poke|p1|Corviknight, F|
|poke|p2|Mew|
|poke|p2|Moltres-Galar|
|poke|p2|Garchomp, F|
|poke|p2|Aegislash, M|
|poke|p2|Ditto|
|poke|p2|Froslass, F|
|teampreview
|
|t:|1666971319
|start
|switch|p1a: Dragapult|Dragapult, F, shiny|100/100
|switch|p2a: Froslass|Froslass, F|100/100
|turn|1
|
|t:|1666971325
|move|p1a: Dragapult|Dragon Darts|p2a: Froslass
|-damage|p2a: Froslass|55/100
|-anim|p1a: Dragapult|Dragon Darts|p2a: Froslass
|-damage|p2a: Froslass|6/100
|-damage|p1a: Dragapult|91/100|[from] item: Life Orb
|move|p2a: Froslass|Thunder Wave|p1a: Dragapult
|-status|p1a: Dragapult|par
|
|upkeep
|turn|2
|
|t:|1666971333
|move|p2a: Froslass|Spikes|p1a: Dragapult
|-sidestart|p1: FvkboyCharmander|Spikes
|move|p1a: Dragapult|Dragon Darts|p2a: Froslass
|-damage|p2a: Froslass|0 fnt
|faint|p2a: Froslass
|-damage|p1a: Dragapult|81/100 par|[from] item: Life Orb
|
|upkeep
|
|t:|1666971344
|switch|p2a: Moltres|Moltres-Galar|100/100
|turn|3
|
|t:|1666971347
|move|p2a: Moltres|Fiery Wrath|p1a: Dragapult
|-supereffective|p1a: Dragapult
|-damage|p1a: Dragapult|0 fnt
|faint|p1a: Dragapult
|
|upkeep
|
|t:|1666971352
|switch|p1a: Regieleki|Regieleki, shiny|100/100
|-damage|p1a: Regieleki|88/100|[from] Spikes
|turn|4
|
|t:|1666971366
|switch|p2a: Garchomp|Garchomp, F|100/100
|move|p1a: Regieleki|Rapid Spin|p2a: Garchomp
|-damage|p2a: Garchomp|81/100
|-boost|p1a: Regieleki|spe|1
|-damage|p1a: Regieleki|76/100|[from] ability: Rough Skin|[of] p2a: Garchomp
|-sideend|p1: FvkboyCharmander|Spikes|[from] move: Rapid Spin|[of] p1a: Regieleki
|-damage|p1a: Regieleki|66/100|[from] item: Life Orb
|
|upkeep
|turn|5
|
|t:|1666971370
|switch|p1a: Corviknight|Corviknight, F|100/100
|-ability|p1a: Corviknight|Pressure
|move|p2a: Garchomp|Swords Dance|p2a: Garchomp
|-boost|p2a: Garchomp|atk|2
|
|upkeep
|turn|6
|
|t:|1666971376
|move|p2a: Garchomp|Fire Fang|p1a: Corviknight
|-supereffective|p1a: Corviknight
|-damage|p1a: Corviknight|48/100
|-damage|p2a: Garchomp|65/100|[from] item: Rocky Helmet|[of] p1a: Corviknight
|move|p1a: Corviknight|Body Press|p2a: Garchomp
|-damage|p2a: Garchomp|39/100
|-damage|p1a: Corviknight|36/100|[from] ability: Rough Skin|[of] p2a: Garchomp
|
|upkeep
|turn|7
|j| 1145141919810oh
|
|t:|1666971387
|switch|p1a: Weezing|Weezing-Galar, F|100/100
|-ability|p1a: Weezing|Neutralizing Gas
|move|p2a: Garchomp|Fire Fang|p1a: Weezing
|-damage|p1a: Weezing|74/100
|
|-heal|p1a: Weezing|80/100|[from] item: Black Sludge
|upkeep
|turn|8
|
|t:|1666971391
|switch|p2a: Mew|Mew|100/100
|-end|p1a: Weezing|ability: Neutralizing Gas
|switch|p1a: Corviknight|Corviknight, F|36/100
|-ability|p1a: Corviknight|Pressure
|
|upkeep
|turn|9
|
|t:|1666971393
|move|p2a: Mew|Fire Blast|p1a: Corviknight
|-supereffective|p1a: Corviknight
|-damage|p1a: Corviknight|0 fnt
|faint|p1a: Corviknight
|
|upkeep
|
|t:|1666971397
|switch|p1a: Polteageist|Polteageist-Antique, shiny|100/100
|turn|10
|
|t:|1666971409
|move|p2a: Mew|Psyshock|p1a: Polteageist
|-damage|p1a: Polteageist|43/100
|move|p1a: Polteageist|Shell Smash|p1a: Polteageist
|-unboost|p1a: Polteageist|def|1
|-unboost|p1a: Polteageist|spd|1
|-boost|p1a: Polteageist|atk|2
|-boost|p1a: Polteageist|spa|2
|-boost|p1a: Polteageist|spe|2
|
|upkeep
|turn|11
|
|t:|1666971415
|move|p1a: Polteageist|Shadow Ball|p2a: Mew
|-supereffective|p2a: Mew
|-damage|p2a: Mew|0 fnt
|faint|p2a: Mew
|
|upkeep
|
|t:|1666971418
|switch|p2a: Ditto|Ditto|100/100
|-transform|p2a: Ditto|p1a: Polteageist|[from] ability: Imposter
|turn|12
|
|t:|1666971428
|switch|p1a: Regieleki|Regieleki, shiny|66/100
|move|p2a: Ditto|Shadow Ball|p1a: Regieleki
|-damage|p1a: Regieleki|0 fnt
|faint|p1a: Regieleki
|
|upkeep
|
|t:|1666971431
|switch|p1a: Slowking|Slowking-Galar, M, shiny|100/100
|turn|13
|
|t:|1666971436
|move|p2a: Ditto|Shadow Ball|p1a: Slowking
|-supereffective|p1a: Slowking
|-damage|p1a: Slowking|0 fnt
|faint|p1a: Slowking
|
|upkeep
|-message|FvkboyCharmander forfeited.
|
|win|Copland
|raw|FvkboyCharmander's rating: 1727 &rarr; <strong>1705</strong><br />(-22 for losing)
|raw|Copland's rating: 1689 &rarr; <strong>1711</strong><br />(+22 for winning)
|l|☆FvkboyCharmander
