|j|☆brettfavreguilty
|j|☆Reggisterh
|t:|1665457363
|gametype|singles
|player|p1|brettfavreguilty|harlequin|1709
|player|p2|Reggisterh|jogger|1686
|teamsize|p1|6
|teamsize|p2|6
|gen|8
|tier|[Gen 8] OU
|rated|
|rule|Sleep Clause Mod: Limit one foe put to sleep
|rule|Species Clause: Limit one of each Pokémon
|rule|OHKO Clause: OHKO moves are banned
|rule|Evasion Items Clause: Evasion items are banned
|rule|Evasion Moves Clause: Evasion moves are banned
|rule|Endless Battle Clause: Forcing endless battles is banned
|rule|HP Percentage Mod: HP is shown in percentages
|rule|Dynamax Clause: You cannot dynamax
|clearpoke
|poke|p1|Gallade, M|
|poke|p1|Thwackey, F|
|poke|p1|Victini|
|poke|p1|Latias, F|
|poke|p1|Silvally-*|
|poke|p1|Drapion, M|
|poke|p2|Melmetal|
|poke|p2|Tornadus-Therian, M|
|poke|p2|Toxapex, M|
|poke|p2|Magnezone|
|poke|p2|Garchomp, M|
|poke|p2|Tapu Lele|
|teampreview
|c|☆brettfavreguilty|lame
|
|t:|1665457387
|start
|switch|p1a: Victini|Victini|100/100
|switch|p2a: Garchomp|Garchomp, M|100/100
|turn|1
|
|t:|1665457396
|move|p2a: Garchomp|Protect|p2a: Garchomp
|-singleturn|p2a: Garchomp|Protect
|move|p1a: Victini|U-turn|p2a: Garchomp
|-activate|p2a: Garchomp|move: Protect
|
|upkeep
|turn|2
|j| bccahy
|
|t:|1665457408
|move|p2a: Garchomp|Stealth Rock|p1a: Victini
|-sidestart|p1: brettfavreguilty|move: Stealth Rock
|move|p1a: Victini|U-turn|p2a: Garchomp
|-damage|p2a: Garchomp|89/100
|-damage|p1a: Victini|88/100|[from] ability: Rough Skin|[of] p2a: Garchomp
|
|t:|1665457413
|switch|p1a: Thwhackey|Thwackey, F|100/100|[from]move: U-turn
|-damage|p1a: Thwhackey|88/100|[from] Stealth Rock
|-fieldstart|move: Grassy Terrain|[from] ability: Grassy Surge|[of] p1a: Thwhackey
|
|-heal|p2a: Garchomp|95/100|[from] Grassy Terrain
|-heal|p2a: Garchomp|100/100|[from] item: Leftovers
|-heal|p1a: Thwhackey|94/100|[from] Grassy Terrain
|upkeep
|turn|3
|
|t:|1665457419
|move|p2a: Garchomp|Toxic|p1a: Thwhackey
|-status|p1a: Thwhackey|tox
|move|p1a: Thwhackey|Wood Hammer|p2a: Garchomp
|-damage|p2a: Garchomp|28/100
|-damage|p1a: Thwhackey|82/100 tox|[from] ability: Rough Skin|[of] p2a: Garchomp
|-damage|p1a: Thwhackey|48/100 tox|[from] Recoil
|
|-heal|p2a: Garchomp|35/100|[from] Grassy Terrain
|-heal|p2a: Garchomp|41/100|[from] item: Leftovers
|-heal|p1a: Thwhackey|54/100 tox|[from] Grassy Terrain
|-damage|p1a: Thwhackey|48/100 tox|[from] psn
|upkeep
|turn|4
|
|t:|1665457429
|switch|p2a: Tornadus|Tornadus-Therian, M|100/100
|move|p1a: Thwhackey|Wood Hammer|p2a: Tornadus
|-resisted|p2a: Tornadus
|-damage|p2a: Tornadus|48/100
|-damage|p1a: Thwhackey|26/100 tox|[from] Recoil
|
|-heal|p1a: Thwhackey|32/100 tox|[from] Grassy Terrain
|-damage|p1a: Thwhackey|20/100 tox|[from] psn
|upkeep
|turn|5
|
|t:|1665457435
|move|p2a: Tornadus|U-turn|p1a: Thwhackey
|-supereffective|p1a: Thwhackey
|-damage|p1a: Thwhackey|0 fnt
|faint|p1a: Thwhackey
|
|t:|1665457439
|switch|p2a: Garchomp|Garchomp, M|41/100|[from]move: U-turn
|
|-heal|p2a: Garchomp|47/100|[from] Grassy Terrain
|-heal|p2a: Garchomp|53/100|[from] item: Leftovers
|upkeep
|
|t:|1665457444
|switch|p1a: kmediham|Gallade, M|100/100
|-damage|p1a: kmediham|94/100|[from] Stealth Rock
|turn|6
|
|t:|1665457451
|switch|p2a: Toxapex|Toxapex, M|100/100
|move|p1a: kmediham|Swords Dance|p1a: kmediham
|-boost|p1a: kmediham|atk|2
|
|-heal|p1a: kmediham|100/100|[from] Grassy Terrain
|-fieldend|move: Grassy Terrain
|upkeep
|turn|7
|
|t:|1665457463
|move|p1a: kmediham|Psycho Cut|p2a: Toxapex
|-supereffective|p2a: Toxapex
|-damage|p2a: Toxapex|0 fnt
|faint|p2a: Toxapex
|-damage|p1a: kmediham|91/100|[from] item: Life Orb
|
|upkeep
|
|t:|1665457466
|switch|p2a: Tapu Lele|Tapu Lele|100/100
|-fieldstart|move: Psychic Terrain|[from] ability: Psychic Surge|[of] p2a: Tapu Lele
|turn|8
|
|t:|1665457471
|switch|p1a: Victini|Victini|88/100
|move|p2a: Tapu Lele|Moonblast|p1a: Victini
|-resisted|p1a: Victini
|-damage|p1a: Victini|67/100
|
|upkeep
|turn|9
|
|t:|1665457476
|switch|p2a: Garchomp|Garchomp, M|53/100
|move|p1a: Victini|U-turn|p2a: Garchomp
|-damage|p2a: Garchomp|41/100
|-damage|p1a: Victini|54/100|[from] ability: Rough Skin|[of] p2a: Garchomp
|j| Spyer2k
|
|t:|1665457497
|switch|p1a: kmediham|Gallade, M|91/100|[from]move: U-turn
|-damage|p1a: kmediham|85/100|[from] Stealth Rock
|
|-heal|p2a: Garchomp|48/100|[from] item: Leftovers
|upkeep
|turn|10
|
|t:|1665457506
|move|p2a: Garchomp|Earthquake|p1a: kmediham
|-damage|p1a: kmediham|11/100
|move|p1a: kmediham|Close Combat|p2a: Garchomp
|-damage|p2a: Garchomp|0 fnt
|-unboost|p1a: kmediham|def|1
|-unboost|p1a: kmediham|spd|1
|-damage|p1a: kmediham|0 fnt|[from] ability: Rough Skin|[of] p2a: Garchomp
|faint|p2a: Garchomp
|faint|p1a: kmediham
|
|upkeep
|j| roma ii
|
|t:|1665457516
|switch|p2a: Tornadus|Tornadus-Therian, M|81/100
|switch|p1a: grape|Drapion, M|100/100
|-damage|p1a: grape|88/100|[from] Stealth Rock
|turn|11
|
|t:|1665457522
|move|p2a: Tornadus|U-turn|p1a: grape
|-damage|p1a: grape|78/100
|
|t:|1665457524
|switch|p2a: Magnezone|Magnezone|100/100|[from]move: U-turn
|move|p1a: grape|Poison Jab|p2a: Magnezone
|-immune|p2a: Magnezone
|
|-heal|p1a: grape|84/100|[from] item: Leftovers
|upkeep
|turn|12
|
|t:|1665457533
|move|p1a: grape|Knock Off|p2a: Magnezone
|-damage|p2a: Magnezone|78/100
|-enditem|p2a: Magnezone|Leftovers|[from] move: Knock Off|[of] p1a: grape
|move|p2a: Magnezone|Body Press|p1a: grape
|-damage|p1a: grape|66/100
|
|-heal|p1a: grape|72/100|[from] item: Leftovers
|-fieldend|move: Psychic Terrain
|upkeep
|turn|13
|
|t:|1665457539
|move|p1a: grape|Toxic Spikes|p2a: Magnezone
|-sidestart|p2: Reggisterh|move: Toxic Spikes
|move|p2a: Magnezone|Iron Defense|p2a: Magnezone
|-boost|p2a: Magnezone|def|2
|
|-heal|p1a: grape|78/100|[from] item: Leftovers
|upkeep
|turn|14
|
|t:|1665457545
|move|p1a: grape|Taunt|p2a: Magnezone
|-start|p2a: Magnezone|move: Taunt
|cant|p2a: Magnezone|move: Taunt|Iron Defense
|
|-heal|p1a: grape|85/100|[from] item: Leftovers
|upkeep
|turn|15
|
|t:|1665457551
|move|p1a: grape|Toxic Spikes|p2a: Magnezone
|-sidestart|p2: Reggisterh|move: Toxic Spikes
|move|p2a: Magnezone|Body Press|p1a: grape
|-damage|p1a: grape|46/100
|
|-heal|p1a: grape|52/100|[from] item: Leftovers
|upkeep
|turn|16
|
|t:|1665457555
|move|p1a: grape|Knock Off|p2a: Magnezone
|-damage|p2a: Magnezone|70/100
|move|p2a: Magnezone|Body Press|p1a: grape
|-damage|p1a: grape|15/100
|
|-heal|p1a: grape|21/100|[from] item: Leftovers
|-end|p2a: Magnezone|move: Taunt
|upkeep
|turn|17
|
|t:|1665457560
|move|p1a: grape|Taunt|p2a: Magnezone
|-start|p2a: Magnezone|move: Taunt
|move|p2a: Magnezone|Body Press|p1a: grape
|-damage|p1a: grape|0 fnt
|faint|p1a: grape
|
|upkeep
|
|t:|1665457563
|switch|p1a: Victini|Victini|54/100
|turn|18
|
|t:|1665457568
|move|p1a: Victini|Sunny Day|p1a: Victini
|-weather|SunnyDay
|move|p2a: Magnezone|Thunderbolt|p1a: Victini
|-damage|p1a: Victini|23/100
|
|-weather|SunnyDay|[upkeep]
|upkeep
|turn|19
|
|t:|1665457574
|move|p1a: Victini|V-create|p2a: Magnezone
|-supereffective|p2a: Magnezone
|-damage|p2a: Magnezone|2/100
|-unboost|p1a: Victini|spe|1
|-unboost|p1a: Victini|def|1
|-unboost|p1a: Victini|spd|1
|move|p2a: Magnezone|Thunderbolt|p1a: Victini
|-damage|p1a: Victini|0 fnt
|faint|p1a: Victini
|
|-weather|SunnyDay|[upkeep]
|-end|p2a: Magnezone|move: Taunt
|upkeep
|
|t:|1665457580
|switch|p1a: Latias|Latias, F|100/100
|-damage|p1a: Latias|88/100|[from] Stealth Rock
|turn|20
|
|t:|1665457584
|switch|p2a: Melmetal|Melmetal|100/100
|move|p1a: Latias|Calm Mind|p1a: Latias
|-boost|p1a: Latias|spa|1
|-boost|p1a: Latias|spd|1
|
|-weather|SunnyDay|[upkeep]
|upkeep
|turn|21
|
|t:|1665457595
|move|p1a: Latias|Aura Sphere|p2a: Melmetal
|-supereffective|p2a: Melmetal
|-damage|p2a: Melmetal|28/100
|move|p2a: Melmetal|Double Iron Bash|p1a: Latias
|-damage|p1a: Latias|43/100
|-damage|p1a: Latias|0 fnt
|faint|p1a: Latias
|-hitcount|p1: Latias|2
|
|-weather|SunnyDay|[upkeep]
|-heal|p2a: Melmetal|34/100|[from] item: Leftovers
|upkeep
|
|t:|1665457601
|switch|p1a: Silvally|Silvally-Water|100/100
|-damage|p1a: Silvally|88/100|[from] Stealth Rock
|turn|22
|
|t:|1665457608
|move|p1a: Silvally|Swords Dance|p1a: Silvally
|-boost|p1a: Silvally|atk|2
|move|p2a: Melmetal|Thunder Punch|p1a: Silvally
|-supereffective|p1a: Silvally
|-damage|p1a: Silvally|13/100
|
|-weather|none
|-heal|p2a: Melmetal|40/100|[from] item: Leftovers
|upkeep
|turn|23
|
|t:|1665457619
|move|p1a: Silvally|Flame Charge|p2a: Melmetal
|-supereffective|p2a: Melmetal
|-damage|p2a: Melmetal|0 fnt
|-boost|p1a: Silvally|spe|1
|faint|p2a: Melmetal
|
|upkeep
|
|t:|1665457626
|switch|p2a: Tornadus|Tornadus-Therian, M|100/100
|turn|24
|
|t:|1665457634
|move|p1a: Silvally|Multi-Attack|p2a: Tornadus
|-damage|p2a: Tornadus|0 fnt
|faint|p2a: Tornadus
|
|upkeep
|
|t:|1665457638
|switch|p2a: Magnezone|Magnezone|2/100
|turn|25
|
|t:|1665457640
|move|p1a: Silvally|Flame Charge|p2a: Magnezone
|-supereffective|p2a: Magnezone
|-damage|p2a: Magnezone|0 fnt
|-boost|p1a: Silvally|spe|1
|faint|p2a: Magnezone
|
|upkeep
|
|t:|1665457641
|switch|p2a: Tapu Lele|Tapu Lele|100/100
|-status|p2a: Tapu Lele|tox
|-fieldstart|move: Psychic Terrain|[from] ability: Psychic Surge|[of] p2a: Tapu Lele
|turn|26
|
|t:|1665457644
|move|p1a: Silvally|Multi-Attack|p2a: Tapu Lele
|-damage|p2a: Tapu Lele|0 fnt
|faint|p2a: Tapu Lele
|
|win|brettfavreguilty
|raw|brettfavreguilty's rating: 1709 &rarr; <strong>1728</strong><br />(+19 for winning)
|raw|Reggisterh's rating: 1686 &rarr; <strong>1667</strong><br />(-19 for losing)
|c|☆Reggisterh|gg
|l|☆Reggisterh
|c|☆brettfavreguilty|draped
|c| Spyer2k|damn
|c| Spyer2k|come back
|c|☆brettfavreguilty|YAH MAN
|c| Spyer2k|gg
||Ladder isn't responding, score probably updated but might not have (Request timeout).
