|j|☆Maitredouard2
|j|☆Chokst du
|t:|1653476423
|gametype|singles
|player|p1|Maitredouard2|lance|1659
|player|p2|Chokst du|266|1711
|teamsize|p1|6
|teamsize|p2|6
|gen|8
|tier|[Gen 8] OU
|rated|
|rule|Sleep Clause Mod: Limit one foe put to sleep
|rule|Species Clause: Limit one of each Pokémon
|rule|OHKO Clause: OHKO moves are banned
|rule|Evasion Moves Clause: Evasion moves are banned
|rule|Endless Battle Clause: Forcing endless battles is banned
|rule|HP Percentage Mod: HP is shown in percentages
|rule|Dynamax Clause: You cannot dynamax
|clearpoke
|poke|p1|Mandibuzz, F|
|poke|p1|Landorus-Therian, M|
|poke|p1|Blissey, F|
|poke|p1|Heatran, M|
|poke|p1|Toxapex, M|
|poke|p1|Tapu Lele|
|poke|p2|Corviknight, M|
|poke|p2|Hippowdon, M|
|poke|p2|Dragapult, F|
|poke|p2|Toxapex, M|
|poke|p2|Reuniclus, F|
|poke|p2|Clefable, F|
|teampreview
|
|t:|1653476452
|start
|switch|p1a: Heatran|Heatran, M|100/100
|switch|p2a: Clefable|Clefable, F|100/100
|-item|p1a: Heatran|Air Balloon
|turn|1
|
|t:|1653476459
|move|p1a: Heatran|Magma Storm|p2a: Clefable
|-damage|p2a: Clefable|56/100
|-activate|p2a: Clefable|move: Magma Storm|[of] p1a: Heatran
|move|p2a: Clefable|Thunder Wave|p1a: Heatran|[miss]
|-miss|p2a: Clefable|p1a: Heatran
|
|-heal|p2a: Clefable|62/100|[from] item: Leftovers
|upkeep
|turn|2
|
|t:|1653476469
|move|p1a: Heatran|Taunt|p2a: Clefable
|-start|p2a: Clefable|move: Taunt
|cant|p2a: Clefable|move: Taunt|Soft-Boiled
|
|-heal|p2a: Clefable|68/100|[from] item: Leftovers
|upkeep
|turn|3
|
|t:|1653476475
|move|p1a: Heatran|Magma Storm|p2a: Clefable|[miss]
|-miss|p1a: Heatran|p2a: Clefable
|move|p2a: Clefable|Moonblast|p1a: Heatran
|-resisted|p1a: Heatran
|-damage|p1a: Heatran|94/100
|-enditem|p1a: Heatran|Air Balloon
|
|-heal|p2a: Clefable|74/100|[from] item: Leftovers
|upkeep
|turn|4
|
|t:|1653476485
|move|p1a: Heatran|Magma Storm|p2a: Clefable
|-crit|p2a: Clefable
|-damage|p2a: Clefable|8/100
|move|p2a: Clefable|Moonblast|p1a: Heatran
|-resisted|p1a: Heatran
|-damage|p1a: Heatran|87/100
|
|-heal|p2a: Clefable|14/100|[from] item: Leftovers
|-end|p2a: Clefable|move: Taunt
|upkeep
|turn|5
|
|t:|1653476495
|move|p1a: Heatran|Earth Power|p2a: Clefable
|-damage|p2a: Clefable|0 fnt
|faint|p2a: Clefable
|
|upkeep
|
|t:|1653476499
|switch|p2a: Hippowdon|Hippowdon, M|100/100
|-weather|Sandstorm|[from] ability: Sand Stream|[of] p2a: Hippowdon
|turn|6
|j| Hdusjsjdueu
|
|t:|1653476504
|switch|p1a: Mandibuzz|Mandibuzz, F|100/100
|move|p2a: Hippowdon|Stealth Rock|p1a: Mandibuzz
|-sidestart|p1: Maitredouard2|move: Stealth Rock
|
|-weather|Sandstorm|[upkeep]
|upkeep
|turn|7
|
|t:|1653476511
|move|p1a: Mandibuzz|Taunt|p2a: Hippowdon
|-start|p2a: Hippowdon|move: Taunt
|cant|p2a: Hippowdon|move: Taunt|Toxic
|
|-weather|Sandstorm|[upkeep]
|upkeep
|turn|8
|
|t:|1653476517
|switch|p2a: Toxapex|Toxapex, M|100/100
|move|p1a: Mandibuzz|Toxic|p2a: Toxapex
|-immune|p2a: Toxapex
|
|-weather|Sandstorm|[upkeep]
|-damage|p2a: Toxapex|94/100|[from] Sandstorm
|upkeep
|turn|9
|
|t:|1653476526
|switch|p1a: Heatran|Heatran, M|87/100
|-damage|p1a: Heatran|75/100|[from] Stealth Rock
|move|p2a: Toxapex|Knock Off|p1a: Heatran
|-damage|p1a: Heatran|66/100
|
|-weather|Sandstorm|[upkeep]
|-damage|p2a: Toxapex|88/100|[from] Sandstorm
|upkeep
|turn|10
|
|t:|1653476535
|move|p1a: Heatran|Magma Storm|p2a: Toxapex
|-resisted|p2a: Toxapex
|-damage|p2a: Toxapex|65/100
|-activate|p2a: Toxapex|move: Magma Storm|[of] p1a: Heatran
|move|p2a: Toxapex|Toxic Spikes|p1a: Heatran
|-sidestart|p1: Maitredouard2|move: Toxic Spikes
|
|-weather|none
|-damage|p2a: Toxapex|53/100|[from] move: Magma Storm|[partiallytrapped]
|upkeep
|turn|11
|
|t:|1653476543
|switch|p2a: Hippowdon|Hippowdon, M|100/100
|-weather|Sandstorm|[from] ability: Sand Stream|[of] p2a: Hippowdon
|move|p1a: Heatran|Earth Power|p2a: Hippowdon
|-damage|p2a: Hippowdon|75/100
|
|-weather|Sandstorm|[upkeep]
|-heal|p2a: Hippowdon|81/100|[from] item: Leftovers
|upkeep
|turn|12
|
|t:|1653476553
|move|p1a: Heatran|Magma Storm|p2a: Hippowdon|[miss]
|-miss|p1a: Heatran|p2a: Hippowdon
|move|p2a: Hippowdon|Toxic|p1a: Heatran
|-immune|p1a: Heatran
|
|-weather|Sandstorm|[upkeep]
|-heal|p2a: Hippowdon|88/100|[from] item: Leftovers
|upkeep
|turn|13
|
|t:|1653476562
|switch|p1a: Toxapex|Toxapex, M|100/100
|-damage|p1a: Toxapex|88/100|[from] Stealth Rock
|-sideend|p1: Maitredouard2|move: Toxic Spikes|[of] p1a: Toxapex
|move|p2a: Hippowdon|Earthquake|p1a: Toxapex
|-supereffective|p1a: Toxapex
|-damage|p1a: Toxapex|43/100
|
|-weather|Sandstorm|[upkeep]
|-damage|p1a: Toxapex|36/100|[from] Sandstorm
|-heal|p2a: Hippowdon|94/100|[from] item: Leftovers
|upkeep
|turn|14
|
|t:|1653476573
|move|p2a: Hippowdon|Toxic|p1a: Toxapex
|-immune|p1a: Toxapex
|move|p1a: Toxapex|Toxic|p2a: Hippowdon
|-status|p2a: Hippowdon|tox
|
|-weather|Sandstorm|[upkeep]
|-damage|p1a: Toxapex|30/100|[from] Sandstorm
|-heal|p2a: Hippowdon|99/100 tox|[from] item: Leftovers
|-damage|p2a: Hippowdon|94/100 tox|[from] psn
|upkeep
|turn|15
|
|t:|1653476584
|switch|p1a: Blissey|Blissey, F|100/100
|move|p2a: Hippowdon|Toxic|p1a: Blissey
|-status|p1a: Blissey|tox
|
|-weather|none
|-heal|p2a: Hippowdon|99/100 tox|[from] item: Leftovers
|-damage|p1a: Blissey|94/100 tox|[from] psn
|-damage|p2a: Hippowdon|88/100 tox|[from] psn
|upkeep
|turn|16
|
|t:|1653476593
|switch|p2a: Reuniclus|Reuniclus, F|100/100
|move|p1a: Blissey|Teleport|p1a: Blissey
|
|t:|1653476599
|-curestatus|p1a: Blissey|tox|[from] ability: Natural Cure
|switch|p1a: Mandibuzz|Mandibuzz, F|100/100|[from]move: Teleport
|
|upkeep
|turn|17
|
|t:|1653476605
|switch|p2a: Toxapex|Toxapex, M|86/100
|move|p1a: Mandibuzz|Taunt|p2a: Toxapex
|-start|p2a: Toxapex|move: Taunt
|
|upkeep
|turn|18
|
|t:|1653476614
|switch|p1a: Heatran|Heatran, M|66/100
|-damage|p1a: Heatran|54/100|[from] Stealth Rock
|move|p2a: Toxapex|Knock Off|p1a: Heatran
|-damage|p1a: Heatran|47/100
|
|upkeep
|turn|19
|
|t:|1653476621
|move|p1a: Heatran|Earth Power|p2a: Toxapex
|-supereffective|p2a: Toxapex
|-damage|p2a: Toxapex|34/100
|move|p2a: Toxapex|Knock Off|p1a: Heatran
|-damage|p1a: Heatran|39/100
|
|-end|p2a: Toxapex|move: Taunt
|upkeep
|turn|20
|
|t:|1653476629
|switch|p2a: Dragapult|Dragapult, F|100/100
|move|p1a: Heatran|Magma Storm|p2a: Dragapult
|-resisted|p2a: Dragapult
|-damage|p2a: Dragapult|63/100
|-activate|p2a: Dragapult|move: Magma Storm|[of] p1a: Heatran
|
|-damage|p2a: Dragapult|51/100|[from] move: Magma Storm|[partiallytrapped]
|upkeep
|turn|21
|
|t:|1653476639
|move|p2a: Dragapult|Shadow Ball|p1a: Heatran
|-damage|p1a: Heatran|0 fnt
|faint|p1a: Heatran
|
|-end|p2a: Dragapult|Magma Storm|[partiallytrapped]|[silent]
|upkeep
|
|t:|1653476645
|switch|p1a: Mandibuzz|Mandibuzz, F|100/100
|turn|22
|
|t:|1653476648
|switch|p2a: Toxapex|Toxapex, M|67/100
|switch|p1a: Tapu Lele|Tapu Lele|100/100
|-damage|p1a: Tapu Lele|88/100|[from] Stealth Rock
|-fieldstart|move: Psychic Terrain|[from] ability: Psychic Surge|[of] p1a: Tapu Lele
|
|upkeep
|turn|23
|
|t:|1653476657
|switch|p2a: Corviknight|Corviknight, M|100/100
|-ability|p2a: Corviknight|Pressure
|move|p1a: Tapu Lele|Focus Blast|p2a: Corviknight
|-damage|p2a: Corviknight|37/100
|
|upkeep
|turn|24
|
|t:|1653476664
|switch|p1a: Mandibuzz|Mandibuzz, F|100/100
|switch|p2a: Reuniclus|Reuniclus, F|100/100
|
|upkeep
|turn|25
|
|t:|1653476671
|switch|p2a: Toxapex|Toxapex, M|100/100
|move|p1a: Mandibuzz|Taunt|p2a: Toxapex
|-start|p2a: Toxapex|move: Taunt
|
|upkeep
|turn|26
|
|t:|1653476677
|switch|p1a: Blissey|Blissey, F|94/100
|move|p2a: Toxapex|Knock Off|p1a: Blissey
|-damage|p1a: Blissey|83/100
|-enditem|p1a: Blissey|Heavy-Duty Boots|[from] move: Knock Off|[of] p2a: Toxapex
|
|-fieldend|move: Psychic Terrain
|upkeep
|turn|27
|
|t:|1653476685
|switch|p2a: Reuniclus|Reuniclus, F|100/100
|move|p1a: Blissey|Teleport|p1a: Blissey
|
|t:|1653476690
|switch|p1a: Tapu Lele|Tapu Lele|88/100|[from]move: Teleport
|-damage|p1a: Tapu Lele|76/100|[from] Stealth Rock
|-fieldstart|move: Psychic Terrain|[from] ability: Psychic Surge|[of] p1a: Tapu Lele
|
|upkeep
|turn|28
|
|t:|1653476696
|move|p1a: Tapu Lele|Shadow Ball|p2a: Reuniclus
|-supereffective|p2a: Reuniclus
|-damage|p2a: Reuniclus|18/100
|move|p2a: Reuniclus|Recover|p2a: Reuniclus
|-heal|p2a: Reuniclus|68/100
|
|upkeep
|turn|29
|
|t:|1653476703
|switch|p2a: Toxapex|Toxapex, M|100/100
|move|p1a: Tapu Lele|Shadow Ball|p2a: Toxapex
|-damage|p2a: Toxapex|67/100
|
|upkeep
|turn|30
|
|t:|1653476711
|switch|p1a: Blissey|Blissey, F|83/100
|-damage|p1a: Blissey|70/100|[from] Stealth Rock
|move|p2a: Toxapex|Toxic Spikes|p1a: Blissey
|-sidestart|p1: Maitredouard2|move: Toxic Spikes
|
|upkeep
|turn|31
|
|t:|1653476717
|switch|p2a: Corviknight|Corviknight, M|37/100
|-ability|p2a: Corviknight|Pressure
|move|p1a: Blissey|Teleport|p1a: Blissey
|
|t:|1653476722
|switch|p1a: Mandibuzz|Mandibuzz, F|100/100|[from]move: Teleport
|
|-fieldend|move: Psychic Terrain
|upkeep
|turn|32
|
|t:|1653476728
|move|p1a: Mandibuzz|Taunt|p2a: Corviknight
|-start|p2a: Corviknight|move: Taunt
|cant|p2a: Corviknight|move: Taunt|Roost
|
|upkeep
|turn|33
|
|t:|1653476735
|switch|p1a: Toxapex|Toxapex, M|63/100
|-damage|p1a: Toxapex|51/100|[from] Stealth Rock
|-sideend|p1: Maitredouard2|move: Toxic Spikes|[of] p1a: Toxapex
|switch|p2a: Toxapex|Toxapex, M|99/100
|
|upkeep
|turn|34
|
|t:|1653476743
|switch|p2a: Corviknight|Corviknight, M|37/100
|-ability|p2a: Corviknight|Pressure
|switch|p1a: Blissey|Blissey, F|70/100
|-damage|p1a: Blissey|58/100|[from] Stealth Rock
|
|upkeep
|turn|35
|-message|Maitredouard2 forfeited.
|
|win|Chokst du
|raw|Maitredouard2's rating: 1659 &rarr; <strong>1642</strong><br />(-17 for losing)
|raw|Chokst du's rating: 1711 &rarr; <strong>1728</strong><br />(+17 for winning)
|l|☆Maitredouard2
|player|p2|Chokst du|266
