|raw|<div class="broadcast-blue"><strong>This battle is required to be public due to a player having a name prefixed by 'LT71LX'.</div>
|j|☆LT71LX John W
|j|☆LT71LX Guilt
|t:|1597365426
|player|p1|LT71LX John W|cyclistf-gen4|2143
|player|p2|LT71LX Guilt|beauty-gen2jp|2137
|teamsize|p1|6
|teamsize|p2|6
|gametype|singles
|gen|8
|tier|[Gen 8] OU
|rated|
|clearpoke
|poke|p1|Jirachi|
|poke|p1|Clefable, F|
|poke|p1|Ditto|
|poke|p1|Toxapex, F|
|poke|p1|Corviknight, F|
|poke|p1|Blissey, F|
|poke|p2|Hydreigon, F|
|poke|p2|Rillaboom, F|
|poke|p2|Dragapult, F|
|poke|p2|Clefable, M|
|poke|p2|Volcarona, M|
|poke|p2|Zeraora|
|rule|Sleep Clause Mod: Limit one foe put to sleep
|rule|Species Clause: Limit one of each Pokémon
|rule|OHKO Clause: OHKO moves are banned
|rule|Evasion Moves Clause: Evasion moves are banned
|rule|Endless Battle Clause: Forcing endless battles is banned
|rule|HP Percentage Mod: HP is shown in percentages
|rule|Dynamax Clause: You cannot dynamax
|teampreview
|inactive|Battle timer is ON: inactive players will automatically lose when time's up. (requested by LT71LX Guilt)
|j| go team us midwest
|j| ez
|j|+Cdumas
|j| mad goonery
|j| Destro16
|j| Lt71x PAPA pia
|j|+Wiggleetuff
|j| LT71LX REDDIT
|j| Congwuyu
|j| Enzo Gorlami
|j|+Roseybear
|j| Lunarr
|j| Boigunn
|j| Lt71lx gray
|j| Mara Sattei
|j| OUTU Hide And Seek
|j| 64 squares
|l| OUTU Hide And Seek
|l|+Roseybear
|j| dumdumpoopyface
|j| plays rancias
|j| sup kid
|j| lt71lx bfl
|j| Sinead's Hairline
|j| quojova
|j| studying in tab
|j| robjr
|j| wyn
|l| quojova
|l| Boigunn
|l| sup kid
|j| outu why
|j| ayevon
|j| lt71lx slainey
|j| lt71lx croo
|j| I must lose
|l| studying in tab
|j|+Excal
|l| ayevon
|j| LT71LX MegaLucario
|j| LT71LX VTFroakies
|j| Devil Patchy
|j| blazing_lantern
|j| sm olt jason
|j| 2013 steel
|j|+ShinyAzelf
|inactive|LT71LX John W has 120 seconds left.
|j| PikachuZappyZap
|j| elesa's coat
|j| Livio ElTito
|j| Calem∞DPU
|j| Hammy
|j| IPF
|j| LT71LX life
|j| FerZs
|j| Sablolol
|j| gronched
|j| drapsnagon
|j| Instagram Models
|j| Jo' Zzzz
|j| GeniusX
|j| Chati.s
|
|t:|1597365484
|start
|switch|p1a: Clefable|Clefable, F|100/100
|switch|p2a: Hydreigon|Hydreigon, F|100/100
|turn|1
|j| high or dead
|j| tsukasa yuzaki
|j|@Tony
|l| Chati.s
|j| Chati.s
|j| quojova
|j| peap ✿ odc
|l| robjr
|j| Randy788
|inactive|LT71LX John W has 120 seconds left.
|j| LT71LX Sam
|j| OUTU devans2048
|j| Insert Test
|inactive|LT71LX John W has 90 seconds left.
|
|t:|1597365556
|move|p2a: Hydreigon|Flash Cannon|p1a: Clefable
|-supereffective|p1a: Clefable
|-damage|p1a: Clefable|29/100
|-damage|p2a: Hydreigon|91/100|[from] item: Life Orb
|move|p1a: Clefable|Moonblast|p2a: Hydreigon
|-supereffective|p2a: Hydreigon
|-damage|p2a: Hydreigon|0 fnt
|faint|p2a: Hydreigon
|
|-heal|p1a: Clefable|35/100|[from] item: Leftovers
|upkeep
|l| elesa's coat
|
|t:|1597365566
|switch|p2a: Zeraora|Zeraora|100/100
|turn|2
|inactive|LT71LX John W has 90 seconds left.
|
|t:|1597365574
|switch|p1a: Ditto|Ditto, shiny|100/100
|-transform|p1a: Ditto|p2a: Zeraora|[from] ability: Imposter
|move|p2a: Zeraora|Plasma Fists|p1a: Ditto
|-immune|p1a: Ditto|[from] ability: Volt Absorb
|
|upkeep
|turn|3
|j| catfighterforce9
|
|t:|1597365577
|move|p1a: Ditto|Knock Off|p2a: Zeraora
|-damage|p2a: Zeraora|50/100
|-enditem|p2a: Zeraora|Life Orb|[from] move: Knock Off|[of] p1a: Ditto
|move|p2a: Zeraora|Plasma Fists|p1a: Ditto
|-immune|p1a: Ditto|[from] ability: Volt Absorb
|
|upkeep
|turn|4
|j| robjr
|
|t:|1597365588
|switch|p1a: Clefable|Clefable, F|35/100
|move|p2a: Zeraora|Knock Off|p1a: Clefable
|-resisted|p1a: Clefable
|-damage|p1a: Clefable|25/100
|-enditem|p1a: Clefable|Leftovers|[from] move: Knock Off|[of] p2a: Zeraora
|
|upkeep
|turn|5
|j| lucario737
|inactive|LT71LX John W has 90 seconds left.
|l| Calem∞DPU
|
|t:|1597365613
|switch|p1a: Ditto|Ditto, shiny|100/100
|-transform|p1a: Ditto|p2a: Zeraora|[from] ability: Imposter
|move|p2a: Zeraora|Plasma Fists|p1a: Ditto
|-immune|p1a: Ditto|[from] ability: Volt Absorb
|
|upkeep
|turn|6
|j| Boigunn
|
|t:|1597365619
|switch|p2a: Clefable|Clefable, M|100/100
|move|p1a: Ditto|Close Combat|p2a: Clefable
|-resisted|p2a: Clefable
|-damage|p2a: Clefable|85/100
|-unboost|p1a: Ditto|def|1
|-unboost|p1a: Ditto|spd|1
|
|upkeep
|turn|7
|j| Spl4sh
|l| Boigunn
|l| drapsnagon
|
|t:|1597365635
|switch|p1a: Blissey|Blissey, F|100/100
|move|p2a: Clefable|Thunder|p1a: Blissey
|-damage|p1a: Blissey|87/100
|-status|p1a: Blissey|par
|
|upkeep
|turn|8
|
|t:|1597365643
|switch|p2a: Zeraora|Zeraora|50/100
|cant|p1a: Blissey|par
|
|upkeep
|turn|9
|j| tyurtjddtutdtutd
|
|t:|1597365649
|switch|p1a: Clefable|Clefable, F|25/100
|move|p2a: Zeraora|Plasma Fists|p1a: Clefable
|-damage|p1a: Clefable|0 fnt
|-fieldactivate|move: Ion Deluge
|faint|p1a: Clefable
|
|upkeep
|
|t:|1597365651
|switch|p1a: Ditto|Ditto, shiny|100/100
|-transform|p1a: Ditto|p2a: Zeraora|[from] ability: Imposter
|turn|10
|
|t:|1597365653
|switch|p2a: Clefable|Clefable, M|85/100
|move|p1a: Ditto|Close Combat|p2a: Clefable
|-resisted|p2a: Clefable
|-damage|p2a: Clefable|71/100
|-unboost|p1a: Ditto|def|1
|-unboost|p1a: Ditto|spd|1
|
|upkeep
|turn|11
|n| LT71LX VTFroakies|lt71lxvtfroakies
|j| QuilavaBest
|inactive|LT71LX John W has 120 seconds left.
|
|t:|1597365675
|switch|p1a: Blissey|Blissey, F|87/100
|move|p2a: Clefable|Soft-Boiled|p2a: Clefable
|-heal|p2a: Clefable|100/100
|
|upkeep
|turn|12
|
|t:|1597365689
|switch|p2a: Zeraora|Zeraora|50/100
|move|p1a: Blissey|Teleport|p1a: Blissey
|l| Jo' Zzzz
|l| lt71lx slainey
|
|t:|1597365694
|switch|p1a: Ditto|Ditto, shiny|100/100|[from]move: Teleport
|-transform|p1a: Ditto|p2a: Zeraora|[from] ability: Imposter
|
|upkeep
|turn|13
|
|t:|1597365698
|move|p1a: Ditto|Knock Off|p2a: Zeraora
|-damage|p2a: Zeraora|21/100
|move|p2a: Zeraora|Knock Off|p1a: Ditto
|-damage|p1a: Ditto|47/100
|-enditem|p1a: Ditto|Choice Scarf|[from] move: Knock Off|[of] p2a: Zeraora
|
|upkeep
|turn|14
|j| reje
|
|t:|1597365710
|switch|p1a: Toxapex|Toxapex, F|100/100
|move|p2a: Zeraora|Close Combat|p1a: Toxapex
|-resisted|p1a: Toxapex
|-damage|p1a: Toxapex|88/100
|-unboost|p2a: Zeraora|def|1
|-unboost|p2a: Zeraora|spd|1
|-damage|p2a: Zeraora|4/100|[from] item: Rocky Helmet|[of] p1a: Toxapex
|
|upkeep
|turn|15
|
|t:|1597365719
|switch|p2a: Clefable|Clefable, M|100/100
|move|p1a: Toxapex|Recover|p1a: Toxapex
|-heal|p1a: Toxapex|100/100
|
|upkeep
|turn|16
|
|t:|1597365721
|switch|p1a: Blissey|Blissey, F|87/100
|move|p2a: Clefable|Calm Mind|p2a: Clefable
|-boost|p2a: Clefable|spa|1
|-boost|p2a: Clefable|spd|1
|
|upkeep
|turn|17
|j| GOATDON
|l| plays rancias
|l| OUTU devans2048
|
|t:|1597365749
|move|p2a: Clefable|Moonblast|p1a: Blissey
|-damage|p1a: Blissey|64/100
|-unboost|p1a: Blissey|spa|1
|move|p1a: Blissey|Teleport|p1a: Blissey
|l| Congwuyu
|
|t:|1597365750
|switch|p1a: Jirachi|Jirachi|100/100|[from]move: Teleport
|
|upkeep
|turn|18
|
|t:|1597365757
|switch|p2a: Volcarona|Volcarona, M|100/100
|move|p1a: Jirachi|Iron Head|p2a: Volcarona
|-resisted|p2a: Volcarona
|-damage|p2a: Volcarona|75/100
|
|upkeep
|turn|19
|l| peap ✿ odc
|l|+Wiggleetuff
|l| lt71lx croo
|
|t:|1597365781
|switch|p1a: Toxapex|Toxapex, F|100/100
|move|p2a: Volcarona|Quiver Dance|p2a: Volcarona
|-boost|p2a: Volcarona|spa|1
|-boost|p2a: Volcarona|spd|1
|-boost|p2a: Volcarona|spe|1
|
|upkeep
|turn|20
|j|+rozes
|l| LT71LX life
|
|t:|1597365794
|move|p2a: Volcarona|Psychic|p1a: Toxapex
|-supereffective|p1a: Toxapex
|-damage|p1a: Toxapex|23/100
|move|p1a: Toxapex|Haze|p1a: Toxapex
|-clearallboost
|
|upkeep
|turn|21
|j| OUTU Hide And Seek
|
|t:|1597365799
|switch|p1a: Blissey|Blissey, F|64/100
|move|p2a: Volcarona|Quiver Dance|p2a: Volcarona
|-boost|p2a: Volcarona|spa|1
|-boost|p2a: Volcarona|spd|1
|-boost|p2a: Volcarona|spe|1
|
|upkeep
|turn|22
|l| lt71lx bfl
|l| OUTU Hide And Seek
|l| Randy788
|inactive|LT71LX John W has 120 seconds left.
|j| epsilon_xd
|
|t:|1597365838
|move|p2a: Volcarona|Quiver Dance|p2a: Volcarona
|-boost|p2a: Volcarona|spa|1
|-boost|p2a: Volcarona|spd|1
|-boost|p2a: Volcarona|spe|1
|move|p1a: Blissey|Soft-Boiled|p1a: Blissey
|-heal|p1a: Blissey|100/100
|
|upkeep
|turn|23
|
|t:|1597365844
|move|p2a: Volcarona|Flamethrower|p1a: Blissey
|-damage|p1a: Blissey|67/100
|move|p1a: Blissey|Toxic|p2a: Volcarona
|-status|p2a: Volcarona|tox
|
|-damage|p2a: Volcarona|69/100 tox|[from] psn
|upkeep
|turn|24
|j| Congwuyu
|j| WaterDrake
|inactive|LT71LX John W has 120 seconds left.
|
|t:|1597365875
|switch|p2a: Clefable|Clefable, M|100/100
|move|p1a: Blissey|Soft-Boiled|p1a: Blissey
|-heal|p1a: Blissey|100/100
|
|upkeep
|turn|25
|
|t:|1597365883
|move|p2a: Clefable|Calm Mind|p2a: Clefable
|-boost|p2a: Clefable|spa|1
|-boost|p2a: Clefable|spd|1
|move|p1a: Blissey|Teleport|p1a: Blissey
|l| robjr
|inactive|LT71LX John W has 90 seconds left.
|l| ez
|j| goat christmas
|
|t:|1597365933
|switch|p1a: Jirachi|Jirachi|100/100|[from]move: Teleport
|
|upkeep
|turn|26
|l| quojova
|j| bro fist
|l| Destro16
|inactive|LT71LX John W has 60 seconds left.
|
|t:|1597365959
|move|p1a: Jirachi|Iron Head|p2a: Clefable
|-supereffective|p2a: Clefable
|-damage|p2a: Clefable|53/100
|move|p2a: Clefable|Thunder|p1a: Jirachi|[miss]
|-miss|p2a: Clefable|p1a: Jirachi
|
|upkeep
|turn|27
|
|t:|1597365962
|switch|p2a: Volcarona|Volcarona, M|69/100 tox
|move|p1a: Jirachi|Iron Head|p2a: Volcarona
|-resisted|p2a: Volcarona
|-crit|p2a: Volcarona
|-damage|p2a: Volcarona|32/100 tox
|
|-damage|p2a: Volcarona|26/100 tox|[from] psn
|upkeep
|turn|28
|
|t:|1597365965
|switch|p2a: Clefable|Clefable, M|53/100
|switch|p1a: Blissey|Blissey, F|100/100
|
|upkeep
|turn|29
|l| LT71LX VTFroakies
|j|+klefkiholder
|l| I must lose
|j| LT71LX VTFroakies
|inactive|LT71LX John W has 60 seconds left.
|l| Lt71lx gray
|
|t:|1597366004
|move|p2a: Clefable|Soft-Boiled|p2a: Clefable
|-heal|p2a: Clefable|100/100
|move|p1a: Blissey|Teleport|p1a: Blissey
|
|t:|1597366006
|switch|p1a: Jirachi|Jirachi|100/100|[from]move: Teleport
|
|upkeep
|turn|30
|
|t:|1597366010
|switch|p2a: Volcarona|Volcarona, M|26/100 tox
|move|p1a: Jirachi|Iron Head|p2a: Volcarona
|-resisted|p2a: Volcarona
|-damage|p2a: Volcarona|0 fnt
|-status|p1a: Jirachi|brn|[from] ability: Flame Body|[of] p2a: Volcarona
|faint|p2a: Volcarona
|
|-damage|p1a: Jirachi|94/100 brn|[from] brn
|upkeep
|l| 64 squares
|j| Free Swimming
|l| Sablolol
|
|t:|1597366024
|switch|p2a: Dragapult|Dragapult, F|100/100
|turn|31
|l| lucario737
|
|t:|1597366036
|move|p2a: Dragapult|Dragon Dance|p2a: Dragapult
|-boost|p2a: Dragapult|atk|1
|-boost|p2a: Dragapult|spe|1
|move|p1a: Jirachi|Iron Head|p2a: Dragapult
|-damage|p2a: Dragapult|81/100
|
|-heal|p1a: Jirachi|100/100 brn|[from] item: Leftovers
|-damage|p1a: Jirachi|94/100 brn|[from] brn
|upkeep
|turn|32
|
|t:|1597366044
|switch|p1a: Blissey|Blissey, F|100/100
|move|p2a: Dragapult|Dragon Dance|p2a: Dragapult
|-boost|p2a: Dragapult|atk|1
|-boost|p2a: Dragapult|spe|1
|
|upkeep
|turn|33
|j| jergins
|l|+Excal
|j| Jeremy D Goat
|inactive|LT71LX John W has 60 seconds left.
|inactive|LT71LX John W has 30 seconds left.
|
|t:|1597366105
|switch|p1a: Toxapex|Toxapex, F|56/100
|move|p2a: Dragapult|Dragon Darts|p1a: Toxapex
|-damage|p1a: Toxapex|10/100
|-anim|p2a: Dragapult|Dragon Darts|p1a: Toxapex
|-damage|p1a: Toxapex|0 fnt
|-damage|p2a: Dragapult|71/100|[from] item: Life Orb
|faint|p1a: Toxapex
|
|upkeep
|
|t:|1597366107
|switch|p1a: Ditto|Ditto, shiny|47/100
|-transform|p1a: Ditto|p2a: Dragapult|[from] ability: Imposter
|turn|34
|
|t:|1597366116
|move|p2a: Dragapult|Sucker Punch|p1a: Ditto
|-supereffective|p1a: Ditto
|-damage|p1a: Ditto|0 fnt
|-damage|p2a: Dragapult|61/100|[from] item: Life Orb
|faint|p1a: Ditto
|
|upkeep
|c|☆LT71LX John W|ever
|j| LT71LX Kith
|c|☆LT71LX John W|lucky
|c|☆LT71LX John W|fucking
|c|☆LT71LX John W|stupid
|j| aleserdez
|-message|LT71LX John W forfeited.
|
|win|LT71LX Guilt
|j| pattek
|l|☆LT71LX John W
|l|☆LT71LX Guilt
|l| pattek
|l| Hammy
|l| gronched
|j| swagmemez
|l| QuilavaBest
|l| Devil Patchy
|l| Lt71x PAPA pia
|l| outu why
|l| LT71LX MegaLucario
|l| blazing_lantern
|l| swagmemez
|raw|LT71LX John W's rating: 2121 &rarr; <strong>2101</strong><br />(-20 for losing)
|raw|LT71LX Guilt's rating: 2137 &rarr; <strong>2156</strong><br />(+19 for winning)
|l| Enzo Gorlami
|l| LT71LX Sam
|l| GeniusX
|l| LT71LX REDDIT
|l| aleserdez
|l| reje
|l|@Tony
|l| tyurtjddtutdtutd
|l| bro fist
|l|+ShinyAzelf
|l| GOATDON
|l| Livio ElTito
|l|+Cdumas
|l| high or dead
|l| Insert Test
|l| dumdumpoopyface
|l| wyn
|l| mad goonery
|l| go team us midwest
|l| Mara Sattei
|l| Chati.s
|l| Congwuyu
|l| LT71LX Kith
|l| Jeremy D Goat
|l| Spl4sh
|l| 2013 steel
