|j|☆GMjoshua
|j|☆Tirkys
|t:|1606014752
|player|p1|GMjoshua|nate|1193
|player|p2|Tirkys|hilda-dueldisk|1215
|teamsize|p1|6
|teamsize|p2|6
|gametype|singles
|gen|8
|tier|[Gen 8] OU
|rated|
|clearpoke
|poke|p1|Lucario, M|
|poke|p1|Tyranitar, M|
|poke|p1|Volcarona, M|
|poke|p1|Dragapult, F|
|poke|p1|Magearna|
|poke|p1|Landorus-Therian, M|
|poke|p2|Mienshao, M|
|poke|p2|Quagsire, F|
|poke|p2|Mantyke, F|
|poke|p2|Volcarona, M|
|poke|p2|Xatu, M|
|poke|p2|Bronzong|
|rule|Sleep Clause Mod: Limit one foe put to sleep
|rule|Species Clause: Limit one of each Pokémon
|rule|OHKO Clause: OHKO moves are banned
|rule|Evasion Moves Clause: Evasion moves are banned
|rule|Endless Battle Clause: Forcing endless battles is banned
|rule|HP Percentage Mod: HP is shown in percentages
|rule|Dynamax Clause: You cannot dynamax
|teampreview
|inactive|Battle timer is ON: inactive players will automatically lose when time's up. (requested by Tirkys)
|
|t:|1606014769
|start
|switch|p1a: Magearna|Magearna|100/100
|switch|p2a: Mienshao|Mienshao, M|100/100
|turn|1
|
|t:|1606014781
|switch|p1a: Landorus|Landorus-Therian, M|100/100
|-ability|p1a: Landorus|Intimidate|boost
|-unboost|p2a: Mienshao|atk|1
|move|p2a: Mienshao|Fake Out|p1a: Landorus
|-damage|p1a: Landorus|89/100
|
|upkeep
|turn|2
|
|t:|1606014790
|switch|p2a: Xatu|Xatu, M|100/100
|move|p1a: Landorus|Brick Break|p2a: Xatu
|-resisted|p2a: Xatu
|-damage|p2a: Xatu|91/100
|
|-heal|p2a: Xatu|97/100|[from] item: Leftovers
|upkeep
|turn|3
|
|t:|1606014804
|switch|p1a: Tyranitar|Tyranitar, M|100/100
|-weather|Sandstorm|[from] ability: Sand Stream|[of] p1a: Tyranitar
|switch|p2a: Volcarona|Volcarona, M|100/100
|
|-weather|Sandstorm|[upkeep]
|-damage|p2a: Volcarona|94/100|[from] Sandstorm
|-heal|p2a: Volcarona|100/100|[from] item: Leftovers
|upkeep
|turn|4
|
|t:|1606014814
|switch|p2a: Mienshao|Mienshao, M|100/100
|move|p1a: Tyranitar|Earthquake|p2a: Mienshao
|-damage|p2a: Mienshao|30/100
|
|-weather|Sandstorm|[upkeep]
|-damage|p2a: Mienshao|24/100|[from] Sandstorm
|upkeep
|turn|5
|
|t:|1606014821
|move|p2a: Mienshao|U-turn|p1a: Tyranitar
|-supereffective|p1a: Tyranitar
|-damage|p1a: Tyranitar|65/100
|
|t:|1606014823
|switch|p2a: Xatu|Xatu, M|97/100|[from]move: U-turn
|move|p1a: Tyranitar|Earthquake|p2a: Xatu
|-immune|p2a: Xatu
|
|-weather|Sandstorm|[upkeep]
|-damage|p2a: Xatu|91/100|[from] Sandstorm
|-heal|p2a: Xatu|97/100|[from] item: Leftovers
|upkeep
|turn|6
|
|t:|1606014832
|switch|p2a: Mienshao|Mienshao, M|58/100
|move|p1a: Tyranitar|Crunch|p2a: Mienshao
|-resisted|p2a: Mienshao
|-damage|p2a: Mienshao|9/100
|
|-weather|Sandstorm|[upkeep]
|-damage|p2a: Mienshao|3/100|[from] Sandstorm
|upkeep
|turn|7
|
|t:|1606014844
|move|p2a: Mienshao|U-turn|p1a: Tyranitar
|-supereffective|p1a: Tyranitar
|-damage|p1a: Tyranitar|27/100
|
|t:|1606014846
|switch|p2a: Volcarona|Volcarona, M|100/100|[from]move: U-turn
|move|p1a: Tyranitar|Dragon Claw|p2a: Volcarona
|-damage|p2a: Volcarona|71/100
|
|-weather|none
|-heal|p2a: Volcarona|78/100|[from] item: Leftovers
|upkeep
|turn|8
|
|t:|1606014855
|move|p2a: Volcarona|Bug Buzz|p1a: Tyranitar
|-supereffective|p1a: Tyranitar
|-damage|p1a: Tyranitar|0 fnt
|faint|p1a: Tyranitar
|
|-heal|p2a: Volcarona|84/100|[from] item: Leftovers
|upkeep
|
|t:|1606014868
|switch|p1a: Landorus|Landorus-Therian, M|89/100
|-ability|p1a: Landorus|Intimidate|boost
|-unboost|p2a: Volcarona|atk|1
|turn|9
|
|t:|1606014876
|switch|p2a: Xatu|Xatu, M|97/100
|move|p1a: Landorus|Fly||[still]
|-prepare|p1a: Landorus|Fly
|
|-heal|p2a: Xatu|100/100|[from] item: Leftovers
|upkeep
|turn|10
|
|t:|1606014882
|switch|p2a: Quagsire|Quagsire, F|100/100
|move|p1a: Landorus|Fly|p2a: Quagsire|[from]lockedmove|[miss]
|-miss|p1a: Landorus|p2a: Quagsire
|
|upkeep
|turn|11
|
|t:|1606014896
|move|p1a: Landorus|Body Slam|p2a: Quagsire
|-damage|p2a: Quagsire|76/100
|move|p2a: Quagsire|Scald|p1a: Landorus
|-supereffective|p1a: Landorus
|-damage|p1a: Landorus|38/100
|-status|p1a: Landorus|brn
|
|-heal|p2a: Quagsire|82/100|[from] item: Leftovers
|-damage|p1a: Landorus|32/100 brn|[from] brn
|upkeep
|turn|12
|
|t:|1606014908
|switch|p2a: Xatu|Xatu, M|100/100
|move|p1a: Landorus|Body Slam|p2a: Xatu
|-crit|p2a: Xatu
|-damage|p2a: Xatu|67/100
|-status|p2a: Xatu|par
|
|-heal|p2a: Xatu|73/100 par|[from] item: Leftovers
|-damage|p1a: Landorus|26/100 brn|[from] brn
|upkeep
|turn|13
|
|t:|1606014919
|move|p1a: Landorus|Body Slam|p2a: Xatu
|-damage|p2a: Xatu|51/100 par
|move|p2a: Xatu|Roost|p2a: Xatu
|-heal|p2a: Xatu|100/100 par
|-singleturn|p2a: Xatu|move: Roost
|
|-damage|p1a: Landorus|20/100 brn|[from] brn
|upkeep
|turn|14
|
|t:|1606014928
|move|p1a: Landorus|Body Slam|p2a: Xatu
|-crit|p2a: Xatu
|-damage|p2a: Xatu|68/100 par
|move|p2a: Xatu|Cosmic Power|p2a: Xatu
|-boost|p2a: Xatu|def|1
|-boost|p2a: Xatu|spd|1
|
|-heal|p2a: Xatu|74/100 par|[from] item: Leftovers
|-damage|p1a: Landorus|14/100 brn|[from] brn
|upkeep
|turn|15
|
|t:|1606014937
|move|p1a: Landorus|Body Slam|p2a: Xatu
|-damage|p2a: Xatu|61/100 par
|move|p2a: Xatu|Stored Power|p1a: Landorus
|-damage|p1a: Landorus|0 fnt
|faint|p1a: Landorus
|
|-heal|p2a: Xatu|67/100 par|[from] item: Leftovers
|upkeep
|
|t:|1606014947
|switch|p1a: Magearna|Magearna|100/100
|turn|16
|
|t:|1606014951
|switch|p2a: Bronzong|Bronzong|100/100
|move|p1a: Magearna|Thunderbolt|p2a: Bronzong
|-damage|p2a: Bronzong|82/100
|
|upkeep
|turn|17
|
|t:|1606014970
|switch|p1a: Dragapult|Dragapult, F|100/100
|move|p2a: Bronzong|Trick|p1a: Dragapult
|-activate|p2a: Bronzong|move: Trick|[of] p1a: Dragapult
|-item|p1a: Dragapult|Toxic Orb|[from] move: Trick
|-item|p2a: Bronzong|Focus Band|[from] move: Trick
|
|-status|p1a: Dragapult|tox|[from] item: Toxic Orb
|upkeep
|turn|18
|
|t:|1606014981
|switch|p2a: Mienshao|Mienshao, M|37/100
|move|p1a: Dragapult|Dragon Dance|p1a: Dragapult
|-boost|p1a: Dragapult|atk|1
|-boost|p1a: Dragapult|spe|1
|
|-damage|p1a: Dragapult|95/100 tox|[from] psn
|upkeep
|turn|19
|
|t:|1606014992
|switch|p2a: Quagsire|Quagsire, F|82/100
|move|p1a: Dragapult|Dragon Dance|p1a: Dragapult
|-boost|p1a: Dragapult|atk|1
|-boost|p1a: Dragapult|spe|1
|
|-heal|p2a: Quagsire|89/100|[from] item: Leftovers
|-damage|p1a: Dragapult|83/100 tox|[from] psn
|upkeep
|turn|20
|
|t:|1606015002
|move|p1a: Dragapult|Phantom Force||[still]
|-prepare|p1a: Dragapult|Phantom Force
|move|p2a: Quagsire|Stockpile|p2a: Quagsire
|-start|p2a: Quagsire|stockpile1
|-boost|p2a: Quagsire|def|1
|-boost|p2a: Quagsire|spd|1
|
|-heal|p2a: Quagsire|95/100|[from] item: Leftovers
|-damage|p1a: Dragapult|65/100 tox|[from] psn
|upkeep
|turn|21
|
|t:|1606015010
|move|p1a: Dragapult|Phantom Force|p2a: Quagsire|[from]lockedmove
|-damage|p2a: Quagsire|72/100
|move|p2a: Quagsire|Stockpile|p2a: Quagsire
|-start|p2a: Quagsire|stockpile2
|-boost|p2a: Quagsire|def|1
|-boost|p2a: Quagsire|spd|1
|
|-heal|p2a: Quagsire|78/100|[from] item: Leftovers
|-damage|p1a: Dragapult|41/100 tox|[from] psn
|upkeep
|turn|22
|
|t:|1606015027
|move|p1a: Dragapult|U-turn|p2a: Quagsire
|-damage|p2a: Quagsire|69/100
|
|t:|1606015044
|switch|p1a: Magearna|Magearna|100/100|[from]move: U-turn
|move|p2a: Quagsire|Scald|p1a: Magearna
|-damage|p1a: Magearna|85/100
|
|-heal|p1a: Magearna|91/100|[from] item: Leftovers
|-heal|p2a: Quagsire|75/100|[from] item: Leftovers
|upkeep
|turn|23
|
|t:|1606015052
|move|p1a: Magearna|Energy Ball|p2a: Quagsire
|-supereffective|p2a: Quagsire
|-damage|p2a: Quagsire|0 fnt
|faint|p2a: Quagsire
|-ability|p1a: Magearna|Soul-Heart|boost
|-boost|p1a: Magearna|spa|1
|
|-heal|p1a: Magearna|97/100|[from] item: Leftovers
|upkeep
|
|t:|1606015057
|switch|p2a: Volcarona|Volcarona, M|84/100
|turn|24
|
|t:|1606015072
|move|p2a: Volcarona|Quiver Dance|p2a: Volcarona
|-boost|p2a: Volcarona|spa|1
|-boost|p2a: Volcarona|spd|1
|-boost|p2a: Volcarona|spe|1
|move|p1a: Magearna|Ice Beam|p2a: Volcarona
|-resisted|p2a: Volcarona
|-damage|p2a: Volcarona|71/100
|
|-heal|p2a: Volcarona|77/100|[from] item: Leftovers
|-heal|p1a: Magearna|100/100|[from] item: Leftovers
|upkeep
|turn|25
|
|t:|1606015083
|move|p2a: Volcarona|Quiver Dance|p2a: Volcarona
|-boost|p2a: Volcarona|spa|1
|-boost|p2a: Volcarona|spd|1
|-boost|p2a: Volcarona|spe|1
|move|p1a: Magearna|Thunderbolt|p2a: Volcarona
|-damage|p2a: Volcarona|55/100
|
|-heal|p2a: Volcarona|61/100|[from] item: Leftovers
|upkeep
|turn|26
|
|t:|1606015091
|move|p2a: Volcarona|Quiver Dance|p2a: Volcarona
|-boost|p2a: Volcarona|spa|1
|-boost|p2a: Volcarona|spd|1
|-boost|p2a: Volcarona|spe|1
|move|p1a: Magearna|Thunderbolt|p2a: Volcarona
|-damage|p2a: Volcarona|44/100
|
|-heal|p2a: Volcarona|50/100|[from] item: Leftovers
|upkeep
|turn|27
|
|t:|1606015098
|move|p2a: Volcarona|Quiver Dance|p2a: Volcarona
|-boost|p2a: Volcarona|spa|1
|-boost|p2a: Volcarona|spd|1
|-boost|p2a: Volcarona|spe|1
|move|p1a: Magearna|Thunderbolt|p2a: Volcarona
|-crit|p2a: Volcarona
|-damage|p2a: Volcarona|0 fnt
|faint|p2a: Volcarona
|-ability|p1a: Magearna|Soul-Heart|boost
|-boost|p1a: Magearna|spa|1
|
|upkeep
|
|t:|1606015104
|switch|p2a: Bronzong|Bronzong|82/100
|turn|28
|
|t:|1606015114
|move|p1a: Magearna|Dazzling Gleam|p2a: Bronzong
|-resisted|p2a: Bronzong
|-damage|p2a: Bronzong|54/100
|move|p2a: Bronzong|Stealth Rock|p1a: Magearna
|-sidestart|p1: GMjoshua|move: Stealth Rock
|
|upkeep
|turn|29
|
|t:|1606015119
|move|p1a: Magearna|Dazzling Gleam|p2a: Bronzong
|-resisted|p2a: Bronzong
|-damage|p2a: Bronzong|25/100
|move|p2a: Bronzong|Light Screen|p2a: Bronzong
|-sidestart|p2: Tirkys|move: Light Screen
|
|upkeep
|turn|30
|
|t:|1606015125
|move|p1a: Magearna|Dazzling Gleam|p2a: Bronzong
|-resisted|p2a: Bronzong
|-crit|p2a: Bronzong
|-damage|p2a: Bronzong|0 fnt
|faint|p2a: Bronzong
|-ability|p1a: Magearna|Soul-Heart|boost
|-boost|p1a: Magearna|spa|1
|
|upkeep
|
|t:|1606015129
|switch|p2a: Mantyke|Mantyke, F|100/100
|turn|31
|
|t:|1606015136
|move|p1a: Magearna|Thunderbolt|p2a: Mantyke
|-supereffective|p2a: Mantyke
|-damage|p2a: Mantyke|17/100
|move|p2a: Mantyke|Mirror Coat|p1a: Magearna
|-damage|p1a: Magearna|0 fnt
|faint|p1a: Magearna
|
|upkeep
|
|t:|1606015148
|switch|p1a: Dragapult|Dragapult, F|41/100 tox
|-damage|p1a: Dragapult|28/100 tox|[from] Stealth Rock
|turn|32
|
|t:|1606015154
|move|p1a: Dragapult|Dragon Claw|p2a: Mantyke
|-damage|p2a: Mantyke|0 fnt
|faint|p2a: Mantyke
|
|-damage|p1a: Dragapult|22/100 tox|[from] psn
|upkeep
|
|t:|1606015161
|switch|p2a: Xatu|Xatu, M|67/100 par
|turn|33
|
|t:|1606015169
|move|p1a: Dragapult|Phantom Force||[still]
|-prepare|p1a: Dragapult|Phantom Force
|move|p2a: Xatu|Cosmic Power|p2a: Xatu
|-boost|p2a: Xatu|def|1
|-boost|p2a: Xatu|spd|1
|
|-heal|p2a: Xatu|73/100 par|[from] item: Leftovers
|-damage|p1a: Dragapult|10/100 tox|[from] psn
|-sideend|p2: Tirkys|move: Light Screen
|upkeep
|turn|34
|
|t:|1606015177
|move|p1a: Dragapult|Phantom Force|p2a: Xatu|[from]lockedmove
|-supereffective|p2a: Xatu
|-damage|p2a: Xatu|0 fnt
|faint|p2a: Xatu
|
|-damage|p1a: Dragapult|0 fnt|[from] psn
|faint|p1a: Dragapult
|upkeep
|
|t:|1606015188
|switch|p1a: Volcarona|Volcarona, M|100/100
|switch|p2a: Mienshao|Mienshao, M|70/100
|-damage|p1a: Volcarona|51/100|[from] Stealth Rock
|turn|35
|
|t:|1606015196
|move|p2a: Mienshao|Fake Out|p1a: Volcarona
|-damage|p1a: Volcarona|28/100
|cant|p1a: Volcarona|flinch
|
|upkeep
|turn|36
|
|t:|1606015200
|move|p2a: Mienshao|Knock Off|p1a: Volcarona
|-damage|p1a: Volcarona|0 fnt
|-enditem|p1a: Volcarona|Razor Claw|[from] move: Knock Off|[of] p2a: Mienshao
|faint|p1a: Volcarona
|
|upkeep
|
|t:|1606015205
|switch|p1a: Lucario|Lucario, M|100/100
|-damage|p1a: Lucario|98/100|[from] Stealth Rock
|turn|37
|
|t:|1606015212
|move|p2a: Mienshao|Power-Up Punch|p1a: Lucario
|-supereffective|p1a: Lucario
|-damage|p1a: Lucario|29/100
|-boost|p2a: Mienshao|atk|1
|move|p1a: Lucario|Aura Sphere|p2a: Mienshao
|-damage|p2a: Mienshao|21/100
|
|upkeep
|turn|38
|
|t:|1606015220
|move|p1a: Lucario|Extreme Speed|p2a: Mienshao
|-damage|p2a: Mienshao|0 fnt
|faint|p2a: Mienshao
|
|win|GMjoshua
|l|☆Tirkys
|raw|GMjoshua's rating: 1193 &rarr; <strong>1220</strong><br />(+27 for winning)
|raw|Tirkys's rating: 1215 &rarr; <strong>1188</strong><br />(-27 for losing)
