|raw|<div class="broadcast-blue"><strong>This battle is required to be public due to a player having a name starting with 'lt91bb'.</div>
|j|☆LT91BB CICALIENTE
|j|☆return nirvana
|t:|1659346692
|gametype|singles
|player|p1|LT91BB CICALIENTE|leon-masters|1924
|player|p2|return nirvana|gambler-gen1|1927
|teamsize|p1|6
|teamsize|p2|6
|gen|8
|tier|[Gen 8] OU
|rated|
|rule|Sleep Clause Mod: Limit one foe put to sleep
|rule|Species Clause: Limit one of each Pokémon
|rule|OHKO Clause: OHKO moves are banned
|rule|Evasion Moves Clause: Evasion moves are banned
|rule|Endless Battle Clause: Forcing endless battles is banned
|rule|HP Percentage Mod: HP is shown in percentages
|rule|Dynamax Clause: You cannot dynamax
|clearpoke
|poke|p1|Rillaboom, M|
|poke|p1|Kartana|
|poke|p1|Heatran, F|
|poke|p1|Slowbro, M|
|poke|p1|Tornadus-Therian, M|
|poke|p1|Gastrodon-East, M|
|poke|p2|Celesteela|
|poke|p2|Nihilego|
|poke|p2|Magnezone|
|poke|p2|Garchomp, F|
|poke|p2|Weavile, F|
|poke|p2|Toxapex, F|
|teampreview
|j| LT91BB Storm
|
|t:|1659346720
|start
|switch|p1a: Slowbro|Slowbro, M|100/100
|switch|p2a: Weavile|Weavile, F|100/100
|-ability|p2a: Weavile|Pressure
|turn|1
|
|t:|1659346728
|switch|p2a: Nihilego|Nihilego|100/100
|move|p1a: Slowbro|Body Press|p2a: Nihilego
|-damage|p2a: Nihilego|59/100
|
|upkeep
|turn|2
|
|t:|1659346741
|switch|p1a: Heatran|Heatran, F|100/100
|move|p2a: Nihilego|Stealth Rock|p1a: Heatran
|-sidestart|p1: LT91BB CICALIENTE|move: Stealth Rock
|
|upkeep
|turn|3
|
|t:|1659346748
|move|p2a: Nihilego|Meteor Beam||[still]
|-prepare|p2a: Nihilego|Meteor Beam
|-boost|p2a: Nihilego|spa|1
|-enditem|p2a: Nihilego|Power Herb
|-anim|p2a: Nihilego|Meteor Beam|p1a: Heatran
|-damage|p1a: Heatran|47/100
|move|p1a: Heatran|Stealth Rock|p2a: Nihilego
|-sidestart|p2: return nirvana|move: Stealth Rock
|
|-heal|p1a: Heatran|54/100|[from] item: Leftovers
|upkeep
|turn|4
|j| ghostfreakkkk
|
|t:|1659346759
|move|p2a: Nihilego|Power Gem|p1a: Heatran
|-damage|p1a: Heatran|17/100
|move|p1a: Heatran|Earth Power|p2a: Nihilego
|-supereffective|p2a: Nihilego
|-damage|p2a: Nihilego|0 fnt
|faint|p2a: Nihilego
|
|-heal|p1a: Heatran|23/100|[from] item: Leftovers
|upkeep
|
|t:|1659346762
|switch|p2a: Weavile|Weavile, F|100/100
|-damage|p2a: Weavile|76/100|[from] Stealth Rock
|-ability|p2a: Weavile|Pressure
|turn|5
|j| nathaaan
|l| ghostfreakkkk
|j| ripreckful
|j| Cocomelon Esports
|
|t:|1659346817
|move|p2a: Weavile|Knock Off|p1a: Heatran
|-damage|p1a: Heatran|0 fnt
|-enditem|p1a: Heatran|Leftovers|[from] move: Knock Off|[of] p2a: Weavile
|faint|p1a: Heatran
|-damage|p2a: Weavile|66/100|[from] item: Life Orb
|
|upkeep
|
|t:|1659346826
|switch|p1a: Slowbro|Slowbro, M|100/100
|-damage|p1a: Slowbro|88/100|[from] Stealth Rock
|turn|6
|
|t:|1659346837
|move|p2a: Weavile|Knock Off|p1a: Slowbro
|-supereffective|p1a: Slowbro
|-enditem|p1a: Slowbro|Colbur Berry|[eat]
|-enditem|p1a: Slowbro|Colbur Berry|[weaken]
|-damage|p1a: Slowbro|48/100
|-damage|p2a: Weavile|56/100|[from] item: Life Orb
|move|p1a: Slowbro|Future Sight|p2a: Weavile
|-start|p1a: Slowbro|move: Future Sight
|
|upkeep
|turn|7
|
|t:|1659346846
|switch|p1a: Rillaboom|Rillaboom, M|100/100
|-damage|p1a: Rillaboom|88/100|[from] Stealth Rock
|-fieldstart|move: Grassy Terrain|[from] ability: Grassy Surge|[of] p1a: Rillaboom
|move|p2a: Weavile|Knock Off|p1a: Rillaboom
|-damage|p1a: Rillaboom|23/100
|-enditem|p1a: Rillaboom|Life Orb|[from] move: Knock Off|[of] p2a: Weavile
|-damage|p2a: Weavile|46/100|[from] item: Life Orb
|
|-heal|p2a: Weavile|52/100|[from] Grassy Terrain
|-heal|p1a: Rillaboom|29/100|[from] Grassy Terrain
|upkeep
|turn|8
|
|t:|1659346852
|switch|p1a: Slowbro|Slowbro, M|82/100
|-damage|p1a: Slowbro|69/100|[from] Stealth Rock
|move|p2a: Weavile|Swords Dance|p2a: Weavile
|-boost|p2a: Weavile|atk|2
|
|-end|p2a: Weavile|move: Future Sight
|-immune|p2a: Weavile
|-heal|p2a: Weavile|58/100|[from] Grassy Terrain
|-heal|p1a: Slowbro|75/100|[from] Grassy Terrain
|upkeep
|turn|9
|-message|LT91BB CICALIENTE forfeited.
|
|win|return nirvana
|raw|LT91BB CICALIENTE's rating: 1924 &rarr; <strong>1904</strong><br />(-20 for losing)
|raw|return nirvana's rating: 1927 &rarr; <strong>1947</strong><br />(+20 for winning)
