|raw|<div class="broadcast-blue"><strong>This battle is required to be public due to a player having a name starting with 'lt91bb'.</div>
|j|☆LT91BB FustJranco
|j|☆pokeda
|t:|1659022454
|gametype|singles
|player|p1|LT91BB FustJranco|winona-gen6|1690
|player|p2|pokeda|oleana|1704
|teamsize|p1|6
|teamsize|p2|6
|gen|8
|tier|[Gen 8] OU
|rated|
|rule|Sleep Clause Mod: Limit one foe put to sleep
|rule|Species Clause: Limit one of each Pokémon
|rule|OHKO Clause: OHKO moves are banned
|rule|Evasion Moves Clause: Evasion moves are banned
|rule|Endless Battle Clause: Forcing endless battles is banned
|rule|HP Percentage Mod: HP is shown in percentages
|rule|Dynamax Clause: You cannot dynamax
|clearpoke
|poke|p1|Tapu Lele|
|poke|p1|Blacephalon|
|poke|p1|Tyranitar, M|
|poke|p1|Landorus-Therian, M|
|poke|p1|Corviknight, M|
|poke|p1|Toxapex, F|
|poke|p2|Dragapult, M|
|poke|p2|Clefable, F|
|poke|p2|Landorus-Therian, M|
|poke|p2|Heatran, M|
|poke|p2|Slowbro, F|
|poke|p2|Buzzwole|
|teampreview
|inactive|Battle timer is ON: inactive players will automatically lose when time's up. (requested by LT91BB FustJranco)
|inactive|pokeda has 120 seconds left.
|
|t:|1659022501
|start
|switch|p1a: Tyranitar|Tyranitar, M|100/100
|switch|p2a: Clefable|Clefable, F|100/100
|-weather|Sandstorm|[from] ability: Sand Stream|[of] p1a: Tyranitar
|turn|1
|
|t:|1659022509
|switch|p2a: Buzzwole|Buzzwole|100/100
|move|p1a: Tyranitar|Stone Edge|p2a: Buzzwole
|-crit|p2a: Buzzwole
|-damage|p2a: Buzzwole|15/100
|
|-weather|Sandstorm|[upkeep]
|-damage|p2a: Buzzwole|9/100|[from] Sandstorm
|upkeep
|turn|2
|
|t:|1659022518
|switch|p1a: Toxapex|Toxapex, F|100/100
|move|p2a: Buzzwole|Roost|p2a: Buzzwole
|-heal|p2a: Buzzwole|59/100
|-singleturn|p2a: Buzzwole|move: Roost
|
|-weather|Sandstorm|[upkeep]
|-damage|p2a: Buzzwole|53/100|[from] Sandstorm
|-damage|p1a: Toxapex|95/100|[from] Sandstorm
|upkeep
|turn|3
|
|t:|1659022527
|move|p2a: Buzzwole|Roost|p2a: Buzzwole
|-heal|p2a: Buzzwole|100/100
|-singleturn|p2a: Buzzwole|move: Roost
|move|p1a: Toxapex|Knock Off|p2a: Buzzwole
|-resisted|p2a: Buzzwole
|-damage|p2a: Buzzwole|95/100
|-damage|p1a: Toxapex|78/100|[from] item: Rocky Helmet|[of] p2a: Buzzwole
|-enditem|p2a: Buzzwole|Rocky Helmet|[from] move: Knock Off|[of] p1a: Toxapex
|
|-weather|Sandstorm|[upkeep]
|-damage|p2a: Buzzwole|89/100|[from] Sandstorm
|-damage|p1a: Toxapex|72/100|[from] Sandstorm
|upkeep
|turn|4
|
|t:|1659022532
|switch|p2a: Slowbro|Slowbro, F|100/100
|move|p1a: Toxapex|Poison Jab|p2a: Slowbro
|-damage|p2a: Slowbro|85/100
|
|-weather|Sandstorm|[upkeep]
|-damage|p1a: Toxapex|66/100|[from] Sandstorm
|-damage|p2a: Slowbro|79/100|[from] Sandstorm
|upkeep
|turn|5
|
|t:|1659022539
|switch|p1a: Landorus|Landorus-Therian, M|100/100
|-ability|p1a: Landorus|Intimidate|boost
|-unboost|p2a: Slowbro|atk|1
|move|p2a: Slowbro|Future Sight|p1a: Landorus
|-start|p2a: Slowbro|move: Future Sight
|
|-weather|none
|upkeep
|turn|6
|
|t:|1659022546
|move|p1a: Landorus|Stealth Rock|p2a: Slowbro
|-sidestart|p2: pokeda|move: Stealth Rock
|move|p2a: Slowbro|Scald|p1a: Landorus
|-supereffective|p1a: Landorus
|-damage|p1a: Landorus|51/100
|-status|p1a: Landorus|brn
|
|-heal|p1a: Landorus|57/100 brn|[from] item: Leftovers
|-damage|p1a: Landorus|51/100 brn|[from] brn
|upkeep
|turn|7
|
|t:|1659022555
|move|p1a: Landorus|U-turn|p2a: Slowbro
|-supereffective|p2a: Slowbro
|-damage|p2a: Slowbro|58/100
|
|t:|1659022559
|switch|p1a: Tyranitar|Tyranitar, M|100/100|[from]move: U-turn
|-weather|Sandstorm|[from] ability: Sand Stream|[of] p1a: Tyranitar
|move|p2a: Slowbro|Teleport|p2a: Slowbro
|
|t:|1659022572
|switch|p2a: Buzzwole|Buzzwole|89/100|[from]move: Teleport
|-damage|p2a: Buzzwole|77/100|[from] Stealth Rock
|
|-weather|Sandstorm|[upkeep]
|-damage|p2a: Buzzwole|71/100|[from] Sandstorm
|-end|p1a: Tyranitar|move: Future Sight
|-immune|p1a: Tyranitar
|upkeep
|turn|8
|
|t:|1659022576
|switch|p1a: Toxapex|Toxapex, F|99/100
|move|p2a: Buzzwole|Roost|p2a: Buzzwole
|-heal|p2a: Buzzwole|100/100
|-singleturn|p2a: Buzzwole|move: Roost
|
|-weather|Sandstorm|[upkeep]
|-damage|p2a: Buzzwole|94/100|[from] Sandstorm
|-damage|p1a: Toxapex|94/100|[from] Sandstorm
|upkeep
|turn|9
|
|t:|1659022584
|move|p2a: Buzzwole|Earthquake|p1a: Toxapex
|-supereffective|p1a: Toxapex
|-damage|p1a: Toxapex|50/100
|-enditem|p1a: Toxapex|Eject Button
|
|t:|1659022588
|switch|p1a: Tapu Lele|Tapu Lele|100/100
|-fieldstart|move: Psychic Terrain|[from] ability: Psychic Surge|[of] p1a: Tapu Lele
|
|-weather|Sandstorm|[upkeep]
|-damage|p1a: Tapu Lele|94/100|[from] Sandstorm
|-damage|p2a: Buzzwole|88/100|[from] Sandstorm
|upkeep
|turn|10
|
|t:|1659022593
|switch|p1a: Tyranitar|Tyranitar, M|100/100
|switch|p2a: Slowbro|Slowbro, F|91/100
|
|-weather|Sandstorm|[upkeep]
|-damage|p2a: Slowbro|85/100|[from] Sandstorm
|upkeep
|turn|11
|
|t:|1659022610
|switch|p2a: Buzzwole|Buzzwole|88/100
|-damage|p2a: Buzzwole|76/100|[from] Stealth Rock
|move|p1a: Tyranitar|Stone Edge|p2a: Buzzwole|[miss]
|-miss|p1a: Tyranitar|p2a: Buzzwole
|
|-weather|none
|upkeep
|turn|12
|
|t:|1659022616
|switch|p1a: Corviknight|Corviknight, M|100/100
|-ability|p1a: Corviknight|Pressure
|move|p2a: Buzzwole|Roost|p2a: Buzzwole
|-heal|p2a: Buzzwole|100/100
|-singleturn|p2a: Buzzwole|move: Roost
|
|upkeep
|turn|13
|
|t:|1659022646
|switch|p2a: Clefable|Clefable, F|100/100
|move|p1a: Corviknight|U-turn|p2a: Clefable
|-resisted|p2a: Clefable
|-damage|p2a: Clefable|94/100
|
|t:|1659022658
|switch|p1a: Tyranitar|Tyranitar, M|100/100|[from]move: U-turn
|-weather|Sandstorm|[from] ability: Sand Stream|[of] p1a: Tyranitar
|
|-weather|Sandstorm|[upkeep]
|-heal|p2a: Clefable|99/100|[from] item: Leftovers
|-fieldend|move: Psychic Terrain
|upkeep
|turn|14
|
|t:|1659022669
|move|p1a: Tyranitar|Stone Edge|p2a: Clefable
|-damage|p2a: Clefable|24/100
|move|p2a: Clefable|Knock Off|p1a: Tyranitar
|-resisted|p1a: Tyranitar
|-damage|p1a: Tyranitar|94/100
|-enditem|p1a: Tyranitar|Choice Band|[from] move: Knock Off|[of] p2a: Clefable
|
|-weather|Sandstorm|[upkeep]
|-heal|p2a: Clefable|30/100|[from] item: Leftovers
|upkeep
|turn|15
|
|t:|1659022688
|switch|p1a: Blacephalon|Blacephalon|100/100
|switch|p2a: Landorus|Landorus-Therian, M|100/100
|-damage|p2a: Landorus|88/100|[from] Stealth Rock
|-ability|p2a: Landorus|Intimidate|boost
|-unboost|p1a: Blacephalon|atk|1
|
|-weather|Sandstorm|[upkeep]
|-damage|p1a: Blacephalon|94/100|[from] Sandstorm
|-heal|p2a: Landorus|94/100|[from] item: Leftovers
|upkeep
|turn|16
|
|t:|1659022694
|switch|p1a: Corviknight|Corviknight, M|100/100
|-ability|p1a: Corviknight|Pressure
|move|p2a: Landorus|Earthquake|p1a: Corviknight
|-immune|p1a: Corviknight
|
|-weather|Sandstorm|[upkeep]
|-heal|p2a: Landorus|99/100|[from] item: Leftovers
|upkeep
|turn|17
|
|t:|1659022698
|move|p2a: Landorus|Defog|p1a: Corviknight
|-unboost|p1a: Corviknight|evasion|1
|-sideend|p2: pokeda|Stealth Rock|[from] move: Defog|[of] p2a: Landorus
|move|p1a: Corviknight|U-turn|p2a: Landorus
|-resisted|p2a: Landorus
|-damage|p2a: Landorus|94/100
|
|t:|1659022705
|switch|p1a: Landorus|Landorus-Therian, M|51/100 brn|[from]move: U-turn
|-ability|p1a: Landorus|Intimidate|boost
|-unboost|p2a: Landorus|atk|1
|
|-weather|none
|-heal|p1a: Landorus|57/100 brn|[from] item: Leftovers
|-heal|p2a: Landorus|99/100|[from] item: Leftovers
|-damage|p1a: Landorus|51/100 brn|[from] brn
|upkeep
|turn|18
|
|t:|1659022711
|move|p1a: Landorus|Stealth Rock|p2a: Landorus
|-sidestart|p2: pokeda|move: Stealth Rock
|move|p2a: Landorus|U-turn|p1a: Landorus
|-resisted|p1a: Landorus
|-damage|p1a: Landorus|44/100 brn
|
|t:|1659022716
|switch|p2a: Clefable|Clefable, F|30/100|[from]move: U-turn
|
|-heal|p1a: Landorus|50/100 brn|[from] item: Leftovers
|-heal|p2a: Clefable|37/100|[from] item: Leftovers
|-damage|p1a: Landorus|44/100 brn|[from] brn
|upkeep
|turn|19
|
|t:|1659022722
|move|p1a: Landorus|Knock Off|p2a: Clefable
|-resisted|p2a: Clefable
|-damage|p2a: Clefable|30/100
|-enditem|p2a: Clefable|Leftovers|[from] move: Knock Off|[of] p1a: Landorus
|move|p2a: Clefable|Knock Off|p1a: Landorus
|-damage|p1a: Landorus|30/100 brn
|-enditem|p1a: Landorus|Leftovers|[from] move: Knock Off|[of] p2a: Clefable
|
|-damage|p1a: Landorus|24/100 brn|[from] brn
|upkeep
|turn|20
|
|t:|1659022726
|move|p1a: Landorus|U-turn|p2a: Clefable
|-resisted|p2a: Clefable
|-damage|p2a: Clefable|25/100
|
|t:|1659022728
|switch|p1a: Blacephalon|Blacephalon|94/100|[from]move: U-turn
|move|p2a: Clefable|Soft-Boiled|p2a: Clefable
|-heal|p2a: Clefable|75/100
|
|upkeep
|turn|21
|
|t:|1659022752
|move|p1a: Blacephalon|Shadow Ball|p2a: Clefable
|-damage|p2a: Clefable|35/100
|move|p2a: Clefable|Knock Off|p1a: Blacephalon
|-supereffective|p1a: Blacephalon
|-damage|p1a: Blacephalon|27/100
|-enditem|p1a: Blacephalon|Heavy-Duty Boots|[from] move: Knock Off|[of] p2a: Clefable
|
|upkeep
|turn|22
|
|t:|1659022765
|switch|p2a: Landorus|Landorus-Therian, M|99/100
|-damage|p2a: Landorus|87/100|[from] Stealth Rock
|-ability|p2a: Landorus|Intimidate|boost
|-unboost|p1a: Blacephalon|atk|1
|move|p1a: Blacephalon|Shadow Ball|p2a: Landorus
|-damage|p2a: Landorus|52/100
|
|-heal|p2a: Landorus|58/100|[from] item: Leftovers
|upkeep
|turn|23
|
|t:|1659022784
|move|p1a: Blacephalon|Shadow Ball|p2a: Landorus
|-damage|p2a: Landorus|22/100
|move|p2a: Landorus|Earthquake|p1a: Blacephalon
|-supereffective|p1a: Blacephalon
|-damage|p1a: Blacephalon|0 fnt
|faint|p1a: Blacephalon
|
|-heal|p2a: Landorus|29/100|[from] item: Leftovers
|upkeep
|
|t:|1659022787
|switch|p1a: Tapu Lele|Tapu Lele|94/100
|-fieldstart|move: Psychic Terrain|[from] ability: Psychic Surge|[of] p1a: Tapu Lele
|turn|24
|
|t:|1659022793
|switch|p2a: Slowbro|Slowbro, F|100/100
|move|p1a: Tapu Lele|Moonblast|p2a: Slowbro
|-crit|p2a: Slowbro
|-damage|p2a: Slowbro|45/100
|
|upkeep
|turn|25
|
|t:|1659022799
|switch|p1a: Tyranitar|Tyranitar, M|94/100
|-weather|Sandstorm|[from] ability: Sand Stream|[of] p1a: Tyranitar
|switch|p2a: Heatran|Heatran, M|100/100
|-damage|p2a: Heatran|88/100|[from] Stealth Rock
|
|-weather|Sandstorm|[upkeep]
|upkeep
|turn|26
|
|t:|1659022810
|switch|p2a: Buzzwole|Buzzwole|100/100
|-damage|p2a: Buzzwole|88/100|[from] Stealth Rock
|move|p1a: Tyranitar|Stone Edge|p2a: Buzzwole
|-damage|p2a: Buzzwole|50/100
|
|-weather|Sandstorm|[upkeep]
|-damage|p2a: Buzzwole|44/100|[from] Sandstorm
|upkeep
|turn|27
|
|t:|1659022818
|switch|p1a: Tapu Lele|Tapu Lele|94/100
|move|p2a: Buzzwole|Roost|p2a: Buzzwole
|-heal|p2a: Buzzwole|94/100
|-singleturn|p2a: Buzzwole|move: Roost
|
|-weather|Sandstorm|[upkeep]
|-damage|p1a: Tapu Lele|88/100|[from] Sandstorm
|-damage|p2a: Buzzwole|88/100|[from] Sandstorm
|upkeep
|turn|28
|
|t:|1659022830
|switch|p2a: Slowbro|Slowbro, F|79/100
|move|p1a: Tapu Lele|Future Sight|p2a: Slowbro
|-start|p1a: Tapu Lele|move: Future Sight
|
|-weather|Sandstorm|[upkeep]
|-damage|p1a: Tapu Lele|82/100|[from] Sandstorm
|-damage|p2a: Slowbro|73/100|[from] Sandstorm
|-fieldend|move: Psychic Terrain
|upkeep
|turn|29
|
|t:|1659022848
|switch|p1a: Tyranitar|Tyranitar, M|94/100
|move|p2a: Slowbro|Scald|p1a: Tyranitar
|-supereffective|p1a: Tyranitar
|-damage|p1a: Tyranitar|54/100
|
|-weather|none
|upkeep
|turn|30
|
|t:|1659022859
|switch|p2a: Landorus|Landorus-Therian, M|29/100
|-damage|p2a: Landorus|16/100|[from] Stealth Rock
|-ability|p2a: Landorus|Intimidate|boost
|-unboost|p1a: Tyranitar|atk|1
|move|p1a: Tyranitar|Crunch|p2a: Landorus
|-damage|p2a: Landorus|0 fnt
|faint|p2a: Landorus
|
|-hint|Future Sight did not hit because the target is fainted.
|upkeep
|inactive|pokeda has 120 seconds left.
|
|t:|1659022897
|switch|p2a: Heatran|Heatran, M|88/100
|-damage|p2a: Heatran|76/100|[from] Stealth Rock
|turn|31
|
|t:|1659022911
|switch|p1a: Landorus|Landorus-Therian, M|24/100 brn
|-ability|p1a: Landorus|Intimidate|boost
|-unboost|p2a: Heatran|atk|1
|move|p2a: Heatran|Earth Power|p1a: Landorus
|-immune|p1a: Landorus
|
|-damage|p1a: Landorus|18/100 brn|[from] brn
|upkeep
|turn|32
|
|t:|1659022921
|move|p2a: Heatran|Eruption|p1a: Landorus
|-damage|p1a: Landorus|0 fnt
|faint|p1a: Landorus
|
|upkeep
|
|t:|1659022931
|switch|p1a: Tyranitar|Tyranitar, M|54/100
|-weather|Sandstorm|[from] ability: Sand Stream|[of] p1a: Tyranitar
|turn|33
|inactive|pokeda has 120 seconds left.
|
|t:|1659022966
|switch|p2a: Buzzwole|Buzzwole|88/100
|-damage|p2a: Buzzwole|76/100|[from] Stealth Rock
|move|p1a: Tyranitar|Stone Edge|p2a: Buzzwole
|-damage|p2a: Buzzwole|38/100
|
|-weather|Sandstorm|[upkeep]
|-damage|p2a: Buzzwole|32/100|[from] Sandstorm
|upkeep
|turn|34
|
|t:|1659022986
|move|p2a: Buzzwole|Roost|p2a: Buzzwole
|-heal|p2a: Buzzwole|82/100
|-singleturn|p2a: Buzzwole|move: Roost
|move|p1a: Tyranitar|Stone Edge|p2a: Buzzwole|[miss]
|-miss|p1a: Tyranitar|p2a: Buzzwole
|
|-weather|Sandstorm|[upkeep]
|-damage|p2a: Buzzwole|76/100|[from] Sandstorm
|upkeep
|turn|35
|
|t:|1659022997
|switch|p1a: Corviknight|Corviknight, M|100/100
|-ability|p1a: Corviknight|Pressure
|move|p2a: Buzzwole|Earthquake|p1a: Corviknight
|-immune|p1a: Corviknight
|
|-weather|Sandstorm|[upkeep]
|-damage|p2a: Buzzwole|70/100|[from] Sandstorm
|upkeep
|turn|36
|
|t:|1659023013
|move|p2a: Buzzwole|Roost|p2a: Buzzwole
|-heal|p2a: Buzzwole|100/100
|-singleturn|p2a: Buzzwole|move: Roost
|move|p1a: Corviknight|U-turn|p2a: Buzzwole
|-resisted|p2a: Buzzwole
|-damage|p2a: Buzzwole|96/100
|
|t:|1659023016
|switch|p1a: Tapu Lele|Tapu Lele|82/100|[from]move: U-turn
|-fieldstart|move: Psychic Terrain|[from] ability: Psychic Surge|[of] p1a: Tapu Lele
|
|-weather|Sandstorm|[upkeep]
|-damage|p1a: Tapu Lele|76/100|[from] Sandstorm
|-damage|p2a: Buzzwole|90/100|[from] Sandstorm
|upkeep
|turn|37
|
|t:|1659023023
|switch|p2a: Slowbro|Slowbro, F|100/100
|move|p1a: Tapu Lele|Future Sight|p2a: Slowbro
|-start|p1a: Tapu Lele|move: Future Sight
|
|-weather|none
|upkeep
|turn|38
|inactive|pokeda has 120 seconds left.
|
|t:|1659023031
|switch|p1a: Toxapex|Toxapex, F|83/100
|move|p2a: Slowbro|Scald|p1a: Toxapex
|-resisted|p1a: Toxapex
|-damage|p1a: Toxapex|73/100
|
|upkeep
|turn|39
|
|t:|1659023036
|move|p1a: Toxapex|Knock Off|p2a: Slowbro
|-supereffective|p2a: Slowbro
|-damage|p2a: Slowbro|76/100
|-enditem|p2a: Slowbro|Heavy-Duty Boots|[from] move: Knock Off|[of] p1a: Toxapex
|move|p2a: Slowbro|Scald|p1a: Toxapex
|-resisted|p1a: Toxapex
|-damage|p1a: Toxapex|62/100
|-status|p1a: Toxapex|brn
|
|-end|p2a: Slowbro|move: Future Sight
|-resisted|p2a: Slowbro
|-damage|p2a: Slowbro|49/100
|-damage|p1a: Toxapex|56/100 brn|[from] brn
|upkeep
|turn|40
|
|t:|1659023048
|move|p1a: Toxapex|Poison Jab|p2a: Slowbro
|-damage|p2a: Slowbro|41/100
|-status|p2a: Slowbro|psn
|move|p2a: Slowbro|Future Sight|p1a: Toxapex
|-start|p2a: Slowbro|move: Future Sight
|
|-damage|p2a: Slowbro|29/100 psn|[from] psn
|-damage|p1a: Toxapex|50/100 brn|[from] brn
|-fieldend|move: Psychic Terrain
|upkeep
|turn|41
|
|t:|1659023057
|switch|p1a: Tyranitar|Tyranitar, M|54/100
|-weather|Sandstorm|[from] ability: Sand Stream|[of] p1a: Tyranitar
|move|p2a: Slowbro|Teleport|p2a: Slowbro
|
|t:|1659023066
|switch|p2a: Dragapult|Dragapult, M|100/100|[from]move: Teleport
|-damage|p2a: Dragapult|88/100|[from] Stealth Rock
|
|-weather|Sandstorm|[upkeep]
|-damage|p2a: Dragapult|82/100|[from] Sandstorm
|upkeep
|turn|42
|
|t:|1659023073
|switch|p1a: Corviknight|Corviknight, M|100/100
|-ability|p1a: Corviknight|Pressure
|move|p2a: Dragapult|Hydro Pump|p1a: Corviknight
|-damage|p1a: Corviknight|53/100
|
|-weather|Sandstorm|[upkeep]
|-damage|p2a: Dragapult|76/100|[from] Sandstorm
|-end|p1a: Corviknight|move: Future Sight
|-resisted|p1a: Corviknight
|-damage|p1a: Corviknight|35/100
|upkeep
|turn|43
|
|t:|1659023083
|switch|p1a: Toxapex|Toxapex, F|83/100 brn
|move|p2a: Dragapult|Hydro Pump|p1a: Toxapex
|-resisted|p1a: Toxapex
|-damage|p1a: Toxapex|62/100 brn
|
|-weather|Sandstorm|[upkeep]
|-damage|p2a: Dragapult|70/100|[from] Sandstorm
|-damage|p1a: Toxapex|56/100 brn|[from] Sandstorm
|-damage|p1a: Toxapex|50/100 brn|[from] brn
|upkeep
|turn|44
|
|t:|1659023090
|switch|p2a: Clefable|Clefable, F|35/100
|switch|p1a: Tapu Lele|Tapu Lele|76/100
|-fieldstart|move: Psychic Terrain|[from] ability: Psychic Surge|[of] p1a: Tapu Lele
|
|-weather|Sandstorm|[upkeep]
|-damage|p1a: Tapu Lele|70/100|[from] Sandstorm
|upkeep
|turn|45
|inactive|pokeda has 120 seconds left.
|
|t:|1659023144
|switch|p2a: Slowbro|Slowbro, F|62/100 psn
|-damage|p2a: Slowbro|50/100 psn|[from] Stealth Rock
|move|p1a: Tapu Lele|Moonblast|p2a: Slowbro
|-crit|p2a: Slowbro
|-damage|p2a: Slowbro|0 fnt
|faint|p2a: Slowbro
|
|-weather|none
|upkeep
|
|t:|1659023148
|switch|p2a: Heatran|Heatran, M|76/100
|-damage|p2a: Heatran|63/100|[from] Stealth Rock
|turn|46
|
|t:|1659023157
|switch|p1a: Corviknight|Corviknight, M|35/100
|-ability|p1a: Corviknight|Pressure
|switch|p2a: Clefable|Clefable, F|35/100
|
|upkeep
|turn|47
|
|t:|1659023160
|move|p2a: Clefable|Stealth Rock|p1a: Corviknight
|-sidestart|p1: LT91BB FustJranco|move: Stealth Rock
|move|p1a: Corviknight|U-turn|p2a: Clefable
|-resisted|p2a: Clefable
|-damage|p2a: Clefable|28/100
|
|t:|1659023171
|switch|p1a: Tapu Lele|Tapu Lele|70/100|[from]move: U-turn
|-damage|p1a: Tapu Lele|58/100|[from] Stealth Rock
|
|upkeep
|turn|48
|
|t:|1659023176
|move|p1a: Tapu Lele|Moonblast|p2a: Clefable
|-damage|p2a: Clefable|0 fnt
|faint|p2a: Clefable
|
|-fieldend|move: Psychic Terrain
|upkeep
|
|t:|1659023179
|switch|p2a: Heatran|Heatran, M|63/100
|-damage|p2a: Heatran|51/100|[from] Stealth Rock
|turn|49
|
|t:|1659023182
|switch|p1a: Corviknight|Corviknight, M|35/100
|-damage|p1a: Corviknight|22/100|[from] Stealth Rock
|-ability|p1a: Corviknight|Pressure
|move|p2a: Heatran|Magma Storm|p1a: Corviknight
|-supereffective|p1a: Corviknight
|-damage|p1a: Corviknight|0 fnt
|faint|p1a: Corviknight
|
|upkeep
|
|t:|1659023185
|switch|p1a: Tyranitar|Tyranitar, M|54/100
|-damage|p1a: Tyranitar|42/100|[from] Stealth Rock
|-weather|Sandstorm|[from] ability: Sand Stream|[of] p1a: Tyranitar
|turn|50
|
|t:|1659023194
|switch|p1a: Tapu Lele|Tapu Lele|58/100
|-damage|p1a: Tapu Lele|45/100|[from] Stealth Rock
|-fieldstart|move: Psychic Terrain|[from] ability: Psychic Surge|[of] p1a: Tapu Lele
|move|p2a: Heatran|Earth Power|p1a: Tapu Lele
|-damage|p1a: Tapu Lele|10/100
|
|-weather|Sandstorm|[upkeep]
|-damage|p1a: Tapu Lele|4/100|[from] Sandstorm
|upkeep
|turn|51
|-message|LT91BB FustJranco forfeited.
|
|win|pokeda
|raw|LT91BB FustJranco's rating: 1716 &rarr; <strong>1695</strong><br />(-21 for losing)
|raw|pokeda's rating: 1704 &rarr; <strong>1725</strong><br />(+21 for winning)
|l|☆LT91BB FustJranco
||Ladder isn't responding, score probably updated but might not have (Request timeout).
