|raw|<div class="broadcast-blue"><strong>This battle is required to be public due to a player having a name starting with 'lt82zw'.</div>
|j|☆LT82ZW MimikyuStar
|j|☆Chickpiee
|t:|1626115475
|gametype|singles
|player|p1|LT82ZW MimikyuStar|lillie-z|1735
|player|p2|Chickpiee|caitlin|1871
|teamsize|p1|6
|teamsize|p2|6
|gen|8
|tier|[Gen 8] OU
|rated|
|rule|Sleep Clause Mod: Limit one foe put to sleep
|rule|Species Clause: Limit one of each Pokémon
|rule|OHKO Clause: OHKO moves are banned
|rule|Evasion Moves Clause: Evasion moves are banned
|rule|Endless Battle Clause: Forcing endless battles is banned
|rule|HP Percentage Mod: HP is shown in percentages
|rule|Dynamax Clause: You cannot dynamax
|clearpoke
|poke|p1|Pelipper, M|
|poke|p1|Barraskewda, F|
|poke|p1|Regieleki|
|poke|p1|Tapu Lele|
|poke|p1|Landorus-Therian, M|
|poke|p1|Ferrothorn, M|
|poke|p2|Clefable, F|
|poke|p2|Corviknight, M|
|poke|p2|Garchomp, F|
|poke|p2|Toxapex, F|
|poke|p2|Slowking, M|
|poke|p2|Buzzwole|
|teampreview
|inactive|Battle timer is ON: inactive players will automatically lose when time's up. (requested by Chickpiee)
|inactive|Chickpiee has 120 seconds left.
|
|t:|1626115512
|start
|switch|p1a: Pelipper|Pelipper, M|100/100
|switch|p2a: Toxapex|Toxapex, F|100/100
|-weather|RainDance|[from] ability: Drizzle|[of] p1a: Pelipper
|turn|1
|inactive|LT82ZW MimikyuStar has 120 seconds left.
|
|t:|1626115544
|move|p1a: Pelipper|Hurricane|p2a: Toxapex
|-damage|p2a: Toxapex|50/100
|move|p2a: Toxapex|Knock Off|p1a: Pelipper
|-damage|p1a: Pelipper|80/100
|-enditem|p1a: Pelipper|Choice Specs|[from] move: Knock Off|[of] p2a: Toxapex
|
|-weather|RainDance|[upkeep]
|upkeep
|turn|2
|
|t:|1626115550
|move|p1a: Pelipper|Hurricane|p2a: Toxapex
|-damage|p2a: Toxapex|19/100
|move|p2a: Toxapex|Recover|p2a: Toxapex
|-heal|p2a: Toxapex|69/100
|
|-weather|RainDance|[upkeep]
|upkeep
|turn|3
|
|t:|1626115558
|move|p1a: Pelipper|Knock Off|p2a: Toxapex
|-damage|p2a: Toxapex|60/100
|-enditem|p2a: Toxapex|Shed Shell|[from] move: Knock Off|[of] p1a: Pelipper
|move|p2a: Toxapex|Knock Off|p1a: Pelipper
|-damage|p1a: Pelipper|66/100
|
|-weather|RainDance|[upkeep]
|upkeep
|turn|4
|
|t:|1626115561
|move|p1a: Pelipper|Hurricane|p2a: Toxapex
|-damage|p2a: Toxapex|29/100
|move|p2a: Toxapex|Recover|p2a: Toxapex
|-heal|p2a: Toxapex|79/100
|
|-weather|RainDance|[upkeep]
|upkeep
|turn|5
|
|t:|1626115565
|move|p1a: Pelipper|Hurricane|p2a: Toxapex
|-damage|p2a: Toxapex|48/100
|move|p2a: Toxapex|Knock Off|p1a: Pelipper
|-damage|p1a: Pelipper|53/100
|
|-weather|none
|upkeep
|turn|6
|
|t:|1626115570
|move|p1a: Pelipper|U-turn|p2a: Toxapex
|-resisted|p2a: Toxapex
|-damage|p2a: Toxapex|45/100
|j| LT82ZW Kibo
|
|t:|1626115581
|switch|p1a: Landorus|Landorus-Therian, M|100/100|[from]move: U-turn
|-ability|p1a: Landorus|Intimidate|boost
|-unboost|p2a: Toxapex|atk|1
|move|p2a: Toxapex|Recover|p2a: Toxapex
|-heal|p2a: Toxapex|95/100
|
|upkeep
|turn|7
|
|t:|1626115589
|move|p1a: Landorus|Stealth Rock|p2a: Toxapex
|-sidestart|p2: Chickpiee|move: Stealth Rock
|move|p2a: Toxapex|Knock Off|p1a: Landorus
|-damage|p1a: Landorus|90/100
|-enditem|p1a: Landorus|Leftovers|[from] move: Knock Off|[of] p2a: Toxapex
|
|upkeep
|turn|8
|j| oraclejl
|
|t:|1626115600
|move|p1a: Landorus|Earthquake|p2a: Toxapex
|-supereffective|p2a: Toxapex
|-damage|p2a: Toxapex|14/100
|move|p2a: Toxapex|Knock Off|p1a: Landorus
|-damage|p1a: Landorus|83/100
|
|upkeep
|turn|9
|
|t:|1626115607
|switch|p2a: Corviknight|Corviknight, M|100/100
|-damage|p2a: Corviknight|88/100|[from] Stealth Rock
|-ability|p2a: Corviknight|Pressure
|move|p1a: Landorus|Knock Off|p2a: Corviknight
|-damage|p2a: Corviknight|62/100
|-enditem|p2a: Corviknight|Leftovers|[from] move: Knock Off|[of] p1a: Landorus
|
|upkeep
|turn|10
|
|t:|1626115617
|move|p1a: Landorus|U-turn|p2a: Corviknight
|-resisted|p2a: Corviknight
|-damage|p2a: Corviknight|57/100
|
|t:|1626115621
|switch|p1a: Pelipper|Pelipper, M|53/100|[from]move: U-turn
|-weather|RainDance|[from] ability: Drizzle|[of] p1a: Pelipper
|move|p2a: Corviknight|Roost|p2a: Corviknight
|-heal|p2a: Corviknight|100/100
|-singleturn|p2a: Corviknight|move: Roost
|
|-weather|RainDance|[upkeep]
|upkeep
|turn|11
|
|t:|1626115628
|move|p1a: Pelipper|Knock Off|p2a: Corviknight
|-damage|p2a: Corviknight|94/100
|move|p2a: Corviknight|Defog|p1a: Pelipper
|-unboost|p1a: Pelipper|evasion|1
|-sideend|p2: Chickpiee|Stealth Rock|[from] move: Defog|[of] p2a: Corviknight
|
|-weather|RainDance|[upkeep]
|upkeep
|turn|12
|j| pradhaaan yt
|
|t:|1626115641
|switch|p2a: Tricking|Slowking, M, shiny|100/100
|move|p1a: Pelipper|Surf|p2a: Tricking
|-resisted|p2a: Tricking
|-damage|p2a: Tricking|88/100
|
|-weather|RainDance|[upkeep]
|upkeep
|turn|13
|
|t:|1626115646
|switch|p2a: Toxapex|Toxapex, F|47/100
|move|p1a: Pelipper|Knock Off|p2a: Toxapex
|-damage|p2a: Toxapex|41/100
|
|-weather|RainDance|[upkeep]
|upkeep
|turn|14
|
|t:|1626115659
|move|p1a: Pelipper|U-turn|p2a: Toxapex
|-resisted|p2a: Toxapex
|-damage|p2a: Toxapex|38/100
|
|t:|1626115662
|switch|p1a: Tapu Lele|Tapu Lele|100/100|[from]move: U-turn
|-fieldstart|move: Psychic Terrain|[from] ability: Psychic Surge|[of] p1a: Tapu Lele
|move|p2a: Toxapex|Recover|p2a: Toxapex
|-heal|p2a: Toxapex|88/100
|
|-weather|none
|upkeep
|turn|15
|
|t:|1626115671
|switch|p2a: Tricking|Slowking, M, shiny|100/100
|move|p1a: Tapu Lele|Future Sight|p2a: Tricking
|-start|p1a: Tapu Lele|move: Future Sight
|
|upkeep
|turn|16
|l| oraclejl
|
|t:|1626115697
|switch|p1a: Regieleki|Regieleki|100/100
|move|p2a: Tricking|Future Sight|p1a: Regieleki
|-start|p2a: Tricking|move: Future Sight
|
|upkeep
|turn|17
|
|t:|1626115707
|switch|p1a: Ferrothorn|Ferrothorn, M|100/100
|move|p2a: Tricking|Scald|p1a: Ferrothorn
|-resisted|p1a: Ferrothorn
|-damage|p1a: Ferrothorn|92/100
|
|-end|p2a: Tricking|move: Future Sight
|-resisted|p2a: Tricking
|-damage|p2a: Tricking|84/100
|-heal|p1a: Ferrothorn|99/100|[from] item: Leftovers
|upkeep
|turn|18
|
|t:|1626115714
|move|p2a: Tricking|Flamethrower|p1a: Ferrothorn
|-supereffective|p1a: Ferrothorn
|-damage|p1a: Ferrothorn|46/100
|move|p1a: Ferrothorn|Leech Seed|p2a: Tricking
|-start|p2a: Tricking|move: Leech Seed
|
|-end|p1a: Ferrothorn|move: Future Sight
|-resisted|p1a: Ferrothorn
|-damage|p1a: Ferrothorn|29/100
|-heal|p1a: Ferrothorn|35/100|[from] item: Leftovers
|-damage|p2a: Tricking|71/100|[from] Leech Seed|[of] p1a: Ferrothorn
|-heal|p1a: Ferrothorn|49/100|[silent]
|-fieldend|move: Psychic Terrain
|upkeep
|turn|19
|
|t:|1626115728
|switch|p2a: Garchomp|Garchomp, F|100/100
|switch|p1a: Landorus|Landorus-Therian, M|83/100
|-ability|p1a: Landorus|Intimidate|boost
|-unboost|p2a: Garchomp|atk|1
|
|upkeep
|turn|20
|
|t:|1626115735
|switch|p2a: Corviknight|Corviknight, M|94/100
|-ability|p2a: Corviknight|Pressure
|move|p1a: Landorus|Knock Off|p2a: Corviknight
|-damage|p2a: Corviknight|78/100
|
|upkeep
|turn|21
|
|t:|1626115747
|move|p1a: Landorus|Stealth Rock|p2a: Corviknight
|-sidestart|p2: Chickpiee|move: Stealth Rock
|move|p2a: Corviknight|Roost|p2a: Corviknight
|-heal|p2a: Corviknight|100/100
|-singleturn|p2a: Corviknight|move: Roost
|
|upkeep
|turn|22
|
|t:|1626115754
|move|p1a: Landorus|U-turn|p2a: Corviknight
|-resisted|p2a: Corviknight
|-damage|p2a: Corviknight|96/100
|
|t:|1626115762
|switch|p1a: Regieleki|Regieleki|100/100|[from]move: U-turn
|move|p2a: Corviknight|Defog|p1a: Regieleki
|-unboost|p1a: Regieleki|evasion|1
|-sideend|p2: Chickpiee|Stealth Rock|[from] move: Defog|[of] p2a: Corviknight
|
|upkeep
|turn|23
|
|t:|1626115769
|switch|p1a: Pelipper|Pelipper, M|53/100
|-weather|RainDance|[from] ability: Drizzle|[of] p1a: Pelipper
|switch|p2a: Garchomp|Garchomp, F|100/100
|
|-weather|RainDance|[upkeep]
|upkeep
|turn|24
|
|t:|1626115773
|move|p2a: Garchomp|Toxic|p1a: Pelipper
|-status|p1a: Pelipper|tox
|move|p1a: Pelipper|Surf|p2a: Garchomp
|-damage|p2a: Garchomp|56/100
|
|-weather|RainDance|[upkeep]
|-heal|p2a: Garchomp|62/100|[from] item: Leftovers
|-damage|p1a: Pelipper|47/100 tox|[from] psn
|upkeep
|turn|25
|
|t:|1626115785
|switch|p1a: Tapu Lele|Tapu Lele|100/100
|-fieldstart|move: Psychic Terrain|[from] ability: Psychic Surge|[of] p1a: Tapu Lele
|move|p2a: Garchomp|Stealth Rock|p1a: Tapu Lele
|-sidestart|p1: LT82ZW MimikyuStar|move: Stealth Rock
|
|-weather|RainDance|[upkeep]
|-heal|p2a: Garchomp|69/100|[from] item: Leftovers
|upkeep
|turn|26
|
|t:|1626115790
|switch|p2a: Tricking|Slowking, M, shiny|100/100
|move|p1a: Tapu Lele|Moonblast|p2a: Tricking
|-damage|p2a: Tricking|80/100
|-unboost|p2a: Tricking|spa|1
|
|-weather|RainDance|[upkeep]
|upkeep
|turn|27
|
|t:|1626115799
|switch|p1a: Landorus|Landorus-Therian, M|83/100
|-damage|p1a: Landorus|70/100|[from] Stealth Rock
|-ability|p1a: Landorus|Intimidate|boost
|-unboost|p2a: Tricking|atk|1
|switch|p2a: Buzzwole|Buzzwole|100/100
|
|-weather|none
|upkeep
|turn|28
|
|t:|1626115804
|move|p1a: Landorus|Stealth Rock|p2a: Buzzwole
|-sidestart|p2: Chickpiee|move: Stealth Rock
|move|p2a: Buzzwole|Ice Punch|p1a: Landorus
|-supereffective|p1a: Landorus
|-damage|p1a: Landorus|0 fnt
|faint|p1a: Landorus
|-ability|p2a: Buzzwole|Beast Boost|boost
|-boost|p2a: Buzzwole|def|1
|
|upkeep
|
|t:|1626115808
|switch|p1a: Tapu Lele|Tapu Lele|100/100
|-damage|p1a: Tapu Lele|88/100|[from] Stealth Rock
|turn|29
|
|t:|1626115815
|switch|p1a: Regieleki|Regieleki|100/100
|switch|p2a: Tricking|Slowking, M, shiny|100/100
|-damage|p2a: Tricking|88/100|[from] Stealth Rock
|
|-fieldend|move: Psychic Terrain
|upkeep
|turn|30
|
|t:|1626115821
|move|p1a: Regieleki|Rapid Spin|p2a: Tricking
|-damage|p2a: Tricking|77/100
|-boost|p1a: Regieleki|spe|1
|-sideend|p1: LT82ZW MimikyuStar|Stealth Rock|[from] move: Rapid Spin|[of] p1a: Regieleki
|move|p2a: Tricking|Scald|p1a: Regieleki
|-damage|p1a: Regieleki|51/100
|
|upkeep
|turn|31
|
|t:|1626115832
|move|p1a: Regieleki|Electro Ball|p2a: Tricking
|-supereffective|p2a: Tricking
|-damage|p2a: Tricking|5/100
|move|p2a: Tricking|Scald|p1a: Regieleki
|-damage|p1a: Regieleki|0 fnt
|faint|p1a: Regieleki
|
|upkeep
|
|t:|1626115837
|switch|p1a: Pelipper|Pelipper, M|47/100 tox
|-weather|RainDance|[from] ability: Drizzle|[of] p1a: Pelipper
|turn|32
|
|t:|1626115841
|switch|p2a: Toxapex|Toxapex, F|100/100
|-damage|p2a: Toxapex|88/100|[from] Stealth Rock
|move|p1a: Pelipper|U-turn|p2a: Toxapex
|-resisted|p2a: Toxapex
|-damage|p2a: Toxapex|85/100
|
|t:|1626115844
|switch|p1a: Tapu Lele|Tapu Lele|88/100|[from]move: U-turn
|-fieldstart|move: Psychic Terrain|[from] ability: Psychic Surge|[of] p1a: Tapu Lele
|
|-weather|RainDance|[upkeep]
|upkeep
|turn|33
|
|t:|1626115848
|switch|p2a: Corviknight|Corviknight, M|96/100
|-damage|p2a: Corviknight|83/100|[from] Stealth Rock
|-ability|p2a: Corviknight|Pressure
|move|p1a: Tapu Lele|Thunder|p2a: Corviknight
|-supereffective|p2a: Corviknight
|-damage|p2a: Corviknight|28/100
|
|-weather|RainDance|[upkeep]
|upkeep
|turn|34
|
|t:|1626115854
|switch|p1a: Barraskewda|Barraskewda, F|100/100
|switch|p2a: Garchomp|Garchomp, F|69/100
|-damage|p2a: Garchomp|62/100|[from] Stealth Rock
|
|-weather|RainDance|[upkeep]
|-heal|p2a: Garchomp|69/100|[from] item: Leftovers
|upkeep
|turn|35
|
|t:|1626115866
|switch|p2a: Toxapex|Toxapex, F|100/100
|-damage|p2a: Toxapex|88/100|[from] Stealth Rock
|move|p1a: Barraskewda|Liquidation|p2a: Toxapex
|-resisted|p2a: Toxapex
|-damage|p2a: Toxapex|48/100
|
|-weather|RainDance|[upkeep]
|upkeep
|turn|36
|
|t:|1626115873
|move|p1a: Barraskewda|Liquidation|p2a: Toxapex
|-resisted|p2a: Toxapex
|-crit|p2a: Toxapex
|-damage|p2a: Toxapex|0 fnt
|faint|p2a: Toxapex
|
|-weather|none
|-fieldend|move: Psychic Terrain
|upkeep
|
|t:|1626115879
|switch|p2a: Tricking|Slowking, M, shiny|38/100
|-damage|p2a: Tricking|26/100|[from] Stealth Rock
|turn|37
|
|t:|1626115894
|switch|p2a: Buzzwole|Buzzwole|100/100
|move|p1a: Barraskewda|Liquidation|p2a: Buzzwole
|-damage|p2a: Buzzwole|68/100
|
|upkeep
|turn|38
|
|t:|1626115901
|switch|p1a: Tapu Lele|Tapu Lele|88/100
|-fieldstart|move: Psychic Terrain|[from] ability: Psychic Surge|[of] p1a: Tapu Lele
|move|p2a: Buzzwole|Roost|p2a: Buzzwole
|-heal|p2a: Buzzwole|100/100
|-singleturn|p2a: Buzzwole|move: Roost
|
|upkeep
|turn|39
|
|t:|1626115913
|switch|p2a: Clefable|Clefable, F|100/100
|move|p1a: Tapu Lele|Psyshock|p2a: Clefable
|-damage|p2a: Clefable|52/100
|
|upkeep
|turn|40
|
|t:|1626115920
|switch|p1a: Pelipper|Pelipper, M|47/100 tox
|-weather|RainDance|[from] ability: Drizzle|[of] p1a: Pelipper
|move|p2a: Clefable|Soft-Boiled|p2a: Clefable
|-heal|p2a: Clefable|100/100
|
|-weather|RainDance|[upkeep]
|-damage|p1a: Pelipper|41/100 tox|[from] psn
|upkeep
|turn|41
|
|t:|1626115926
|move|p1a: Pelipper|U-turn|p2a: Clefable
|-resisted|p2a: Clefable
|-damage|p2a: Clefable|97/100
|
|t:|1626115928
|switch|p1a: Ferrothorn|Ferrothorn, M|49/100|[from]move: U-turn
|move|p2a: Clefable|Moonblast|p1a: Ferrothorn
|-resisted|p1a: Ferrothorn
|-damage|p1a: Ferrothorn|40/100
|
|-weather|RainDance|[upkeep]
|-heal|p1a: Ferrothorn|46/100|[from] item: Leftovers
|upkeep
|turn|42
|
|t:|1626115942
|move|p2a: Clefable|Moonblast|p1a: Ferrothorn
|-resisted|p1a: Ferrothorn
|-damage|p1a: Ferrothorn|37/100
|-unboost|p1a: Ferrothorn|spa|1
|move|p1a: Ferrothorn|Leech Seed|p2a: Clefable
|-start|p2a: Clefable|move: Leech Seed
|
|-weather|RainDance|[upkeep]
|-heal|p1a: Ferrothorn|43/100|[from] item: Leftovers
|-damage|p2a: Clefable|84/100|[from] Leech Seed|[of] p1a: Ferrothorn
|-heal|p1a: Ferrothorn|57/100|[silent]
|-fieldend|move: Psychic Terrain
|upkeep
|turn|43
|
|t:|1626115946
|switch|p2a: Corviknight|Corviknight, M|28/100
|-damage|p2a: Corviknight|16/100|[from] Stealth Rock
|-ability|p2a: Corviknight|Pressure
|move|p1a: Ferrothorn|Iron Head|p2a: Corviknight
|-resisted|p2a: Corviknight
|-damage|p2a: Corviknight|5/100
|
|-weather|RainDance|[upkeep]
|-heal|p1a: Ferrothorn|63/100|[from] item: Leftovers
|upkeep
|turn|44
|
|t:|1626115955
|switch|p1a: Barraskewda|Barraskewda, F|100/100
|move|p2a: Corviknight|Roost|p2a: Corviknight
|-heal|p2a: Corviknight|56/100
|-singleturn|p2a: Corviknight|move: Roost
|
|-weather|none
|upkeep
|turn|45
|inactive|Chickpiee has 120 seconds left.
|inactive|LT82ZW MimikyuStar has 120 seconds left.
|l|☆LT82ZW MimikyuStar
|inactive|LT82ZW MimikyuStar disconnected and has a minute to reconnect!
|player|p1|
|inactive|LT82ZW MimikyuStar has 30 seconds to reconnect!
|j|☆LT82ZW MimikyuStar
|inactive|LT82ZW MimikyuStar reconnected and has 90 seconds left.
|player|p1|LT82ZW MimikyuStar|lillie-z
|
|t:|1626116042
|switch|p2a: Buzzwole|Buzzwole|100/100
|move|p1a: Barraskewda|Flip Turn|p2a: Buzzwole
|-damage|p2a: Buzzwole|78/100
|
|t:|1626116061
|switch|p1a: Pelipper|Pelipper, M|41/100 tox|[from]move: Flip Turn
|-weather|RainDance|[from] ability: Drizzle|[of] p1a: Pelipper
|
|-weather|RainDance|[upkeep]
|-damage|p1a: Pelipper|35/100 tox|[from] psn
|upkeep
|turn|46
|
|t:|1626116069
|switch|p2a: Tricking|Slowking, M, shiny|59/100
|-damage|p2a: Tricking|47/100|[from] Stealth Rock
|move|p1a: Pelipper|Surf|p2a: Tricking
|-resisted|p2a: Tricking
|-damage|p2a: Tricking|35/100
|
|-weather|RainDance|[upkeep]
|-damage|p1a: Pelipper|22/100 tox|[from] psn
|upkeep
|turn|47
|
|t:|1626116073
|switch|p2a: Clefable|Clefable, F|84/100
|move|p1a: Pelipper|U-turn|p2a: Clefable
|-resisted|p2a: Clefable
|-damage|p2a: Clefable|81/100
|
|t:|1626116076
|switch|p1a: Barraskewda|Barraskewda, F|100/100|[from]move: U-turn
|
|-weather|RainDance|[upkeep]
|upkeep
|turn|48
|
|t:|1626116082
|move|p1a: Barraskewda|Liquidation|p2a: Clefable
|-damage|p2a: Clefable|2/100
|-unboost|p2a: Clefable|def|1
|move|p2a: Clefable|Moonblast|p1a: Barraskewda
|-damage|p1a: Barraskewda|27/100
|
|-weather|RainDance|[upkeep]
|upkeep
|turn|49
|
|t:|1626116091
|move|p1a: Barraskewda|Liquidation|p2a: Clefable
|-damage|p2a: Clefable|0 fnt
|faint|p2a: Clefable
|
|-weather|none
|upkeep
|
|t:|1626116092
|switch|p2a: Buzzwole|Buzzwole|78/100
|turn|50
|inactive|LT82ZW MimikyuStar has 120 seconds left.
|
|t:|1626116125
|switch|p1a: Tapu Lele|Tapu Lele|88/100
|-fieldstart|move: Psychic Terrain|[from] ability: Psychic Surge|[of] p1a: Tapu Lele
|move|p2a: Buzzwole|Leech Life|p1a: Tapu Lele
|-damage|p1a: Tapu Lele|29/100
|-heal|p2a: Buzzwole|97/100|[from] drain|[of] p1a: Tapu Lele
|
|upkeep
|turn|51
|
|t:|1626116136
|switch|p1a: Pelipper|Pelipper, M|22/100 tox
|-weather|RainDance|[from] ability: Drizzle|[of] p1a: Pelipper
|switch|p2a: Tricking|Slowking, M, shiny|68/100
|-damage|p2a: Tricking|56/100|[from] Stealth Rock
|
|-weather|RainDance|[upkeep]
|-damage|p1a: Pelipper|16/100 tox|[from] psn
|upkeep
|turn|52
|l| LT82ZW Kibo
|c| pradhaaan yt|lol
|inactive|LT82ZW MimikyuStar has 90 seconds left.
|
|t:|1626116164
|switch|p2a: Garchomp|Garchomp, F|69/100
|-damage|p2a: Garchomp|62/100|[from] Stealth Rock
|move|p1a: Pelipper|U-turn|p2a: Garchomp
|-damage|p2a: Garchomp|55/100
|-damage|p1a: Pelipper|4/100 tox|[from] ability: Rough Skin|[of] p2a: Garchomp
|
|t:|1626116167
|switch|p1a: Barraskewda|Barraskewda, F|27/100|[from]move: U-turn
|
|-weather|RainDance|[upkeep]
|-heal|p2a: Garchomp|61/100|[from] item: Leftovers
|upkeep
|turn|53
|c| pradhaaan yt|specs lele aint doing shit
|
|t:|1626116181
|move|p1a: Barraskewda|Liquidation|p2a: Garchomp
|-damage|p2a: Garchomp|0 fnt
|-damage|p1a: Barraskewda|15/100|[from] ability: Rough Skin|[of] p2a: Garchomp
|faint|p2a: Garchomp
|
|-weather|RainDance|[upkeep]
|upkeep
|
|t:|1626116184
|switch|p2a: Buzzwole|Buzzwole|97/100
|turn|54
|
|t:|1626116195
|switch|p1a: Ferrothorn|Ferrothorn, M|63/100
|move|p2a: Buzzwole|Leech Life|p1a: Ferrothorn
|-damage|p1a: Ferrothorn|33/100
|-heal|p2a: Buzzwole|100/100|[from] drain|[of] p1a: Ferrothorn
|-damage|p2a: Buzzwole|88/100|[from] ability: Iron Barbs|[of] p1a: Ferrothorn
|
|-weather|RainDance|[upkeep]
|-heal|p1a: Ferrothorn|39/100|[from] item: Leftovers
|-fieldend|move: Psychic Terrain
|upkeep
|turn|55
|
|t:|1626116204
|move|p2a: Buzzwole|Drain Punch|p1a: Ferrothorn
|-supereffective|p1a: Ferrothorn
|-damage|p1a: Ferrothorn|0 fnt
|-heal|p2a: Buzzwole|100/100|[from] drain|[of] p1a: Ferrothorn
|-damage|p2a: Buzzwole|88/100|[from] ability: Iron Barbs|[of] p1a: Ferrothorn
|faint|p1a: Ferrothorn
|-ability|p2a: Buzzwole|Beast Boost|boost
|-boost|p2a: Buzzwole|def|1
|
|-weather|none
|upkeep
|inactive|LT82ZW MimikyuStar has 120 seconds left.
|
|t:|1626116240
|switch|p1a: Pelipper|Pelipper, M|4/100 tox
|-weather|RainDance|[from] ability: Drizzle|[of] p1a: Pelipper
|turn|56
|inactive|Chickpiee has 120 seconds left.
|inactive|Chickpiee has 90 seconds left.
|inactive|Chickpiee has 60 seconds left.
|
|t:|1626116342
|switch|p2a: Corviknight|Corviknight, M|56/100
|-damage|p2a: Corviknight|43/100|[from] Stealth Rock
|-ability|p2a: Corviknight|Pressure
|move|p1a: Pelipper|Hurricane|p2a: Corviknight
|-resisted|p2a: Corviknight
|-crit|p2a: Corviknight
|-damage|p2a: Corviknight|15/100
|
|-weather|RainDance|[upkeep]
|-damage|p1a: Pelipper|0 fnt|[from] psn
|faint|p1a: Pelipper
|upkeep
|
|t:|1626116350
|switch|p1a: Barraskewda|Barraskewda, F|15/100
|turn|57
|inactive|Chickpiee has 60 seconds left.
|
|t:|1626116356
|move|p1a: Barraskewda|Flip Turn|p2a: Corviknight
|-damage|p2a: Corviknight|0 fnt
|faint|p2a: Corviknight
|
|t:|1626116362
|switch|p1a: Tapu Lele|Tapu Lele|29/100|[from]move: Flip Turn
|-fieldstart|move: Psychic Terrain|[from] ability: Psychic Surge|[of] p1a: Tapu Lele
|
|-weather|RainDance|[upkeep]
|upkeep
|l| pradhaaan yt
|
|t:|1626116367
|switch|p2a: Tricking|Slowking, M, shiny|89/100
|-damage|p2a: Tricking|77/100|[from] Stealth Rock
|turn|58
|inactive|LT82ZW MimikyuStar has 120 seconds left.
|
|t:|1626116382
|move|p1a: Tapu Lele|Thunder|p2a: Tricking
|-supereffective|p2a: Tricking
|-damage|p2a: Tricking|44/100
|move|p2a: Tricking|Scald|p1a: Tapu Lele
|-damage|p1a: Tapu Lele|0 fnt
|faint|p1a: Tapu Lele
|
|-weather|RainDance|[upkeep]
|upkeep
|
|t:|1626116384
|switch|p1a: Barraskewda|Barraskewda, F|15/100
|turn|59
|c|☆Chickpiee|thank God
|
|t:|1626116393
|move|p1a: Barraskewda|Liquidation|p2a: Tricking
|-resisted|p2a: Tricking
|-damage|p2a: Tricking|0 fnt
|faint|p2a: Tricking
|
|-weather|RainDance|[upkeep]
|upkeep
|c|☆LT82ZW MimikyuStar|ok
|
|t:|1626116399
|switch|p2a: Buzzwole|Buzzwole|88/100
|turn|60
|c|☆LT82ZW MimikyuStar|crit this
|c|☆LT82ZW MimikyuStar|please
|c|☆LT82ZW MimikyuStar|like the pex
|inactive|Chickpiee has 90 seconds left.
|c|☆Chickpiee|doesnt kill
|c|☆Chickpiee|i am max def
|c|☆LT82ZW MimikyuStar|max roll
|c|☆LT82ZW MimikyuStar|hax roll
|c|☆Chickpiee|252+ Atk Barraskewda Hydro Vortex (160 BP) vs. 252 HP / 144+ Def Buzzwole in Rain on a critical hit: 382-451 (91.3 - 107.8%) -- 50% chance to OHKO
|inactive|Chickpiee has 60 seconds left.
|c|☆Chickpiee|even God cant save u now
|
|t:|1626116453
|move|p1a: Barraskewda|Liquidation|p2a: Buzzwole
|-damage|p2a: Buzzwole|37/100
|move|p2a: Buzzwole|Leech Life|p1a: Barraskewda
|-damage|p1a: Barraskewda|0 fnt
|-heal|p2a: Buzzwole|41/100|[from] drain|[of] p1a: Barraskewda
|faint|p1a: Barraskewda
|
|win|Chickpiee
|raw|LT82ZW MimikyuStar's rating: 1784 &rarr; <strong>1770</strong><br />(-14 for losing)
|raw|Chickpiee's rating: 1885 &rarr; <strong>1899</strong><br />(+14 for winning)
|l|☆Chickpiee
|j|☆Chickpiee
|player|p2|Chickpiee|caitlin
