|j|☆Genevieve6900
|j|☆Draco09876
|t:|1604733892
|player|p1|Genevieve6900|drayden|1449
|player|p2|Draco09876|101|1493
|teamsize|p1|6
|teamsize|p2|6
|gametype|singles
|gen|8
|tier|[Gen 8] OU
|rated|
|clearpoke
|poke|p1|Urshifu-*, M|
|poke|p1|Zygarde|
|poke|p1|Magearna-Original|
|poke|p1|Zeraora|
|poke|p1|Mandibuzz, F|
|poke|p1|Chandelure, F|
|poke|p2|Pelipper, M|
|poke|p2|Barraskewda, F|
|poke|p2|Swampert, M|
|poke|p2|Ferrothorn, F|
|poke|p2|Volcanion|
|poke|p2|Dragapult, M|
|rule|Sleep Clause Mod: Limit one foe put to sleep
|rule|Species Clause: Limit one of each Pokémon
|rule|OHKO Clause: OHKO moves are banned
|rule|Evasion Moves Clause: Evasion moves are banned
|rule|Endless Battle Clause: Forcing endless battles is banned
|rule|HP Percentage Mod: HP is shown in percentages
|rule|Dynamax Clause: You cannot dynamax
|teampreview
|inactive|Battle timer is ON: inactive players will automatically lose when time's up. (requested by Draco09876)
|inactive|Genevieve6900 has 120 seconds left.
|inactive|Genevieve6900 has 90 seconds left.
|
|t:|1604733983
|start
|switch|p1a: Bambi|Zeraora|100/100
|switch|p2a: Swampert|Swampert, M|100/100
|turn|1
|
|t:|1604733988
|move|p1a: Bambi|Grass Knot|p2a: Swampert
|-supereffective|p2a: Swampert
|-damage|p2a: Swampert|10/100
|move|p2a: Swampert|Flip Turn|p1a: Bambi
|-damage|p1a: Bambi|43/100
|
|t:|1604734002
|switch|p2a: Ferrothorn|Ferrothorn, F|100/100|[from]move: Flip Turn
|
|upkeep
|turn|2
|
|t:|1604734007
|switch|p1a: GRRRRR|Urshifu-Rapid-Strike, M|100/100
|move|p2a: Ferrothorn|Knock Off|p1a: GRRRRR
|-resisted|p1a: GRRRRR
|-damage|p1a: GRRRRR|94/100
|-enditem|p1a: GRRRRR|Leftovers|[from] move: Knock Off|[of] p2a: Ferrothorn
|
|upkeep
|turn|3
|
|t:|1604734013
|move|p1a: GRRRRR|Taunt|p2a: Ferrothorn
|-start|p2a: Ferrothorn|move: Taunt
|cant|p2a: Ferrothorn|move: Taunt|Leech Seed
|
|upkeep
|turn|4
|
|t:|1604734015
|switch|p1a: Bambi|Zeraora|43/100
|move|p2a: Ferrothorn|Gyro Ball|p1a: Bambi
|-resisted|p1a: Bambi
|-damage|p1a: Bambi|8/100
|
|upkeep
|turn|5
|
|t:|1604734022
|move|p1a: Bambi|Volt Switch|p2a: Ferrothorn
|-resisted|p2a: Ferrothorn
|-damage|p2a: Ferrothorn|77/100
|
|t:|1604734027
|switch|p1a: Chan Da Lure|Chandelure, F, shiny|100/100|[from]move: Volt Switch
|move|p2a: Ferrothorn|Knock Off|p1a: Chan Da Lure
|-supereffective|p1a: Chan Da Lure
|-damage|p1a: Chan Da Lure|41/100
|-enditem|p1a: Chan Da Lure|Custap Berry|[from] move: Knock Off|[of] p2a: Ferrothorn
|
|-end|p2a: Ferrothorn|move: Taunt
|upkeep
|turn|6
|
|t:|1604734033
|switch|p2a: Swampert|Swampert, M|10/100
|move|p1a: Chan Da Lure|Shadow Ball|p2a: Swampert
|-damage|p2a: Swampert|0 fnt
|faint|p2a: Swampert
|
|upkeep
|
|t:|1604734044
|switch|p2a: Pelipper|Pelipper, M|100/100
|-weather|RainDance|[from] ability: Drizzle|[of] p2a: Pelipper
|turn|7
|
|t:|1604734049
|move|p1a: Chan Da Lure|Shadow Ball|p2a: Pelipper
|-damage|p2a: Pelipper|30/100
|move|p2a: Pelipper|Scald|p1a: Chan Da Lure
|-supereffective|p1a: Chan Da Lure
|-damage|p1a: Chan Da Lure|0 fnt
|faint|p1a: Chan Da Lure
|
|-weather|RainDance|[upkeep]
|upkeep
|
|t:|1604734055
|switch|p1a: Bambi|Zeraora|8/100
|turn|8
|
|t:|1604734058
|switch|p2a: Ferrothorn|Ferrothorn, F|77/100
|move|p1a: Bambi|Volt Switch|p2a: Ferrothorn
|-resisted|p2a: Ferrothorn
|-damage|p2a: Ferrothorn|54/100
|
|t:|1604734065
|switch|p1a: GRRRRR|Urshifu-Rapid-Strike, M|94/100|[from]move: Volt Switch
|
|-weather|RainDance|[upkeep]
|upkeep
|turn|9
|
|t:|1604734069
|switch|p2a: Dragapult|Dragapult, M|100/100
|move|p1a: GRRRRR|Body Press|p2a: Dragapult
|-immune|p2a: Dragapult
|
|-weather|RainDance|[upkeep]
|upkeep
|turn|10
|
|t:|1604734073
|switch|p1a: Magina|Magearna-Original|100/100
|move|p2a: Dragapult|U-turn|p1a: Magina
|-resisted|p1a: Magina
|-damage|p1a: Magina|98/100
|
|t:|1604734078
|switch|p2a: Barraskewda|Barraskewda, F|100/100|[from]move: U-turn
|
|-weather|RainDance|[upkeep]
|upkeep
|turn|11
|
|t:|1604734081
|move|p2a: Barraskewda|Liquidation|p1a: Magina
|-damage|p1a: Magina|30/100
|move|p1a: Magina|Fleur Cannon|p2a: Barraskewda
|-damage|p2a: Barraskewda|0 fnt
|-unboost|p1a: Magina|spa|2
|faint|p2a: Barraskewda
|-ability|p1a: Magina|Soul-Heart|boost
|-boost|p1a: Magina|spa|1
|
|-weather|RainDance|[upkeep]
|upkeep
|
|t:|1604734087
|switch|p2a: Volcanion|Volcanion|100/100
|turn|12
|
|t:|1604734093
|move|p2a: Volcanion|Steam Eruption|p1a: Magina
|-damage|p1a: Magina|0 fnt
|faint|p1a: Magina
|
|-weather|RainDance|[upkeep]
|upkeep
|
|t:|1604734096
|switch|p1a: Bambi|Zeraora|8/100
|turn|13
|
|t:|1604734103
|switch|p2a: Ferrothorn|Ferrothorn, F|54/100
|move|p1a: Bambi|Thunderbolt|p2a: Ferrothorn
|-resisted|p2a: Ferrothorn
|-damage|p2a: Ferrothorn|27/100
|
|-weather|RainDance|[upkeep]
|upkeep
|turn|14
|
|t:|1604734110
|move|p1a: Bambi|Thunderbolt|p2a: Ferrothorn
|-resisted|p2a: Ferrothorn
|-damage|p2a: Ferrothorn|0 fnt
|faint|p2a: Ferrothorn
|
|-weather|none
|upkeep
|
|t:|1604734116
|switch|p2a: Dragapult|Dragapult, M|100/100
|turn|15
|
|t:|1604734122
|switch|p1a: Mandibulz|Mandibuzz, F|100/100
|move|p2a: Dragapult|Draco Meteor|p1a: Mandibulz
|-damage|p1a: Mandibulz|52/100
|-unboost|p2a: Dragapult|spa|2
|
|upkeep
|turn|16
|
|t:|1604734127
|switch|p2a: Pelipper|Pelipper, M|30/100
|-weather|RainDance|[from] ability: Drizzle|[of] p2a: Pelipper
|move|p1a: Mandibulz|Roost|p1a: Mandibulz
|-heal|p1a: Mandibulz|100/100
|-singleturn|p1a: Mandibulz|move: Roost
|
|-weather|RainDance|[upkeep]
|upkeep
|turn|17
|
|t:|1604734130
|move|p1a: Mandibulz|U-turn|p2a: Pelipper
|-resisted|p2a: Pelipper
|-damage|p2a: Pelipper|25/100
|
|t:|1604734134
|switch|p1a: GRRRRR|Urshifu-Rapid-Strike, M|94/100|[from]move: U-turn
|move|p2a: Pelipper|Roost|p2a: Pelipper
|-heal|p2a: Pelipper|75/100
|-singleturn|p2a: Pelipper|move: Roost
|
|-weather|RainDance|[upkeep]
|upkeep
|turn|18
|
|t:|1604734138
|move|p1a: GRRRRR|Taunt|p2a: Pelipper
|-start|p2a: Pelipper|move: Taunt
|move|p2a: Pelipper|Scald|p1a: GRRRRR
|-resisted|p1a: GRRRRR
|-damage|p1a: GRRRRR|69/100
|
|-weather|RainDance|[upkeep]
|upkeep
|turn|19
|
|t:|1604734141
|move|p1a: GRRRRR|Iron Defense|p1a: GRRRRR
|-boost|p1a: GRRRRR|def|2
|move|p2a: Pelipper|Scald|p1a: GRRRRR
|-resisted|p1a: GRRRRR
|-damage|p1a: GRRRRR|42/100
|-status|p1a: GRRRRR|brn
|
|-weather|RainDance|[upkeep]
|-damage|p1a: GRRRRR|35/100 brn|[from] brn
|upkeep
|turn|20
|
|t:|1604734145
|move|p1a: GRRRRR|Iron Defense|p1a: GRRRRR
|-boost|p1a: GRRRRR|def|2
|move|p2a: Pelipper|Scald|p1a: GRRRRR
|-resisted|p1a: GRRRRR
|-damage|p1a: GRRRRR|9/100 brn
|
|-weather|RainDance|[upkeep]
|-damage|p1a: GRRRRR|2/100 brn|[from] brn
|-end|p2a: Pelipper|move: Taunt
|upkeep
|turn|21
|
|t:|1604734148
|move|p1a: GRRRRR|Taunt|p2a: Pelipper
|-start|p2a: Pelipper|move: Taunt
|cant|p2a: Pelipper|move: Taunt|Roost
|
|-weather|RainDance|[upkeep]
|-damage|p1a: GRRRRR|0 fnt|[from] brn
|faint|p1a: GRRRRR
|upkeep
|
|t:|1604734150
|switch|p1a: Bambi|Zeraora|8/100
|turn|22
|
|t:|1604734155
|move|p1a: Bambi|Volt Switch|p2a: Pelipper
|-supereffective|p2a: Pelipper
|-damage|p2a: Pelipper|0 fnt
|faint|p2a: Pelipper
|
|t:|1604734160
|switch|p1a: xyz|Zygarde|100/100|[from]move: Volt Switch
|-ability|p1a: xyz|Aura Break
|
|-weather|RainDance|[upkeep]
|upkeep
|
|t:|1604734163
|switch|p2a: Dragapult|Dragapult, M|100/100
|turn|23
|
|t:|1604734172
|move|p2a: Dragapult|U-turn|p1a: xyz
|-damage|p1a: xyz|88/100
|
|t:|1604734174
|switch|p2a: Volcanion|Volcanion|100/100|[from]move: U-turn
|move|p1a: xyz|Glare|p2a: Volcanion
|-status|p2a: Volcanion|par
|
|-weather|none
|-heal|p1a: xyz|94/100|[from] item: Leftovers
|upkeep
|turn|24
|
|t:|1604734188
|move|p1a: xyz|Thousand Arrows|p2a: Volcanion
|-supereffective|p2a: Volcanion
|-damage|p2a: Volcanion|11/100 par
|move|p2a: Volcanion|Steam Eruption|p1a: xyz
|-damage|p1a: xyz|45/100
|
|-heal|p1a: xyz|51/100|[from] item: Leftovers
|upkeep
|turn|25
|
|t:|1604734196
|move|p1a: xyz|Thousand Arrows|p2a: Volcanion
|-supereffective|p2a: Volcanion
|-damage|p2a: Volcanion|0 fnt
|faint|p2a: Volcanion
|
|-heal|p1a: xyz|58/100|[from] item: Leftovers
|upkeep
|
|t:|1604734198
|switch|p2a: Dragapult|Dragapult, M|100/100
|turn|26
|
|t:|1604734201
|move|p2a: Dragapult|Draco Meteor|p1a: xyz
|-supereffective|p1a: xyz
|-damage|p1a: xyz|0 fnt
|-unboost|p2a: Dragapult|spa|2
|faint|p1a: xyz
|
|upkeep
|
|t:|1604734204
|switch|p1a: Mandibulz|Mandibuzz, F|100/100
|turn|27
|-message|Draco09876 forfeited.
|
|win|Genevieve6900
|l|☆Draco09876
