|j|☆Highed-砂の神
|j|☆Pokefreak77
|player|p1|Highed-砂の神|noland-gen3|1817
|player|p2|Pokefreak77|170|1782
|teamsize|p1|6
|teamsize|p2|6
|gametype|singles
|gen|8
|tier|[Gen 8] OU
|rated|
|clearpoke
|poke|p1|Zeraora|
|poke|p1|Amoonguss, F|
|poke|p1|Clefable, M|
|poke|p1|Urshifu-*, F|
|poke|p1|Excadrill, F|
|poke|p1|Mantine, F|
|poke|p2|Magearna|
|poke|p2|Mandibuzz, F|
|poke|p2|Volcarona, F|
|poke|p2|Gastrodon-East, M|
|poke|p2|Clefable, M|
|poke|p2|Scizor, F|
|rule|Sleep Clause Mod: Limit one foe put to sleep
|rule|Species Clause: Limit one of each Pokémon
|rule|OHKO Clause: OHKO moves are banned
|rule|Evasion Moves Clause: Evasion moves are banned
|rule|Endless Battle Clause: Forcing endless battles is banned
|rule|HP Percentage Mod: HP is shown in percentages
|rule|Dynamax Clause: You cannot dynamax
|teampreview
|inactive|Battle timer is ON: inactive players will automatically lose when time's up. (requested by Highed-砂の神)
|inactive|Highed-砂の神 has 120 seconds left.
|
|start
|switch|p1a: Excadrill|Excadrill, F|100/100
|switch|p2a: Magearna|Magearna|100/100
|-ability|p1a: Excadrill|Mold Breaker
|turn|1
|
|switch|p2a: Mandibuzz|Mandibuzz, F|100/100
|move|p1a: Excadrill|Earthquake|p2a: Mandibuzz
|-immune|p2a: Mandibuzz
|
|upkeep
|turn|2
|j|‽ISZ
|
|switch|p2a: Magearna|Magearna|100/100
|move|p1a: Excadrill|Toxic|p2a: Magearna
|-immune|p2a: Magearna
|
|upkeep
|turn|3
|
|switch|p2a: Clefable|Clefable, M|100/100
|move|p1a: Excadrill|Earthquake|p2a: Clefable
|-damage|p2a: Clefable|65/100
|
|-heal|p2a: Clefable|71/100|[from] item: Leftovers
|upkeep
|turn|4
|
|switch|p2a: Scizor|Scizor, F|100/100
|move|p1a: Excadrill|Stealth Rock|p2a: Scizor
|-sidestart|p2: Pokefreak77|move: Stealth Rock
|
|upkeep
|turn|5
|j| trisew
|inactive|Highed-砂の神 has 120 seconds left.
|inactive|Highed-砂の神 has 90 seconds left.
|
|switch|p1a: Urshifu|Urshifu, F|100/100
|move|p2a: Scizor|Swords Dance|p2a: Scizor
|-boost|p2a: Scizor|atk|2
|
|upkeep
|turn|6
|
|move|p2a: Scizor|Bullet Punch|p1a: Urshifu
|-damage|p1a: Urshifu|10/100
|-damage|p2a: Scizor|91/100|[from] item: Life Orb
|move|p1a: Urshifu|Wicked Blow|p2a: Scizor
|-crit|p2a: Scizor
|-damage|p2a: Scizor|0 fnt
|faint|p2a: Scizor
|
|upkeep
|
|switch|p2a: Mandibuzz|Mandibuzz, F|100/100
|turn|7
|
|switch|p1a: Excadrill|Excadrill, F|100/100
|-ability|p1a: Excadrill|Mold Breaker
|move|p2a: Mandibuzz|Defog|p1a: Excadrill
|-unboost|p1a: Excadrill|evasion|1
|-sideend|p2: Pokefreak77|Stealth Rock|[from] move: Defog|[of] p2a: Mandibuzz
|
|upkeep
|turn|8
|
|switch|p2a: Magearna|Magearna|100/100
|move|p1a: Excadrill|Toxic|p2a: Magearna
|-immune|p2a: Magearna
|
|upkeep
|turn|9
|
|move|p2a: Magearna|Trick|p1a: Excadrill
|-activate|p2a: Magearna|move: Trick|[of] p1a: Excadrill
|-item|p1a: Excadrill|Choice Scarf|[from] move: Trick
|-item|p2a: Magearna|Leftovers|[from] move: Trick
|move|p1a: Excadrill|Earthquake|p2a: Magearna
|-supereffective|p2a: Magearna
|-damage|p2a: Magearna|13/100
|
|-heal|p2a: Magearna|19/100|[from] item: Leftovers
|upkeep
|turn|10
|
|switch|p1a: Zeraora|Zeraora|100/100
|switch|p2a: Mandibuzz|Mandibuzz, F|100/100
|
|upkeep
|turn|11
|
|switch|p2a: Gastrodon|Gastrodon-East, M|100/100
|move|p1a: Zeraora|Knock Off|p2a: Gastrodon
|-damage|p2a: Gastrodon|74/100
|-enditem|p2a: Gastrodon|Leftovers|[from] move: Knock Off|[of] p1a: Zeraora
|
|upkeep
|turn|12
|
|switch|p1a: Amoonguss|Amoonguss, F|100/100
|move|p2a: Gastrodon|Toxic|p1a: Amoonguss
|-immune|p1a: Amoonguss
|
|upkeep
|turn|13
|
|switch|p2a: Magearna|Magearna|19/100
|move|p1a: Amoonguss|Spore|p2a: Magearna
|-status|p2a: Magearna|slp|[from] move: Spore
|
|-heal|p2a: Magearna|25/100 slp|[from] item: Leftovers
|upkeep
|turn|14
|l| trisew
|
|switch|p2a: Clefable|Clefable, M|71/100
|switch|p1a: Urshifu|Urshifu, F|10/100
|
|-heal|p2a: Clefable|77/100|[from] item: Leftovers
|upkeep
|turn|15
|
|move|p1a: Urshifu|Poison Jab|p2a: Clefable
|-supereffective|p2a: Clefable
|-damage|p2a: Clefable|5/100
|move|p2a: Clefable|Moonblast|p1a: Urshifu
|-supereffective|p1a: Urshifu
|-damage|p1a: Urshifu|0 fnt
|faint|p1a: Urshifu
|
|-heal|p2a: Clefable|11/100|[from] item: Leftovers
|upkeep
|
|switch|p1a: Zeraora|Zeraora|100/100
|turn|16
|
|switch|p2a: Gastrodon|Gastrodon-East, M|74/100
|move|p1a: Zeraora|Close Combat|p2a: Gastrodon
|-damage|p2a: Gastrodon|43/100
|-unboost|p1a: Zeraora|def|1
|-unboost|p1a: Zeraora|spd|1
|
|upkeep
|turn|17
|j| fat skank
|
|switch|p1a: Amoonguss|Amoonguss, F|100/100
|move|p2a: Gastrodon|Recover|p2a: Gastrodon
|-heal|p2a: Gastrodon|93/100
|
|upkeep
|turn|18
|
|switch|p2a: Magearna|Magearna|25/100 slp
|move|p1a: Amoonguss|Sludge Bomb|p2a: Magearna
|-immune|p2a: Magearna
|
|-heal|p2a: Magearna|31/100 slp|[from] item: Leftovers
|upkeep
|turn|19
|
|switch|p2a: Mandibuzz|Mandibuzz, F|100/100
|move|p1a: Amoonguss|Giga Drain|p2a: Mandibuzz
|-resisted|p2a: Mandibuzz
|-damage|p2a: Mandibuzz|91/100
|
|upkeep
|turn|20
|
|move|p2a: Mandibuzz|Brave Bird|p1a: Amoonguss
|-supereffective|p1a: Amoonguss
|-damage|p1a: Amoonguss|62/100
|-damage|p2a: Mandibuzz|74/100|[from] item: Rocky Helmet|[of] p1a: Amoonguss
|-damage|p2a: Mandibuzz|61/100|[from] Recoil
|move|p1a: Amoonguss|Sludge Bomb|p2a: Mandibuzz
|-damage|p2a: Mandibuzz|38/100
|-status|p2a: Mandibuzz|psn
|
|-damage|p2a: Mandibuzz|25/100 psn|[from] psn
|upkeep
|turn|21
|
|move|p2a: Mandibuzz|Roost|p2a: Mandibuzz
|-heal|p2a: Mandibuzz|75/100 psn
|-singleturn|p2a: Mandibuzz|move: Roost
|move|p1a: Amoonguss|Giga Drain|p2a: Mandibuzz
|-damage|p2a: Mandibuzz|56/100 psn
|-heal|p1a: Amoonguss|72/100|[from] drain|[of] p2a: Mandibuzz
|
|-damage|p2a: Mandibuzz|43/100 psn|[from] psn
|upkeep
|turn|22
|
|move|p2a: Mandibuzz|Roost|p2a: Mandibuzz
|-heal|p2a: Mandibuzz|93/100 psn
|-singleturn|p2a: Mandibuzz|move: Roost
|move|p1a: Amoonguss|Giga Drain|p2a: Mandibuzz
|-damage|p2a: Mandibuzz|74/100 psn
|-heal|p1a: Amoonguss|82/100|[from] drain|[of] p2a: Mandibuzz
|
|-damage|p2a: Mandibuzz|61/100 psn|[from] psn
|upkeep
|turn|23
|
|switch|p2a: Magearna|Magearna|31/100 slp
|move|p1a: Amoonguss|Giga Drain|p2a: Magearna
|-resisted|p2a: Magearna
|-damage|p2a: Magearna|20/100 slp
|-heal|p1a: Amoonguss|86/100|[from] drain|[of] p2a: Magearna
|
|-heal|p2a: Magearna|26/100 slp|[from] item: Leftovers
|upkeep
|turn|24
|j| lark134
|
|switch|p1a: Zeraora|Zeraora|100/100
|cant|p2a: Magearna|slp
|
|-heal|p2a: Magearna|32/100 slp|[from] item: Leftovers
|upkeep
|turn|25
|
|switch|p2a: Gastrodon|Gastrodon-East, M|93/100
|move|p1a: Zeraora|Plasma Fists|p2a: Gastrodon
|-immune|p2a: Gastrodon
|
|upkeep
|turn|26
|
|switch|p1a: Amoonguss|Amoonguss, F|100/100
|move|p2a: Gastrodon|Scald|p1a: Amoonguss
|-resisted|p1a: Amoonguss
|-damage|p1a: Amoonguss|90/100
|
|upkeep
|turn|27
|
|switch|p2a: Magearna|Magearna|32/100 slp
|switch|p1a: Zeraora|Zeraora|100/100
|
|-heal|p2a: Magearna|38/100 slp|[from] item: Leftovers
|upkeep
|turn|28
|
|switch|p2a: Gastrodon|Gastrodon-East, M|93/100
|move|p1a: Zeraora|Plasma Fists|p2a: Gastrodon
|-immune|p2a: Gastrodon
|
|upkeep
|turn|29
|j| Staraptor7125
|
|switch|p1a: Amoonguss|Amoonguss, F|100/100
|move|p2a: Gastrodon|Scald|p1a: Amoonguss
|-resisted|p1a: Amoonguss
|-damage|p1a: Amoonguss|90/100
|
|upkeep
|turn|30
|
|switch|p2a: Magearna|Magearna|38/100 slp
|move|p1a: Amoonguss|Giga Drain|p2a: Magearna
|-resisted|p2a: Magearna
|-damage|p2a: Magearna|27/100 slp
|-heal|p1a: Amoonguss|94/100|[from] drain|[of] p2a: Magearna
|
|-heal|p2a: Magearna|33/100 slp|[from] item: Leftovers
|upkeep
|turn|31
|
|-curestatus|p2a: Magearna|slp|[msg]
|move|p2a: Magearna|Flash Cannon|p1a: Amoonguss
|-damage|p1a: Amoonguss|54/100
|move|p1a: Amoonguss|Spore|p2a: Magearna
|-status|p2a: Magearna|slp|[from] move: Spore
|
|-heal|p2a: Magearna|39/100 slp|[from] item: Leftovers
|upkeep
|turn|32
|
|cant|p2a: Magearna|slp
|move|p1a: Amoonguss|Giga Drain|p2a: Magearna
|-resisted|p2a: Magearna
|-damage|p2a: Magearna|27/100 slp
|-heal|p1a: Amoonguss|59/100|[from] drain|[of] p2a: Magearna
|
|-heal|p2a: Magearna|33/100 slp|[from] item: Leftovers
|upkeep
|turn|33
|
|switch|p1a: Excadrill|Excadrill, F|100/100
|-ability|p1a: Excadrill|Mold Breaker
|cant|p2a: Magearna|slp
|
|-heal|p2a: Magearna|39/100 slp|[from] item: Leftovers
|upkeep
|turn|34
|j| whatcoloristhis?
|
|switch|p2a: Mandibuzz|Mandibuzz, F|61/100 psn
|move|p1a: Excadrill|Stealth Rock|p2a: Mandibuzz
|-sidestart|p2: Pokefreak77|move: Stealth Rock
|
|-damage|p2a: Mandibuzz|49/100 psn|[from] psn
|upkeep
|turn|35
|
|switch|p1a: Clefable|Clefable, M|100/100
|move|p2a: Mandibuzz|Defog|p1a: Clefable
|-unboost|p1a: Clefable|evasion|1
|-sideend|p2: Pokefreak77|Stealth Rock|[from] move: Defog|[of] p2a: Mandibuzz
|
|-damage|p2a: Mandibuzz|37/100 psn|[from] psn
|upkeep
|turn|36
|
|switch|p2a: Volcarona|Volcarona, F|100/100
|move|p1a: Clefable|Moonblast|p2a: Volcarona
|-resisted|p2a: Volcarona
|-damage|p2a: Volcarona|87/100
|
|upkeep
|turn|37
|l| whatcoloristhis?
|
|switch|p1a: Mantine|Mantine, F|100/100
|move|p2a: Volcarona|Quiver Dance|p2a: Volcarona
|-boost|p2a: Volcarona|spa|1
|-boost|p2a: Volcarona|spd|1
|-boost|p2a: Volcarona|spe|1
|
|upkeep
|turn|38
|
|switch|p2a: Magearna|Magearna|39/100 slp
|move|p1a: Mantine|Toxic||[still]
|-fail|p1a: Mantine
|
|-heal|p2a: Magearna|45/100 slp|[from] item: Leftovers
|upkeep
|turn|39
|
|switch|p1a: Excadrill|Excadrill, F|100/100
|-ability|p1a: Excadrill|Mold Breaker
|-curestatus|p2a: Magearna|slp|[msg]
|move|p2a: Magearna|Fleur Cannon|p1a: Excadrill|[miss]
|-miss|p2a: Magearna|p1a: Excadrill
|
|-heal|p2a: Magearna|51/100|[from] item: Leftovers
|upkeep
|turn|40
|
|switch|p2a: Mandibuzz|Mandibuzz, F|37/100 psn
|move|p1a: Excadrill|Earthquake|p2a: Mandibuzz
|-immune|p2a: Mandibuzz
|
|-damage|p2a: Mandibuzz|24/100 psn|[from] psn
|upkeep
|turn|41
|
|move|p1a: Excadrill|Earthquake|p2a: Mandibuzz
|-immune|p2a: Mandibuzz
|move|p2a: Mandibuzz|Roost|p2a: Mandibuzz
|-heal|p2a: Mandibuzz|74/100 psn
|-singleturn|p2a: Mandibuzz|move: Roost
|
|-damage|p2a: Mandibuzz|62/100 psn|[from] psn
|upkeep
|turn|42
|j| Qwertd
|
|switch|p1a: Zeraora|Zeraora|100/100
|move|p2a: Mandibuzz|Roost|p2a: Mandibuzz
|-heal|p2a: Mandibuzz|100/100 psn
|-singleturn|p2a: Mandibuzz|move: Roost
|
|-damage|p2a: Mandibuzz|88/100 psn|[from] psn
|upkeep
|turn|43
|
|switch|p1a: Mantine|Mantine, F|100/100
|switch|p2a: Gastrodon|Gastrodon-East, M|93/100
|
|upkeep
|turn|44
|j| Forever Evil KT
|
|switch|p2a: Clefable|Clefable, M|11/100
|move|p1a: Mantine|Toxic|p2a: Clefable
|-status|p2a: Clefable|tox
|
|-heal|p2a: Clefable|18/100 tox|[from] item: Leftovers
|upkeep
|turn|45
|inactive|Pokefreak77 has 120 seconds left.
|
|switch|p2a: Magearna|Magearna|51/100
|move|p1a: Mantine|Scald|p2a: Magearna
|-damage|p2a: Magearna|30/100
|-status|p2a: Magearna|brn
|
|-heal|p2a: Magearna|36/100 brn|[from] item: Leftovers
|-damage|p2a: Magearna|30/100 brn|[from] brn
|upkeep
|turn|46
|
|move|p2a: Magearna|Fleur Cannon|p1a: Mantine
|-damage|p1a: Mantine|55/100
|-unboost|p2a: Magearna|spa|2
|move|p1a: Mantine|Roost|p1a: Mantine
|-heal|p1a: Mantine|100/100
|-singleturn|p1a: Mantine|move: Roost
|
|-heal|p2a: Magearna|36/100 brn|[from] item: Leftovers
|-damage|p2a: Magearna|30/100 brn|[from] brn
|upkeep
|turn|47
|j| gen 8 fish
|
|switch|p2a: Gastrodon|Gastrodon-East, M|93/100
|move|p1a: Mantine|Scald|p2a: Gastrodon
|-ability|p2a: Gastrodon|Storm Drain|boost
|-boost|p2a: Gastrodon|spa|1
|
|upkeep
|turn|48
|
|move|p1a: Mantine|Toxic|p2a: Gastrodon
|-status|p2a: Gastrodon|tox
|move|p2a: Gastrodon|Toxic|p1a: Mantine
|-status|p1a: Mantine|tox
|
|-damage|p1a: Mantine|94/100 tox|[from] psn
|-damage|p2a: Gastrodon|87/100 tox|[from] psn
|upkeep
|turn|49
|j| trisew
|
|switch|p1a: Clefable|Clefable, M|100/100
|move|p2a: Gastrodon|Scald|p1a: Clefable
|-damage|p1a: Clefable|80/100
|
|-heal|p1a: Clefable|86/100|[from] item: Leftovers
|-damage|p2a: Gastrodon|75/100 tox|[from] psn
|upkeep
|turn|50
|l| trisew
|
|switch|p2a: Volcarona|Volcarona, F|87/100
|move|p1a: Clefable|Heal Bell|p1a: Clefable
|-activate|p1a: Clefable|move: Heal Bell
|-curestatus|p1: Mantine|tox|[msg]
|
|-heal|p1a: Clefable|92/100|[from] item: Leftovers
|upkeep
|turn|51
|inactive|Pokefreak77 has 120 seconds left.
|-message|Pokefreak77 forfeited.
|
|win|Highed-砂の神
|l|☆Pokefreak77
|l| lark134
|l| Forever Evil KT
|c|☆Highed-砂の神|thank you
|raw|Highed-砂の神's rating: 1818 &rarr; <strong>1835</strong><br />(+17 for winning)
|raw|Pokefreak77's rating: 1782 &rarr; <strong>1764</strong><br />(-18 for losing)
