|j|☆uniandes5
|j|☆bizarman
|t:|1662750791
|gametype|singles
|player|p1|uniandes5|2|1743
|player|p2|bizarman|scientist-gen4|1760
|teamsize|p1|6
|teamsize|p2|6
|gen|8
|tier|[Gen 8] OU
|rated|
|rule|Sleep Clause Mod: Limit one foe put to sleep
|rule|Species Clause: Limit one of each Pokémon
|rule|OHKO Clause: OHKO moves are banned
|rule|Evasion Items Clause: Evasion items are banned
|rule|Evasion Moves Clause: Evasion moves are banned
|rule|Endless Battle Clause: Forcing endless battles is banned
|rule|HP Percentage Mod: HP is shown in percentages
|rule|Dynamax Clause: You cannot dynamax
|clearpoke
|poke|p1|Garchomp, F|
|poke|p1|Tapu Fini|
|poke|p1|Aegislash, F|
|poke|p1|Regieleki|
|poke|p1|Magnezone|
|poke|p1|Tapu Lele|
|poke|p2|Tyranitar, M|
|poke|p2|Kartana|
|poke|p2|Corviknight, F|
|poke|p2|Clefable, F|
|poke|p2|Landorus-Therian, M|
|poke|p2|Rotom-Wash|
|teampreview
|
|t:|1662750798
|start
|switch|p1a: Tapu Fini|Tapu Fini|100/100
|switch|p2a: Landorus|Landorus-Therian, M|100/100
|-ability|p2a: Landorus|Intimidate|boost
|-unboost|p1a: Tapu Fini|atk|1
|-fieldstart|move: Misty Terrain|[from] ability: Misty Surge|[of] p1a: Tapu Fini
|turn|1
|inactive|Battle timer is ON: inactive players will automatically lose when time's up. (requested by bizarman)
|
|t:|1662750806
|switch|p2a: Rotom|Rotom-Wash|100/100
|move|p1a: Tapu Fini|Nature's Madness|p2a: Rotom
|-damage|p2a: Rotom|50/100
|
|-heal|p2a: Rotom|57/100|[from] item: Leftovers
|upkeep
|turn|2
|
|t:|1662750814
|move|p2a: Rotom|Pain Split|p1a: Tapu Fini
|-sethp|p1a: Tapu Fini|75/100|[from] move: Pain Split|[silent]
|-sethp|p2a: Rotom|85/100|[from] move: Pain Split
|move|p1a: Tapu Fini|Knock Off|p2a: Rotom
|-damage|p2a: Rotom|77/100
|-enditem|p2a: Rotom|Leftovers|[from] move: Knock Off|[of] p1a: Tapu Fini
|
|upkeep
|turn|3
|
|t:|1662750821
|move|p2a: Rotom|Volt Switch|p1a: Tapu Fini
|-supereffective|p1a: Tapu Fini
|-damage|p1a: Tapu Fini|44/100
|
|t:|1662750827
|switch|p2a: Tyranitar|Tyranitar, M|100/100|[from]move: Volt Switch
|-weather|Sandstorm|[from] ability: Sand Stream|[of] p2a: Tyranitar
|move|p1a: Tapu Fini|Nature's Madness|p2a: Tyranitar
|-damage|p2a: Tyranitar|51/100
|
|-weather|Sandstorm|[upkeep]
|-damage|p1a: Tapu Fini|38/100|[from] Sandstorm
|upkeep
|turn|4
|
|t:|1662750838
|move|p2a: Tyranitar|Crunch|p1a: Tapu Fini
|-resisted|p1a: Tapu Fini
|-damage|p1a: Tapu Fini|6/100
|-damage|p2a: Tyranitar|34/100|[from] item: Rocky Helmet|[of] p1a: Tapu Fini
|move|p1a: Tapu Fini|Knock Off|p2a: Tyranitar
|-resisted|p2a: Tyranitar
|-damage|p2a: Tyranitar|30/100
|-enditem|p2a: Tyranitar|Choice Band|[from] move: Knock Off|[of] p1a: Tapu Fini
|
|-weather|Sandstorm|[upkeep]
|-damage|p1a: Tapu Fini|0 fnt|[from] Sandstorm
|faint|p1a: Tapu Fini
|upkeep
|
|t:|1662750855
|switch|p1a: Magnezone|Magnezone|100/100
|turn|5
|
|t:|1662750862
|switch|p2a: Landorus|Landorus-Therian, M|100/100
|-ability|p2a: Landorus|Intimidate|boost
|-unboost|p1a: Magnezone|atk|1
|move|p1a: Magnezone|Flash Cannon|p2a: Landorus
|-damage|p2a: Landorus|71/100
|
|-weather|Sandstorm|[upkeep]
|-heal|p2a: Landorus|77/100|[from] item: Leftovers
|-fieldend|Misty Terrain
|upkeep
|turn|6
|
|t:|1662750870
|move|p1a: Magnezone|Flash Cannon|p2a: Landorus
|-damage|p2a: Landorus|48/100
|move|p2a: Landorus|Stealth Rock|p1a: Magnezone
|-sidestart|p1: uniandes5|move: Stealth Rock
|
|-weather|Sandstorm|[upkeep]
|-heal|p2a: Landorus|54/100|[from] item: Leftovers
|upkeep
|turn|7
|j| BestChad
|
|t:|1662750876
|move|p1a: Magnezone|Flash Cannon|p2a: Landorus
|-damage|p2a: Landorus|22/100
|move|p2a: Landorus|Earthquake|p1a: Magnezone
|-supereffective|p1a: Magnezone
|-crit|p1a: Magnezone
|-ability|p1a: Magnezone|Sturdy
|-damage|p1a: Magnezone|1/100
|
|-weather|none
|-heal|p2a: Landorus|29/100|[from] item: Leftovers
|upkeep
|turn|8
|-enditem|p1a: Magnezone|Custap Berry|[eat]
|-activate|p1a: Magnezone|item: Custap Berry|[consumed]
|
|t:|1662750893
|switch|p2a: Tyranitar|Tyranitar, M|30/100
|-weather|Sandstorm|[from] ability: Sand Stream|[of] p2a: Tyranitar
|move|p1a: Magnezone|Flash Cannon|p2a: Tyranitar
|-supereffective|p2a: Tyranitar
|-damage|p2a: Tyranitar|0 fnt
|faint|p2a: Tyranitar
|
|-weather|Sandstorm|[upkeep]
|upkeep
|
|t:|1662750903
|switch|p2a: Kartana|Kartana|100/100
|turn|9
|
|t:|1662750914
|move|p2a: Kartana|Knock Off|p1a: Magnezone
|-damage|p1a: Magnezone|0 fnt
|faint|p1a: Magnezone
|-ability|p2a: Kartana|Beast Boost|boost
|-boost|p2a: Kartana|atk|1
|
|-weather|Sandstorm|[upkeep]
|upkeep
|
|t:|1662750917
|switch|p1a: Garchomp|Garchomp, F|100/100
|-damage|p1a: Garchomp|94/100|[from] Stealth Rock
|turn|10
|
|t:|1662750927
|switch|p2a: Rotom|Rotom-Wash|77/100
|move|p1a: Garchomp|Stealth Rock|p2a: Rotom
|-sidestart|p2: bizarman|move: Stealth Rock
|
|-weather|Sandstorm|[upkeep]
|-damage|p2a: Rotom|71/100|[from] Sandstorm
|upkeep
|turn|11
|
|t:|1662750934
|move|p1a: Garchomp|Toxic|p2a: Rotom
|-status|p2a: Rotom|tox
|move|p2a: Rotom|Will-O-Wisp|p1a: Garchomp
|-status|p1a: Garchomp|brn
|
|-weather|Sandstorm|[upkeep]
|-damage|p2a: Rotom|65/100 tox|[from] Sandstorm
|-damage|p2a: Rotom|58/100 tox|[from] psn
|-damage|p1a: Garchomp|88/100 brn|[from] brn
|upkeep
|turn|12
|
|t:|1662750944
|move|p1a: Garchomp|Fire Blast|p2a: Rotom
|-resisted|p2a: Rotom
|-damage|p2a: Rotom|47/100 tox
|move|p2a: Rotom|Hydro Pump|p1a: Garchomp
|-damage|p1a: Garchomp|47/100 brn
|
|-weather|none
|-damage|p2a: Rotom|34/100 tox|[from] psn
|-damage|p1a: Garchomp|40/100 brn|[from] brn
|upkeep
|turn|13
|
|t:|1662750954
|switch|p2a: Clefable|Clefable, F|100/100
|move|p1a: Garchomp|Fire Blast|p2a: Clefable
|-damage|p2a: Clefable|80/100
|
|-heal|p2a: Clefable|86/100|[from] item: Leftovers
|-damage|p1a: Garchomp|34/100 brn|[from] brn
|upkeep
|turn|14
|inactive|uniandes5 has 120 seconds left.
|
|t:|1662751010
|move|p1a: Garchomp|Earthquake|p2a: Clefable
|-damage|p2a: Clefable|70/100
|move|p2a: Clefable|Calm Mind|p2a: Clefable
|-boost|p2a: Clefable|spa|1
|-boost|p2a: Clefable|spd|1
|
|-heal|p2a: Clefable|76/100|[from] item: Leftovers
|-damage|p1a: Garchomp|28/100 brn|[from] brn
|upkeep
|turn|15
|
|t:|1662751018
|switch|p1a: Regieleki|Regieleki|100/100
|-damage|p1a: Regieleki|88/100|[from] Stealth Rock
|move|p2a: Clefable|Calm Mind|p2a: Clefable
|-boost|p2a: Clefable|spa|1
|-boost|p2a: Clefable|spd|1
|
|-heal|p2a: Clefable|82/100|[from] item: Leftovers
|upkeep
|turn|16
|
|t:|1662751026
|move|p1a: Regieleki|Explosion|p2a: Clefable
|-damage|p2a: Clefable|0 fnt
|faint|p1a: Regieleki
|faint|p2a: Clefable
|
|upkeep
|
|t:|1662751037
|switch|p1a: Aegislash|Aegislash, F|100/100
|switch|p2a: Corviknight|Corviknight, F|100/100
|-damage|p2a: Corviknight|88/100|[from] Stealth Rock
|-ability|p2a: Corviknight|Pressure
|-damage|p1a: Aegislash|94/100|[from] Stealth Rock
|-item|p1a: Aegislash|Air Balloon
|turn|17
|
|t:|1662751047
|switch|p1a: Garchomp|Garchomp, F|28/100 brn
|-damage|p1a: Garchomp|22/100 brn|[from] Stealth Rock
|move|p2a: Corviknight|U-turn|p1a: Garchomp
|-damage|p1a: Garchomp|10/100 brn
|-damage|p2a: Corviknight|76/100|[from] ability: Rough Skin|[of] p1a: Garchomp
|-damage|p2a: Corviknight|59/100|[from] item: Rocky Helmet|[of] p1a: Garchomp
|
|t:|1662751057
|switch|p2a: Kartana|Kartana|100/100|[from]move: U-turn
|-damage|p2a: Kartana|94/100|[from] Stealth Rock
|
|-damage|p1a: Garchomp|4/100 brn|[from] brn
|upkeep
|turn|18
|
|t:|1662751063
|move|p2a: Kartana|Knock Off|p1a: Garchomp
|-damage|p1a: Garchomp|0 fnt
|-damage|p2a: Kartana|82/100|[from] ability: Rough Skin|[of] p1a: Garchomp
|-damage|p2a: Kartana|65/100|[from] item: Rocky Helmet|[of] p1a: Garchomp
|-enditem|p1a: Garchomp|Rocky Helmet|[from] move: Knock Off|[of] p2a: Kartana
|faint|p1a: Garchomp
|-ability|p2a: Kartana|Beast Boost|boost
|-boost|p2a: Kartana|atk|1
|
|upkeep
|
|t:|1662751066
|switch|p1a: Aegislash|Aegislash, F|94/100
|-damage|p1a: Aegislash|88/100|[from] Stealth Rock
|-item|p1a: Aegislash|Air Balloon
|turn|19
|
|t:|1662751076
|move|p1a: Aegislash|King's Shield|p1a: Aegislash
|-singleturn|p1a: Aegislash|Protect
|move|p2a: Kartana|Knock Off|p1a: Aegislash
|-activate|p1a: Aegislash|move: Protect
|-unboost|p2a: Kartana|atk|1
|
|upkeep
|turn|20
|
|t:|1662751086
|switch|p2a: Rotom|Rotom-Wash|34/100 tox
|-damage|p2a: Rotom|22/100 tox|[from] Stealth Rock
|-formechange|p1a: Aegislash|Aegislash-Blade||[from] ability: Stance Change
|move|p1a: Aegislash|Shadow Ball|p2a: Rotom
|-damage|p2a: Rotom|0 fnt
|faint|p2a: Rotom
|
|upkeep
|
|t:|1662751102
|switch|p2a: Corviknight|Corviknight, F|59/100
|-damage|p2a: Corviknight|47/100|[from] Stealth Rock
|-ability|p2a: Corviknight|Pressure
|turn|21
|
|t:|1662751107
|move|p2a: Corviknight|Roost|p2a: Corviknight
|-heal|p2a: Corviknight|97/100
|-singleturn|p2a: Corviknight|move: Roost
|move|p1a: Aegislash|Shadow Ball|p2a: Corviknight
|-damage|p2a: Corviknight|56/100
|-unboost|p2a: Corviknight|spd|1
|
|upkeep
|turn|22
|
|t:|1662751118
|switch|p2a: Landorus|Landorus-Therian, M|29/100
|-damage|p2a: Landorus|16/100|[from] Stealth Rock
|-ability|p2a: Landorus|Intimidate|boost
|-unboost|p1a: Aegislash|atk|1
|move|p1a: Aegislash|Shadow Ball|p2a: Landorus
|-damage|p2a: Landorus|0 fnt
|faint|p2a: Landorus
|
|upkeep
|j| Fasboom
|
|t:|1662751127
|switch|p2a: Corviknight|Corviknight, F|56/100
|-damage|p2a: Corviknight|43/100|[from] Stealth Rock
|-ability|p2a: Corviknight|Pressure
|turn|23
|
|t:|1662751132
|move|p2a: Corviknight|Roost|p2a: Corviknight
|-heal|p2a: Corviknight|93/100
|-singleturn|p2a: Corviknight|move: Roost
|move|p1a: Aegislash|Shadow Ball|p2a: Corviknight
|-damage|p2a: Corviknight|50/100
|
|upkeep
|turn|24
|
|t:|1662751139
|switch|p1a: Tapu Lele|Tapu Lele|100/100
|-damage|p1a: Tapu Lele|88/100|[from] Stealth Rock
|-fieldstart|move: Psychic Terrain|[from] ability: Psychic Surge|[of] p1a: Tapu Lele
|move|p2a: Corviknight|Roost|p2a: Corviknight
|-heal|p2a: Corviknight|99/100
|-singleturn|p2a: Corviknight|move: Roost
|
|upkeep
|turn|25
|
|t:|1662751148
|move|p1a: Tapu Lele|Shadow Ball|p2a: Corviknight
|-damage|p2a: Corviknight|74/100
|move|p2a: Corviknight|Defog|p1a: Tapu Lele
|-unboost|p1a: Tapu Lele|evasion|1
|-sideend|p1: uniandes5|Stealth Rock|[from] move: Defog|[of] p2a: Corviknight
|-sideend|p2: bizarman|Stealth Rock|[from] move: Defog|[of] p2a: Corviknight
|-fieldend|move: Psychic Terrain
|
|upkeep
|turn|26
|
|t:|1662751156
|move|p1a: Tapu Lele|Shadow Ball|p2a: Corviknight
|-damage|p2a: Corviknight|45/100
|-unboost|p2a: Corviknight|spd|1
|move|p2a: Corviknight|Brave Bird|p1a: Tapu Lele
|-damage|p1a: Tapu Lele|41/100
|-damage|p2a: Corviknight|31/100|[from] Recoil
|
|upkeep
|turn|27
|
|t:|1662751165
|move|p1a: Tapu Lele|Shadow Ball|p2a: Corviknight
|-damage|p2a: Corviknight|0 fnt
|faint|p2a: Corviknight
|
|upkeep
|
|t:|1662751170
|switch|p2a: Kartana|Kartana|65/100
|turn|28
|
|t:|1662751173
|move|p2a: Kartana|Knock Off|p1a: Tapu Lele
|-damage|p1a: Tapu Lele|0 fnt
|-enditem|p1a: Tapu Lele|Twisted Spoon|[from] move: Knock Off|[of] p2a: Kartana
|faint|p1a: Tapu Lele
|-ability|p2a: Kartana|Beast Boost|boost
|-boost|p2a: Kartana|atk|1
|
|upkeep
|
|t:|1662751175
|switch|p1a: Aegislash|Aegislash, F|88/100
|-item|p1a: Aegislash|Air Balloon
|turn|29
|
|t:|1662751182
|move|p1a: Aegislash|King's Shield|p1a: Aegislash
|-singleturn|p1a: Aegislash|Protect
|move|p2a: Kartana|Knock Off|p1a: Aegislash
|-activate|p1a: Aegislash|move: Protect
|-unboost|p2a: Kartana|atk|1
|
|upkeep
|turn|30
|
|t:|1662751188
|move|p2a: Kartana|Knock Off|p1a: Aegislash
|-supereffective|p1a: Aegislash
|-damage|p1a: Aegislash|20/100
|-enditem|p1a: Aegislash|Air Balloon
|-formechange|p1a: Aegislash|Aegislash-Blade||[from] ability: Stance Change
|move|p1a: Aegislash|Shadow Ball|p2a: Kartana
|-damage|p2a: Kartana|0 fnt
|faint|p2a: Kartana
|
|win|uniandes5
|raw|uniandes5's rating: 1743 &rarr; <strong>1764</strong><br />(+21 for winning)
|raw|bizarman's rating: 1760 &rarr; <strong>1739</strong><br />(-21 for losing)
|c|☆bizarman|gg
|l|☆uniandes5
|l|☆bizarman
||Ladder isn't responding, score probably updated but might not have (Request timeout).
