|j|☆antarctozolt
|j|☆TheManiacOfPkmn
|inactive|Battle timer is ON: inactive players will automatically lose when time's up.
|t:|1661865433
|gametype|singles
|player|p1|antarctozolt|skier|
|player|p2|TheManiacOfPkmn|giovanni|
|teamsize|p1|6
|teamsize|p2|6
|gen|8
|tier|[Gen 8] OU
|rated|Tournament battle
|rule|Sleep Clause Mod: Limit one foe put to sleep
|rule|Species Clause: Limit one of each Pokémon
|rule|OHKO Clause: OHKO moves are banned
|rule|Evasion Items Clause: Evasion items are banned
|rule|Evasion Moves Clause: Evasion moves are banned
|rule|Endless Battle Clause: Forcing endless battles is banned
|rule|HP Percentage Mod: HP is shown in percentages
|rule|Dynamax Clause: You cannot dynamax
|clearpoke
|poke|p1|Kartana|
|poke|p1|Magnezone|
|poke|p1|Tornadus-Therian, M|
|poke|p1|Weavile, F|
|poke|p1|Toxapex, M|
|poke|p1|Garchomp, F|
|poke|p2|Ferrothorn, F|
|poke|p2|Landorus-Therian, M|
|poke|p2|Bisharp, M|
|poke|p2|Zapdos-Galar|
|poke|p2|Volcarona, M|
|poke|p2|Toxapex, M|
|teampreview
|j| Moi capuccino
|j| Slar Flar
|l| Slar Flar
|j| Down$hift
|inactive|antarctozolt has 120 seconds left.
|inactive|antarctozolt has 90 seconds left.
|j| ilcavalierebianco
|
|t:|1661865502
|start
|switch|p1a: Toxapex|Toxapex, M|100/100
|switch|p2a: LeftwingPolitician|Landorus-Therian, M|100/100
|-ability|p2a: LeftwingPolitician|Intimidate|boost
|-unboost|p1a: Toxapex|atk|1
|turn|1
|
|t:|1661865512
|move|p2a: LeftwingPolitician|Stealth Rock|p1a: Toxapex
|-sidestart|p1: antarctozolt|move: Stealth Rock
|move|p1a: Toxapex|Scald|p2a: LeftwingPolitician
|-supereffective|p2a: LeftwingPolitician
|-damage|p2a: LeftwingPolitician|76/100
|
|-heal|p2a: LeftwingPolitician|82/100|[from] item: Leftovers
|upkeep
|turn|2
|c| ilcavalierebianco|fisherman
|j| wailing鯨wailord
|
|t:|1661865540
|move|p2a: LeftwingPolitician|U-turn|p1a: Toxapex
|-resisted|p1a: Toxapex
|-damage|p1a: Toxapex|94/100
|inactive|TheManiacOfPkmn has 120 seconds left.
|
|t:|1661865552
|switch|p2a: Lord of Homophobia|Ferrothorn, F|100/100|[from]move: U-turn
|move|p1a: Toxapex|Scald|p2a: Lord of Homophobia
|-resisted|p2a: Lord of Homophobia
|-damage|p2a: Lord of Homophobia|94/100
|-status|p2a: Lord of Homophobia|brn
|
|-heal|p1a: Toxapex|99/100|[from] item: Black Sludge
|-heal|p2a: Lord of Homophobia|100/100 brn|[from] item: Leftovers
|-damage|p2a: Lord of Homophobia|94/100 brn|[from] brn
|upkeep
|turn|3
|
|t:|1661865556
|switch|p2a: Exeggubro Killer|Volcarona, M|100/100
|move|p1a: Toxapex|Knock Off|p2a: Exeggubro Killer
|-damage|p2a: Exeggubro Killer|85/100
|-enditem|p2a: Exeggubro Killer|Heavy-Duty Boots|[from] move: Knock Off|[of] p1a: Toxapex
|
|-heal|p1a: Toxapex|100/100|[from] item: Black Sludge
|upkeep
|turn|4
|j| switchinmyposition
|
|t:|1661865563
|switch|p1a: Garchomp|Garchomp, F|100/100
|-damage|p1a: Garchomp|94/100|[from] Stealth Rock
|move|p2a: Exeggubro Killer|Quiver Dance|p2a: Exeggubro Killer
|-boost|p2a: Exeggubro Killer|spa|1
|-boost|p2a: Exeggubro Killer|spd|1
|-boost|p2a: Exeggubro Killer|spe|1
|
|-heal|p1a: Garchomp|100/100|[from] item: Leftovers
|upkeep
|turn|5
|
|t:|1661865568
|move|p2a: Exeggubro Killer|Bug Buzz|p1a: Garchomp
|-damage|p1a: Garchomp|54/100
|move|p1a: Garchomp|Toxic|p2a: Exeggubro Killer
|-status|p2a: Exeggubro Killer|tox
|
|-heal|p1a: Garchomp|60/100|[from] item: Leftovers
|-damage|p2a: Exeggubro Killer|79/100 tox|[from] psn
|upkeep
|turn|6
|l| switchinmyposition
|
|t:|1661865580
|switch|p2a: LeftwingPolitician|Landorus-Therian, M|82/100
|-ability|p2a: LeftwingPolitician|Intimidate|boost
|-unboost|p1a: Garchomp|atk|1
|move|p1a: Garchomp|Earthquake|p2a: LeftwingPolitician
|-immune|p2a: LeftwingPolitician
|
|-heal|p1a: Garchomp|66/100|[from] item: Leftovers
|-heal|p2a: LeftwingPolitician|88/100|[from] item: Leftovers
|upkeep
|turn|7
|
|t:|1661865586
|move|p1a: Garchomp|Protect|p1a: Garchomp
|-singleturn|p1a: Garchomp|Protect
|move|p2a: LeftwingPolitician|Toxic|p1a: Garchomp
|-activate|p1a: Garchomp|move: Protect
|
|-heal|p1a: Garchomp|73/100|[from] item: Leftovers
|-heal|p2a: LeftwingPolitician|94/100|[from] item: Leftovers
|upkeep
|turn|8
|
|t:|1661865596
|switch|p1a: Toxapex|Toxapex, M|100/100
|-damage|p1a: Toxapex|88/100|[from] Stealth Rock
|move|p2a: LeftwingPolitician|Earthquake|p1a: Toxapex
|-supereffective|p1a: Toxapex
|-damage|p1a: Toxapex|33/100
|
|-heal|p2a: LeftwingPolitician|100/100|[from] item: Leftovers
|-heal|p1a: Toxapex|39/100|[from] item: Black Sludge
|upkeep
|turn|9
|
|t:|1661865600
|move|p1a: Toxapex|Baneful Bunker|p1a: Toxapex
|-singleturn|p1a: Toxapex|move: Protect
|move|p2a: LeftwingPolitician|Earthquake|p1a: Toxapex
|-activate|p1a: Toxapex|move: Protect
|
|-heal|p1a: Toxapex|45/100|[from] item: Black Sludge
|upkeep
|turn|10
|
|t:|1661865608
|switch|p1a: Tornadus|Tornadus-Therian, M|100/100
|move|p2a: LeftwingPolitician|Toxic|p1a: Tornadus
|-status|p1a: Tornadus|tox
|
|-damage|p1a: Tornadus|94/100 tox|[from] psn
|upkeep
|turn|11
|
|t:|1661865612
|move|p1a: Tornadus|Hurricane|p2a: LeftwingPolitician
|-crit|p2a: LeftwingPolitician
|-damage|p2a: LeftwingPolitician|53/100
|move|p2a: LeftwingPolitician|U-turn|p1a: Tornadus
|-resisted|p1a: Tornadus
|-crit|p1a: Tornadus
|-damage|p1a: Tornadus|78/100 tox
|c| ilcavalierebianco|why bunker
|c|☆antarctozolt|cuz my lele answer is weavile
|
|t:|1661865637
|switch|p2a: Banned Menace|Toxapex, M|100/100|[from]move: U-turn
|
|-damage|p1a: Tornadus|65/100 tox|[from] psn
|upkeep
|turn|12
|
|t:|1661865641
|switch|p1a: Toxapex|Toxapex, M|78/100
|-damage|p1a: Toxapex|66/100|[from] Stealth Rock
|move|p2a: Banned Menace|Knock Off|p1a: Toxapex
|-damage|p1a: Toxapex|56/100
|-enditem|p1a: Toxapex|Black Sludge|[from] move: Knock Off|[of] p2a: Banned Menace
|
|upkeep
|turn|13
|c| ilcavalierebianco|makes sense lol
|c| Moi capuccino|probably for u-turn too
|
|t:|1661865657
|switch|p2a: LeftwingPolitician|Landorus-Therian, M|53/100
|-ability|p2a: LeftwingPolitician|Intimidate|boost
|-unboost|p1a: Toxapex|atk|1
|move|p1a: Toxapex|Scald|p2a: LeftwingPolitician
|-supereffective|p2a: LeftwingPolitician
|-damage|p2a: LeftwingPolitician|32/100
|-status|p2a: LeftwingPolitician|brn
|
|-heal|p2a: LeftwingPolitician|38/100 brn|[from] item: Leftovers
|-damage|p2a: LeftwingPolitician|32/100 brn|[from] brn
|upkeep
|turn|14
|
|t:|1661865661
|move|p2a: LeftwingPolitician|U-turn|p1a: Toxapex
|-resisted|p1a: Toxapex
|-damage|p1a: Toxapex|52/100
|
|t:|1661865663
|switch|p2a: Lord of Homophobia|Ferrothorn, F|94/100 brn|[from]move: U-turn
|move|p1a: Toxapex|Recover|p1a: Toxapex
|-heal|p1a: Toxapex|100/100
|
|-heal|p2a: Lord of Homophobia|100/100 brn|[from] item: Leftovers
|-damage|p2a: Lord of Homophobia|94/100 brn|[from] brn
|upkeep
|turn|15
|
|t:|1661865670
|switch|p2a: Loud UUBL Cousin|Zapdos-Galar|100/100
|move|p1a: Toxapex|Knock Off|p2a: Loud UUBL Cousin
|-resisted|p2a: Loud UUBL Cousin
|-damage|p2a: Loud UUBL Cousin|95/100
|-enditem|p2a: Loud UUBL Cousin|Choice Band|[from] move: Knock Off|[of] p1a: Toxapex
|
|upkeep
|turn|16
|
|t:|1661865682
|move|p1a: Toxapex|Baneful Bunker|p1a: Toxapex
|-singleturn|p1a: Toxapex|move: Protect
|move|p2a: Loud UUBL Cousin|Brave Bird|p1a: Toxapex
|-activate|p1a: Toxapex|move: Protect
|-status|p2a: Loud UUBL Cousin|psn
|
|-damage|p2a: Loud UUBL Cousin|82/100 psn|[from] psn
|upkeep
|turn|17
|
|t:|1661865688
|move|p2a: Loud UUBL Cousin|U-turn|p1a: Toxapex
|-resisted|p1a: Toxapex
|-damage|p1a: Toxapex|93/100
|c| ilcavalierebianco|6 0d by pex
|c| ilcavalierebianco|just because
|c| ilcavalierebianco|he did not wait patiently
|c| ilcavalierebianco|with his own pex
|inactive|TheManiacOfPkmn has 120 seconds left.
|
|t:|1661865728
|switch|p2a: Lord of Homophobia|Ferrothorn, F|94/100 brn|[from]move: U-turn
|move|p1a: Toxapex|Knock Off|p2a: Lord of Homophobia
|-damage|p2a: Lord of Homophobia|89/100 brn
|-damage|p1a: Toxapex|80/100|[from] ability: Iron Barbs|[of] p2a: Lord of Homophobia
|-enditem|p2a: Lord of Homophobia|Leftovers|[from] move: Knock Off|[of] p1a: Toxapex
|
|-damage|p2a: Lord of Homophobia|82/100 brn|[from] brn
|upkeep
|turn|18
|
|t:|1661865735
|switch|p1a: Tornadus|Tornadus-Therian, M|99/100 tox
|move|p2a: Lord of Homophobia|Leech Seed|p1a: Tornadus
|-start|p1a: Tornadus|move: Leech Seed
|
|-damage|p1a: Tornadus|86/100 tox|[from] Leech Seed|[of] p2a: Lord of Homophobia
|-heal|p2a: Lord of Homophobia|95/100 brn|[silent]
|-damage|p1a: Tornadus|80/100 tox|[from] psn
|-damage|p2a: Lord of Homophobia|89/100 brn|[from] brn
|upkeep
|turn|19
|
|t:|1661865740
|move|p1a: Tornadus|Heat Wave|p2a: Lord of Homophobia
|-supereffective|p2a: Lord of Homophobia
|-damage|p2a: Lord of Homophobia|6/100 brn
|move|p2a: Lord of Homophobia|Knock Off|p1a: Tornadus
|-damage|p1a: Tornadus|69/100 tox
|-enditem|p1a: Tornadus|Heavy-Duty Boots|[from] move: Knock Off|[of] p2a: Lord of Homophobia
|
|-damage|p1a: Tornadus|57/100 tox|[from] Leech Seed|[of] p2a: Lord of Homophobia
|-heal|p2a: Lord of Homophobia|19/100 brn|[silent]
|-damage|p1a: Tornadus|45/100 tox|[from] psn
|-damage|p2a: Lord of Homophobia|12/100 brn|[from] brn
|upkeep
|turn|20
|
|t:|1661865748
|switch|p2a: Loud UUBL Cousin|Zapdos-Galar|82/100 psn
|move|p1a: Tornadus|U-turn|p2a: Loud UUBL Cousin
|-resisted|p2a: Loud UUBL Cousin
|-damage|p2a: Loud UUBL Cousin|78/100 psn
|
|t:|1661865754
|switch|p1a: Garchomp|Garchomp, F|73/100|[from]move: U-turn
|-damage|p1a: Garchomp|66/100|[from] Stealth Rock
|
|-heal|p1a: Garchomp|73/100|[from] item: Leftovers
|-damage|p2a: Loud UUBL Cousin|65/100 psn|[from] psn
|upkeep
|turn|21
|
|t:|1661865759
|move|p1a: Garchomp|Protect|p1a: Garchomp
|-singleturn|p1a: Garchomp|Protect
|move|p2a: Loud UUBL Cousin|U-turn|p1a: Garchomp
|-activate|p1a: Garchomp|move: Protect
|
|-heal|p1a: Garchomp|79/100|[from] item: Leftovers
|-damage|p2a: Loud UUBL Cousin|53/100 psn|[from] psn
|upkeep
|turn|22
|-message|TheManiacOfPkmn forfeited.
|
|win|antarctozolt
|n|☆antarctozolt|antarctozolt
|n|☆TheManiacOfPkmn|themaniacofpkmn
|n| Moi capuccino|moicapuccino
|n| Down$hift|downhift
|n| ilcavalierebianco|ilcavalierebianco
|n| wailing鯨wailord|wailingwailord
|l|☆TheManiacOfPkmn
|c|☆antarctozolt|gg
|c| Moi capuccino|ferrothorn hates slowbros and exeggutor
|c|☆antarctozolt|too much protect for him lmao
