|j|☆Diseasion
|j|☆cold.exe
|player|p1|Diseasion|1|1369
|player|p2|cold.exe|flannery|1410
|teamsize|p1|6
|teamsize|p2|6
|gametype|singles
|gen|8
|tier|[Gen 8] OU
|rated|
|clearpoke
|poke|p1|Clefable, F|
|poke|p1|Toxapex, M|
|poke|p1|Zoroark, F|
|poke|p1|Mimikyu, M|
|poke|p1|Pyukumuku, F|
|poke|p1|Ditto|
|poke|p2|Cinderace, F|
|poke|p2|Gyarados, M|
|poke|p2|Dragapult, F|
|poke|p2|Hydreigon, M|
|poke|p2|Rotom-Wash|
|poke|p2|Diggersby, M|
|rule|Sleep Clause Mod: Limit one foe put to sleep
|rule|Species Clause: Limit one of each Pokémon
|rule|OHKO Clause: OHKO moves are banned
|rule|Evasion Moves Clause: Evasion moves are banned
|rule|Endless Battle Clause: Forcing endless battles is banned
|rule|HP Percentage Mod: HP is shown in percentages
|rule|Dynamax Clause: You cannot dynamax
|teampreview
|
|start
|switch|p1a: Toxapex|Toxapex, M|100/100
|switch|p2a: Diggersby|Diggersby, M|100/100
|turn|1
|inactive|Battle timer is ON: inactive players will automatically lose when time's up. (requested by Diseasion)
|
|move|p1a: Toxapex|Baneful Bunker|p1a: Toxapex
|-singleturn|p1a: Toxapex|move: Protect
|move|p2a: Diggersby|Earthquake|p1a: Toxapex
|-activate|p1a: Toxapex|move: Protect
|
|upkeep
|turn|2
|
|switch|p1a: Pyukumuku|Pyukumuku, F|100/100
|move|p2a: Diggersby|Earthquake|p1a: Pyukumuku
|-damage|p1a: Pyukumuku|39/100
|
|upkeep
|turn|3
|
|move|p2a: Diggersby|Earthquake|p1a: Pyukumuku
|-damage|p1a: Pyukumuku|0 fnt
|faint|p1a: Pyukumuku
|
|upkeep
|
|switch|p1a: Mimikyu|Mimikyu, M|100/100
|turn|4
|
|move|p1a: Mimikyu|Swords Dance|p1a: Mimikyu
|-boost|p1a: Mimikyu|atk|2
|move|p2a: Diggersby|Earthquake|p1a: Mimikyu
|-activate|p1a: Mimikyu|ability: Disguise
|-damage|p1a: Mimikyu|100/100
|detailschange|p1a: Mimikyu|Mimikyu-Busted, M
|-damage|p1a: Mimikyu|88/100|[from] pokemon: Mimikyu-Busted
|
|upkeep
|turn|5
|
|switch|p2a: Gyarados|Gyarados, M, shiny|100/100
|-ability|p2a: Gyarados|Intimidate|boost
|-unboost|p1a: Mimikyu|atk|1
|move|p1a: Mimikyu|Drain Punch|p2a: Gyarados
|-resisted|p2a: Gyarados
|-damage|p2a: Gyarados|81/100
|-heal|p1a: Mimikyu|99/100|[from] drain|[of] p2a: Gyarados
|-damage|p1a: Mimikyu|89/100|[from] item: Life Orb
|
|upkeep
|turn|6
|
|move|p1a: Mimikyu|Play Rough|p2a: Gyarados
|-damage|p2a: Gyarados|4/100
|-damage|p1a: Mimikyu|79/100|[from] item: Life Orb
|move|p2a: Gyarados|Bounce||[still]
|-prepare|p2a: Gyarados|Bounce|p1a: Mimikyu
|
|upkeep
|turn|7
|inactive|Diseasion has 120 seconds left.
|
|switch|p1a: Toxapex|Toxapex, M|100/100
|move|p2a: Gyarados|Bounce|p1a: Toxapex|[from]lockedmove
|-damage|p1a: Toxapex|57/100
|-status|p1a: Toxapex|par
|
|-heal|p1a: Toxapex|63/100 par|[from] item: Black Sludge
|upkeep
|turn|8
|
|move|p2a: Gyarados|Waterfall|p1a: Toxapex
|-resisted|p1a: Toxapex
|-crit|p1a: Toxapex
|-damage|p1a: Toxapex|36/100 par
|move|p1a: Toxapex|Toxic Spikes|p2a: Gyarados
|-sidestart|p2: cold.exe|move: Toxic Spikes
|
|-heal|p1a: Toxapex|43/100 par|[from] item: Black Sludge
|upkeep
|turn|9
|
|move|p1a: Toxapex|Baneful Bunker|p1a: Toxapex
|-singleturn|p1a: Toxapex|move: Protect
|move|p2a: Gyarados|Waterfall|p1a: Toxapex
|-activate|p1a: Toxapex|move: Protect
|-status|p2a: Gyarados|psn
|
|-heal|p1a: Toxapex|49/100 par|[from] item: Black Sludge
|-damage|p2a: Gyarados|0 fnt|[from] psn
|faint|p2a: Gyarados
|upkeep
|
|switch|p2a: Rotom|Rotom-Wash, shiny|100/100
|turn|10
|
|switch|p1a: Clefable|Clefable, F|100/100
|move|p2a: Rotom|Defog|p1a: Clefable
|-unboost|p1a: Clefable|evasion|1
|-sideend|p2: cold.exe|Toxic Spikes|[from] move: Defog|[of] p2a: Rotom
|
|upkeep
|turn|11
|
|move|p1a: Clefable|Grass Knot|p2a: Rotom
|-supereffective|p2a: Rotom
|-damage|p2a: Rotom|87/100
|move|p2a: Rotom|Will-O-Wisp|p1a: Clefable
|-status|p1a: Clefable|brn
|
|-heal|p2a: Rotom|93/100|[from] item: Leftovers
|-damage|p1a: Clefable|94/100 brn|[from] brn
|upkeep
|turn|12
|inactive|Diseasion has 120 seconds left.
|
|switch|p1a: Clefable|Clefable, F|100/100
|move|p2a: Rotom|Volt Switch|p1a: Clefable
|-damage|p1a: Clefable|76/100
|
|switch|p2a: Diggersby|Diggersby, M|100/100|[from]move: Volt Switch
|
|-heal|p1a: Clefable|82/100|[from] item: Leftovers
|upkeep
|turn|13
|inactive|Diseasion has 90 seconds left.
|
|move|p2a: Diggersby|Earthquake|p1a: Clefable
|-damage|p1a: Clefable|4/100
|move|p1a: Clefable|Moonblast|p2a: Diggersby
|-damage|p2a: Diggersby|54/100
|-unboost|p2a: Diggersby|spa|1
|
|-heal|p1a: Clefable|10/100|[from] item: Leftovers
|upkeep
|turn|14
|inactive|Diseasion has 90 seconds left.
|
|switch|p1a: Ditto|Ditto|100/100
|-transform|p1a: Ditto|p2a: Diggersby|[from] ability: Imposter
|move|p2a: Diggersby|Earthquake|p1a: Ditto
|-damage|p1a: Ditto|0 fnt
|faint|p1a: Ditto
|
|upkeep
|
|switch|p1a: Mimikyu|Mimikyu-Busted, M|79/100
|turn|15
|
|switch|p2a: Rotom|Rotom-Wash, shiny|93/100
|move|p1a: Mimikyu|Drain Punch|p2a: Rotom
|-damage|p2a: Rotom|74/100
|-heal|p1a: Mimikyu|88/100|[from] drain|[of] p2a: Rotom
|-damage|p1a: Mimikyu|78/100|[from] item: Life Orb
|
|-heal|p2a: Rotom|80/100|[from] item: Leftovers
|upkeep
|turn|16
|
|move|p1a: Mimikyu|Swords Dance|p1a: Mimikyu
|-boost|p1a: Mimikyu|atk|2
|move|p2a: Rotom|Will-O-Wisp|p1a: Mimikyu
|-status|p1a: Mimikyu|brn
|
|-heal|p2a: Rotom|87/100|[from] item: Leftovers
|-damage|p1a: Mimikyu|72/100 brn|[from] brn
|upkeep
|turn|17
|
|move|p1a: Mimikyu|Swords Dance|p1a: Mimikyu
|-boost|p1a: Mimikyu|atk|2
|move|p2a: Rotom|Hex|p1a: Mimikyu
|-supereffective|p1a: Mimikyu
|-damage|p1a: Mimikyu|7/100 brn
|
|-heal|p2a: Rotom|93/100|[from] item: Leftovers
|-damage|p1a: Mimikyu|0 fnt|[from] brn
|faint|p1a: Mimikyu
|upkeep
|
|switch|p1a: Clefable|Clefable, F|94/100 brn
|turn|18
|
|move|p1a: Clefable|Grass Knot|p2a: Rotom
|-supereffective|p2a: Rotom
|-damage|p2a: Rotom|78/100
|move|p2a: Rotom|Volt Switch|p1a: Clefable
|-damage|p1a: Clefable|68/100 brn
|replace|p1a: Undetectable|Zoroark, F
|-end|p1a: Undetectable|Illusion
|inactive|cold.exe has 120 seconds left.
|
|switch|p2a: Hydreigon|Hydreigon, M|100/100|[from]move: Volt Switch
|
|-damage|p1a: Undetectable|62/100 brn|[from] brn
|upkeep
|turn|19
|
|switch|p1a: Toxapex|Toxapex, M|82/100 par
|move|p2a: Hydreigon|Draco Meteor|p1a: Toxapex|[miss]
|-miss|p2a: Hydreigon|p1a: Toxapex
|
|-heal|p1a: Toxapex|88/100 par|[from] item: Black Sludge
|upkeep
|turn|20
|
|move|p2a: Hydreigon|Draco Meteor|p1a: Toxapex
|-damage|p1a: Toxapex|24/100 par
|-unboost|p2a: Hydreigon|spa|2
|-damage|p2a: Hydreigon|91/100|[from] item: Life Orb
|move|p1a: Toxapex|Toxic Spikes|p2a: Hydreigon
|-sidestart|p2: cold.exe|move: Toxic Spikes
|
|-heal|p1a: Toxapex|30/100 par|[from] item: Black Sludge
|upkeep
|turn|21
|inactive|Diseasion has 120 seconds left.
|
|switch|p1a: Clefable|Clefable, F|10/100
|move|p2a: Hydreigon|Nasty Plot|p2a: Hydreigon
|-boost|p2a: Hydreigon|spa|2
|
|-heal|p1a: Clefable|16/100|[from] item: Leftovers
|upkeep
|turn|22
|
|move|p2a: Hydreigon|Flash Cannon|p1a: Clefable
|-supereffective|p1a: Clefable
|-damage|p1a: Clefable|0 fnt
|-damage|p2a: Hydreigon|81/100|[from] item: Life Orb
|faint|p1a: Clefable
|
|upkeep
|
|switch|p1a: Toxapex|Toxapex, M|63/100 par
|turn|23
|
|cant|p1a: Toxapex|par
|move|p2a: Hydreigon|Draco Meteor|p1a: Toxapex
|-damage|p1a: Toxapex|8/100 par
|-unboost|p2a: Hydreigon|spa|2
|-damage|p2a: Hydreigon|71/100|[from] item: Life Orb
|
|-heal|p1a: Toxapex|14/100 par|[from] item: Black Sludge
|upkeep
|turn|24
|-message|Diseasion forfeited.
|
|win|cold.exe
|l|☆Diseasion
||Ladder (probably) updated, but score could not be retrieved (Request timeout).
