|j|☆smollest brian
|j|☆Phillip Blevin
|t:|1667493031
|gametype|singles
|player|p1|smollest brian|sonia|1681
|player|p2|Phillip Blevin|266|1643
|teamsize|p1|6
|teamsize|p2|6
|gen|8
|tier|[Gen 8] OU
|rated|
|rule|Sleep Clause Mod: Limit one foe put to sleep
|rule|Species Clause: Limit one of each Pokémon
|rule|OHKO Clause: OHKO moves are banned
|rule|Evasion Items Clause: Evasion items are banned
|rule|Evasion Moves Clause: Evasion moves are banned
|rule|Endless Battle Clause: Forcing endless battles is banned
|rule|HP Percentage Mod: HP is shown in percentages
|rule|Dynamax Clause: You cannot dynamax
|clearpoke
|poke|p1|Hatterene, F|
|poke|p1|Weavile, F|
|poke|p1|Gastrodon-East, M|
|poke|p1|Victini|
|poke|p1|Corviknight, F|
|poke|p1|Buzzwole|
|poke|p2|Slurpuff, F|
|poke|p2|Volcarona, F|
|poke|p2|Excadrill, F|
|poke|p2|Weavile, M|
|poke|p2|Gengar, F|
|poke|p2|Zapdos|
|teampreview
|inactive|Battle timer is ON: inactive players will automatically lose when time's up. (requested by Phillip Blevin)
|
|t:|1667493039
|start
|switch|p1a: Hatterene|Hatterene, F|100/100
|switch|p2a: Weavile|Weavile, M|100/100
|turn|1
|
|t:|1667493043
|switch|p1a: Buzzwole|Buzzwole|100/100
|move|p2a: Weavile|Knock Off|p1a: Buzzwole
|-resisted|p1a: Buzzwole
|-damage|p1a: Buzzwole|88/100
|-enditem|p1a: Buzzwole|Heavy-Duty Boots|[from] move: Knock Off|[of] p2a: Weavile
|
|upkeep
|turn|2
|
|t:|1667493049
|switch|p2a: Slurpuff|Slurpuff, F|100/100
|move|p1a: Buzzwole|Ice Punch|p2a: Slurpuff
|-damage|p2a: Slurpuff|67/100
|
|upkeep
|turn|3
|
|t:|1667493053
|switch|p1a: Hatterene|Hatterene, F|100/100
|move|p2a: Slurpuff|Sticky Web|p1a: Hatterene
|move|p1a: Hatterene|Sticky Web|p2a: Slurpuff|[from]ability: Magic Bounce
|-sidestart|p2: Phillip Blevin|move: Sticky Web
|
|upkeep
|turn|4
|
|t:|1667493058
|move|p2a: Slurpuff|Draining Kiss|p1a: Hatterene
|-damage|p1a: Hatterene|81/100
|-heal|p2a: Slurpuff|82/100|[from] drain|[of] p1a: Hatterene
|move|p1a: Hatterene|Calm Mind|p1a: Hatterene
|-boost|p1a: Hatterene|spa|1
|-boost|p1a: Hatterene|spd|1
|
|-heal|p1a: Hatterene|87/100|[from] item: Leftovers
|upkeep
|turn|5
|
|t:|1667493060
|move|p2a: Slurpuff|Draining Kiss|p1a: Hatterene
|-damage|p1a: Hatterene|74/100
|-heal|p2a: Slurpuff|93/100|[from] drain|[of] p1a: Hatterene
|move|p1a: Hatterene|Calm Mind|p1a: Hatterene
|-boost|p1a: Hatterene|spa|1
|-boost|p1a: Hatterene|spd|1
|
|-heal|p1a: Hatterene|80/100|[from] item: Leftovers
|upkeep
|turn|6
|
|t:|1667493062
|move|p2a: Slurpuff|Draining Kiss|p1a: Hatterene
|-damage|p1a: Hatterene|69/100
|-heal|p2a: Slurpuff|100/100|[from] drain|[of] p1a: Hatterene
|move|p1a: Hatterene|Draining Kiss|p2a: Slurpuff
|-damage|p2a: Slurpuff|42/100
|-heal|p1a: Hatterene|100/100|[from] drain|[of] p2a: Slurpuff
|
|upkeep
|turn|7
|
|t:|1667493066
|move|p2a: Slurpuff|Endeavor|p1a: Hatterene
|-damage|p1a: Hatterene|40/100
|move|p1a: Hatterene|Draining Kiss|p2a: Slurpuff
|-damage|p2a: Slurpuff|0 fnt
|-heal|p1a: Hatterene|70/100|[from] drain|[of] p2a: Slurpuff
|faint|p2a: Slurpuff
|
|-heal|p1a: Hatterene|76/100|[from] item: Leftovers
|upkeep
|
|t:|1667493071
|switch|p2a: Zapdos|Zapdos|100/100
|turn|8
|
|t:|1667493075
|move|p2a: Zapdos|Hurricane|p1a: Hatterene
|-damage|p1a: Hatterene|41/100
|-damage|p2a: Zapdos|91/100|[from] item: Life Orb
|move|p1a: Hatterene|Draining Kiss|p2a: Zapdos
|-damage|p2a: Zapdos|35/100
|-heal|p1a: Hatterene|83/100|[from] drain|[of] p2a: Zapdos
|
|-heal|p1a: Hatterene|89/100|[from] item: Leftovers
|upkeep
|turn|9
|
|t:|1667493080
|move|p2a: Zapdos|Hurricane|p1a: Hatterene|[miss]
|-miss|p2a: Zapdos|p1a: Hatterene
|move|p1a: Hatterene|Draining Kiss|p2a: Zapdos
|-damage|p2a: Zapdos|0 fnt
|-heal|p1a: Hatterene|100/100|[from] drain|[of] p2a: Zapdos
|faint|p2a: Zapdos
|
|upkeep
|
|t:|1667493086
|switch|p2a: Weavile|Weavile, M|100/100
|-activate|p2a: Weavile|move: Sticky Web
|-unboost|p2a: Weavile|spe|1
|turn|10
|
|t:|1667493090
|move|p2a: Weavile|Knock Off|p1a: Hatterene
|-damage|p1a: Hatterene|60/100
|-enditem|p1a: Hatterene|Leftovers|[from] move: Knock Off|[of] p2a: Weavile
|move|p1a: Hatterene|Draining Kiss|p2a: Weavile
|-supereffective|p2a: Weavile
|-crit|p2a: Weavile
|-enditem|p2a: Weavile|Focus Sash
|-damage|p2a: Weavile|1/100
|-heal|p1a: Hatterene|100/100|[from] drain|[of] p2a: Weavile
|
|upkeep
|turn|11
|
|t:|1667493095
|move|p2a: Weavile|Triple Axel|p1a: Hatterene
|-crit|p1a: Hatterene
|-damage|p1a: Hatterene|86/100
|-damage|p1a: Hatterene|69/100
|-damage|p1a: Hatterene|41/100
|-hitcount|p1a: Hatterene|3
|move|p1a: Hatterene|Draining Kiss|p2a: Weavile
|-supereffective|p2a: Weavile
|-damage|p2a: Weavile|0 fnt
|-heal|p1a: Hatterene|41/100|[from] drain|[of] p2a: Weavile
|faint|p2a: Weavile
|
|upkeep
|
|t:|1667493100
|switch|p2a: Excadrill|Excadrill, F|100/100
|-activate|p2a: Excadrill|move: Sticky Web
|-unboost|p2a: Excadrill|spe|1
|-ability|p2a: Excadrill|Mold Breaker
|turn|12
|
|t:|1667493104
|switch|p1a: Buzzwole|Buzzwole|88/100
|move|p2a: Excadrill|Iron Head|p1a: Buzzwole
|-damage|p1a: Buzzwole|68/100
|
|upkeep
|turn|13
|
|t:|1667493110
|move|p1a: Buzzwole|Close Combat|p2a: Excadrill
|-supereffective|p2a: Excadrill
|-damage|p2a: Excadrill|0 fnt
|-unboost|p1a: Buzzwole|def|1
|-unboost|p1a: Buzzwole|spd|1
|faint|p2a: Excadrill
|-ability|p1a: Buzzwole|Beast Boost|boost
|-boost|p1a: Buzzwole|def|1
|
|upkeep
|
|t:|1667493112
|switch|p2a: Gengar|Gengar, F|100/100
|-activate|p2a: Gengar|move: Sticky Web
|-unboost|p2a: Gengar|spe|1
|turn|14
|
|t:|1667493119
|move|p2a: Gengar|Nasty Plot|p2a: Gengar
|-boost|p2a: Gengar|spa|2
|move|p1a: Buzzwole|Earthquake|p2a: Gengar
|-supereffective|p2a: Gengar
|-enditem|p2a: Gengar|Focus Sash
|-damage|p2a: Gengar|1/100
|
|upkeep
|turn|15
|
|t:|1667493124
|move|p2a: Gengar|Shadow Ball|p1a: Buzzwole
|-damage|p1a: Buzzwole|0 fnt
|faint|p1a: Buzzwole
|
|upkeep
|
|t:|1667493126
|switch|p1a: Weavile|Weavile, F|100/100
|-ability|p1a: Weavile|Pressure
|turn|16
|
|t:|1667493128
|move|p1a: Weavile|Ice Shard|p2a: Gengar
|-damage|p2a: Gengar|0 fnt
|-start|p1a: Weavile|Disable|Ice Shard|[from] ability: Cursed Body|[of] p2a: Gengar
|faint|p2a: Gengar
|
|upkeep
|
|t:|1667493129
|switch|p2a: Volcarona|Volcarona, F|100/100
|-activate|p2a: Volcarona|move: Sticky Web
|-unboost|p2a: Volcarona|spe|1
|turn|17
|
|t:|1667493132
|switch|p1a: Gastrodon|Gastrodon-East, M|100/100
|move|p2a: Volcarona|Quiver Dance|p2a: Volcarona
|-boost|p2a: Volcarona|spa|1
|-boost|p2a: Volcarona|spd|1
|-boost|p2a: Volcarona|spe|1
|
|upkeep
|turn|18
|
|t:|1667493134
|move|p2a: Volcarona|Giga Drain|p1a: Gastrodon
|-supereffective|p1a: Gastrodon
|-damage|p1a: Gastrodon|11/100
|move|p1a: Gastrodon|Clear Smog|p2a: Volcarona
|-crit|p2a: Volcarona
|-damage|p2a: Volcarona|86/100
|-clearboost|p2a: Volcarona
|
|-heal|p2a: Volcarona|92/100|[from] item: Leftovers
|-heal|p1a: Gastrodon|17/100|[from] item: Leftovers
|upkeep
|turn|19
|
|t:|1667493138
|move|p2a: Volcarona|Giga Drain|p1a: Gastrodon
|-supereffective|p1a: Gastrodon
|-damage|p1a: Gastrodon|0 fnt
|-heal|p2a: Volcarona|100/100|[from] drain|[of] p1a: Gastrodon
|faint|p1a: Gastrodon
|
|upkeep
|
|t:|1667493141
|switch|p1a: Victini|Victini|100/100
|turn|20
|
|t:|1667493143
|move|p1a: Victini|Blue Flare|p2a: Volcarona
|-damage|p2a: Volcarona|14/100
|move|p2a: Volcarona|Quiver Dance|p2a: Volcarona
|-boost|p2a: Volcarona|spa|1
|-boost|p2a: Volcarona|spd|1
|-boost|p2a: Volcarona|spe|1
|
|-heal|p2a: Volcarona|21/100|[from] item: Leftovers
|upkeep
|turn|21
|
|t:|1667493146
|move|p2a: Volcarona|Roost|p2a: Volcarona
|-heal|p2a: Volcarona|71/100
|-singleturn|p2a: Volcarona|move: Roost
|move|p1a: Victini|Blue Flare|p2a: Volcarona
|-damage|p2a: Volcarona|17/100
|
|-heal|p2a: Volcarona|23/100|[from] item: Leftovers
|upkeep
|turn|22
|
|t:|1667493150
|move|p2a: Volcarona|Roost|p2a: Volcarona
|-heal|p2a: Volcarona|73/100
|-singleturn|p2a: Volcarona|move: Roost
|move|p1a: Victini|Blue Flare|p2a: Volcarona
|-damage|p2a: Volcarona|15/100
|
|-heal|p2a: Volcarona|21/100|[from] item: Leftovers
|upkeep
|turn|23
|
|t:|1667493153
|move|p2a: Volcarona|Roost|p2a: Volcarona
|-heal|p2a: Volcarona|71/100
|-singleturn|p2a: Volcarona|move: Roost
|move|p1a: Victini|Blue Flare|p2a: Volcarona
|-damage|p2a: Volcarona|17/100
|
|-heal|p2a: Volcarona|23/100|[from] item: Leftovers
|upkeep
|turn|24
|
|t:|1667493156
|move|p2a: Volcarona|Roost|p2a: Volcarona
|-heal|p2a: Volcarona|73/100
|-singleturn|p2a: Volcarona|move: Roost
|move|p1a: Victini|Blue Flare|p2a: Volcarona
|-damage|p2a: Volcarona|22/100
|
|-heal|p2a: Volcarona|28/100|[from] item: Leftovers
|upkeep
|turn|25
|
|t:|1667493158
|move|p2a: Volcarona|Roost|p2a: Volcarona
|-heal|p2a: Volcarona|78/100
|-singleturn|p2a: Volcarona|move: Roost
|move|p1a: Victini|Blue Flare|p2a: Volcarona
|-damage|p2a: Volcarona|28/100
|
|-heal|p2a: Volcarona|34/100|[from] item: Leftovers
|upkeep
|turn|26
|
|t:|1667493160
|move|p2a: Volcarona|Roost|p2a: Volcarona
|-heal|p2a: Volcarona|84/100
|-singleturn|p2a: Volcarona|move: Roost
|move|p1a: Victini|Blue Flare|p2a: Volcarona
|-damage|p2a: Volcarona|28/100
|
|-heal|p2a: Volcarona|34/100|[from] item: Leftovers
|upkeep
|turn|27
|
|t:|1667493162
|move|p2a: Volcarona|Roost|p2a: Volcarona
|-heal|p2a: Volcarona|84/100
|-singleturn|p2a: Volcarona|move: Roost
|move|p1a: Victini|Blue Flare|p2a: Volcarona
|-damage|p2a: Volcarona|27/100
|
|-heal|p2a: Volcarona|33/100|[from] item: Leftovers
|upkeep
|turn|28
|
|t:|1667493168
|switch|p1a: Corviknight|Corviknight, F, shiny|100/100
|move|p2a: Volcarona|Fire Blast|p1a: Corviknight
|-supereffective|p1a: Corviknight
|-damage|p1a: Corviknight|0 fnt
|faint|p1a: Corviknight
|
|-heal|p2a: Volcarona|40/100|[from] item: Leftovers
|upkeep
|
|t:|1667493173
|switch|p1a: Weavile|Weavile, F|100/100
|-ability|p1a: Weavile|Pressure
|turn|29
|
|t:|1667493176
|move|p2a: Volcarona|Fire Blast|p1a: Weavile
|-supereffective|p1a: Weavile
|-damage|p1a: Weavile|0 fnt
|faint|p1a: Weavile
|
|-heal|p2a: Volcarona|46/100|[from] item: Leftovers
|upkeep
|
|t:|1667493179
|switch|p1a: Hatterene|Hatterene, F|41/100
|turn|30
|
|t:|1667493182
|move|p2a: Volcarona|Giga Drain|p1a: Hatterene
|-crit|p1a: Hatterene
|-damage|p1a: Hatterene|0 fnt
|-heal|p2a: Volcarona|63/100|[from] drain|[of] p1a: Hatterene
|faint|p1a: Hatterene
|
|-heal|p2a: Volcarona|69/100|[from] item: Leftovers
|upkeep
|-message|smollest brian forfeited.
|
|win|Phillip Blevin
|raw|smollest brian's rating: 1681 &rarr; <strong>1659</strong><br />(-22 for losing)
|raw|Phillip Blevin's rating: 1643 &rarr; <strong>1665</strong><br />(+22 for winning)
|l|☆smollest brian
|c|☆Phillip Blevin|gg
||Ladder isn't responding, score probably updated but might not have (Request timeout).
