|j|☆Elkevin2004
|j|☆Sombra Diurna
|t:|1644584230
|gametype|singles
|player|p1|Elkevin2004|101|1588
|player|p2|Sombra Diurna|chili|1707
|teamsize|p1|6
|teamsize|p2|6
|gen|8
|tier|[Gen 8] OU
|rated|
|rule|Sleep Clause Mod: Limit one foe put to sleep
|rule|Species Clause: Limit one of each Pokémon
|rule|OHKO Clause: OHKO moves are banned
|rule|Evasion Moves Clause: Evasion moves are banned
|rule|Endless Battle Clause: Forcing endless battles is banned
|rule|HP Percentage Mod: HP is shown in percentages
|rule|Dynamax Clause: You cannot dynamax
|clearpoke
|poke|p1|Aegislash, M|
|poke|p1|Tyranitar, F|
|poke|p1|Weezing-Galar, F|
|poke|p1|Hatterene, F|
|poke|p1|Garchomp, M|
|poke|p1|Rotom-Wash|
|poke|p2|Slowbro, F|
|poke|p2|Hatterene, F|
|poke|p2|Marowak-Alola, F|
|poke|p2|Ferrothorn, M|
|poke|p2|Garchomp, M|
|poke|p2|Drampa, F|
|teampreview
|
|t:|1644584243
|start
|switch|p1a: Aegislash|Aegislash, M|100/100
|switch|p2a: Sharpo|Garchomp, M|100/100
|turn|1
|
|t:|1644584250
|switch|p1a: Weezing|Weezing-Galar, F|100/100
|move|p2a: Sharpo|Earthquake|p1a: Weezing
|-immune|p1a: Weezing|[from] ability: Levitate
|
|upkeep
|turn|2
|inactive|Battle timer is ON: inactive players will automatically lose when time's up. (requested by Elkevin2004)
|
|t:|1644584269
|switch|p2a: Hatterene|Hatterene, F|100/100
|move|p1a: Weezing|Toxic Spikes|p2a: Hatterene
|move|p2a: Hatterene|Toxic Spikes|p1a: Weezing|[from]ability: Magic Bounce
|-sidestart|p1: Elkevin2004|move: Toxic Spikes
|
|upkeep
|turn|3
|
|t:|1644584277
|switch|p1a: Aegislash|Aegislash, M|100/100
|move|p2a: Hatterene|Trick Room|p2a: Hatterene
|-fieldstart|move: Trick Room|[of] p2a: Hatterene
|
|upkeep
|turn|4
|
|t:|1644584283
|switch|p2a: Falko|Drampa, F|100/100
|move|p1a: Aegislash|Substitute|p1a: Aegislash
|-start|p1a: Aegislash|Substitute
|-damage|p1a: Aegislash|75/100
|
|-heal|p1a: Aegislash|82/100|[from] item: Leftovers
|upkeep
|turn|5
|
|t:|1644584293
|switch|p2a: Thorns|Ferrothorn, M|100/100
|move|p1a: Aegislash|Toxic|p2a: Thorns|[miss]
|-miss|p1a: Aegislash|p2a: Thorns
|
|-heal|p1a: Aegislash|88/100|[from] item: Leftovers
|upkeep
|turn|6
|
|t:|1644584303
|switch|p1a: Weezing|Weezing-Galar, F|100/100
|move|p2a: Thorns|Leech Seed|p1a: Weezing
|-start|p1a: Weezing|move: Leech Seed
|
|-damage|p1a: Weezing|88/100|[from] Leech Seed|[of] p2a: Thorns
|upkeep
|turn|7
|
|t:|1644584311
|switch|p1a: Aegislash|Aegislash, M|88/100
|move|p2a: Thorns|Gyro Ball|p1a: Aegislash
|-resisted|p1a: Aegislash
|-damage|p1a: Aegislash|76/100
|
|-heal|p1a: Aegislash|82/100|[from] item: Leftovers
|-fieldend|move: Trick Room
|upkeep
|turn|8
|j| zhengxd
|
|t:|1644584326
|switch|p1a: Weezing|Weezing-Galar, F|88/100
|move|p2a: Thorns|Power Whip|p1a: Weezing
|-resisted|p1a: Weezing
|-damage|p1a: Weezing|74/100
|-damage|p2a: Thorns|84/100|[from] item: Rocky Helmet|[of] p1a: Weezing
|
|-heal|p2a: Thorns|90/100|[from] item: Leftovers
|upkeep
|turn|9
|
|t:|1644584341
|switch|p1a: Rotom|Rotom-Wash|100/100
|switch|p2a: Hatterene|Hatterene, F|100/100
|
|upkeep
|turn|10
|
|t:|1644584348
|move|p1a: Rotom|Volt Switch|p2a: Hatterene
|-damage|p2a: Hatterene|82/100
|
|t:|1644584352
|switch|p1a: Aegislash|Aegislash, M|82/100|[from]move: Volt Switch
|move|p2a: Hatterene|Trick Room|p2a: Hatterene
|-fieldstart|move: Trick Room|[of] p2a: Hatterene
|
|-heal|p1a: Aegislash|88/100|[from] item: Leftovers
|upkeep
|turn|11
|
|t:|1644584360
|move|p2a: Hatterene|Mystical Fire|p1a: Aegislash
|-supereffective|p1a: Aegislash
|-damage|p1a: Aegislash|60/100
|-unboost|p1a: Aegislash|spa|1
|move|p1a: Aegislash|Substitute|p1a: Aegislash
|-start|p1a: Aegislash|Substitute
|-damage|p1a: Aegislash|35/100
|
|-heal|p1a: Aegislash|42/100|[from] item: Leftovers
|upkeep
|turn|12
|
|t:|1644584370
|move|p2a: Hatterene|Mystical Fire|p1a: Aegislash
|-supereffective|p1a: Aegislash
|-end|p1a: Aegislash|Substitute
|-formechange|p1a: Aegislash|Aegislash-Blade||[from] ability: Stance Change
|move|p1a: Aegislash|Shadow Ball|p2a: Hatterene
|-supereffective|p2a: Hatterene
|-enditem|p2a: Hatterene|Kasib Berry|[eat]
|-enditem|p2a: Hatterene|Kasib Berry|[weaken]
|-damage|p2a: Hatterene|63/100
|-unboost|p2a: Hatterene|spd|1
|
|-heal|p1a: Aegislash|48/100|[from] item: Leftovers
|upkeep
|turn|13
|
|t:|1644584386
|switch|p1a: Rotom|Rotom-Wash|100/100
|move|p2a: Hatterene|Mystical Fire|p1a: Rotom
|-resisted|p1a: Rotom
|-damage|p1a: Rotom|89/100
|-unboost|p1a: Rotom|spa|1
|
|-heal|p1a: Rotom|95/100|[from] item: Leftovers
|upkeep
|turn|14
|
|t:|1644584397
|move|p2a: Hatterene|Draining Kiss|p1a: Rotom
|-damage|p1a: Rotom|73/100
|-heal|p2a: Hatterene|78/100|[from] drain|[of] p1a: Rotom
|move|p1a: Rotom|Volt Switch|p2a: Hatterene
|-damage|p2a: Hatterene|60/100
|
|t:|1644584403
|switch|p1a: Aegislash|Aegislash, M|48/100|[from]move: Volt Switch
|
|-heal|p1a: Aegislash|54/100|[from] item: Leftovers
|-fieldend|move: Trick Room
|upkeep
|turn|15
|
|t:|1644584410
|switch|p2a: Falko|Drampa, F|100/100
|move|p1a: Aegislash|Substitute|p1a: Aegislash
|-start|p1a: Aegislash|Substitute
|-damage|p1a: Aegislash|29/100
|
|-heal|p1a: Aegislash|35/100|[from] item: Leftovers
|upkeep
|turn|16
|
|t:|1644584423
|switch|p2a: Thorns|Ferrothorn, M|90/100
|-formechange|p1a: Aegislash|Aegislash-Blade||[from] ability: Stance Change
|move|p1a: Aegislash|Close Combat|p2a: Thorns
|-supereffective|p2a: Thorns
|-damage|p2a: Thorns|29/100
|-unboost|p1a: Aegislash|def|1
|-unboost|p1a: Aegislash|spd|1
|-damage|p1a: Aegislash|23/100|[from] ability: Iron Barbs|[of] p2a: Thorns
|
|-heal|p1a: Aegislash|29/100|[from] item: Leftovers
|-heal|p2a: Thorns|35/100|[from] item: Leftovers
|upkeep
|turn|17
|
|t:|1644584443
|switch|p2a: Sharpo|Garchomp, M|100/100
|move|p1a: Aegislash|Shadow Ball|p2a: Sharpo
|-damage|p2a: Sharpo|61/100
|
|-heal|p2a: Sharpo|67/100|[from] item: Leftovers
|-heal|p1a: Aegislash|35/100|[from] item: Leftovers
|upkeep
|turn|18
|
|t:|1644584454
|move|p2a: Sharpo|Earthquake|p1a: Aegislash
|-supereffective|p1a: Aegislash
|-end|p1a: Aegislash|Substitute
|move|p1a: Aegislash|Toxic|p2a: Sharpo
|-status|p2a: Sharpo|tox
|
|-heal|p2a: Sharpo|73/100 tox|[from] item: Leftovers
|-heal|p1a: Aegislash|41/100|[from] item: Leftovers
|-damage|p2a: Sharpo|67/100 tox|[from] psn
|upkeep
|turn|19
|
|t:|1644584465
|switch|p2a: Hatterene|Hatterene, F|60/100
|switch|p1a: Weezing|Weezing-Galar, F|74/100
|
|upkeep
|turn|20
|
|t:|1644584472
|move|p1a: Weezing|Defog|p2a: Hatterene
|move|p2a: Hatterene|Defog|p1a: Weezing|[from]ability: Magic Bounce
|-unboost|p1a: Weezing|evasion|1
|-sideend|p1: Elkevin2004|Toxic Spikes|[from] move: Defog|[of] p2a: Hatterene
|move|p2a: Hatterene|Trick Room|p2a: Hatterene
|-fieldstart|move: Trick Room|[of] p2a: Hatterene
|
|upkeep
|turn|21
|
|t:|1644584487
|switch|p2a: Falko|Drampa, F|100/100
|switch|p1a: Tyranitar|Tyranitar, F|100/100
|-weather|Sandstorm|[from] ability: Sand Stream|[of] p1a: Tyranitar
|
|-weather|Sandstorm|[upkeep]
|-damage|p2a: Falko|94/100|[from] Sandstorm
|upkeep
|turn|22
|
|t:|1644584495
|switch|p1a: Weezing|Weezing-Galar, F|74/100
|move|p2a: Falko|Focus Blast|p1a: Weezing
|-resisted|p1a: Weezing
|-damage|p1a: Weezing|57/100
|-damage|p2a: Falko|85/100|[from] item: Life Orb
|
|-weather|Sandstorm|[upkeep]
|-damage|p2a: Falko|78/100|[from] Sandstorm
|-damage|p1a: Weezing|51/100|[from] Sandstorm
|upkeep
|turn|23
|
|t:|1644584507
|switch|p1a: Aegislash|Aegislash, M|41/100
|move|p2a: Falko|Hyper Voice|p1a: Aegislash
|-immune|p1a: Aegislash
|
|-weather|Sandstorm|[upkeep]
|-damage|p2a: Falko|72/100|[from] Sandstorm
|-heal|p1a: Aegislash|47/100|[from] item: Leftovers
|upkeep
|turn|24
|
|t:|1644584517
|move|p2a: Falko|Thunderbolt|p1a: Aegislash
|-damage|p1a: Aegislash|21/100
|-damage|p2a: Falko|63/100|[from] item: Life Orb
|move|p1a: Aegislash|Substitute|p1a: Aegislash
|-fail|p1a: Aegislash|move: Substitute|[weak]
|
|-weather|Sandstorm|[upkeep]
|-damage|p2a: Falko|56/100|[from] Sandstorm
|-heal|p1a: Aegislash|27/100|[from] item: Leftovers
|-fieldend|move: Trick Room
|upkeep
|turn|25
|
|t:|1644584529
|move|p1a: Aegislash|Substitute|p1a: Aegislash
|-start|p1a: Aegislash|Substitute
|-damage|p1a: Aegislash|2/100
|move|p2a: Falko|Thunderbolt|p1a: Aegislash
|-end|p1a: Aegislash|Substitute
|-damage|p2a: Falko|47/100|[from] item: Life Orb
|
|-weather|none
|-heal|p1a: Aegislash|8/100|[from] item: Leftovers
|upkeep
|turn|26
|
|t:|1644584539
|switch|p2a: Thorns|Ferrothorn, M|35/100
|-formechange|p1a: Aegislash|Aegislash-Blade||[from] ability: Stance Change
|move|p1a: Aegislash|Shadow Ball|p2a: Thorns
|-damage|p2a: Thorns|10/100
|
|-heal|p1a: Aegislash|14/100|[from] item: Leftovers
|-heal|p2a: Thorns|16/100|[from] item: Leftovers
|upkeep
|turn|27
|j| Sixty6sixshit
|
|t:|1644584550
|switch|p2a: Falko|Drampa, F|47/100
|move|p1a: Aegislash|Shadow Ball|p2a: Falko
|-immune|p2a: Falko
|
|-heal|p1a: Aegislash|21/100|[from] item: Leftovers
|upkeep
|turn|28
|
|t:|1644584563
|switch|p2a: Thorns|Ferrothorn, M|16/100
|move|p1a: Aegislash|Close Combat|p2a: Thorns
|-supereffective|p2a: Thorns
|-damage|p2a: Thorns|0 fnt
|-unboost|p1a: Aegislash|def|1
|-unboost|p1a: Aegislash|spd|1
|-damage|p1a: Aegislash|8/100|[from] ability: Iron Barbs|[of] p2a: Thorns
|faint|p2a: Thorns
|
|-heal|p1a: Aegislash|14/100|[from] item: Leftovers
|upkeep
|
|t:|1644584574
|switch|p2a: Sharpo|Garchomp, M|67/100 tox
|turn|29
|
|t:|1644584582
|switch|p1a: Weezing|Weezing-Galar, F|51/100
|move|p2a: Sharpo|Swords Dance|p2a: Sharpo
|-boost|p2a: Sharpo|atk|2
|
|-heal|p2a: Sharpo|73/100 tox|[from] item: Leftovers
|-damage|p2a: Sharpo|67/100 tox|[from] psn
|upkeep
|turn|30
|
|t:|1644584592
|move|p2a: Sharpo|Stone Edge|p1a: Weezing
|-damage|p1a: Weezing|0 fnt
|faint|p1a: Weezing
|
|-heal|p2a: Sharpo|73/100 tox|[from] item: Leftovers
|-damage|p2a: Sharpo|61/100 tox|[from] psn
|upkeep
|
|t:|1644584601
|switch|p1a: Hatterene|Hatterene, F|100/100
|turn|31
|
|t:|1644584604
|move|p2a: Sharpo|Earthquake|p1a: Hatterene
|-damage|p1a: Hatterene|13/100
|move|p1a: Hatterene|Draining Kiss|p2a: Sharpo
|-supereffective|p2a: Sharpo
|-damage|p2a: Sharpo|14/100 tox
|-heal|p1a: Hatterene|52/100|[from] drain|[of] p2a: Sharpo
|-damage|p1a: Hatterene|40/100|[from] ability: Rough Skin|[of] p2a: Sharpo
|
|-heal|p2a: Sharpo|20/100 tox|[from] item: Leftovers
|-heal|p1a: Hatterene|46/100|[from] item: Leftovers
|-damage|p2a: Sharpo|2/100 tox|[from] psn
|upkeep
|turn|32
|
|t:|1644584618
|switch|p2a: Hatterene|Hatterene, F|60/100
|switch|p1a: Rotom|Rotom-Wash|73/100
|
|-heal|p1a: Rotom|79/100|[from] item: Leftovers
|upkeep
|turn|33
|
|t:|1644584628
|move|p1a: Rotom|Volt Switch|p2a: Hatterene
|-damage|p2a: Hatterene|39/100
|
|t:|1644584631
|switch|p1a: Tyranitar|Tyranitar, F|100/100|[from]move: Volt Switch
|-weather|Sandstorm|[from] ability: Sand Stream|[of] p1a: Tyranitar
|move|p2a: Hatterene|Trick Room|p2a: Hatterene
|-fieldstart|move: Trick Room|[of] p2a: Hatterene
|
|-weather|Sandstorm|[upkeep]
|-damage|p2a: Hatterene|34/100|[from] Sandstorm
|upkeep
|turn|34
|
|t:|1644584641
|move|p2a: Hatterene|Healing Wish|p2a: Hatterene
|faint|p2a: Hatterene
|move|p1a: Tyranitar|Crunch|p2: Hatterene|[notarget]
|-fail|p1a: Tyranitar
|
|-weather|Sandstorm|[upkeep]
|upkeep
|
|t:|1644584657
|switch|p2a: Billy B.|Marowak-Alola, F|100/100
|turn|35
|
|t:|1644584664
|switch|p1a: Rotom|Rotom-Wash|79/100
|move|p2a: Billy B.|Substitute|p2a: Billy B.
|-start|p2a: Billy B.|Substitute
|-damage|p2a: Billy B.|76/100
|
|-weather|Sandstorm|[upkeep]
|-damage|p2a: Billy B.|70/100|[from] Sandstorm
|-damage|p1a: Rotom|73/100|[from] Sandstorm
|-heal|p1a: Rotom|79/100|[from] item: Leftovers
|upkeep
|turn|36
|
|t:|1644584676
|switch|p1a: Tyranitar|Tyranitar, F|100/100
|move|p2a: Billy B.|Poltergeist|p1a: Tyranitar
|-activate|p1a: Tyranitar|move: Poltergeist|Choice Band
|-resisted|p1a: Tyranitar
|-damage|p1a: Tyranitar|60/100
|
|-weather|Sandstorm|[upkeep]
|-damage|p2a: Billy B.|63/100|[from] Sandstorm
|upkeep
|turn|37
|
|t:|1644584693
|switch|p1a: Rotom|Rotom-Wash|79/100
|move|p2a: Billy B.|Flare Blitz|p1a: Rotom
|-resisted|p1a: Rotom
|-damage|p1a: Rotom|26/100
|-status|p1a: Rotom|brn
|
|-weather|none
|-heal|p1a: Rotom|33/100 brn|[from] item: Leftovers
|-damage|p1a: Rotom|26/100 brn|[from] brn
|-fieldend|move: Trick Room
|upkeep
|turn|38
|inactive|Sombra Diurna has 120 seconds left.
|
|t:|1644584724
|switch|p1a: Tyranitar|Tyranitar, F|60/100
|-weather|Sandstorm|[from] ability: Sand Stream|[of] p1a: Tyranitar
|move|p2a: Billy B.|Poltergeist|p1a: Tyranitar|[miss]
|-miss|p2a: Billy B.|p1a: Tyranitar
|
|-weather|Sandstorm|[upkeep]
|-damage|p2a: Billy B.|57/100|[from] Sandstorm
|upkeep
|turn|39
|c|☆Sombra Diurna|of curse
|inactive|Sombra Diurna has 120 seconds left.
|
|t:|1644584735
|move|p1a: Tyranitar|Rock Blast|p2a: Billy B.
|-supereffective|p2a: Billy B.
|-end|p2a: Billy B.|Substitute
|-supereffective|p2a: Billy B.
|-damage|p2a: Billy B.|18/100
|-supereffective|p2a: Billy B.
|-damage|p2a: Billy B.|0 fnt
|faint|p2a: Billy B.
|-hitcount|p2: Billy B.|3
|
|-weather|Sandstorm|[upkeep]
|upkeep
|inactive|Sombra Diurna has 120 seconds left.
|
|t:|1644584743
|switch|p2a: Sharpo|Garchomp, M|2/100 tox
|-heal|p2a: Sharpo|100/100|[from] move: Healing Wish
|turn|40
|
|t:|1644584752
|switch|p1a: Garchomp|Garchomp, M|100/100
|move|p2a: Sharpo|Swords Dance|p2a: Sharpo
|-boost|p2a: Sharpo|atk|2
|
|-weather|Sandstorm|[upkeep]
|upkeep
|turn|41
|
|t:|1644584760
|move|p2a: Sharpo|Scale Shot|p1a: Garchomp
|-supereffective|p1a: Garchomp
|-damage|p1a: Garchomp|64/100
|-supereffective|p1a: Garchomp
|-damage|p1a: Garchomp|28/100
|-supereffective|p1a: Garchomp
|-damage|p1a: Garchomp|0 fnt
|faint|p1a: Garchomp
|-hitcount|p1: Garchomp|3
|-unboost|p2a: Sharpo|def|1
|-boost|p2a: Sharpo|spe|1
|
|-weather|Sandstorm|[upkeep]
|upkeep
|
|t:|1644584780
|switch|p1a: Rotom|Rotom-Wash|26/100 brn
|turn|42
|
|t:|1644584785
|move|p2a: Sharpo|Scale Shot|p1a: Rotom
|-damage|p1a: Rotom|0 fnt
|faint|p1a: Rotom
|-hitcount|p1: Rotom|1
|-unboost|p2a: Sharpo|def|1
|-boost|p2a: Sharpo|spe|1
|
|-weather|none
|upkeep
|c|☆Sombra Diurna|gg
|
|t:|1644584794
|switch|p1a: Hatterene|Hatterene, F|46/100
|turn|43
|
|t:|1644584797
|move|p2a: Sharpo|Earthquake|p1a: Hatterene
|-damage|p1a: Hatterene|0 fnt
|faint|p1a: Hatterene
|
|upkeep
|j| f65701
|l| f65701
|l| zhengxd
|l| Sixty6sixshit
|-message|Elkevin2004 forfeited.
|
|win|Sombra Diurna
|raw|Elkevin2004's rating: 1588 &rarr; <strong>1575</strong><br />(-13 for losing)
|raw|Sombra Diurna's rating: 1707 &rarr; <strong>1720</strong><br />(+13 for winning)
|l|☆Elkevin2004
||Ladder isn't responding, score probably updated but might not have (Request timeout).
