|j|☆Sharpedo Fan
|j|☆AlIoutdragadarts
|t:|1664539383
|gametype|singles
|player|p1|Sharpedo Fan|marlon|1666
|player|p2|AlIoutdragadarts|dawn|1730
|teamsize|p1|6
|teamsize|p2|6
|gen|8
|tier|[Gen 8] OU
|rated|
|rule|Sleep Clause Mod: Limit one foe put to sleep
|rule|Species Clause: Limit one of each Pokémon
|rule|OHKO Clause: OHKO moves are banned
|rule|Evasion Items Clause: Evasion items are banned
|rule|Evasion Moves Clause: Evasion moves are banned
|rule|Endless Battle Clause: Forcing endless battles is banned
|rule|HP Percentage Mod: HP is shown in percentages
|rule|Dynamax Clause: You cannot dynamax
|clearpoke
|poke|p1|Urshifu-*, F|
|poke|p1|Tyranitar, M|
|poke|p1|Excadrill, M|
|poke|p1|Zapdos|
|poke|p1|Ferrothorn, M|
|poke|p1|Tapu Lele|
|poke|p2|Clefable, F|
|poke|p2|Landorus-Therian, M|
|poke|p2|Tornadus-Therian, M|
|poke|p2|Melmetal|
|poke|p2|Ferrothorn, M|
|poke|p2|Dragonite, M|
|teampreview
|c|☆Sharpedo Fan|hf
|c|☆AlIoutdragadarts|hf
|inactive|Battle timer is ON: inactive players will automatically lose when time's up. (requested by AlIoutdragadarts)
|
|t:|1664539412
|start
|switch|p1a: Urshifu|Urshifu-Rapid-Strike, F|100/100
|switch|p2a: Tornadus|Tornadus-Therian, M, shiny|100/100
|turn|1
|
|t:|1664539422
|switch|p1a: Zapdos|Zapdos|100/100
|move|p2a: Tornadus|Knock Off|p1a: Zapdos
|-damage|p1a: Zapdos|86/100
|-enditem|p1a: Zapdos|Heavy-Duty Boots|[from] move: Knock Off|[of] p2a: Tornadus
|
|upkeep
|turn|2
|
|t:|1664539432
|switch|p2a: Landorus|Landorus-Therian, M, shiny|100/100
|-ability|p2a: Landorus|Intimidate|boost
|-unboost|p1a: Zapdos|atk|1
|move|p1a: Zapdos|Hurricane|p2a: Landorus
|-damage|p2a: Landorus|64/100
|-start|p2a: Landorus|confusion
|
|-heal|p2a: Landorus|70/100|[from] item: Leftovers
|upkeep
|turn|3
|
|t:|1664539442
|switch|p1a: Urshifu|Urshifu-Rapid-Strike, F|100/100
|-activate|p2a: Landorus|confusion
|move|p2a: Landorus|Toxic|p1a: Urshifu
|-status|p1a: Urshifu|tox
|
|-heal|p2a: Landorus|76/100|[from] item: Leftovers
|-damage|p1a: Urshifu|94/100 tox|[from] psn
|upkeep
|turn|4
|
|t:|1664539451
|switch|p2a: Tornadus|Tornadus-Therian, M, shiny|100/100
|move|p1a: Urshifu|Surging Strikes|p2a: Tornadus
|-crit|p2a: Tornadus
|-damage|p2a: Tornadus|79/100
|-crit|p2a: Tornadus
|-damage|p2a: Tornadus|58/100
|-crit|p2a: Tornadus
|-damage|p2a: Tornadus|38/100
|-hitcount|p2a: Tornadus|3
|
|-damage|p1a: Urshifu|82/100 tox|[from] psn
|upkeep
|turn|5
|
|t:|1664539463
|switch|p1a: Zapdos|Zapdos|86/100
|move|p2a: Tornadus|Hurricane|p1a: Zapdos
|-resisted|p1a: Zapdos
|-damage|p1a: Zapdos|68/100
|
|upkeep
|turn|6
|
|t:|1664539476
|switch|p2a: Landorus|Landorus-Therian, M, shiny|76/100
|-ability|p2a: Landorus|Intimidate|boost
|-unboost|p1a: Zapdos|atk|1
|switch|p1a: Urshifu|Urshifu-Rapid-Strike, F|82/100 tox
|
|-heal|p2a: Landorus|82/100|[from] item: Leftovers
|-damage|p1a: Urshifu|76/100 tox|[from] psn
|upkeep
|turn|7
|
|t:|1664539486
|switch|p2a: Clefable|Clefable, F, shiny|100/100
|move|p1a: Urshifu|Surging Strikes|p2a: Clefable
|-crit|p2a: Clefable
|-damage|p2a: Clefable|83/100
|-crit|p2a: Clefable
|-damage|p2a: Clefable|69/100
|-crit|p2a: Clefable
|-damage|p2a: Clefable|54/100
|-hitcount|p2a: Clefable|3
|
|-damage|p1a: Urshifu|64/100 tox|[from] psn
|upkeep
|turn|8
|
|t:|1664539496
|move|p1a: Urshifu|Taunt|p2a: Clefable
|-start|p2a: Clefable|move: Taunt
|cant|p2a: Clefable|move: Taunt|Soft-Boiled
|
|-damage|p1a: Urshifu|45/100 tox|[from] psn
|upkeep
|turn|9
|
|t:|1664539502
|move|p1a: Urshifu|U-turn|p2a: Clefable
|-resisted|p2a: Clefable
|-damage|p2a: Clefable|45/100
|
|t:|1664539509
|switch|p1a: Excadrill|Excadrill, M|100/100|[from]move: U-turn
|move|p2a: Clefable|Moonblast|p1a: Excadrill
|-resisted|p1a: Excadrill
|-damage|p1a: Excadrill|79/100
|
|upkeep
|turn|10
|
|t:|1664539519
|switch|p2a: Dragonite|Dragonite, M, shiny|100/100
|move|p1a: Excadrill|Iron Head|p2a: Dragonite
|-damage|p2a: Dragonite|68/100
|
|upkeep
|turn|11
|
|t:|1664539534
|switch|p1a: Tapu Lele|Tapu Lele, shiny|100/100
|-fieldstart|move: Psychic Terrain|[from] ability: Psychic Surge|[of] p1a: Tapu Lele
|switch|p2a: Ferrothorn|Ferrothorn, M, shiny|100/100
|
|upkeep
|turn|12
|j| Ragnnis
|inactive|Sharpedo Fan has 120 seconds left.
|
|t:|1664539567
|switch|p1a: Zapdos|Zapdos|68/100
|move|p2a: Ferrothorn|Stealth Rock|p1a: Zapdos
|-sidestart|p1: Sharpedo Fan|move: Stealth Rock
|
|upkeep
|turn|13
|
|t:|1664539572
|switch|p2a: Melmetal|Melmetal, shiny|100/100
|move|p1a: Zapdos|Heat Wave|p2a: Melmetal
|-supereffective|p2a: Melmetal
|-crit|p2a: Melmetal
|-damage|p2a: Melmetal|37/100
|
|-heal|p2a: Melmetal|43/100|[from] item: Leftovers
|upkeep
|turn|14
|j| Timberbom
|
|t:|1664539582
|move|p1a: Zapdos|Heat Wave|p2a: Melmetal
|-supereffective|p2a: Melmetal
|-damage|p2a: Melmetal|0 fnt
|faint|p2a: Melmetal
|
|upkeep
|
|t:|1664539586
|switch|p2a: Dragonite|Dragonite, M, shiny|68/100
|turn|15
|
|t:|1664539590
|move|p1a: Zapdos|Volt Switch|p2a: Dragonite
|-crit|p2a: Dragonite
|-damage|p2a: Dragonite|37/100
|inactive|Sharpedo Fan has 120 seconds left.
|inactive|Sharpedo Fan has 90 seconds left.
|inactive|Sharpedo Fan has 60 seconds left.
|
|t:|1664539681
|switch|p1a: Tapu Lele|Tapu Lele, shiny|100/100|[from]move: Volt Switch
|-damage|p1a: Tapu Lele|88/100|[from] Stealth Rock
|move|p2a: Dragonite|Roost|p2a: Dragonite
|-heal|p2a: Dragonite|87/100
|-singleturn|p2a: Dragonite|move: Roost
|
|-fieldend|move: Psychic Terrain
|upkeep
|turn|16
|
|t:|1664539691
|switch|p2a: Ferrothorn|Ferrothorn, M, shiny|100/100
|move|p1a: Tapu Lele|Moonblast|p2a: Ferrothorn
|-resisted|p2a: Ferrothorn
|-damage|p2a: Ferrothorn|81/100
|
|-heal|p2a: Ferrothorn|88/100|[from] item: Leftovers
|upkeep
|turn|17
|
|t:|1664539701
|switch|p1a: Zapdos|Zapdos|68/100
|-damage|p1a: Zapdos|43/100|[from] Stealth Rock
|switch|p2a: Landorus|Landorus-Therian, M, shiny|82/100
|-ability|p2a: Landorus|Intimidate|boost
|-unboost|p1a: Zapdos|atk|1
|
|-heal|p2a: Landorus|88/100|[from] item: Leftovers
|upkeep
|turn|18
|
|t:|1664539720
|move|p1a: Zapdos|Roost|p1a: Zapdos
|-heal|p1a: Zapdos|93/100
|-singleturn|p1a: Zapdos|move: Roost
|move|p2a: Landorus|Toxic|p1a: Zapdos|[miss]
|-miss|p2a: Landorus|p1a: Zapdos
|
|-heal|p2a: Landorus|94/100|[from] item: Leftovers
|upkeep
|turn|19
|c|☆AlIoutdragadarts|hm
|
|t:|1664539734
|switch|p1a: Ferrothorn|Ferrothorn, M|100/100
|-damage|p1a: Ferrothorn|95/100|[from] Stealth Rock
|move|p2a: Landorus|Toxic|p1a: Ferrothorn
|-immune|p1a: Ferrothorn
|
|-heal|p2a: Landorus|99/100|[from] item: Leftovers
|-heal|p1a: Ferrothorn|100/100|[from] item: Leftovers
|upkeep
|turn|20
|c|☆Sharpedo Fan|sorry xd
|
|t:|1664539744
|switch|p2a: Clefable|Clefable, F, shiny|45/100
|move|p1a: Ferrothorn|Knock Off|p2a: Clefable
|-resisted|p2a: Clefable
|-damage|p2a: Clefable|37/100
|-damage|p1a: Ferrothorn|84/100|[from] item: Rocky Helmet|[of] p2a: Clefable
|-enditem|p2a: Clefable|Rocky Helmet|[from] move: Knock Off|[of] p1a: Ferrothorn
|
|-heal|p1a: Ferrothorn|90/100|[from] item: Leftovers
|upkeep
|turn|21
|
|t:|1664539755
|switch|p1a: Excadrill|Excadrill, M|79/100
|-damage|p1a: Excadrill|76/100|[from] Stealth Rock
|move|p2a: Clefable|Soft-Boiled|p2a: Clefable
|-heal|p2a: Clefable|87/100
|
|upkeep
|turn|22
|
|t:|1664539770
|switch|p2a: Landorus|Landorus-Therian, M, shiny|99/100
|-ability|p2a: Landorus|Intimidate|boost
|-unboost|p1a: Excadrill|atk|1
|move|p1a: Excadrill|Rapid Spin|p2a: Landorus
|-damage|p2a: Landorus|83/100
|-boost|p1a: Excadrill|spe|1
|-sideend|p1: Sharpedo Fan|Stealth Rock|[from] move: Rapid Spin|[of] p1a: Excadrill
|
|-heal|p2a: Landorus|89/100|[from] item: Leftovers
|upkeep
|turn|23
|
|t:|1664539780
|switch|p1a: Ferrothorn|Ferrothorn, M|90/100
|move|p2a: Landorus|U-turn|p1a: Ferrothorn
|-damage|p1a: Ferrothorn|74/100
|-damage|p2a: Landorus|77/100|[from] ability: Iron Barbs|[of] p1a: Ferrothorn
|
|t:|1664539786
|switch|p2a: Clefable|Clefable, F, shiny|87/100|[from]move: U-turn
|
|-heal|p1a: Ferrothorn|80/100|[from] item: Leftovers
|upkeep
|turn|24
|
|t:|1664539794
|switch|p2a: Ferrothorn|Ferrothorn, M, shiny|88/100
|switch|p1a: Excadrill|Excadrill, M|76/100
|
|-heal|p2a: Ferrothorn|94/100|[from] item: Leftovers
|upkeep
|turn|25
|inactive|Sharpedo Fan has 90 seconds left.
|
|t:|1664539801
|switch|p1a: Zapdos|Zapdos|93/100
|move|p2a: Ferrothorn|Body Press|p1a: Zapdos
|-resisted|p1a: Zapdos
|-damage|p1a: Zapdos|83/100
|
|-heal|p2a: Ferrothorn|99/100|[from] item: Leftovers
|upkeep
|turn|26
|
|t:|1664539809
|switch|p2a: Dragonite|Dragonite, M, shiny|87/100
|move|p1a: Zapdos|Heat Wave|p2a: Dragonite
|-resisted|p2a: Dragonite
|-damage|p2a: Dragonite|77/100
|
|upkeep
|turn|27
|
|t:|1664539814
|move|p1a: Zapdos|Volt Switch|p2a: Dragonite
|-damage|p2a: Dragonite|57/100
|
|t:|1664539820
|switch|p1a: Tyranitar|Tyranitar, M|100/100|[from]move: Volt Switch
|-weather|Sandstorm|[from] ability: Sand Stream|[of] p1a: Tyranitar
|move|p2a: Dragonite|Roost|p2a: Dragonite
|-heal|p2a: Dragonite|100/100
|-singleturn|p2a: Dragonite|move: Roost
|
|-weather|Sandstorm|[upkeep]
|-damage|p2a: Dragonite|94/100|[from] Sandstorm
|upkeep
|turn|28
|
|t:|1664539830
|switch|p2a: Clefable|Clefable, F, shiny|87/100
|move|p1a: Tyranitar|Stone Edge|p2a: Clefable
|-damage|p2a: Clefable|23/100
|
|-weather|Sandstorm|[upkeep]
|upkeep
|turn|29
|
|t:|1664539836
|switch|p2a: Ferrothorn|Ferrothorn, M, shiny|99/100
|move|p1a: Tyranitar|Stone Edge|p2a: Ferrothorn
|-resisted|p2a: Ferrothorn
|-damage|p2a: Ferrothorn|75/100
|
|-weather|Sandstorm|[upkeep]
|-heal|p2a: Ferrothorn|81/100|[from] item: Leftovers
|upkeep
|turn|30
|
|t:|1664539852
|switch|p1a: Zapdos|Zapdos|83/100
|move|p2a: Ferrothorn|Stealth Rock|p1a: Zapdos
|-sidestart|p1: Sharpedo Fan|move: Stealth Rock
|
|-weather|Sandstorm|[upkeep]
|-damage|p1a: Zapdos|77/100|[from] Sandstorm
|-heal|p2a: Ferrothorn|87/100|[from] item: Leftovers
|upkeep
|turn|31
|j| ISimpForLechonk
|
|t:|1664539864
|switch|p2a: Landorus|Landorus-Therian, M, shiny|77/100
|-ability|p2a: Landorus|Intimidate|boost
|-unboost|p1a: Zapdos|atk|1
|move|p1a: Zapdos|Heat Wave|p2a: Landorus
|-damage|p2a: Landorus|58/100
|
|-weather|none
|-heal|p2a: Landorus|64/100|[from] item: Leftovers
|upkeep
|turn|32
|inactive|Sharpedo Fan has 90 seconds left.
|
|t:|1664539895
|switch|p1a: Ferrothorn|Ferrothorn, M|80/100
|-damage|p1a: Ferrothorn|74/100|[from] Stealth Rock
|move|p2a: Landorus|Toxic|p1a: Ferrothorn
|-immune|p1a: Ferrothorn
|
|-heal|p2a: Landorus|70/100|[from] item: Leftovers
|-heal|p1a: Ferrothorn|80/100|[from] item: Leftovers
|upkeep
|turn|33
|inactive|Sharpedo Fan has 90 seconds left.
|
|t:|1664539919
|switch|p2a: Tornadus|Tornadus-Therian, M, shiny|71/100
|move|p1a: Ferrothorn|Stealth Rock|p2a: Tornadus
|-sidestart|p2: AlIoutdragadarts|move: Stealth Rock
|
|-heal|p1a: Ferrothorn|86/100|[from] item: Leftovers
|upkeep
|turn|34
|inactive|Sharpedo Fan has 60 seconds left.
|
|t:|1664539963
|switch|p1a: Tyranitar|Tyranitar, M|100/100
|-damage|p1a: Tyranitar|88/100|[from] Stealth Rock
|-weather|Sandstorm|[from] ability: Sand Stream|[of] p1a: Tyranitar
|move|p2a: Tornadus|Nasty Plot|p2a: Tornadus
|-boost|p2a: Tornadus|spa|2
|
|-weather|Sandstorm|[upkeep]
|-damage|p2a: Tornadus|65/100|[from] Sandstorm
|upkeep
|turn|35
|inactive|Sharpedo Fan has 30 seconds left.
|inactive|Sharpedo Fan has 20 seconds left.
|
|t:|1664539999
|switch|p1a: Tapu Lele|Tapu Lele, shiny|88/100
|-damage|p1a: Tapu Lele|76/100|[from] Stealth Rock
|-fieldstart|move: Psychic Terrain|[from] ability: Psychic Surge|[of] p1a: Tapu Lele
|move|p2a: Tornadus|Hurricane|p1a: Tapu Lele
|-damage|p1a: Tapu Lele|0 fnt
|faint|p1a: Tapu Lele
|
|-weather|Sandstorm|[upkeep]
|-damage|p2a: Tornadus|59/100|[from] Sandstorm
|upkeep
|inactive|Sharpedo Fan has 25 seconds left this turn.
|inactive|Sharpedo Fan has 20 seconds left.
|inactive|Sharpedo Fan has 15 seconds left.
|
|t:|1664540010
|switch|p1a: Tyranitar|Tyranitar, M|88/100
|-damage|p1a: Tyranitar|76/100|[from] Stealth Rock
|turn|36
|inactive|Sharpedo Fan has 25 seconds left this turn.
|
|t:|1664540013
|move|p2a: Tornadus|Focus Blast|p1a: Tyranitar
|-supereffective|p1a: Tyranitar
|-damage|p1a: Tyranitar|0 fnt
|faint|p1a: Tyranitar
|
|-weather|Sandstorm|[upkeep]
|-damage|p2a: Tornadus|53/100|[from] Sandstorm
|upkeep
|inactive|Sharpedo Fan has 30 seconds left this turn.
|c|☆Sharpedo Fan|gg
|inactive|Sharpedo Fan has 20 seconds left.
|-message|Sharpedo Fan forfeited.
|
|win|AlIoutdragadarts
|inactive|Sharpedo Fan has 25 seconds left this turn.
|raw|Sharpedo Fan's rating: 1666 &rarr; <strong>1650</strong><br />(-16 for losing)
|raw|AlIoutdragadarts's rating: 1730 &rarr; <strong>1746</strong><br />(+16 for winning)
|l|☆Sharpedo Fan
|c|☆AlIoutdragadarts|gg
