|j|☆Arcangel666
|j|☆justatest123
|t:|1651893398
|gametype|singles
|player|p1|Arcangel666|piers|1747
|player|p2|justatest123|backpacker|1697
|teamsize|p1|6
|teamsize|p2|6
|gen|8
|tier|[Gen 8] OU
|rated|
|rule|Sleep Clause Mod: Limit one foe put to sleep
|rule|Species Clause: Limit one of each Pokémon
|rule|OHKO Clause: OHKO moves are banned
|rule|Evasion Moves Clause: Evasion moves are banned
|rule|Endless Battle Clause: Forcing endless battles is banned
|rule|HP Percentage Mod: HP is shown in percentages
|rule|Dynamax Clause: You cannot dynamax
|clearpoke
|poke|p1|Melmetal|
|poke|p1|Dragapult, M|
|poke|p1|Regieleki|
|poke|p1|Landorus-Therian, M|
|poke|p1|Hydreigon, M|
|poke|p1|Tapu Fini|
|poke|p2|Tornadus-Therian, M|
|poke|p2|Slowbro, M|
|poke|p2|Excadrill, M|
|poke|p2|Ferrothorn, M|
|poke|p2|Tyranitar, M|
|poke|p2|Nidoking, M|
|teampreview
|j| Ciidj
|j| ShinyXTyrunt
|l| Ciidj
|
|t:|1651893449
|start
|switch|p1a: Landorus|Landorus-Therian, M, shiny|100/100
|switch|p2a: Tornadus|Tornadus-Therian, M|100/100
|-ability|p1a: Landorus|Intimidate|boost
|-unboost|p2a: Tornadus|atk|1
|turn|1
|
|t:|1651893463
|move|p2a: Tornadus|Knock Off|p1a: Landorus
|-damage|p1a: Landorus|91/100
|-damage|p2a: Tornadus|84/100|[from] item: Rocky Helmet|[of] p1a: Landorus
|-enditem|p1a: Landorus|Rocky Helmet|[from] move: Knock Off|[of] p2a: Tornadus
|move|p1a: Landorus|Stealth Rock|p2a: Tornadus
|-sidestart|p2: justatest123|move: Stealth Rock
|
|upkeep
|turn|2
|
|t:|1651893469
|move|p2a: Tornadus|Toxic|p1a: Landorus
|-status|p1a: Landorus|tox
|move|p1a: Landorus|Stone Edge|p2a: Tornadus
|-supereffective|p2a: Tornadus
|-damage|p2a: Tornadus|15/100
|
|-damage|p1a: Landorus|85/100 tox|[from] psn
|upkeep
|turn|3
|
|t:|1651893473
|move|p2a: Tornadus|U-turn|p1a: Landorus
|-resisted|p1a: Landorus
|-damage|p1a: Landorus|81/100 tox
|
|t:|1651893478
|switch|p2a: Slowbro|Slowbro, M|100/100|[from]move: U-turn
|-damage|p2a: Slowbro|88/100|[from] Stealth Rock
|move|p1a: Landorus|U-turn|p2a: Slowbro
|-supereffective|p2a: Slowbro
|-damage|p2a: Slowbro|63/100
|-damage|p1a: Landorus|64/100 tox|[from] item: Rocky Helmet|[of] p2a: Slowbro
|
|t:|1651893487
|switch|p1a: Hydreigon|Hydreigon, M, shiny|100/100|[from]move: U-turn
|
|upkeep
|turn|4
|
|t:|1651893493
|switch|p2a: Tyranitar|Tyranitar, M|100/100
|-damage|p2a: Tyranitar|88/100|[from] Stealth Rock
|-weather|Sandstorm|[from] ability: Sand Stream|[of] p2a: Tyranitar
|move|p1a: Hydreigon|Nasty Plot|p1a: Hydreigon
|-boost|p1a: Hydreigon|spa|2
|
|-weather|Sandstorm|[upkeep]
|-damage|p1a: Hydreigon|94/100|[from] Sandstorm
|-heal|p2a: Tyranitar|94/100|[from] item: Leftovers
|upkeep
|turn|5
|
|t:|1651893496
|move|p1a: Hydreigon|Draco Meteor|p2a: Tyranitar
|-damage|p2a: Tyranitar|26/100
|-unboost|p1a: Hydreigon|spa|2
|-damage|p1a: Hydreigon|84/100|[from] item: Life Orb
|move|p2a: Tyranitar|Thunder Wave|p1a: Hydreigon
|-status|p1a: Hydreigon|par
|
|-weather|Sandstorm|[upkeep]
|-damage|p1a: Hydreigon|78/100 par|[from] Sandstorm
|-heal|p2a: Tyranitar|32/100|[from] item: Leftovers
|upkeep
|turn|6
|j| GGeorgie
|l| ShinyXTyrunt
|inactive|Battle timer is ON: inactive players will automatically lose when time's up. (requested by Arcangel666)
|inactive|justatest123 has 120 seconds left.
|j| ecall
|inactive|justatest123 has 90 seconds left.
|inactive|justatest123 has 60 seconds left.
|j| Dino doggie
|
|t:|1651893652
|switch|p2a: Tornadus|Tornadus-Therian, M|49/100
|move|p1a: Hydreigon|Draco Meteor|p2a: Tornadus
|-damage|p2a: Tornadus|0 fnt
|-unboost|p1a: Hydreigon|spa|2
|faint|p2a: Tornadus
|-damage|p1a: Hydreigon|68/100 par|[from] item: Life Orb
|
|-weather|Sandstorm|[upkeep]
|-damage|p1a: Hydreigon|62/100 par|[from] Sandstorm
|upkeep
|inactive|justatest123 has 90 seconds left.
|inactive|justatest123 has 60 seconds left.
|
|t:|1651893707
|switch|p2a: Excadrill|Excadrill, M|100/100
|-damage|p2a: Excadrill|97/100|[from] Stealth Rock
|turn|7
|
|t:|1651893711
|switch|p1a: Landorus|Landorus-Therian, M, shiny|64/100 tox
|-ability|p1a: Landorus|Intimidate|boost
|-unboost|p2a: Excadrill|atk|1
|move|p2a: Excadrill|Rapid Spin|p1a: Landorus
|-damage|p1a: Landorus|55/100 tox
|-boost|p2a: Excadrill|spe|1
|-sideend|p2: justatest123|Stealth Rock|[from] move: Rapid Spin|[of] p2a: Excadrill
|
|-weather|Sandstorm|[upkeep]
|-heal|p2a: Excadrill|100/100|[from] item: Leftovers
|-damage|p1a: Landorus|49/100 tox|[from] psn
|upkeep
|turn|8
|
|t:|1651893719
|move|p2a: Excadrill|Iron Head|p1a: Landorus
|-damage|p1a: Landorus|28/100 tox
|move|p1a: Landorus|U-turn|p2a: Excadrill
|-resisted|p2a: Excadrill
|-damage|p2a: Excadrill|86/100
|
|t:|1651893726
|switch|p1a: Tapu Fini|Tapu Fini, shiny|100/100|[from]move: U-turn
|-fieldstart|move: Misty Terrain|[from] ability: Misty Surge|[of] p1a: Tapu Fini
|
|-weather|none
|-heal|p2a: Excadrill|92/100|[from] item: Leftovers
|upkeep
|turn|9
|
|t:|1651893736
|switch|p2a: Ferrothorn|Ferrothorn, M|100/100
|switch|p1a: Landorus|Landorus-Therian, M, shiny|28/100 tox
|-ability|p1a: Landorus|Intimidate|boost
|-unboost|p2a: Ferrothorn|atk|1
|
|-damage|p1a: Landorus|22/100 tox|[from] psn
|upkeep
|turn|10
|
|t:|1651893746
|move|p1a: Landorus|Stealth Rock|p2a: Ferrothorn
|-sidestart|p2: justatest123|move: Stealth Rock
|move|p2a: Ferrothorn|Spikes|p1a: Landorus
|-sidestart|p1: Arcangel666|Spikes
|
|-damage|p1a: Landorus|10/100 tox|[from] psn
|upkeep
|turn|11
|
|t:|1651893751
|move|p1a: Landorus|U-turn|p2a: Ferrothorn
|-damage|p2a: Ferrothorn|87/100
|-damage|p1a: Landorus|0 fnt|[from] ability: Iron Barbs|[of] p2a: Ferrothorn
|faint|p1a: Landorus
|move|p2a: Ferrothorn|Spikes|p1: Landorus
|-sidestart|p1: Arcangel666|Spikes
|
|-heal|p2a: Ferrothorn|93/100|[from] item: Leftovers
|upkeep
|
|t:|1651893753
|switch|p1a: Regieleki|Regieleki, shiny|100/100
|-damage|p1a: Regieleki|84/100|[from] Spikes
|turn|12
|
|t:|1651893756
|switch|p2a: Excadrill|Excadrill, M|92/100
|-damage|p2a: Excadrill|89/100|[from] Stealth Rock
|move|p1a: Regieleki|Rapid Spin|p2a: Excadrill
|-resisted|p2a: Excadrill
|-damage|p2a: Excadrill|81/100
|-boost|p1a: Regieleki|spe|1
|-sideend|p1: Arcangel666|Spikes|[from] move: Rapid Spin|[of] p1a: Regieleki
|
|-heal|p2a: Excadrill|87/100|[from] item: Leftovers
|-fieldend|Misty Terrain
|upkeep
|turn|13
|
|t:|1651893763
|switch|p1a: Melmetal|Melmetal, shiny|100/100
|move|p2a: Excadrill|Iron Head|p1a: Melmetal
|-resisted|p1a: Melmetal
|-damage|p1a: Melmetal|89/100
|
|-heal|p2a: Excadrill|93/100|[from] item: Leftovers
|upkeep
|turn|14
|
|t:|1651893770
|switch|p2a: Slowbro|Slowbro, M|96/100
|-damage|p2a: Slowbro|83/100|[from] Stealth Rock
|switch|p1a: Dragapult|Dragapult, M, shiny|100/100
|
|upkeep
|turn|15
|inactive|justatest123 has 120 seconds left.
|
|t:|1651893785
|switch|p2a: Ferrothorn|Ferrothorn, M|93/100
|-damage|p2a: Ferrothorn|87/100|[from] Stealth Rock
|move|p1a: Dragapult|Substitute|p1a: Dragapult
|-start|p1a: Dragapult|Substitute
|-damage|p1a: Dragapult|76/100
|
|-heal|p1a: Dragapult|82/100|[from] item: Leftovers
|-heal|p2a: Ferrothorn|93/100|[from] item: Leftovers
|upkeep
|turn|16
|
|t:|1651893788
|move|p1a: Dragapult|Phantom Force||[still]
|-prepare|p1a: Dragapult|Phantom Force
|move|p2a: Ferrothorn|Knock Off|p1a: Dragapult|[miss]
|-miss|p2a: Ferrothorn|p1a: Dragapult
|
|-heal|p1a: Dragapult|88/100|[from] item: Leftovers
|-heal|p2a: Ferrothorn|99/100|[from] item: Leftovers
|upkeep
|turn|17
|
|t:|1651893792
|move|p1a: Dragapult|Phantom Force|p2a: Ferrothorn|[from]lockedmove
|-damage|p2a: Ferrothorn|73/100
|-damage|p1a: Dragapult|75/100|[from] ability: Iron Barbs|[of] p2a: Ferrothorn
|move|p2a: Ferrothorn|Knock Off|p1a: Dragapult
|-supereffective|p1a: Dragapult
|-end|p1a: Dragapult|Substitute
|
|-heal|p1a: Dragapult|81/100|[from] item: Leftovers
|-heal|p2a: Ferrothorn|79/100|[from] item: Leftovers
|upkeep
|turn|18
|
|t:|1651893797
|switch|p1a: Hydreigon|Hydreigon, M, shiny|62/100 par
|move|p2a: Ferrothorn|Knock Off|p1a: Hydreigon
|-resisted|p1a: Hydreigon
|-damage|p1a: Hydreigon|51/100 par
|-enditem|p1a: Hydreigon|Life Orb|[from] move: Knock Off|[of] p2a: Ferrothorn
|
|-heal|p2a: Ferrothorn|85/100|[from] item: Leftovers
|upkeep
|turn|19
|
|t:|1651893802
|switch|p2a: Tyranitar|Tyranitar, M|32/100
|-damage|p2a: Tyranitar|20/100|[from] Stealth Rock
|-weather|Sandstorm|[from] ability: Sand Stream|[of] p2a: Tyranitar
|move|p1a: Hydreigon|Dark Pulse|p2a: Tyranitar
|-resisted|p2a: Tyranitar
|-damage|p2a: Tyranitar|11/100
|
|-weather|Sandstorm|[upkeep]
|-damage|p1a: Hydreigon|45/100 par|[from] Sandstorm
|-heal|p2a: Tyranitar|18/100|[from] item: Leftovers
|upkeep
|turn|20
|
|t:|1651893808
|move|p2a: Tyranitar|Stealth Rock|p1a: Hydreigon
|-sidestart|p1: Arcangel666|move: Stealth Rock
|cant|p1a: Hydreigon|par
|
|-weather|Sandstorm|[upkeep]
|-damage|p1a: Hydreigon|39/100 par|[from] Sandstorm
|-heal|p2a: Tyranitar|24/100|[from] item: Leftovers
|upkeep
|turn|21
|
|t:|1651893811
|cant|p1a: Hydreigon|par
|move|p2a: Tyranitar|Rock Blast|p1a: Hydreigon
|-damage|p1a: Hydreigon|26/100 par
|-damage|p1a: Hydreigon|12/100 par
|-hitcount|p1a: Hydreigon|2
|
|-weather|Sandstorm|[upkeep]
|-damage|p1a: Hydreigon|6/100 par|[from] Sandstorm
|-heal|p2a: Tyranitar|30/100|[from] item: Leftovers
|upkeep
|turn|22
|
|t:|1651893837
|move|p1a: Hydreigon|Flash Cannon|p2a: Tyranitar
|-supereffective|p2a: Tyranitar
|-damage|p2a: Tyranitar|7/100
|move|p2a: Tyranitar|Rock Blast|p1a: Hydreigon
|-damage|p1a: Hydreigon|0 fnt
|faint|p1a: Hydreigon
|-hitcount|p1: Hydreigon|1
|
|-weather|Sandstorm|[upkeep]
|-heal|p2a: Tyranitar|13/100|[from] item: Leftovers
|upkeep
|
|t:|1651893843
|switch|p1a: Melmetal|Melmetal, shiny|89/100
|-damage|p1a: Melmetal|83/100|[from] Stealth Rock
|turn|23
|inactive|justatest123 has 120 seconds left.
|
|t:|1651893873
|switch|p2a: Slowbro|Slowbro, M|100/100
|-damage|p2a: Slowbro|88/100|[from] Stealth Rock
|move|p1a: Melmetal|Rock Slide|p2a: Slowbro
|-damage|p2a: Slowbro|67/100
|
|-weather|none
|upkeep
|turn|24
|inactive|justatest123 has 120 seconds left.
|
|t:|1651893880
|switch|p1a: Tapu Fini|Tapu Fini, shiny|100/100
|-damage|p1a: Tapu Fini|88/100|[from] Stealth Rock
|-fieldstart|move: Misty Terrain|[from] ability: Misty Surge|[of] p1a: Tapu Fini
|move|p2a: Slowbro|Teleport|p2a: Slowbro
|
|t:|1651893884
|switch|p2a: Nidoking|Nidoking, M|100/100|[from]move: Teleport
|-damage|p2a: Nidoking|95/100|[from] Stealth Rock
|
|-heal|p1a: Tapu Fini|94/100|[from] item: Leftovers
|upkeep
|turn|25
|
|t:|1651893888
|move|p2a: Nidoking|Sludge Wave|p1a: Tapu Fini
|-supereffective|p1a: Tapu Fini
|-damage|p1a: Tapu Fini|19/100
|move|p1a: Tapu Fini|Surf|p2a: Nidoking
|-supereffective|p2a: Nidoking
|-damage|p2a: Nidoking|7/100
|
|-heal|p1a: Tapu Fini|25/100|[from] item: Leftovers
|upkeep
|turn|26
|
|t:|1651893895
|move|p2a: Nidoking|Earth Power|p1a: Tapu Fini
|-crit|p1a: Tapu Fini
|-damage|p1a: Tapu Fini|0 fnt
|faint|p1a: Tapu Fini
|
|upkeep
|
|t:|1651893897
|switch|p1a: Regieleki|Regieleki, shiny|84/100
|-damage|p1a: Regieleki|72/100|[from] Stealth Rock
|turn|27
|inactive|justatest123 has 120 seconds left.
|
|t:|1651893937
|switch|p2a: Excadrill|Excadrill, M|93/100
|-damage|p2a: Excadrill|90/100|[from] Stealth Rock
|move|p1a: Regieleki|Rapid Spin|p2a: Excadrill
|-resisted|p2a: Excadrill
|-damage|p2a: Excadrill|82/100
|-boost|p1a: Regieleki|spe|1
|-sideend|p1: Arcangel666|Stealth Rock|[from] move: Rapid Spin|[of] p1a: Regieleki
|
|-heal|p2a: Excadrill|89/100|[from] item: Leftovers
|upkeep
|turn|28
|
|t:|1651893945
|switch|p1a: Melmetal|Melmetal, shiny|83/100
|move|p2a: Excadrill|Earthquake|p1a: Melmetal
|-supereffective|p1a: Melmetal
|-damage|p1a: Melmetal|23/100
|
|-heal|p2a: Excadrill|95/100|[from] item: Leftovers
|-fieldend|Misty Terrain
|upkeep
|turn|29
|
|t:|1651893950
|move|p2a: Excadrill|Earthquake|p1a: Melmetal
|-supereffective|p1a: Melmetal
|-damage|p1a: Melmetal|0 fnt
|faint|p1a: Melmetal
|
|-heal|p2a: Excadrill|100/100|[from] item: Leftovers
|upkeep
|
|t:|1651893951
|switch|p1a: Dragapult|Dragapult, M, shiny|81/100
|turn|30
|
|t:|1651893958
|switch|p2a: Ferrothorn|Ferrothorn, M|85/100
|-damage|p2a: Ferrothorn|79/100|[from] Stealth Rock
|move|p1a: Dragapult|Dragon Dance|p1a: Dragapult
|-boost|p1a: Dragapult|atk|1
|-boost|p1a: Dragapult|spe|1
|
|-heal|p1a: Dragapult|87/100|[from] item: Leftovers
|-heal|p2a: Ferrothorn|85/100|[from] item: Leftovers
|upkeep
|turn|31
|
|t:|1651893961
|move|p1a: Dragapult|Phantom Force||[still]
|-prepare|p1a: Dragapult|Phantom Force
|move|p2a: Ferrothorn|Knock Off|p1a: Dragapult|[miss]
|-miss|p2a: Ferrothorn|p1a: Dragapult
|
|-heal|p1a: Dragapult|93/100|[from] item: Leftovers
|-heal|p2a: Ferrothorn|91/100|[from] item: Leftovers
|upkeep
|turn|32
|
|t:|1651893963
|move|p1a: Dragapult|Phantom Force|p2a: Ferrothorn|[from]lockedmove
|-crit|p2a: Ferrothorn
|-damage|p2a: Ferrothorn|26/100
|-damage|p1a: Dragapult|81/100|[from] ability: Iron Barbs|[of] p2a: Ferrothorn
|move|p2a: Ferrothorn|Knock Off|p1a: Dragapult
|-supereffective|p1a: Dragapult
|-damage|p1a: Dragapult|25/100
|-enditem|p1a: Dragapult|Leftovers|[from] move: Knock Off|[of] p2a: Ferrothorn
|
|-heal|p2a: Ferrothorn|32/100|[from] item: Leftovers
|upkeep
|turn|33
|
|t:|1651893968
|move|p1a: Dragapult|Phantom Force||[still]
|-prepare|p1a: Dragapult|Phantom Force
|move|p2a: Ferrothorn|Knock Off|p1a: Dragapult|[miss]
|-miss|p2a: Ferrothorn|p1a: Dragapult
|
|-heal|p2a: Ferrothorn|38/100|[from] item: Leftovers
|upkeep
|turn|34
|
|t:|1651893970
|switch|p2a: Tyranitar|Tyranitar, M|13/100
|-damage|p2a: Tyranitar|1/100|[from] Stealth Rock
|-weather|Sandstorm|[from] ability: Sand Stream|[of] p2a: Tyranitar
|move|p1a: Dragapult|Phantom Force|p2a: Tyranitar|[from]lockedmove
|-resisted|p2a: Tyranitar
|-crit|p2a: Tyranitar
|-damage|p2a: Tyranitar|0 fnt
|faint|p2a: Tyranitar
|
|-weather|Sandstorm|[upkeep]
|-damage|p1a: Dragapult|19/100|[from] Sandstorm
|upkeep
|
|t:|1651893972
|switch|p2a: Excadrill|Excadrill, M|100/100
|-damage|p2a: Excadrill|97/100|[from] Stealth Rock
|turn|35
|
|t:|1651893975
|move|p2a: Excadrill|Earthquake|p1a: Dragapult
|-damage|p1a: Dragapult|0 fnt
|faint|p1a: Dragapult
|
|-weather|Sandstorm|[upkeep]
|-heal|p2a: Excadrill|100/100|[from] item: Leftovers
|upkeep
|-message|Arcangel666 forfeited.
|
|win|justatest123
|raw|Arcangel666's rating: 1747 &rarr; <strong>1724</strong><br />(-23 for losing)
|raw|justatest123's rating: 1697 &rarr; <strong>1720</strong><br />(+23 for winning)
|l|☆Arcangel666
|l| GGeorgie
||Ladder isn't responding, score probably updated but might not have (Request timeout).
