|j|☆Federa
|j|☆2(H2O)
|t:|1654591933
|gametype|singles
|player|p1|Federa|psychicf-gen4|1541
|player|p2|2(H2O)|viola|1554
|teamsize|p1|6
|teamsize|p2|6
|gen|8
|tier|[Gen 8] OU
|rated|
|rule|Sleep Clause Mod: Limit one foe put to sleep
|rule|Species Clause: Limit one of each Pokémon
|rule|OHKO Clause: OHKO moves are banned
|rule|Evasion Moves Clause: Evasion moves are banned
|rule|Endless Battle Clause: Forcing endless battles is banned
|rule|HP Percentage Mod: HP is shown in percentages
|rule|Dynamax Clause: You cannot dynamax
|clearpoke
|poke|p1|Espeon, F|
|poke|p1|Tapu Lele|
|poke|p1|Polteageist|
|poke|p1|Hawlucha, F|
|poke|p1|Kommo-o, M|
|poke|p1|Indeedee-F, F|
|poke|p2|Tapu Koko|
|poke|p2|Hawlucha, F|
|poke|p2|Gyarados, M|
|poke|p2|Blaziken, M|
|poke|p2|Kartana|
|poke|p2|Garchomp, M|
|teampreview
|inactive|Battle timer is ON: inactive players will automatically lose when time's up. (requested by Federa)
|
|t:|1654591950
|start
|switch|p1a: Alablaster|Tapu Lele|100/100
|switch|p2a: Naruto|Tapu Koko|100/100
|-fieldstart|move: Electric Terrain|[from] ability: Electric Surge|[of] p2a: Naruto
|-fieldstart|move: Psychic Terrain|[from] ability: Psychic Surge|[of] p1a: Alablaster
|turn|1
|
|t:|1654591972
|move|p2a: Naruto|Taunt|p1a: Alablaster
|-start|p1a: Alablaster|move: Taunt
|move|p1a: Alablaster|Future Sight|p2a: Naruto
|-start|p1a: Alablaster|move: Future Sight
|
|upkeep
|turn|2
|
|t:|1654591978
|move|p2a: Naruto|Light Screen|p2a: Naruto
|-sidestart|p2: 2(H2O)|move: Light Screen
|move|p1a: Alablaster|Moonblast|p2a: Naruto
|-damage|p2a: Naruto|68/100
|
|upkeep
|turn|3
|
|t:|1654591985
|move|p2a: Naruto|Reflect|p2a: Naruto
|-sidestart|p2: 2(H2O)|Reflect
|move|p1a: Alablaster|Psychic|p2a: Naruto
|-damage|p2a: Naruto|28/100
|
|-end|p2a: Naruto|move: Future Sight
|-damage|p2a: Naruto|0 fnt
|faint|p2a: Naruto
|-end|p1a: Alablaster|move: Taunt
|upkeep
|
|t:|1654591988
|switch|p2a: Mifune|Kartana|100/100
|turn|4
|
|t:|1654591996
|move|p2a: Mifune|Swords Dance|p2a: Mifune
|-boost|p2a: Mifune|atk|2
|move|p1a: Alablaster|Future Sight|p2a: Mifune
|-start|p1a: Alablaster|move: Future Sight
|
|upkeep
|turn|5
|
|t:|1654592009
|move|p2a: Mifune|Smart Strike|p1a: Alablaster
|-supereffective|p1a: Alablaster
|-damage|p1a: Alablaster|0 fnt
|faint|p1a: Alablaster
|-ability|p2a: Mifune|Beast Boost|boost
|-boost|p2a: Mifune|spe|1
|-damage|p2a: Mifune|91/100|[from] item: Life Orb
|
|upkeep
|
|t:|1654592030
|switch|p1a: Devil's Gambit|Polteageist|100/100
|turn|6
|
|t:|1654592037
|move|p2a: Mifune|Leaf Blade|p1a: Devil's Gambit
|-enditem|p1a: Devil's Gambit|Focus Sash
|-damage|p1a: Devil's Gambit|1/100
|-ability|p1a: Devil's Gambit|Weak Armor|boost
|-unboost|p1a: Devil's Gambit|def|1
|-boost|p1a: Devil's Gambit|spe|2
|-damage|p2a: Mifune|81/100|[from] item: Life Orb
|move|p1a: Devil's Gambit|Shell Smash|p1a: Devil's Gambit
|-unboost|p1a: Devil's Gambit|def|1
|-unboost|p1a: Devil's Gambit|spd|1
|-boost|p1a: Devil's Gambit|atk|2
|-boost|p1a: Devil's Gambit|spa|2
|-boost|p1a: Devil's Gambit|spe|2
|
|-end|p2a: Mifune|move: Future Sight
|-resisted|p2a: Mifune
|-damage|p2a: Mifune|26/100
|upkeep
|turn|7
|
|t:|1654592041
|move|p1a: Devil's Gambit|Stored Power|p2a: Mifune
|-resisted|p2a: Mifune
|-damage|p2a: Mifune|0 fnt
|faint|p2a: Mifune
|
|upkeep
|
|t:|1654592047
|switch|p2a: Garchomp|Garchomp, M|100/100
|turn|8
|
|t:|1654592049
|move|p1a: Devil's Gambit|Stored Power|p2a: Garchomp
|-damage|p2a: Garchomp|9/100
|move|p2a: Garchomp|Scale Shot|p1a: Devil's Gambit
|-damage|p1a: Devil's Gambit|0 fnt
|faint|p1a: Devil's Gambit
|-hitcount|p1: Devil's Gambit|1
|-unboost|p2a: Garchomp|def|1
|-boost|p2a: Garchomp|spe|1
|
|-fieldend|move: Psychic Terrain
|upkeep
|inactive|Federa has 120 seconds left.
|
|t:|1654592094
|switch|p1a: No Heroes|Indeedee-F, F|100/100
|-fieldstart|move: Psychic Terrain|[from] ability: Psychic Surge|[of] p1a: No Heroes
|turn|9
|inactive|Federa has 90 seconds left.
|
|t:|1654592140
|move|p2a: Garchomp|Earthquake|p1a: No Heroes
|-damage|p1a: No Heroes|18/100
|move|p1a: No Heroes|Reflect|p1a: No Heroes
|-sidestart|p1: Federa|Reflect
|
|-sideend|p2: 2(H2O)|move: Light Screen
|upkeep
|turn|10
|inactive|Federa has 60 seconds left.
|inactive|2(H2O) has 120 seconds left.
|inactive|Federa has 30 seconds left.
|inactive|2(H2O) has 90 seconds left.
|inactive|2(H2O) has 60 seconds left.
|inactive|2(H2O) has 30 seconds left.
|
|t:|1654592262
|switch|p2a: Gyarados|Gyarados, M|100/100
|move|p1a: No Heroes|Healing Wish|p1a: No Heroes
|faint|p1a: No Heroes
|
|-sideend|p2: 2(H2O)|Reflect
|upkeep
|inactive|Federa has 30 seconds left this turn.
|inactive|Federa has 20 seconds left.
|inactive|Federa has 15 seconds left.
|
|t:|1654592280
|switch|p1a: Bad Time|Hawlucha, F|100/100
|-enditem|p1a: Bad Time|Psychic Seed
|-boost|p1a: Bad Time|spd|1|[from] item: Psychic Seed
|turn|11
|inactive|Federa has 25 seconds left this turn.
|-message|2(H2O) forfeited.
|
|win|Federa
|inactive|Federa has 30 seconds left this turn.
|raw|Federa's rating: 1541 &rarr; <strong>1562</strong><br />(+21 for winning)
|raw|2(H2O)'s rating: 1554 &rarr; <strong>1533</strong><br />(-21 for losing)
|l|☆2(H2O)
