|raw|<div class="broadcast-blue"><strong>This battle is required to be public due to a player having a name starting with 'lt94je'.</div>
|j|☆Bleudeon
|j|☆LT94JE Fuse
|t:|1661554675
|gametype|singles
|player|p1|Bleudeon|blue-gen1champion|1747
|player|p2|LT94JE Fuse|yellow|1733
|teamsize|p1|6
|teamsize|p2|6
|gen|8
|tier|[Gen 8] OU
|rated|
|rule|Sleep Clause Mod: Limit one foe put to sleep
|rule|Species Clause: Limit one of each Pokémon
|rule|OHKO Clause: OHKO moves are banned
|rule|Evasion Items Clause: Evasion items are banned
|rule|Evasion Moves Clause: Evasion moves are banned
|rule|Endless Battle Clause: Forcing endless battles is banned
|rule|HP Percentage Mod: HP is shown in percentages
|rule|Dynamax Clause: You cannot dynamax
|clearpoke
|poke|p1|Landorus-Therian, M|
|poke|p1|Urshifu-*, M|
|poke|p1|Kartana|
|poke|p1|Blacephalon|
|poke|p1|Garchomp, M|
|poke|p1|Dragapult, M|
|poke|p2|Necrozma|
|poke|p2|Tapu Lele|
|poke|p2|Urshifu-*, M|
|poke|p2|Tornadus-Therian, M|
|poke|p2|Gastrodon, F|
|poke|p2|Heatran, M|
|teampreview
|inactive|Battle timer is ON: inactive players will automatically lose when time's up. (requested by Bleudeon)
|inactive|LT94JE Fuse has 120 seconds left.
|c|☆LT94JE Fuse|Hf
|
|t:|1661554724
|start
|switch|p1a: Dragapult|Dragapult, M|100/100
|switch|p2a: Necrozma|Necrozma|100/100
|turn|1
|
|t:|1661554733
|move|p1a: Dragapult|Dragon Dance|p1a: Dragapult
|-boost|p1a: Dragapult|atk|1
|-boost|p1a: Dragapult|spe|1
|move|p2a: Necrozma|Photon Geyser|p1a: Dragapult
|-damage|p1a: Dragapult|0 fnt
|faint|p1a: Dragapult
|
|upkeep
|
|t:|1661554744
|switch|p1a: Landorus|Landorus-Therian, M|100/100
|-ability|p1a: Landorus|Intimidate|boost
|-unboost|p2a: Necrozma|atk|1
|turn|2
|inactive|LT94JE Fuse has 120 seconds left.
|
|t:|1661554776
|move|p1a: Landorus|Stealth Rock|p2a: Necrozma
|-sidestart|p2: LT94JE Fuse|move: Stealth Rock
|move|p2a: Necrozma|Photon Geyser|p1a: Landorus
|-damage|p1a: Landorus|35/100
|
|-heal|p1a: Landorus|41/100|[from] item: Leftovers
|upkeep
|turn|3
|
|t:|1661554786
|move|p1a: Landorus|Knock Off|p2a: Necrozma
|-supereffective|p2a: Necrozma
|-damage|p2a: Necrozma|59/100
|-enditem|p2a: Necrozma|Choice Specs|[from] move: Knock Off|[of] p1a: Landorus
|move|p2a: Necrozma|Photon Geyser|p1a: Landorus
|-damage|p1a: Landorus|0 fnt
|faint|p1a: Landorus
|
|upkeep
|
|t:|1661554796
|switch|p1a: Blacephalon|Blacephalon|100/100
|turn|4
|inactive|LT94JE Fuse has 120 seconds left.
|
|t:|1661554826
|switch|p2a: Tornadus|Tornadus-Therian, M|100/100
|move|p1a: Blacephalon|Calm Mind|p1a: Blacephalon
|-boost|p1a: Blacephalon|spa|1
|-boost|p1a: Blacephalon|spd|1
|
|upkeep
|turn|5
|
|t:|1661554832
|move|p2a: Tornadus|Knock Off|p1a: Blacephalon
|-supereffective|p1a: Blacephalon
|-damage|p1a: Blacephalon|4/100
|-enditem|p1a: Blacephalon|Leftovers|[from] move: Knock Off|[of] p2a: Tornadus
|move|p1a: Blacephalon|Flamethrower|p2a: Tornadus
|-damage|p2a: Tornadus|36/100
|
|upkeep
|turn|6
|
|t:|1661554840
|switch|p1a: Garchomp|Garchomp, M|100/100
|move|p2a: Tornadus|U-turn|p1a: Garchomp
|-damage|p1a: Garchomp|85/100
|-damage|p2a: Tornadus|24/100|[from] ability: Rough Skin|[of] p1a: Garchomp
|inactive|LT94JE Fuse has 120 seconds left.
|
|t:|1661554884
|switch|p2a: Tapu Lele|Tapu Lele|100/100|[from]move: U-turn
|-damage|p2a: Tapu Lele|88/100|[from] Stealth Rock
|-fieldstart|move: Psychic Terrain|[from] ability: Psychic Surge|[of] p2a: Tapu Lele
|
|-heal|p1a: Garchomp|91/100|[from] item: Leftovers
|upkeep
|turn|7
|
|t:|1661554893
|switch|p1a: Blacephalon|Blacephalon|4/100
|move|p2a: Tapu Lele|Moonblast|p1a: Blacephalon
|-resisted|p1a: Blacephalon
|-damage|p1a: Blacephalon|0 fnt
|faint|p1a: Blacephalon
|
|upkeep
|
|t:|1661554902
|switch|p1a: Kartana|Kartana|100/100
|turn|8
|
|t:|1661554909
|switch|p2a: Heatran|Heatran, M|100/100
|-damage|p2a: Heatran|88/100|[from] Stealth Rock
|move|p1a: Kartana|Swords Dance|p1a: Kartana
|-boost|p1a: Kartana|atk|2
|
|-heal|p2a: Heatran|94/100|[from] item: Leftovers
|upkeep
|turn|9
|
|t:|1661554919
|move|p1a: Kartana|Smart Strike|p2a: Heatran
|-resisted|p2a: Heatran
|-damage|p2a: Heatran|82/100
|-status|p1a: Kartana|brn|[from] ability: Flame Body|[of] p2a: Heatran
|move|p2a: Heatran|Magma Storm|p1a: Kartana
|-supereffective|p1a: Kartana
|-damage|p1a: Kartana|0 fnt
|faint|p1a: Kartana
|
|-heal|p2a: Heatran|88/100|[from] item: Leftovers
|upkeep
|
|t:|1661554931
|switch|p1a: Garchomp|Garchomp, M|91/100
|turn|10
|
|t:|1661554947
|switch|p2a: Tapu Lele|Tapu Lele|88/100
|-damage|p2a: Tapu Lele|76/100|[from] Stealth Rock
|move|p1a: Garchomp|Scale Shot|p2a: Tapu Lele
|-immune|p2a: Tapu Lele
|
|-heal|p1a: Garchomp|97/100|[from] item: Leftovers
|-fieldend|move: Psychic Terrain
|upkeep
|turn|11
|
|t:|1661554956
|move|p2a: Tapu Lele|Moonblast|p1a: Garchomp
|-supereffective|p1a: Garchomp
|-damage|p1a: Garchomp|0 fnt
|faint|p1a: Garchomp
|
|upkeep
|-message|Bleudeon forfeited.
|
|win|LT94JE Fuse
|raw|Bleudeon's rating: 1747 &rarr; <strong>1727</strong><br />(-20 for losing)
|raw|LT94JE Fuse's rating: 1743 &rarr; <strong>1763</strong><br />(+20 for winning)
|l|☆Bleudeon
|j| Gata Dadeira
||Ladder isn't responding, score probably updated but might not have (Request timeout).
|l| Gata Dadeira
