|j|☆jawabarat
|j|☆Nur'nKratzer
|t:|1660751714
|gametype|singles
|player|p1|jawabarat|artist-gen4|1605
|player|p2|Nur'nKratzer|richboy|1641
|teamsize|p1|6
|teamsize|p2|6
|gen|8
|tier|[Gen 8] OU
|rated|
|rule|Sleep Clause Mod: Limit one foe put to sleep
|rule|Species Clause: Limit one of each Pokémon
|rule|OHKO Clause: OHKO moves are banned
|rule|Evasion Items Clause: Evasion items are banned
|rule|Evasion Moves Clause: Evasion moves are banned
|rule|Endless Battle Clause: Forcing endless battles is banned
|rule|HP Percentage Mod: HP is shown in percentages
|rule|Dynamax Clause: You cannot dynamax
|clearpoke
|poke|p1|Dragapult, M|
|poke|p1|Klefki, M|
|poke|p1|Moltres-Galar|
|poke|p1|Corviknight, M|
|poke|p1|Mew|
|poke|p1|Garchomp, M|
|poke|p2|Vanilluxe, F|
|poke|p2|Arctozolt|
|poke|p2|Slowbro, F|
|poke|p2|Victini|
|poke|p2|Swampert, F|
|poke|p2|Mandibuzz, F|
|teampreview
|inactive|Battle timer is ON: inactive players will automatically lose when time's up. (requested by Nur'nKratzer)
|
|t:|1660751732
|start
|switch|p1a: STONE AND DUST|Garchomp, M, shiny|100/100
|switch|p2a: Vanilluxe|Vanilluxe, F|100/100
|-weather|Hail|[from] ability: Snow Warning|[of] p2a: Vanilluxe
|turn|1
|
|t:|1660751740
|move|p1a: STONE AND DUST|Earthquake|p2a: Vanilluxe
|-damage|p2a: Vanilluxe|28/100
|move|p2a: Vanilluxe|Blizzard|p1a: STONE AND DUST
|-supereffective|p1a: STONE AND DUST
|-damage|p1a: STONE AND DUST|0 fnt
|faint|p1a: STONE AND DUST
|
|-weather|Hail|[upkeep]
|upkeep
|
|t:|1660751752
|switch|p1a: COLTAINE|Klefki, M, shiny|100/100
|turn|2
|
|t:|1660751759
|switch|p2a: Swampert|Swampert, F|100/100
|move|p1a: COLTAINE|Light Screen|p1a: COLTAINE
|-sidestart|p1: jawabarat|move: Light Screen
|
|-weather|Hail|[upkeep]
|-damage|p1a: COLTAINE|95/100|[from] Hail
|-damage|p2a: Swampert|94/100|[from] Hail
|-heal|p2a: Swampert|100/100|[from] item: Leftovers
|upkeep
|turn|3
|
|t:|1660751768
|move|p1a: COLTAINE|Magic Coat|p1a: COLTAINE
|-singleturn|p1a: COLTAINE|move: Magic Coat
|move|p2a: Swampert|Stealth Rock|p1a: COLTAINE
|move|p1a: COLTAINE|Stealth Rock|p2a: Swampert|[from]Magic Coat
|-sidestart|p2: Nur'nKratzer|move: Stealth Rock
|
|-weather|Hail|[upkeep]
|-damage|p1a: COLTAINE|89/100|[from] Hail
|-damage|p2a: Swampert|94/100|[from] Hail
|-heal|p2a: Swampert|100/100|[from] item: Leftovers
|upkeep
|turn|4
|
|t:|1660751773
|move|p1a: COLTAINE|Reflect|p1a: COLTAINE
|-sidestart|p1: jawabarat|Reflect
|move|p2a: Swampert|Stealth Rock|p1a: COLTAINE
|-sidestart|p1: jawabarat|move: Stealth Rock
|
|-weather|Hail|[upkeep]
|-damage|p1a: COLTAINE|83/100|[from] Hail
|-damage|p2a: Swampert|94/100|[from] Hail
|-heal|p2a: Swampert|100/100|[from] item: Leftovers
|upkeep
|turn|5
|
|t:|1660751783
|switch|p1a: OTATARAL DRAGON|Dragapult, M, shiny|100/100
|-damage|p1a: OTATARAL DRAGON|88/100|[from] Stealth Rock
|move|p2a: Swampert|Earthquake|p1a: OTATARAL DRAGON
|-damage|p1a: OTATARAL DRAGON|64/100
|
|-weather|none
|upkeep
|turn|6
|
|t:|1660751789
|switch|p2a: Mandibuzz|Mandibuzz, F|100/100
|move|p1a: OTATARAL DRAGON|Dragon Dance|p1a: OTATARAL DRAGON
|-boost|p1a: OTATARAL DRAGON|atk|1
|-boost|p1a: OTATARAL DRAGON|spe|1
|
|upkeep
|turn|7
|
|t:|1660751797
|move|p1a: OTATARAL DRAGON|Dragon Darts|p2a: Mandibuzz
|-damage|p2a: Mandibuzz|73/100
|-anim|p1a: OTATARAL DRAGON|Dragon Darts|p2a: Mandibuzz
|-damage|p2a: Mandibuzz|49/100
|move|p2a: Mandibuzz|Foul Play|p1a: OTATARAL DRAGON
|-supereffective|p1a: OTATARAL DRAGON
|-damage|p1a: OTATARAL DRAGON|0 fnt
|faint|p1a: OTATARAL DRAGON
|
|upkeep
|
|t:|1660751805
|switch|p1a: BLOOD RED SUN|Moltres-Galar|100/100
|turn|8
|
|t:|1660751814
|move|p1a: BLOOD RED SUN|Agility|p1a: BLOOD RED SUN
|-boost|p1a: BLOOD RED SUN|spe|2
|move|p2a: Mandibuzz|Defog|p1a: BLOOD RED SUN
|-unboost|p1a: BLOOD RED SUN|evasion|1
|-sideend|p1: jawabarat|Reflect
|-sideend|p1: jawabarat|move: Light Screen
|-sideend|p1: jawabarat|Stealth Rock|[from] move: Defog|[of] p2a: Mandibuzz
|-sideend|p2: Nur'nKratzer|Stealth Rock|[from] move: Defog|[of] p2a: Mandibuzz
|
|upkeep
|turn|9
|
|t:|1660751830
|move|p1a: BLOOD RED SUN|Nasty Plot|p1a: BLOOD RED SUN
|-boost|p1a: BLOOD RED SUN|spa|2
|move|p2a: Mandibuzz|U-turn|p1a: BLOOD RED SUN
|-damage|p1a: BLOOD RED SUN|89/100
|
|t:|1660751835
|switch|p2a: Swampert|Swampert, F|100/100|[from]move: U-turn
|
|upkeep
|turn|10
|
|t:|1660751840
|move|p1a: BLOOD RED SUN|Taunt|p2a: Swampert
|-start|p2a: Swampert|move: Taunt
|cant|p2a: Swampert|move: Taunt|Toxic
|
|upkeep
|turn|11
|
|t:|1660751845
|move|p1a: BLOOD RED SUN|Nasty Plot|p1a: BLOOD RED SUN
|-boost|p1a: BLOOD RED SUN|spa|2
|move|p2a: Swampert|Flip Turn|p1a: BLOOD RED SUN
|-damage|p1a: BLOOD RED SUN|65/100
|
|t:|1660751851
|switch|p2a: Vanilluxe|Vanilluxe, F|28/100|[from]move: Flip Turn
|-weather|Hail|[from] ability: Snow Warning|[of] p2a: Vanilluxe
|
|-weather|Hail|[upkeep]
|-damage|p1a: BLOOD RED SUN|59/100|[from] Hail
|upkeep
|turn|12
|
|t:|1660751856
|move|p2a: Vanilluxe|Ice Shard|p1a: BLOOD RED SUN
|-supereffective|p1a: BLOOD RED SUN
|-damage|p1a: BLOOD RED SUN|31/100
|-ability|p1a: BLOOD RED SUN|Berserk|boost
|-boost|p1a: BLOOD RED SUN|spa|1
|move|p1a: BLOOD RED SUN|Fiery Wrath|p2a: Vanilluxe
|-damage|p2a: Vanilluxe|0 fnt
|faint|p2a: Vanilluxe
|
|-weather|Hail|[upkeep]
|-damage|p1a: BLOOD RED SUN|25/100|[from] Hail
|upkeep
|
|t:|1660751871
|switch|p2a: Swampert|Swampert, F|100/100
|turn|13
|
|t:|1660751881
|move|p1a: BLOOD RED SUN|Fiery Wrath|p2a: Swampert
|-damage|p2a: Swampert|0 fnt
|faint|p2a: Swampert
|
|-weather|Hail|[upkeep]
|-damage|p1a: BLOOD RED SUN|19/100|[from] Hail
|upkeep
|
|t:|1660751892
|switch|p2a: Mandibuzz|Mandibuzz, F|49/100
|turn|14
|
|t:|1660751896
|move|p1a: BLOOD RED SUN|Fiery Wrath|p2a: Mandibuzz
|-resisted|p2a: Mandibuzz
|-damage|p2a: Mandibuzz|0 fnt
|faint|p2a: Mandibuzz
|
|-weather|Hail|[upkeep]
|-damage|p1a: BLOOD RED SUN|12/100|[from] Hail
|upkeep
|
|t:|1660751906
|switch|p2a: Arctozolt|Arctozolt|100/100
|turn|15
|
|t:|1660751922
|move|p1a: BLOOD RED SUN|Fiery Wrath|p2a: Arctozolt
|-damage|p2a: Arctozolt|0 fnt
|faint|p2a: Arctozolt
|
|-weather|none
|upkeep
|-message|Nur'nKratzer forfeited.
|
|win|jawabarat
|raw|jawabarat's rating: 1605 &rarr; <strong>1627</strong><br />(+22 for winning)
|raw|Nur&apos;nKratzer's rating: 1641 &rarr; <strong>1619</strong><br />(-22 for losing)
|l|☆Nur'nKratzer
|c|☆jawabarat|gg
||Ladder isn't responding, score probably updated but might not have (Request timeout).
