|j|☆Le-Perpetrator
|j|☆Rorschach I
|player|p1|Le-Perpetrator|102|1733
|player|p2|Rorschach I|cynthia|1808
|teamsize|p1|6
|teamsize|p2|6
|gametype|singles
|gen|8
|tier|[Gen 8] OU
|rated|
|clearpoke
|poke|p1|Toxtricity-Low-Key, M|
|poke|p1|Ferrothorn, F|
|poke|p1|Togekiss, F|
|poke|p1|Dracovish|
|poke|p1|Grimmsnarl, M|
|poke|p1|Mamoswine, F|
|poke|p2|Terrakion|
|poke|p2|Aegislash, F|
|poke|p2|Crawdaunt, M|
|poke|p2|Zeraora|
|poke|p2|Kyurem|
|poke|p2|Togekiss, F|
|rule|Sleep Clause Mod: Limit one foe put to sleep
|rule|Species Clause: Limit one of each Pokémon
|rule|OHKO Clause: OHKO moves are banned
|rule|Evasion Moves Clause: Evasion moves are banned
|rule|Endless Battle Clause: Forcing endless battles is banned
|rule|HP Percentage Mod: HP is shown in percentages
|rule|Dynamax Clause: You cannot dynamax
|teampreview
|inactive|Battle timer is ON: inactive players will automatically lose when time's up. (requested by Rorschach I)
|j| Alemantas194
|
|start
|switch|p1a: Grimmsnarl|Grimmsnarl, M|100/100
|switch|p2a: Terrakion|Terrakion|100/100
|turn|1
|
|move|p1a: Grimmsnarl|Taunt|p2a: Terrakion
|-start|p2a: Terrakion|move: Taunt
|cant|p2a: Terrakion|move: Taunt|Taunt
|
|upkeep
|turn|2
|
|move|p1a: Grimmsnarl|Reflect|p1a: Grimmsnarl
|-sidestart|p1: Le-Perpetrator|Reflect
|move|p2a: Terrakion|Close Combat|p1a: Grimmsnarl
|-damage|p1a: Grimmsnarl|72/100
|-unboost|p2a: Terrakion|def|1
|-unboost|p2a: Terrakion|spd|1
|
|upkeep
|turn|3
|
|move|p2a: Terrakion|Close Combat|p1a: Grimmsnarl
|-damage|p1a: Grimmsnarl|45/100
|-unboost|p2a: Terrakion|def|1
|-unboost|p2a: Terrakion|spd|1
|move|p1a: Grimmsnarl|Spirit Break|p2a: Terrakion
|-supereffective|p2a: Terrakion
|-enditem|p2a: Terrakion|Focus Sash
|-damage|p2a: Terrakion|1/100
|-unboost|p2a: Terrakion|spa|1
|
|-end|p2a: Terrakion|move: Taunt
|upkeep
|turn|4
|
|move|p1a: Grimmsnarl|Taunt|p2a: Terrakion
|-start|p2a: Terrakion|move: Taunt
|move|p2a: Terrakion|Close Combat|p1a: Grimmsnarl
|-damage|p1a: Grimmsnarl|18/100
|-unboost|p2a: Terrakion|def|1
|-unboost|p2a: Terrakion|spd|1
|
|upkeep
|turn|5
|
|switch|p1a: Ferrothorn|Ferrothorn, F|100/100
|move|p2a: Terrakion|Close Combat|p1a: Ferrothorn
|-supereffective|p1a: Ferrothorn
|-damage|p1a: Ferrothorn|55/100
|-unboost|p2a: Terrakion|def|1
|-unboost|p2a: Terrakion|spd|1
|-damage|p2a: Terrakion|0 fnt|[from] ability: Iron Barbs|[of] p1a: Ferrothorn
|faint|p2a: Terrakion
|
|upkeep
|
|switch|p2a: Kyurem|Kyurem|100/100
|-ability|p2a: Kyurem|Pressure
|turn|6
|
|move|p2a: Kyurem|Ice Beam|p1a: Ferrothorn
|-damage|p1a: Ferrothorn|9/100
|move|p1a: Ferrothorn|Gyro Ball|p2a: Kyurem
|-supereffective|p2a: Kyurem
|-damage|p2a: Kyurem|5/100
|
|upkeep
|turn|7
|
|move|p2a: Kyurem|Ice Beam|p1a: Ferrothorn
|-damage|p1a: Ferrothorn|0 fnt
|faint|p1a: Ferrothorn
|
|upkeep
|
|switch|p1a: Mamoswine|Mamoswine, F|100/100
|turn|8
|
|move|p1a: Mamoswine|Ice Shard|p2a: Kyurem
|-damage|p2a: Kyurem|0 fnt
|faint|p2a: Kyurem
|
|upkeep
|
|switch|p2a: Togekiss|Togekiss, F|100/100
|turn|9
|
|move|p1a: Mamoswine|Ice Shard|p2a: Togekiss
|-supereffective|p2a: Togekiss
|-damage|p2a: Togekiss|23/100
|move|p2a: Togekiss|Air Slash|p1a: Mamoswine
|-damage|p1a: Mamoswine|50/100
|
|-sideend|p1: Le-Perpetrator|Reflect
|upkeep
|turn|10
|
|switch|p2a: Crawdaunt|Crawdaunt, M|100/100
|move|p1a: Mamoswine|Ice Shard|p2a: Crawdaunt
|-resisted|p2a: Crawdaunt
|-damage|p2a: Crawdaunt|76/100
|
|upkeep
|turn|11
|
|switch|p1a: Grimmsnarl|Grimmsnarl, M|18/100
|move|p2a: Crawdaunt|Knock Off|p1a: Grimmsnarl
|-resisted|p1a: Grimmsnarl
|-damage|p1a: Grimmsnarl|0 fnt
|-enditem|p1a: Grimmsnarl|Light Clay|[from] move: Knock Off|[of] p2a: Crawdaunt
|-damage|p2a: Crawdaunt|66/100|[from] item: Life Orb
|faint|p1a: Grimmsnarl
|
|upkeep
|
|switch|p1a: Dracovish|Dracovish|100/100
|turn|12
|
|switch|p2a: Aegislash|Aegislash, F|100/100
|-item|p2a: Aegislash|Air Balloon
|move|p1a: Dracovish|Fishious Rend|p2a: Aegislash
|-crit|p2a: Aegislash
|-damage|p2a: Aegislash|0 fnt
|-enditem|p2a: Aegislash|Air Balloon
|faint|p2a: Aegislash
|
|upkeep
|
|switch|p2a: Zeraora|Zeraora|100/100
|turn|13
|
|move|p2a: Zeraora|Bulk Up|p2a: Zeraora
|-boost|p2a: Zeraora|atk|1
|-boost|p2a: Zeraora|def|1
|move|p1a: Dracovish|Fishious Rend|p2a: Zeraora
|-damage|p2a: Zeraora|29/100
|
|upkeep
|turn|14
|
|move|p2a: Zeraora|Play Rough|p1a: Dracovish
|-supereffective|p1a: Dracovish
|-damage|p1a: Dracovish|0 fnt
|-damage|p2a: Zeraora|19/100|[from] item: Life Orb
|faint|p1a: Dracovish
|
|upkeep
|
|switch|p1a: Mamoswine|Mamoswine, F|50/100
|turn|15
|
|switch|p2a: Crawdaunt|Crawdaunt, M|66/100
|move|p1a: Mamoswine|Ice Shard|p2a: Crawdaunt
|-resisted|p2a: Crawdaunt
|-damage|p2a: Crawdaunt|43/100
|
|upkeep
|turn|16
|
|switch|p1a: Toxtricity|Toxtricity-Low-Key, M|100/100
|move|p2a: Crawdaunt|Aqua Jet|p1a: Toxtricity
|-damage|p1a: Toxtricity|45/100
|-damage|p2a: Crawdaunt|33/100|[from] item: Life Orb
|
|upkeep
|turn|17
|
|move|p2a: Crawdaunt|Aqua Jet|p1a: Toxtricity
|-damage|p1a: Toxtricity|0 fnt
|-damage|p2a: Crawdaunt|24/100|[from] item: Life Orb
|faint|p1a: Toxtricity
|
|upkeep
|
|switch|p1a: Togekiss|Togekiss, F|100/100
|turn|18
|
|switch|p2a: Togekiss|Togekiss, F|23/100
|move|p1a: Togekiss|Air Slash|p2a: Togekiss
|-damage|p2a: Togekiss|0 fnt
|faint|p2a: Togekiss
|
|upkeep
|
|switch|p2a: Zeraora|Zeraora|19/100
|turn|19
|
|move|p2a: Zeraora|Drain Punch|p1a: Togekiss
|-resisted|p1a: Togekiss
|-damage|p1a: Togekiss|91/100
|-heal|p2a: Zeraora|24/100|[from] drain|[of] p1a: Togekiss
|-damage|p2a: Zeraora|14/100|[from] item: Life Orb
|move|p1a: Togekiss|Flamethrower|p2a: Zeraora
|-damage|p2a: Zeraora|0 fnt
|faint|p2a: Zeraora
|
|-heal|p1a: Togekiss|97/100|[from] item: Leftovers
|upkeep
|-message|Rorschach I forfeited.
|
|win|Le-Perpetrator
|l|☆Rorschach I
