|j|☆gotsnsd
|j|☆minimax_ai
|t:|1665006871
|gametype|singles
|player|p1|gotsnsd|beauty-gen2jp|1690
|player|p2|minimax_ai|lusamine-nihilego|1678
|teamsize|p1|6
|teamsize|p2|6
|gen|8
|tier|[Gen 8] OU
|rated|
|rule|Sleep Clause Mod: Limit one foe put to sleep
|rule|Species Clause: Limit one of each Pokémon
|rule|OHKO Clause: OHKO moves are banned
|rule|Evasion Items Clause: Evasion items are banned
|rule|Evasion Moves Clause: Evasion moves are banned
|rule|Endless Battle Clause: Forcing endless battles is banned
|rule|HP Percentage Mod: HP is shown in percentages
|rule|Dynamax Clause: You cannot dynamax
|clearpoke
|poke|p1|Melmetal|
|poke|p1|Blacephalon|
|poke|p1|Tapu Fini|
|poke|p1|Tornadus-Therian, M|
|poke|p1|Landorus-Therian, M|
|poke|p1|Kommo-o, M|
|poke|p2|Rotom-Wash|
|poke|p2|Weavile, M|
|poke|p2|Landorus-Therian, M|
|poke|p2|Heatran, M|
|poke|p2|Tangrowth, M|
|poke|p2|Melmetal|
|teampreview
|c|☆minimax_ai|hf
|inactive|Battle timer is ON: inactive players will automatically lose when time's up. (requested by minimax_ai)
|j| Zanryo
|j| Bro★taro
|inactive|gotsnsd has 120 seconds left.
|
|t:|1665006912
|start
|switch|p1a: Tapu Fini|Tapu Fini|100/100
|switch|p2a: Melmetal|Melmetal|100/100
|-fieldstart|move: Misty Terrain|[from] ability: Misty Surge|[of] p1a: Tapu Fini
|turn|1
|
|t:|1665006925
|switch|p1a: Melmetal|Melmetal|100/100
|move|p2a: Melmetal|Double Iron Bash|p1a: Melmetal
|-resisted|p1a: Melmetal
|-damage|p1a: Melmetal|89/100
|-resisted|p1a: Melmetal
|-damage|p1a: Melmetal|76/100
|-hitcount|p1a: Melmetal|2
|
|upkeep
|turn|2
|
|t:|1665006936
|switch|p2a: rotomwash|Rotom-Wash|100/100
|move|p1a: Melmetal|Double Iron Bash|p2a: rotomwash
|-resisted|p2a: rotomwash
|-damage|p2a: rotomwash|88/100
|-resisted|p2a: rotomwash
|-damage|p2a: rotomwash|76/100
|-hitcount|p2a: rotomwash|2
|
|-heal|p2a: rotomwash|83/100|[from] item: Leftovers
|upkeep
|turn|3
|
|t:|1665006946
|switch|p1a: Tornadus|Tornadus-Therian, M|100/100
|move|p2a: rotomwash|Nasty Plot|p2a: rotomwash
|-boost|p2a: rotomwash|spa|2
|
|-heal|p2a: rotomwash|89/100|[from] item: Leftovers
|upkeep
|turn|4
|
|t:|1665006952
|move|p1a: Tornadus|Knock Off|p2a: rotomwash
|-damage|p2a: rotomwash|69/100
|-enditem|p2a: rotomwash|Leftovers|[from] move: Knock Off|[of] p1a: Tornadus
|move|p2a: rotomwash|Hydro Pump|p1a: Tornadus|[miss]
|-miss|p2a: rotomwash|p1a: Tornadus
|
|upkeep
|turn|5
|
|t:|1665006957
|switch|p1a: Kommo-o|Kommo-o, M|100/100
|move|p2a: rotomwash|Hydro Pump|p1a: Kommo-o
|-resisted|p1a: Kommo-o
|-damage|p1a: Kommo-o|59/100
|
|-fieldend|Misty Terrain
|upkeep
|turn|6
|
|t:|1665006963
|move|p2a: rotomwash|Hydro Pump|p1a: Kommo-o
|-resisted|p1a: Kommo-o
|-damage|p1a: Kommo-o|23/100
|move|p1a: Kommo-o|Toxic|p2a: rotomwash
|-status|p2a: rotomwash|tox
|
|-damage|p2a: rotomwash|63/100 tox|[from] psn
|upkeep
|turn|7
|
|t:|1665006966
|move|p2a: rotomwash|Hydro Pump|p1a: Kommo-o
|-resisted|p1a: Kommo-o
|-damage|p1a: Kommo-o|0 fnt
|faint|p1a: Kommo-o
|
|-damage|p2a: rotomwash|50/100 tox|[from] psn
|upkeep
|
|t:|1665006973
|switch|p1a: Blacephalon|Blacephalon|100/100
|turn|8
|
|t:|1665006976
|switch|p2a: landorustherian|Landorus-Therian, M|100/100
|-ability|p2a: landorustherian|Intimidate|boost
|-unboost|p1a: Blacephalon|atk|1
|move|p1a: Blacephalon|Shadow Ball|p2a: landorustherian
|-damage|p2a: landorustherian|49/100
|
|-heal|p2a: landorustherian|55/100|[from] item: Leftovers
|upkeep
|turn|9
|
|t:|1665006984
|switch|p2a: Melmetal|Melmetal|100/100
|move|p1a: Blacephalon|Shadow Ball|p2a: Melmetal
|-damage|p2a: Melmetal|66/100
|
|upkeep
|turn|10
|
|t:|1665006991
|switch|p1a: Landorus|Landorus-Therian, M|100/100
|-ability|p1a: Landorus|Intimidate|boost
|-unboost|p2a: Melmetal|atk|1
|move|p2a: Melmetal|Double Iron Bash|p1a: Landorus
|-damage|p1a: Landorus|73/100
|-damage|p1a: Landorus|47/100
|-hitcount|p1a: Landorus|2
|
|-heal|p1a: Landorus|53/100|[from] item: Leftovers
|upkeep
|turn|11
|
|t:|1665006998
|switch|p1a: Blacephalon|Blacephalon|100/100
|move|p2a: Melmetal|Ice Punch|p1a: Blacephalon
|-resisted|p1a: Blacephalon
|-damage|p1a: Blacephalon|74/100
|
|upkeep
|turn|12
|
|t:|1665007003
|switch|p2a: rotomwash|Rotom-Wash|50/100 tox
|move|p1a: Blacephalon|Overheat|p2a: rotomwash
|-resisted|p2a: rotomwash
|-damage|p2a: rotomwash|0 fnt
|-unboost|p1a: Blacephalon|spa|2
|faint|p2a: rotomwash
|-ability|p1a: Blacephalon|Beast Boost|boost
|-boost|p1a: Blacephalon|spa|1
|
|upkeep
|
|t:|1665007003
|switch|p2a: Heatran|Heatran, M|100/100
|-item|p2a: Heatran|Air Balloon
|turn|13
|
|t:|1665007008
|switch|p1a: Tapu Fini|Tapu Fini|100/100
|-fieldstart|move: Misty Terrain|[from] ability: Misty Surge|[of] p1a: Tapu Fini
|move|p2a: Heatran|Magma Storm|p1a: Tapu Fini
|-resisted|p1a: Tapu Fini
|-damage|p1a: Tapu Fini|85/100
|-activate|p1a: Tapu Fini|move: Magma Storm|[of] p2a: Heatran
|
|-heal|p1a: Tapu Fini|91/100|[from] item: Leftovers
|-damage|p1a: Tapu Fini|79/100|[from] move: Magma Storm|[partiallytrapped]
|upkeep
|turn|14
|
|t:|1665007019
|move|p2a: Heatran|Magma Storm|p1a: Tapu Fini
|-resisted|p1a: Tapu Fini
|-damage|p1a: Tapu Fini|63/100
|move|p1a: Tapu Fini|Scald|p2a: Heatran
|-supereffective|p2a: Heatran
|-damage|p2a: Heatran|44/100
|-enditem|p2a: Heatran|Air Balloon
|
|-heal|p1a: Tapu Fini|69/100|[from] item: Leftovers
|-damage|p1a: Tapu Fini|57/100|[from] move: Magma Storm|[partiallytrapped]
|upkeep
|turn|15
|
|t:|1665007023
|move|p2a: Heatran|Earth Power|p1a: Tapu Fini
|-damage|p1a: Tapu Fini|36/100
|move|p1a: Tapu Fini|Scald|p2a: Heatran
|-supereffective|p2a: Heatran
|-damage|p2a: Heatran|0 fnt
|faint|p2a: Heatran
|
|-heal|p1a: Tapu Fini|42/100|[from] item: Leftovers
|-end|p1a: Tapu Fini|Magma Storm|[partiallytrapped]|[silent]
|upkeep
|
|t:|1665007023
|switch|p2a: Melmetal|Melmetal|66/100
|turn|16
|
|t:|1665007027
|switch|p1a: Melmetal|Melmetal|76/100
|move|p2a: Melmetal|Double Iron Bash|p1a: Melmetal
|-resisted|p1a: Melmetal
|-damage|p1a: Melmetal|64/100
|-resisted|p1a: Melmetal
|-damage|p1a: Melmetal|52/100
|-hitcount|p1a: Melmetal|2
|
|upkeep
|turn|17
|
|t:|1665007030
|move|p1a: Melmetal|Double Iron Bash|p2a: Melmetal
|-resisted|p2a: Melmetal
|-damage|p2a: Melmetal|53/100
|-resisted|p2a: Melmetal
|-damage|p2a: Melmetal|39/100
|-hitcount|p2a: Melmetal|2
|cant|p2a: Melmetal|flinch
|
|-fieldend|Misty Terrain
|upkeep
|turn|18
|
|t:|1665007033
|move|p1a: Melmetal|Earthquake|p2a: Melmetal
|-supereffective|p2a: Melmetal
|-damage|p2a: Melmetal|0 fnt
|faint|p2a: Melmetal
|
|upkeep
|
|t:|1665007033
|switch|p2a: landorustherian|Landorus-Therian, M|55/100
|-ability|p2a: landorustherian|Intimidate|boost
|-unboost|p1a: Melmetal|atk|1
|turn|19
|
|t:|1665007039
|switch|p1a: Landorus|Landorus-Therian, M|53/100
|-ability|p1a: Landorus|Intimidate|boost
|-unboost|p2a: landorustherian|atk|1
|move|p2a: landorustherian|Earthquake|p1a: Landorus
|-immune|p1a: Landorus
|
|-heal|p1a: Landorus|59/100|[from] item: Leftovers
|-heal|p2a: landorustherian|61/100|[from] item: Leftovers
|upkeep
|turn|20
|j| Zeratosk
|
|t:|1665007059
|move|p1a: Landorus|Swords Dance|p1a: Landorus
|-boost|p1a: Landorus|atk|2
|move|p2a: landorustherian|U-turn|p1a: Landorus
|-resisted|p1a: Landorus
|-damage|p1a: Landorus|51/100
|
|t:|1665007059
|switch|p2a: Weavile|Weavile, M|100/100|[from]move: U-turn
|-ability|p2a: Weavile|Pressure
|
|-heal|p1a: Landorus|57/100|[from] item: Leftovers
|upkeep
|turn|21
|
|t:|1665007064
|move|p2a: Weavile|Knock Off|p1a: Landorus
|-damage|p1a: Landorus|0 fnt
|-enditem|p1a: Landorus|Leftovers|[from] move: Knock Off|[of] p2a: Weavile
|faint|p1a: Landorus
|
|upkeep
|
|t:|1665007073
|switch|p1a: Melmetal|Melmetal|52/100
|turn|22
|
|t:|1665007076
|switch|p2a: Tangrowth|Tangrowth, M|100/100
|move|p1a: Melmetal|Double Iron Bash|p2a: Tangrowth
|-damage|p2a: Tangrowth|76/100
|-crit|p2a: Tangrowth
|-damage|p2a: Tangrowth|43/100
|-hitcount|p2a: Tangrowth|2
|
|upkeep
|turn|23
|
|t:|1665007079
|move|p1a: Melmetal|Double Iron Bash|p2a: Tangrowth
|-damage|p2a: Tangrowth|18/100
|-damage|p2a: Tangrowth|0 fnt
|faint|p2a: Tangrowth
|-hitcount|p2: Tangrowth|2
|
|upkeep
|
|t:|1665007079
|switch|p2a: landorustherian|Landorus-Therian, M|61/100
|-ability|p2a: landorustherian|Intimidate|boost
|-unboost|p1a: Melmetal|atk|1
|turn|24
|
|t:|1665007085
|switch|p1a: Blacephalon|Blacephalon|74/100
|move|p2a: landorustherian|Earthquake|p1a: Blacephalon
|-supereffective|p1a: Blacephalon
|-damage|p1a: Blacephalon|0 fnt
|faint|p1a: Blacephalon
|
|-heal|p2a: landorustherian|67/100|[from] item: Leftovers
|upkeep
|
|t:|1665007093
|switch|p1a: Tornadus|Tornadus-Therian, M|100/100
|turn|25
|
|t:|1665007097
|move|p1a: Tornadus|Knock Off|p2a: landorustherian
|-damage|p2a: landorustherian|47/100
|-enditem|p2a: landorustherian|Leftovers|[from] move: Knock Off|[of] p1a: Tornadus
|move|p2a: landorustherian|Earthquake|p1a: Tornadus
|-immune|p1a: Tornadus
|
|upkeep
|turn|26
|
|t:|1665007100
|move|p1a: Tornadus|Hurricane|p2a: landorustherian
|-damage|p2a: landorustherian|14/100
|-start|p2a: landorustherian|confusion
|-activate|p2a: landorustherian|confusion
|-damage|p2a: landorustherian|1/100|[from] confusion
|
|upkeep
|turn|27
|
|t:|1665007118
|switch|p1a: Tapu Fini|Tapu Fini|42/100
|-fieldstart|move: Misty Terrain|[from] ability: Misty Surge|[of] p1a: Tapu Fini
|-activate|p2a: landorustherian|confusion
|move|p2a: landorustherian|Earthquake|p1a: Tapu Fini
|-damage|p1a: Tapu Fini|1/100
|
|-heal|p1a: Tapu Fini|8/100|[from] item: Leftovers
|upkeep
|turn|28
|j| Disrespectn
|
|t:|1665007122
|move|p1a: Tapu Fini|Scald|p2a: landorustherian
|-supereffective|p2a: landorustherian
|-damage|p2a: landorustherian|0 fnt
|faint|p2a: landorustherian
|
|-heal|p1a: Tapu Fini|14/100|[from] item: Leftovers
|upkeep
|
|t:|1665007122
|switch|p2a: Weavile|Weavile, M|100/100
|-ability|p2a: Weavile|Pressure
|turn|29
|
|t:|1665007125
|move|p2a: Weavile|Knock Off|p1a: Tapu Fini
|-resisted|p1a: Tapu Fini
|-damage|p1a: Tapu Fini|0 fnt
|-enditem|p1a: Tapu Fini|Leftovers|[from] move: Knock Off|[of] p2a: Weavile
|faint|p1a: Tapu Fini
|
|upkeep
|
|t:|1665007127
|switch|p1a: Melmetal|Melmetal|52/100
|turn|30
|
|t:|1665007129
|move|p2a: Weavile|Knock Off|p1a: Melmetal
|-damage|p1a: Melmetal|10/100
|-enditem|p1a: Melmetal|Protective Pads|[from] move: Knock Off|[of] p2a: Weavile
|move|p1a: Melmetal|Double Iron Bash|p2a: Weavile
|-supereffective|p2a: Weavile
|-damage|p2a: Weavile|0 fnt
|faint|p2a: Weavile
|-hitcount|p2: Weavile|1
|
|win|gotsnsd
|raw|gotsnsd's rating: 1690 &rarr; <strong>1709</strong><br />(+19 for winning)
|raw|minimax_ai's rating: 1678 &rarr; <strong>1659</strong><br />(-19 for losing)
|c|☆minimax_ai|gg
