|j|☆Tamagochi gemelo
|j|☆cump3
|t:|1657315842
|gametype|singles
|player|p1|Tamagochi gemelo|2|1396
|player|p2|cump3|102|1451
|teamsize|p1|6
|teamsize|p2|6
|gen|8
|tier|[Gen 8] OU
|rated|
|rule|Sleep Clause Mod: Limit one foe put to sleep
|rule|Species Clause: Limit one of each Pokémon
|rule|OHKO Clause: OHKO moves are banned
|rule|Evasion Moves Clause: Evasion moves are banned
|rule|Endless Battle Clause: Forcing endless battles is banned
|rule|HP Percentage Mod: HP is shown in percentages
|rule|Dynamax Clause: You cannot dynamax
|clearpoke
|poke|p1|Blacephalon|
|poke|p1|Tapu Lele|
|poke|p1|Kartana|
|poke|p1|Corviknight, F|
|poke|p1|Urshifu-*, F|
|poke|p1|Landorus-Therian, M|
|poke|p2|Ferrothorn, F|
|poke|p2|Tornadus-Therian, M|
|poke|p2|Slowking, M|
|poke|p2|Tapu Lele|
|poke|p2|Diggersby, M|
|poke|p2|Weavile, F|
|teampreview
|
|t:|1657315852
|start
|switch|p1a: Urshifu|Urshifu-Rapid-Strike, F|100/100
|switch|p2a: Diggersby|Diggersby, M, shiny|100/100
|turn|1
|
|t:|1657315860
|switch|p2a: Ferrothorn|Ferrothorn, F|100/100
|move|p1a: Urshifu|U-turn|p2a: Ferrothorn
|-damage|p2a: Ferrothorn|86/100
|-activate|p2a: Ferrothorn|ability: Iron Barbs
|-activate|p1a: Urshifu|item: Protective Pads
|
|t:|1657315864
|switch|p1a: Blacephalon|Blacephalon|100/100|[from]move: U-turn
|
|upkeep
|turn|2
|
|t:|1657315870
|switch|p2a: Slowking|Slowking, M, shiny|100/100
|move|p1a: Blacephalon|Overheat|p2a: Slowking
|-resisted|p2a: Slowking
|-damage|p2a: Slowking|69/100
|-unboost|p1a: Blacephalon|spa|2
|
|upkeep
|turn|3
|
|t:|1657315875
|switch|p1a: Urshifu|Urshifu-Rapid-Strike, F|100/100
|move|p2a: Slowking|Scald|p1a: Urshifu
|-resisted|p1a: Urshifu
|-damage|p1a: Urshifu|79/100
|-status|p1a: Urshifu|brn
|
|-damage|p1a: Urshifu|73/100 brn|[from] brn
|upkeep
|turn|4
|
|t:|1657315878
|move|p1a: Urshifu|U-turn|p2a: Slowking
|-supereffective|p2a: Slowking
|-damage|p2a: Slowking|46/100
|
|t:|1657315880
|switch|p1a: Blacephalon|Blacephalon|100/100|[from]move: U-turn
|move|p2a: Slowking|Teleport|p2a: Slowking
|inactive|Battle timer is ON: inactive players will automatically lose when time's up. (requested by Tamagochi gemelo)
|
|t:|1657315884
|switch|p2a: Weavile|Weavile, F|100/100|[from]move: Teleport
|
|upkeep
|turn|5
|
|t:|1657315890
|switch|p1a: Corviknight|Corviknight, F|100/100
|-ability|p1a: Corviknight|Pressure
|move|p2a: Weavile|Knock Off|p1a: Corviknight
|-damage|p1a: Corviknight|67/100
|-enditem|p1a: Corviknight|Leftovers|[from] move: Knock Off|[of] p2a: Weavile
|
|upkeep
|turn|6
|
|t:|1657315894
|switch|p2a: Ferrothorn|Ferrothorn, F|86/100
|move|p1a: Corviknight|Roost|p1a: Corviknight
|-heal|p1a: Corviknight|100/100
|-singleturn|p1a: Corviknight|move: Roost
|
|upkeep
|turn|7
|
|t:|1657315897
|switch|p1a: Blacephalon|Blacephalon|100/100
|move|p2a: Ferrothorn|Leech Seed|p1a: Blacephalon
|-start|p1a: Blacephalon|move: Leech Seed
|
|-damage|p1a: Blacephalon|88/100|[from] Leech Seed|[of] p2a: Ferrothorn
|-heal|p2a: Ferrothorn|94/100|[silent]
|upkeep
|turn|8
|
|t:|1657315901
|switch|p2a: Slowking|Slowking, M, shiny|79/100
|move|p1a: Blacephalon|Shadow Ball|p2a: Slowking
|-supereffective|p2a: Slowking
|-damage|p2a: Slowking|2/100
|
|-damage|p1a: Blacephalon|76/100|[from] Leech Seed|[of] p2a: Slowking
|-heal|p2a: Slowking|9/100|[silent]
|upkeep
|turn|9
|
|t:|1657315907
|switch|p1a: Tapu Lele|Tapu Lele|100/100
|-fieldstart|move: Psychic Terrain|[from] ability: Psychic Surge|[of] p1a: Tapu Lele
|switch|p2a: Diggersby|Diggersby, M, shiny|100/100
|
|upkeep
|turn|10
|
|t:|1657315917
|switch|p2a: Slowking|Slowking, M, shiny|43/100
|move|p1a: Tapu Lele|Moonblast|p2a: Slowking
|-damage|p2a: Slowking|0 fnt
|faint|p2a: Slowking
|
|upkeep
|
|t:|1657315927
|switch|p2a: Weavile|Weavile, F|100/100
|turn|11
|
|t:|1657315932
|switch|p1a: Corviknight|Corviknight, F|100/100
|-ability|p1a: Corviknight|Pressure
|move|p2a: Weavile|Poison Jab|p1a: Corviknight
|-immune|p1a: Corviknight
|
|upkeep
|turn|12
|
|t:|1657315936
|switch|p2a: Ferrothorn|Ferrothorn, F|94/100
|move|p1a: Corviknight|U-turn|p2a: Ferrothorn
|-damage|p2a: Ferrothorn|86/100
|-damage|p1a: Corviknight|88/100|[from] ability: Iron Barbs|[of] p2a: Ferrothorn
|-damage|p1a: Corviknight|71/100|[from] item: Rocky Helmet|[of] p2a: Ferrothorn
|
|t:|1657315938
|switch|p1a: Blacephalon|Blacephalon|76/100|[from]move: U-turn
|
|upkeep
|turn|13
|
|t:|1657315947
|switch|p2a: Tornadus|Tornadus-Therian, M, shiny|100/100
|move|p1a: Blacephalon|Overheat|p2a: Tornadus
|-damage|p2a: Tornadus|0 fnt
|-unboost|p1a: Blacephalon|spa|2
|faint|p2a: Tornadus
|-ability|p1a: Blacephalon|Beast Boost|boost
|-boost|p1a: Blacephalon|spa|1
|
|-fieldend|move: Psychic Terrain
|upkeep
|
|t:|1657315954
|switch|p2a: Diggersby|Diggersby, M, shiny|100/100
|turn|14
|
|t:|1657315960
|move|p1a: Blacephalon|Overheat|p2a: Diggersby
|-damage|p2a: Diggersby|0 fnt
|-unboost|p1a: Blacephalon|spa|2
|faint|p2a: Diggersby
|-ability|p1a: Blacephalon|Beast Boost|boost
|-boost|p1a: Blacephalon|spa|1
|
|upkeep
|-message|cump3 forfeited.
|
|win|Tamagochi gemelo
|raw|Tamagochi gemelo's rating: 1396 &rarr; <strong>1419</strong><br />(+23 for winning)
|raw|cump3's rating: 1451 &rarr; <strong>1428</strong><br />(-23 for losing)
|l|☆cump3
