|j|☆Imsobaked
|j|☆Buhrito
|t:|1634702149
|gametype|singles
|player|p1|Imsobaked|hiker-gen4|1425
|player|p2|Buhrito|preschooler|1445
|teamsize|p1|6
|teamsize|p2|6
|gen|8
|tier|[Gen 8] OU
|rated|
|rule|Sleep Clause Mod: Limit one foe put to sleep
|rule|Species Clause: Limit one of each Pokémon
|rule|OHKO Clause: OHKO moves are banned
|rule|Evasion Moves Clause: Evasion moves are banned
|rule|Endless Battle Clause: Forcing endless battles is banned
|rule|HP Percentage Mod: HP is shown in percentages
|rule|Dynamax Clause: You cannot dynamax
|clearpoke
|poke|p1|Clefable, M|
|poke|p1|Dragapult, F|
|poke|p1|Buzzwole|
|poke|p1|Kyurem|
|poke|p1|Corviknight, M|
|poke|p1|Slowbro, F|
|poke|p2|Cloyster, M|
|poke|p2|Torkoal, M|
|poke|p2|Corviknight, F|
|poke|p2|Chansey, F|
|poke|p2|Venusaur, M|
|poke|p2|Garchomp, F|
|teampreview
|
|t:|1634702154
|start
|switch|p1a: Dragapult|Dragapult, F|100/100
|switch|p2a: Torkoal|Torkoal, M|100/100
|-weather|SunnyDay|[from] ability: Drought|[of] p2a: Torkoal
|turn|1
|
|t:|1634702161
|switch|p2a: Corviknight|Corviknight, F|100/100
|-ability|p2a: Corviknight|Pressure
|move|p1a: Dragapult|Shadow Ball|p2a: Corviknight
|-damage|p2a: Corviknight|52/100
|
|-weather|SunnyDay|[upkeep]
|upkeep
|turn|2
|
|t:|1634702163
|switch|p2a: Chansey|Chansey, F|100/100
|move|p1a: Dragapult|Shadow Ball|p2a: Chansey
|-immune|p2a: Chansey
|
|-weather|SunnyDay|[upkeep]
|upkeep
|turn|3
|
|t:|1634702168
|switch|p1a: Corviknight|Corviknight, M|100/100
|move|p2a: Chansey|Stealth Rock|p1a: Corviknight
|-sidestart|p1: Imsobaked|move: Stealth Rock
|
|-weather|SunnyDay|[upkeep]
|upkeep
|turn|4
|
|t:|1634702170
|switch|p2a: Torkoal|Torkoal, M|100/100
|move|p1a: Corviknight|Defog|p2a: Torkoal
|-unboost|p2a: Torkoal|evasion|1
|-sideend|p1: Imsobaked|Stealth Rock|[from] move: Defog|[of] p1a: Corviknight
|
|-weather|SunnyDay|[upkeep]
|upkeep
|turn|5
|
|t:|1634702174
|switch|p1a: Slowbro|Slowbro, F|100/100
|move|p2a: Torkoal|Toxic|p1a: Slowbro
|-status|p1a: Slowbro|tox
|
|-weather|SunnyDay|[upkeep]
|-damage|p1a: Slowbro|94/100 tox|[from] psn
|upkeep
|turn|6
|
|t:|1634702179
|switch|p2a: Chansey|Chansey, F|100/100
|move|p1a: Slowbro|Psyshock|p2a: Chansey
|-damage|p2a: Chansey|81/100
|
|-weather|SunnyDay|[upkeep]
|-damage|p1a: Slowbro|82/100 tox|[from] psn
|upkeep
|turn|7
|
|t:|1634702185
|switch|p1a: Buzzwole|Buzzwole|100/100
|move|p2a: Chansey|Stealth Rock|p1a: Buzzwole
|-sidestart|p1: Imsobaked|move: Stealth Rock
|
|-weather|SunnyDay|[upkeep]
|upkeep
|turn|8
|
|t:|1634702196
|switch|p2a: Corviknight|Corviknight, F|52/100
|-ability|p2a: Corviknight|Pressure
|move|p1a: Buzzwole|Close Combat|p2a: Corviknight
|-damage|p2a: Corviknight|14/100
|-unboost|p1a: Buzzwole|def|1
|-unboost|p1a: Buzzwole|spd|1
|-damage|p1a: Buzzwole|84/100|[from] item: Rocky Helmet|[of] p2a: Corviknight
|
|-weather|none
|upkeep
|turn|9
|
|t:|1634702203
|switch|p2a: Torkoal|Torkoal, M|100/100
|-weather|SunnyDay|[from] ability: Drought|[of] p2a: Torkoal
|move|p1a: Buzzwole|Close Combat|p2a: Torkoal
|-damage|p2a: Torkoal|62/100
|-unboost|p1a: Buzzwole|def|1
|-unboost|p1a: Buzzwole|spd|1
|
|-weather|SunnyDay|[upkeep]
|upkeep
|turn|10
|
|t:|1634702210
|switch|p1a: Corviknight|Corviknight, M|100/100
|-damage|p1a: Corviknight|88/100|[from] Stealth Rock
|switch|p2a: Venusaur|Venusaur, M|100/100
|
|-weather|SunnyDay|[upkeep]
|upkeep
|turn|11
|
|t:|1634702214
|switch|p1a: Slowbro|Slowbro, F|100/100 tox
|-damage|p1a: Slowbro|88/100 tox|[from] Stealth Rock
|move|p2a: Venusaur|Weather Ball|p1a: Slowbro
|-resisted|p1a: Slowbro
|-damage|p1a: Slowbro|73/100 tox
|-damage|p2a: Venusaur|91/100|[from] item: Life Orb
|
|-weather|SunnyDay|[upkeep]
|-damage|p1a: Slowbro|67/100 tox|[from] psn
|upkeep
|turn|12
|
|t:|1634702223
|move|p2a: Venusaur|Giga Drain|p1a: Slowbro
|-supereffective|p1a: Slowbro
|-damage|p1a: Slowbro|22/100 tox
|-heal|p2a: Venusaur|100/100|[from] drain|[of] p1a: Slowbro
|-damage|p2a: Venusaur|91/100|[from] item: Life Orb
|move|p1a: Slowbro|Psyshock|p2a: Venusaur
|-supereffective|p2a: Venusaur
|-damage|p2a: Venusaur|18/100
|
|-weather|SunnyDay|[upkeep]
|-damage|p1a: Slowbro|10/100 tox|[from] psn
|upkeep
|turn|13
|
|t:|1634702237
|move|p2a: Venusaur|Weather Ball|p1a: Slowbro
|-resisted|p1a: Slowbro
|-damage|p1a: Slowbro|0 fnt
|faint|p1a: Slowbro
|-damage|p2a: Venusaur|8/100|[from] item: Life Orb
|
|-weather|SunnyDay|[upkeep]
|upkeep
|
|t:|1634702279
|switch|p1a: Dragapult|Dragapult, F|100/100
|-damage|p1a: Dragapult|88/100|[from] Stealth Rock
|turn|14
|
|t:|1634702300
|move|p2a: Venusaur|Earth Power|p1a: Dragapult
|-damage|p1a: Dragapult|37/100
|-damage|p2a: Venusaur|0 fnt|[from] item: Life Orb
|faint|p2a: Venusaur
|move|p1a: Dragapult|Shadow Ball|p2: Venusaur|[notarget]
|-fail|p1a: Dragapult
|
|-weather|SunnyDay|[upkeep]
|upkeep
|
|t:|1634702306
|switch|p2a: Chansey|Chansey, F|81/100
|turn|15
|
|t:|1634702310
|switch|p1a: Corviknight|Corviknight, M|88/100
|-damage|p1a: Corviknight|76/100|[from] Stealth Rock
|switch|p2a: Cloyster|Cloyster, M|100/100
|
|-weather|SunnyDay|[upkeep]
|upkeep
|turn|16
|
|t:|1634702319
|move|p2a: Cloyster|Weather Ball|p1a: Corviknight
|-supereffective|p1a: Corviknight
|-damage|p1a: Corviknight|14/100
|move|p1a: Corviknight|Body Press|p2a: Cloyster
|-supereffective|p2a: Cloyster
|-damage|p2a: Cloyster|52/100
|
|-weather|none
|upkeep
|turn|17
|
|t:|1634702327
|move|p2a: Cloyster|Icicle Spear|p1a: Corviknight
|-damage|p1a: Corviknight|7/100
|-damage|p1a: Corviknight|1/100
|-damage|p1a: Corviknight|0 fnt
|faint|p1a: Corviknight
|-hitcount|p1: Corviknight|3
|
|upkeep
|
|t:|1634702335
|switch|p1a: Buzzwole|Buzzwole|84/100
|-damage|p1a: Buzzwole|71/100|[from] Stealth Rock
|turn|18
|
|t:|1634702358
|move|p1a: Buzzwole|Close Combat|p2a: Cloyster
|-supereffective|p2a: Cloyster
|-damage|p2a: Cloyster|0 fnt
|-unboost|p1a: Buzzwole|def|1
|-unboost|p1a: Buzzwole|spd|1
|faint|p2a: Cloyster
|-ability|p1a: Buzzwole|Beast Boost|boost
|-boost|p1a: Buzzwole|atk|1
|
|upkeep
|
|t:|1634702361
|switch|p2a: Torkoal|Torkoal, M|62/100
|-weather|SunnyDay|[from] ability: Drought|[of] p2a: Torkoal
|turn|19
|
|t:|1634702365
|move|p1a: Buzzwole|Close Combat|p2a: Torkoal
|-damage|p2a: Torkoal|0 fnt
|-unboost|p1a: Buzzwole|def|1
|-unboost|p1a: Buzzwole|spd|1
|faint|p2a: Torkoal
|-ability|p1a: Buzzwole|Beast Boost|boost
|-boost|p1a: Buzzwole|atk|1
|
|-weather|SunnyDay|[upkeep]
|upkeep
|
|t:|1634702368
|switch|p2a: Garchomp|Garchomp, F|100/100
|turn|20
|
|t:|1634702371
|move|p1a: Buzzwole|Close Combat|p2a: Garchomp
|-damage|p2a: Garchomp|0 fnt
|-unboost|p1a: Buzzwole|def|1
|-unboost|p1a: Buzzwole|spd|1
|-damage|p1a: Buzzwole|59/100|[from] ability: Rough Skin|[of] p2a: Garchomp
|faint|p2a: Garchomp
|-ability|p1a: Buzzwole|Beast Boost|boost
|-boost|p1a: Buzzwole|atk|1
|
|-weather|SunnyDay|[upkeep]
|upkeep
|c|☆Imsobaked|gg
|-message|Buhrito forfeited.
|
|win|Imsobaked
|raw|Imsobaked's rating: 1425 &rarr; <strong>1446</strong><br />(+21 for winning)
|raw|Buhrito's rating: 1445 &rarr; <strong>1424</strong><br />(-21 for losing)
|l|☆Buhrito
