|j|☆Oryen
|j|☆BattleBlazikenVGC
|inactive|Battle timer is ON: inactive players will automatically lose when time's up.
|t:|1661207333
|gametype|singles
|player|p1|Oryen|102|
|player|p2|BattleBlazikenVGC|gambler|
|teamsize|p1|6
|teamsize|p2|6
|gen|8
|tier|[Gen 8] OU
|rated|Tournament battle
|rule|Sleep Clause Mod: Limit one foe put to sleep
|rule|Species Clause: Limit one of each Pokémon
|rule|OHKO Clause: OHKO moves are banned
|rule|Evasion Items Clause: Evasion items are banned
|rule|Evasion Moves Clause: Evasion moves are banned
|rule|Endless Battle Clause: Forcing endless battles is banned
|rule|HP Percentage Mod: HP is shown in percentages
|rule|Dynamax Clause: You cannot dynamax
|clearpoke
|poke|p1|Clefable, F|
|poke|p1|Sandile, F|
|poke|p1|Toxicroak, F|
|poke|p1|Krabby, F|
|poke|p1|Bounsweet, F|
|poke|p1|Cloyster, M|
|poke|p2|Primarina, F|
|poke|p2|Gurdurr, M|
|poke|p2|Natu, M|
|poke|p2|Meowth, M|
|poke|p2|Impidimp, M|
|poke|p2|Marill, F|
|teampreview
|j|*Lady Monita
|c|☆BattleBlazikenVGC|glhf
|j| GlaceonSux
|c|☆Oryen|u2
|j| jerseyiteMa
|
|t:|1661207356
|start
|switch|p1a: Sandile|Sandile, F|100/100
|switch|p2a: Meowth|Meowth, M|100/100
|-ability|p1a: Sandile|Intimidate|boost
|-unboost|p2a: Meowth|atk|1
|turn|1
|
|t:|1661207361
|move|p2a: Meowth|Fake Out|p1a: Sandile
|-enditem|p2a: Meowth|Normal Gem|[from] gem
|-damage|p1a: Sandile|58/100
|cant|p1a: Sandile|flinch
|
|upkeep
|turn|2
|j| jdois
|
|t:|1661207365
|move|p2a: Meowth|Covet|p1a: Sandile
|-crit|p1a: Sandile
|-damage|p1a: Sandile|0 fnt
|-item|p2a: Meowth|Focus Sash|[from] move: Covet|[of] p1a: Sandile
|faint|p1a: Sandile
|
|upkeep
|
|t:|1661207373
|switch|p1a: Cloyster|Cloyster, M|100/100
|turn|3
|j| QuartzQu
|
|t:|1661207381
|switch|p2a: Gurdurr|Gurdurr, M|100/100
|move|p1a: Cloyster|Icicle Spear|p2a: Gurdurr
|-damage|p2a: Gurdurr|90/100
|-damage|p2a: Gurdurr|79/100
|-damage|p2a: Gurdurr|69/100
|-damage|p2a: Gurdurr|57/100
|-damage|p2a: Gurdurr|46/100
|-hitcount|p2a: Gurdurr|5
|-damage|p1a: Cloyster|91/100|[from] item: Life Orb
|
|upkeep
|turn|4
|
|t:|1661207385
|move|p2a: Gurdurr|Mach Punch|p1a: Cloyster
|-supereffective|p1a: Cloyster
|-damage|p1a: Cloyster|48/100
|move|p1a: Cloyster|Icicle Spear|p2a: Gurdurr
|-damage|p2a: Gurdurr|36/100
|-damage|p2a: Gurdurr|25/100
|-damage|p2a: Gurdurr|14/100
|-damage|p2a: Gurdurr|5/100
|-damage|p2a: Gurdurr|0 fnt
|faint|p2a: Gurdurr
|-hitcount|p2: Gurdurr|5
|-damage|p1a: Cloyster|38/100|[from] item: Life Orb
|
|upkeep
|
|t:|1661207397
|switch|p2a: Meowth|Meowth, M|100/100
|turn|5
|
|t:|1661207404
|switch|p1a: Bounsweet|Bounsweet, F|100/100
|move|p2a: Meowth|Fake Out|p1a: Bounsweet
|-damage|p1a: Bounsweet|50/100
|
|upkeep
|turn|6
|
|t:|1661207408
|move|p2a: Meowth|Aerial Ace|p1a: Bounsweet
|-supereffective|p1a: Bounsweet
|-damage|p1a: Bounsweet|0 fnt
|faint|p1a: Bounsweet
|
|upkeep
|
|t:|1661207411
|switch|p1a: Clefable|Clefable, F|100/100
|turn|7
|
|t:|1661207414
|switch|p2a: Impidimp|Impidimp, M|100/100
|move|p1a: Clefable|Calm Mind|p1a: Clefable
|-boost|p1a: Clefable|spa|1
|-boost|p1a: Clefable|spd|1
|
|-damage|p2a: Impidimp|88/100|[from] item: Sticky Barb
|upkeep
|turn|8
|
|t:|1661207418
|move|p2a: Impidimp|Trick|p1a: Clefable
|-activate|p2a: Impidimp|move: Trick|[of] p1a: Clefable
|-item|p1a: Clefable|Sticky Barb|[from] move: Trick
|-item|p2a: Impidimp|Life Orb|[from] move: Trick
|move|p1a: Clefable|Moonblast|p2a: Impidimp
|-supereffective|p2a: Impidimp
|-damage|p2a: Impidimp|0 fnt
|faint|p2a: Impidimp
|
|upkeep
|
|t:|1661207425
|switch|p2a: Marill|Marill, F|100/100
|turn|9
|
|t:|1661207428
|move|p1a: Clefable|Thunder|p2a: Marill|[miss]
|-miss|p1a: Clefable|p2a: Marill
|move|p2a: Marill|Perish Song|p2a: Marill
|-start|p1a: Clefable|perish3|[silent]
|-start|p2a: Marill|perish3|[silent]
|-fieldactivate|move: Perish Song
|
|-start|p1a: Clefable|perish3
|-start|p2a: Marill|perish3
|upkeep
|turn|10
|
|t:|1661207431
|move|p1a: Clefable|Thunder|p2a: Marill
|-supereffective|p2a: Marill
|-damage|p2a: Marill|52/100
|move|p2a: Marill|Whirlpool|p1a: Clefable
|-crit|p1a: Clefable
|-damage|p1a: Clefable|96/100
|-activate|p1a: Clefable|move: Whirlpool|[of] p2a: Marill
|
|-start|p1a: Clefable|perish2
|-start|p2a: Marill|perish2
|upkeep
|turn|11
|
|t:|1661207436
|move|p2a: Marill|Protect|p2a: Marill
|-singleturn|p2a: Marill|Protect
|move|p1a: Clefable|Moonblast|p2a: Marill
|-activate|p2a: Marill|move: Protect
|
|-start|p1a: Clefable|perish1
|-start|p2a: Marill|perish1
|upkeep
|turn|12
|
|t:|1661207441
|move|p1a: Clefable|Thunder|p2a: Marill
|-supereffective|p2a: Marill
|-damage|p2a: Marill|0 fnt
|faint|p2a: Marill
|
|-end|p1a: Clefable|Whirlpool|[partiallytrapped]|[silent]
|-start|p1a: Clefable|perish0
|faint|p1a: Clefable
|upkeep
|c|☆Oryen|gtg
|-message|Oryen forfeited.
|
|win|BattleBlazikenVGC
|n|☆Oryen|oryen
|n|☆BattleBlazikenVGC|battleblazikenvgc
|n|*Lady Monita|ladymonita
|n| GlaceonSux|glaceonsux
|n| jerseyiteMa|jerseyitema
|n| jdois|jdois
|n| QuartzQu|quartzqu
