|raw|<div class="broadcast-blue"><strong>This battle is required to be public due to a player having a name starting with 'btlt200'.</div>
|j|☆BTLT200$ SF'
|j|☆Gaillardo
|t:|1668169669
|gametype|singles
|player|p1|BTLT200$ SF'|palmer|
|player|p2|Gaillardo|170|
|teamsize|p1|6
|teamsize|p2|6
|gen|8
|tier|[Gen 8] OU
|rule|Sleep Clause Mod: Limit one foe put to sleep
|rule|Species Clause: Limit one of each Pokémon
|rule|OHKO Clause: OHKO moves are banned
|rule|Evasion Items Clause: Evasion items are banned
|rule|Evasion Moves Clause: Evasion moves are banned
|rule|Endless Battle Clause: Forcing endless battles is banned
|rule|HP Percentage Mod: HP is shown in percentages
|rule|Dynamax Clause: You cannot dynamax
|clearpoke
|poke|p1|Grimmsnarl, M|
|poke|p1|Slowbro-Galar, M|
|poke|p1|Polteageist-Antique|
|poke|p1|Zarude-Dada|
|poke|p1|Articuno-Galar|
|poke|p1|Inteleon, F|
|poke|p2|Regieleki|
|poke|p2|Zarude|
|poke|p2|Sandaconda, F|
|poke|p2|Copperajah, F|
|poke|p2|Weezing-Galar, F|
|poke|p2|Pincurchin, M|
|teampreview
|inactive|Battle timer is ON: inactive players will automatically lose when time's up. (requested by BTLT200$ SF')
|
|t:|1668169676
|start
|switch|p1a: Grimmsnarl|Grimmsnarl, M|100/100
|switch|p2a: Regieleki|Regieleki|100/100
|turn|1
|
|t:|1668169681
|move|p1a: Grimmsnarl|Light Screen|p1a: Grimmsnarl
|-sidestart|p1: BTLT200$ SF'|move: Light Screen
|move|p2a: Regieleki|Volt Switch|p1a: Grimmsnarl
|-damage|p1a: Grimmsnarl|62/100
|
|t:|1668169687
|switch|p2a: Zarude|Zarude|100/100|[from]move: Volt Switch
|
|upkeep
|turn|2
|
|t:|1668169690
|move|p1a: Grimmsnarl|Reflect|p1a: Grimmsnarl
|-sidestart|p1: BTLT200$ SF'|Reflect
|move|p2a: Zarude|Bulk Up|p2a: Zarude
|-boost|p2a: Zarude|atk|1
|-boost|p2a: Zarude|def|1
|
|upkeep
|turn|3
|
|t:|1668169706
|switch|p1a: Polteageist|Polteageist-Antique|100/100
|move|p2a: Zarude|Close Combat|p1a: Polteageist
|-immune|p1a: Polteageist
|
|upkeep
|turn|4
|
|t:|1668169710
|move|p2a: Zarude|Power Whip|p1a: Polteageist
|-damage|p1a: Polteageist|53/100
|move|p1a: Polteageist|Will-O-Wisp|p2a: Zarude|[miss]
|-miss|p1a: Polteageist|p2a: Zarude
|
|upkeep
|turn|5
|
|t:|1668169719
|switch|p2a: Regieleki|Regieleki|100/100
|move|p1a: Polteageist|Will-O-Wisp|p2a: Regieleki
|-status|p2a: Regieleki|brn
|
|-damage|p2a: Regieleki|95/100 brn|[from] brn
|upkeep
|turn|6
|
|t:|1668169726
|move|p2a: Regieleki|Volt Switch|p1a: Polteageist
|-damage|p1a: Polteageist|22/100
|
|t:|1668169737
|switch|p2a: Pincurchin|Pincurchin, M|100/100|[from]move: Volt Switch
|-fieldstart|move: Electric Terrain|[from] ability: Electric Surge|[of] p2a: Pincurchin
|move|p1a: Polteageist|Shell Smash|p1a: Polteageist
|-unboost|p1a: Polteageist|def|1
|-unboost|p1a: Polteageist|spd|1
|-boost|p1a: Polteageist|atk|2
|-boost|p1a: Polteageist|spa|2
|-boost|p1a: Polteageist|spe|2
|-enditem|p1a: Polteageist|White Herb
|-clearnegativeboost|p1a: Polteageist|[silent]
|
|upkeep
|turn|7
|
|t:|1668169746
|move|p1a: Polteageist|Strength Sap|p2a: Pincurchin
|-unboost|p2a: Pincurchin|atk|1
|-heal|p1a: Polteageist|86/100
|move|p2a: Pincurchin|Rising Voltage|p1a: Polteageist
|-hint|Rising Voltage's BP doubled on grounded target.
|-damage|p1a: Polteageist|55/100
|
|upkeep
|turn|8
|
|t:|1668169763
|move|p1a: Polteageist|Hex|p2a: Pincurchin
|-damage|p2a: Pincurchin|23/100
|move|p2a: Pincurchin|Rising Voltage|p1a: Polteageist
|-hint|Rising Voltage's BP doubled on grounded target.
|-damage|p1a: Polteageist|25/100
|-start|p2a: Pincurchin|Disable|Rising Voltage|[from] ability: Cursed Body|[of] p1a: Polteageist
|
|-heal|p2a: Pincurchin|29/100|[from] item: Leftovers
|-sideend|p1: BTLT200$ SF'|move: Light Screen
|upkeep
|turn|9
|
|t:|1668169775
|switch|p2a: Regieleki|Regieleki|95/100 brn
|move|p1a: Polteageist|Shell Smash|p1a: Polteageist
|-unboost|p1a: Polteageist|def|1
|-unboost|p1a: Polteageist|spd|1
|-boost|p1a: Polteageist|atk|2
|-boost|p1a: Polteageist|spa|2
|-boost|p1a: Polteageist|spe|2
|
|-damage|p2a: Regieleki|89/100 brn|[from] brn
|-sideend|p1: BTLT200$ SF'|Reflect
|upkeep
|turn|10
|
|t:|1668169789
|move|p2a: Regieleki|Thunderbolt|p1a: Polteageist
|-damage|p1a: Polteageist|0 fnt
|faint|p1a: Polteageist
|
|-damage|p2a: Regieleki|83/100 brn|[from] brn
|-fieldend|move: Electric Terrain
|upkeep
|
|t:|1668169792
|switch|p1a: Grimmsnarl|Grimmsnarl, M|62/100
|turn|11
|
|t:|1668169795
|switch|p2a: Zarude|Zarude|100/100
|move|p1a: Grimmsnarl|Light Screen|p1a: Grimmsnarl
|-sidestart|p1: BTLT200$ SF'|move: Light Screen
|
|upkeep
|turn|12
|
|t:|1668169806
|move|p1a: Grimmsnarl|Reflect|p1a: Grimmsnarl
|-sidestart|p1: BTLT200$ SF'|Reflect
|move|p2a: Zarude|Power Whip|p1a: Grimmsnarl
|-damage|p1a: Grimmsnarl|25/100
|
|upkeep
|turn|13
|
|t:|1668169814
|move|p2a: Zarude|Power Whip|p1a: Grimmsnarl
|-damage|p1a: Grimmsnarl|0 fnt
|faint|p1a: Grimmsnarl
|
|upkeep
|
|t:|1668169838
|switch|p1a: Slowbro|Slowbro-Galar, M|100/100
|turn|14
|
|t:|1668169843
|switch|p2a: Pincurchin|Pincurchin, M|29/100
|-fieldstart|move: Electric Terrain|[from] ability: Electric Surge|[of] p2a: Pincurchin
|move|p1a: Slowbro|Calm Mind|p1a: Slowbro
|-boost|p1a: Slowbro|spa|1
|-boost|p1a: Slowbro|spd|1
|
|-heal|p2a: Pincurchin|35/100|[from] item: Leftovers
|upkeep
|turn|15
|j| Nultiprise
|
|t:|1668169861
|move|p1a: Slowbro|Calm Mind|p1a: Slowbro
|-boost|p1a: Slowbro|spa|1
|-boost|p1a: Slowbro|spd|1
|move|p2a: Pincurchin|Rising Voltage|p1a: Slowbro
|-hint|Rising Voltage's BP doubled on grounded target.
|-damage|p1a: Slowbro|81/100
|
|-heal|p2a: Pincurchin|41/100|[from] item: Leftovers
|upkeep
|turn|16
|
|t:|1668169873
|switch|p2a: Copperajah|Copperajah, F|100/100
|move|p1a: Slowbro|Calm Mind|p1a: Slowbro
|-boost|p1a: Slowbro|spa|1
|-boost|p1a: Slowbro|spd|1
|
|upkeep
|turn|17
|
|t:|1668169881
|move|p2a: Copperajah|Earthquake|p1a: Slowbro
|-supereffective|p1a: Slowbro
|-damage|p1a: Slowbro|64/100
|move|p1a: Slowbro|Iron Defense|p1a: Slowbro
|-boost|p1a: Slowbro|def|2
|
|upkeep
|turn|18
|
|t:|1668169898
|switch|p2a: Sandaconda|Sandaconda, F|100/100
|move|p1a: Slowbro|Slack Off|p1a: Slowbro
|-heal|p1a: Slowbro|100/100
|
|-sideend|p1: BTLT200$ SF'|move: Light Screen
|-fieldend|move: Electric Terrain
|upkeep
|turn|19
|
|t:|1668169905
|move|p2a: Sandaconda|Glare|p1a: Slowbro
|-status|p1a: Slowbro|par
|cant|p1a: Slowbro|par
|
|-sideend|p1: BTLT200$ SF'|Reflect
|upkeep
|turn|20
|
|t:|1668169913
|move|p2a: Sandaconda|Earthquake|p1a: Slowbro
|-supereffective|p1a: Slowbro
|-damage|p1a: Slowbro|74/100 par
|move|p1a: Slowbro|Calm Mind|p1a: Slowbro
|-boost|p1a: Slowbro|spa|1
|-boost|p1a: Slowbro|spd|1
|
|upkeep
|turn|21
|
|t:|1668169917
|move|p2a: Sandaconda|Earthquake|p1a: Slowbro
|-supereffective|p1a: Slowbro
|-damage|p1a: Slowbro|50/100 par
|cant|p1a: Slowbro|par
|
|upkeep
|turn|22
|
|t:|1668169921
|move|p2a: Sandaconda|Earthquake|p1a: Slowbro
|-supereffective|p1a: Slowbro
|-damage|p1a: Slowbro|27/100 par
|move|p1a: Slowbro|Slack Off|p1a: Slowbro
|-heal|p1a: Slowbro|77/100 par
|
|upkeep
|turn|23
|
|t:|1668169927
|move|p2a: Sandaconda|Earthquake|p1a: Slowbro
|-supereffective|p1a: Slowbro
|-damage|p1a: Slowbro|54/100 par
|move|p1a: Slowbro|Sludge Bomb|p2a: Sandaconda
|-resisted|p2a: Sandaconda
|-crit|p2a: Sandaconda
|-damage|p2a: Sandaconda|28/100
|-status|p2a: Sandaconda|psn
|-weather|Sandstorm|[from] ability: Sand Spit|[of] p2a: Sandaconda
|
|-weather|Sandstorm|[upkeep]
|-damage|p1a: Slowbro|47/100 par|[from] Sandstorm
|-heal|p2a: Sandaconda|34/100 psn|[from] item: Leftovers
|-damage|p2a: Sandaconda|22/100 psn|[from] psn
|upkeep
|turn|24
|
|t:|1668169931
|move|p2a: Sandaconda|Earthquake|p1a: Slowbro
|-supereffective|p1a: Slowbro
|-damage|p1a: Slowbro|23/100 par
|move|p1a: Slowbro|Slack Off|p1a: Slowbro
|-heal|p1a: Slowbro|73/100 par
|
|-weather|Sandstorm|[upkeep]
|-damage|p1a: Slowbro|67/100 par|[from] Sandstorm
|-heal|p2a: Sandaconda|28/100 psn|[from] item: Leftovers
|-damage|p2a: Sandaconda|15/100 psn|[from] psn
|upkeep
|turn|25
|
|t:|1668169936
|switch|p2a: Copperajah|Copperajah, F|100/100
|move|p1a: Slowbro|Slack Off|p1a: Slowbro
|-heal|p1a: Slowbro|100/100 par
|
|-weather|Sandstorm|[upkeep]
|-damage|p1a: Slowbro|94/100 par|[from] Sandstorm
|upkeep
|turn|26
|c| Nultiprise|Sludge en seul attaque
|c|☆Gaillardo|oui
|c| Nultiprise|pas ouf tier
|c|☆Gaillardo|j'ai vu mer i
|
|t:|1668169962
|move|p2a: Copperajah|Iron Head|p1a: Slowbro
|-crit|p1a: Slowbro
|-damage|p1a: Slowbro|52/100 par
|-damage|p2a: Copperajah|84/100|[from] item: Rocky Helmet|[of] p1a: Slowbro
|move|p1a: Slowbro|Iron Defense|p1a: Slowbro
|-boost|p1a: Slowbro|def|2
|
|-weather|Sandstorm|[upkeep]
|-damage|p1a: Slowbro|46/100 par|[from] Sandstorm
|upkeep
|turn|27
|
|t:|1668169967
|move|p2a: Copperajah|Earthquake|p1a: Slowbro
|-supereffective|p1a: Slowbro
|-crit|p1a: Slowbro
|-damage|p1a: Slowbro|0 fnt
|faint|p1a: Slowbro
|
|-weather|none
|upkeep
|c| Nultiprise|si je voulais t'aider je t'aurais aller sur zarude
|c| Nultiprise|qui ignore la def
|c| Nultiprise|les boost en def
|
|t:|1668169984
|switch|p1a: Zarude|Zarude-Dada|100/100
|turn|28
|c|☆Gaillardo|nan jai pas dakest lariat
|c| Nultiprise|0/20 ton zarude
|c|☆Gaillardo|non
|c|☆Gaillardo|pas besoin du stab dark
|c|☆Gaillardo|il sert a rien
|inactive|Gaillardo has 270 seconds left.
|
|t:|1668170024
|switch|p2a: Weezing|Weezing-Galar, F|100/100
|move|p1a: Zarude|Bulk Up|p1a: Zarude
|-boost|p1a: Zarude|atk|1
|-boost|p1a: Zarude|def|1
|
|upkeep
|turn|29
|
|t:|1668170029
|move|p1a: Zarude|Bulk Up|p1a: Zarude
|-boost|p1a: Zarude|atk|1
|-boost|p1a: Zarude|def|1
|move|p2a: Weezing|Sludge Bomb|p1a: Zarude
|-supereffective|p1a: Zarude
|-damage|p1a: Zarude|45/100
|
|upkeep
|turn|30
|inactive|Gaillardo has 270 seconds left.
|
|t:|1668170035
|move|p1a: Zarude|Iron Tail|p2a: Weezing
|-supereffective|p2a: Weezing
|-damage|p2a: Weezing|10/100
|-unboost|p2a: Weezing|def|1
|move|p2a: Weezing|Sludge Bomb|p1a: Zarude
|-supereffective|p1a: Zarude
|-damage|p1a: Zarude|0 fnt
|faint|p1a: Zarude
|
|-heal|p2a: Weezing|16/100|[from] item: Black Sludge
|upkeep
|
|t:|1668170040
|switch|p1a: Inteleon|Inteleon, F|100/100
|turn|31
|
|t:|1668170046
|move|p1a: Inteleon|Surf|p2a: Weezing
|-damage|p2a: Weezing|0 fnt
|faint|p2a: Weezing
|
|upkeep
|
|t:|1668170048
|switch|p2a: Copperajah|Copperajah, F|84/100
|turn|32
|
|t:|1668170057
|move|p1a: Inteleon|Surf|p2a: Copperajah
|-damage|p2a: Copperajah|58/100
|move|p2a: Copperajah|Power Whip|p1a: Inteleon
|-supereffective|p1a: Inteleon
|-damage|p1a: Inteleon|0 fnt
|faint|p1a: Inteleon
|
|upkeep
|
|t:|1668170059
|switch|p1a: Articuno|Articuno-Galar|100/100
|turn|33
|
|t:|1668170064
|move|p1a: Articuno|Air Slash|p2a: Copperajah
|-resisted|p2a: Copperajah
|-crit|p2a: Copperajah
|-damage|p2a: Copperajah|35/100
|move|p2a: Copperajah|Iron Head|p1a: Articuno
|-damage|p1a: Articuno|48/100
|
|upkeep
|turn|34
|
|t:|1668170070
|move|p1a: Articuno|Air Slash|p2a: Copperajah
|-resisted|p2a: Copperajah
|-damage|p2a: Copperajah|21/100
|move|p2a: Copperajah|Iron Head|p1a: Articuno
|-damage|p1a: Articuno|0 fnt
|faint|p1a: Articuno
|
|win|Gaillardo
|j| Zemmour & Rick
|l|☆BTLT200$ SF'
|j|☆BTLT200$ SF'
|player|p1|BTLT200$ SF'|palmer
|l|☆Gaillardo
|l|☆BTLT200$ SF'
|player|p1|
|l| Nultiprise
|j| bizarman
|j| opela
|l| bizarman
|j|☆Gaillardo
|player|p2|Gaillardo|170
|l|☆Gaillardo
|player|p2|
|j|☆Gaillardo
|player|p2|Gaillardo|170
|l|☆Gaillardo
|player|p2|
|l| opela
|j| bizarman
|l| bizarman
|j|☆Gaillardo
|player|p2|Gaillardo|170
|l|☆Gaillardo
|player|p2|
|j|☆BTLT200$ SF'
|player|p1|BTLT200$ SF'|palmer
