|j|☆AwesomeAdams
|j|☆Tirkys
|t:|1614097051
|player|p1|AwesomeAdams|169|1751
|player|p2|Tirkys|hilda-dueldisk|1740
|teamsize|p1|6
|teamsize|p2|6
|gametype|singles
|gen|8
|tier|[Gen 8] OU
|rated|
|clearpoke
|poke|p1|Melmetal|
|poke|p1|Dragonite, M|
|poke|p1|Clefable, M|
|poke|p1|Rillaboom, M|
|poke|p1|Nidoking, M|
|poke|p1|Suicune|
|poke|p2|Volcarona, F|
|poke|p2|Quagsire, M|
|poke|p2|Xatu, M|
|poke|p2|Mantine, F|
|poke|p2|Drapion, F|
|poke|p2|Ninetales-Alola, F|
|rule|Sleep Clause Mod: Limit one foe put to sleep
|rule|Species Clause: Limit one of each Pokémon
|rule|OHKO Clause: OHKO moves are banned
|rule|Evasion Moves Clause: Evasion moves are banned
|rule|Endless Battle Clause: Forcing endless battles is banned
|rule|HP Percentage Mod: HP is shown in percentages
|rule|Dynamax Clause: You cannot dynamax
|teampreview
|j| asapaooaoispo
|inactive|Battle timer is ON: inactive players will automatically lose when time's up. (requested by Tirkys)
|
|t:|1614097066
|start
|switch|p1a: Nidoking|Nidoking, M|100/100
|switch|p2a: WhiteAlbum|Ninetales-Alola, F|100/100
|-weather|Hail|[from] ability: Snow Warning|[of] p2a: WhiteAlbum
|turn|1
|
|t:|1614097071
|switch|p1a: Melmetal|Melmetal|100/100
|move|p2a: WhiteAlbum|Blizzard|p1a: Melmetal
|-resisted|p1a: Melmetal
|-crit|p1a: Melmetal
|-damage|p1a: Melmetal|74/100
|
|-weather|Hail|[upkeep]
|-damage|p1a: Melmetal|68/100|[from] Hail
|-heal|p1a: Melmetal|74/100|[from] item: Leftovers
|upkeep
|turn|2
|
|t:|1614097077
|switch|p2a: Magician'sRed|Volcarona, F|100/100
|move|p1a: Melmetal|Toxic|p2a: Magician'sRed
|-status|p2a: Magician'sRed|tox
|
|-weather|Hail|[upkeep]
|-damage|p2a: Magician'sRed|94/100 tox|[from] Hail
|-damage|p1a: Melmetal|68/100|[from] Hail
|-heal|p2a: Magician'sRed|100/100 tox|[from] item: Leftovers
|-heal|p1a: Melmetal|74/100|[from] item: Leftovers
|-damage|p2a: Magician'sRed|94/100 tox|[from] psn
|upkeep
|turn|3
|
|t:|1614097082
|switch|p1a: Dragonite|Dragonite, M|100/100
|move|p2a: Magician'sRed|Fiery Dance|p1a: Dragonite
|-resisted|p1a: Dragonite
|-crit|p1a: Dragonite
|-damage|p1a: Dragonite|89/100
|
|-weather|Hail|[upkeep]
|-damage|p2a: Magician'sRed|88/100 tox|[from] Hail
|-damage|p1a: Dragonite|82/100|[from] Hail
|-heal|p2a: Magician'sRed|94/100 tox|[from] item: Leftovers
|-damage|p2a: Magician'sRed|82/100 tox|[from] psn
|upkeep
|turn|4
|
|t:|1614097089
|switch|p2a: StarPlatinum|Quagsire, M, shiny|100/100
|move|p1a: Dragonite|Roost|p1a: Dragonite
|-heal|p1a: Dragonite|100/100
|-singleturn|p1a: Dragonite|move: Roost
|
|-weather|Hail|[upkeep]
|-damage|p1a: Dragonite|94/100|[from] Hail
|-damage|p2a: StarPlatinum|94/100|[from] Hail
|-heal|p2a: StarPlatinum|100/100|[from] item: Leftovers
|upkeep
|turn|5
|
|t:|1614097092
|switch|p1a: Clefable|Clefable, M|100/100
|move|p2a: StarPlatinum|Scald|p1a: Clefable
|-damage|p1a: Clefable|83/100
|
|-weather|none
|-heal|p1a: Clefable|89/100|[from] item: Leftovers
|upkeep
|turn|6
|
|t:|1614097096
|switch|p2a: ManInTheMirror|Xatu, M|100/100
|move|p1a: Clefable|Stealth Rock|p2a: ManInTheMirror
|move|p2a: ManInTheMirror|Stealth Rock|p1a: Clefable|[from]ability: Magic Bounce
|-sidestart|p1: AwesomeAdams|move: Stealth Rock
|
|-heal|p1a: Clefable|95/100|[from] item: Leftovers
|upkeep
|turn|7
|
|t:|1614097100
|move|p2a: ManInTheMirror|Cosmic Power|p2a: ManInTheMirror
|-boost|p2a: ManInTheMirror|def|1
|-boost|p2a: ManInTheMirror|spd|1
|move|p1a: Clefable|Wish|p1a: Clefable
|
|-heal|p1a: Clefable|100/100|[from] item: Leftovers
|upkeep
|turn|8
|
|t:|1614097103
|switch|p1a: Melmetal|Melmetal|74/100
|-damage|p1a: Melmetal|68/100|[from] Stealth Rock
|move|p2a: ManInTheMirror|Cosmic Power|p2a: ManInTheMirror
|-boost|p2a: ManInTheMirror|def|1
|-boost|p2a: ManInTheMirror|spd|1
|
|-heal|p1a: Melmetal|100/100|[from] move: Wish|[wisher] Clefable
|upkeep
|turn|9
|
|t:|1614097106
|move|p2a: ManInTheMirror|Cosmic Power|p2a: ManInTheMirror
|-boost|p2a: ManInTheMirror|def|1
|-boost|p2a: ManInTheMirror|spd|1
|move|p1a: Melmetal|Ice Punch|p2a: ManInTheMirror
|-supereffective|p2a: ManInTheMirror
|-damage|p2a: ManInTheMirror|65/100
|-damage|p1a: Melmetal|84/100|[from] item: Rocky Helmet|[of] p2a: ManInTheMirror
|
|-heal|p1a: Melmetal|90/100|[from] item: Leftovers
|upkeep
|turn|10
|
|t:|1614097113
|move|p2a: ManInTheMirror|Cosmic Power|p2a: ManInTheMirror
|-boost|p2a: ManInTheMirror|def|1
|-boost|p2a: ManInTheMirror|spd|1
|move|p1a: Melmetal|Ice Punch|p2a: ManInTheMirror
|-supereffective|p2a: ManInTheMirror
|-damage|p2a: ManInTheMirror|36/100
|-damage|p1a: Melmetal|73/100|[from] item: Rocky Helmet|[of] p2a: ManInTheMirror
|
|-heal|p1a: Melmetal|80/100|[from] item: Leftovers
|upkeep
|turn|11
|j| hfjdrtsteasteas
|l| hfjdrtsteasteas
|
|t:|1614097118
|switch|p1a: Suicune|Suicune|100/100
|-damage|p1a: Suicune|88/100|[from] Stealth Rock
|-ability|p1a: Suicune|Pressure
|move|p2a: ManInTheMirror|Roost|p2a: ManInTheMirror
|-heal|p2a: ManInTheMirror|86/100
|-singleturn|p2a: ManInTheMirror|move: Roost
|
|-heal|p1a: Suicune|94/100|[from] item: Leftovers
|upkeep
|turn|12
|
|t:|1614097121
|move|p1a: Suicune|Substitute|p1a: Suicune
|-start|p1a: Suicune|Substitute
|-damage|p1a: Suicune|69/100
|move|p2a: ManInTheMirror|Stored Power|p1a: Suicune
|-end|p1a: Suicune|Substitute
|
|-heal|p1a: Suicune|75/100|[from] item: Leftovers
|upkeep
|turn|13
|
|t:|1614097127
|move|p1a: Suicune|Protect|p1a: Suicune
|-singleturn|p1a: Suicune|Protect
|move|p2a: ManInTheMirror|Stored Power|p1a: Suicune
|-activate|p1a: Suicune|move: Protect
|
|-heal|p1a: Suicune|82/100|[from] item: Leftovers
|upkeep
|turn|14
|
|t:|1614097132
|move|p1a: Suicune|Calm Mind|p1a: Suicune
|-boost|p1a: Suicune|spa|1
|-boost|p1a: Suicune|spd|1
|move|p2a: ManInTheMirror|Stored Power|p1a: Suicune
|-damage|p1a: Suicune|53/100
|
|-heal|p1a: Suicune|59/100|[from] item: Leftovers
|upkeep
|turn|15
|
|t:|1614097138
|move|p1a: Suicune|Calm Mind|p1a: Suicune
|-boost|p1a: Suicune|spa|1
|-boost|p1a: Suicune|spd|1
|move|p2a: ManInTheMirror|Cosmic Power|p2a: ManInTheMirror
|-boost|p2a: ManInTheMirror|def|1
|-boost|p2a: ManInTheMirror|spd|1
|
|-heal|p1a: Suicune|65/100|[from] item: Leftovers
|upkeep
|turn|16
|
|t:|1614097141
|move|p1a: Suicune|Calm Mind|p1a: Suicune
|-boost|p1a: Suicune|spa|1
|-boost|p1a: Suicune|spd|1
|move|p2a: ManInTheMirror|Cosmic Power|p2a: ManInTheMirror
|-boost|p2a: ManInTheMirror|def|1
|-boost|p2a: ManInTheMirror|spd|1
|
|-heal|p1a: Suicune|71/100|[from] item: Leftovers
|upkeep
|turn|17
|
|t:|1614097145
|move|p1a: Suicune|Substitute|p1a: Suicune
|-start|p1a: Suicune|Substitute
|-damage|p1a: Suicune|46/100
|move|p2a: ManInTheMirror|Stored Power|p1a: Suicune
|-end|p1a: Suicune|Substitute
|
|-heal|p1a: Suicune|52/100|[from] item: Leftovers
|upkeep
|turn|18
|
|t:|1614097150
|move|p1a: Suicune|Protect|p1a: Suicune
|-singleturn|p1a: Suicune|Protect
|move|p2a: ManInTheMirror|Heat Wave|p1a: Suicune
|-activate|p1a: Suicune|move: Protect
|
|-heal|p1a: Suicune|59/100|[from] item: Leftovers
|upkeep
|turn|19
|
|t:|1614097156
|move|p1a: Suicune|Calm Mind|p1a: Suicune
|-boost|p1a: Suicune|spa|1
|-boost|p1a: Suicune|spd|1
|move|p2a: ManInTheMirror|Stored Power|p1a: Suicune
|-damage|p1a: Suicune|39/100
|
|-heal|p1a: Suicune|45/100|[from] item: Leftovers
|upkeep
|turn|20
|
|t:|1614097160
|move|p1a: Suicune|Protect|p1a: Suicune
|-singleturn|p1a: Suicune|Protect
|move|p2a: ManInTheMirror|Heat Wave|p1a: Suicune
|-activate|p1a: Suicune|move: Protect
|
|-heal|p1a: Suicune|51/100|[from] item: Leftovers
|upkeep
|turn|21
|
|t:|1614097164
|move|p1a: Suicune|Substitute|p1a: Suicune
|-start|p1a: Suicune|Substitute
|-damage|p1a: Suicune|26/100
|move|p2a: ManInTheMirror|Stored Power|p1a: Suicune
|-activate|p1a: Suicune|move: Substitute|[damage]
|
|-heal|p1a: Suicune|32/100|[from] item: Leftovers
|upkeep
|turn|22
|
|t:|1614097170
|move|p1a: Suicune|Protect|p1a: Suicune
|-singleturn|p1a: Suicune|Protect
|move|p2a: ManInTheMirror|Stored Power|p1a: Suicune
|-activate|p1a: Suicune|move: Protect
|
|-heal|p1a: Suicune|38/100|[from] item: Leftovers
|upkeep
|turn|23
|j| sovlless
|j| Champion Chrome
|
|t:|1614097177
|switch|p2a: StarPlatinum|Quagsire, M, shiny|100/100
|move|p1a: Suicune|Scald|p2a: StarPlatinum
|-damage|p2a: StarPlatinum|68/100
|
|-heal|p1a: Suicune|45/100|[from] item: Leftovers
|-heal|p2a: StarPlatinum|74/100|[from] item: Leftovers
|upkeep
|turn|24
|
|t:|1614097184
|move|p1a: Suicune|Scald|p2a: StarPlatinum
|-damage|p2a: StarPlatinum|41/100
|move|p2a: StarPlatinum|Stockpile|p2a: StarPlatinum
|-start|p2a: StarPlatinum|stockpile1
|-boost|p2a: StarPlatinum|def|1
|-boost|p2a: StarPlatinum|spd|1
|
|-heal|p1a: Suicune|51/100|[from] item: Leftovers
|-heal|p2a: StarPlatinum|47/100|[from] item: Leftovers
|upkeep
|turn|25
|
|t:|1614097189
|move|p1a: Suicune|Scald|p2a: StarPlatinum
|-damage|p2a: StarPlatinum|27/100
|move|p2a: StarPlatinum|Recover|p2a: StarPlatinum
|-heal|p2a: StarPlatinum|77/100
|
|-heal|p1a: Suicune|57/100|[from] item: Leftovers
|-heal|p2a: StarPlatinum|83/100|[from] item: Leftovers
|upkeep
|turn|26
|
|t:|1614097201
|switch|p1a: Melmetal|Melmetal|80/100
|-damage|p1a: Melmetal|73/100|[from] Stealth Rock
|switch|p2a: CatchTheRainbow|Mantine, F|100/100
|
|-heal|p1a: Melmetal|80/100|[from] item: Leftovers
|upkeep
|turn|27
|
|t:|1614097206
|switch|p2a: Magician'sRed|Volcarona, F|82/100 tox
|move|p1a: Melmetal|Toxic|p2a: Magician'sRed
|-fail|p2a: Magician'sRed|tox
|
|-heal|p2a: Magician'sRed|88/100 tox|[from] item: Leftovers
|-heal|p1a: Melmetal|86/100|[from] item: Leftovers
|-damage|p2a: Magician'sRed|82/100 tox|[from] psn
|upkeep
|turn|28
|
|t:|1614097209
|switch|p1a: Dragonite|Dragonite, M|94/100
|move|p2a: Magician'sRed|Roost|p2a: Magician'sRed
|-heal|p2a: Magician'sRed|100/100 tox
|-singleturn|p2a: Magician'sRed|move: Roost
|
|-damage|p2a: Magician'sRed|88/100 tox|[from] psn
|upkeep
|turn|29
|
|t:|1614097215
|switch|p2a: WhiteAlbum|Ninetales-Alola, F|100/100
|-weather|Hail|[from] ability: Snow Warning|[of] p2a: WhiteAlbum
|move|p1a: Dragonite|Defog|p2a: WhiteAlbum
|-unboost|p2a: WhiteAlbum|evasion|1
|-sideend|p1: AwesomeAdams|Stealth Rock|[from] move: Defog|[of] p1a: Dragonite
|
|-weather|Hail|[upkeep]
|-damage|p1a: Dragonite|88/100|[from] Hail
|upkeep
|turn|30
|
|t:|1614097218
|switch|p1a: Melmetal|Melmetal|86/100
|move|p2a: WhiteAlbum|Blizzard|p1a: Melmetal
|-resisted|p1a: Melmetal
|-damage|p1a: Melmetal|67/100
|
|-weather|Hail|[upkeep]
|-damage|p1a: Melmetal|61/100|[from] Hail
|-heal|p1a: Melmetal|67/100|[from] item: Leftovers
|upkeep
|turn|31
|
|t:|1614097225
|switch|p2a: Magician'sRed|Volcarona, F|88/100 tox
|move|p1a: Melmetal|Toxic|p2a: Magician'sRed
|-fail|p2a: Magician'sRed|tox
|
|-weather|Hail|[upkeep]
|-damage|p2a: Magician'sRed|82/100 tox|[from] Hail
|-damage|p1a: Melmetal|61/100|[from] Hail
|-heal|p2a: Magician'sRed|88/100 tox|[from] item: Leftovers
|-heal|p1a: Melmetal|67/100|[from] item: Leftovers
|-damage|p2a: Magician'sRed|82/100 tox|[from] psn
|upkeep
|turn|32
|
|t:|1614097228
|switch|p1a: Dragonite|Dragonite, M|88/100
|move|p2a: Magician'sRed|Fiery Dance|p1a: Dragonite
|-resisted|p1a: Dragonite
|-damage|p1a: Dragonite|73/100
|-boost|p2a: Magician'sRed|spa|1
|
|-weather|Hail|[upkeep]
|-damage|p2a: Magician'sRed|76/100 tox|[from] Hail
|-damage|p1a: Dragonite|67/100|[from] Hail
|-heal|p2a: Magician'sRed|82/100 tox|[from] item: Leftovers
|-damage|p2a: Magician'sRed|70/100 tox|[from] psn
|upkeep
|turn|33
|
|t:|1614097234
|switch|p2a: StarPlatinum|Quagsire, M, shiny|83/100
|move|p1a: Dragonite|Roost|p1a: Dragonite
|-heal|p1a: Dragonite|100/100
|-singleturn|p1a: Dragonite|move: Roost
|
|-weather|none
|-heal|p2a: StarPlatinum|89/100|[from] item: Leftovers
|upkeep
|turn|34
|
|t:|1614097238
|switch|p1a: Clefable|Clefable, M|100/100
|move|p2a: StarPlatinum|Scald|p1a: Clefable
|-damage|p1a: Clefable|81/100
|-status|p1a: Clefable|brn
|
|-heal|p1a: Clefable|88/100 brn|[from] item: Leftovers
|-heal|p2a: StarPlatinum|95/100|[from] item: Leftovers
|upkeep
|turn|35
|
|t:|1614097241
|switch|p2a: ManInTheMirror|Xatu, M|86/100
|move|p1a: Clefable|Wish|p1a: Clefable
|
|-heal|p1a: Clefable|94/100 brn|[from] item: Leftovers
|upkeep
|turn|36
|
|t:|1614097244
|switch|p1a: Suicune|Suicune|57/100
|-ability|p1a: Suicune|Pressure
|move|p2a: ManInTheMirror|Cosmic Power|p2a: ManInTheMirror
|-boost|p2a: ManInTheMirror|def|1
|-boost|p2a: ManInTheMirror|spd|1
|
|-heal|p1a: Suicune|100/100|[from] move: Wish|[wisher] Clefable
|upkeep
|turn|37
|
|t:|1614097252
|switch|p2a: PurpleHaze|Drapion, F|100/100
|move|p1a: Suicune|Substitute|p1a: Suicune
|-start|p1a: Suicune|Substitute
|-damage|p1a: Suicune|75/100
|
|-heal|p1a: Suicune|82/100|[from] item: Leftovers
|upkeep
|turn|38
|
|t:|1614097257
|switch|p1a: Nidoking|Nidoking, M|100/100
|move|p2a: PurpleHaze|Earthquake|p1a: Nidoking
|-supereffective|p1a: Nidoking
|-damage|p1a: Nidoking|40/100
|
|upkeep
|turn|39
|
|t:|1614097261
|move|p1a: Nidoking|Earth Power|p2a: PurpleHaze
|-supereffective|p2a: PurpleHaze
|-damage|p2a: PurpleHaze|0 fnt
|faint|p2a: PurpleHaze
|
|upkeep
|
|t:|1614097264
|switch|p2a: WhiteAlbum|Ninetales-Alola, F|100/100
|-weather|Hail|[from] ability: Snow Warning|[of] p2a: WhiteAlbum
|turn|40
|
|t:|1614097270
|switch|p1a: Melmetal|Melmetal|67/100
|move|p2a: WhiteAlbum|Blizzard|p1a: Melmetal
|-resisted|p1a: Melmetal
|-damage|p1a: Melmetal|49/100
|
|-weather|Hail|[upkeep]
|-damage|p1a: Melmetal|43/100|[from] Hail
|-heal|p1a: Melmetal|49/100|[from] item: Leftovers
|upkeep
|turn|41
|
|t:|1614097277
|switch|p2a: Magician'sRed|Volcarona, F|70/100 tox
|move|p1a: Melmetal|Toxic|p2a: Magician'sRed|[miss]
|-miss|p1a: Melmetal|p2a: Magician'sRed
|
|-weather|Hail|[upkeep]
|-damage|p2a: Magician'sRed|63/100 tox|[from] Hail
|-damage|p1a: Melmetal|43/100|[from] Hail
|-heal|p2a: Magician'sRed|70/100 tox|[from] item: Leftovers
|-heal|p1a: Melmetal|49/100|[from] item: Leftovers
|-damage|p2a: Magician'sRed|63/100 tox|[from] psn
|upkeep
|turn|42
|
|t:|1614097279
|switch|p1a: Dragonite|Dragonite, M|100/100
|move|p2a: Magician'sRed|Roost|p2a: Magician'sRed
|-heal|p2a: Magician'sRed|100/100 tox
|-singleturn|p2a: Magician'sRed|move: Roost
|
|-weather|Hail|[upkeep]
|-damage|p2a: Magician'sRed|94/100 tox|[from] Hail
|-damage|p1a: Dragonite|94/100|[from] Hail
|-heal|p2a: Magician'sRed|100/100 tox|[from] item: Leftovers
|-damage|p2a: Magician'sRed|88/100 tox|[from] psn
|upkeep
|turn|43
|
|t:|1614097286
|switch|p2a: StarPlatinum|Quagsire, M, shiny|95/100
|move|p1a: Dragonite|Ice Beam|p2a: StarPlatinum
|-damage|p2a: StarPlatinum|70/100
|
|-weather|Hail|[upkeep]
|-damage|p1a: Dragonite|88/100|[from] Hail
|-damage|p2a: StarPlatinum|64/100|[from] Hail
|-heal|p2a: StarPlatinum|70/100|[from] item: Leftovers
|upkeep
|turn|44
|
|t:|1614097291
|switch|p1a: Clefable|Clefable, M|94/100 brn
|move|p2a: StarPlatinum|Scald|p1a: Clefable
|-damage|p1a: Clefable|75/100 brn
|
|-weather|none
|-heal|p1a: Clefable|81/100 brn|[from] item: Leftovers
|-heal|p2a: StarPlatinum|76/100|[from] item: Leftovers
|upkeep
|turn|45
|
|t:|1614097295
|switch|p2a: ManInTheMirror|Xatu, M|86/100
|move|p1a: Clefable|Wish|p1a: Clefable
|
|-heal|p1a: Clefable|88/100 brn|[from] item: Leftovers
|upkeep
|turn|46
|
|t:|1614097299
|switch|p1a: Suicune|Suicune|82/100
|-ability|p1a: Suicune|Pressure
|move|p2a: ManInTheMirror|Cosmic Power|p2a: ManInTheMirror
|-boost|p2a: ManInTheMirror|def|1
|-boost|p2a: ManInTheMirror|spd|1
|
|-heal|p1a: Suicune|100/100|[from] move: Wish|[wisher] Clefable
|upkeep
|turn|47
|
|t:|1614097305
|switch|p2a: WhiteAlbum|Ninetales-Alola, F|100/100
|-weather|Hail|[from] ability: Snow Warning|[of] p2a: WhiteAlbum
|move|p1a: Suicune|Substitute|p1a: Suicune
|-start|p1a: Suicune|Substitute
|-damage|p1a: Suicune|75/100
|
|-weather|Hail|[upkeep]
|-damage|p1a: Suicune|69/100|[from] Hail
|-heal|p1a: Suicune|75/100|[from] item: Leftovers
|upkeep
|turn|48
|
|t:|1614097308
|switch|p2a: CatchTheRainbow|Mantine, F|100/100
|move|p1a: Suicune|Protect||[still]
|-fail|p1a: Suicune
|
|-weather|Hail|[upkeep]
|-damage|p1a: Suicune|69/100|[from] Hail
|-damage|p2a: CatchTheRainbow|94/100|[from] Hail
|-heal|p1a: Suicune|75/100|[from] item: Leftovers
|-heal|p2a: CatchTheRainbow|100/100|[from] item: Leftovers
|upkeep
|turn|49
|
|t:|1614097314
|switch|p1a: Clefable|Clefable, M|88/100 brn
|move|p2a: CatchTheRainbow|Haze|p2a: CatchTheRainbow
|-clearallboost
|
|-weather|Hail|[upkeep]
|-damage|p2a: CatchTheRainbow|94/100|[from] Hail
|-heal|p2a: CatchTheRainbow|100/100|[from] item: Leftovers
|-heal|p1a: Clefable|94/100 brn|[from] item: Leftovers
|upkeep
|turn|50
|
|t:|1614097319
|switch|p2a: ManInTheMirror|Xatu, M|86/100
|move|p1a: Clefable|Moonblast|p2a: ManInTheMirror
|-damage|p2a: ManInTheMirror|56/100
|
|-weather|Hail|[upkeep]
|-damage|p2a: ManInTheMirror|50/100|[from] Hail
|-heal|p1a: Clefable|99/100 brn|[from] item: Leftovers
|upkeep
|turn|51
|
|t:|1614097326
|move|p2a: ManInTheMirror|Roost|p2a: ManInTheMirror
|-heal|p2a: ManInTheMirror|99/100
|-singleturn|p2a: ManInTheMirror|move: Roost
|move|p1a: Clefable|Wish|p1a: Clefable
|
|-weather|none
|-heal|p1a: Clefable|100/100 brn|[from] item: Leftovers
|upkeep
|turn|52
|
|t:|1614097329
|switch|p1a: Nidoking|Nidoking, M|40/100
|move|p2a: ManInTheMirror|Cosmic Power|p2a: ManInTheMirror
|-boost|p2a: ManInTheMirror|def|1
|-boost|p2a: ManInTheMirror|spd|1
|
|-heal|p1a: Nidoking|100/100|[from] move: Wish|[wisher] Clefable
|upkeep
|turn|53
|
|t:|1614097334
|switch|p1a: Suicune|Suicune|75/100
|-ability|p1a: Suicune|Pressure
|move|p2a: ManInTheMirror|Cosmic Power|p2a: ManInTheMirror
|-boost|p2a: ManInTheMirror|def|1
|-boost|p2a: ManInTheMirror|spd|1
|
|-heal|p1a: Suicune|82/100|[from] item: Leftovers
|upkeep
|turn|54
|j| hfjdrtsteasteas
|
|t:|1614097340
|switch|p2a: CatchTheRainbow|Mantine, F|100/100
|move|p1a: Suicune|Substitute|p1a: Suicune
|-start|p1a: Suicune|Substitute
|-damage|p1a: Suicune|57/100
|
|-heal|p1a: Suicune|63/100|[from] item: Leftovers
|upkeep
|turn|55
|l| hfjdrtsteasteas
|
|t:|1614097344
|move|p1a: Suicune|Calm Mind|p1a: Suicune
|-boost|p1a: Suicune|spa|1
|-boost|p1a: Suicune|spd|1
|move|p2a: CatchTheRainbow|Haze|p2a: CatchTheRainbow
|-clearallboost
|
|-heal|p1a: Suicune|69/100|[from] item: Leftovers
|upkeep
|turn|56
|
|t:|1614097349
|move|p1a: Suicune|Scald|p2a: CatchTheRainbow
|-immune|p2a: CatchTheRainbow|[from] ability: Water Absorb
|move|p2a: CatchTheRainbow|Haze|p2a: CatchTheRainbow
|-clearallboost
|
|-heal|p1a: Suicune|75/100|[from] item: Leftovers
|upkeep
|turn|57
|l| sovlless
|
|t:|1614097354
|switch|p1a: Clefable|Clefable, M|100/100 brn
|move|p2a: CatchTheRainbow|Haze|p2a: CatchTheRainbow
|-clearallboost
|
|upkeep
|turn|58
|j| gtrfedwd2ew
|
|t:|1614097362
|move|p2a: CatchTheRainbow|Haze|p2a: CatchTheRainbow
|-clearallboost
|move|p1a: Clefable|Moonblast|p2a: CatchTheRainbow
|-damage|p2a: CatchTheRainbow|84/100
|
|-heal|p2a: CatchTheRainbow|90/100|[from] item: Leftovers
|upkeep
|turn|59
|j| gkvvghj
|
|t:|1614097366
|move|p2a: CatchTheRainbow|Haze|p2a: CatchTheRainbow
|-clearallboost
|move|p1a: Clefable|Wish|p1a: Clefable
|
|-heal|p2a: CatchTheRainbow|96/100|[from] item: Leftovers
|upkeep
|turn|60
|
|t:|1614097370
|move|p2a: CatchTheRainbow|Toxic||[still]
|-fail|p2a: CatchTheRainbow
|move|p1a: Clefable|Stealth Rock|p2a: CatchTheRainbow
|-sidestart|p2: Tirkys|move: Stealth Rock
|
|-heal|p2a: CatchTheRainbow|100/100|[from] item: Leftovers
|upkeep
|turn|61
|
|t:|1614097380
|move|p2a: CatchTheRainbow|Defog|p1a: Clefable
|-unboost|p1a: Clefable|evasion|1
|-sideend|p2: Tirkys|Stealth Rock|[from] move: Defog|[of] p2a: CatchTheRainbow
|move|p1a: Clefable|Moonblast|p2a: CatchTheRainbow
|-damage|p2a: CatchTheRainbow|81/100
|-unboost|p2a: CatchTheRainbow|spa|1
|
|-heal|p2a: CatchTheRainbow|87/100|[from] item: Leftovers
|upkeep
|turn|62
|
|t:|1614097386
|switch|p2a: ManInTheMirror|Xatu, M|99/100
|move|p1a: Clefable|Wish|p1a: Clefable
|
|upkeep
|turn|63
|
|t:|1614097391
|switch|p2a: CatchTheRainbow|Mantine, F|87/100
|switch|p1a: Suicune|Suicune|75/100
|-ability|p1a: Suicune|Pressure
|
|-heal|p1a: Suicune|100/100|[from] move: Wish|[wisher] Clefable
|-heal|p2a: CatchTheRainbow|93/100|[from] item: Leftovers
|upkeep
|turn|64
|
|t:|1614097397
|switch|p1a: Clefable|Clefable, M|100/100 brn
|move|p2a: CatchTheRainbow|Haze|p2a: CatchTheRainbow
|-clearallboost
|
|-heal|p2a: CatchTheRainbow|99/100|[from] item: Leftovers
|upkeep
|turn|65
|
|t:|1614097402
|switch|p2a: ManInTheMirror|Xatu, M|99/100
|move|p1a: Clefable|Moonblast|p2a: ManInTheMirror
|-damage|p2a: ManInTheMirror|68/100
|
|upkeep
|turn|66
|
|t:|1614097405
|switch|p2a: CatchTheRainbow|Mantine, F|99/100
|move|p1a: Clefable|Wish|p1a: Clefable
|
|-heal|p2a: CatchTheRainbow|100/100|[from] item: Leftovers
|upkeep
|turn|67
|
|t:|1614097410
|switch|p1a: Melmetal|Melmetal|49/100
|move|p2a: CatchTheRainbow|Haze|p2a: CatchTheRainbow
|-clearallboost
|
|-heal|p1a: Melmetal|97/100|[from] move: Wish|[wisher] Clefable
|-heal|p1a: Melmetal|100/100|[from] item: Leftovers
|upkeep
|turn|68
|
|t:|1614097414
|switch|p2a: Magician'sRed|Volcarona, F|88/100 tox
|move|p1a: Melmetal|Toxic|p2a: Magician'sRed
|-fail|p2a: Magician'sRed|tox
|
|-heal|p2a: Magician'sRed|94/100 tox|[from] item: Leftovers
|-damage|p2a: Magician'sRed|88/100 tox|[from] psn
|upkeep
|turn|69
|
|t:|1614097419
|switch|p2a: WhiteAlbum|Ninetales-Alola, F|100/100
|-weather|Hail|[from] ability: Snow Warning|[of] p2a: WhiteAlbum
|switch|p1a: Dragonite|Dragonite, M|88/100
|
|-weather|Hail|[upkeep]
|-damage|p1a: Dragonite|82/100|[from] Hail
|upkeep
|turn|70
|
|t:|1614097423
|switch|p1a: Melmetal|Melmetal|100/100
|move|p2a: WhiteAlbum|Freeze-Dry|p1a: Melmetal
|-resisted|p1a: Melmetal
|-damage|p1a: Melmetal|88/100
|
|-weather|Hail|[upkeep]
|-damage|p1a: Melmetal|82/100|[from] Hail
|-heal|p1a: Melmetal|88/100|[from] item: Leftovers
|upkeep
|turn|71
|
|t:|1614097434
|switch|p2a: Magician'sRed|Volcarona, F|88/100 tox
|move|p1a: Melmetal|Toxic|p2a: Magician'sRed
|-fail|p2a: Magician'sRed|tox
|
|-weather|Hail|[upkeep]
|-damage|p2a: Magician'sRed|82/100 tox|[from] Hail
|-damage|p1a: Melmetal|82/100|[from] Hail
|-heal|p2a: Magician'sRed|88/100 tox|[from] item: Leftovers
|-heal|p1a: Melmetal|88/100|[from] item: Leftovers
|-damage|p2a: Magician'sRed|82/100 tox|[from] psn
|upkeep
|turn|72
|
|t:|1614097437
|switch|p1a: Dragonite|Dragonite, M|82/100
|move|p2a: Magician'sRed|Fiery Dance|p1a: Dragonite
|-resisted|p1a: Dragonite
|-damage|p1a: Dragonite|67/100
|
|-weather|Hail|[upkeep]
|-damage|p2a: Magician'sRed|76/100 tox|[from] Hail
|-damage|p1a: Dragonite|61/100|[from] Hail
|-heal|p2a: Magician'sRed|82/100 tox|[from] item: Leftovers
|-damage|p2a: Magician'sRed|70/100 tox|[from] psn
|upkeep
|turn|73
|
|t:|1614097440
|move|p2a: Magician'sRed|Roost|p2a: Magician'sRed
|-heal|p2a: Magician'sRed|100/100 tox
|-singleturn|p2a: Magician'sRed|move: Roost
|move|p1a: Dragonite|Roost|p1a: Dragonite
|-heal|p1a: Dragonite|100/100
|-singleturn|p1a: Dragonite|move: Roost
|
|-weather|none
|-damage|p2a: Magician'sRed|82/100 tox|[from] psn
|upkeep
|turn|74
|
|t:|1614097446
|switch|p2a: StarPlatinum|Quagsire, M, shiny|76/100
|move|p1a: Dragonite|Earthquake|p2a: StarPlatinum
|-damage|p2a: StarPlatinum|55/100
|
|-heal|p2a: StarPlatinum|61/100|[from] item: Leftovers
|upkeep
|turn|75
|
|t:|1614097454
|switch|p1a: Rillaboom|Rillaboom, M|100/100
|-fieldstart|move: Grassy Terrain|[from] ability: Grassy Surge|[of] p1a: Rillaboom
|move|p2a: StarPlatinum|Recover|p2a: StarPlatinum
|-heal|p2a: StarPlatinum|100/100
|
|upkeep
|turn|76
|
|t:|1614097458
|switch|p2a: Magician'sRed|Volcarona, F|82/100 tox
|move|p1a: Rillaboom|Knock Off|p2a: Magician'sRed
|-damage|p2a: Magician'sRed|34/100 tox
|-enditem|p2a: Magician'sRed|Leftovers|[from] move: Knock Off|[of] p1a: Rillaboom
|
|-heal|p2a: Magician'sRed|40/100 tox|[from] Grassy Terrain
|-damage|p2a: Magician'sRed|34/100 tox|[from] psn
|upkeep
|turn|77
|
|t:|1614097461
|switch|p1a: Dragonite|Dragonite, M|100/100
|move|p2a: Magician'sRed|Roost|p2a: Magician'sRed
|-heal|p2a: Magician'sRed|84/100 tox
|-singleturn|p2a: Magician'sRed|move: Roost
|
|-heal|p2a: Magician'sRed|90/100 tox|[from] Grassy Terrain
|-damage|p2a: Magician'sRed|78/100 tox|[from] psn
|upkeep
|turn|78
|
|t:|1614097468
|switch|p2a: StarPlatinum|Quagsire, M, shiny|100/100
|move|p1a: Dragonite|Earthquake|p2a: StarPlatinum
|-damage|p2a: StarPlatinum|89/100
|
|-heal|p2a: StarPlatinum|95/100|[from] Grassy Terrain
|-heal|p2a: StarPlatinum|100/100|[from] item: Leftovers
|upkeep
|turn|79
|
|t:|1614097478
|switch|p1a: Rillaboom|Rillaboom, M|100/100
|move|p2a: StarPlatinum|Scald|p1a: Rillaboom
|-resisted|p1a: Rillaboom
|-damage|p1a: Rillaboom|87/100
|
|-heal|p1a: Rillaboom|93/100|[from] Grassy Terrain
|-fieldend|move: Grassy Terrain
|upkeep
|turn|80
|
|t:|1614097480
|switch|p2a: Magician'sRed|Volcarona, F|78/100 tox
|move|p1a: Rillaboom|U-turn|p2a: Magician'sRed
|-resisted|p2a: Magician'sRed
|-damage|p2a: Magician'sRed|61/100 tox
|-status|p1a: Rillaboom|brn|[from] ability: Flame Body|[of] p2a: Magician'sRed
|
|t:|1614097487
|switch|p1a: Nidoking|Nidoking, M|100/100|[from]move: U-turn
|
|-damage|p2a: Magician'sRed|54/100 tox|[from] psn
|upkeep
|turn|81
|
|t:|1614097492
|move|p1a: Nidoking|Sludge Wave|p2a: Magician'sRed
|-damage|p2a: Magician'sRed|4/100 tox
|move|p2a: Magician'sRed|Roost|p2a: Magician'sRed
|-heal|p2a: Magician'sRed|54/100 tox
|-singleturn|p2a: Magician'sRed|move: Roost
|
|-damage|p2a: Magician'sRed|41/100 tox|[from] psn
|upkeep
|turn|82
|
|t:|1614097498
|switch|p2a: CatchTheRainbow|Mantine, F|100/100
|move|p1a: Nidoking|Sludge Wave|p2a: CatchTheRainbow
|-damage|p2a: CatchTheRainbow|61/100
|
|-heal|p2a: CatchTheRainbow|68/100|[from] item: Leftovers
|upkeep
|turn|83
|
|t:|1614097505
|move|p1a: Nidoking|Sludge Wave|p2a: CatchTheRainbow
|-damage|p2a: CatchTheRainbow|34/100
|move|p2a: CatchTheRainbow|Roost|p2a: CatchTheRainbow
|-heal|p2a: CatchTheRainbow|84/100
|-singleturn|p2a: CatchTheRainbow|move: Roost
|
|-heal|p2a: CatchTheRainbow|90/100|[from] item: Leftovers
|upkeep
|turn|84
|j| OU make me yawn
|
|t:|1614097519
|switch|p1a: Clefable|Clefable, M|100/100 brn
|switch|p2a: StarPlatinum|Quagsire, M, shiny|100/100
|
|upkeep
|turn|85
|
|t:|1614097524
|switch|p2a: CatchTheRainbow|Mantine, F|90/100
|move|p1a: Clefable|Stealth Rock|p2a: CatchTheRainbow
|-sidestart|p2: Tirkys|move: Stealth Rock
|
|-heal|p2a: CatchTheRainbow|96/100|[from] item: Leftovers
|upkeep
|turn|86
|
|t:|1614097531
|switch|p1a: Rillaboom|Rillaboom, M|93/100 brn
|-fieldstart|move: Grassy Terrain|[from] ability: Grassy Surge|[of] p1a: Rillaboom
|move|p2a: CatchTheRainbow|Defog|p1a: Rillaboom
|-unboost|p1a: Rillaboom|evasion|1
|-sideend|p2: Tirkys|Stealth Rock|[from] move: Defog|[of] p2a: CatchTheRainbow
|-fieldend|move: Grassy Terrain
|
|-heal|p2a: CatchTheRainbow|100/100|[from] item: Leftovers
|-damage|p1a: Rillaboom|87/100 brn|[from] brn
|upkeep
|turn|87
|
|t:|1614097533
|switch|p2a: Magician'sRed|Volcarona, F|41/100 tox
|move|p1a: Rillaboom|Knock Off|p2a: Magician'sRed
|-damage|p2a: Magician'sRed|26/100 tox
|
|-damage|p1a: Rillaboom|81/100 brn|[from] brn
|-damage|p2a: Magician'sRed|20/100 tox|[from] psn
|upkeep
|turn|88
|
|t:|1614097537
|switch|p1a: Dragonite|Dragonite, M|100/100
|move|p2a: Magician'sRed|Roost|p2a: Magician'sRed
|-heal|p2a: Magician'sRed|70/100 tox
|-singleturn|p2a: Magician'sRed|move: Roost
|
|-damage|p2a: Magician'sRed|58/100 tox|[from] psn
|upkeep
|turn|89
|
|t:|1614097545
|switch|p2a: StarPlatinum|Quagsire, M, shiny|100/100
|move|p1a: Dragonite|Earthquake|p2a: StarPlatinum
|-damage|p2a: StarPlatinum|81/100
|
|-heal|p2a: StarPlatinum|88/100|[from] item: Leftovers
|upkeep
|turn|90
|j| sakihatarimi
|j| iifreshy
|
|t:|1614097552
|switch|p1a: Rillaboom|Rillaboom, M|81/100 brn
|-fieldstart|move: Grassy Terrain|[from] ability: Grassy Surge|[of] p1a: Rillaboom
|move|p2a: StarPlatinum|Stockpile|p2a: StarPlatinum
|-start|p2a: StarPlatinum|stockpile1
|-boost|p2a: StarPlatinum|def|1
|-boost|p2a: StarPlatinum|spd|1
|
|-heal|p1a: Rillaboom|87/100 brn|[from] Grassy Terrain
|-heal|p2a: StarPlatinum|94/100|[from] Grassy Terrain
|-heal|p2a: StarPlatinum|99/100|[from] item: Leftovers
|-damage|p1a: Rillaboom|81/100 brn|[from] brn
|upkeep
|turn|91
|
|t:|1614097555
|switch|p2a: Magician'sRed|Volcarona, F|58/100 tox
|move|p1a: Rillaboom|Wood Hammer|p2a: Magician'sRed
|-resisted|p2a: Magician'sRed
|-damage|p2a: Magician'sRed|44/100 tox
|-damage|p1a: Rillaboom|76/100 brn|[from] Recoil
|
|-heal|p1a: Rillaboom|82/100 brn|[from] Grassy Terrain
|-heal|p2a: Magician'sRed|50/100 tox|[from] Grassy Terrain
|-damage|p1a: Rillaboom|76/100 brn|[from] brn
|-damage|p2a: Magician'sRed|44/100 tox|[from] psn
|upkeep
|turn|92
|
|t:|1614097560
|switch|p1a: Dragonite|Dragonite, M|100/100
|move|p2a: Magician'sRed|Roost|p2a: Magician'sRed
|-heal|p2a: Magician'sRed|94/100 tox
|-singleturn|p2a: Magician'sRed|move: Roost
|
|-heal|p2a: Magician'sRed|100/100 tox|[from] Grassy Terrain
|-damage|p2a: Magician'sRed|88/100 tox|[from] psn
|upkeep
|turn|93
|
|t:|1614097567
|switch|p2a: StarPlatinum|Quagsire, M, shiny|99/100
|move|p1a: Dragonite|Earthquake|p2a: StarPlatinum
|-damage|p2a: StarPlatinum|89/100
|
|-heal|p2a: StarPlatinum|95/100|[from] Grassy Terrain
|-heal|p2a: StarPlatinum|100/100|[from] item: Leftovers
|upkeep
|turn|94
|
|t:|1614097569
|switch|p1a: Rillaboom|Rillaboom, M|76/100 brn
|move|p2a: StarPlatinum|Stockpile|p2a: StarPlatinum
|-start|p2a: StarPlatinum|stockpile1
|-boost|p2a: StarPlatinum|def|1
|-boost|p2a: StarPlatinum|spd|1
|
|-heal|p1a: Rillaboom|82/100 brn|[from] Grassy Terrain
|-fieldend|move: Grassy Terrain
|-damage|p1a: Rillaboom|76/100 brn|[from] brn
|upkeep
|turn|95
|
|t:|1614097573
|switch|p2a: Magician'sRed|Volcarona, F|88/100 tox
|move|p1a: Rillaboom|Knock Off|p2a: Magician'sRed
|-damage|p2a: Magician'sRed|72/100 tox
|
|-damage|p1a: Rillaboom|70/100 brn|[from] brn
|-damage|p2a: Magician'sRed|66/100 tox|[from] psn
|upkeep
|turn|96
|
|t:|1614097578
|switch|p1a: Dragonite|Dragonite, M|100/100
|move|p2a: Magician'sRed|Roost|p2a: Magician'sRed
|-heal|p2a: Magician'sRed|100/100 tox
|-singleturn|p2a: Magician'sRed|move: Roost
|
|-damage|p2a: Magician'sRed|88/100 tox|[from] psn
|upkeep
|turn|97
|
|t:|1614097582
|switch|p2a: StarPlatinum|Quagsire, M, shiny|100/100
|switch|p1a: Nidoking|Nidoking, M|100/100
|
|upkeep
|turn|98
|
|t:|1614097585
|move|p1a: Nidoking|Earth Power|p2a: StarPlatinum
|-damage|p2a: StarPlatinum|25/100
|move|p2a: StarPlatinum|Stockpile|p2a: StarPlatinum
|-start|p2a: StarPlatinum|stockpile1
|-boost|p2a: StarPlatinum|def|1
|-boost|p2a: StarPlatinum|spd|1
|
|-heal|p2a: StarPlatinum|31/100|[from] item: Leftovers
|upkeep
|turn|99
|
|t:|1614097589
|switch|p2a: CatchTheRainbow|Mantine, F|100/100
|move|p1a: Nidoking|Sludge Wave|p2a: CatchTheRainbow
|-damage|p2a: CatchTheRainbow|65/100
|
|-heal|p2a: CatchTheRainbow|71/100|[from] item: Leftovers
|upkeep
|turn|100
|
|t:|1614097597
|move|p1a: Nidoking|Sludge Wave|p2a: CatchTheRainbow
|-damage|p2a: CatchTheRainbow|36/100
|move|p2a: CatchTheRainbow|Roost|p2a: CatchTheRainbow
|-heal|p2a: CatchTheRainbow|86/100
|-singleturn|p2a: CatchTheRainbow|move: Roost
|
|-heal|p2a: CatchTheRainbow|92/100|[from] item: Leftovers
|upkeep
|turn|101
|
|t:|1614097604
|move|p1a: Nidoking|Ice Beam|p2a: CatchTheRainbow
|-damage|p2a: CatchTheRainbow|69/100
|move|p2a: CatchTheRainbow|Toxic|p1a: Nidoking|[miss]
|-miss|p2a: CatchTheRainbow|p1a: Nidoking
|
|-heal|p2a: CatchTheRainbow|76/100|[from] item: Leftovers
|upkeep
|turn|102
|
|t:|1614097611
|move|p1a: Nidoking|Flamethrower|p2a: CatchTheRainbow
|-resisted|p2a: CatchTheRainbow
|-damage|p2a: CatchTheRainbow|64/100
|move|p2a: CatchTheRainbow|Roost|p2a: CatchTheRainbow
|-heal|p2a: CatchTheRainbow|100/100
|-singleturn|p2a: CatchTheRainbow|move: Roost
|
|upkeep
|turn|103
|l| sakihatarimi
|
|t:|1614097615
|move|p1a: Nidoking|Ice Beam|p2a: CatchTheRainbow
|-damage|p2a: CatchTheRainbow|75/100
|move|p2a: CatchTheRainbow|Toxic|p1a: Nidoking
|-immune|p1a: Nidoking
|
|-heal|p2a: CatchTheRainbow|82/100|[from] item: Leftovers
|upkeep
|turn|104
|j| Pok et glace
|j| hiccorydiccorydocc
|
|t:|1614097619
|switch|p2a: Magician'sRed|Volcarona, F|88/100 tox
|move|p1a: Nidoking|Sludge Wave|p2a: Magician'sRed
|-damage|p2a: Magician'sRed|40/100 tox
|
|-damage|p2a: Magician'sRed|34/100 tox|[from] psn
|upkeep
|turn|105
|j| sakihatarimi
|
|t:|1614097625
|move|p1a: Nidoking|Sludge Wave|p2a: Magician'sRed
|-damage|p2a: Magician'sRed|0 fnt
|faint|p2a: Magician'sRed
|
|upkeep
|
|t:|1614097628
|switch|p2a: WhiteAlbum|Ninetales-Alola, F|100/100
|-weather|Hail|[from] ability: Snow Warning|[of] p2a: WhiteAlbum
|turn|106
|
|t:|1614097631
|switch|p1a: Melmetal|Melmetal|88/100
|move|p2a: WhiteAlbum|Blizzard|p1a: Melmetal
|-resisted|p1a: Melmetal
|-damage|p1a: Melmetal|71/100
|
|-weather|Hail|[upkeep]
|-damage|p1a: Melmetal|64/100|[from] Hail
|-heal|p1a: Melmetal|71/100|[from] item: Leftovers
|upkeep
|turn|107
|
|t:|1614097636
|switch|p2a: StarPlatinum|Quagsire, M, shiny|31/100
|move|p1a: Melmetal|Toxic|p2a: StarPlatinum|[miss]
|-miss|p1a: Melmetal|p2a: StarPlatinum
|
|-weather|Hail|[upkeep]
|-damage|p1a: Melmetal|64/100|[from] Hail
|-damage|p2a: StarPlatinum|25/100|[from] Hail
|-heal|p1a: Melmetal|71/100|[from] item: Leftovers
|-heal|p2a: StarPlatinum|31/100|[from] item: Leftovers
|upkeep
|turn|108
|
|t:|1614097642
|switch|p1a: Rillaboom|Rillaboom, M|70/100 brn
|-fieldstart|move: Grassy Terrain|[from] ability: Grassy Surge|[of] p1a: Rillaboom
|move|p2a: StarPlatinum|Rest|p2a: StarPlatinum
|-status|p2a: StarPlatinum|slp|[from] move: Rest
|-heal|p2a: StarPlatinum|100/100 slp|[silent]
|
|-weather|Hail|[upkeep]
|-damage|p1a: Rillaboom|64/100 brn|[from] Hail
|-damage|p2a: StarPlatinum|94/100 slp|[from] Hail
|-heal|p1a: Rillaboom|70/100 brn|[from] Grassy Terrain
|-heal|p2a: StarPlatinum|100/100 slp|[from] Grassy Terrain
|-damage|p1a: Rillaboom|64/100 brn|[from] brn
|upkeep
|turn|109
|
|t:|1614097648
|switch|p2a: ManInTheMirror|Xatu, M|68/100
|move|p1a: Rillaboom|Knock Off|p2a: ManInTheMirror
|-supereffective|p2a: ManInTheMirror
|-damage|p2a: ManInTheMirror|3/100
|-damage|p1a: Rillaboom|47/100 brn|[from] item: Rocky Helmet|[of] p2a: ManInTheMirror
|-enditem|p2a: ManInTheMirror|Rocky Helmet|[from] move: Knock Off|[of] p1a: Rillaboom
|
|-weather|Hail|[upkeep]
|-damage|p1a: Rillaboom|41/100 brn|[from] Hail
|-damage|p2a: ManInTheMirror|0 fnt|[from] Hail
|faint|p2a: ManInTheMirror
|-heal|p1a: Rillaboom|47/100 brn|[from] Grassy Terrain
|-damage|p1a: Rillaboom|41/100 brn|[from] brn
|upkeep
|
|t:|1614097651
|switch|p2a: WhiteAlbum|Ninetales-Alola, F|100/100
|turn|110
|
|t:|1614097655
|switch|p1a: Melmetal|Melmetal|71/100
|move|p2a: WhiteAlbum|Blizzard|p1a: Melmetal
|-resisted|p1a: Melmetal
|-damage|p1a: Melmetal|52/100
|
|-weather|none
|-heal|p1a: Melmetal|58/100|[from] Grassy Terrain
|-heal|p1a: Melmetal|64/100|[from] item: Leftovers
|upkeep
|turn|111
|j| lark134
|
|t:|1614097665
|switch|p2a: StarPlatinum|Quagsire, M, shiny|100/100 slp
|move|p1a: Melmetal|Double Iron Bash|p2a: StarPlatinum
|-resisted|p2a: StarPlatinum
|-damage|p2a: StarPlatinum|86/100 slp
|-resisted|p2a: StarPlatinum
|-damage|p2a: StarPlatinum|70/100 slp
|-hitcount|p2a: StarPlatinum|2
|
|-heal|p1a: Melmetal|71/100|[from] Grassy Terrain
|-heal|p1a: Melmetal|77/100|[from] item: Leftovers
|-heal|p2a: StarPlatinum|76/100 slp|[from] Grassy Terrain
|-heal|p2a: StarPlatinum|82/100 slp|[from] item: Leftovers
|upkeep
|turn|112
|
|t:|1614097672
|switch|p1a: Rillaboom|Rillaboom, M|41/100 brn
|switch|p2a: WhiteAlbum|Ninetales-Alola, F|100/100
|-weather|Hail|[from] ability: Snow Warning|[of] p2a: WhiteAlbum
|
|-weather|Hail|[upkeep]
|-damage|p1a: Rillaboom|35/100 brn|[from] Hail
|-heal|p1a: Rillaboom|41/100 brn|[from] Grassy Terrain
|-fieldend|move: Grassy Terrain
|-damage|p1a: Rillaboom|35/100 brn|[from] brn
|upkeep
|turn|113
|
|t:|1614097674
|switch|p1a: Melmetal|Melmetal|77/100
|move|p2a: WhiteAlbum|Blizzard|p1a: Melmetal
|-resisted|p1a: Melmetal
|-damage|p1a: Melmetal|59/100
|
|-weather|Hail|[upkeep]
|-damage|p1a: Melmetal|53/100|[from] Hail
|-heal|p1a: Melmetal|59/100|[from] item: Leftovers
|upkeep
|turn|114
|
|t:|1614097681
|switch|p2a: StarPlatinum|Quagsire, M, shiny|82/100 slp
|move|p1a: Melmetal|Double Iron Bash|p2a: StarPlatinum
|-resisted|p2a: StarPlatinum
|-damage|p2a: StarPlatinum|67/100 slp
|-resisted|p2a: StarPlatinum
|-damage|p2a: StarPlatinum|52/100 slp
|-hitcount|p2a: StarPlatinum|2
|
|-weather|Hail|[upkeep]
|-damage|p1a: Melmetal|53/100|[from] Hail
|-damage|p2a: StarPlatinum|46/100 slp|[from] Hail
|-heal|p1a: Melmetal|59/100|[from] item: Leftovers
|-heal|p2a: StarPlatinum|52/100 slp|[from] item: Leftovers
|upkeep
|turn|115
|
|t:|1614097689
|switch|p1a: Suicune|Suicune|100/100
|-ability|p1a: Suicune|Pressure
|cant|p2a: StarPlatinum|slp
|
|-weather|Hail|[upkeep]
|-damage|p1a: Suicune|94/100|[from] Hail
|-damage|p2a: StarPlatinum|46/100 slp|[from] Hail
|-heal|p1a: Suicune|100/100|[from] item: Leftovers
|-heal|p2a: StarPlatinum|52/100 slp|[from] item: Leftovers
|upkeep
|turn|116
|
|t:|1614097696
|move|p1a: Suicune|Scald|p2a: StarPlatinum
|-damage|p2a: StarPlatinum|23/100 slp
|cant|p2a: StarPlatinum|slp
|
|-weather|none
|-heal|p2a: StarPlatinum|29/100 slp|[from] item: Leftovers
|upkeep
|turn|117
|
|t:|1614097701
|move|p1a: Suicune|Substitute|p1a: Suicune
|-start|p1a: Suicune|Substitute
|-damage|p1a: Suicune|75/100
|-curestatus|p2a: StarPlatinum|slp|[msg]
|move|p2a: StarPlatinum|Recover|p2a: StarPlatinum
|-heal|p2a: StarPlatinum|79/100
|
|-heal|p1a: Suicune|82/100|[from] item: Leftovers
|-heal|p2a: StarPlatinum|85/100|[from] item: Leftovers
|upkeep
|turn|118
|l| OU make me yawn
|l| lark134
|
|t:|1614097708
|switch|p2a: CatchTheRainbow|Mantine, F|82/100
|move|p1a: Suicune|Calm Mind|p1a: Suicune
|-boost|p1a: Suicune|spa|1
|-boost|p1a: Suicune|spd|1
|
|-heal|p1a: Suicune|88/100|[from] item: Leftovers
|-heal|p2a: CatchTheRainbow|88/100|[from] item: Leftovers
|upkeep
|turn|119
|
|t:|1614097711
|switch|p1a: Nidoking|Nidoking, M|100/100
|move|p2a: CatchTheRainbow|Haze|p2a: CatchTheRainbow
|-clearallboost
|
|-heal|p2a: CatchTheRainbow|94/100|[from] item: Leftovers
|upkeep
|turn|120
|
|t:|1614097715
|move|p1a: Nidoking|Flamethrower|p2a: CatchTheRainbow
|-resisted|p2a: CatchTheRainbow
|-damage|p2a: CatchTheRainbow|81/100
|move|p2a: CatchTheRainbow|Toxic|p1a: Nidoking
|-immune|p1a: Nidoking
|
|-heal|p2a: CatchTheRainbow|87/100|[from] item: Leftovers
|upkeep
|turn|121
|j| OU make me yawn
|
|t:|1614097721
|move|p1a: Nidoking|Sludge Wave|p2a: CatchTheRainbow
|-damage|p2a: CatchTheRainbow|53/100
|move|p2a: CatchTheRainbow|Toxic|p1a: Nidoking
|-immune|p1a: Nidoking
|
|-heal|p2a: CatchTheRainbow|59/100|[from] item: Leftovers
|upkeep
|turn|122
|
|t:|1614097725
|move|p1a: Nidoking|Ice Beam|p2a: CatchTheRainbow
|-damage|p2a: CatchTheRainbow|36/100
|move|p2a: CatchTheRainbow|Roost|p2a: CatchTheRainbow
|-heal|p2a: CatchTheRainbow|86/100
|-singleturn|p2a: CatchTheRainbow|move: Roost
|
|-heal|p2a: CatchTheRainbow|92/100|[from] item: Leftovers
|upkeep
|turn|123
|l| sakihatarimi
|
|t:|1614097730
|move|p1a: Nidoking|Ice Beam|p2a: CatchTheRainbow
|-damage|p2a: CatchTheRainbow|67/100
|move|p2a: CatchTheRainbow|Toxic|p1a: Nidoking
|-immune|p1a: Nidoking
|
|-heal|p2a: CatchTheRainbow|73/100|[from] item: Leftovers
|upkeep
|turn|124
|
|t:|1614097734
|switch|p1a: Clefable|Clefable, M|100/100 brn
|move|p2a: CatchTheRainbow|Toxic||[still]
|-fail|p2a: CatchTheRainbow
|
|-heal|p2a: CatchTheRainbow|79/100|[from] item: Leftovers
|upkeep
|turn|125
|
|t:|1614097739
|move|p2a: CatchTheRainbow|Toxic||[still]
|-fail|p2a: CatchTheRainbow
|move|p1a: Clefable|Stealth Rock|p2a: CatchTheRainbow
|-sidestart|p2: Tirkys|move: Stealth Rock
|
|-heal|p2a: CatchTheRainbow|85/100|[from] item: Leftovers
|upkeep
|turn|126
|
|t:|1614097743
|move|p2a: CatchTheRainbow|Defog|p1a: Clefable
|-unboost|p1a: Clefable|evasion|1
|-sideend|p2: Tirkys|Stealth Rock|[from] move: Defog|[of] p2a: CatchTheRainbow
|move|p1a: Clefable|Wish|p1a: Clefable
|
|-heal|p2a: CatchTheRainbow|91/100|[from] item: Leftovers
|upkeep
|turn|127
|
|t:|1614097745
|switch|p1a: Rillaboom|Rillaboom, M|35/100 brn
|-fieldstart|move: Grassy Terrain|[from] ability: Grassy Surge|[of] p1a: Rillaboom
|move|p2a: CatchTheRainbow|Toxic||[still]
|-fail|p2a: CatchTheRainbow
|
|-heal|p1a: Rillaboom|93/100 brn|[from] move: Wish|[wisher] Clefable
|-heal|p1a: Rillaboom|99/100 brn|[from] Grassy Terrain
|-heal|p2a: CatchTheRainbow|98/100|[from] item: Leftovers
|-damage|p1a: Rillaboom|93/100 brn|[from] brn
|upkeep
|turn|128
|
|t:|1614097750
|move|p1a: Rillaboom|Knock Off|p2a: CatchTheRainbow
|-damage|p2a: CatchTheRainbow|74/100
|-enditem|p2a: CatchTheRainbow|Leftovers|[from] move: Knock Off|[of] p1a: Rillaboom
|move|p2a: CatchTheRainbow|Roost|p2a: CatchTheRainbow
|-heal|p2a: CatchTheRainbow|100/100
|-singleturn|p2a: CatchTheRainbow|move: Roost
|
|-heal|p1a: Rillaboom|99/100 brn|[from] Grassy Terrain
|-damage|p1a: Rillaboom|93/100 brn|[from] brn
|upkeep
|turn|129
|
|t:|1614097755
|switch|p1a: Clefable|Clefable, M|100/100 brn
|move|p2a: CatchTheRainbow|Roost||[still]
|-fail|p2a: CatchTheRainbow|heal
|
|upkeep
|turn|130
|
|t:|1614097757
|move|p2a: CatchTheRainbow|Toxic||[still]
|-fail|p2a: CatchTheRainbow
|move|p1a: Clefable|Stealth Rock|p2a: CatchTheRainbow
|-sidestart|p2: Tirkys|move: Stealth Rock
|
|upkeep
|turn|131
|
|t:|1614097761
|switch|p1a: Nidoking|Nidoking, M|100/100
|move|p2a: CatchTheRainbow|Defog|p1a: Nidoking
|-unboost|p1a: Nidoking|evasion|1
|-sideend|p2: Tirkys|Stealth Rock|[from] move: Defog|[of] p2a: CatchTheRainbow
|-fieldend|move: Grassy Terrain
|
|upkeep
|turn|132
|
|t:|1614097765
|move|p1a: Nidoking|Ice Beam|p2a: CatchTheRainbow
|-damage|p2a: CatchTheRainbow|76/100
|move|p2a: CatchTheRainbow|Toxic|p1a: Nidoking
|-immune|p1a: Nidoking
|
|upkeep
|turn|133
|
|t:|1614097770
|switch|p1a: Rillaboom|Rillaboom, M|93/100 brn
|-fieldstart|move: Grassy Terrain|[from] ability: Grassy Surge|[of] p1a: Rillaboom
|move|p2a: CatchTheRainbow|Toxic||[still]
|-fail|p2a: CatchTheRainbow
|
|-heal|p1a: Rillaboom|99/100 brn|[from] Grassy Terrain
|-damage|p1a: Rillaboom|93/100 brn|[from] brn
|upkeep
|turn|134
|
|t:|1614097774
|move|p1a: Rillaboom|Wood Hammer|p2a: CatchTheRainbow
|-damage|p2a: CatchTheRainbow|12/100
|-damage|p1a: Rillaboom|70/100 brn|[from] Recoil
|move|p2a: CatchTheRainbow|Roost|p2a: CatchTheRainbow
|-heal|p2a: CatchTheRainbow|62/100
|-singleturn|p2a: CatchTheRainbow|move: Roost
|
|-heal|p1a: Rillaboom|76/100 brn|[from] Grassy Terrain
|-heal|p2a: CatchTheRainbow|68/100|[from] Grassy Terrain
|-damage|p1a: Rillaboom|70/100 brn|[from] brn
|upkeep
|turn|135
|
|t:|1614097781
|switch|p1a: Clefable|Clefable, M|100/100 brn
|switch|p2a: WhiteAlbum|Ninetales-Alola, F|100/100
|-weather|Hail|[from] ability: Snow Warning|[of] p2a: WhiteAlbum
|
|-weather|Hail|[upkeep]
|upkeep
|turn|136
|
|t:|1614097785
|switch|p2a: CatchTheRainbow|Mantine, F|68/100
|switch|p1a: Melmetal|Melmetal|59/100
|
|-weather|Hail|[upkeep]
|-damage|p2a: CatchTheRainbow|62/100|[from] Hail
|-damage|p1a: Melmetal|53/100|[from] Hail
|-heal|p1a: Melmetal|59/100|[from] Grassy Terrain
|-heal|p1a: Melmetal|65/100|[from] item: Leftovers
|upkeep
|turn|137
|
|t:|1614097790
|switch|p2a: StarPlatinum|Quagsire, M, shiny|85/100
|move|p1a: Melmetal|Toxic|p2a: StarPlatinum
|-status|p2a: StarPlatinum|tox
|
|-weather|Hail|[upkeep]
|-damage|p1a: Melmetal|59/100|[from] Hail
|-damage|p2a: StarPlatinum|79/100 tox|[from] Hail
|-heal|p1a: Melmetal|65/100|[from] Grassy Terrain
|-heal|p1a: Melmetal|71/100|[from] item: Leftovers
|-heal|p2a: StarPlatinum|85/100 tox|[from] Grassy Terrain
|-heal|p2a: StarPlatinum|91/100 tox|[from] item: Leftovers
|-fieldend|move: Grassy Terrain
|-damage|p2a: StarPlatinum|85/100 tox|[from] psn
|upkeep
|turn|138
|j| nemweta
|
|t:|1614097796
|switch|p1a: Clefable|Clefable, M|100/100 brn
|move|p2a: StarPlatinum|Rest|p2a: StarPlatinum
|-status|p2a: StarPlatinum|slp|[from] move: Rest
|-heal|p2a: StarPlatinum|100/100 slp|[silent]
|
|-weather|Hail|[upkeep]
|-damage|p2a: StarPlatinum|94/100 slp|[from] Hail
|-heal|p2a: StarPlatinum|100/100 slp|[from] item: Leftovers
|upkeep
|turn|139
|
|t:|1614097798
|switch|p2a: CatchTheRainbow|Mantine, F|62/100
|move|p1a: Clefable|Stealth Rock|p2a: CatchTheRainbow
|-sidestart|p2: Tirkys|move: Stealth Rock
|
|-weather|none
|upkeep
|turn|140
|
|t:|1614097800
|move|p2a: CatchTheRainbow|Roost|p2a: CatchTheRainbow
|-heal|p2a: CatchTheRainbow|100/100
|-singleturn|p2a: CatchTheRainbow|move: Roost
|move|p1a: Clefable|Moonblast|p2a: CatchTheRainbow
|-damage|p2a: CatchTheRainbow|84/100
|-unboost|p2a: CatchTheRainbow|spa|1
|
|upkeep
|turn|141
|
|t:|1614097803
|move|p2a: CatchTheRainbow|Defog|p1a: Clefable
|-unboost|p1a: Clefable|evasion|1
|-sideend|p2: Tirkys|Stealth Rock|[from] move: Defog|[of] p2a: CatchTheRainbow
|move|p1a: Clefable|Wish|p1a: Clefable
|
|upkeep
|turn|142
|l| OU make me yawn
|
|t:|1614097808
|switch|p1a: Rillaboom|Rillaboom, M|70/100 brn
|-fieldstart|move: Grassy Terrain|[from] ability: Grassy Surge|[of] p1a: Rillaboom
|move|p2a: CatchTheRainbow|Toxic||[still]
|-fail|p2a: CatchTheRainbow
|
|-heal|p1a: Rillaboom|100/100 brn|[from] move: Wish|[wisher] Clefable
|-damage|p1a: Rillaboom|94/100 brn|[from] brn
|upkeep
|turn|143
|
|t:|1614097812
|move|p1a: Rillaboom|U-turn|p2a: CatchTheRainbow
|-resisted|p2a: CatchTheRainbow
|-damage|p2a: CatchTheRainbow|75/100
|
|t:|1614097816
|switch|p1a: Clefable|Clefable, M|100/100 brn|[from]move: U-turn
|move|p2a: CatchTheRainbow|Roost|p2a: CatchTheRainbow
|-heal|p2a: CatchTheRainbow|100/100
|-singleturn|p2a: CatchTheRainbow|move: Roost
|
|upkeep
|turn|144
|
|t:|1614097821
|move|p2a: CatchTheRainbow|Toxic||[still]
|-fail|p2a: CatchTheRainbow
|move|p1a: Clefable|Stealth Rock|p2a: CatchTheRainbow
|-sidestart|p2: Tirkys|move: Stealth Rock
|
|upkeep
|turn|145
|
|t:|1614097825
|move|p2a: CatchTheRainbow|Defog|p1a: Clefable
|-unboost|p1a: Clefable|evasion|1
|-sideend|p2: Tirkys|Stealth Rock|[from] move: Defog|[of] p2a: CatchTheRainbow
|-fieldend|move: Grassy Terrain
|move|p1a: Clefable|Wish|p1a: Clefable
|
|upkeep
|turn|146
|
|t:|1614097832
|switch|p1a: Melmetal|Melmetal|71/100
|move|p2a: CatchTheRainbow|Haze|p2a: CatchTheRainbow
|-clearallboost
|
|-heal|p1a: Melmetal|100/100|[from] move: Wish|[wisher] Clefable
|upkeep
|turn|147
|
|t:|1614097835
|switch|p2a: StarPlatinum|Quagsire, M, shiny|100/100 slp
|move|p1a: Melmetal|Toxic||[still]
|-fail|p1a: Melmetal
|
|upkeep
|turn|148
|
|t:|1614097838
|switch|p1a: Suicune|Suicune|88/100
|-ability|p1a: Suicune|Pressure
|cant|p2a: StarPlatinum|slp
|
|-heal|p1a: Suicune|94/100|[from] item: Leftovers
|upkeep
|turn|149
|
|t:|1614097842
|move|p1a: Suicune|Substitute|p1a: Suicune
|-start|p1a: Suicune|Substitute
|-damage|p1a: Suicune|69/100
|cant|p2a: StarPlatinum|slp
|
|-heal|p1a: Suicune|75/100|[from] item: Leftovers
|upkeep
|turn|150
|
|t:|1614097846
|move|p1a: Suicune|Scald|p2a: StarPlatinum
|-damage|p2a: StarPlatinum|72/100 slp
|-curestatus|p2a: StarPlatinum|slp|[msg]
|move|p2a: StarPlatinum|Stockpile|p2a: StarPlatinum
|-start|p2a: StarPlatinum|stockpile1
|-boost|p2a: StarPlatinum|def|1
|-boost|p2a: StarPlatinum|spd|1
|
|-heal|p1a: Suicune|81/100|[from] item: Leftovers
|-heal|p2a: StarPlatinum|78/100|[from] item: Leftovers
|upkeep
|turn|151
|
|t:|1614097853
|move|p1a: Suicune|Calm Mind|p1a: Suicune
|-boost|p1a: Suicune|spa|1
|-boost|p1a: Suicune|spd|1
|move|p2a: StarPlatinum|Stockpile|p2a: StarPlatinum
|-start|p2a: StarPlatinum|stockpile2
|-boost|p2a: StarPlatinum|def|1
|-boost|p2a: StarPlatinum|spd|1
|
|-heal|p1a: Suicune|88/100|[from] item: Leftovers
|-heal|p2a: StarPlatinum|84/100|[from] item: Leftovers
|upkeep
|turn|152
|
|t:|1614097859
|move|p1a: Suicune|Scald|p2a: StarPlatinum
|-damage|p2a: StarPlatinum|69/100
|move|p2a: StarPlatinum|Stockpile|p2a: StarPlatinum
|-start|p2a: StarPlatinum|stockpile3
|-boost|p2a: StarPlatinum|def|1
|-boost|p2a: StarPlatinum|spd|1
|
|-heal|p1a: Suicune|94/100|[from] item: Leftovers
|-heal|p2a: StarPlatinum|75/100|[from] item: Leftovers
|upkeep
|turn|153
|j| Dheze17
|
|t:|1614097868
|move|p1a: Suicune|Scald|p2a: StarPlatinum
|-damage|p2a: StarPlatinum|64/100
|move|p2a: StarPlatinum|Rest|p2a: StarPlatinum
|-status|p2a: StarPlatinum|slp|[from] move: Rest
|-heal|p2a: StarPlatinum|100/100 slp|[silent]
|
|-heal|p1a: Suicune|99/100|[from] item: Leftovers
|upkeep
|turn|154
|l| Dheze17
|
|t:|1614097874
|switch|p1a: Clefable|Clefable, M|100/100 brn
|cant|p2a: StarPlatinum|slp
|
|upkeep
|turn|155
|
|t:|1614097877
|switch|p2a: CatchTheRainbow|Mantine, F|100/100
|move|p1a: Clefable|Stealth Rock|p2a: CatchTheRainbow
|-sidestart|p2: Tirkys|move: Stealth Rock
|
|upkeep
|turn|156
|c| Pok et glace|finish it with rilla you can heal it anyway
|
|t:|1614097886
|switch|p1a: Rillaboom|Rillaboom, M|94/100 brn
|-fieldstart|move: Grassy Terrain|[from] ability: Grassy Surge|[of] p1a: Rillaboom
|move|p2a: CatchTheRainbow|Defog|p1a: Rillaboom
|-unboost|p1a: Rillaboom|evasion|1
|-sideend|p2: Tirkys|Stealth Rock|[from] move: Defog|[of] p2a: CatchTheRainbow
|-fieldend|move: Grassy Terrain
|
|-damage|p1a: Rillaboom|88/100 brn|[from] brn
|upkeep
|turn|157
|
|t:|1614097890
|move|p1a: Rillaboom|Wood Hammer|p2a: CatchTheRainbow
|-damage|p2a: CatchTheRainbow|57/100
|-damage|p1a: Rillaboom|72/100 brn|[from] Recoil
|move|p2a: CatchTheRainbow|Roost|p2a: CatchTheRainbow
|-heal|p2a: CatchTheRainbow|100/100
|-singleturn|p2a: CatchTheRainbow|move: Roost
|
|-damage|p1a: Rillaboom|66/100 brn|[from] brn
|upkeep
|turn|158
|
|t:|1614097899
|switch|p1a: Melmetal|Melmetal|100/100
|move|p2a: CatchTheRainbow|Haze|p2a: CatchTheRainbow
|-clearallboost
|
|upkeep
|turn|159
|
|t:|1614097905
|switch|p2a: StarPlatinum|Quagsire, M, shiny|100/100 slp
|switch|p1a: Rillaboom|Rillaboom, M|66/100 brn
|-fieldstart|move: Grassy Terrain|[from] ability: Grassy Surge|[of] p1a: Rillaboom
|
|-heal|p1a: Rillaboom|72/100 brn|[from] Grassy Terrain
|-damage|p1a: Rillaboom|66/100 brn|[from] brn
|upkeep
|turn|160
|
|t:|1614097910
|switch|p2a: WhiteAlbum|Ninetales-Alola, F|100/100
|-weather|Hail|[from] ability: Snow Warning|[of] p2a: WhiteAlbum
|move|p1a: Rillaboom|U-turn|p2a: WhiteAlbum
|-resisted|p2a: WhiteAlbum
|-damage|p2a: WhiteAlbum|88/100
|
|t:|1614097916
|switch|p1a: Nidoking|Nidoking, M|100/100|[from]move: U-turn
|
|-weather|Hail|[upkeep]
|-damage|p1a: Nidoking|95/100|[from] Hail
|-heal|p2a: WhiteAlbum|94/100|[from] Grassy Terrain
|-heal|p1a: Nidoking|100/100|[from] Grassy Terrain
|upkeep
|turn|161
|
|t:|1614097919
|switch|p1a: Melmetal|Melmetal|100/100
|move|p2a: WhiteAlbum|Blizzard|p1a: Melmetal
|-resisted|p1a: Melmetal
|-damage|p1a: Melmetal|82/100
|
|-weather|Hail|[upkeep]
|-damage|p1a: Melmetal|76/100|[from] Hail
|-heal|p2a: WhiteAlbum|99/100|[from] Grassy Terrain
|-heal|p1a: Melmetal|82/100|[from] Grassy Terrain
|-heal|p1a: Melmetal|89/100|[from] item: Leftovers
|upkeep
|turn|162
|
|t:|1614097926
|switch|p2a: StarPlatinum|Quagsire, M, shiny|100/100 slp
|switch|p1a: Suicune|Suicune|99/100
|-ability|p1a: Suicune|Pressure
|
|-weather|Hail|[upkeep]
|-damage|p1a: Suicune|94/100|[from] Hail
|-damage|p2a: StarPlatinum|94/100 slp|[from] Hail
|-heal|p1a: Suicune|99/100|[from] Grassy Terrain
|-heal|p1a: Suicune|100/100|[from] item: Leftovers
|-heal|p2a: StarPlatinum|100/100 slp|[from] Grassy Terrain
|upkeep
|turn|163
|
|t:|1614097931
|switch|p1a: Rillaboom|Rillaboom, M|66/100 brn
|cant|p2a: StarPlatinum|slp
|
|-weather|Hail|[upkeep]
|-damage|p1a: Rillaboom|60/100 brn|[from] Hail
|-damage|p2a: StarPlatinum|94/100 slp|[from] Hail
|-heal|p1a: Rillaboom|66/100 brn|[from] Grassy Terrain
|-heal|p2a: StarPlatinum|100/100 slp|[from] Grassy Terrain
|-fieldend|move: Grassy Terrain
|-damage|p1a: Rillaboom|60/100 brn|[from] brn
|upkeep
|turn|164
|
|t:|1614097934
|switch|p2a: CatchTheRainbow|Mantine, F|100/100
|move|p1a: Rillaboom|Wood Hammer|p2a: CatchTheRainbow
|-damage|p2a: CatchTheRainbow|56/100
|-damage|p1a: Rillaboom|44/100 brn|[from] Recoil
|
|-weather|none
|-damage|p1a: Rillaboom|38/100 brn|[from] brn
|upkeep
|turn|165
|
|t:|1614097937
|switch|p1a: Clefable|Clefable, M|100/100 brn
|move|p2a: CatchTheRainbow|Roost|p2a: CatchTheRainbow
|-heal|p2a: CatchTheRainbow|100/100
|-singleturn|p2a: CatchTheRainbow|move: Roost
|
|upkeep
|turn|166
|
|t:|1614097940
|move|p2a: CatchTheRainbow|Haze|p2a: CatchTheRainbow
|-clearallboost
|move|p1a: Clefable|Wish|p1a: Clefable
|
|upkeep
|turn|167
|
|t:|1614097942
|switch|p1a: Rillaboom|Rillaboom, M|38/100 brn
|-fieldstart|move: Grassy Terrain|[from] ability: Grassy Surge|[of] p1a: Rillaboom
|move|p2a: CatchTheRainbow|Haze|p2a: CatchTheRainbow
|-clearallboost
|
|-heal|p1a: Rillaboom|96/100 brn|[from] move: Wish|[wisher] Clefable
|-heal|p1a: Rillaboom|100/100 brn|[from] Grassy Terrain
|-damage|p1a: Rillaboom|94/100 brn|[from] brn
|upkeep
|turn|168
|
|t:|1614097946
|move|p1a: Rillaboom|U-turn|p2a: CatchTheRainbow
|-resisted|p2a: CatchTheRainbow
|-damage|p2a: CatchTheRainbow|92/100
|
|t:|1614097949
|switch|p1a: Melmetal|Melmetal|89/100|[from]move: U-turn
|move|p2a: CatchTheRainbow|Roost|p2a: CatchTheRainbow
|-heal|p2a: CatchTheRainbow|100/100
|-singleturn|p2a: CatchTheRainbow|move: Roost
|
|-heal|p1a: Melmetal|95/100|[from] Grassy Terrain
|-heal|p1a: Melmetal|100/100|[from] item: Leftovers
|upkeep
|turn|169
|
|t:|1614097956
|switch|p2a: StarPlatinum|Quagsire, M, shiny|100/100 slp
|move|p1a: Melmetal|Toxic||[still]
|-fail|p1a: Melmetal
|
|upkeep
|turn|170
|
|t:|1614097961
|switch|p1a: Dragonite|Dragonite, M|100/100
|-curestatus|p2a: StarPlatinum|slp|[msg]
|move|p2a: StarPlatinum|Stockpile|p2a: StarPlatinum
|-start|p2a: StarPlatinum|stockpile1
|-boost|p2a: StarPlatinum|def|1
|-boost|p2a: StarPlatinum|spd|1
|
|upkeep
|turn|171
|
|t:|1614097966
|switch|p1a: Clefable|Clefable, M|100/100 brn
|move|p2a: StarPlatinum|Scald|p1a: Clefable
|-damage|p1a: Clefable|83/100 brn
|
|-heal|p1a: Clefable|89/100 brn|[from] Grassy Terrain
|-heal|p1a: Clefable|95/100 brn|[from] item: Leftovers
|-fieldend|move: Grassy Terrain
|upkeep
|turn|172
|
|t:|1614097968
|switch|p2a: CatchTheRainbow|Mantine, F|100/100
|move|p1a: Clefable|Stealth Rock|p2a: CatchTheRainbow
|-sidestart|p2: Tirkys|move: Stealth Rock
|
|-heal|p1a: Clefable|100/100 brn|[from] item: Leftovers
|upkeep
|turn|173
|
|t:|1614097975
|switch|p1a: Rillaboom|Rillaboom, M|94/100 brn
|-fieldstart|move: Grassy Terrain|[from] ability: Grassy Surge|[of] p1a: Rillaboom
|move|p2a: CatchTheRainbow|Defog|p1a: Rillaboom
|-unboost|p1a: Rillaboom|evasion|1
|-sideend|p2: Tirkys|Stealth Rock|[from] move: Defog|[of] p2a: CatchTheRainbow
|-fieldend|move: Grassy Terrain
|
|-damage|p1a: Rillaboom|88/100 brn|[from] brn
|upkeep
|turn|174
|
|t:|1614097979
|move|p1a: Rillaboom|U-turn|p2a: CatchTheRainbow
|-resisted|p2a: CatchTheRainbow
|-damage|p2a: CatchTheRainbow|92/100
|
|t:|1614097982
|switch|p1a: Clefable|Clefable, M|100/100 brn|[from]move: U-turn
|move|p2a: CatchTheRainbow|Haze|p2a: CatchTheRainbow
|-clearallboost
|
|upkeep
|turn|175
|
|t:|1614097985
|move|p2a: CatchTheRainbow|Haze|p2a: CatchTheRainbow
|-clearallboost
|move|p1a: Clefable|Stealth Rock|p2a: CatchTheRainbow
|-sidestart|p2: Tirkys|move: Stealth Rock
|
|upkeep
|turn|176
|
|t:|1614097988
|move|p2a: CatchTheRainbow|Defog|p1a: Clefable
|-unboost|p1a: Clefable|evasion|1
|-sideend|p2: Tirkys|Stealth Rock|[from] move: Defog|[of] p2a: CatchTheRainbow
|move|p1a: Clefable|Moonblast|p2a: CatchTheRainbow
|-damage|p2a: CatchTheRainbow|74/100
|
|upkeep
|turn|177
|
|t:|1614097992
|move|p2a: CatchTheRainbow|Haze|p2a: CatchTheRainbow
|-clearallboost
|move|p1a: Clefable|Moonblast|p2a: CatchTheRainbow
|-damage|p2a: CatchTheRainbow|56/100
|
|upkeep
|turn|178
|
|t:|1614097994
|move|p2a: CatchTheRainbow|Haze|p2a: CatchTheRainbow
|-clearallboost
|move|p1a: Clefable|Stealth Rock|p2a: CatchTheRainbow
|-sidestart|p2: Tirkys|move: Stealth Rock
|
|upkeep
|turn|179
|
|t:|1614097996
|switch|p1a: Rillaboom|Rillaboom, M|88/100 brn
|-fieldstart|move: Grassy Terrain|[from] ability: Grassy Surge|[of] p1a: Rillaboom
|move|p2a: CatchTheRainbow|Defog|p1a: Rillaboom
|-unboost|p1a: Rillaboom|evasion|1
|-sideend|p2: Tirkys|Stealth Rock|[from] move: Defog|[of] p2a: CatchTheRainbow
|-fieldend|move: Grassy Terrain
|
|-damage|p1a: Rillaboom|82/100 brn|[from] brn
|upkeep
|turn|180
|
|t:|1614097999
|move|p1a: Rillaboom|Wood Hammer|p2a: CatchTheRainbow
|-damage|p2a: CatchTheRainbow|10/100
|-damage|p1a: Rillaboom|65/100 brn|[from] Recoil
|move|p2a: CatchTheRainbow|Roost|p2a: CatchTheRainbow
|-heal|p2a: CatchTheRainbow|60/100
|-singleturn|p2a: CatchTheRainbow|move: Roost
|
|-damage|p1a: Rillaboom|59/100 brn|[from] brn
|upkeep
|turn|181
|
|t:|1614098002
|switch|p1a: Clefable|Clefable, M|100/100 brn
|move|p2a: CatchTheRainbow|Roost|p2a: CatchTheRainbow
|-heal|p2a: CatchTheRainbow|100/100
|-singleturn|p2a: CatchTheRainbow|move: Roost
|
|upkeep
|turn|182
|
|t:|1614098005
|move|p2a: CatchTheRainbow|Haze|p2a: CatchTheRainbow
|-clearallboost
|move|p1a: Clefable|Stealth Rock|p2a: CatchTheRainbow
|-sidestart|p2: Tirkys|move: Stealth Rock
|
|upkeep
|turn|183
|
|t:|1614098008
|move|p2a: CatchTheRainbow|Defog|p1a: Clefable
|-unboost|p1a: Clefable|evasion|1
|-sideend|p2: Tirkys|Stealth Rock|[from] move: Defog|[of] p2a: CatchTheRainbow
|move|p1a: Clefable|Moonblast|p2a: CatchTheRainbow
|-damage|p2a: CatchTheRainbow|81/100
|-unboost|p2a: CatchTheRainbow|spa|1
|
|upkeep
|turn|184
|
|t:|1614098010
|move|p2a: CatchTheRainbow|Haze|p2a: CatchTheRainbow
|-clearallboost
|move|p1a: Clefable|Moonblast|p2a: CatchTheRainbow
|-damage|p2a: CatchTheRainbow|64/100
|
|upkeep
|turn|185
|
|t:|1614098014
|move|p2a: CatchTheRainbow|Haze|p2a: CatchTheRainbow
|-clearallboost
|move|p1a: Clefable|Moonblast|p2a: CatchTheRainbow
|-damage|p2a: CatchTheRainbow|47/100
|
|upkeep
|turn|186
|
|t:|1614098017
|move|p2a: CatchTheRainbow|Roost|p2a: CatchTheRainbow
|-heal|p2a: CatchTheRainbow|97/100
|-singleturn|p2a: CatchTheRainbow|move: Roost
|move|p1a: Clefable|Stealth Rock|p2a: CatchTheRainbow
|-sidestart|p2: Tirkys|move: Stealth Rock
|
|upkeep
|turn|187
|j| Limited_Toolkit
|
|t:|1614098021
|move|p2a: CatchTheRainbow|Defog|p1a: Clefable
|-unboost|p1a: Clefable|evasion|1
|-sideend|p2: Tirkys|Stealth Rock|[from] move: Defog|[of] p2a: CatchTheRainbow
|move|p1a: Clefable|Wish|p1a: Clefable
|
|upkeep
|turn|188
|l| asapaooaoispo
|
|t:|1614098023
|switch|p1a: Rillaboom|Rillaboom, M|59/100 brn
|-fieldstart|move: Grassy Terrain|[from] ability: Grassy Surge|[of] p1a: Rillaboom
|move|p2a: CatchTheRainbow|Haze|p2a: CatchTheRainbow
|-clearallboost
|
|-heal|p1a: Rillaboom|100/100 brn|[from] move: Wish|[wisher] Clefable
|-damage|p1a: Rillaboom|94/100 brn|[from] brn
|upkeep
|turn|189
|
|t:|1614098028
|switch|p2a: WhiteAlbum|Ninetales-Alola, F|99/100
|-weather|Hail|[from] ability: Snow Warning|[of] p2a: WhiteAlbum
|move|p1a: Rillaboom|U-turn|p2a: WhiteAlbum
|-resisted|p2a: WhiteAlbum
|-damage|p2a: WhiteAlbum|87/100
|
|t:|1614098035
|switch|p1a: Melmetal|Melmetal|100/100|[from]move: U-turn
|
|-weather|Hail|[upkeep]
|-damage|p1a: Melmetal|94/100|[from] Hail
|-heal|p2a: WhiteAlbum|93/100|[from] Grassy Terrain
|-heal|p1a: Melmetal|100/100|[from] Grassy Terrain
|upkeep
|turn|190
|
|t:|1614098038
|switch|p2a: StarPlatinum|Quagsire, M, shiny|100/100
|move|p1a: Melmetal|Protect||[still]
|-fail|p1a: Melmetal
|
|-weather|Hail|[upkeep]
|-damage|p1a: Melmetal|94/100|[from] Hail
|-damage|p2a: StarPlatinum|94/100|[from] Hail
|-heal|p1a: Melmetal|100/100|[from] Grassy Terrain
|-heal|p2a: StarPlatinum|100/100|[from] Grassy Terrain
|upkeep
|turn|191
|l| hiccorydiccorydocc
|
|t:|1614098046
|switch|p1a: Rillaboom|Rillaboom, M|94/100 brn
|move|p2a: StarPlatinum|Scald|p1a: Rillaboom
|-resisted|p1a: Rillaboom
|-damage|p1a: Rillaboom|82/100 brn
|
|-weather|Hail|[upkeep]
|-damage|p1a: Rillaboom|76/100 brn|[from] Hail
|-damage|p2a: StarPlatinum|94/100|[from] Hail
|-heal|p1a: Rillaboom|82/100 brn|[from] Grassy Terrain
|-heal|p2a: StarPlatinum|100/100|[from] Grassy Terrain
|-damage|p1a: Rillaboom|76/100 brn|[from] brn
|upkeep
|turn|192
|
|t:|1614098049
|switch|p2a: WhiteAlbum|Ninetales-Alola, F|93/100
|move|p1a: Rillaboom|Wood Hammer|p2a: WhiteAlbum
|-damage|p2a: WhiteAlbum|4/100
|-damage|p1a: Rillaboom|50/100 brn|[from] Recoil
|
|-weather|Hail|[upkeep]
|-damage|p1a: Rillaboom|44/100 brn|[from] Hail
|-heal|p2a: WhiteAlbum|10/100|[from] Grassy Terrain
|-heal|p1a: Rillaboom|50/100 brn|[from] Grassy Terrain
|-fieldend|move: Grassy Terrain
|-damage|p1a: Rillaboom|44/100 brn|[from] brn
|upkeep
|turn|193
|
|t:|1614098053
|switch|p1a: Melmetal|Melmetal|100/100
|move|p2a: WhiteAlbum|Freeze-Dry|p1a: Melmetal
|-resisted|p1a: Melmetal
|-damage|p1a: Melmetal|89/100
|
|-weather|none
|-heal|p1a: Melmetal|95/100|[from] item: Leftovers
|upkeep
|turn|194
|
|t:|1614098058
|switch|p2a: StarPlatinum|Quagsire, M, shiny|100/100
|switch|p1a: Clefable|Clefable, M|100/100 brn
|
|upkeep
|turn|195
|
|t:|1614098062
|switch|p2a: CatchTheRainbow|Mantine, F|97/100
|move|p1a: Clefable|Stealth Rock|p2a: CatchTheRainbow
|-sidestart|p2: Tirkys|move: Stealth Rock
|
|upkeep
|turn|196
|
|t:|1614098068
|move|p2a: CatchTheRainbow|Defog|p1a: Clefable
|-unboost|p1a: Clefable|evasion|1
|-sideend|p2: Tirkys|Stealth Rock|[from] move: Defog|[of] p2a: CatchTheRainbow
|move|p1a: Clefable|Wish|p1a: Clefable
|
|upkeep
|turn|197
|
|t:|1614098070
|switch|p2a: WhiteAlbum|Ninetales-Alola, F|10/100
|-weather|Hail|[from] ability: Snow Warning|[of] p2a: WhiteAlbum
|switch|p1a: Rillaboom|Rillaboom, M|44/100 brn
|-fieldstart|move: Grassy Terrain|[from] ability: Grassy Surge|[of] p1a: Rillaboom
|
|-weather|Hail|[upkeep]
|-damage|p1a: Rillaboom|38/100 brn|[from] Hail
|-heal|p1a: Rillaboom|96/100 brn|[from] move: Wish|[wisher] Clefable
|-heal|p2a: WhiteAlbum|16/100|[from] Grassy Terrain
|-heal|p1a: Rillaboom|100/100 brn|[from] Grassy Terrain
|-damage|p1a: Rillaboom|94/100 brn|[from] brn
|upkeep
|turn|198
|
|t:|1614098073
|switch|p2a: CatchTheRainbow|Mantine, F|97/100
|move|p1a: Rillaboom|Grassy Glide|p2a: CatchTheRainbow
|-damage|p2a: CatchTheRainbow|64/100
|
|-weather|Hail|[upkeep]
|-damage|p1a: Rillaboom|88/100 brn|[from] Hail
|-damage|p2a: CatchTheRainbow|58/100|[from] Hail
|-heal|p1a: Rillaboom|94/100 brn|[from] Grassy Terrain
|-damage|p1a: Rillaboom|88/100 brn|[from] brn
|upkeep
|turn|199
|
|t:|1614098080
|switch|p1a: Nidoking|Nidoking, M|100/100
|move|p2a: CatchTheRainbow|Roost|p2a: CatchTheRainbow
|-heal|p2a: CatchTheRainbow|100/100
|-singleturn|p2a: CatchTheRainbow|move: Roost
|
|-weather|Hail|[upkeep]
|-damage|p1a: Nidoking|95/100|[from] Hail
|-damage|p2a: CatchTheRainbow|94/100|[from] Hail
|-heal|p1a: Nidoking|100/100|[from] Grassy Terrain
|-heal|p2a: CatchTheRainbow|100/100|[from] Grassy Terrain
|upkeep
|turn|200
|
|t:|1614098084
|move|p1a: Nidoking|Ice Beam|p2a: CatchTheRainbow
|-damage|p2a: CatchTheRainbow|78/100
|move|p2a: CatchTheRainbow|Haze|p2a: CatchTheRainbow
|-clearallboost
|
|-weather|Hail|[upkeep]
|-damage|p1a: Nidoking|95/100|[from] Hail
|-damage|p2a: CatchTheRainbow|72/100|[from] Hail
|-heal|p1a: Nidoking|100/100|[from] Grassy Terrain
|upkeep
|turn|201
|
|t:|1614098089
|move|p1a: Nidoking|Ice Beam|p2a: CatchTheRainbow
|-damage|p2a: CatchTheRainbow|48/100
|move|p2a: CatchTheRainbow|Haze|p2a: CatchTheRainbow
|-clearallboost
|
|-weather|none
|-fieldend|move: Grassy Terrain
|upkeep
|turn|202
|
|t:|1614098093
|move|p1a: Nidoking|Sludge Wave|p2a: CatchTheRainbow
|-damage|p2a: CatchTheRainbow|12/100
|move|p2a: CatchTheRainbow|Haze|p2a: CatchTheRainbow
|-clearallboost
|
|upkeep
|turn|203
|
|t:|1614098106
|switch|p1a: Clefable|Clefable, M|100/100 brn
|move|p2a: CatchTheRainbow|Haze|p2a: CatchTheRainbow
|-clearallboost
|
|upkeep
|turn|204
|
|t:|1614098108
|switch|p2a: StarPlatinum|Quagsire, M, shiny|100/100
|move|p1a: Clefable|Stealth Rock|p2a: StarPlatinum
|-sidestart|p2: Tirkys|move: Stealth Rock
|
|upkeep
|turn|205
|
|t:|1614098113
|switch|p1a: Rillaboom|Rillaboom, M|88/100 brn
|-fieldstart|move: Grassy Terrain|[from] ability: Grassy Surge|[of] p1a: Rillaboom
|move|p2a: StarPlatinum|Stockpile|p2a: StarPlatinum
|-start|p2a: StarPlatinum|stockpile1
|-boost|p2a: StarPlatinum|def|1
|-boost|p2a: StarPlatinum|spd|1
|
|-heal|p1a: Rillaboom|94/100 brn|[from] Grassy Terrain
|-damage|p1a: Rillaboom|88/100 brn|[from] brn
|upkeep
|turn|206
|
|t:|1614098115
|move|p1a: Rillaboom|Wood Hammer|p2a: StarPlatinum
|-supereffective|p2a: StarPlatinum
|-crit|p2a: StarPlatinum
|-damage|p2a: StarPlatinum|0 fnt
|-damage|p1a: Rillaboom|50/100 brn|[from] Recoil
|faint|p2a: StarPlatinum
|
|-heal|p1a: Rillaboom|56/100 brn|[from] Grassy Terrain
|-damage|p1a: Rillaboom|50/100 brn|[from] brn
|upkeep
|-message|Tirkys forfeited.
|
|win|AwesomeAdams
|l|☆Tirkys
|l| Pok et glace
|c|☆AwesomeAdams|longest 6-0 ever? lol
||Ladder (probably) updated, but score could not be retrieved (Request timeout).
|l|☆AwesomeAdams
|c| Champion Chrome|so this is what high level play looks like...
