|raw|<div class="broadcast-blue"><strong>This battle is required to be public due to a player having a name prefixed by 'LT72MS'.</div>
|j|☆The Last Hero
|j|☆LT72MSEUM
|t:|1597600403
|player|p1|The Last Hero|acetrainersnow|1725
|player|p2|LT72MSEUM|lucas|1890
|teamsize|p1|6
|teamsize|p2|6
|gametype|singles
|gen|8
|tier|[Gen 8] OU
|rated|
|clearpoke
|poke|p1|Torkoal, M|
|poke|p1|Clefable, M|
|poke|p1|Charizard, M|
|poke|p1|Venusaur, M|
|poke|p1|Corviknight, M|
|poke|p1|Ditto|
|poke|p2|Tangrowth, M|
|poke|p2|Dragapult, F|
|poke|p2|Tyranitar, F|
|poke|p2|Volcarona, M|
|poke|p2|Quagsire, F|
|poke|p2|Clefable, M|
|rule|Sleep Clause Mod: Limit one foe put to sleep
|rule|Species Clause: Limit one of each Pokémon
|rule|OHKO Clause: OHKO moves are banned
|rule|Evasion Moves Clause: Evasion moves are banned
|rule|Endless Battle Clause: Forcing endless battles is banned
|rule|HP Percentage Mod: HP is shown in percentages
|rule|Dynamax Clause: You cannot dynamax
|teampreview
|inactive|Battle timer is ON: inactive players will automatically lose when time's up. (requested by The Last Hero)
|
|t:|1597600425
|start
|switch|p1a: Ditroll|Ditto|100/100
|switch|p2a: Clefable|Clefable, M|100/100
|-transform|p1a: Ditroll|p2a: Clefable|[from] ability: Imposter
|turn|1
|
|t:|1597600439
|switch|p2a: Quagsire|Quagsire, F|100/100
|move|p1a: Ditroll|Moonblast|p2a: Quagsire
|-damage|p2a: Quagsire|61/100
|
|-heal|p2a: Quagsire|68/100|[from] item: Leftovers
|upkeep
|turn|2
|
|t:|1597600445
|switch|p1a: Fabiole|Clefable, M|100/100
|move|p2a: Quagsire|Toxic|p1a: Fabiole
|-status|p1a: Fabiole|tox
|
|-heal|p2a: Quagsire|74/100|[from] item: Leftovers
|upkeep
|turn|3
|
|t:|1597600452
|switch|p2a: Clefable|Clefable, M|100/100
|move|p1a: Fabiole|Stealth Rock|p2a: Clefable
|-sidestart|p2: LT72MSEUM|move: Stealth Rock
|
|upkeep
|turn|4
|
|t:|1597600455
|switch|p1a: Ditroll|Ditto|100/100
|-transform|p1a: Ditroll|p2a: Clefable|[from] ability: Imposter
|move|p2a: Clefable|Moonblast|p1a: Ditroll
|-damage|p1a: Ditroll|64/100
|
|upkeep
|turn|5
|
|t:|1597600459
|move|p2a: Clefable|Moonblast|p1a: Ditroll
|-damage|p1a: Ditroll|25/100
|move|p1a: Ditroll|Soft-Boiled|p1a: Ditroll
|-heal|p1a: Ditroll|75/100
|
|upkeep
|turn|6
|
|t:|1597600468
|switch|p2a: Tyranitar|Tyranitar, F|100/100
|-weather|Sandstorm|[from] ability: Sand Stream|[of] p2a: Tyranitar
|switch|p1a: Crow Of Judgement|Corviknight, M|100/100
|-ability|p1a: Crow Of Judgement|Pressure
|
|-weather|Sandstorm|[upkeep]
|upkeep
|turn|7
|
|t:|1597600477
|switch|p2a: Clefable|Clefable, M|100/100
|move|p1a: Crow Of Judgement|Iron Head|p2a: Clefable
|-supereffective|p2a: Clefable
|-damage|p2a: Clefable|65/100
|
|-weather|Sandstorm|[upkeep]
|upkeep
|turn|8
|
|t:|1597600482
|switch|p1a: Ditroll|Ditto|75/100
|-transform|p1a: Ditroll|p2a: Clefable|[from] ability: Imposter
|move|p2a: Clefable|Trick|p1a: Ditroll
|-activate|p2a: Clefable|move: Trick|[of] p1a: Ditroll
|-item|p1a: Ditroll|Choice Scarf|[from] move: Trick
|-item|p2a: Clefable|Choice Scarf|[from] move: Trick
|
|-weather|Sandstorm|[upkeep]
|upkeep
|turn|9
|
|t:|1597600488
|move|p1a: Ditroll|Moonblast|p2a: Clefable
|-damage|p2a: Clefable|34/100
|move|p2a: Clefable|Soft-Boiled|p2a: Clefable
|-heal|p2a: Clefable|84/100
|
|-weather|Sandstorm|[upkeep]
|upkeep
|turn|10
|
|t:|1597600494
|switch|p2a: Tangrowth|Tangrowth, M|100/100
|-damage|p2a: Tangrowth|88/100|[from] Stealth Rock
|switch|p1a: TT7|Torkoal, M|100/100
|-weather|SunnyDay|[from] ability: Drought|[of] p1a: TT7
|
|-weather|SunnyDay|[upkeep]
|upkeep
|turn|11
|
|t:|1597600500
|switch|p2a: Clefable|Clefable, M|84/100
|move|p1a: TT7|Lava Plume|p2a: Clefable
|-damage|p2a: Clefable|49/100
|
|-weather|SunnyDay|[upkeep]
|upkeep
|turn|12
|
|t:|1597600505
|switch|p1a: Ditroll|Ditto|75/100
|-transform|p1a: Ditroll|p2a: Clefable|[from] ability: Imposter
|move|p2a: Clefable|Soft-Boiled|p2a: Clefable
|-heal|p2a: Clefable|99/100
|
|-weather|SunnyDay|[upkeep]
|upkeep
|turn|13
|
|t:|1597600508
|switch|p2a: Tyranitar|Tyranitar, F|100/100
|-weather|Sandstorm|[from] ability: Sand Stream|[of] p2a: Tyranitar
|move|p1a: Ditroll|Trick|p2a: Tyranitar
|-activate|p1a: Ditroll|move: Trick|[of] p2a: Tyranitar
|-item|p2a: Tyranitar|Choice Scarf|[from] move: Trick
|-item|p1a: Ditroll|Heavy-Duty Boots|[from] move: Trick
|
|-weather|Sandstorm|[upkeep]
|upkeep
|turn|14
|
|t:|1597600515
|switch|p1a: Crow Of Judgement|Corviknight, M|100/100
|-ability|p1a: Crow Of Judgement|Pressure
|move|p2a: Tyranitar|Stealth Rock|p1a: Crow Of Judgement
|-sidestart|p1: The Last Hero|move: Stealth Rock
|
|-weather|Sandstorm|[upkeep]
|upkeep
|turn|15
|
|t:|1597600519
|switch|p2a: Clefable|Clefable, M|99/100
|move|p1a: Crow Of Judgement|Defog|p2a: Clefable
|-unboost|p2a: Clefable|evasion|1
|-sideend|p2: LT72MSEUM|Stealth Rock|[from] move: Defog|[of] p1a: Crow Of Judgement
|-sideend|p1: The Last Hero|Stealth Rock|[from] move: Defog|[of] p1a: Crow Of Judgement
|
|-weather|Sandstorm|[upkeep]
|upkeep
|turn|16
|
|t:|1597600526
|switch|p1a: Ditroll|Ditto|75/100
|-transform|p1a: Ditroll|p2a: Clefable|[from] ability: Imposter
|move|p2a: Clefable|Moonblast|p1a: Ditroll
|-damage|p1a: Ditroll|32/100
|-unboost|p1a: Ditroll|spa|1
|
|-weather|Sandstorm|[upkeep]
|upkeep
|turn|17
|
|t:|1597600533
|switch|p2a: Tangrowth|Tangrowth, M|100/100
|switch|p1a: Crow Of Judgement|Corviknight, M|100/100
|-ability|p1a: Crow Of Judgement|Pressure
|
|-weather|none
|upkeep
|turn|18
|
|t:|1597600537
|move|p1a: Crow Of Judgement|U-turn|p2a: Tangrowth
|-supereffective|p2a: Tangrowth
|-damage|p2a: Tangrowth|85/100
|
|t:|1597600540
|switch|p1a: TT7|Torkoal, M|100/100|[from]move: U-turn
|-weather|SunnyDay|[from] ability: Drought|[of] p1a: TT7
|move|p2a: Tangrowth|Infestation|p1a: TT7
|-resisted|p1a: TT7
|-damage|p1a: TT7|98/100
|-activate|p1a: TT7|move: Infestation|[of] p2a: Tangrowth
|
|-weather|SunnyDay|[upkeep]
|-damage|p1a: TT7|85/100|[from] move: Infestation|[partiallytrapped]
|upkeep
|turn|19
|
|t:|1597600544
|switch|p2a: Clefable|Clefable, M|99/100
|move|p1a: TT7|Toxic|p2a: Clefable
|-status|p2a: Clefable|tox
|
|-weather|SunnyDay|[upkeep]
|-end|p1a: TT7|Infestation|[partiallytrapped]|[silent]
|upkeep
|turn|20
|
|t:|1597600551
|switch|p2a: Tyranitar|Tyranitar, F|100/100
|-weather|Sandstorm|[from] ability: Sand Stream|[of] p2a: Tyranitar
|switch|p1a: Carbonizador|Charizard, M, shiny|100/100
|
|-weather|Sandstorm|[upkeep]
|-damage|p1a: Carbonizador|94/100|[from] Sandstorm
|upkeep
|turn|21
|
|t:|1597600555
|switch|p1a: Crow Of Judgement|Corviknight, M|100/100
|-ability|p1a: Crow Of Judgement|Pressure
|move|p2a: Tyranitar|Stealth Rock|p1a: Crow Of Judgement
|-sidestart|p1: The Last Hero|move: Stealth Rock
|
|-weather|Sandstorm|[upkeep]
|upkeep
|turn|22
|
|t:|1597600558
|switch|p2a: Tangrowth|Tangrowth, M|100/100
|move|p1a: Crow Of Judgement|Defog|p2a: Tangrowth
|-unboost|p2a: Tangrowth|evasion|1
|-sideend|p1: The Last Hero|Stealth Rock|[from] move: Defog|[of] p1a: Crow Of Judgement
|
|-weather|Sandstorm|[upkeep]
|-damage|p2a: Tangrowth|94/100|[from] Sandstorm
|upkeep
|turn|23
|
|t:|1597600566
|move|p1a: Crow Of Judgement|U-turn|p2a: Tangrowth
|-supereffective|p2a: Tangrowth
|-damage|p2a: Tangrowth|78/100
|
|t:|1597600567
|switch|p1a: Fabiole|Clefable, M|100/100 tox|[from]move: U-turn
|move|p2a: Tangrowth|Sleep Powder||[still]
|-fail|p2a: Tangrowth
|
|-weather|Sandstorm|[upkeep]
|-damage|p2a: Tangrowth|72/100|[from] Sandstorm
|upkeep
|turn|24
|
|t:|1597600574
|move|p1a: Fabiole|Stealth Rock|p2a: Tangrowth
|-sidestart|p2: LT72MSEUM|move: Stealth Rock
|move|p2a: Tangrowth|Knock Off|p1a: Fabiole
|-resisted|p1a: Fabiole
|-damage|p1a: Fabiole|91/100 tox
|-enditem|p1a: Fabiole|Leftovers|[from] move: Knock Off|[of] p2a: Tangrowth
|
|-weather|none
|upkeep
|turn|25
|
|t:|1597600582
|move|p2a: Tangrowth|Infestation|p1a: Fabiole
|-resisted|p1a: Fabiole
|-damage|p1a: Fabiole|89/100 tox
|-activate|p1a: Fabiole|move: Infestation|[of] p2a: Tangrowth
|move|p1a: Fabiole|Teleport|p1a: Fabiole
|
|t:|1597600585
|switch|p1a: Bulby|Venusaur, M|100/100|[from]move: Teleport
|
|upkeep
|turn|26
|
|t:|1597600593
|switch|p2a: Volcarona|Volcarona, M|100/100
|move|p1a: Bulby|Sludge Bomb|p2a: Volcarona
|-damage|p2a: Volcarona|50/100
|-damage|p1a: Bulby|91/100|[from] item: Life Orb
|
|upkeep
|turn|27
|
|t:|1597600603
|switch|p1a: Fabiole|Clefable, M|89/100 tox
|move|p2a: Volcarona|Roost|p2a: Volcarona
|-heal|p2a: Volcarona|100/100
|-singleturn|p2a: Volcarona|move: Roost
|
|upkeep
|turn|28
|
|t:|1597600610
|move|p2a: Volcarona|Quiver Dance|p2a: Volcarona
|-boost|p2a: Volcarona|spa|1
|-boost|p2a: Volcarona|spd|1
|-boost|p2a: Volcarona|spe|1
|move|p1a: Fabiole|Teleport|p1a: Fabiole
|
|t:|1597600614
|switch|p1a: TT7|Torkoal, M|85/100|[from]move: Teleport
|-weather|SunnyDay|[from] ability: Drought|[of] p1a: TT7
|
|-weather|SunnyDay|[upkeep]
|upkeep
|turn|29
|
|t:|1597600619
|move|p2a: Volcarona|Flamethrower|p1a: TT7
|-resisted|p1a: TT7
|-damage|p1a: TT7|38/100
|move|p1a: TT7|Toxic|p2a: Volcarona
|-status|p2a: Volcarona|tox
|
|-weather|SunnyDay|[upkeep]
|-damage|p2a: Volcarona|94/100 tox|[from] psn
|upkeep
|turn|30
|
|t:|1597600624
|switch|p1a: Fabiole|Clefable, M|89/100 tox
|move|p2a: Volcarona|Flamethrower|p1a: Fabiole
|-damage|p1a: Fabiole|11/100 tox
|
|-weather|SunnyDay|[upkeep]
|-damage|p2a: Volcarona|82/100 tox|[from] psn
|upkeep
|turn|31
|
|t:|1597600627
|move|p2a: Volcarona|Flamethrower|p1a: Fabiole
|-damage|p1a: Fabiole|0 fnt
|faint|p1a: Fabiole
|
|-weather|SunnyDay|[upkeep]
|-damage|p2a: Volcarona|64/100 tox|[from] psn
|upkeep
|
|t:|1597600629
|switch|p1a: Ditroll|Ditto|32/100
|-transform|p1a: Ditroll|p2a: Volcarona|[from] ability: Imposter
|turn|32
|
|t:|1597600633
|switch|p2a: Quagsire|Quagsire, F|74/100
|-damage|p2a: Quagsire|68/100|[from] Stealth Rock
|move|p1a: Ditroll|Flamethrower|p2a: Quagsire
|-resisted|p2a: Quagsire
|-damage|p2a: Quagsire|29/100
|-status|p2a: Quagsire|brn
|
|-weather|SunnyDay|[upkeep]
|-heal|p2a: Quagsire|35/100 brn|[from] item: Leftovers
|-damage|p2a: Quagsire|29/100 brn|[from] brn
|upkeep
|turn|33
|
|t:|1597600636
|switch|p2a: Tyranitar|Tyranitar, F|100/100
|-damage|p2a: Tyranitar|88/100|[from] Stealth Rock
|-weather|Sandstorm|[from] ability: Sand Stream|[of] p2a: Tyranitar
|move|p1a: Ditroll|Flamethrower|p2a: Tyranitar
|-resisted|p2a: Tyranitar
|-damage|p2a: Tyranitar|75/100
|
|-weather|Sandstorm|[upkeep]
|-damage|p1a: Ditroll|26/100|[from] Sandstorm
|upkeep
|turn|34
|
|t:|1597600639
|switch|p1a: Crow Of Judgement|Corviknight, M|100/100
|-ability|p1a: Crow Of Judgement|Pressure
|move|p2a: Tyranitar|Stealth Rock|p1a: Crow Of Judgement
|-sidestart|p1: The Last Hero|move: Stealth Rock
|
|-weather|Sandstorm|[upkeep]
|upkeep
|turn|35
|
|t:|1597600646
|switch|p2a: Tangrowth|Tangrowth, M|100/100
|-damage|p2a: Tangrowth|88/100|[from] Stealth Rock
|move|p1a: Crow Of Judgement|Defog|p2a: Tangrowth
|-unboost|p2a: Tangrowth|evasion|1
|-sideend|p2: LT72MSEUM|Stealth Rock|[from] move: Defog|[of] p1a: Crow Of Judgement
|-sideend|p1: The Last Hero|Stealth Rock|[from] move: Defog|[of] p1a: Crow Of Judgement
|
|-weather|Sandstorm|[upkeep]
|-damage|p2a: Tangrowth|82/100|[from] Sandstorm
|upkeep
|turn|36
|
|t:|1597600657
|switch|p1a: TT7|Torkoal, M|38/100
|-weather|SunnyDay|[from] ability: Drought|[of] p1a: TT7
|move|p2a: Tangrowth|Infestation|p1a: TT7
|-resisted|p1a: TT7
|-damage|p1a: TT7|35/100
|-activate|p1a: TT7|move: Infestation|[of] p2a: Tangrowth
|
|-weather|SunnyDay|[upkeep]
|-damage|p1a: TT7|23/100|[from] move: Infestation|[partiallytrapped]
|upkeep
|turn|37
|
|t:|1597600663
|switch|p2a: Tyranitar|Tyranitar, F|75/100
|-weather|Sandstorm|[from] ability: Sand Stream|[of] p2a: Tyranitar
|move|p1a: TT7|Rest|p1a: TT7
|-status|p1a: TT7|slp|[from] move: Rest
|-heal|p1a: TT7|100/100 slp|[silent]
|
|-weather|Sandstorm|[upkeep]
|-damage|p1a: TT7|94/100 slp|[from] Sandstorm
|-end|p1a: TT7|Infestation|[partiallytrapped]|[silent]
|upkeep
|turn|38
|
|t:|1597600666
|switch|p1a: Crow Of Judgement|Corviknight, M|100/100
|-ability|p1a: Crow Of Judgement|Pressure
|move|p2a: Tyranitar|Stealth Rock|p1a: Crow Of Judgement
|-sidestart|p1: The Last Hero|move: Stealth Rock
|
|-weather|Sandstorm|[upkeep]
|upkeep
|turn|39
|
|t:|1597600669
|switch|p2a: Tangrowth|Tangrowth, M|100/100
|move|p1a: Crow Of Judgement|Defog|p2a: Tangrowth
|-unboost|p2a: Tangrowth|evasion|1
|-sideend|p1: The Last Hero|Stealth Rock|[from] move: Defog|[of] p1a: Crow Of Judgement
|
|-weather|Sandstorm|[upkeep]
|-damage|p2a: Tangrowth|94/100|[from] Sandstorm
|upkeep
|turn|40
|
|t:|1597600674
|move|p1a: Crow Of Judgement|U-turn|p2a: Tangrowth
|-supereffective|p2a: Tangrowth
|-damage|p2a: Tangrowth|78/100
|j| LT72MS Ayk
|
|t:|1597600676
|switch|p1a: Ditroll|Ditto|26/100|[from]move: U-turn
|-transform|p1a: Ditroll|p2a: Tangrowth|[from] ability: Imposter
|move|p2a: Tangrowth|Knock Off|p1a: Ditroll
|-damage|p1a: Ditroll|10/100
|-enditem|p1a: Ditroll|Heavy-Duty Boots|[from] move: Knock Off|[of] p2a: Tangrowth
|
|-weather|Sandstorm|[upkeep]
|-damage|p1a: Ditroll|4/100|[from] Sandstorm
|-damage|p2a: Tangrowth|72/100|[from] Sandstorm
|upkeep
|turn|41
|
|t:|1597600680
|switch|p1a: TT7|Torkoal, M|94/100 slp
|-weather|SunnyDay|[from] ability: Drought|[of] p1a: TT7
|move|p2a: Tangrowth|Knock Off|p1a: TT7
|-damage|p1a: TT7|80/100 slp
|-enditem|p1a: TT7|Heat Rock|[from] move: Knock Off|[of] p2a: Tangrowth
|
|-weather|SunnyDay|[upkeep]
|upkeep
|turn|42
|
|t:|1597600684
|switch|p2a: Tyranitar|Tyranitar, F|75/100
|-weather|Sandstorm|[from] ability: Sand Stream|[of] p2a: Tyranitar
|cant|p1a: TT7|slp
|move|p1a: TT7|Sleep Talk|p1a: TT7
|move|p1a: TT7|Lava Plume|p2a: Tyranitar|[from]Sleep Talk
|-resisted|p2a: Tyranitar
|-damage|p2a: Tyranitar|70/100
|
|-weather|Sandstorm|[upkeep]
|-damage|p1a: TT7|74/100 slp|[from] Sandstorm
|upkeep
|turn|43
|
|t:|1597600687
|switch|p1a: Crow Of Judgement|Corviknight, M|100/100
|-ability|p1a: Crow Of Judgement|Pressure
|move|p2a: Tyranitar|Stealth Rock|p1a: Crow Of Judgement
|-sidestart|p1: The Last Hero|move: Stealth Rock
|
|-weather|Sandstorm|[upkeep]
|upkeep
|turn|44
|
|t:|1597600689
|switch|p2a: Tangrowth|Tangrowth, M|100/100
|move|p1a: Crow Of Judgement|Defog|p2a: Tangrowth
|-unboost|p2a: Tangrowth|evasion|1
|-sideend|p1: The Last Hero|Stealth Rock|[from] move: Defog|[of] p1a: Crow Of Judgement
|
|-weather|Sandstorm|[upkeep]
|-damage|p2a: Tangrowth|94/100|[from] Sandstorm
|upkeep
|turn|45
|
|t:|1597600693
|move|p1a: Crow Of Judgement|U-turn|p2a: Tangrowth
|-supereffective|p2a: Tangrowth
|-damage|p2a: Tangrowth|80/100
|
|t:|1597600694
|switch|p1a: TT7|Torkoal, M|74/100 slp|[from]move: U-turn
|-weather|SunnyDay|[from] ability: Drought|[of] p1a: TT7
|move|p2a: Tangrowth|Infestation|p1a: TT7
|-resisted|p1a: TT7
|-damage|p1a: TT7|71/100 slp
|-activate|p1a: TT7|move: Infestation|[of] p2a: Tangrowth
|
|-weather|SunnyDay|[upkeep]
|-damage|p1a: TT7|59/100 slp|[from] move: Infestation|[partiallytrapped]
|upkeep
|turn|46
|
|t:|1597600706
|switch|p2a: Clefable|Clefable, M|99/100 tox
|cant|p1a: TT7|slp
|move|p1a: TT7|Sleep Talk|p1a: TT7
|move|p1a: TT7|Lava Plume|p2a: Clefable|[from]Sleep Talk
|-damage|p2a: Clefable|66/100 tox
|
|-weather|SunnyDay|[upkeep]
|-end|p1a: TT7|Infestation|[partiallytrapped]|[silent]
|upkeep
|turn|47
|
|t:|1597600712
|switch|p1a: Ditroll|Ditto|38/100
|-transform|p1a: Ditroll|p2a: Clefable|[from] ability: Imposter
|move|p2a: Clefable|Trick|p1a: Ditroll
|-activate|p2a: Clefable|move: Trick|[of] p1a: Ditroll
|-item|p1a: Ditroll|Choice Scarf|[from] move: Trick
|-enditem|p2a: Clefable|Choice Scarf|[silent]|[from] move: Trick
|
|-weather|SunnyDay|[upkeep]
|upkeep
|turn|48
|
|t:|1597600716
|switch|p1a: Bulby|Venusaur, M|91/100
|move|p2a: Clefable|Aromatherapy|p2a: Clefable
|-activate|p2a: Clefable|move: Aromatherapy
|-curestatus|p2a: Clefable|tox|[msg]
|-curestatus|p2: Volcarona|tox|[msg]
|-curestatus|p2: Quagsire|brn|[msg]
|
|-weather|SunnyDay|[upkeep]
|upkeep
|turn|49
|
|t:|1597600726
|switch|p2a: Dragapult|Dragapult, F|100/100
|move|p1a: Bulby|Growth|p1a: Bulby
|-boost|p1a: Bulby|atk|2
|-boost|p1a: Bulby|spa|2
|
|-weather|none
|upkeep
|turn|50
|
|t:|1597600731
|switch|p1a: Crow Of Judgement|Corviknight, M|100/100
|-ability|p1a: Crow Of Judgement|Pressure
|move|p2a: Dragapult|Draco Meteor|p1a: Crow Of Judgement
|-resisted|p1a: Crow Of Judgement
|-damage|p1a: Crow Of Judgement|71/100
|-unboost|p2a: Dragapult|spa|2
|
|-heal|p1a: Crow Of Judgement|77/100|[from] item: Leftovers
|upkeep
|turn|51
|
|t:|1597600734
|switch|p2a: Tangrowth|Tangrowth, M|100/100
|move|p1a: Crow Of Judgement|U-turn|p2a: Tangrowth
|-supereffective|p2a: Tangrowth
|-damage|p2a: Tangrowth|85/100
|
|t:|1597600737
|switch|p1a: Ditroll|Ditto|38/100|[from]move: U-turn
|-transform|p1a: Ditroll|p2a: Tangrowth|[from] ability: Imposter
|
|upkeep
|turn|52
|
|t:|1597600743
|switch|p1a: TT7|Torkoal, M|59/100 slp
|-weather|SunnyDay|[from] ability: Drought|[of] p1a: TT7
|move|p2a: Tangrowth|Infestation|p1a: TT7
|-resisted|p1a: TT7
|-damage|p1a: TT7|56/100 slp
|-activate|p1a: TT7|move: Infestation|[of] p2a: Tangrowth
|
|-weather|SunnyDay|[upkeep]
|-damage|p1a: TT7|44/100 slp|[from] move: Infestation|[partiallytrapped]
|upkeep
|turn|53
|j| Windows 98 SE
|
|t:|1597600750
|switch|p2a: Tyranitar|Tyranitar, F|70/100
|-weather|Sandstorm|[from] ability: Sand Stream|[of] p2a: Tyranitar
|-curestatus|p1a: TT7|slp|[msg]
|move|p1a: TT7|Lava Plume|p2a: Tyranitar
|-resisted|p2a: Tyranitar
|-damage|p2a: Tyranitar|65/100
|-status|p2a: Tyranitar|brn
|
|-weather|Sandstorm|[upkeep]
|-damage|p1a: TT7|38/100|[from] Sandstorm
|-damage|p2a: Tyranitar|59/100 brn|[from] brn
|-end|p1a: TT7|Infestation|[partiallytrapped]|[silent]
|upkeep
|turn|54
|
|t:|1597600757
|switch|p2a: Clefable|Clefable, M|66/100
|switch|p1a: Crow Of Judgement|Corviknight, M|77/100
|-ability|p1a: Crow Of Judgement|Pressure
|
|-weather|Sandstorm|[upkeep]
|-heal|p1a: Crow Of Judgement|83/100|[from] item: Leftovers
|upkeep
|turn|55
|
|t:|1597600761
|switch|p2a: Tangrowth|Tangrowth, M|100/100
|move|p1a: Crow Of Judgement|U-turn|p2a: Tangrowth
|-supereffective|p2a: Tangrowth
|-damage|p2a: Tangrowth|87/100
|
|t:|1597600764
|switch|p1a: TT7|Torkoal, M|38/100|[from]move: U-turn
|-weather|SunnyDay|[from] ability: Drought|[of] p1a: TT7
|
|-weather|SunnyDay|[upkeep]
|upkeep
|turn|56
|
|t:|1597600768
|switch|p2a: Clefable|Clefable, M|66/100
|move|p1a: TT7|Rest|p1a: TT7
|-status|p1a: TT7|slp|[from] move: Rest
|-heal|p1a: TT7|100/100 slp|[silent]
|
|-weather|SunnyDay|[upkeep]
|upkeep
|turn|57
|
|t:|1597600774
|switch|p1a: Bulby|Venusaur, M|91/100
|move|p2a: Clefable|Trick|p1a: Bulby
|-activate|p2a: Clefable|move: Trick|[of] p1a: Bulby
|-enditem|p1a: Bulby|Life Orb|[silent]|[from] move: Trick
|-item|p2a: Clefable|Life Orb|[from] move: Trick
|
|-weather|SunnyDay|[upkeep]
|upkeep
|turn|58
|
|t:|1597600778
|switch|p2a: Dragapult|Dragapult, F|100/100
|move|p1a: Bulby|Sludge Bomb|p2a: Dragapult
|-resisted|p2a: Dragapult
|-damage|p2a: Dragapult|70/100
|
|-weather|SunnyDay|[upkeep]
|upkeep
|turn|59
|
|t:|1597600782
|switch|p1a: Crow Of Judgement|Corviknight, M|83/100
|-ability|p1a: Crow Of Judgement|Pressure
|move|p2a: Dragapult|Thunderbolt|p1a: Crow Of Judgement
|-supereffective|p1a: Crow Of Judgement
|-damage|p1a: Crow Of Judgement|28/100
|
|-weather|none
|-heal|p1a: Crow Of Judgement|34/100|[from] item: Leftovers
|upkeep
|turn|60
|
|t:|1597600791
|switch|p1a: Ditroll|Ditto|71/100
|-transform|p1a: Ditroll|p2a: Dragapult|[from] ability: Imposter
|move|p2a: Dragapult|Thunderbolt|p1a: Ditroll
|-resisted|p1a: Ditroll
|-damage|p1a: Ditroll|42/100
|
|upkeep
|turn|61
|
|t:|1597600798
|switch|p2a: Tyranitar|Tyranitar, F|59/100 brn
|-weather|Sandstorm|[from] ability: Sand Stream|[of] p2a: Tyranitar
|move|p1a: Ditroll|Hex|p2a: Tyranitar
|-resisted|p2a: Tyranitar
|-damage|p2a: Tyranitar|47/100 brn
|
|-weather|Sandstorm|[upkeep]
|-damage|p1a: Ditroll|36/100|[from] Sandstorm
|-damage|p2a: Tyranitar|41/100 brn|[from] brn
|upkeep
|turn|62
|
|t:|1597600803
|switch|p1a: Crow Of Judgement|Corviknight, M|34/100
|-ability|p1a: Crow Of Judgement|Pressure
|move|p2a: Tyranitar|Stealth Rock|p1a: Crow Of Judgement
|-sidestart|p1: The Last Hero|move: Stealth Rock
|
|-weather|Sandstorm|[upkeep]
|-heal|p1a: Crow Of Judgement|40/100|[from] item: Leftovers
|-damage|p2a: Tyranitar|35/100 brn|[from] brn
|upkeep
|turn|63
|
|t:|1597600817
|switch|p2a: Dragapult|Dragapult, F|70/100
|move|p1a: Crow Of Judgement|Defog|p2a: Dragapult
|-unboost|p2a: Dragapult|evasion|1
|-sideend|p1: The Last Hero|Stealth Rock|[from] move: Defog|[of] p1a: Crow Of Judgement
|
|-weather|Sandstorm|[upkeep]
|-damage|p2a: Dragapult|64/100|[from] Sandstorm
|-heal|p1a: Crow Of Judgement|46/100|[from] item: Leftovers
|upkeep
|turn|64
|j| Thilda
|
|t:|1597600825
|move|p2a: Dragapult|Shadow Ball|p1a: Crow Of Judgement
|-damage|p1a: Crow Of Judgement|8/100
|move|p1a: Crow Of Judgement|Roost|p1a: Crow Of Judgement
|-heal|p1a: Crow Of Judgement|58/100
|-singleturn|p1a: Crow Of Judgement|move: Roost
|
|-weather|Sandstorm|[upkeep]
|-damage|p2a: Dragapult|58/100|[from] Sandstorm
|-heal|p1a: Crow Of Judgement|64/100|[from] item: Leftovers
|upkeep
|turn|65
|
|t:|1597600831
|move|p2a: Dragapult|Shadow Ball|p1a: Crow Of Judgement
|-damage|p1a: Crow Of Judgement|23/100
|-unboost|p1a: Crow Of Judgement|spd|1
|move|p1a: Crow Of Judgement|Roost|p1a: Crow Of Judgement
|-heal|p1a: Crow Of Judgement|73/100
|-singleturn|p1a: Crow Of Judgement|move: Roost
|
|-weather|none
|-heal|p1a: Crow Of Judgement|79/100|[from] item: Leftovers
|upkeep
|turn|66
|
|t:|1597600835
|move|p2a: Dragapult|Shadow Ball|p1a: Crow Of Judgement
|-damage|p1a: Crow Of Judgement|16/100
|-unboost|p1a: Crow Of Judgement|spd|1
|move|p1a: Crow Of Judgement|U-turn|p2a: Dragapult
|-resisted|p2a: Dragapult
|-damage|p2a: Dragapult|48/100
|
|t:|1597600837
|switch|p1a: Ditroll|Ditto|36/100|[from]move: U-turn
|-transform|p1a: Ditroll|p2a: Dragapult|[from] ability: Imposter
|
|upkeep
|turn|67
|
|t:|1597600842
|switch|p2a: Quagsire|Quagsire, F|29/100
|move|p1a: Ditroll|Hex|p2a: Quagsire
|-damage|p2a: Quagsire|0 fnt
|faint|p2a: Quagsire
|
|upkeep
|
|t:|1597600845
|switch|p2a: Clefable|Clefable, M|66/100
|turn|68
|
|t:|1597600851
|switch|p1a: Crow Of Judgement|Corviknight, M|16/100
|-ability|p1a: Crow Of Judgement|Pressure
|move|p2a: Clefable|Aromatherapy|p2a: Clefable
|-activate|p2a: Clefable|move: Aromatherapy
|-curestatus|p2: Tyranitar|brn|[msg]
|
|-heal|p1a: Crow Of Judgement|22/100|[from] item: Leftovers
|upkeep
|turn|69
|
|t:|1597600855
|switch|p2a: Volcarona|Volcarona, M|64/100
|move|p1a: Crow Of Judgement|Roost|p1a: Crow Of Judgement
|-heal|p1a: Crow Of Judgement|72/100
|-singleturn|p1a: Crow Of Judgement|move: Roost
|
|-heal|p1a: Crow Of Judgement|78/100|[from] item: Leftovers
|upkeep
|turn|70
|
|t:|1597600860
|move|p2a: Volcarona|Flamethrower|p1a: Crow Of Judgement
|-supereffective|p1a: Crow Of Judgement
|-damage|p1a: Crow Of Judgement|22/100
|-status|p1a: Crow Of Judgement|brn
|move|p1a: Crow Of Judgement|U-turn|p2a: Volcarona
|-resisted|p2a: Volcarona
|-damage|p2a: Volcarona|59/100
|
|t:|1597600866
|switch|p1a: Carbonizador|Charizard, M, shiny|94/100|[from]move: U-turn
|
|upkeep
|turn|71
|
|t:|1597600875
|switch|p2a: Tyranitar|Tyranitar, F|35/100
|-weather|Sandstorm|[from] ability: Sand Stream|[of] p2a: Tyranitar
|move|p1a: Carbonizador|Overheat|p2a: Tyranitar
|-resisted|p2a: Tyranitar
|-damage|p2a: Tyranitar|23/100
|-unboost|p1a: Carbonizador|spa|2
|
|-weather|Sandstorm|[upkeep]
|-damage|p1a: Carbonizador|88/100|[from] Sandstorm
|upkeep
|turn|72
|
|t:|1597600883
|switch|p1a: Crow Of Judgement|Corviknight, M|22/100 brn
|-ability|p1a: Crow Of Judgement|Pressure
|switch|p2a: Volcarona|Volcarona, M|59/100
|
|-weather|Sandstorm|[upkeep]
|-damage|p2a: Volcarona|53/100|[from] Sandstorm
|-heal|p1a: Crow Of Judgement|28/100 brn|[from] item: Leftovers
|-damage|p1a: Crow Of Judgement|22/100 brn|[from] brn
|upkeep
|turn|73
|
|t:|1597600889
|move|p2a: Volcarona|Roost|p2a: Volcarona
|-heal|p2a: Volcarona|100/100
|-singleturn|p2a: Volcarona|move: Roost
|move|p1a: Crow Of Judgement|U-turn|p2a: Volcarona
|-resisted|p2a: Volcarona
|-damage|p2a: Volcarona|96/100
|
|t:|1597600892
|switch|p1a: TT7|Torkoal, M|100/100 slp|[from]move: U-turn
|-weather|SunnyDay|[from] ability: Drought|[of] p1a: TT7
|
|-weather|SunnyDay|[upkeep]
|upkeep
|turn|74
|
|t:|1597600914
|switch|p2a: Clefable|Clefable, M|66/100
|cant|p1a: TT7|slp
|move|p1a: TT7|Sleep Talk|p1a: TT7
|move|p1a: TT7|Toxic|p2a: Clefable|[from]Sleep Talk
|-status|p2a: Clefable|tox
|
|-weather|SunnyDay|[upkeep]
|upkeep
|turn|75
|
|t:|1597600921
|switch|p1a: Bulby|Venusaur, M|91/100
|move|p2a: Clefable|Moonblast|p1a: Bulby
|-resisted|p1a: Bulby
|-damage|p1a: Bulby|66/100
|
|-weather|SunnyDay|[upkeep]
|upkeep
|turn|76
|
|t:|1597600936
|switch|p2a: Tyranitar|Tyranitar, F|23/100
|-weather|Sandstorm|[from] ability: Sand Stream|[of] p2a: Tyranitar
|move|p1a: Bulby|Sludge Bomb|p2a: Tyranitar
|-resisted|p2a: Tyranitar
|-damage|p2a: Tyranitar|14/100
|-status|p2a: Tyranitar|psn
|
|-weather|Sandstorm|[upkeep]
|-damage|p1a: Bulby|60/100|[from] Sandstorm
|-damage|p2a: Tyranitar|2/100 psn|[from] psn
|upkeep
|turn|77
|
|t:|1597600943
|switch|p2a: Volcarona|Volcarona, M|96/100
|move|p1a: Bulby|Giga Drain|p2a: Volcarona
|-resisted|p2a: Volcarona
|-damage|p2a: Volcarona|87/100
|-heal|p1a: Bulby|65/100|[from] drain|[of] p2a: Volcarona
|
|-weather|Sandstorm|[upkeep]
|-damage|p2a: Volcarona|81/100|[from] Sandstorm
|-damage|p1a: Bulby|59/100|[from] Sandstorm
|upkeep
|turn|78
|j| Skypenguin
|
|t:|1597600954
|switch|p1a: Carbonizador|Charizard, M, shiny|88/100
|move|p2a: Volcarona|Quiver Dance|p2a: Volcarona
|-boost|p2a: Volcarona|spa|1
|-boost|p2a: Volcarona|spd|1
|-boost|p2a: Volcarona|spe|1
|
|-weather|Sandstorm|[upkeep]
|-damage|p2a: Volcarona|75/100|[from] Sandstorm
|-damage|p1a: Carbonizador|82/100|[from] Sandstorm
|upkeep
|turn|79
|
|t:|1597600959
|move|p2a: Volcarona|Quiver Dance|p2a: Volcarona
|-boost|p2a: Volcarona|spa|1
|-boost|p2a: Volcarona|spd|1
|-boost|p2a: Volcarona|spe|1
|move|p1a: Carbonizador|Weather Ball|p2a: Volcarona
|-supereffective|p2a: Volcarona
|-damage|p2a: Volcarona|15/100
|
|-weather|Sandstorm|[upkeep]
|-damage|p2a: Volcarona|9/100|[from] Sandstorm
|-damage|p1a: Carbonizador|76/100|[from] Sandstorm
|upkeep
|turn|80
|l| Skypenguin
|inactive|LT72MSEUM has 120 seconds left.
|
|t:|1597601008
|move|p2a: Volcarona|Roost|p2a: Volcarona
|-heal|p2a: Volcarona|59/100
|-singleturn|p2a: Volcarona|move: Roost
|move|p1a: Carbonizador|Weather Ball|p2a: Volcarona
|-supereffective|p2a: Volcarona
|-damage|p2a: Volcarona|7/100
|
|-weather|none
|upkeep
|turn|81
|
|t:|1597601017
|switch|p1a: TT7|Torkoal, M|100/100 slp
|-weather|SunnyDay|[from] ability: Drought|[of] p1a: TT7
|move|p2a: Volcarona|Roost|p2a: Volcarona
|-heal|p2a: Volcarona|57/100
|-singleturn|p2a: Volcarona|move: Roost
|
|-weather|SunnyDay|[upkeep]
|upkeep
|turn|82
|j| LT72MS Merry
|
|t:|1597601021
|move|p2a: Volcarona|Flamethrower|p1a: TT7
|-resisted|p1a: TT7
|-damage|p1a: TT7|34/100 slp
|cant|p1a: TT7|slp
|move|p1a: TT7|Sleep Talk|p1a: TT7
|move|p1a: TT7|Toxic|p2a: Volcarona|[from]Sleep Talk
|-status|p2a: Volcarona|tox
|
|-weather|SunnyDay|[upkeep]
|-damage|p2a: Volcarona|50/100 tox|[from] psn
|upkeep
|turn|83
|inactive|LT72MSEUM has 120 seconds left.
|inactive|LT72MSEUM has 90 seconds left.
|
|t:|1597601068
|switch|p2a: Clefable|Clefable, M|66/100 tox
|-curestatus|p1a: TT7|slp|[msg]
|move|p1a: TT7|Rest|p1a: TT7
|-status|p1a: TT7|slp|[from] move: Rest
|-heal|p1a: TT7|100/100 slp|[silent]
|
|-weather|SunnyDay|[upkeep]
|upkeep
|turn|84
|
|t:|1597601074
|switch|p1a: Bulby|Venusaur, M|59/100
|move|p2a: Clefable|Aromatherapy|p2a: Clefable
|-activate|p2a: Clefable|move: Aromatherapy
|-curestatus|p2a: Clefable|tox|[msg]
|-curestatus|p2: Volcarona|tox|[msg]
|-curestatus|p2: Tyranitar|psn|[msg]
|
|-weather|SunnyDay|[upkeep]
|upkeep
|turn|85
|
|t:|1597601080
|switch|p2a: Tangrowth|Tangrowth, M|100/100
|move|p1a: Bulby|Sludge Bomb|p2a: Tangrowth
|-supereffective|p2a: Tangrowth
|-damage|p2a: Tangrowth|0 fnt
|faint|p2a: Tangrowth
|
|-weather|none
|upkeep
|
|t:|1597601083
|switch|p2a: Volcarona|Volcarona, M|50/100
|turn|86
|
|t:|1597601088
|switch|p1a: TT7|Torkoal, M|100/100 slp
|-weather|SunnyDay|[from] ability: Drought|[of] p1a: TT7
|move|p2a: Volcarona|Quiver Dance|p2a: Volcarona
|-boost|p2a: Volcarona|spa|1
|-boost|p2a: Volcarona|spd|1
|-boost|p2a: Volcarona|spe|1
|
|-weather|SunnyDay|[upkeep]
|upkeep
|turn|87
|
|t:|1597601095
|move|p2a: Volcarona|Flamethrower|p1a: TT7
|-resisted|p1a: TT7
|-damage|p1a: TT7|49/100 slp
|cant|p1a: TT7|slp
|move|p1a: TT7|Sleep Talk|p1a: TT7
|move|p1a: TT7|Toxic|p2a: Volcarona|[from]Sleep Talk
|-status|p2a: Volcarona|tox
|
|-weather|SunnyDay|[upkeep]
|-damage|p2a: Volcarona|44/100 tox|[from] psn
|upkeep
|turn|88
|
|t:|1597601107
|switch|p2a: Clefable|Clefable, M|66/100
|cant|p1a: TT7|slp
|move|p1a: TT7|Sleep Talk|p1a: TT7
|move|p1a: TT7|Rest|p1a: TT7|[from]Sleep Talk
|-fail|p1a: TT7
|
|-weather|SunnyDay|[upkeep]
|upkeep
|turn|89
|
|t:|1597601109
|switch|p1a: Bulby|Venusaur, M|59/100
|move|p2a: Clefable|Aromatherapy|p2a: Clefable
|-activate|p2a: Clefable|move: Aromatherapy
|-curestatus|p2: Volcarona|tox|[msg]
|
|-weather|SunnyDay|[upkeep]
|upkeep
|turn|90
|
|t:|1597601125
|switch|p2a: Tyranitar|Tyranitar, F|2/100
|-weather|Sandstorm|[from] ability: Sand Stream|[of] p2a: Tyranitar
|move|p1a: Bulby|Growth|p1a: Bulby
|-boost|p1a: Bulby|atk|1
|-boost|p1a: Bulby|spa|1
|
|-weather|Sandstorm|[upkeep]
|-damage|p1a: Bulby|53/100|[from] Sandstorm
|upkeep
|turn|91
|
|t:|1597601129
|move|p1a: Bulby|Giga Drain|p2a: Tyranitar
|-supereffective|p2a: Tyranitar
|-damage|p2a: Tyranitar|0 fnt
|-heal|p1a: Bulby|54/100|[from] drain|[of] p2a: Tyranitar
|faint|p2a: Tyranitar
|
|-weather|Sandstorm|[upkeep]
|-damage|p1a: Bulby|48/100|[from] Sandstorm
|upkeep
|
|t:|1597601135
|switch|p2a: Volcarona|Volcarona, M|44/100
|turn|92
|l| LT72MS Ayk
|
|t:|1597601145
|move|p2a: Volcarona|Flamethrower|p1a: Bulby
|-supereffective|p1a: Bulby
|-damage|p1a: Bulby|0 fnt
|faint|p1a: Bulby
|
|-weather|Sandstorm|[upkeep]
|-damage|p2a: Volcarona|38/100|[from] Sandstorm
|upkeep
|
|t:|1597601147
|switch|p1a: Carbonizador|Charizard, M, shiny|76/100
|turn|93
|inactive|LT72MSEUM has 120 seconds left.
|
|t:|1597601153
|switch|p2a: Clefable|Clefable, M|66/100
|move|p1a: Carbonizador|Weather Ball|p2a: Clefable
|-damage|p2a: Clefable|39/100
|
|-weather|Sandstorm|[upkeep]
|-damage|p1a: Carbonizador|70/100|[from] Sandstorm
|upkeep
|turn|94
|
|t:|1597601162
|move|p1a: Carbonizador|Work Up|p1a: Carbonizador
|-boost|p1a: Carbonizador|atk|1
|-boost|p1a: Carbonizador|spa|1
|move|p2a: Clefable|Soft-Boiled|p2a: Clefable
|-heal|p2a: Clefable|89/100
|
|-weather|none
|upkeep
|turn|95
|
|t:|1597601168
|move|p1a: Carbonizador|Work Up|p1a: Carbonizador
|-boost|p1a: Carbonizador|atk|1
|-boost|p1a: Carbonizador|spa|1
|move|p2a: Clefable|Moonblast|p1a: Carbonizador
|-resisted|p1a: Carbonizador
|-damage|p1a: Carbonizador|41/100
|
|upkeep
|turn|96
|
|t:|1597601174
|move|p1a: Carbonizador|Overheat|p2a: Clefable
|-damage|p2a: Clefable|0 fnt
|-unboost|p1a: Carbonizador|spa|2
|faint|p2a: Clefable
|
|upkeep
|inactive|LT72MSEUM has 120 seconds left.
|inactive|LT72MSEUM has 90 seconds left.
|
|t:|1597601228
|switch|p2a: Volcarona|Volcarona, M|38/100
|turn|97
|inactive|LT72MSEUM has 90 seconds left.
|
|t:|1597601233
|move|p1a: Carbonizador|Overheat|p2a: Volcarona
|-damage|p2a: Volcarona|0 fnt
|-unboost|p1a: Carbonizador|spa|2
|faint|p2a: Volcarona
|
|upkeep
|
|t:|1597601236
|switch|p2a: Dragapult|Dragapult, F|48/100
|turn|98
|inactive|LT72MSEUM has 90 seconds left.
|j| tapu moxo
|l| tapu moxo
|
|t:|1597601257
|switch|p1a: Crow Of Judgement|Corviknight, M|22/100 brn
|-ability|p1a: Crow Of Judgement|Pressure
|move|p2a: Dragapult|Hex|p1a: Crow Of Judgement
|-damage|p1a: Crow Of Judgement|0 fnt
|faint|p1a: Crow Of Judgement
|
|upkeep
|
|t:|1597601262
|switch|p1a: Ditroll|Ditto|36/100
|-transform|p1a: Ditroll|p2a: Dragapult|[from] ability: Imposter
|turn|99
|
|t:|1597601267
|move|p1a: Ditroll|Shadow Ball|p2a: Dragapult
|-supereffective|p2a: Dragapult
|-damage|p2a: Dragapult|0 fnt
|faint|p2a: Dragapult
|
|win|The Last Hero
|l|☆LT72MSEUM
|raw|The Last Hero's rating: 1725 &rarr; <strong>1753</strong><br />(+28 for winning)
|raw|LT72MSEUM's rating: 1890 &rarr; <strong>1861</strong><br />(-29 for losing)
