|raw|<div class="broadcast-blue"><strong>This battle is required to be public due to a player having a name starting with 'LT73IU'.</div>
|j|☆LT73IU Cora
|j|☆relic stone
|t:|1598668355
|player|p1|LT73IU Cora|lucas|1910
|player|p2|relic stone|lusamine-nihilego|1889
|teamsize|p1|6
|teamsize|p2|6
|gametype|singles
|gen|8
|tier|[Gen 8] OU
|rated|
|clearpoke
|poke|p1|Excadrill, F|
|poke|p1|Toxtricity, F|
|poke|p1|Rillaboom, F|
|poke|p1|Primarina, F|
|poke|p1|Volcarona, F|
|poke|p1|Urshifu-*, F|
|poke|p2|Slowbro-Galar, M|
|poke|p2|Urshifu-*, M|
|poke|p2|Mantine, M|
|poke|p2|Ferrothorn, M|
|poke|p2|Zeraora|
|poke|p2|Volcarona, M|
|rule|Sleep Clause Mod: Limit one foe put to sleep
|rule|Species Clause: Limit one of each Pokémon
|rule|OHKO Clause: OHKO moves are banned
|rule|Evasion Moves Clause: Evasion moves are banned
|rule|Endless Battle Clause: Forcing endless battles is banned
|rule|HP Percentage Mod: HP is shown in percentages
|rule|Dynamax Clause: You cannot dynamax
|teampreview
|c|☆relic stone|hf
|
|t:|1598668365
|start
|switch|p1a: Excadrill|Excadrill, F|100/100
|switch|p2a: Silhouette|Urshifu, M|100/100
|-ability|p1a: Excadrill|Mold Breaker
|turn|1
|
|t:|1598668369
|move|p1a: Excadrill|Stealth Rock|p2a: Silhouette
|-sidestart|p2: relic stone|move: Stealth Rock
|move|p2a: Silhouette|Wicked Blow|p1a: Excadrill
|-crit|p1a: Excadrill
|-damage|p1a: Excadrill|0 fnt
|-damage|p2a: Silhouette|91/100|[from] item: Life Orb
|faint|p1a: Excadrill
|
|upkeep
|
|t:|1598668374
|switch|p1a: Primarina|Primarina, F|100/100
|turn|2
|
|t:|1598668377
|switch|p2a: Avalon|Mantine, M|100/100
|switch|p1a: Volcarona|Volcarona, F|100/100
|
|upkeep
|turn|3
|
|t:|1598668380
|switch|p1a: Toxtricity|Toxtricity, F|100/100
|move|p2a: Avalon|Defog|p1a: Toxtricity
|-unboost|p1a: Toxtricity|evasion|1
|-sideend|p2: relic stone|Stealth Rock|[from] move: Defog|[of] p2a: Avalon
|
|upkeep
|turn|4
|
|t:|1598668385
|switch|p1a: Urshifu|Urshifu, F|100/100
|switch|p2a: Temple|Ferrothorn, M|100/100
|
|upkeep
|turn|5
|
|t:|1598668388
|move|p1a: Urshifu|Wicked Blow|p2a: Temple
|-crit|p2a: Temple
|-damage|p2a: Temple|37/100
|-damage|p1a: Urshifu|88/100|[from] ability: Iron Barbs|[of] p2a: Temple
|-damage|p1a: Urshifu|78/100|[from] item: Life Orb
|move|p2a: Temple|Stealth Rock|p1a: Urshifu
|-sidestart|p1: LT73IU Cora|move: Stealth Rock
|
|-heal|p2a: Temple|43/100|[from] item: Leftovers
|upkeep
|turn|6
|
|t:|1598668393
|move|p1a: Urshifu|Wicked Blow|p2a: Temple
|-crit|p2a: Temple
|-damage|p2a: Temple|0 fnt
|-damage|p1a: Urshifu|66/100|[from] ability: Iron Barbs|[of] p2a: Temple
|-damage|p1a: Urshifu|56/100|[from] item: Life Orb
|faint|p2a: Temple
|
|upkeep
|
|t:|1598668399
|switch|p2a: Zephyr|Zeraora, shiny|100/100
|turn|7
|
|t:|1598668402
|move|p1a: Urshifu|Sucker Punch|p2a: Zephyr
|-damage|p2a: Zephyr|35/100
|-damage|p1a: Urshifu|46/100|[from] item: Life Orb
|move|p2a: Zephyr|Plasma Fists|p1a: Urshifu
|-damage|p1a: Urshifu|0 fnt
|-fieldactivate|move: Ion Deluge
|faint|p1a: Urshifu
|
|upkeep
|
|t:|1598668405
|switch|p1a: Rillaboom|Rillaboom, F|100/100
|-damage|p1a: Rillaboom|88/100|[from] Stealth Rock
|-fieldstart|move: Grassy Terrain|[from] ability: Grassy Surge|[of] p1a: Rillaboom
|turn|8
|
|t:|1598668412
|move|p2a: Zephyr|Blaze Kick|p1a: Rillaboom
|-supereffective|p1a: Rillaboom
|-damage|p1a: Rillaboom|15/100
|move|p1a: Rillaboom|Knock Off|p2a: Zephyr
|-damage|p2a: Zephyr|0 fnt
|-enditem|p2a: Zephyr|Expert Belt|[from] move: Knock Off|[of] p1a: Rillaboom
|-damage|p1a: Rillaboom|5/100|[from] item: Life Orb
|faint|p2a: Zephyr
|
|-heal|p1a: Rillaboom|11/100|[from] Grassy Terrain
|upkeep
|
|t:|1598668417
|switch|p2a: Silhouette|Urshifu, M|91/100
|turn|9
|
|t:|1598668420
|move|p1a: Rillaboom|Grassy Glide|p2a: Silhouette
|-damage|p2a: Silhouette|21/100
|-damage|p1a: Rillaboom|1/100|[from] item: Life Orb
|move|p2a: Silhouette|Bulk Up|p2a: Silhouette
|-boost|p2a: Silhouette|atk|1
|-boost|p2a: Silhouette|def|1
|
|-heal|p2a: Silhouette|27/100|[from] Grassy Terrain
|-heal|p1a: Rillaboom|7/100|[from] Grassy Terrain
|upkeep
|turn|10
|
|t:|1598668424
|move|p2a: Silhouette|Sucker Punch|p1a: Rillaboom
|-crit|p1a: Rillaboom
|-damage|p1a: Rillaboom|0 fnt
|-damage|p2a: Silhouette|17/100|[from] item: Life Orb
|faint|p1a: Rillaboom
|
|-heal|p2a: Silhouette|23/100|[from] Grassy Terrain
|upkeep
|
|t:|1598668435
|switch|p1a: Volcarona|Volcarona, F|100/100
|turn|11
|
|t:|1598668438
|move|p1a: Volcarona|Quiver Dance|p1a: Volcarona
|-boost|p1a: Volcarona|spa|1
|-boost|p1a: Volcarona|spd|1
|-boost|p1a: Volcarona|spe|1
|move|p2a: Silhouette|Wicked Blow|p1a: Volcarona
|-crit|p1a: Volcarona
|-damage|p1a: Volcarona|0 fnt
|-status|p2a: Silhouette|brn|[from] ability: Flame Body|[of] p1a: Volcarona
|-damage|p2a: Silhouette|13/100 brn|[from] item: Life Orb
|faint|p1a: Volcarona
|
|-heal|p2a: Silhouette|19/100 brn|[from] Grassy Terrain
|-damage|p2a: Silhouette|13/100 brn|[from] brn
|upkeep
|
|t:|1598668443
|switch|p1a: Primarina|Primarina, F|100/100
|-damage|p1a: Primarina|88/100|[from] Stealth Rock
|turn|12
|
|t:|1598668449
|move|p2a: Silhouette|Poison Jab|p1a: Primarina
|-supereffective|p1a: Primarina
|-damage|p1a: Primarina|10/100
|-damage|p2a: Silhouette|3/100 brn|[from] item: Life Orb
|move|p1a: Primarina|Scald|p2a: Silhouette
|-crit|p2a: Silhouette
|-damage|p2a: Silhouette|0 fnt
|faint|p2a: Silhouette
|
|-heal|p1a: Primarina|16/100|[from] item: Leftovers
|-heal|p1a: Primarina|23/100|[from] Grassy Terrain
|-fieldend|move: Grassy Terrain
|upkeep
|
|t:|1598668452
|switch|p2a: Amaterasu|Volcarona, M|100/100
|turn|13
|
|t:|1598668455
|move|p2a: Amaterasu|Giga Drain|p1a: Primarina
|-supereffective|p1a: Primarina
|-damage|p1a: Primarina|0 fnt
|-damage|p2a: Amaterasu|91/100|[from] item: Life Orb
|faint|p1a: Primarina
|
|upkeep
|
|t:|1598668457
|switch|p1a: Toxtricity|Toxtricity, F|100/100
|-damage|p1a: Toxtricity|88/100|[from] Stealth Rock
|turn|14
|c|☆relic stone|gg
|
|t:|1598668460
|move|p2a: Amaterasu|Psychic|p1a: Toxtricity
|-supereffective|p1a: Toxtricity
|-damage|p1a: Toxtricity|0 fnt
|-damage|p2a: Amaterasu|81/100|[from] item: Life Orb
|faint|p1a: Toxtricity
|
|win|relic stone
