|j|☆Juliuscrash
|j|☆ultimategoogolplex
|t:|1667161887
|gametype|singles
|player|p1|Juliuscrash|waiter|1619
|player|p2|ultimategoogolplex|2|1640
|teamsize|p1|6
|teamsize|p2|6
|gen|8
|tier|[Gen 8] OU
|rated|
|rule|Sleep Clause Mod: Limit one foe put to sleep
|rule|Species Clause: Limit one of each Pokémon
|rule|OHKO Clause: OHKO moves are banned
|rule|Evasion Items Clause: Evasion items are banned
|rule|Evasion Moves Clause: Evasion moves are banned
|rule|Endless Battle Clause: Forcing endless battles is banned
|rule|HP Percentage Mod: HP is shown in percentages
|rule|Dynamax Clause: You cannot dynamax
|clearpoke
|poke|p1|Ninetales-Alola, F|
|poke|p1|Arctozolt|
|poke|p1|Heatran, M|
|poke|p1|Latias, F|
|poke|p1|Blacephalon|
|poke|p1|Urshifu-*, F|
|poke|p2|Weavile, M|
|poke|p2|Volcanion|
|poke|p2|Zapdos|
|poke|p2|Landorus-Therian, M|
|poke|p2|Kartana|
|poke|p2|Melmetal|
|teampreview
|inactive|Battle timer is ON: inactive players will automatically lose when time's up. (requested by ultimategoogolplex)
|
|t:|1667161899
|start
|switch|p1a: Ninetales|Ninetales-Alola, F, shiny|100/100
|switch|p2a: Volcanion|Volcanion|100/100
|-weather|Hail|[from] ability: Snow Warning|[of] p1a: Ninetales
|turn|1
|
|t:|1667161905
|switch|p1a: Urshifu|Urshifu-Rapid-Strike, F|100/100
|move|p2a: Volcanion|Steam Eruption|p1a: Urshifu
|-resisted|p1a: Urshifu
|-damage|p1a: Urshifu|35/100
|
|-weather|Hail|[upkeep]
|-damage|p1a: Urshifu|29/100|[from] Hail
|-damage|p2a: Volcanion|95/100|[from] Hail
|upkeep
|turn|2
|
|t:|1667161914
|switch|p2a: Zapdos|Zapdos|100/100
|move|p1a: Urshifu|U-turn|p2a: Zapdos
|-resisted|p2a: Zapdos
|-damage|p2a: Zapdos|90/100
|
|t:|1667161917
|switch|p1a: Arctozolt|Arctozolt, shiny|100/100|[from]move: U-turn
|
|-weather|Hail|[upkeep]
|-damage|p2a: Zapdos|84/100|[from] Hail
|upkeep
|turn|3
|
|t:|1667161924
|switch|p2a: Melmetal|Melmetal|100/100
|move|p1a: Arctozolt|Blizzard|p2a: Melmetal
|-resisted|p2a: Melmetal
|-damage|p2a: Melmetal|89/100
|-status|p2a: Melmetal|frz
|-damage|p1a: Arctozolt|91/100|[from] item: Life Orb
|
|-weather|Hail|[upkeep]
|-damage|p2a: Melmetal|83/100 frz|[from] Hail
|upkeep
|turn|4
|
|t:|1667161934
|move|p1a: Arctozolt|Blizzard|p2a: Melmetal
|-resisted|p2a: Melmetal
|-damage|p2a: Melmetal|72/100 frz
|-damage|p1a: Arctozolt|81/100|[from] item: Life Orb
|-curestatus|p2a: Melmetal|frz|[msg]
|move|p2a: Melmetal|Earthquake|p1a: Arctozolt
|-supereffective|p1a: Arctozolt
|-damage|p1a: Arctozolt|0 fnt
|faint|p1a: Arctozolt
|
|-weather|Hail|[upkeep]
|-damage|p2a: Melmetal|66/100|[from] Hail
|upkeep
|
|t:|1667161940
|switch|p1a: Blacephalon|Blacephalon|100/100
|turn|5
|
|t:|1667161948
|switch|p2a: Volcanion|Volcanion|95/100
|move|p1a: Blacephalon|Shadow Ball|p2a: Volcanion
|-damage|p2a: Volcanion|35/100
|
|-weather|Hail|[upkeep]
|-damage|p1a: Blacephalon|94/100|[from] Hail
|-damage|p2a: Volcanion|29/100|[from] Hail
|upkeep
|turn|6
|
|t:|1667161960
|switch|p1a: Heatran|Heatran, M|100/100
|-item|p1a: Heatran|Air Balloon
|switch|p2a: Weavile|Weavile, M|100/100
|-ability|p2a: Weavile|Pressure
|
|-weather|Hail|[upkeep]
|-damage|p1a: Heatran|94/100|[from] Hail
|upkeep
|turn|7
|
|t:|1667161969
|move|p2a: Weavile|Beat Up|p1a: Heatran
|-damage|p1a: Heatran|83/100
|-enditem|p1a: Heatran|Air Balloon
|-damage|p1a: Heatran|71/100
|-damage|p1a: Heatran|57/100
|-damage|p1a: Heatran|44/100
|-damage|p1a: Heatran|29/100
|-damage|p1a: Heatran|19/100
|-hitcount|p1a: Heatran|6
|move|p1a: Heatran|Magma Storm|p2a: Weavile
|-supereffective|p2a: Weavile
|-damage|p2a: Weavile|0 fnt
|faint|p2a: Weavile
|
|-weather|Hail|[upkeep]
|-damage|p1a: Heatran|13/100|[from] Hail
|upkeep
|
|t:|1667161985
|switch|p2a: Kartana|Kartana|100/100
|turn|8
|
|t:|1667161988
|move|p2a: Kartana|Knock Off|p1a: Heatran
|-damage|p1a: Heatran|0 fnt
|faint|p1a: Heatran
|-ability|p2a: Kartana|Beast Boost|boost
|-boost|p2a: Kartana|atk|1
|
|-weather|none
|upkeep
|
|t:|1667161991
|switch|p1a: Ninetales|Ninetales-Alola, F, shiny|100/100
|-weather|Hail|[from] ability: Snow Warning|[of] p1a: Ninetales
|turn|9
|
|t:|1667162007
|switch|p2a: Melmetal|Melmetal|66/100
|move|p1a: Ninetales|Aurora Veil|p1a: Ninetales
|-sidestart|p1: Juliuscrash|move: Aurora Veil
|
|-weather|Hail|[upkeep]
|-damage|p2a: Melmetal|59/100|[from] Hail
|upkeep
|turn|10
|
|t:|1667162029
|switch|p1a: Urshifu|Urshifu-Rapid-Strike, F|29/100
|move|p2a: Melmetal|Double Iron Bash|p1a: Urshifu
|-resisted|p1a: Urshifu
|-damage|p1a: Urshifu|20/100
|-resisted|p1a: Urshifu
|-damage|p1a: Urshifu|10/100
|-hitcount|p1a: Urshifu|2
|
|-weather|Hail|[upkeep]
|-damage|p1a: Urshifu|4/100|[from] Hail
|-damage|p2a: Melmetal|53/100|[from] Hail
|upkeep
|turn|11
|
|t:|1667162043
|switch|p2a: Zapdos|Zapdos|84/100
|move|p1a: Urshifu|Surging Strikes|p2a: Zapdos
|-crit|p2a: Zapdos
|-damage|p2a: Zapdos|67/100
|-crit|p2a: Zapdos
|-damage|p2a: Zapdos|51/100
|-crit|p2a: Zapdos
|-damage|p2a: Zapdos|35/100
|-hitcount|p2a: Zapdos|3
|
|-weather|Hail|[upkeep]
|-damage|p1a: Urshifu|0 fnt|[from] Hail
|-damage|p2a: Zapdos|29/100|[from] Hail
|faint|p1a: Urshifu
|upkeep
|
|t:|1667162050
|switch|p1a: Latias|Latias, F|100/100
|turn|12
|
|t:|1667162057
|move|p1a: Latias|Agility|p1a: Latias
|-boost|p1a: Latias|spe|2
|move|p2a: Zapdos|Volt Switch|p1a: Latias
|-resisted|p1a: Latias
|-damage|p1a: Latias|94/100
|
|t:|1667162065
|switch|p2a: Landorus|Landorus-Therian, M|100/100|[from]move: Volt Switch
|-ability|p2a: Landorus|Intimidate|boost
|-unboost|p1a: Latias|atk|1
|
|-weather|Hail|[upkeep]
|-damage|p1a: Latias|88/100|[from] Hail
|-damage|p2a: Landorus|94/100|[from] Hail
|-heal|p2a: Landorus|100/100|[from] item: Leftovers
|upkeep
|turn|13
|
|t:|1667162074
|move|p1a: Latias|Calm Mind|p1a: Latias
|-boost|p1a: Latias|spa|1
|-boost|p1a: Latias|spd|1
|move|p2a: Landorus|Toxic|p1a: Latias
|-status|p1a: Latias|tox
|
|-weather|Hail|[upkeep]
|-damage|p1a: Latias|82/100 tox|[from] Hail
|-damage|p2a: Landorus|94/100|[from] Hail
|-heal|p2a: Landorus|100/100|[from] item: Leftovers
|-damage|p1a: Latias|76/100 tox|[from] psn
|-sideend|p1: Juliuscrash|move: Aurora Veil
|upkeep
|turn|14
|
|t:|1667162084
|move|p1a: Latias|Stored Power|p2a: Landorus
|-damage|p2a: Landorus|16/100
|move|p2a: Landorus|Stealth Rock|p1a: Latias
|-sidestart|p1: Juliuscrash|move: Stealth Rock
|
|-weather|Hail|[upkeep]
|-damage|p1a: Latias|70/100 tox|[from] Hail
|-damage|p2a: Landorus|10/100|[from] Hail
|-heal|p2a: Landorus|16/100|[from] item: Leftovers
|-damage|p1a: Latias|58/100 tox|[from] psn
|upkeep
|turn|15
|
|t:|1667162093
|move|p1a: Latias|Aura Sphere|p2a: Landorus
|-resisted|p2a: Landorus
|-damage|p2a: Landorus|0 fnt
|faint|p2a: Landorus
|
|-weather|Hail|[upkeep]
|-damage|p1a: Latias|52/100 tox|[from] Hail
|-damage|p1a: Latias|34/100 tox|[from] psn
|upkeep
|
|t:|1667162107
|switch|p2a: Zapdos|Zapdos|29/100
|turn|16
|
|t:|1667162111
|move|p1a: Latias|Stored Power|p2a: Zapdos
|-damage|p2a: Zapdos|0 fnt
|faint|p2a: Zapdos
|
|-weather|none
|-damage|p1a: Latias|10/100 tox|[from] psn
|upkeep
|
|t:|1667162119
|switch|p2a: Volcanion|Volcanion|29/100
|turn|17
|
|t:|1667162130
|move|p1a: Latias|Stored Power|p2a: Volcanion
|-damage|p2a: Volcanion|0 fnt
|faint|p2a: Volcanion
|
|-damage|p1a: Latias|0 fnt|[from] psn
|faint|p1a: Latias
|upkeep
|
|t:|1667162141
|switch|p1a: Blacephalon|Blacephalon|94/100
|switch|p2a: Kartana|Kartana|100/100
|-damage|p1a: Blacephalon|70/100|[from] Stealth Rock
|turn|18
|
|t:|1667162146
|switch|p1a: Ninetales|Ninetales-Alola, F, shiny|100/100
|-damage|p1a: Ninetales|76/100|[from] Stealth Rock
|-weather|Hail|[from] ability: Snow Warning|[of] p1a: Ninetales
|move|p2a: Kartana|Knock Off|p1a: Ninetales
|-resisted|p1a: Ninetales
|-damage|p1a: Ninetales|46/100
|-enditem|p1a: Ninetales|Icy Rock|[from] move: Knock Off|[of] p2a: Kartana
|
|-weather|Hail|[upkeep]
|-damage|p2a: Kartana|94/100|[from] Hail
|upkeep
|turn|19
|
|t:|1667162165
|switch|p1a: Blacephalon|Blacephalon|70/100
|-damage|p1a: Blacephalon|45/100|[from] Stealth Rock
|move|p2a: Kartana|Knock Off|p1a: Blacephalon
|-supereffective|p1a: Blacephalon
|-damage|p1a: Blacephalon|0 fnt
|-enditem|p1a: Blacephalon|Choice Scarf|[from] move: Knock Off|[of] p2a: Kartana
|faint|p1a: Blacephalon
|-ability|p2a: Kartana|Beast Boost|boost
|-boost|p2a: Kartana|atk|1
|
|-weather|Hail|[upkeep]
|-damage|p2a: Kartana|88/100|[from] Hail
|upkeep
|
|t:|1667162168
|switch|p1a: Ninetales|Ninetales-Alola, F, shiny|46/100
|-damage|p1a: Ninetales|21/100|[from] Stealth Rock
|turn|20
|
|t:|1667162179
|move|p2a: Kartana|Knock Off|p1a: Ninetales
|-resisted|p1a: Ninetales
|-damage|p1a: Ninetales|0 fnt
|faint|p1a: Ninetales
|
|win|ultimategoogolplex
|raw|Juliuscrash's rating: 1619 &rarr; <strong>1600</strong><br />(-19 for losing)
|raw|ultimategoogolplex's rating: 1640 &rarr; <strong>1659</strong><br />(+19 for winning)
|l|☆Juliuscrash
