|j|☆Draco09876
|j|☆usualranger5
|t:|1604646490
|player|p1|Draco09876|102|1505
|player|p2|usualranger5|hugh|1485
|teamsize|p1|6
|teamsize|p2|6
|gametype|singles
|gen|8
|tier|[Gen 8] OU
|rated|
|clearpoke
|poke|p1|Heatran, F|
|poke|p1|Mandibuzz, F|
|poke|p1|Landorus-Therian, M|
|poke|p1|Urshifu-*, M|
|poke|p1|Rillaboom, F|
|poke|p1|Magearna|
|poke|p2|Tapu Bulu|
|poke|p2|Skarmory, F|
|poke|p2|Clefable, F|
|poke|p2|Blissey, F|
|poke|p2|Marowak-Alola, M|
|poke|p2|Slowbro, M|
|rule|Sleep Clause Mod: Limit one foe put to sleep
|rule|Species Clause: Limit one of each Pokémon
|rule|OHKO Clause: OHKO moves are banned
|rule|Evasion Moves Clause: Evasion moves are banned
|rule|Endless Battle Clause: Forcing endless battles is banned
|rule|HP Percentage Mod: HP is shown in percentages
|rule|Dynamax Clause: You cannot dynamax
|teampreview
|inactive|Battle timer is ON: inactive players will automatically lose when time's up. (requested by usualranger5)
|
|t:|1604646501
|start
|switch|p1a: Heatran|Heatran, F|100/100
|switch|p2a: Slowbro|Slowbro, M|100/100
|turn|1
|
|t:|1604646505
|move|p1a: Heatran|Taunt|p2a: Slowbro
|-start|p2a: Slowbro|move: Taunt
|cant|p2a: Slowbro|move: Taunt|Teleport
|
|upkeep
|turn|2
|
|t:|1604646513
|switch|p2a: Blissey|Blissey, F|100/100
|move|p1a: Heatran|Magma Storm|p2a: Blissey|[miss]
|-miss|p1a: Heatran|p2a: Blissey
|
|upkeep
|turn|3
|
|t:|1604646521
|switch|p2a: Third Hokage|Marowak-Alola, M|100/100
|move|p1a: Heatran|Magma Storm|p2a: Third Hokage|[miss]
|-miss|p1a: Heatran|p2a: Third Hokage
|
|upkeep
|turn|4
|
|t:|1604646526
|-singleturn|p2a: Third Hokage|move: Focus Punch
|switch|p1a: Landorus|Landorus-Therian, M|100/100
|-ability|p1a: Landorus|Intimidate|boost
|-unboost|p2a: Third Hokage|atk|1
|move|p2a: Third Hokage|Focus Punch|p1a: Landorus
|-resisted|p1a: Landorus
|-damage|p1a: Landorus|73/100
|
|upkeep
|turn|5
|
|t:|1604646536
|switch|p2a: Skarmory|Skarmory, F|100/100
|move|p1a: Landorus|U-turn|p2a: Skarmory
|-resisted|p2a: Skarmory
|-damage|p2a: Skarmory|95/100
|
|t:|1604646541
|switch|p1a: Heatran|Heatran, F|100/100|[from]move: U-turn
|
|upkeep
|turn|6
|
|t:|1604646547
|switch|p2a: Blissey|Blissey, F|100/100
|move|p1a: Heatran|Magma Storm|p2a: Blissey
|-damage|p2a: Blissey|87/100
|-activate|p2a: Blissey|move: Magma Storm|[of] p1a: Heatran
|
|-heal|p2a: Blissey|93/100|[from] item: Leftovers
|-damage|p2a: Blissey|80/100|[from] move: Magma Storm|[partiallytrapped]
|upkeep
|turn|7
|
|t:|1604646554
|move|p1a: Heatran|Taunt|p2a: Blissey
|-start|p2a: Blissey|move: Taunt
|move|p2a: Blissey|Seismic Toss|p1a: Heatran
|-damage|p1a: Heatran|75/100
|
|-heal|p1a: Heatran|81/100|[from] item: Leftovers
|-heal|p2a: Blissey|87/100|[from] item: Leftovers
|-damage|p2a: Blissey|74/100|[from] move: Magma Storm|[partiallytrapped]
|upkeep
|turn|8
|
|t:|1604646563
|move|p1a: Heatran|Earth Power|p2a: Blissey
|-damage|p2a: Blissey|65/100
|move|p2a: Blissey|Seismic Toss|p1a: Heatran
|-damage|p1a: Heatran|55/100
|
|-heal|p1a: Heatran|61/100|[from] item: Leftovers
|-heal|p2a: Blissey|71/100|[from] item: Leftovers
|-damage|p2a: Blissey|59/100|[from] move: Magma Storm|[partiallytrapped]
|upkeep
|turn|9
|
|t:|1604646572
|move|p1a: Heatran|Magma Storm|p2a: Blissey|[miss]
|-miss|p1a: Heatran|p2a: Blissey
|move|p2a: Blissey|Seismic Toss|p1a: Heatran
|-damage|p1a: Heatran|35/100
|
|-heal|p1a: Heatran|41/100|[from] item: Leftovers
|-heal|p2a: Blissey|65/100|[from] item: Leftovers
|-damage|p2a: Blissey|53/100|[from] move: Magma Storm|[partiallytrapped]
|-end|p2a: Blissey|move: Taunt
|upkeep
|turn|10
|
|t:|1604646586
|move|p1a: Heatran|Taunt|p2a: Blissey
|-start|p2a: Blissey|move: Taunt
|move|p2a: Blissey|Seismic Toss|p1a: Heatran
|-damage|p1a: Heatran|16/100
|
|-heal|p1a: Heatran|22/100|[from] item: Leftovers
|-heal|p2a: Blissey|59/100|[from] item: Leftovers
|-end|p2a: Blissey|Magma Storm|[partiallytrapped]
|upkeep
|turn|11
|
|t:|1604646594
|switch|p1a: Mandibuzz|Mandibuzz, F|100/100
|move|p2a: Blissey|Seismic Toss|p1a: Mandibuzz
|-damage|p1a: Mandibuzz|77/100
|-damage|p2a: Blissey|42/100|[from] item: Rocky Helmet|[of] p1a: Mandibuzz
|
|-heal|p2a: Blissey|48/100|[from] item: Leftovers
|upkeep
|turn|12
|
|t:|1604646603
|switch|p2a: Slowbro|Slowbro, M|100/100
|move|p1a: Mandibuzz|Knock Off|p2a: Slowbro
|-supereffective|p2a: Slowbro
|-damage|p2a: Slowbro|83/100
|
|upkeep
|turn|13
|
|t:|1604646608
|move|p1a: Mandibuzz|U-turn|p2a: Slowbro
|-supereffective|p2a: Slowbro
|-damage|p2a: Slowbro|69/100
|
|t:|1604646610
|switch|p1a: Urshifu|Urshifu, M|100/100|[from]move: U-turn
|move|p2a: Slowbro|Teleport|p2a: Slowbro
|
|t:|1604646617
|switch|p2a: Super ZeoZord I|Clefable, F|100/100|[from]move: Teleport
|
|upkeep
|turn|14
|
|t:|1604646624
|switch|p1a: Heatran|Heatran, F|22/100
|move|p2a: Super ZeoZord I|Moonblast|p1a: Heatran
|-resisted|p1a: Heatran
|-damage|p1a: Heatran|18/100
|
|-heal|p1a: Heatran|24/100|[from] item: Leftovers
|upkeep
|turn|15
|
|t:|1604646632
|switch|p2a: Blissey|Blissey, F|48/100
|move|p1a: Heatran|Earth Power|p2a: Blissey
|-damage|p2a: Blissey|40/100
|
|-heal|p1a: Heatran|30/100|[from] item: Leftovers
|-heal|p2a: Blissey|46/100|[from] item: Leftovers
|upkeep
|turn|16
|
|t:|1604646639
|move|p1a: Heatran|Taunt|p2a: Blissey
|-start|p2a: Blissey|move: Taunt
|cant|p2a: Blissey|move: Taunt|Soft-Boiled
|
|-heal|p1a: Heatran|36/100|[from] item: Leftovers
|-heal|p2a: Blissey|52/100|[from] item: Leftovers
|upkeep
|turn|17
|
|t:|1604646646
|move|p1a: Heatran|Magma Storm|p2a: Blissey
|-damage|p2a: Blissey|38/100
|-activate|p2a: Blissey|move: Magma Storm|[of] p1a: Heatran
|move|p2a: Blissey|Seismic Toss|p1a: Heatran
|-damage|p1a: Heatran|10/100
|
|-heal|p1a: Heatran|17/100|[from] item: Leftovers
|-heal|p2a: Blissey|44/100|[from] item: Leftovers
|-damage|p2a: Blissey|32/100|[from] move: Magma Storm|[partiallytrapped]
|upkeep
|turn|18
|
|t:|1604646655
|move|p1a: Heatran|Stealth Rock|p2a: Blissey
|-sidestart|p2: usualranger5|move: Stealth Rock
|move|p2a: Blissey|Seismic Toss|p1a: Heatran
|-damage|p1a: Heatran|0 fnt
|faint|p1a: Heatran
|
|-heal|p2a: Blissey|38/100|[from] item: Leftovers
|-end|p2a: Blissey|Magma Storm|[partiallytrapped]|[silent]
|-end|p2a: Blissey|move: Taunt
|upkeep
|
|t:|1604646660
|switch|p1a: Urshifu|Urshifu, M|100/100
|turn|19
|
|t:|1604646667
|switch|p2a: First Hokage|Tapu Bulu|100/100
|-damage|p2a: First Hokage|88/100|[from] Stealth Rock
|-fieldstart|move: Grassy Terrain|[from] ability: Grassy Surge|[of] p2a: First Hokage
|move|p1a: Urshifu|Poison Jab|p2a: First Hokage
|-supereffective|p2a: First Hokage
|-damage|p2a: First Hokage|0 fnt
|-damage|p1a: Urshifu|91/100|[from] item: Life Orb
|faint|p2a: First Hokage
|
|-heal|p1a: Urshifu|97/100|[from] Grassy Terrain
|upkeep
|
|t:|1604646678
|switch|p2a: Skarmory|Skarmory, F|95/100
|-damage|p2a: Skarmory|83/100|[from] Stealth Rock
|turn|20
|
|t:|1604646685
|switch|p1a: Mandibuzz|Mandibuzz, F|77/100
|move|p2a: Skarmory|Defog|p1a: Mandibuzz
|-unboost|p1a: Mandibuzz|evasion|1
|-sideend|p2: usualranger5|Stealth Rock|[from] move: Defog|[of] p2a: Skarmory
|-fieldend|move: Grassy Terrain
|
|upkeep
|turn|21
|
|t:|1604646691
|move|p1a: Mandibuzz|Knock Off|p2a: Skarmory
|-damage|p2a: Skarmory|64/100
|-enditem|p2a: Skarmory|Shed Shell|[from] move: Knock Off|[of] p1a: Mandibuzz
|move|p2a: Skarmory|Spikes|p1a: Mandibuzz
|-sidestart|p1: Draco09876|Spikes
|
|upkeep
|turn|22
|
|t:|1604646709
|switch|p1a: Urshifu|Urshifu, M|97/100
|-damage|p1a: Urshifu|84/100|[from] Spikes
|move|p2a: Skarmory|Roost|p2a: Skarmory
|-heal|p2a: Skarmory|100/100
|-singleturn|p2a: Skarmory|move: Roost
|
|upkeep
|turn|23
|
|t:|1604646715
|move|p1a: Urshifu|Wicked Blow|p2a: Skarmory
|-crit|p2a: Skarmory
|-damage|p2a: Skarmory|43/100
|-damage|p1a: Urshifu|74/100|[from] item: Life Orb
|move|p2a: Skarmory|Counter|p1a: Urshifu
|-damage|p1a: Urshifu|0 fnt
|faint|p1a: Urshifu
|
|upkeep
|
|t:|1604646722
|switch|p1a: Landorus|Landorus-Therian, M|73/100
|-ability|p1a: Landorus|Intimidate|boost
|-unboost|p2a: Skarmory|atk|1
|turn|24
|
|t:|1604646725
|move|p1a: Landorus|Rock Slide|p2a: Skarmory
|-damage|p2a: Skarmory|23/100
|move|p2a: Skarmory|Roost|p2a: Skarmory
|-heal|p2a: Skarmory|73/100
|-singleturn|p2a: Skarmory|move: Roost
|
|upkeep
|turn|25
|
|t:|1604646733
|move|p1a: Landorus|Rock Slide|p2a: Skarmory
|-damage|p2a: Skarmory|51/100
|move|p2a: Skarmory|Spikes|p1a: Landorus
|-sidestart|p1: Draco09876|Spikes
|
|upkeep
|turn|26
|
|t:|1604646737
|move|p1a: Landorus|Rock Slide|p2a: Skarmory
|-damage|p2a: Skarmory|31/100
|move|p2a: Skarmory|Roost|p2a: Skarmory
|-heal|p2a: Skarmory|81/100
|-singleturn|p2a: Skarmory|move: Roost
|
|upkeep
|turn|27
|
|t:|1604646745
|switch|p1a: Magearna|Magearna|100/100
|-damage|p1a: Magearna|84/100|[from] Spikes
|switch|p2a: Slowbro|Slowbro, M|100/100
|
|-heal|p1a: Magearna|90/100|[from] item: Leftovers
|upkeep
|turn|28
|
|t:|1604646755
|move|p1a: Magearna|Calm Mind|p1a: Magearna
|-boost|p1a: Magearna|spa|1
|-boost|p1a: Magearna|spd|1
|move|p2a: Slowbro|Teleport|p2a: Slowbro
|
|t:|1604646759
|switch|p2a: Third Hokage|Marowak-Alola, M|100/100|[from]move: Teleport
|
|-heal|p1a: Magearna|96/100|[from] item: Leftovers
|upkeep
|turn|29
|
|t:|1604646767
|switch|p1a: Mandibuzz|Mandibuzz, F|77/100
|move|p2a: Third Hokage|Will-O-Wisp|p1a: Mandibuzz|[miss]
|-miss|p2a: Third Hokage|p1a: Mandibuzz
|
|upkeep
|turn|30
|
|t:|1604646776
|switch|p2a: Blissey|Blissey, F|38/100
|move|p1a: Mandibuzz|U-turn|p2a: Blissey
|-damage|p2a: Blissey|25/100
|
|t:|1604646780
|switch|p1a: Landorus|Landorus-Therian, M|73/100|[from]move: U-turn
|-ability|p1a: Landorus|Intimidate|boost
|-unboost|p2a: Blissey|atk|1
|
|-heal|p2a: Blissey|31/100|[from] item: Leftovers
|upkeep
|turn|31
|
|t:|1604646787
|switch|p2a: Slowbro|Slowbro, M|100/100
|move|p1a: Landorus|U-turn|p2a: Slowbro
|-supereffective|p2a: Slowbro
|-damage|p2a: Slowbro|68/100
|
|t:|1604646790
|switch|p1a: Rillaboom|Rillaboom, F|100/100|[from]move: U-turn
|-damage|p1a: Rillaboom|84/100|[from] Spikes
|-fieldstart|move: Grassy Terrain|[from] ability: Grassy Surge|[of] p1a: Rillaboom
|
|-heal|p1a: Rillaboom|90/100|[from] Grassy Terrain
|-heal|p2a: Slowbro|74/100|[from] Grassy Terrain
|upkeep
|turn|32
|
|t:|1604646799
|switch|p2a: Skarmory|Skarmory, F|81/100
|move|p1a: Rillaboom|Drain Punch|p2a: Skarmory
|-damage|p2a: Skarmory|57/100
|-heal|p1a: Rillaboom|100/100|[from] drain|[of] p2a: Skarmory
|-damage|p1a: Rillaboom|91/100|[from] item: Life Orb
|
|-heal|p1a: Rillaboom|97/100|[from] Grassy Terrain
|upkeep
|turn|33
|
|t:|1604646808
|move|p1a: Rillaboom|Drain Punch|p2a: Skarmory
|-damage|p2a: Skarmory|34/100
|-heal|p1a: Rillaboom|100/100|[from] drain|[of] p2a: Skarmory
|-damage|p1a: Rillaboom|91/100|[from] item: Life Orb
|move|p2a: Skarmory|Roost|p2a: Skarmory
|-heal|p2a: Skarmory|84/100
|-singleturn|p2a: Skarmory|move: Roost
|
|-heal|p1a: Rillaboom|97/100|[from] Grassy Terrain
|-heal|p2a: Skarmory|90/100|[from] Grassy Terrain
|upkeep
|turn|34
|
|t:|1604646819
|switch|p1a: Magearna|Magearna|96/100
|-damage|p1a: Magearna|80/100|[from] Spikes
|move|p2a: Skarmory|Spikes|p1a: Magearna
|-sidestart|p1: Draco09876|Spikes
|
|-heal|p1a: Magearna|86/100|[from] item: Leftovers
|-heal|p1a: Magearna|92/100|[from] Grassy Terrain
|upkeep
|turn|35
|
|t:|1604646828
|switch|p2a: Third Hokage|Marowak-Alola, M|100/100
|move|p1a: Magearna|Thunderbolt|p2a: Third Hokage
|-ability|p2a: Third Hokage|Lightning Rod|boost
|-boost|p2a: Third Hokage|spa|1
|
|-heal|p1a: Magearna|98/100|[from] item: Leftovers
|-heal|p1a: Magearna|100/100|[from] Grassy Terrain
|-fieldend|move: Grassy Terrain
|upkeep
|turn|36
|
|t:|1604646836
|-singleturn|p2a: Third Hokage|move: Focus Punch
|switch|p1a: Mandibuzz|Mandibuzz, F|77/100
|move|p2a: Third Hokage|Focus Punch|p1a: Mandibuzz
|-damage|p1a: Mandibuzz|36/100
|-damage|p2a: Third Hokage|84/100|[from] item: Rocky Helmet|[of] p1a: Mandibuzz
|
|upkeep
|turn|37
|
|t:|1604646846
|switch|p2a: Slowbro|Slowbro, M|100/100
|move|p1a: Mandibuzz|Roost|p1a: Mandibuzz
|-heal|p1a: Mandibuzz|86/100
|-singleturn|p1a: Mandibuzz|move: Roost
|
|upkeep
|turn|38
|
|t:|1604646852
|move|p1a: Mandibuzz|Defog|p2a: Slowbro
|-unboost|p2a: Slowbro|evasion|1
|-sideend|p1: Draco09876|Spikes|[from] move: Defog|[of] p1a: Mandibuzz
|move|p2a: Slowbro|Future Sight|p1a: Mandibuzz
|-start|p2a: Slowbro|move: Future Sight
|
|upkeep
|turn|39
|
|t:|1604646857
|move|p1a: Mandibuzz|Knock Off|p2a: Slowbro
|-supereffective|p2a: Slowbro
|-damage|p2a: Slowbro|82/100
|move|p2a: Slowbro|Teleport|p2a: Slowbro
|
|t:|1604646867
|switch|p2a: Super ZeoZord I|Clefable, F|100/100|[from]move: Teleport
|
|upkeep
|turn|40
|
|t:|1604646872
|move|p1a: Mandibuzz|Knock Off|p2a: Super ZeoZord I
|-resisted|p2a: Super ZeoZord I
|-damage|p2a: Super ZeoZord I|91/100
|-enditem|p2a: Super ZeoZord I|Leftovers|[from] move: Knock Off|[of] p1a: Mandibuzz
|move|p2a: Super ZeoZord I|Calm Mind|p2a: Super ZeoZord I
|-boost|p2a: Super ZeoZord I|spa|1
|-boost|p2a: Super ZeoZord I|spd|1
|
|-end|p1a: Mandibuzz|move: Future Sight
|-immune|p1a: Mandibuzz
|upkeep
|turn|41
|
|t:|1604646882
|move|p1a: Mandibuzz|Knock Off|p2a: Super ZeoZord I
|-resisted|p2a: Super ZeoZord I
|-damage|p2a: Super ZeoZord I|85/100
|move|p2a: Super ZeoZord I|Moonblast|p1a: Mandibuzz
|-supereffective|p1a: Mandibuzz
|-damage|p1a: Mandibuzz|9/100
|
|upkeep
|turn|42
|
|t:|1604646890
|switch|p1a: Rillaboom|Rillaboom, F|97/100
|-fieldstart|move: Grassy Terrain|[from] ability: Grassy Surge|[of] p1a: Rillaboom
|move|p2a: Super ZeoZord I|Moonblast|p1a: Rillaboom
|-damage|p1a: Rillaboom|30/100
|
|-heal|p1a: Rillaboom|36/100|[from] Grassy Terrain
|-heal|p2a: Super ZeoZord I|91/100|[from] Grassy Terrain
|upkeep
|turn|43
|
|t:|1604646900
|switch|p1a: Landorus|Landorus-Therian, M|73/100
|-ability|p1a: Landorus|Intimidate|boost
|-unboost|p2a: Super ZeoZord I|atk|1
|move|p2a: Super ZeoZord I|Moonblast|p1a: Landorus
|-damage|p1a: Landorus|15/100
|-unboost|p1a: Landorus|spa|1
|
|-heal|p2a: Super ZeoZord I|97/100|[from] Grassy Terrain
|upkeep
|turn|44
|-message|Draco09876 forfeited.
|
|win|usualranger5
|l|☆Draco09876
|raw|Draco09876's rating: 1505 &rarr; <strong>1484</strong><br />(-21 for losing)
|raw|usualranger5's rating: 1485 &rarr; <strong>1506</strong><br />(+21 for winning)
