|j|☆shiawasenostory
|j|☆minimax_ai
|t:|1663305699
|gametype|singles
|player|p1|shiawasenostory|170|1570
|player|p2|minimax_ai|lusamine-nihilego|1582
|teamsize|p1|6
|teamsize|p2|6
|gen|8
|tier|[Gen 8] OU
|rated|
|rule|Sleep Clause Mod: Limit one foe put to sleep
|rule|Species Clause: Limit one of each Pokémon
|rule|OHKO Clause: OHKO moves are banned
|rule|Evasion Items Clause: Evasion items are banned
|rule|Evasion Moves Clause: Evasion moves are banned
|rule|Endless Battle Clause: Forcing endless battles is banned
|rule|HP Percentage Mod: HP is shown in percentages
|rule|Dynamax Clause: You cannot dynamax
|clearpoke
|poke|p1|Rillaboom, M|
|poke|p1|Tornadus-Therian, M|
|poke|p1|Blaziken, F|
|poke|p1|Melmetal|
|poke|p1|Garchomp, M|
|poke|p1|Slowbro, F|
|poke|p2|Rotom-Wash|
|poke|p2|Weavile, F|
|poke|p2|Landorus-Therian, M|
|poke|p2|Heatran, M|
|poke|p2|Tangrowth, F|
|poke|p2|Melmetal|
|teampreview
|c|☆minimax_ai|hf
|inactive|Battle timer is ON: inactive players will automatically lose when time's up. (requested by minimax_ai)
|
|t:|1663305723
|start
|switch|p1a: Garchomp|Garchomp, M|100/100
|switch|p2a: landorustherian|Landorus-Therian, M|100/100
|-ability|p2a: landorustherian|Intimidate|boost
|-unboost|p1a: Garchomp|atk|1
|turn|1
|
|t:|1663305726
|move|p1a: Garchomp|Toxic|p2a: landorustherian
|-status|p2a: landorustherian|tox
|move|p2a: landorustherian|Earthquake|p1a: Garchomp
|-damage|p1a: Garchomp|61/100
|
|-heal|p1a: Garchomp|67/100|[from] item: Leftovers
|-damage|p2a: landorustherian|94/100 tox|[from] psn
|upkeep
|turn|2
|
|t:|1663305734
|move|p1a: Garchomp|Protect|p1a: Garchomp
|-singleturn|p1a: Garchomp|Protect
|move|p2a: landorustherian|Earthquake|p1a: Garchomp
|-activate|p1a: Garchomp|move: Protect
|
|-heal|p1a: Garchomp|73/100|[from] item: Leftovers
|-heal|p2a: landorustherian|100/100 tox|[from] item: Leftovers
|-damage|p2a: landorustherian|88/100 tox|[from] psn
|upkeep
|turn|3
|
|t:|1663305737
|switch|p1a: Tornadus|Tornadus-Therian, M|100/100
|move|p2a: landorustherian|Earthquake|p1a: Tornadus
|-immune|p1a: Tornadus
|
|-heal|p2a: landorustherian|94/100 tox|[from] item: Leftovers
|-damage|p2a: landorustherian|76/100 tox|[from] psn
|upkeep
|turn|4
|
|t:|1663305741
|switch|p2a: rotomwash|Rotom-Wash|100/100
|move|p1a: Tornadus|Knock Off|p2a: rotomwash
|-damage|p2a: rotomwash|80/100
|-enditem|p2a: rotomwash|Leftovers|[from] move: Knock Off|[of] p1a: Tornadus
|
|upkeep
|turn|5
|
|t:|1663305744
|move|p1a: Tornadus|U-turn|p2a: rotomwash
|-damage|p2a: rotomwash|66/100
|
|t:|1663305745
|switch|p1a: Garchomp|Garchomp, M|73/100|[from]move: U-turn
|move|p2a: rotomwash|Hydro Pump|p1a: Garchomp
|-damage|p1a: Garchomp|46/100
|
|-heal|p1a: Garchomp|52/100|[from] item: Leftovers
|upkeep
|turn|6
|
|t:|1663305749
|move|p2a: rotomwash|Hydro Pump|p1a: Garchomp
|-damage|p1a: Garchomp|24/100
|move|p1a: Garchomp|Toxic|p2a: rotomwash
|-status|p2a: rotomwash|tox
|
|-heal|p1a: Garchomp|31/100|[from] item: Leftovers
|-damage|p2a: rotomwash|60/100 tox|[from] psn
|upkeep
|turn|7
|
|t:|1663305751
|move|p1a: Garchomp|Protect|p1a: Garchomp
|-singleturn|p1a: Garchomp|Protect
|move|p2a: rotomwash|Hydro Pump|p1a: Garchomp
|-activate|p1a: Garchomp|move: Protect
|
|-heal|p1a: Garchomp|37/100|[from] item: Leftovers
|-damage|p2a: rotomwash|48/100 tox|[from] psn
|upkeep
|turn|8
|
|t:|1663305755
|switch|p2a: Heatran|Heatran, M|100/100
|-item|p2a: Heatran|Air Balloon
|switch|p1a: Rillaboom|Rillaboom, M|100/100
|-fieldstart|move: Grassy Terrain|[from] ability: Grassy Surge|[of] p1a: Rillaboom
|
|upkeep
|turn|9
|
|t:|1663305760
|switch|p2a: Tangrowth|Tangrowth, F|100/100
|switch|p1a: Slowbro|Slowbro, F|100/100
|
|upkeep
|turn|10
|
|t:|1663305763
|move|p2a: Tangrowth|Sleep Powder|p1a: Slowbro
|-status|p1a: Slowbro|slp|[from] move: Sleep Powder
|cant|p1a: Slowbro|slp
|
|upkeep
|turn|11
|
|t:|1663305769
|switch|p1a: Blaziken|Blaziken, F|100/100
|move|p2a: Tangrowth|Focus Blast|p1a: Blaziken
|-damage|p1a: Blaziken|63/100
|
|-heal|p1a: Blaziken|70/100|[from] Grassy Terrain
|-heal|p1a: Blaziken|76/100|[from] item: Leftovers
|upkeep
|turn|12
|
|t:|1663305771
|move|p1a: Blaziken|Swords Dance|p1a: Blaziken
|-boost|p1a: Blaziken|atk|2
|move|p2a: Tangrowth|Focus Blast|p1a: Blaziken
|-damage|p1a: Blaziken|34/100
|
|-heal|p1a: Blaziken|40/100|[from] Grassy Terrain
|-heal|p1a: Blaziken|46/100|[from] item: Leftovers
|-fieldend|move: Grassy Terrain
|-ability|p1a: Blaziken|Speed Boost|boost
|-boost|p1a: Blaziken|spe|1
|upkeep
|turn|13
|
|t:|1663305775
|move|p1a: Blaziken|Flare Blitz|p2a: Tangrowth
|-supereffective|p2a: Tangrowth
|-damage|p2a: Tangrowth|0 fnt
|-damage|p1a: Blaziken|30/100|[from] item: Rocky Helmet|[of] p2a: Tangrowth
|faint|p2a: Tangrowth
|-damage|p1a: Blaziken|0 fnt|[from] Recoil
|faint|p1a: Blaziken
|
|upkeep
|
|t:|1663305780
|switch|p1a: Melmetal|Melmetal|100/100
|switch|p2a: Melmetal|Melmetal|100/100
|turn|14
|
|t:|1663305786
|switch|p1a: Slowbro|Slowbro, F|100/100 slp
|move|p2a: Melmetal|Double Iron Bash|p1a: Slowbro
|-resisted|p1a: Slowbro
|-damage|p1a: Slowbro|89/100 slp
|-damage|p2a: Melmetal|84/100|[from] item: Rocky Helmet|[of] p1a: Slowbro
|-resisted|p1a: Slowbro
|-damage|p1a: Slowbro|78/100 slp
|-damage|p2a: Melmetal|67/100|[from] item: Rocky Helmet|[of] p1a: Slowbro
|-hitcount|p1a: Slowbro|2
|
|upkeep
|turn|15
|
|t:|1663305792
|switch|p1a: Melmetal|Melmetal|100/100
|move|p2a: Melmetal|Double Iron Bash|p1a: Melmetal
|-resisted|p1a: Melmetal
|-damage|p1a: Melmetal|88/100
|-resisted|p1a: Melmetal
|-damage|p1a: Melmetal|77/100
|-hitcount|p1a: Melmetal|2
|
|-heal|p1a: Melmetal|83/100|[from] item: Leftovers
|upkeep
|turn|16
|
|t:|1663305795
|move|p1a: Melmetal|Protect|p1a: Melmetal
|-singleturn|p1a: Melmetal|Protect
|move|p2a: Melmetal|Double Iron Bash|p1a: Melmetal
|-activate|p1a: Melmetal|move: Protect
|
|-heal|p1a: Melmetal|89/100|[from] item: Leftovers
|upkeep
|turn|17
|
|t:|1663305797
|switch|p1a: Slowbro|Slowbro, F|100/100 slp
|switch|p2a: Heatran|Heatran, M|100/100
|-item|p2a: Heatran|Air Balloon
|
|upkeep
|turn|18
|
|t:|1663305802
|switch|p1a: Tornadus|Tornadus-Therian, M|100/100
|move|p2a: Heatran|Magma Storm|p1a: Tornadus
|-damage|p1a: Tornadus|49/100
|-activate|p1a: Tornadus|move: Magma Storm|[of] p2a: Heatran
|
|-damage|p1a: Tornadus|36/100|[from] move: Magma Storm|[partiallytrapped]
|upkeep
|turn|19
|
|t:|1663305804
|move|p1a: Tornadus|U-turn|p2a: Heatran
|-resisted|p2a: Heatran
|-damage|p2a: Heatran|97/100
|-enditem|p2a: Heatran|Air Balloon
|
|t:|1663305806
|switch|p1a: Garchomp|Garchomp, M|37/100|[from]move: U-turn
|move|p2a: Heatran|Magma Storm|p1a: Garchomp|[miss]
|-miss|p2a: Heatran|p1a: Garchomp
|
|-heal|p1a: Garchomp|43/100|[from] item: Leftovers
|upkeep
|turn|20
|
|t:|1663305808
|switch|p2a: Weavile|Weavile, F|100/100
|-ability|p2a: Weavile|Pressure
|move|p1a: Garchomp|Earthquake|p2a: Weavile
|-damage|p2a: Weavile|29/100
|
|-heal|p1a: Garchomp|49/100|[from] item: Leftovers
|upkeep
|turn|21
|
|t:|1663305814
|switch|p1a: Melmetal|Melmetal|89/100
|move|p2a: Weavile|Ice Shard|p1a: Melmetal
|-resisted|p1a: Melmetal
|-damage|p1a: Melmetal|81/100
|
|-heal|p1a: Melmetal|87/100|[from] item: Leftovers
|upkeep
|turn|22
|
|t:|1663305819
|move|p2a: Weavile|Ice Shard|p1a: Melmetal
|-resisted|p1a: Melmetal
|-damage|p1a: Melmetal|79/100
|move|p1a: Melmetal|Double Iron Bash|p2a: Weavile
|-supereffective|p2a: Weavile
|-damage|p2a: Weavile|0 fnt
|faint|p2a: Weavile
|-hitcount|p2: Weavile|1
|
|-heal|p1a: Melmetal|85/100|[from] item: Leftovers
|upkeep
|
|t:|1663305819
|switch|p2a: Heatran|Heatran, M|97/100
|turn|23
|
|t:|1663305823
|move|p1a: Melmetal|Protect|p1a: Melmetal
|-singleturn|p1a: Melmetal|Protect
|move|p2a: Heatran|Magma Storm|p1a: Melmetal
|-activate|p1a: Melmetal|move: Protect
|
|-heal|p1a: Melmetal|91/100|[from] item: Leftovers
|upkeep
|turn|24
|
|t:|1663305830
|switch|p1a: Garchomp|Garchomp, M|49/100
|move|p2a: Heatran|Eruption|p1a: Garchomp
|-resisted|p1a: Garchomp
|-damage|p1a: Garchomp|25/100
|
|-heal|p1a: Garchomp|31/100|[from] item: Leftovers
|upkeep
|turn|25
|
|t:|1663305839
|move|p1a: Garchomp|Protect|p1a: Garchomp
|-singleturn|p1a: Garchomp|Protect
|move|p2a: Heatran|Eruption|p1a: Garchomp
|-activate|p1a: Garchomp|move: Protect
|
|-heal|p1a: Garchomp|37/100|[from] item: Leftovers
|upkeep
|turn|26
|
|t:|1663305842
|switch|p2a: Melmetal|Melmetal|67/100
|move|p1a: Garchomp|Earthquake|p2a: Melmetal
|-supereffective|p2a: Melmetal
|-damage|p2a: Melmetal|21/100
|
|-heal|p1a: Garchomp|44/100|[from] item: Leftovers
|upkeep
|turn|27
|
|t:|1663305844
|switch|p2a: landorustherian|Landorus-Therian, M|76/100 tox
|-ability|p2a: landorustherian|Intimidate|boost
|-unboost|p1a: Garchomp|atk|1
|move|p1a: Garchomp|Earthquake|p2a: landorustherian
|-immune|p2a: landorustherian
|
|-heal|p1a: Garchomp|50/100|[from] item: Leftovers
|-heal|p2a: landorustherian|82/100 tox|[from] item: Leftovers
|-damage|p2a: landorustherian|76/100 tox|[from] psn
|upkeep
|turn|28
|
|t:|1663305852
|move|p1a: Garchomp|Protect|p1a: Garchomp
|-singleturn|p1a: Garchomp|Protect
|move|p2a: landorustherian|U-turn|p1a: Garchomp
|-activate|p1a: Garchomp|move: Protect
|
|-heal|p1a: Garchomp|56/100|[from] item: Leftovers
|-heal|p2a: landorustherian|82/100 tox|[from] item: Leftovers
|-damage|p2a: landorustherian|70/100 tox|[from] psn
|upkeep
|turn|29
|
|t:|1663305855
|switch|p1a: Tornadus|Tornadus-Therian, M|70/100
|move|p2a: landorustherian|U-turn|p1a: Tornadus
|-resisted|p1a: Tornadus
|-crit|p1a: Tornadus
|-damage|p1a: Tornadus|51/100
|
|t:|1663305855
|switch|p2a: Heatran|Heatran, M|97/100|[from]move: U-turn
|
|upkeep
|turn|30
|
|t:|1663305859
|move|p1a: Tornadus|U-turn|p2a: Heatran
|-resisted|p2a: Heatran
|-damage|p2a: Heatran|93/100
|
|t:|1663305860
|switch|p1a: Slowbro|Slowbro, F|100/100 slp|[from]move: U-turn
|move|p2a: Heatran|Stealth Rock|p1a: Slowbro
|-sidestart|p1: shiawasenostory|move: Stealth Rock
|
|upkeep
|turn|31
|
|t:|1663305864
|move|p2a: Heatran|Magma Storm|p1a: Slowbro
|-resisted|p1a: Slowbro
|-damage|p1a: Slowbro|74/100 slp
|-activate|p1a: Slowbro|move: Magma Storm|[of] p2a: Heatran
|cant|p1a: Slowbro|slp
|
|-damage|p1a: Slowbro|61/100 slp|[from] move: Magma Storm|[partiallytrapped]
|upkeep
|turn|32
|
|t:|1663305866
|move|p2a: Heatran|Magma Storm|p1a: Slowbro
|-resisted|p1a: Slowbro
|-damage|p1a: Slowbro|32/100 slp
|-curestatus|p1a: Slowbro|slp|[msg]
|move|p1a: Slowbro|Teleport|p1a: Slowbro
|
|t:|1663305870
|switch|p1a: Garchomp|Garchomp, M|56/100|[from]move: Teleport
|-damage|p1a: Garchomp|50/100|[from] Stealth Rock
|
|-heal|p1a: Garchomp|56/100|[from] item: Leftovers
|upkeep
|turn|33
|
|t:|1663305877
|switch|p2a: rotomwash|Rotom-Wash|48/100 tox
|move|p1a: Garchomp|Earthquake|p2a: rotomwash
|-immune|p2a: rotomwash|[from] ability: Levitate
|
|-heal|p1a: Garchomp|62/100|[from] item: Leftovers
|-damage|p2a: rotomwash|41/100 tox|[from] psn
|upkeep
|turn|34
|
|t:|1663305881
|move|p1a: Garchomp|Protect|p1a: Garchomp
|-singleturn|p1a: Garchomp|Protect
|move|p2a: rotomwash|Pain Split|p1a: Garchomp
|-activate|p1a: Garchomp|move: Protect
|
|-heal|p1a: Garchomp|69/100|[from] item: Leftovers
|-damage|p2a: rotomwash|29/100 tox|[from] psn
|upkeep
|turn|35
|
|t:|1663305887
|switch|p1a: Tornadus|Tornadus-Therian, M|84/100
|move|p2a: rotomwash|Pain Split|p1a: Tornadus
|-sethp|p1a: Tornadus|54/100|[from] move: Pain Split|[silent]
|-sethp|p2a: rotomwash|64/100 tox|[from] move: Pain Split
|
|-damage|p2a: rotomwash|46/100 tox|[from] psn
|upkeep
|turn|36
|
|t:|1663305890
|switch|p2a: Heatran|Heatran, M|93/100
|move|p1a: Tornadus|Defog|p2a: Heatran
|-unboost|p2a: Heatran|evasion|1
|-sideend|p1: shiawasenostory|Stealth Rock|[from] move: Defog|[of] p1a: Tornadus
|
|upkeep
|turn|37
|
|t:|1663305895
|move|p1a: Tornadus|U-turn|p2a: Heatran
|-resisted|p2a: Heatran
|-damage|p2a: Heatran|90/100
|
|t:|1663305896
|switch|p1a: Garchomp|Garchomp, M|69/100|[from]move: U-turn
|move|p2a: Heatran|Stealth Rock|p1a: Garchomp
|-sidestart|p1: shiawasenostory|move: Stealth Rock
|
|-heal|p1a: Garchomp|75/100|[from] item: Leftovers
|upkeep
|turn|38
|
|t:|1663305903
|switch|p2a: rotomwash|Rotom-Wash|46/100 tox
|switch|p1a: Rillaboom|Rillaboom, M|100/100
|-damage|p1a: Rillaboom|88/100|[from] Stealth Rock
|-fieldstart|move: Grassy Terrain|[from] ability: Grassy Surge|[of] p1a: Rillaboom
|
|-heal|p1a: Rillaboom|94/100|[from] Grassy Terrain
|-heal|p1a: Rillaboom|100/100|[from] item: Leftovers
|-damage|p2a: rotomwash|39/100 tox|[from] psn
|upkeep
|turn|39
|
|t:|1663305909
|move|p2a: rotomwash|Pain Split|p1a: Rillaboom
|-sethp|p1a: Rillaboom|65/100|[from] move: Pain Split|[silent]
|-sethp|p2a: rotomwash|86/100 tox|[from] move: Pain Split
|move|p1a: Rillaboom|Drain Punch|p2a: rotomwash
|-damage|p2a: rotomwash|55/100 tox
|-heal|p1a: Rillaboom|77/100|[from] drain|[of] p2a: rotomwash
|
|-heal|p1a: Rillaboom|83/100|[from] Grassy Terrain
|-heal|p1a: Rillaboom|89/100|[from] item: Leftovers
|-damage|p2a: rotomwash|43/100 tox|[from] psn
|upkeep
|turn|40
|
|t:|1663305913
|switch|p2a: Heatran|Heatran, M|90/100
|move|p1a: Rillaboom|Drain Punch|p2a: Heatran
|-supereffective|p2a: Heatran
|-damage|p2a: Heatran|36/100
|-heal|p1a: Rillaboom|100/100|[from] drain|[of] p2a: Heatran
|
|-heal|p2a: Heatran|42/100|[from] Grassy Terrain
|upkeep
|turn|41
|
|t:|1663305919
|switch|p1a: Garchomp|Garchomp, M|75/100
|-damage|p1a: Garchomp|69/100|[from] Stealth Rock
|move|p2a: Heatran|Magma Storm|p1a: Garchomp
|-resisted|p1a: Garchomp
|-damage|p1a: Garchomp|52/100
|-activate|p1a: Garchomp|move: Magma Storm|[of] p2a: Heatran
|
|-heal|p2a: Heatran|48/100|[from] Grassy Terrain
|-heal|p1a: Garchomp|58/100|[from] Grassy Terrain
|-heal|p1a: Garchomp|64/100|[from] item: Leftovers
|-damage|p1a: Garchomp|52/100|[from] move: Magma Storm|[partiallytrapped]
|upkeep
|turn|42
|
|t:|1663305921
|switch|p2a: landorustherian|Landorus-Therian, M|70/100 tox
|-ability|p2a: landorustherian|Intimidate|boost
|-unboost|p1a: Garchomp|atk|1
|move|p1a: Garchomp|Earthquake|p2a: landorustherian
|-immune|p2a: landorustherian
|
|-heal|p1a: Garchomp|58/100|[from] Grassy Terrain
|-heal|p1a: Garchomp|64/100|[from] item: Leftovers
|-heal|p2a: landorustherian|76/100 tox|[from] item: Leftovers
|-damage|p2a: landorustherian|70/100 tox|[from] psn
|-end|p1a: Garchomp|Magma Storm|[partiallytrapped]|[silent]
|-fieldend|move: Grassy Terrain
|upkeep
|turn|43
|
|t:|1663305927
|move|p1a: Garchomp|Protect|p1a: Garchomp
|-singleturn|p1a: Garchomp|Protect
|move|p2a: landorustherian|Toxic|p1a: Garchomp
|-activate|p1a: Garchomp|move: Protect
|
|-heal|p1a: Garchomp|71/100|[from] item: Leftovers
|-heal|p2a: landorustherian|76/100 tox|[from] item: Leftovers
|-damage|p2a: landorustherian|64/100 tox|[from] psn
|upkeep
|turn|44
|
|t:|1663305930
|switch|p1a: Tornadus|Tornadus-Therian, M|87/100
|move|p2a: landorustherian|U-turn|p1a: Tornadus
|-resisted|p1a: Tornadus
|-damage|p1a: Tornadus|75/100
|
|t:|1663305930
|switch|p2a: Melmetal|Melmetal|21/100|[from]move: U-turn
|
|upkeep
|turn|45
|
|t:|1663305932
|move|p1a: Tornadus|Heat Wave|p2a: Melmetal
|-supereffective|p2a: Melmetal
|-damage|p2a: Melmetal|0 fnt
|faint|p2a: Melmetal
|
|upkeep
|
|t:|1663305932
|switch|p2a: Heatran|Heatran, M|48/100
|turn|46
|
|t:|1663305936
|move|p1a: Tornadus|Defog|p2a: Heatran
|-unboost|p2a: Heatran|evasion|1
|-sideend|p1: shiawasenostory|Stealth Rock|[from] move: Defog|[of] p1a: Tornadus
|move|p2a: Heatran|Magma Storm|p1a: Tornadus
|-damage|p1a: Tornadus|24/100
|-activate|p1a: Tornadus|move: Magma Storm|[of] p2a: Heatran
|
|-damage|p1a: Tornadus|12/100|[from] move: Magma Storm|[partiallytrapped]
|upkeep
|turn|47
|
|t:|1663305939
|move|p1a: Tornadus|Knock Off|p2a: Heatran
|-damage|p2a: Heatran|35/100
|move|p2a: Heatran|Magma Storm|p1a: Tornadus
|-damage|p1a: Tornadus|0 fnt
|faint|p1a: Tornadus
|
|upkeep
|
|t:|1663305944
|switch|p1a: Garchomp|Garchomp, M|71/100
|turn|48
|
|t:|1663305945
|switch|p2a: rotomwash|Rotom-Wash|43/100 tox
|move|p1a: Garchomp|Earthquake|p2a: rotomwash
|-immune|p2a: rotomwash|[from] ability: Levitate
|
|-heal|p1a: Garchomp|77/100|[from] item: Leftovers
|-damage|p2a: rotomwash|36/100 tox|[from] psn
|upkeep
|turn|49
|
|t:|1663305949
|switch|p1a: Rillaboom|Rillaboom, M|100/100
|-fieldstart|move: Grassy Terrain|[from] ability: Grassy Surge|[of] p1a: Rillaboom
|move|p2a: rotomwash|Hydro Pump|p1a: Rillaboom
|-resisted|p1a: Rillaboom
|-damage|p1a: Rillaboom|74/100
|
|-heal|p1a: Rillaboom|80/100|[from] Grassy Terrain
|-heal|p1a: Rillaboom|87/100|[from] item: Leftovers
|-damage|p2a: rotomwash|24/100 tox|[from] psn
|upkeep
|turn|50
|
|t:|1663305955
|move|p1a: Rillaboom|Grassy Glide|p2a: rotomwash
|-supereffective|p2a: rotomwash
|-damage|p2a: rotomwash|0 fnt
|faint|p2a: rotomwash
|
|-heal|p1a: Rillaboom|93/100|[from] Grassy Terrain
|-heal|p1a: Rillaboom|99/100|[from] item: Leftovers
|upkeep
|
|t:|1663305955
|switch|p2a: Heatran|Heatran, M|35/100
|turn|51
|
|t:|1663305960
|switch|p1a: Slowbro|Slowbro, F|65/100
|move|p2a: Heatran|Eruption|p1a: Slowbro
|-resisted|p1a: Slowbro
|-damage|p1a: Slowbro|52/100
|
|-heal|p2a: Heatran|41/100|[from] Grassy Terrain
|-heal|p1a: Slowbro|58/100|[from] Grassy Terrain
|upkeep
|turn|52
|
|t:|1663305962
|move|p2a: Heatran|Earth Power|p1a: Slowbro
|-damage|p1a: Slowbro|24/100
|-unboost|p1a: Slowbro|spd|1
|move|p1a: Slowbro|Scald|p2a: Heatran
|-supereffective|p2a: Heatran
|-damage|p2a: Heatran|0 fnt
|faint|p2a: Heatran
|
|-heal|p1a: Slowbro|30/100|[from] Grassy Terrain
|upkeep
|
|t:|1663305962
|switch|p2a: landorustherian|Landorus-Therian, M|64/100 tox
|-ability|p2a: landorustherian|Intimidate|boost
|-unboost|p1a: Slowbro|atk|1
|turn|53
|
|t:|1663305965
|move|p2a: landorustherian|Defog|p1a: Slowbro
|-unboost|p1a: Slowbro|evasion|1
|-fieldend|move: Grassy Terrain
|move|p1a: Slowbro|Scald|p2a: landorustherian
|-supereffective|p2a: landorustherian
|-crit|p2a: landorustherian
|-damage|p2a: landorustherian|2/100 tox
|
|-heal|p2a: landorustherian|8/100 tox|[from] item: Leftovers
|-damage|p2a: landorustherian|2/100 tox|[from] psn
|upkeep
|turn|54
|
|t:|1663305967
|move|p2a: landorustherian|U-turn|p1a: Slowbro
|-supereffective|p1a: Slowbro
|-crit|p1a: Slowbro
|-damage|p1a: Slowbro|0 fnt
|-damage|p2a: landorustherian|0 fnt|[from] item: Rocky Helmet|[of] p1a: Slowbro
|faint|p1a: Slowbro
|faint|p2a: landorustherian
|
|win|shiawasenostory
|raw|shiawasenostory's rating: 1570 &rarr; <strong>1591</strong><br />(+21 for winning)
|raw|minimax_ai's rating: 1582 &rarr; <strong>1561</strong><br />(-21 for losing)
|c|☆minimax_ai|gg
