|j|☆baloor
|j|☆Kazt_5
|inactive|Battle timer is ON: inactive players will automatically lose when time's up.
|t:|1615349956
|player|p1|baloor|psychic-gen2|
|player|p2|Kazt_5|dawn|
|teamsize|p1|6
|teamsize|p2|6
|gametype|singles
|gen|8
|tier|[Gen 8] OU
|rated|Tournament battle
|clearpoke
|poke|p1|Necrozma|
|poke|p1|Tapu Koko|
|poke|p1|Dragapult, M|
|poke|p1|Klefki, M|
|poke|p1|Moltres-Galar|
|poke|p1|Garchomp, M|
|poke|p2|Dragapult, M|
|poke|p2|Clefable, M|
|poke|p2|Moltres-Galar|
|poke|p2|Heatran, M|
|poke|p2|Landorus-Therian, M|
|poke|p2|Rillaboom, M|
|rule|Sleep Clause Mod: Limit one foe put to sleep
|rule|Species Clause: Limit one of each Pokémon
|rule|OHKO Clause: OHKO moves are banned
|rule|Evasion Moves Clause: Evasion moves are banned
|rule|Endless Battle Clause: Forcing endless battles is banned
|rule|HP Percentage Mod: HP is shown in percentages
|rule|Dynamax Clause: You cannot dynamax
|teampreview
|j| An esis
|j| epsilon_xd
|j| FrozenCold
|
|t:|1615349978
|start
|switch|p1a: Necrozma|Necrozma|100/100
|switch|p2a: Landorus|Landorus-Therian, M|100/100
|-ability|p2a: Landorus|Intimidate|boost
|-unboost|p1a: Necrozma|atk|1
|turn|1
|
|t:|1615349988
|move|p1a: Necrozma|Stealth Rock|p2a: Landorus
|-sidestart|p2: Kazt_5|move: Stealth Rock
|move|p2a: Landorus|Knock Off|p1a: Necrozma
|-supereffective|p1a: Necrozma
|-damage|p1a: Necrozma|57/100
|-enditem|p1a: Necrozma|Power Herb|[from] move: Knock Off|[of] p2a: Landorus
|
|upkeep
|turn|2
|
|t:|1615349993
|move|p1a: Necrozma|Photon Geyser|p2a: Landorus
|-damage|p2a: Landorus|36/100
|move|p2a: Landorus|Defog|p1a: Necrozma
|-unboost|p1a: Necrozma|evasion|1
|-sideend|p2: Kazt_5|Stealth Rock|[from] move: Defog|[of] p2a: Landorus
|
|-heal|p2a: Landorus|42/100|[from] item: Leftovers
|upkeep
|turn|3
|
|t:|1615349999
|switch|p2a: Moltres|Moltres-Galar|100/100
|move|p1a: Necrozma|Stealth Rock|p2a: Moltres
|-sidestart|p2: Kazt_5|move: Stealth Rock
|
|upkeep
|turn|4
|
|t:|1615350009
|switch|p2a: Landorus|Landorus-Therian, M|42/100
|-damage|p2a: Landorus|30/100|[from] Stealth Rock
|-ability|p2a: Landorus|Intimidate|boost
|-unboost|p1a: Necrozma|atk|1
|move|p1a: Necrozma|Meteor Beam||[still]
|-prepare|p1a: Necrozma|Meteor Beam
|-boost|p1a: Necrozma|spa|1
|
|-heal|p2a: Landorus|36/100|[from] item: Leftovers
|upkeep
|turn|5
|n| anesis|anesis
|c| epsilon_xd|goat
|c|☆baloor|either way it was the best thing to click
|inactive|Kazt_5 has 120 seconds left.
|c|☆baloor|lol
|j| d18l
|c| anesis|whats the 4th move
|
|t:|1615350055
|move|p1a: Necrozma|Meteor Beam|p2a: Landorus|[from]lockedmove|[miss]
|-miss|p1a: Necrozma|p2a: Landorus
|move|p2a: Landorus|Earthquake|p1a: Necrozma
|-crit|p1a: Necrozma
|-damage|p1a: Necrozma|0 fnt
|faint|p1a: Necrozma
|
|-heal|p2a: Landorus|42/100|[from] item: Leftovers
|upkeep
|c| anesis|wave?
|c| epsilon_xd|NOO
|c|☆baloor|cringe
|c| anesis|suda just waved
|c|☆Kazt_5|thats another move that doesnt have the right to miss
|c| epsilon_xd|how
|c| epsilon_xd|its a 2 turn move
|c| epsilon_xd|LOL
|inactive|baloor has 120 seconds left.
|
|t:|1615350105
|switch|p1a: Tapu Koko|Tapu Koko|100/100
|-fieldstart|move: Electric Terrain|[from] ability: Electric Surge|[of] p1a: Tapu Koko
|turn|6
|
|t:|1615350112
|switch|p2a: Heatran|Heatran, M|100/100
|-damage|p2a: Heatran|88/100|[from] Stealth Rock
|move|p1a: Tapu Koko|Reflect|p1a: Tapu Koko
|-sidestart|p1: baloor|Reflect
|
|-heal|p2a: Heatran|94/100|[from] item: Leftovers
|upkeep
|turn|7
|
|t:|1615350118
|move|p1a: Tapu Koko|Taunt|p2a: Heatran
|-start|p2a: Heatran|move: Taunt
|move|p2a: Heatran|Magma Storm|p1a: Tapu Koko
|-damage|p1a: Tapu Koko|45/100
|-activate|p1a: Tapu Koko|move: Magma Storm|[of] p2a: Heatran
|
|-heal|p2a: Heatran|100/100|[from] item: Leftovers
|-damage|p1a: Tapu Koko|33/100|[from] move: Magma Storm|[partiallytrapped]
|upkeep
|turn|8
|inactive|Kazt_5 has 120 seconds left.
|
|t:|1615350135
|move|p1a: Tapu Koko|Light Screen|p1a: Tapu Koko
|-sidestart|p1: baloor|move: Light Screen
|move|p2a: Heatran|Magma Storm|p1a: Tapu Koko
|-damage|p1a: Tapu Koko|3/100
|
|-damage|p1a: Tapu Koko|0 fnt|[from] move: Magma Storm|[partiallytrapped]
|faint|p1a: Tapu Koko
|upkeep
|inactive|baloor has 120 seconds left.
|inactive|baloor has 90 seconds left.
|l| anesis
|j| lost again
|inactive|baloor has 60 seconds left.
|
|t:|1615350207
|switch|p1a: Dragapult|Dragapult, M|100/100
|turn|9
|
|t:|1615350211
|switch|p2a: Clefable|Clefable, M|100/100
|move|p1a: Dragapult|Dragon Dance|p1a: Dragapult
|-boost|p1a: Dragapult|atk|1
|-boost|p1a: Dragapult|spe|1
|
|upkeep
|turn|10
|
|t:|1615350214
|switch|p1a: Klefki|Klefki, M|100/100
|move|p2a: Clefable|Calm Mind|p2a: Clefable
|-boost|p2a: Clefable|spa|1
|-boost|p2a: Clefable|spd|1
|
|-fieldend|move: Electric Terrain
|upkeep
|turn|11
|
|t:|1615350218
|switch|p2a: Moltres|Moltres-Galar|100/100
|-damage|p2a: Moltres|76/100|[from] Stealth Rock
|move|p1a: Klefki|Calm Mind|p1a: Klefki
|-boost|p1a: Klefki|spa|1
|-boost|p1a: Klefki|spd|1
|
|-heal|p2a: Moltres|82/100|[from] item: Leftovers
|upkeep
|turn|12
|
|t:|1615350224
|switch|p2a: Heatran|Heatran, M|100/100
|-damage|p2a: Heatran|88/100|[from] Stealth Rock
|move|p1a: Klefki|Calm Mind|p1a: Klefki
|-boost|p1a: Klefki|spa|1
|-boost|p1a: Klefki|spd|1
|
|-heal|p2a: Heatran|94/100|[from] item: Leftovers
|upkeep
|turn|13
|
|t:|1615350227
|move|p2a: Heatran|Magma Storm|p1a: Klefki|[miss]
|-miss|p2a: Heatran|p1a: Klefki
|move|p1a: Klefki|Stored Power|p2a: Heatran
|-resisted|p2a: Heatran
|-damage|p2a: Heatran|77/100
|
|-heal|p2a: Heatran|84/100|[from] item: Leftovers
|-sideend|p1: baloor|Reflect
|upkeep
|turn|14
|c| FrozenCold|god what is this
|c| FrozenCold|stored power keys?
|c| epsilon_xd|minimag
|c|☆baloor|my luck is great rn\
|inactive|baloor has 90 seconds left.
|inactive|baloor has 60 seconds left.
|inactive|Kazt_5 has 120 seconds left.
|
|t:|1615350306
|switch|p2a: Dragapult|Dragapult, M|100/100
|-damage|p2a: Dragapult|88/100|[from] Stealth Rock
|move|p1a: Klefki|Calm Mind|p1a: Klefki
|-boost|p1a: Klefki|spa|1
|-boost|p1a: Klefki|spd|1
|
|-heal|p2a: Dragapult|94/100|[from] item: Leftovers
|upkeep
|turn|15
|
|t:|1615350310
|move|p1a: Klefki|Calm Mind|p1a: Klefki
|-boost|p1a: Klefki|spa|1
|-boost|p1a: Klefki|spd|1
|move|p2a: Dragapult|Thunder Wave|p1a: Klefki
|-status|p1a: Klefki|par
|
|-heal|p2a: Dragapult|99/100|[from] item: Leftovers
|-sideend|p1: baloor|move: Light Screen
|upkeep
|turn|16
|
|t:|1615350314
|cant|p1a: Klefki|par
|move|p2a: Dragapult|U-turn|p1a: Klefki
|-resisted|p1a: Klefki
|-damage|p1a: Klefki|95/100 par
|
|t:|1615350318
|switch|p2a: Landorus|Landorus-Therian, M|42/100|[from]move: U-turn
|-damage|p2a: Landorus|30/100|[from] Stealth Rock
|-ability|p2a: Landorus|Intimidate|boost
|-unboost|p1a: Klefki|atk|1
|
|-heal|p2a: Landorus|36/100|[from] item: Leftovers
|upkeep
|turn|17
|
|t:|1615350320
|move|p1a: Klefki|Iron Defense|p1a: Klefki
|-boost|p1a: Klefki|def|2
|move|p2a: Landorus|Earthquake|p1a: Klefki
|-supereffective|p1a: Klefki
|-damage|p1a: Klefki|40/100 par
|-enditem|p1a: Klefki|Weakness Policy
|-boost|p1a: Klefki|atk|2|[from] item: Weakness Policy
|-boost|p1a: Klefki|spa|2|[from] item: Weakness Policy
|
|-heal|p2a: Landorus|42/100|[from] item: Leftovers
|upkeep
|turn|18
|
|t:|1615350324
|move|p2a: Landorus|Earthquake|p1a: Klefki
|-supereffective|p1a: Klefki
|-damage|p1a: Klefki|0 fnt
|faint|p1a: Klefki
|
|-heal|p2a: Landorus|48/100|[from] item: Leftovers
|upkeep
|inactive|baloor has 90 seconds left.
|
|t:|1615350337
|switch|p1a: Dragapult|Dragapult, M|100/100
|turn|19
|
|t:|1615350342
|switch|p2a: Clefable|Clefable, M|100/100
|move|p1a: Dragapult|Dragon Dance|p1a: Dragapult
|-boost|p1a: Dragapult|atk|1
|-boost|p1a: Dragapult|spe|1
|
|upkeep
|turn|20
|
|t:|1615350344
|move|p1a: Dragapult|Phantom Force||[still]
|-prepare|p1a: Dragapult|Phantom Force
|move|p2a: Clefable|Calm Mind|p2a: Clefable
|-boost|p2a: Clefable|spa|1
|-boost|p2a: Clefable|spd|1
|
|upkeep
|turn|21
|
|t:|1615350347
|move|p1a: Dragapult|Phantom Force|p2a: Clefable|[from]lockedmove
|-damage|p2a: Clefable|65/100
|move|p2a: Clefable|Soft-Boiled|p2a: Clefable
|-heal|p2a: Clefable|100/100
|
|upkeep
|turn|22
|
|t:|1615350352
|move|p1a: Dragapult|Dragon Dance|p1a: Dragapult
|-boost|p1a: Dragapult|atk|1
|-boost|p1a: Dragapult|spe|1
|move|p2a: Clefable|Calm Mind|p2a: Clefable
|-boost|p2a: Clefable|spa|1
|-boost|p2a: Clefable|spd|1
|
|upkeep
|turn|23
|
|t:|1615350355
|move|p1a: Dragapult|Phantom Force||[still]
|-prepare|p1a: Dragapult|Phantom Force
|move|p2a: Clefable|Calm Mind|p2a: Clefable
|-boost|p2a: Clefable|spa|1
|-boost|p2a: Clefable|spd|1
|
|upkeep
|turn|24
|
|t:|1615350358
|move|p1a: Dragapult|Phantom Force|p2a: Clefable|[from]lockedmove
|-damage|p2a: Clefable|60/100
|move|p2a: Clefable|Soft-Boiled|p2a: Clefable
|-heal|p2a: Clefable|100/100
|
|upkeep
|turn|25
|c|☆Kazt_5|gg
|c|☆baloor|yeah I love getting lucked
|c|☆baloor|nah
|-message|baloor forfeited.
|
|win|Kazt_5
|n|☆baloor|baloor
|n|☆Kazt_5|kazt5
|n| epsilon_xd|epsilonxd
|n| FrozenCold|frozencold
|n| d18l|d18l
|n| lost again|lostagain
|l| FrozenCold
|c|☆Kazt_5|boo hoo
|l|☆baloor
|l|☆Kazt_5
|l| epsilon_xd
