|j|☆p5666ycho
|j|☆Lucians Call
|t:|1665004509
|gametype|singles
|player|p1|p5666ycho|brycenman|1364
|player|p2|Lucians Call|furisodegirl-blue|1381
|teamsize|p1|6
|teamsize|p2|6
|gen|8
|tier|[Gen 8] OU
|rated|
|rule|Sleep Clause Mod: Limit one foe put to sleep
|rule|Species Clause: Limit one of each Pokémon
|rule|OHKO Clause: OHKO moves are banned
|rule|Evasion Items Clause: Evasion items are banned
|rule|Evasion Moves Clause: Evasion moves are banned
|rule|Endless Battle Clause: Forcing endless battles is banned
|rule|HP Percentage Mod: HP is shown in percentages
|rule|Dynamax Clause: You cannot dynamax
|clearpoke
|poke|p1|Ferrothorn, M|
|poke|p1|Clefable, F|
|poke|p1|Dragonite, M|
|poke|p1|Reuniclus, F|
|poke|p1|Excadrill, M|
|poke|p1|Toxapex, F|
|poke|p2|Dragapult, M|
|poke|p2|Kartana|
|poke|p2|Volcarona, F|
|poke|p2|Buzzwole|
|poke|p2|Hatterene, F|
|poke|p2|Landorus-Therian, M|
|teampreview
|j| Misterioussaint
|j| BTLT333 YsK
|inactive|Battle timer is ON: inactive players will automatically lose when time's up. (requested by Lucians Call)
|
|t:|1665004540
|start
|switch|p1a: Ferrothorn|Ferrothorn, M|100/100
|switch|p2a: Landorus|Landorus-Therian, M|100/100
|-ability|p2a: Landorus|Intimidate|boost
|-unboost|p1a: Ferrothorn|atk|1
|turn|1
|
|t:|1665004546
|move|p2a: Landorus|Stealth Rock|p1a: Ferrothorn
|-sidestart|p1: p5666ycho|move: Stealth Rock
|move|p1a: Ferrothorn|Leech Seed|p2a: Landorus
|-start|p2a: Landorus|move: Leech Seed
|
|-damage|p2a: Landorus|88/100|[from] Leech Seed|[of] p1a: Ferrothorn
|upkeep
|turn|2
|
|t:|1665004552
|move|p2a: Landorus|U-turn|p1a: Ferrothorn
|-damage|p1a: Ferrothorn|85/100
|-damage|p2a: Landorus|76/100|[from] ability: Iron Barbs|[of] p1a: Ferrothorn
|
|t:|1665004559
|switch|p2a: Hatterene|Hatterene, F|100/100|[from]move: U-turn
|move|p1a: Ferrothorn|Substitute|p1a: Ferrothorn
|-start|p1a: Ferrothorn|Substitute
|-damage|p1a: Ferrothorn|60/100
|
|-heal|p1a: Ferrothorn|66/100|[from] item: Leftovers
|upkeep
|turn|3
|
|t:|1665004568
|move|p1a: Ferrothorn|Iron Head|p2a: Hatterene
|-supereffective|p2a: Hatterene
|-damage|p2a: Hatterene|59/100
|move|p2a: Hatterene|Mystical Fire|p1a: Ferrothorn
|-supereffective|p1a: Ferrothorn
|-end|p1a: Ferrothorn|Substitute
|
|-heal|p1a: Ferrothorn|73/100|[from] item: Leftovers
|upkeep
|turn|4
|inactive|p5666ycho has 120 seconds left.
|
|t:|1665004601
|switch|p1a: Clefable|Clefable, F|100/100
|-damage|p1a: Clefable|88/100|[from] Stealth Rock
|move|p2a: Hatterene|Mystical Fire|p1a: Clefable
|-damage|p1a: Clefable|61/100
|-unboost|p1a: Clefable|spa|1
|
|upkeep
|turn|5
|
|t:|1665004606
|move|p1a: Clefable|Trick|p2a: Hatterene
|-activate|p1a: Clefable|move: Trick|[of] p2a: Hatterene
|-item|p2a: Hatterene|Choice Scarf|[from] move: Trick
|-item|p1a: Clefable|Assault Vest|[from] move: Trick
|move|p2a: Hatterene|Nuzzle|p1a: Clefable
|-damage|p1a: Clefable|58/100
|-status|p1a: Clefable|par
|
|upkeep
|turn|6
|
|t:|1665004624
|switch|p2a: Kartana|Kartana|100/100
|move|p1a: Clefable|Moonblast|p2a: Kartana
|-resisted|p2a: Kartana
|-damage|p2a: Kartana|68/100
|-unboost|p2a: Kartana|spa|1
|
|upkeep
|turn|7
|c| BTLT333 YsK|yo psycho, you mind shaing your paste?
|
|t:|1665004636
|switch|p1a: Toxapex|Toxapex, F|100/100
|-damage|p1a: Toxapex|88/100|[from] Stealth Rock
|move|p2a: Kartana|Knock Off|p1a: Toxapex
|-damage|p1a: Toxapex|50/100
|-damage|p2a: Kartana|51/100|[from] item: Rocky Helmet|[of] p1a: Toxapex
|-enditem|p1a: Toxapex|Rocky Helmet|[from] move: Knock Off|[of] p2a: Kartana
|
|upkeep
|turn|8
|c| BTLT333 YsK|team looks fire
|
|t:|1665004642
|switch|p2a: Hatterene|Hatterene, F|59/100
|move|p1a: Toxapex|Recover|p1a: Toxapex
|-heal|p1a: Toxapex|99/100
|
|upkeep
|turn|9
|
|t:|1665004654
|move|p2a: Hatterene|Mystical Fire|p1a: Toxapex
|-resisted|p1a: Toxapex
|-damage|p1a: Toxapex|88/100
|-unboost|p1a: Toxapex|spa|1
|move|p1a: Toxapex|Knock Off|p2a: Hatterene
|-damage|p2a: Hatterene|42/100
|-enditem|p2a: Hatterene|Choice Scarf|[from] move: Knock Off|[of] p1a: Toxapex
|
|upkeep
|turn|10
|
|t:|1665004663
|move|p1a: Toxapex|Knock Off|p2a: Hatterene
|-damage|p2a: Hatterene|30/100
|move|p2a: Hatterene|Psyshock|p1a: Toxapex
|-supereffective|p1a: Toxapex
|-damage|p1a: Toxapex|28/100
|
|upkeep
|turn|11
|
|t:|1665004680
|switch|p1a: Clefable|Clefable, F|58/100 par
|-damage|p1a: Clefable|45/100 par|[from] Stealth Rock
|move|p2a: Hatterene|Mystical Fire|p1a: Clefable
|-damage|p1a: Clefable|25/100 par
|-unboost|p1a: Clefable|spa|1
|
|upkeep
|turn|12
|
|t:|1665004686
|move|p2a: Hatterene|Draining Kiss|p1a: Clefable
|-damage|p1a: Clefable|6/100 par
|-heal|p2a: Hatterene|47/100|[from] drain|[of] p1a: Clefable
|move|p1a: Clefable|Moonblast|p2a: Hatterene
|-damage|p2a: Hatterene|27/100
|
|upkeep
|turn|13
|
|t:|1665004694
|move|p2a: Hatterene|Draining Kiss|p1a: Clefable
|-damage|p1a: Clefable|0 fnt
|-heal|p2a: Hatterene|32/100|[from] drain|[of] p1a: Clefable
|faint|p1a: Clefable
|
|upkeep
|
|t:|1665004717
|switch|p1a: Excadrill|Excadrill, M|100/100
|-damage|p1a: Excadrill|97/100|[from] Stealth Rock
|-ability|p1a: Excadrill|Mold Breaker
|turn|14
|
|t:|1665004723
|switch|p2a: Landorus|Landorus-Therian, M|76/100
|-ability|p2a: Landorus|Intimidate|boost
|-unboost|p1a: Excadrill|atk|1
|move|p1a: Excadrill|Earthquake|p2a: Landorus
|-immune|p2a: Landorus
|
|-heal|p1a: Excadrill|100/100|[from] item: Leftovers
|-heal|p2a: Landorus|82/100|[from] item: Leftovers
|upkeep
|turn|15
|
|t:|1665004731
|switch|p1a: Dragonite|Dragonite, M|100/100
|move|p2a: Landorus|Earthquake|p1a: Dragonite
|-immune|p1a: Dragonite
|
|-heal|p2a: Landorus|88/100|[from] item: Leftovers
|upkeep
|turn|16
|
|t:|1665004740
|move|p2a: Landorus|U-turn|p1a: Dragonite
|-resisted|p1a: Dragonite
|-damage|p1a: Dragonite|97/100
|
|t:|1665004744
|switch|p2a: Buzzwole|Buzzwole|100/100|[from]move: U-turn
|move|p1a: Dragonite|Dragon Dance|p1a: Dragonite
|-boost|p1a: Dragonite|atk|1
|-boost|p1a: Dragonite|spe|1
|
|upkeep
|turn|17
|
|t:|1665004753
|move|p1a: Dragonite|Dual Wingbeat|p2a: Buzzwole
|-supereffective|p2a: Buzzwole
|-damage|p2a: Buzzwole|40/100
|-supereffective|p2a: Buzzwole
|-damage|p2a: Buzzwole|0 fnt
|faint|p2a: Buzzwole
|-hitcount|p2: Buzzwole|2
|
|upkeep
|
|t:|1665004778
|switch|p2a: Dragapult|Dragapult, M|100/100
|turn|18
|
|t:|1665004807
|switch|p2a: Landorus|Landorus-Therian, M|88/100
|-ability|p2a: Landorus|Intimidate|boost
|-unboost|p1a: Dragonite|atk|1
|switch|p1a: Reuniclus|Reuniclus, F|100/100
|
|-heal|p2a: Landorus|94/100|[from] item: Leftovers
|upkeep
|turn|19
|
|t:|1665004817
|move|p2a: Landorus|U-turn|p1a: Reuniclus
|-supereffective|p1a: Reuniclus
|-damage|p1a: Reuniclus|67/100
|-enditem|p1a: Reuniclus|Kee Berry|[eat]
|-boost|p1a: Reuniclus|def|1|[from] item: Kee Berry
|
|t:|1665004831
|switch|p2a: Dragapult|Dragapult, M|100/100|[from]move: U-turn
|move|p1a: Reuniclus|Acid Armor|p1a: Reuniclus
|-boost|p1a: Reuniclus|def|2
|
|upkeep
|turn|20
|
|t:|1665004846
|move|p2a: Dragapult|Shadow Ball|p1a: Reuniclus
|-supereffective|p1a: Reuniclus
|-damage|p1a: Reuniclus|0 fnt
|faint|p1a: Reuniclus
|
|upkeep
|
|t:|1665004855
|switch|p1a: Dragonite|Dragonite, M|97/100
|turn|21
|
|t:|1665004859
|move|p2a: Dragapult|Shadow Ball|p1a: Dragonite
|-damage|p1a: Dragonite|63/100
|move|p1a: Dragonite|Dragon Dance|p1a: Dragonite
|-boost|p1a: Dragonite|atk|1
|-boost|p1a: Dragonite|spe|1
|
|upkeep
|turn|22
|
|t:|1665004862
|move|p2a: Dragapult|Shadow Ball|p1a: Dragonite
|-damage|p1a: Dragonite|32/100
|move|p1a: Dragonite|Dragon Dance|p1a: Dragonite
|-boost|p1a: Dragonite|atk|1
|-boost|p1a: Dragonite|spe|1
|
|upkeep
|turn|23
|
|t:|1665004869
|move|p1a: Dragonite|Roost|p1a: Dragonite
|-heal|p1a: Dragonite|82/100
|-singleturn|p1a: Dragonite|move: Roost
|move|p2a: Dragapult|Shadow Ball|p1a: Dragonite
|-damage|p1a: Dragonite|52/100
|
|upkeep
|turn|24
|
|t:|1665004879
|move|p1a: Dragonite|Dragon Dance|p1a: Dragonite
|-boost|p1a: Dragonite|atk|1
|-boost|p1a: Dragonite|spe|1
|move|p2a: Dragapult|Shadow Ball|p1a: Dragonite
|-damage|p1a: Dragonite|23/100
|
|upkeep
|turn|25
|
|t:|1665004885
|move|p1a: Dragonite|Roost|p1a: Dragonite
|-heal|p1a: Dragonite|73/100
|-singleturn|p1a: Dragonite|move: Roost
|move|p2a: Dragapult|Thunder|p1a: Dragonite
|-resisted|p1a: Dragonite
|-damage|p1a: Dragonite|59/100
|
|upkeep
|turn|26
|
|t:|1665004898
|move|p1a: Dragonite|Dual Wingbeat|p2a: Dragapult
|-damage|p2a: Dragapult|38/100
|-damage|p2a: Dragapult|0 fnt
|faint|p2a: Dragapult
|-hitcount|p2: Dragapult|2
|
|upkeep
|
|t:|1665004907
|switch|p2a: Kartana|Kartana|51/100
|turn|27
|
|t:|1665004913
|move|p1a: Dragonite|Dual Wingbeat|p2a: Kartana|[miss]
|-miss|p1a: Dragonite|p2a: Kartana
|move|p2a: Kartana|Smart Strike|p1a: Dragonite
|-damage|p1a: Dragonite|10/100
|
|upkeep
|turn|28
|
|t:|1665004925
|move|p1a: Dragonite|Dual Wingbeat|p2a: Kartana
|-damage|p2a: Kartana|7/100
|-damage|p2a: Kartana|0 fnt
|faint|p2a: Kartana
|-hitcount|p2: Kartana|2
|
|upkeep
|
|t:|1665004939
|switch|p2a: Hatterene|Hatterene, F|32/100
|turn|29
|
|t:|1665004947
|move|p1a: Dragonite|Dual Wingbeat|p2a: Hatterene
|-damage|p2a: Hatterene|0 fnt
|faint|p2a: Hatterene
|-hitcount|p2: Hatterene|1
|
|upkeep
|
|t:|1665004951
|switch|p2a: Volcarona|Volcarona, F|100/100
|turn|30
|
|t:|1665004955
|move|p1a: Dragonite|Dual Wingbeat|p2a: Volcarona
|-supereffective|p2a: Volcarona
|-crit|p2a: Volcarona
|-damage|p2a: Volcarona|0 fnt
|faint|p2a: Volcarona
|-hitcount|p2: Volcarona|1
|
|upkeep
|-message|Lucians Call forfeited.
|
|win|p5666ycho
|raw|p5666ycho's rating: 1364 &rarr; <strong>1385</strong><br />(+21 for winning)
|raw|Lucians Call's rating: 1381 &rarr; <strong>1360</strong><br />(-21 for losing)
|l|☆Lucians Call
||Ladder isn't responding, score probably updated but might not have (Request timeout).
