|j|☆Elite4Donovan
|j|☆bobertsmalls
|t:|1652999155
|gametype|singles
|player|p1|Elite4Donovan|lucas|1795
|player|p2|bobertsmalls|1|1708
|teamsize|p1|6
|teamsize|p2|6
|gen|8
|tier|[Gen 8] OU
|rated|
|rule|Sleep Clause Mod: Limit one foe put to sleep
|rule|Species Clause: Limit one of each Pokémon
|rule|OHKO Clause: OHKO moves are banned
|rule|Evasion Moves Clause: Evasion moves are banned
|rule|Endless Battle Clause: Forcing endless battles is banned
|rule|HP Percentage Mod: HP is shown in percentages
|rule|Dynamax Clause: You cannot dynamax
|clearpoke
|poke|p1|Regidrago|
|poke|p1|Weavile, M|
|poke|p1|Magnezone|
|poke|p1|Garchomp, M|
|poke|p1|Corviknight, F|
|poke|p1|Tapu Fini|
|poke|p2|Weavile, M|
|poke|p2|Latios, M|
|poke|p2|Landorus-Therian, M|
|poke|p2|Dragapult, F|
|poke|p2|Ninetales-Alola, F|
|poke|p2|Volcarona, F|
|teampreview
|
|t:|1652999168
|start
|switch|p1a: Weavile|Weavile, M|100/100
|switch|p2a: Ninetales|Ninetales-Alola, F|100/100
|-ability|p1a: Weavile|Pressure
|-weather|Hail|[from] ability: Snow Warning|[of] p2a: Ninetales
|turn|1
|
|t:|1652999171
|move|p1a: Weavile|Poison Jab|p2a: Ninetales
|-supereffective|p2a: Ninetales
|-damage|p2a: Ninetales|0 fnt
|faint|p2a: Ninetales
|
|-weather|Hail|[upkeep]
|upkeep
|
|t:|1652999174
|switch|p2a: Landorus|Landorus-Therian, M|100/100
|-ability|p2a: Landorus|Intimidate|boost
|-unboost|p1a: Weavile|atk|1
|turn|2
|
|t:|1652999177
|switch|p1a: Corviknight|Corviknight, F|100/100
|-ability|p1a: Corviknight|Pressure
|move|p2a: Landorus|Stealth Rock|p1a: Corviknight
|-sidestart|p1: Elite4Donovan|move: Stealth Rock
|
|-weather|Hail|[upkeep]
|-damage|p2a: Landorus|95/100|[from] Hail
|-damage|p1a: Corviknight|94/100|[from] Hail
|upkeep
|turn|3
|
|t:|1652999179
|move|p2a: Landorus|Swords Dance|p2a: Landorus
|-boost|p2a: Landorus|atk|2
|move|p1a: Corviknight|Defog|p2a: Landorus
|-unboost|p2a: Landorus|evasion|1
|-sideend|p1: Elite4Donovan|Stealth Rock|[from] move: Defog|[of] p1a: Corviknight
|
|-weather|Hail|[upkeep]
|-damage|p2a: Landorus|89/100|[from] Hail
|-damage|p1a: Corviknight|88/100|[from] Hail
|upkeep
|turn|4
|
|t:|1652999191
|move|p2a: Landorus|Stealth Rock|p1a: Corviknight
|-sidestart|p1: Elite4Donovan|move: Stealth Rock
|move|p1a: Corviknight|Defog|p2a: Landorus
|-unboost|p2a: Landorus|evasion|1
|-sideend|p1: Elite4Donovan|Stealth Rock|[from] move: Defog|[of] p1a: Corviknight
|
|-weather|Hail|[upkeep]
|-damage|p2a: Landorus|83/100|[from] Hail
|-damage|p1a: Corviknight|82/100|[from] Hail
|upkeep
|turn|5
|
|t:|1652999199
|move|p2a: Landorus|Swords Dance|p2a: Landorus
|-boost|p2a: Landorus|atk|2
|move|p1a: Corviknight|Defog|p2a: Landorus
|-unboost|p2a: Landorus|evasion|1
|
|-weather|none
|upkeep
|turn|6
|
|t:|1652999202
|move|p2a: Landorus|Stealth Rock|p1a: Corviknight
|-sidestart|p1: Elite4Donovan|move: Stealth Rock
|move|p1a: Corviknight|Defog|p2a: Landorus
|-unboost|p2a: Landorus|evasion|1
|-sideend|p1: Elite4Donovan|Stealth Rock|[from] move: Defog|[of] p1a: Corviknight
|
|upkeep
|turn|7
|
|t:|1652999205
|move|p2a: Landorus|Stealth Rock|p1a: Corviknight
|-sidestart|p1: Elite4Donovan|move: Stealth Rock
|move|p1a: Corviknight|Defog|p2a: Landorus
|-unboost|p2a: Landorus|evasion|1
|-sideend|p1: Elite4Donovan|Stealth Rock|[from] move: Defog|[of] p1a: Corviknight
|
|upkeep
|turn|8
|
|t:|1652999207
|move|p2a: Landorus|Stealth Rock|p1a: Corviknight
|-sidestart|p1: Elite4Donovan|move: Stealth Rock
|move|p1a: Corviknight|Defog|p2a: Landorus
|-unboost|p2a: Landorus|evasion|1
|-sideend|p1: Elite4Donovan|Stealth Rock|[from] move: Defog|[of] p1a: Corviknight
|
|upkeep
|turn|9
|
|t:|1652999210
|move|p2a: Landorus|Stealth Rock|p1a: Corviknight
|-sidestart|p1: Elite4Donovan|move: Stealth Rock
|move|p1a: Corviknight|Defog|p2a: Landorus
|-unboost|p2a: Landorus|evasion|0
|-sideend|p1: Elite4Donovan|Stealth Rock|[from] move: Defog|[of] p1a: Corviknight
|
|upkeep
|turn|10
|
|t:|1652999213
|move|p2a: Landorus|Stealth Rock|p1a: Corviknight
|-sidestart|p1: Elite4Donovan|move: Stealth Rock
|move|p1a: Corviknight|Defog|p2a: Landorus
|-unboost|p2a: Landorus|evasion|0
|-sideend|p1: Elite4Donovan|Stealth Rock|[from] move: Defog|[of] p1a: Corviknight
|
|upkeep
|turn|11
|
|t:|1652999217
|move|p2a: Landorus|Stealth Rock|p1a: Corviknight
|-sidestart|p1: Elite4Donovan|move: Stealth Rock
|move|p1a: Corviknight|Defog|p2a: Landorus
|-unboost|p2a: Landorus|evasion|0
|-sideend|p1: Elite4Donovan|Stealth Rock|[from] move: Defog|[of] p1a: Corviknight
|
|upkeep
|turn|12
|
|t:|1652999223
|move|p2a: Landorus|Stealth Rock|p1a: Corviknight
|-sidestart|p1: Elite4Donovan|move: Stealth Rock
|move|p1a: Corviknight|Defog|p2a: Landorus
|-unboost|p2a: Landorus|evasion|0
|-sideend|p1: Elite4Donovan|Stealth Rock|[from] move: Defog|[of] p1a: Corviknight
|
|upkeep
|turn|13
|
|t:|1652999226
|move|p2a: Landorus|Stealth Rock|p1a: Corviknight
|-sidestart|p1: Elite4Donovan|move: Stealth Rock
|move|p1a: Corviknight|Defog|p2a: Landorus
|-unboost|p2a: Landorus|evasion|0
|-sideend|p1: Elite4Donovan|Stealth Rock|[from] move: Defog|[of] p1a: Corviknight
|
|upkeep
|turn|14
|
|t:|1652999236
|move|p2a: Landorus|Stealth Rock|p1a: Corviknight
|-sidestart|p1: Elite4Donovan|move: Stealth Rock
|move|p1a: Corviknight|Defog|p2a: Landorus
|-unboost|p2a: Landorus|evasion|0
|-sideend|p1: Elite4Donovan|Stealth Rock|[from] move: Defog|[of] p1a: Corviknight
|
|upkeep
|turn|15
|
|t:|1652999241
|move|p2a: Landorus|Swords Dance|p2a: Landorus
|-boost|p2a: Landorus|atk|2
|move|p1a: Corviknight|Defog||[still]
|-unboost|p2a: Landorus|evasion|0
|-fail|p1a: Corviknight
|
|upkeep
|turn|16
|
|t:|1652999245
|move|p2a: Landorus|Earthquake|p1a: Corviknight
|-immune|p1a: Corviknight
|move|p1a: Corviknight|Defog||[still]
|-unboost|p2a: Landorus|evasion|0
|-fail|p1a: Corviknight
|
|upkeep
|turn|17
|
|t:|1652999251
|move|p2a: Landorus|Earthquake|p1a: Corviknight
|-immune|p1a: Corviknight
|move|p1a: Corviknight|U-turn|p2a: Landorus
|-resisted|p2a: Landorus
|-damage|p2a: Landorus|75/100
|
|t:|1652999253
|switch|p1a: Regidrago|Regidrago|100/100|[from]move: U-turn
|
|upkeep
|turn|18
|
|t:|1652999258
|move|p1a: Regidrago|Dragon Energy|p2a: Landorus
|-damage|p2a: Landorus|0 fnt
|faint|p2a: Landorus
|
|upkeep
|
|t:|1652999263
|switch|p2a: Weavile|Weavile, M|100/100
|-ability|p2a: Weavile|Pressure
|turn|19
|
|t:|1652999266
|switch|p1a: Corviknight|Corviknight, F|82/100
|-ability|p1a: Corviknight|Pressure
|move|p2a: Weavile|Ice Shard|p1a: Corviknight
|-damage|p1a: Corviknight|68/100
|
|upkeep
|turn|20
|
|t:|1652999269
|move|p2a: Weavile|Swords Dance|p2a: Weavile
|-boost|p2a: Weavile|atk|2
|move|p1a: Corviknight|U-turn|p2a: Weavile
|-supereffective|p2a: Weavile
|-damage|p2a: Weavile|49/100
|
|t:|1652999277
|switch|p1a: Weavile|Weavile, M|100/100|[from]move: U-turn
|-ability|p1a: Weavile|Pressure
|
|upkeep
|turn|21
|
|t:|1652999282
|move|p2a: Weavile|Triple Axel|p1a: Weavile
|-resisted|p1a: Weavile
|-damage|p1a: Weavile|83/100
|-resisted|p1a: Weavile
|-damage|p1a: Weavile|47/100
|-resisted|p1a: Weavile
|-damage|p1a: Weavile|0 fnt
|faint|p1a: Weavile
|-hitcount|p1: Weavile|3
|
|upkeep
|
|t:|1652999290
|switch|p1a: Magnezone|Magnezone|100/100
|turn|22
|
|t:|1652999295
|move|p2a: Weavile|Knock Off|p1a: Magnezone
|-damage|p1a: Magnezone|19/100
|-enditem|p1a: Magnezone|Leftovers|[from] move: Knock Off|[of] p2a: Weavile
|move|p1a: Magnezone|Body Press|p2a: Weavile
|-supereffective|p2a: Weavile
|-damage|p2a: Weavile|0 fnt
|faint|p2a: Weavile
|
|upkeep
|
|t:|1652999303
|switch|p2a: Dragapult|Dragapult, F|100/100
|turn|23
|
|t:|1652999305
|move|p2a: Dragapult|Dragon Dance|p2a: Dragapult
|-boost|p2a: Dragapult|atk|1
|-boost|p2a: Dragapult|spe|1
|move|p1a: Magnezone|Flash Cannon|p2a: Dragapult
|-crit|p2a: Dragapult
|-damage|p2a: Dragapult|24/100
|
|upkeep
|turn|24
|
|t:|1652999315
|switch|p1a: Corviknight|Corviknight, F|68/100
|-ability|p1a: Corviknight|Pressure
|move|p2a: Dragapult|Dragon Darts|p1a: Corviknight
|-resisted|p1a: Corviknight
|-damage|p1a: Corviknight|56/100
|-anim|p2a: Dragapult|Dragon Darts|p1a: Corviknight
|-resisted|p1a: Corviknight
|-damage|p1a: Corviknight|44/100
|
|upkeep
|turn|25
|
|t:|1652999321
|move|p2a: Dragapult|Phantom Force||[still]
|-prepare|p2a: Dragapult|Phantom Force
|move|p1a: Corviknight|Roost|p1a: Corviknight
|-heal|p1a: Corviknight|94/100
|-singleturn|p1a: Corviknight|move: Roost
|
|upkeep
|turn|26
|
|t:|1652999324
|move|p2a: Dragapult|Phantom Force|p1a: Corviknight|[from]lockedmove
|-damage|p1a: Corviknight|51/100
|move|p1a: Corviknight|Roost|p1a: Corviknight
|-heal|p1a: Corviknight|100/100
|-singleturn|p1a: Corviknight|move: Roost
|
|upkeep
|turn|27
|
|t:|1652999330
|move|p2a: Dragapult|Dragon Dance|p2a: Dragapult
|-boost|p2a: Dragapult|atk|1
|-boost|p2a: Dragapult|spe|1
|move|p1a: Corviknight|U-turn|p2a: Dragapult
|-resisted|p2a: Dragapult
|-damage|p2a: Dragapult|15/100
|
|t:|1652999335
|switch|p1a: Magnezone|Magnezone|19/100|[from]move: U-turn
|
|upkeep
|turn|28
|
|t:|1652999338
|move|p2a: Dragapult|Dragon Darts|p1a: Magnezone
|-resisted|p1a: Magnezone
|-damage|p1a: Magnezone|0 fnt
|faint|p1a: Magnezone
|
|upkeep
|
|t:|1652999339
|switch|p1a: Corviknight|Corviknight, F|100/100
|-ability|p1a: Corviknight|Pressure
|turn|29
|
|t:|1652999341
|move|p2a: Dragapult|Dragon Dance|p2a: Dragapult
|-boost|p2a: Dragapult|atk|1
|-boost|p2a: Dragapult|spe|1
|move|p1a: Corviknight|U-turn|p2a: Dragapult
|-resisted|p2a: Dragapult
|-damage|p2a: Dragapult|4/100
|
|t:|1652999343
|switch|p1a: Garchomp|Garchomp, M|100/100|[from]move: U-turn
|
|upkeep
|turn|30
|
|t:|1652999347
|switch|p1a: Corviknight|Corviknight, F|100/100
|-ability|p1a: Corviknight|Pressure
|move|p2a: Dragapult|Dragon Darts|p1a: Corviknight
|-resisted|p1a: Corviknight
|-damage|p1a: Corviknight|79/100
|-anim|p2a: Dragapult|Dragon Darts|p1a: Corviknight
|-resisted|p1a: Corviknight
|-damage|p1a: Corviknight|59/100
|
|upkeep
|turn|31
|
|t:|1652999365
|move|p2a: Dragapult|Dragon Darts|p1a: Corviknight
|-resisted|p1a: Corviknight
|-damage|p1a: Corviknight|38/100
|-anim|p2a: Dragapult|Dragon Darts|p1a: Corviknight
|-resisted|p1a: Corviknight
|-damage|p1a: Corviknight|18/100
|move|p1a: Corviknight|Roost|p1a: Corviknight
|-heal|p1a: Corviknight|68/100
|-singleturn|p1a: Corviknight|move: Roost
|
|upkeep
|turn|32
|
|t:|1652999376
|move|p2a: Dragapult|Dragon Darts|p1a: Corviknight
|-resisted|p1a: Corviknight
|-damage|p1a: Corviknight|48/100
|-anim|p2a: Dragapult|Dragon Darts|p1a: Corviknight
|-resisted|p1a: Corviknight
|-damage|p1a: Corviknight|28/100
|move|p1a: Corviknight|U-turn|p2a: Dragapult
|-resisted|p2a: Dragapult
|-damage|p2a: Dragapult|0 fnt
|faint|p2a: Dragapult
|
|t:|1652999380
|switch|p1a: Regidrago|Regidrago|100/100|[from]move: U-turn
|
|upkeep
|
|t:|1652999386
|switch|p2a: Volcarona|Volcarona, F|100/100
|turn|33
|
|t:|1652999389
|move|p1a: Regidrago|Dragon Energy|p2a: Volcarona
|-damage|p2a: Volcarona|20/100
|move|p2a: Volcarona|Quiver Dance|p2a: Volcarona
|-boost|p2a: Volcarona|spa|1
|-boost|p2a: Volcarona|spd|1
|-boost|p2a: Volcarona|spe|1
|
|upkeep
|turn|34
|
|t:|1652999399
|move|p1a: Regidrago|Dragon Energy|p2a: Volcarona
|-damage|p2a: Volcarona|0 fnt
|faint|p2a: Volcarona
|
|upkeep
|
|t:|1652999405
|switch|p2a: Latios|Latios, M|100/100
|turn|35
|
|t:|1652999409
|move|p1a: Regidrago|Dragon Energy|p2a: Latios
|-supereffective|p2a: Latios
|-damage|p2a: Latios|0 fnt
|faint|p2a: Latios
|
|win|Elite4Donovan
|raw|Elite4Donovan's rating: 1795 &rarr; <strong>1810</strong><br />(+15 for winning)
|raw|bobertsmalls's rating: 1708 &rarr; <strong>1693</strong><br />(-15 for losing)
|l|☆bobertsmalls
||Ladder isn't responding, score probably updated but might not have (Request timeout).
