|j|☆Lef deppard
|j|☆isheavydead
|t:|1596837059
|player|p1|Lef deppard|veteran|1796
|player|p2|isheavydead|169|1721
|teamsize|p1|6
|teamsize|p2|6
|gametype|singles
|gen|8
|tier|[Gen 8] OU
|rated|
|clearpoke
|poke|p1|Copperajah, M|
|poke|p1|Marowak-Alola, F|
|poke|p1|Mimikyu, M|
|poke|p1|Runerigus, M|
|poke|p1|Porygon2|
|poke|p1|Crawdaunt, M|
|poke|p2|Crawdaunt, F|
|poke|p2|Rhyperior, F|
|poke|p2|Togekiss, M|
|poke|p2|Volcarona, F|
|poke|p2|Rillaboom, F|
|poke|p2|Urshifu-*, M|
|rule|Sleep Clause Mod: Limit one foe put to sleep
|rule|Species Clause: Limit one of each Pokémon
|rule|OHKO Clause: OHKO moves are banned
|rule|Evasion Moves Clause: Evasion moves are banned
|rule|Endless Battle Clause: Forcing endless battles is banned
|rule|HP Percentage Mod: HP is shown in percentages
|rule|Dynamax Clause: You cannot dynamax
|teampreview
|j| Zombini62
|
|t:|1596837069
|start
|switch|p1a: Runerigus|Runerigus, M|100/100
|switch|p2a: Rhyperior|Rhyperior, F|100/100
|turn|1
|
|t:|1596837077
|move|p2a: Rhyperior|Stealth Rock|p1a: Runerigus
|-sidestart|p1: Lef deppard|move: Stealth Rock
|move|p1a: Runerigus|Stealth Rock|p2a: Rhyperior
|-sidestart|p2: isheavydead|move: Stealth Rock
|
|upkeep
|turn|2
|
|t:|1596837082
|switch|p2a: Rillaboom|Rillaboom, F|100/100
|-damage|p2a: Rillaboom|88/100|[from] Stealth Rock
|-fieldstart|move: Grassy Terrain|[from] ability: Grassy Surge|[of] p2a: Rillaboom
|move|p1a: Runerigus|Toxic Spikes|p2a: Rillaboom
|-sidestart|p2: isheavydead|move: Toxic Spikes
|
|-heal|p2a: Rillaboom|94/100|[from] Grassy Terrain
|upkeep
|turn|3
|
|t:|1596837086
|move|p2a: Rillaboom|Swords Dance|p2a: Rillaboom
|-boost|p2a: Rillaboom|atk|2
|move|p1a: Runerigus|Trick Room|p1a: Runerigus
|-fieldstart|move: Trick Room|[of] p1a: Runerigus
|
|-heal|p2a: Rillaboom|100/100|[from] Grassy Terrain
|upkeep
|turn|4
|
|t:|1596837089
|move|p2a: Rillaboom|Grassy Glide|p1a: Runerigus
|-supereffective|p1a: Runerigus
|-damage|p1a: Runerigus|0 fnt
|-activate|p1a: Runerigus|ability: Wandering Spirit|Grassy Surge|Wandering Spirit|[of] p2a: Rillaboom
|faint|p1a: Runerigus
|
|upkeep
|inactive|Battle timer is ON: inactive players will automatically lose when time's up. (requested by isheavydead)
|
|t:|1596837115
|switch|p1a: Marowak|Marowak-Alola, F|100/100
|-damage|p1a: Marowak|76/100|[from] Stealth Rock
|turn|5
|
|t:|1596837122
|switch|p2a: Rhyperior|Rhyperior, F|100/100
|-damage|p2a: Rhyperior|94/100|[from] Stealth Rock
|-status|p2a: Rhyperior|psn
|move|p1a: Marowak|Flare Blitz|p2a: Rhyperior
|-resisted|p2a: Rhyperior
|-damage|p2a: Rhyperior|66/100 psn
|
|-heal|p1a: Marowak|82/100|[from] Grassy Terrain
|-heal|p2a: Rhyperior|72/100 psn|[from] item: Leftovers
|-heal|p2a: Rhyperior|79/100 psn|[from] Grassy Terrain
|-damage|p2a: Rhyperior|66/100 psn|[from] psn
|upkeep
|turn|6
|
|t:|1596837143
|switch|p1a: Porygon2|Porygon2|100/100
|-damage|p1a: Porygon2|88/100|[from] Stealth Rock
|-ability|p1a: Porygon2|Solid Rock|[from] ability: Trace|[of] p2a: Rhyperior
|move|p2a: Rhyperior|Earthquake|p1a: Porygon2
|-damage|p1a: Porygon2|71/100
|
|-heal|p2a: Rhyperior|72/100 psn|[from] item: Leftovers
|-heal|p2a: Rhyperior|79/100 psn|[from] Grassy Terrain
|-heal|p1a: Porygon2|78/100|[from] Grassy Terrain
|-fieldend|move: Grassy Terrain
|-damage|p2a: Rhyperior|66/100 psn|[from] psn
|upkeep
|turn|7
|inactive|Lef deppard has 120 seconds left.
|
|t:|1596837163
|move|p2a: Rhyperior|Swords Dance|p2a: Rhyperior
|-boost|p2a: Rhyperior|atk|2
|move|p1a: Porygon2|Ice Beam|p2a: Rhyperior
|-supereffective|p2a: Rhyperior
|-damage|p2a: Rhyperior|32/100 psn
|
|-heal|p2a: Rhyperior|38/100 psn|[from] item: Leftovers
|-damage|p2a: Rhyperior|26/100 psn|[from] psn
|-fieldend|move: Trick Room
|upkeep
|turn|8
|
|t:|1596837169
|move|p1a: Porygon2|Ice Beam|p2a: Rhyperior
|-supereffective|p2a: Rhyperior
|-crit|p2a: Rhyperior
|-damage|p2a: Rhyperior|0 fnt
|faint|p2a: Rhyperior
|
|upkeep
|
|t:|1596837174
|switch|p2a: Urshifu|Urshifu, M|100/100
|-damage|p2a: Urshifu|94/100|[from] Stealth Rock
|-status|p2a: Urshifu|psn
|turn|9
|
|t:|1596837180
|switch|p1a: Mimikyu|Mimikyu, M|100/100
|-damage|p1a: Mimikyu|88/100|[from] Stealth Rock
|move|p2a: Urshifu|Bulk Up|p2a: Urshifu
|-boost|p2a: Urshifu|atk|1
|-boost|p2a: Urshifu|def|1
|
|-damage|p2a: Urshifu|82/100 psn|[from] psn
|upkeep
|turn|10
|
|t:|1596837189
|move|p2a: Urshifu|Wicked Blow|p1a: Mimikyu
|-activate|p1a: Mimikyu|ability: Disguise
|-damage|p1a: Mimikyu|88/100
|detailschange|p1a: Mimikyu|Mimikyu-Busted, M
|-damage|p1a: Mimikyu|76/100|[from] pokemon: Mimikyu-Busted
|-enditem|p1a: Mimikyu|Red Card|[of] p2a: Urshifu
|drag|p2a: Crawdaunt|Crawdaunt, F|100/100
|-status|p2a: Crawdaunt|psn
|-enditem|p2a: Crawdaunt|Lum Berry|[eat]
|-curestatus|p2a: Crawdaunt|psn|[msg]
|-damage|p2a: Crawdaunt|88/100|[from] Stealth Rock
|move|p1a: Mimikyu|Trick Room|p1a: Mimikyu
|-fieldstart|move: Trick Room|[of] p1a: Mimikyu
|
|upkeep
|turn|11
|
|t:|1596837202
|move|p2a: Crawdaunt|Aqua Jet|p1a: Mimikyu
|-damage|p1a: Mimikyu|36/100
|move|p1a: Mimikyu|Play Rough|p2a: Crawdaunt
|-supereffective|p2a: Crawdaunt
|-damage|p2a: Crawdaunt|0 fnt
|faint|p2a: Crawdaunt
|
|upkeep
|
|t:|1596837215
|switch|p2a: Togekiss|Togekiss, M|100/100
|turn|12
|
|t:|1596837219
|move|p1a: Mimikyu|Play Rough|p2a: Togekiss
|-damage|p2a: Togekiss|73/100
|move|p2a: Togekiss|Air Slash|p1a: Mimikyu
|-damage|p1a: Mimikyu|3/100
|
|upkeep
|turn|13
|
|t:|1596837225
|move|p1a: Mimikyu|Play Rough|p2a: Togekiss
|-damage|p2a: Togekiss|47/100
|move|p2a: Togekiss|Roost|p2a: Togekiss
|-heal|p2a: Togekiss|97/100
|-singleturn|p2a: Togekiss|move: Roost
|
|upkeep
|turn|14
|
|t:|1596837233
|move|p1a: Mimikyu|Play Rough|p2a: Togekiss
|-damage|p2a: Togekiss|69/100
|move|p2a: Togekiss|Roost|p2a: Togekiss
|-heal|p2a: Togekiss|100/100
|-singleturn|p2a: Togekiss|move: Roost
|
|-fieldend|move: Trick Room
|upkeep
|turn|15
|
|t:|1596837241
|move|p1a: Mimikyu|Shadow Sneak|p2a: Togekiss
|-damage|p2a: Togekiss|88/100
|move|p2a: Togekiss|Air Slash|p1a: Mimikyu
|-damage|p1a: Mimikyu|0 fnt
|faint|p1a: Mimikyu
|
|upkeep
|
|t:|1596837247
|switch|p1a: Porygon2|Porygon2|78/100
|-damage|p1a: Porygon2|65/100|[from] Stealth Rock
|-ability|p1a: Porygon2|Serene Grace|[from] ability: Trace|[of] p2a: Togekiss
|turn|16
|
|t:|1596837253
|move|p2a: Togekiss|Air Slash|p1a: Porygon2
|-damage|p1a: Porygon2|52/100
|move|p1a: Porygon2|Trick Room|p1a: Porygon2
|-fieldstart|move: Trick Room|[of] p1a: Porygon2
|
|upkeep
|turn|17
|
|t:|1596837259
|switch|p1a: Copperajah|Copperajah, M|100/100
|-damage|p1a: Copperajah|94/100|[from] Stealth Rock
|switch|p2a: Volcarona|Volcarona, F|100/100
|
|upkeep
|turn|18
|
|t:|1596837266
|move|p1a: Copperajah|Stone Edge|p2a: Volcarona
|-supereffective|p2a: Volcarona
|-damage|p2a: Volcarona|0 fnt
|-damage|p1a: Copperajah|84/100|[from] item: Life Orb
|faint|p2a: Volcarona
|
|upkeep
|
|t:|1596837270
|switch|p2a: Urshifu|Urshifu, M|82/100 psn
|-damage|p2a: Urshifu|76/100 psn|[from] Stealth Rock
|turn|19
|
|t:|1596837274
|move|p1a: Copperajah|Heavy Slam|p2a: Urshifu
|-damage|p2a: Urshifu|0 fnt
|-damage|p1a: Copperajah|75/100|[from] item: Life Orb
|faint|p2a: Urshifu
|
|upkeep
|
|t:|1596837280
|switch|p2a: Rillaboom|Rillaboom, F|100/100
|-status|p2a: Rillaboom|psn
|-damage|p2a: Rillaboom|88/100 psn|[from] Stealth Rock
|-fieldstart|move: Grassy Terrain|[from] ability: Grassy Surge|[of] p2a: Rillaboom
|turn|20
|
|t:|1596837287
|move|p1a: Copperajah|Heat Crash|p2a: Rillaboom
|-supereffective|p2a: Rillaboom
|-damage|p2a: Rillaboom|0 fnt
|-damage|p1a: Copperajah|65/100|[from] item: Life Orb
|faint|p2a: Rillaboom
|
|-heal|p1a: Copperajah|71/100|[from] Grassy Terrain
|-fieldend|move: Trick Room
|upkeep
|
|t:|1596837289
|switch|p2a: Togekiss|Togekiss, M|88/100
|turn|21
|
|t:|1596837296
|move|p2a: Togekiss|Flamethrower|p1a: Copperajah
|-supereffective|p1a: Copperajah
|-damage|p1a: Copperajah|20/100
|-status|p1a: Copperajah|brn
|move|p1a: Copperajah|Heavy Slam|p2a: Togekiss
|-supereffective|p2a: Togekiss
|-damage|p2a: Togekiss|30/100
|-damage|p1a: Copperajah|10/100 brn|[from] item: Life Orb
|
|-heal|p1a: Copperajah|16/100 brn|[from] Grassy Terrain
|-damage|p1a: Copperajah|10/100 brn|[from] brn
|upkeep
|turn|22
|
|t:|1596837304
|move|p2a: Togekiss|Air Slash|p1a: Copperajah
|-resisted|p1a: Copperajah
|-damage|p1a: Copperajah|0 fnt
|faint|p1a: Copperajah
|
|upkeep
|
|t:|1596837313
|switch|p1a: Crawdaunt|Crawdaunt, M|100/100
|-damage|p1a: Crawdaunt|88/100|[from] Stealth Rock
|turn|23
|
|t:|1596837317
|move|p1a: Crawdaunt|Aqua Jet|p2a: Togekiss
|-crit|p2a: Togekiss
|-damage|p2a: Togekiss|0 fnt
|-damage|p1a: Crawdaunt|78/100|[from] item: Life Orb
|faint|p2a: Togekiss
|
|win|Lef deppard
|l|☆isheavydead
|l| Zombini62
|raw|Lef deppard's rating: 1773 &rarr; <strong>1791</strong><br />(+18 for winning)
|raw|isheavydead's rating: 1741 &rarr; <strong>1723</strong><br />(-18 for losing)
