|html|<div class="broadcast-blue"><strong>[Gen 8] OU is currently suspecting Melmetal! For information on how to participate check out the <a href="https://www.smogon.com/forums/threads/np-ss-ou-suspect-process-round-12-monster-mash.3709234/">suspect thread</a>.</strong></div>
|j|☆HQSTest
|j|☆remylaforgepokemon
|t:|1665989557
|gametype|singles
|player|p1|HQSTest|veteranf|1716
|player|p2|remylaforgepokemon|266|1677
|teamsize|p1|6
|teamsize|p2|6
|gen|8
|tier|[Gen 8] OU
|rated|
|rule|Sleep Clause Mod: Limit one foe put to sleep
|rule|Species Clause: Limit one of each Pokémon
|rule|OHKO Clause: OHKO moves are banned
|rule|Evasion Items Clause: Evasion items are banned
|rule|Evasion Moves Clause: Evasion moves are banned
|rule|Endless Battle Clause: Forcing endless battles is banned
|rule|HP Percentage Mod: HP is shown in percentages
|rule|Dynamax Clause: You cannot dynamax
|clearpoke
|poke|p1|Dragapult, F|
|poke|p1|Rillaboom, F|
|poke|p1|Volcarona, M|
|poke|p1|Mew|
|poke|p1|Moltres-Galar|
|poke|p1|Zeraora|
|poke|p2|Latios, M|
|poke|p2|Scizor, M|
|poke|p2|Heatran, F|
|poke|p2|Garchomp, M|
|poke|p2|Regieleki|
|poke|p2|Tornadus-Therian, M|
|teampreview
|
|t:|1665989562
|start
|switch|p1a: Mew|Mew|100/100
|switch|p2a: Iron man|Scizor, M|100/100
|turn|1
|inactive|Battle timer is ON: inactive players will automatically lose when time's up. (requested by HQSTest)
|
|t:|1665989568
|move|p1a: Mew|Flare Blitz|p2a: Iron man
|-supereffective|p2a: Iron man
|-damage|p2a: Iron man|0 fnt
|faint|p2a: Iron man
|-damage|p1a: Mew|77/100|[from] Recoil
|
|upkeep
|
|t:|1665989580
|switch|p2a: Chomp-sama|Garchomp, M, shiny|100/100
|turn|2
|
|t:|1665989588
|move|p1a: Mew|Stealth Rock|p2a: Chomp-sama
|-sidestart|p2: remylaforgepokemon|move: Stealth Rock
|move|p2a: Chomp-sama|Scale Shot|p1a: Mew
|-damage|p1a: Mew|64/100
|-damage|p1a: Mew|52/100
|-hitcount|p1a: Mew|2
|-enditem|p1a: Mew|Red Card|[of] p2a: Chomp-sama
|-unboost|p2a: Chomp-sama|def|1
|-boost|p2a: Chomp-sama|spe|1
|drag|p2a: Stay with mz|Heatran, F|100/100
|-damage|p2a: Stay with mz|88/100|[from] Stealth Rock
|
|-heal|p2a: Stay with mz|94/100|[from] item: Leftovers
|upkeep
|turn|3
|
|t:|1665989602
|move|p2a: Stay with mz|Protect|p2a: Stay with mz
|-singleturn|p2a: Stay with mz|Protect
|move|p1a: Mew|Taunt|p2a: Stay with mz
|-activate|p2a: Stay with mz|move: Protect
|
|-heal|p2a: Stay with mz|100/100|[from] item: Leftovers
|upkeep
|turn|4
|
|t:|1665989611
|switch|p2a: Chomp-sama|Garchomp, M, shiny|100/100
|-damage|p2a: Chomp-sama|94/100|[from] Stealth Rock
|move|p1a: Mew|Spikes|p2a: Chomp-sama
|-sidestart|p2: remylaforgepokemon|Spikes
|
|-heal|p2a: Chomp-sama|100/100|[from] item: Leftovers
|upkeep
|turn|5
|
|t:|1665989619
|move|p1a: Mew|Taunt|p2a: Chomp-sama
|-start|p2a: Chomp-sama|move: Taunt
|move|p2a: Chomp-sama|Scale Shot|p1a: Mew
|-damage|p1a: Mew|41/100
|-damage|p1a: Mew|28/100
|-damage|p1a: Mew|15/100
|-hitcount|p1a: Mew|3
|-unboost|p2a: Chomp-sama|def|1
|-boost|p2a: Chomp-sama|spe|1
|
|upkeep
|turn|6
|
|t:|1665989631
|move|p2a: Chomp-sama|Earthquake|p1a: Mew
|-damage|p1a: Mew|0 fnt
|faint|p1a: Mew
|
|upkeep
|
|t:|1665989638
|switch|p1a: Moltres|Moltres-Galar|100/100
|turn|7
|
|t:|1665989641
|move|p2a: Chomp-sama|Stone Edge|p1a: Moltres
|-supereffective|p1a: Moltres
|-crit|p1a: Moltres
|-damage|p1a: Moltres|0 fnt
|faint|p1a: Moltres
|
|-end|p2a: Chomp-sama|move: Taunt
|upkeep
|
|t:|1665989646
|switch|p1a: Rillaboom|Rillaboom, F|100/100
|-fieldstart|move: Grassy Terrain|[from] ability: Grassy Surge|[of] p1a: Rillaboom
|turn|8
|
|t:|1665989656
|move|p2a: Chomp-sama|Fire Blast|p1a: Rillaboom
|-supereffective|p1a: Rillaboom
|-damage|p1a: Rillaboom|40/100
|move|p1a: Rillaboom|Swords Dance|p1a: Rillaboom
|-boost|p1a: Rillaboom|atk|2
|
|-heal|p1a: Rillaboom|46/100|[from] Grassy Terrain
|upkeep
|turn|9
|
|t:|1665989665
|switch|p2a: Stay with mz|Heatran, F|100/100
|-damage|p2a: Stay with mz|88/100|[from] Stealth Rock
|-damage|p2a: Stay with mz|76/100|[from] Spikes
|move|p1a: Rillaboom|Grassy Glide|p2a: Stay with mz
|-resisted|p2a: Stay with mz
|-damage|p2a: Stay with mz|53/100
|-status|p1a: Rillaboom|brn|[from] ability: Flame Body|[of] p2a: Stay with mz
|-damage|p1a: Rillaboom|36/100 brn|[from] item: Life Orb
|
|-heal|p1a: Rillaboom|42/100 brn|[from] Grassy Terrain
|-heal|p2a: Stay with mz|59/100|[from] Grassy Terrain
|-heal|p2a: Stay with mz|66/100|[from] item: Leftovers
|-damage|p1a: Rillaboom|36/100 brn|[from] brn
|upkeep
|turn|10
|j| LT_Alt1
|
|t:|1665989683
|move|p1a: Rillaboom|Swords Dance|p1a: Rillaboom
|-boost|p1a: Rillaboom|atk|2
|move|p2a: Stay with mz|Magma Storm|p1a: Rillaboom
|-supereffective|p1a: Rillaboom
|-damage|p1a: Rillaboom|0 fnt
|faint|p1a: Rillaboom
|
|-heal|p2a: Stay with mz|72/100|[from] Grassy Terrain
|-heal|p2a: Stay with mz|78/100|[from] item: Leftovers
|upkeep
|
|t:|1665989687
|switch|p1a: Dragapult|Dragapult, F|100/100
|turn|11
|l| LT_Alt1
|j| LT_Alt1
|l| LT_Alt1
|
|t:|1665989708
|move|p1a: Dragapult|Substitute|p1a: Dragapult
|-start|p1a: Dragapult|Substitute
|-damage|p1a: Dragapult|76/100
|move|p2a: Stay with mz|Toxic||[still]
|-fail|p2a: Stay with mz
|
|-heal|p1a: Dragapult|82/100|[from] Grassy Terrain
|-heal|p1a: Dragapult|88/100|[from] item: Leftovers
|-heal|p2a: Stay with mz|84/100|[from] Grassy Terrain
|-heal|p2a: Stay with mz|90/100|[from] item: Leftovers
|upkeep
|turn|12
|
|t:|1665989725
|move|p1a: Dragapult|Dragon Dance|p1a: Dragapult
|-boost|p1a: Dragapult|atk|1
|-boost|p1a: Dragapult|spe|1
|move|p2a: Stay with mz|Magma Storm|p1a: Dragapult
|-resisted|p1a: Dragapult
|-end|p1a: Dragapult|Substitute
|
|-heal|p1a: Dragapult|94/100|[from] Grassy Terrain
|-heal|p1a: Dragapult|100/100|[from] item: Leftovers
|-heal|p2a: Stay with mz|97/100|[from] Grassy Terrain
|-heal|p2a: Stay with mz|100/100|[from] item: Leftovers
|-fieldend|move: Grassy Terrain
|upkeep
|turn|13
|
|t:|1665989739
|move|p1a: Dragapult|Substitute|p1a: Dragapult
|-start|p1a: Dragapult|Substitute
|-damage|p1a: Dragapult|76/100
|move|p2a: Stay with mz|Magma Storm|p1a: Dragapult
|-resisted|p1a: Dragapult
|-end|p1a: Dragapult|Substitute
|
|-heal|p1a: Dragapult|82/100|[from] item: Leftovers
|upkeep
|turn|14
|j| Way Hubris
|
|t:|1665989748
|move|p1a: Dragapult|Substitute|p1a: Dragapult
|-start|p1a: Dragapult|Substitute
|-damage|p1a: Dragapult|57/100
|move|p2a: Stay with mz|Magma Storm|p1a: Dragapult|[miss]
|-miss|p2a: Stay with mz|p1a: Dragapult
|
|-heal|p1a: Dragapult|63/100|[from] item: Leftovers
|upkeep
|turn|15
|
|t:|1665989757
|move|p1a: Dragapult|Dragon Dance|p1a: Dragapult
|-boost|p1a: Dragapult|atk|1
|-boost|p1a: Dragapult|spe|1
|move|p2a: Stay with mz|Magma Storm|p1a: Dragapult
|-resisted|p1a: Dragapult
|-end|p1a: Dragapult|Substitute
|
|-heal|p1a: Dragapult|69/100|[from] item: Leftovers
|upkeep
|turn|16
|
|t:|1665989767
|move|p1a: Dragapult|Substitute|p1a: Dragapult
|-start|p1a: Dragapult|Substitute
|-damage|p1a: Dragapult|44/100
|move|p2a: Stay with mz|Magma Storm|p1a: Dragapult
|-resisted|p1a: Dragapult
|-crit|p1a: Dragapult
|-end|p1a: Dragapult|Substitute
|
|-heal|p1a: Dragapult|51/100|[from] item: Leftovers
|upkeep
|turn|17
|
|t:|1665989777
|move|p1a: Dragapult|Substitute|p1a: Dragapult
|-start|p1a: Dragapult|Substitute
|-damage|p1a: Dragapult|26/100
|move|p2a: Stay with mz|Magma Storm|p1a: Dragapult
|-resisted|p1a: Dragapult
|-crit|p1a: Dragapult
|-end|p1a: Dragapult|Substitute
|
|-heal|p1a: Dragapult|32/100|[from] item: Leftovers
|upkeep
|turn|18
|
|t:|1665989786
|move|p1a: Dragapult|Substitute|p1a: Dragapult
|-start|p1a: Dragapult|Substitute
|-damage|p1a: Dragapult|7/100
|move|p2a: Stay with mz|Magma Storm|p1a: Dragapult
|-resisted|p1a: Dragapult
|-end|p1a: Dragapult|Substitute
|
|-heal|p1a: Dragapult|13/100|[from] item: Leftovers
|upkeep
|turn|19
|
|t:|1665989796
|move|p1a: Dragapult|Phantom Force||[still]
|-prepare|p1a: Dragapult|Phantom Force
|move|p2a: Stay with mz|Toxic|p1a: Dragapult|[miss]
|-miss|p2a: Stay with mz|p1a: Dragapult
|
|-heal|p1a: Dragapult|19/100|[from] item: Leftovers
|upkeep
|turn|20
|
|t:|1665989803
|move|p1a: Dragapult|Phantom Force|p2a: Stay with mz|[from]lockedmove
|-damage|p2a: Stay with mz|27/100
|-status|p1a: Dragapult|brn|[from] ability: Flame Body|[of] p2a: Stay with mz
|move|p2a: Stay with mz|Toxic||[still]
|-fail|p2a: Stay with mz
|
|-heal|p1a: Dragapult|26/100 brn|[from] item: Leftovers
|-heal|p2a: Stay with mz|33/100|[from] item: Leftovers
|-damage|p1a: Dragapult|19/100 brn|[from] brn
|upkeep
|turn|21
|
|t:|1665989818
|move|p1a: Dragapult|Dragon Dance|p1a: Dragapult
|-boost|p1a: Dragapult|atk|1
|-boost|p1a: Dragapult|spe|1
|move|p2a: Stay with mz|Stealth Rock|p1a: Dragapult
|-sidestart|p1: HQSTest|move: Stealth Rock
|
|-heal|p1a: Dragapult|26/100 brn|[from] item: Leftovers
|-heal|p2a: Stay with mz|39/100|[from] item: Leftovers
|-damage|p1a: Dragapult|19/100 brn|[from] brn
|upkeep
|turn|22
|
|t:|1665989831
|switch|p2a: Chomp-sama|Garchomp, M, shiny|100/100
|-damage|p2a: Chomp-sama|94/100|[from] Stealth Rock
|-damage|p2a: Chomp-sama|82/100|[from] Spikes
|move|p1a: Dragapult|Dragon Dance|p1a: Dragapult
|-boost|p1a: Dragapult|atk|1
|-boost|p1a: Dragapult|spe|1
|
|-heal|p1a: Dragapult|26/100 brn|[from] item: Leftovers
|-heal|p2a: Chomp-sama|88/100|[from] item: Leftovers
|-damage|p1a: Dragapult|19/100 brn|[from] brn
|upkeep
|turn|23
|
|t:|1665989845
|switch|p2a: Stay with mz|Heatran, F|39/100
|-damage|p2a: Stay with mz|27/100|[from] Stealth Rock
|-damage|p2a: Stay with mz|14/100|[from] Spikes
|move|p1a: Dragapult|Dragon Darts|p2a: Stay with mz
|-resisted|p2a: Stay with mz
|-damage|p2a: Stay with mz|0 fnt
|faint|p2a: Stay with mz
|
|-heal|p1a: Dragapult|26/100 brn|[from] item: Leftovers
|-damage|p1a: Dragapult|19/100 brn|[from] brn
|upkeep
|
|t:|1665989862
|switch|p2a: Keep your ground|Regieleki, shiny|100/100
|-damage|p2a: Keep your ground|88/100|[from] Stealth Rock
|-damage|p2a: Keep your ground|76/100|[from] Spikes
|turn|24
|
|t:|1665989869
|move|p1a: Dragapult|Dragon Darts|p2a: Keep your ground
|-crit|p2a: Keep your ground
|-damage|p2a: Keep your ground|0 fnt
|faint|p2a: Keep your ground
|
|-heal|p1a: Dragapult|26/100 brn|[from] item: Leftovers
|-damage|p1a: Dragapult|19/100 brn|[from] brn
|upkeep
|
|t:|1665989877
|switch|p2a: Chomp-sama|Garchomp, M, shiny|88/100
|-damage|p2a: Chomp-sama|82/100|[from] Stealth Rock
|-damage|p2a: Chomp-sama|70/100|[from] Spikes
|turn|25
|
|t:|1665989882
|move|p1a: Dragapult|Dragon Darts|p2a: Chomp-sama
|-supereffective|p2a: Chomp-sama
|-damage|p2a: Chomp-sama|0 fnt
|faint|p2a: Chomp-sama
|
|-heal|p1a: Dragapult|26/100 brn|[from] item: Leftovers
|-damage|p1a: Dragapult|19/100 brn|[from] brn
|upkeep
|-message|remylaforgepokemon forfeited.
|
|win|HQSTest
|raw|HQSTest's rating: 1694 &rarr; <strong>1713</strong><br />(+19 for winning)
|raw|remylaforgepokemon's rating: 1677 &rarr; <strong>1658</strong><br />(-19 for losing)
|l|☆remylaforgepokemon
