|j|☆GEN 8 JESUS
|j|☆4funaccount
|player|p1|GEN 8 JESUS|baker|1872
|player|p2|4funaccount|volkner|1868
|teamsize|p1|6
|teamsize|p2|6
|gametype|singles
|gen|8
|tier|[Gen 8] OU
|rated|
|clearpoke
|poke|p1|Kyurem|
|poke|p1|Corviknight, M|
|poke|p1|Sylveon, F|
|poke|p1|Hippowdon, F|
|poke|p1|Jellicent, F|
|poke|p1|Excadrill, F|
|poke|p2|Mandibuzz, F|
|poke|p2|Togekiss, F|
|poke|p2|Dugtrio, F|
|poke|p2|Clefable, F|
|poke|p2|Toxapex, F|
|poke|p2|Dragapult, M|
|rule|Sleep Clause Mod: Limit one foe put to sleep
|rule|Species Clause: Limit one of each Pokémon
|rule|OHKO Clause: OHKO moves are banned
|rule|Evasion Moves Clause: Evasion moves are banned
|rule|Endless Battle Clause: Forcing endless battles is banned
|rule|HP Percentage Mod: HP is shown in percentages
|rule|Dynamax Clause: You cannot dynamax
|teampreview
|j| dsmifmd
|j| zikam
|j| HY VINO
|j| Podim1
|
|start
|switch|p1a: Hippowdon|Hippowdon, F|100/100
|switch|p2a: Toxapex|Toxapex, F|100/100
|-weather|Sandstorm|[from] ability: Sand Stream|[of] p1a: Hippowdon
|turn|1
|j| trashsw
|
|move|p1a: Hippowdon|Stealth Rock|p2a: Toxapex
|-sidestart|p2: 4funaccount|move: Stealth Rock
|move|p2a: Toxapex|Toxic|p1a: Hippowdon
|-status|p1a: Hippowdon|tox
|
|-weather|Sandstorm|[upkeep]
|-damage|p2a: Toxapex|94/100|[from] Sandstorm
|-heal|p2a: Toxapex|100/100|[from] item: Black Sludge
|-damage|p1a: Hippowdon|94/100 tox|[from] psn
|upkeep
|turn|2
|
|switch|p1a: Kyurem|Kyurem|100/100
|-ability|p1a: Kyurem|Pressure
|move|p2a: Toxapex|Knock Off|p1a: Kyurem
|-damage|p1a: Kyurem|85/100
|-enditem|p1a: Kyurem|Life Orb|[from] move: Knock Off|[of] p2a: Toxapex
|
|-weather|Sandstorm|[upkeep]
|-damage|p1a: Kyurem|79/100|[from] Sandstorm
|-damage|p2a: Toxapex|94/100|[from] Sandstorm
|-heal|p2a: Toxapex|100/100|[from] item: Black Sludge
|upkeep
|turn|3
|
|move|p1a: Kyurem|Freeze-Dry|p2a: Toxapex
|-supereffective|p2a: Toxapex
|-damage|p2a: Toxapex|49/100
|move|p2a: Toxapex|Toxic|p1a: Kyurem
|-status|p1a: Kyurem|tox
|
|-weather|Sandstorm|[upkeep]
|-damage|p1a: Kyurem|73/100 tox|[from] Sandstorm
|-damage|p2a: Toxapex|42/100|[from] Sandstorm
|-heal|p2a: Toxapex|49/100|[from] item: Black Sludge
|-damage|p1a: Kyurem|67/100 tox|[from] psn
|upkeep
|turn|4
|j| xfightgamming
|
|switch|p1a: Excadrill|Excadrill, F|100/100
|switch|p2a: Clefable|Clefable, F|100/100
|
|-weather|Sandstorm|[upkeep]
|upkeep
|turn|5
|
|switch|p2a: Mandibuzz|Mandibuzz, F|100/100
|move|p1a: Excadrill|Swords Dance|p1a: Excadrill
|-boost|p1a: Excadrill|atk|2
|
|-weather|Sandstorm|[upkeep]
|upkeep
|turn|6
|j| thychh
|
|move|p1a: Excadrill|Rock Slide|p2a: Mandibuzz
|-supereffective|p2a: Mandibuzz
|-damage|p2a: Mandibuzz|11/100
|-damage|p1a: Excadrill|91/100|[from] item: Life Orb
|move|p2a: Mandibuzz|Foul Play|p1a: Excadrill
|-damage|p1a: Excadrill|0 fnt
|faint|p1a: Excadrill
|
|-weather|Sandstorm|[upkeep]
|upkeep
|c|☆GEN 8 JESUS|unfortunate
|
|switch|p1a: Kyurem|Kyurem|67/100 tox
|-ability|p1a: Kyurem|Pressure
|turn|7
|
|switch|p2a: Clefable|Clefable, F|100/100
|move|p1a: Kyurem|Ice Beam|p2a: Clefable
|-damage|p2a: Clefable|71/100
|-status|p2a: Clefable|frz
|
|-weather|Sandstorm|[upkeep]
|-damage|p1a: Kyurem|61/100 tox|[from] Sandstorm
|-heal|p2a: Clefable|77/100 frz|[from] item: Leftovers
|-damage|p1a: Kyurem|55/100 tox|[from] psn
|upkeep
|turn|8
|c|☆GEN 8 JESUS|fortunate
|
|switch|p1a: Corviknight|Corviknight, M|100/100
|-ability|p1a: Corviknight|Pressure
|cant|p2a: Clefable|frz
|
|-weather|none
|-heal|p2a: Clefable|83/100 frz|[from] item: Leftovers
|upkeep
|turn|9
|
|switch|p2a: Toxapex|Toxapex, F|82/100
|-damage|p2a: Toxapex|69/100|[from] Stealth Rock
|move|p1a: Corviknight|Iron Head|p2a: Toxapex
|-resisted|p2a: Toxapex
|-damage|p2a: Toxapex|60/100
|
|-heal|p2a: Toxapex|66/100|[from] item: Black Sludge
|upkeep
|turn|10
|
|move|p1a: Corviknight|U-turn|p2a: Toxapex
|-resisted|p2a: Toxapex
|-damage|p2a: Toxapex|61/100
|
|switch|p1a: Sylveon|Sylveon, F|100/100|[from]move: U-turn
|move|p2a: Toxapex|Knock Off|p1a: Sylveon
|-resisted|p1a: Sylveon
|-damage|p1a: Sylveon|91/100
|-enditem|p1a: Sylveon|Leftovers|[from] move: Knock Off|[of] p2a: Toxapex
|
|-heal|p2a: Toxapex|67/100|[from] item: Black Sludge
|upkeep
|turn|11
|
|move|p1a: Sylveon|Heal Bell|p1a: Sylveon
|-activate|p1a: Sylveon|move: Heal Bell
|-curestatus|p1: Kyurem|tox|[msg]
|-curestatus|p1: Hippowdon|tox|[msg]
|move|p2a: Toxapex|Toxic|p1a: Sylveon
|-status|p1a: Sylveon|tox
|
|-heal|p2a: Toxapex|74/100|[from] item: Black Sludge
|-damage|p1a: Sylveon|85/100 tox|[from] psn
|upkeep
|turn|12
|
|move|p1a: Sylveon|Wish|p1a: Sylveon
|move|p2a: Toxapex|Toxic|p1a: Sylveon
|-fail|p1a: Sylveon|tox
|
|-heal|p2a: Toxapex|80/100|[from] item: Black Sludge
|-damage|p1a: Sylveon|73/100 tox|[from] psn
|upkeep
|turn|13
|
|switch|p1a: Kyurem|Kyurem|55/100
|-ability|p1a: Kyurem|Pressure
|move|p2a: Toxapex|Toxic|p1a: Kyurem
|-status|p1a: Kyurem|tox
|
|-heal|p1a: Kyurem|100/100 tox|[from] move: Wish|[wisher] Sylveon
|-heal|p2a: Toxapex|86/100|[from] item: Black Sludge
|-damage|p1a: Kyurem|94/100 tox|[from] psn
|upkeep
|turn|14
|
|switch|p1a: Sylveon|Sylveon, F|73/100 tox
|switch|p2a: Clefable|Clefable, F|83/100 frz
|
|-heal|p2a: Clefable|89/100 frz|[from] item: Leftovers
|-damage|p1a: Sylveon|67/100 tox|[from] psn
|upkeep
|turn|15
|
|cant|p2a: Clefable|frz
|move|p1a: Sylveon|Heal Bell|p1a: Sylveon
|-activate|p1a: Sylveon|move: Heal Bell
|-curestatus|p1a: Sylveon|tox|[msg]
|-curestatus|p1: Kyurem|tox|[msg]
|
|-heal|p2a: Clefable|95/100 frz|[from] item: Leftovers
|upkeep
|turn|16
|
|move|p1a: Sylveon|Hyper Voice|p2a: Clefable
|-damage|p2a: Clefable|65/100 frz
|-curestatus|p2a: Clefable|frz|[msg]
|move|p2a: Clefable|Moonblast|p1a: Sylveon
|-damage|p1a: Sylveon|50/100
|
|-heal|p2a: Clefable|71/100|[from] item: Leftovers
|upkeep
|turn|17
|
|move|p1a: Sylveon|Wish|p1a: Sylveon
|move|p2a: Clefable|Calm Mind|p2a: Clefable
|-boost|p2a: Clefable|spa|1
|-boost|p2a: Clefable|spd|1
|
|-heal|p2a: Clefable|77/100|[from] item: Leftovers
|upkeep
|turn|18
|j| icefacez
|
|switch|p1a: Corviknight|Corviknight, M|100/100
|-ability|p1a: Corviknight|Pressure
|move|p2a: Clefable|Thunder Wave|p1a: Corviknight
|-status|p1a: Corviknight|par
|
|-heal|p2a: Clefable|83/100|[from] item: Leftovers
|upkeep
|turn|19
|
|switch|p2a: Toxapex|Toxapex, F|100/100
|-damage|p2a: Toxapex|88/100|[from] Stealth Rock
|move|p1a: Corviknight|U-turn|p2a: Toxapex
|-resisted|p2a: Toxapex
|-damage|p2a: Toxapex|83/100
|j| Mengy ㋛
|
|switch|p1a: Kyurem|Kyurem|94/100|[from]move: U-turn
|-ability|p1a: Kyurem|Pressure
|
|-heal|p2a: Toxapex|89/100|[from] item: Black Sludge
|upkeep
|turn|20
|
|move|p1a: Kyurem|Freeze-Dry|p2a: Toxapex
|-supereffective|p2a: Toxapex
|-damage|p2a: Toxapex|45/100
|move|p2a: Toxapex|Toxic|p1a: Kyurem
|-status|p1a: Kyurem|tox
|
|-heal|p2a: Toxapex|51/100|[from] item: Black Sludge
|-damage|p1a: Kyurem|88/100 tox|[from] psn
|upkeep
|turn|21
|
|switch|p1a: Hippowdon|Hippowdon, F|94/100
|-weather|Sandstorm|[from] ability: Sand Stream|[of] p1a: Hippowdon
|switch|p2a: Clefable|Clefable, F|83/100
|
|-weather|Sandstorm|[upkeep]
|-heal|p2a: Clefable|90/100|[from] item: Leftovers
|upkeep
|turn|22
|
|switch|p2a: Mandibuzz|Mandibuzz, F|11/100
|move|p1a: Hippowdon|Whirlwind|p2a: Mandibuzz
|drag|p2a: Dugtrio|Dugtrio, F|100/100
|-damage|p2a: Dugtrio|94/100|[from] Stealth Rock
|
|-weather|Sandstorm|[upkeep]
|upkeep
|turn|23
|
|switch|p2a: Toxapex|Toxapex, F|84/100
|-damage|p2a: Toxapex|72/100|[from] Stealth Rock
|move|p1a: Hippowdon|Whirlwind|p2a: Toxapex
|drag|p2a: Dugtrio|Dugtrio, F|94/100
|-damage|p2a: Dugtrio|88/100|[from] Stealth Rock
|
|-weather|Sandstorm|[upkeep]
|upkeep
|turn|24
|
|switch|p2a: Toxapex|Toxapex, F|100/100
|-damage|p2a: Toxapex|88/100|[from] Stealth Rock
|move|p1a: Hippowdon|Whirlwind|p2a: Toxapex
|drag|p2a: Mandibuzz|Mandibuzz, F|11/100
|
|-weather|Sandstorm|[upkeep]
|upkeep
|turn|25
|
|move|p2a: Mandibuzz|Roost|p2a: Mandibuzz
|-heal|p2a: Mandibuzz|61/100
|-singleturn|p2a: Mandibuzz|move: Roost
|move|p1a: Hippowdon|Stealth Rock||[still]
|-fail|p1a: Hippowdon
|
|-weather|Sandstorm|[upkeep]
|upkeep
|turn|26
|-message|GEN 8 JESUS forfeited.
|
|win|4funaccount
|l|☆GEN 8 JESUS
|raw|GEN 8 JESUS's rating: 1872 &rarr; <strong>1852</strong><br />(-20 for losing)
|raw|4funaccount's rating: 1868 &rarr; <strong>1888</strong><br />(+20 for winning)
