|j|☆i know im horrible
|j|☆Contrary Servine
|t:|1617979927
|gametype|singles
|player|p1|i know im horrible|1|1606
|player|p2|Contrary Servine|124|1664
|teamsize|p1|6
|teamsize|p2|6
|gen|8
|tier|[Gen 8] OU
|rated|
|clearpoke
|poke|p1|Azumarill, M|
|poke|p1|Hydreigon, F|
|poke|p1|Chansey, F|
|poke|p1|Slowbro, F|
|poke|p1|Slowking-Galar, M|
|poke|p1|Buzzwole|
|poke|p2|Raikou|
|poke|p2|Heatran, F|
|poke|p2|Corviknight, F|
|poke|p2|Gastrodon-East, F|
|poke|p2|Clefable, M|
|poke|p2|Weavile, F|
|rule|Sleep Clause Mod: Limit one foe put to sleep
|rule|Species Clause: Limit one of each Pokémon
|rule|OHKO Clause: OHKO moves are banned
|rule|Evasion Moves Clause: Evasion moves are banned
|rule|Endless Battle Clause: Forcing endless battles is banned
|rule|HP Percentage Mod: HP is shown in percentages
|rule|Dynamax Clause: You cannot dynamax
|teampreview
|inactive|Battle timer is ON: inactive players will automatically lose when time's up. (requested by i know im horrible)
|j| Celtis
|
|t:|1617979950
|start
|switch|p1a: Slowking|Slowking-Galar, M|100/100
|switch|p2a: Raikou|Raikou|100/100
|-ability|p2a: Raikou|Pressure
|turn|1
|
|t:|1617979957
|switch|p2a: Gastrodon|Gastrodon-East, F|100/100
|move|p1a: Slowking|Future Sight|p2a: Gastrodon
|-start|p1a: Slowking|move: Future Sight
|
|upkeep
|turn|2
|
|t:|1617979962
|move|p1a: Slowking|Sludge Bomb|p2a: Gastrodon
|-resisted|p2a: Gastrodon
|-damage|p2a: Gastrodon|86/100
|-status|p2a: Gastrodon|psn
|move|p2a: Gastrodon|Earthquake|p1a: Slowking
|-supereffective|p1a: Slowking
|-damage|p1a: Slowking|41/100
|
|-heal|p2a: Gastrodon|92/100 psn|[from] item: Leftovers
|-damage|p2a: Gastrodon|80/100 psn|[from] psn
|upkeep
|turn|3
|
|t:|1617979974
|switch|p1a: Slowbro|Slowbro, F|100/100
|move|p2a: Gastrodon|Toxic|p1a: Slowbro
|-status|p1a: Slowbro|tox
|
|-end|p2a: Gastrodon|move: Future Sight
|-damage|p2a: Gastrodon|41/100 psn
|-heal|p2a: Gastrodon|47/100 psn|[from] item: Leftovers
|-damage|p1a: Slowbro|94/100 tox|[from] psn
|-damage|p2a: Gastrodon|35/100 psn|[from] psn
|upkeep
|turn|4
|
|t:|1617979984
|switch|p1a: Slowking|Slowking-Galar, M|74/100
|move|p2a: Gastrodon|Recover|p2a: Gastrodon
|-heal|p2a: Gastrodon|85/100 psn
|
|-heal|p2a: Gastrodon|91/100 psn|[from] item: Leftovers
|-damage|p2a: Gastrodon|78/100 psn|[from] psn
|upkeep
|turn|5
|
|t:|1617979992
|move|p1a: Slowking|Future Sight|p2a: Gastrodon
|-start|p1a: Slowking|move: Future Sight
|move|p2a: Gastrodon|Earthquake|p1a: Slowking
|-supereffective|p1a: Slowking
|-damage|p1a: Slowking|12/100
|
|-heal|p2a: Gastrodon|85/100 psn|[from] item: Leftovers
|-damage|p2a: Gastrodon|72/100 psn|[from] psn
|upkeep
|turn|6
|
|t:|1617979999
|switch|p1a: Slowbro|Slowbro, F|100/100 tox
|move|p2a: Gastrodon|Scald|p1a: Slowbro
|-resisted|p1a: Slowbro
|-damage|p1a: Slowbro|88/100 tox
|
|-heal|p2a: Gastrodon|78/100 psn|[from] item: Leftovers
|-damage|p1a: Slowbro|82/100 tox|[from] psn
|-damage|p2a: Gastrodon|66/100 psn|[from] psn
|upkeep
|turn|7
|
|t:|1617980008
|move|p1a: Slowbro|Ice Beam|p2a: Gastrodon
|-damage|p2a: Gastrodon|52/100 psn
|move|p2a: Gastrodon|Recover|p2a: Gastrodon
|-heal|p2a: Gastrodon|100/100 psn
|
|-end|p2a: Gastrodon|move: Future Sight
|-damage|p2a: Gastrodon|62/100 psn
|-heal|p2a: Gastrodon|68/100 psn|[from] item: Leftovers
|-damage|p1a: Slowbro|70/100 tox|[from] psn
|-damage|p2a: Gastrodon|55/100 psn|[from] psn
|upkeep
|turn|8
|
|t:|1617980018
|switch|p1a: Chansey|Chansey, F|100/100
|move|p2a: Gastrodon|Recover|p2a: Gastrodon
|-heal|p2a: Gastrodon|100/100 psn
|
|-damage|p2a: Gastrodon|88/100 psn|[from] psn
|upkeep
|turn|9
|
|t:|1617980025
|switch|p2a: Clefable|Clefable, M|100/100
|move|p1a: Chansey|Stealth Rock|p2a: Clefable
|-sidestart|p2: Contrary Servine|move: Stealth Rock
|
|upkeep
|turn|10
|
|t:|1617980034
|switch|p1a: Slowking|Slowking-Galar, M|46/100
|move|p2a: Clefable|Stealth Rock|p1a: Slowking
|-sidestart|p1: i know im horrible|move: Stealth Rock
|
|upkeep
|turn|11
|
|t:|1617980040
|switch|p2a: Gastrodon|Gastrodon-East, F|88/100 psn
|-damage|p2a: Gastrodon|82/100 psn|[from] Stealth Rock
|move|p1a: Slowking|Future Sight|p2a: Gastrodon
|-start|p1a: Slowking|move: Future Sight
|
|-heal|p2a: Gastrodon|88/100 psn|[from] item: Leftovers
|-damage|p2a: Gastrodon|76/100 psn|[from] psn
|upkeep
|turn|12
|
|t:|1617980054
|switch|p1a: Chansey|Chansey, F|100/100
|-damage|p1a: Chansey|88/100|[from] Stealth Rock
|move|p2a: Gastrodon|Earthquake|p1a: Chansey
|-damage|p1a: Chansey|70/100
|
|-heal|p2a: Gastrodon|82/100 psn|[from] item: Leftovers
|-damage|p2a: Gastrodon|69/100 psn|[from] psn
|upkeep
|turn|13
|
|t:|1617980066
|switch|p2a: Heatran|Heatran, F|100/100
|-damage|p2a: Heatran|88/100|[from] Stealth Rock
|move|p1a: Chansey|Heal Bell|p1a: Chansey
|-activate|p1a: Chansey|move: Heal Bell
|-curestatus|p1: Slowbro|tox|[msg]
|
|-end|p2a: Heatran|move: Future Sight
|-resisted|p2a: Heatran
|-damage|p2a: Heatran|68/100
|-heal|p2a: Heatran|75/100|[from] item: Leftovers
|upkeep
|turn|14
|
|t:|1617980079
|switch|p1a: Hydreigon|Hydreigon, F|100/100
|-damage|p1a: Hydreigon|88/100|[from] Stealth Rock
|move|p2a: Heatran|Magma Storm|p1a: Hydreigon
|-resisted|p1a: Hydreigon
|-damage|p1a: Hydreigon|73/100
|-activate|p1a: Hydreigon|move: Magma Storm|[of] p2a: Heatran
|
|-heal|p1a: Hydreigon|79/100|[from] item: Leftovers
|-heal|p2a: Heatran|81/100|[from] item: Leftovers
|-damage|p1a: Hydreigon|66/100|[from] move: Magma Storm|[partiallytrapped]
|upkeep
|turn|15
|
|t:|1617980090
|switch|p2a: Gastrodon|Gastrodon-East, F|69/100 psn
|-damage|p2a: Gastrodon|63/100 psn|[from] Stealth Rock
|move|p1a: Hydreigon|Earth Power|p2a: Gastrodon
|-damage|p2a: Gastrodon|47/100 psn
|
|-heal|p1a: Hydreigon|73/100|[from] item: Leftovers
|-heal|p2a: Gastrodon|53/100 psn|[from] item: Leftovers
|-damage|p2a: Gastrodon|40/100 psn|[from] psn
|-end|p1a: Hydreigon|Magma Storm|[partiallytrapped]|[silent]
|upkeep
|turn|16
|
|t:|1617980100
|move|p1a: Hydreigon|Earth Power|p2a: Gastrodon
|-damage|p2a: Gastrodon|24/100 psn
|move|p2a: Gastrodon|Recover|p2a: Gastrodon
|-heal|p2a: Gastrodon|74/100 psn
|
|-heal|p1a: Hydreigon|79/100|[from] item: Leftovers
|-heal|p2a: Gastrodon|80/100 psn|[from] item: Leftovers
|-damage|p2a: Gastrodon|68/100 psn|[from] psn
|upkeep
|turn|17
|
|t:|1617980109
|switch|p1a: Slowking|Slowking-Galar, M|79/100
|move|p2a: Gastrodon|Recover|p2a: Gastrodon
|-heal|p2a: Gastrodon|100/100 psn
|
|-damage|p2a: Gastrodon|88/100 psn|[from] psn
|upkeep
|turn|18
|
|t:|1617980117
|move|p1a: Slowking|Future Sight|p2a: Gastrodon
|-start|p1a: Slowking|move: Future Sight
|move|p2a: Gastrodon|Earthquake|p1a: Slowking
|-supereffective|p1a: Slowking
|-damage|p1a: Slowking|14/100
|
|-heal|p2a: Gastrodon|94/100 psn|[from] item: Leftovers
|-damage|p2a: Gastrodon|82/100 psn|[from] psn
|upkeep
|turn|19
|
|t:|1617980129
|switch|p1a: Chansey|Chansey, F|70/100
|-damage|p1a: Chansey|57/100|[from] Stealth Rock
|switch|p2a: Clefable|Clefable, M|100/100
|
|upkeep
|turn|20
|
|t:|1617980135
|switch|p1a: Slowking|Slowking-Galar, M|48/100
|move|p2a: Clefable|Trick|p1a: Slowking
|-activate|p2a: Clefable|move: Trick|[of] p1a: Slowking
|-item|p1a: Slowking|Sticky Barb|[from] move: Trick
|-item|p2a: Clefable|Heavy-Duty Boots|[from] move: Trick
|
|-end|p2a: Clefable|move: Future Sight
|-damage|p2a: Clefable|45/100
|-damage|p1a: Slowking|35/100|[from] item: Sticky Barb
|upkeep
|turn|21
|
|t:|1617980148
|switch|p2a: Gastrodon|Gastrodon-East, F|82/100 psn
|-damage|p2a: Gastrodon|76/100 psn|[from] Stealth Rock
|switch|p1a: Chansey|Chansey, F|57/100
|-damage|p1a: Chansey|45/100|[from] Stealth Rock
|
|-heal|p2a: Gastrodon|82/100 psn|[from] item: Leftovers
|-damage|p2a: Gastrodon|69/100 psn|[from] psn
|upkeep
|turn|22
|
|t:|1617980158
|move|p1a: Chansey|Soft-Boiled|p1a: Chansey
|-heal|p1a: Chansey|95/100
|move|p2a: Gastrodon|Recover|p2a: Gastrodon
|-heal|p2a: Gastrodon|100/100 psn
|
|-damage|p2a: Gastrodon|88/100 psn|[from] psn
|upkeep
|turn|23
|j| amiri jeans
|
|t:|1617980167
|switch|p2a: Clefable|Clefable, M|45/100
|move|p1a: Chansey|Wish|p1a: Chansey
|
|upkeep
|turn|24
|c| amiri jeans|wwwwwwwwwwwwwwwwwwe
|c| amiri jeans|aaaaaaaaaaaaaaaaaaaaaaaaal
|c| amiri jeans|knoooooooooooooooooooooow
|c| amiri jeans|yoooooooooooooooooooooooou
|c| amiri jeans|areeeeeeeeeeeeeeeeeeeeeeeeeeee
|c| amiri jeans|horribleeeeeeeeeeeeeeeeeeeeeee
|c| amiri jeans|lol
|inactive|i know im horrible has 120 seconds left.
|
|t:|1617980207
|switch|p1a: Slowking|Slowking-Galar, M|69/100
|-damage|p1a: Slowking|56/100|[from] Stealth Rock
|move|p2a: Clefable|Soft-Boiled|p2a: Clefable
|-heal|p2a: Clefable|95/100
|
|-heal|p1a: Slowking|100/100|[from] move: Wish|[wisher] Chansey
|-damage|p1a: Slowking|88/100|[from] item: Sticky Barb
|upkeep
|turn|25
|
|t:|1617980219
|switch|p2a: Gastrodon|Gastrodon-East, F|88/100 psn
|-damage|p2a: Gastrodon|82/100 psn|[from] Stealth Rock
|move|p1a: Slowking|Future Sight|p2a: Gastrodon
|-start|p1a: Slowking|move: Future Sight
|
|-heal|p2a: Gastrodon|88/100 psn|[from] item: Leftovers
|-damage|p2a: Gastrodon|76/100 psn|[from] psn
|-damage|p1a: Slowking|76/100|[from] item: Sticky Barb
|upkeep
|turn|26
|inactive|i know im horrible has 120 seconds left.
|l| amiri jeans
|
|t:|1617980240
|switch|p1a: Buzzwole|Buzzwole|100/100
|-damage|p1a: Buzzwole|88/100|[from] Stealth Rock
|move|p2a: Gastrodon|Earthquake|p1a: Buzzwole
|-resisted|p1a: Buzzwole
|-damage|p1a: Buzzwole|81/100
|
|-heal|p2a: Gastrodon|82/100 psn|[from] item: Leftovers
|-damage|p2a: Gastrodon|69/100 psn|[from] psn
|upkeep
|turn|27
|
|t:|1617980252
|move|p1a: Buzzwole|Drain Punch|p2a: Gastrodon
|-damage|p2a: Gastrodon|28/100 psn
|-heal|p1a: Buzzwole|100/100|[from] drain|[of] p2a: Gastrodon
|move|p2a: Gastrodon|Recover|p2a: Gastrodon
|-heal|p2a: Gastrodon|78/100 psn
|
|-end|p2a: Gastrodon|move: Future Sight
|-damage|p2a: Gastrodon|37/100 psn
|-heal|p2a: Gastrodon|43/100 psn|[from] item: Leftovers
|-damage|p2a: Gastrodon|31/100 psn|[from] psn
|upkeep
|turn|28
|
|t:|1617980263
|switch|p1a: Slowking|Slowking-Galar, M|100/100
|-damage|p1a: Slowking|88/100|[from] Stealth Rock
|switch|p2a: Clefable|Clefable, M|95/100
|
|-damage|p1a: Slowking|76/100|[from] item: Sticky Barb
|upkeep
|turn|29
|
|t:|1617980271
|switch|p2a: Gastrodon|Gastrodon-East, F|31/100 psn
|-damage|p2a: Gastrodon|25/100 psn|[from] Stealth Rock
|move|p1a: Slowking|Future Sight|p2a: Gastrodon
|-start|p1a: Slowking|move: Future Sight
|
|-heal|p2a: Gastrodon|31/100 psn|[from] item: Leftovers
|-damage|p2a: Gastrodon|18/100 psn|[from] psn
|-damage|p1a: Slowking|63/100|[from] item: Sticky Barb
|upkeep
|turn|30
|
|t:|1617980279
|switch|p1a: Buzzwole|Buzzwole|100/100
|-damage|p1a: Buzzwole|88/100|[from] Stealth Rock
|move|p2a: Gastrodon|Recover|p2a: Gastrodon
|-heal|p2a: Gastrodon|68/100 psn
|
|-heal|p2a: Gastrodon|74/100 psn|[from] item: Leftovers
|-damage|p2a: Gastrodon|62/100 psn|[from] psn
|upkeep
|turn|31
|
|t:|1617980289
|switch|p2a: Corviknight|Corviknight, F|100/100
|-damage|p2a: Corviknight|88/100|[from] Stealth Rock
|-ability|p2a: Corviknight|Pressure
|move|p1a: Buzzwole|Drain Punch|p2a: Corviknight
|-damage|p2a: Corviknight|66/100
|-heal|p1a: Buzzwole|99/100|[from] drain|[of] p2a: Corviknight
|-damage|p1a: Buzzwole|82/100|[from] item: Rocky Helmet|[of] p2a: Corviknight
|
|-end|p2a: Corviknight|move: Future Sight
|-resisted|p2a: Corviknight
|-damage|p2a: Corviknight|40/100
|upkeep
|turn|32
|
|t:|1617980302
|move|p1a: Buzzwole|Drain Punch|p2a: Corviknight
|-damage|p2a: Corviknight|19/100
|-heal|p1a: Buzzwole|93/100|[from] drain|[of] p2a: Corviknight
|-damage|p1a: Buzzwole|76/100|[from] item: Rocky Helmet|[of] p2a: Corviknight
|move|p2a: Corviknight|Roost|p2a: Corviknight
|-heal|p2a: Corviknight|69/100
|-singleturn|p2a: Corviknight|move: Roost
|
|upkeep
|turn|33
|
|t:|1617980313
|switch|p1a: Slowking|Slowking-Galar, M|96/100
|-damage|p1a: Slowking|84/100|[from] Stealth Rock
|move|p2a: Corviknight|Roost|p2a: Corviknight
|-heal|p2a: Corviknight|100/100
|-singleturn|p2a: Corviknight|move: Roost
|
|-damage|p1a: Slowking|72/100|[from] item: Sticky Barb
|upkeep
|turn|34
|
|t:|1617980339
|switch|p2a: Gastrodon|Gastrodon-East, F|62/100 psn
|-damage|p2a: Gastrodon|56/100 psn|[from] Stealth Rock
|move|p1a: Slowking|Future Sight|p2a: Gastrodon
|-start|p1a: Slowking|move: Future Sight
|
|-heal|p2a: Gastrodon|62/100 psn|[from] item: Leftovers
|-damage|p2a: Gastrodon|50/100 psn|[from] psn
|-damage|p1a: Slowking|59/100|[from] item: Sticky Barb
|upkeep
|turn|35
|
|t:|1617980348
|switch|p1a: Buzzwole|Buzzwole|76/100
|-damage|p1a: Buzzwole|64/100|[from] Stealth Rock
|move|p2a: Gastrodon|Recover|p2a: Gastrodon
|-heal|p2a: Gastrodon|99/100 psn
|
|-heal|p2a: Gastrodon|100/100 psn|[from] item: Leftovers
|-damage|p2a: Gastrodon|88/100 psn|[from] psn
|upkeep
|turn|36
|
|t:|1617980367
|switch|p1a: Slowking|Slowking-Galar, M|92/100
|-damage|p1a: Slowking|80/100|[from] Stealth Rock
|switch|p2a: Corviknight|Corviknight, F|100/100
|-damage|p2a: Corviknight|88/100|[from] Stealth Rock
|-ability|p2a: Corviknight|Pressure
|
|-end|p2a: Corviknight|move: Future Sight
|-resisted|p2a: Corviknight
|-damage|p2a: Corviknight|62/100
|-damage|p1a: Slowking|68/100|[from] item: Sticky Barb
|upkeep
|turn|37
|
|t:|1617980379
|move|p2a: Corviknight|Roost|p2a: Corviknight
|-heal|p2a: Corviknight|100/100
|-singleturn|p2a: Corviknight|move: Roost
|move|p1a: Slowking|Future Sight|p2a: Corviknight
|-start|p1a: Slowking|move: Future Sight
|
|-damage|p1a: Slowking|55/100|[from] item: Sticky Barb
|upkeep
|turn|38
|
|t:|1617980386
|switch|p1a: Azumarill|Azumarill, M|100/100
|-damage|p1a: Azumarill|88/100|[from] Stealth Rock
|move|p2a: Corviknight|U-turn|p1a: Azumarill
|-resisted|p1a: Azumarill
|-damage|p1a: Azumarill|80/100
|
|t:|1617980394
|switch|p2a: Raikou|Raikou|100/100|[from]move: U-turn
|-damage|p2a: Raikou|88/100|[from] Stealth Rock
|-ability|p2a: Raikou|Pressure
|
|-heal|p1a: Azumarill|86/100|[from] item: Leftovers
|upkeep
|turn|39
|
|t:|1617980402
|switch|p2a: Heatran|Heatran, F|81/100
|-damage|p2a: Heatran|68/100|[from] Stealth Rock
|move|p1a: Azumarill|Protect||[still]
|-fail|p1a: Azumarill
|
|-end|p2a: Heatran|move: Future Sight
|-resisted|p2a: Heatran
|-damage|p2a: Heatran|46/100
|-heal|p2a: Heatran|52/100|[from] item: Leftovers
|-heal|p1a: Azumarill|93/100|[from] item: Leftovers
|upkeep
|turn|40
|
|t:|1617980415
|switch|p2a: Corviknight|Corviknight, F|100/100
|-damage|p2a: Corviknight|88/100|[from] Stealth Rock
|-ability|p2a: Corviknight|Pressure
|switch|p1a: Hydreigon|Hydreigon, F|79/100
|-damage|p1a: Hydreigon|66/100|[from] Stealth Rock
|
|-heal|p1a: Hydreigon|73/100|[from] item: Leftovers
|upkeep
|turn|41
|
|t:|1617980425
|move|p1a: Hydreigon|Defog|p2a: Corviknight
|-unboost|p2a: Corviknight|evasion|1
|-sideend|p2: Contrary Servine|Stealth Rock|[from] move: Defog|[of] p1a: Hydreigon
|-sideend|p1: i know im horrible|Stealth Rock|[from] move: Defog|[of] p1a: Hydreigon
|move|p2a: Corviknight|U-turn|p1a: Hydreigon
|-supereffective|p1a: Hydreigon
|-damage|p1a: Hydreigon|44/100
|
|t:|1617980431
|switch|p2a: Weavile|Weavile, F|100/100|[from]move: U-turn
|-ability|p2a: Weavile|Pressure
|
|-heal|p1a: Hydreigon|50/100|[from] item: Leftovers
|upkeep
|turn|42
|
|t:|1617980437
|switch|p1a: Buzzwole|Buzzwole|64/100
|move|p2a: Weavile|Knock Off|p1a: Buzzwole
|-resisted|p1a: Buzzwole
|-damage|p1a: Buzzwole|46/100
|-damage|p2a: Weavile|84/100|[from] item: Rocky Helmet|[of] p1a: Buzzwole
|-enditem|p1a: Buzzwole|Rocky Helmet|[from] move: Knock Off|[of] p2a: Weavile
|
|upkeep
|turn|43
|
|t:|1617980455
|switch|p2a: Clefable|Clefable, M|95/100
|move|p1a: Buzzwole|Roost|p1a: Buzzwole
|-heal|p1a: Buzzwole|96/100
|-singleturn|p1a: Buzzwole|move: Roost
|
|upkeep
|turn|44
|
|t:|1617980482
|switch|p1a: Slowking|Slowking-Galar, M|88/100
|move|p2a: Clefable|Stealth Rock|p1a: Slowking
|-sidestart|p1: i know im horrible|move: Stealth Rock
|
|-damage|p1a: Slowking|76/100|[from] item: Sticky Barb
|upkeep
|turn|45
|
|t:|1617980492
|switch|p2a: Gastrodon|Gastrodon-East, F|88/100 psn
|switch|p1a: Chansey|Chansey, F|95/100
|-damage|p1a: Chansey|83/100|[from] Stealth Rock
|
|-heal|p2a: Gastrodon|94/100 psn|[from] item: Leftovers
|-damage|p2a: Gastrodon|82/100 psn|[from] psn
|upkeep
|turn|46
|
|t:|1617980506
|switch|p2a: Heatran|Heatran, F|52/100
|move|p1a: Chansey|Stealth Rock|p2a: Heatran
|-sidestart|p2: Contrary Servine|move: Stealth Rock
|
|-heal|p2a: Heatran|58/100|[from] item: Leftovers
|upkeep
|turn|47
|
|t:|1617980514
|switch|p1a: Hydreigon|Hydreigon, F|50/100
|-damage|p1a: Hydreigon|38/100|[from] Stealth Rock
|move|p2a: Heatran|Magma Storm|p1a: Hydreigon
|-resisted|p1a: Hydreigon
|-damage|p1a: Hydreigon|23/100
|-activate|p1a: Hydreigon|move: Magma Storm|[of] p2a: Heatran
|
|-heal|p1a: Hydreigon|29/100|[from] item: Leftovers
|-heal|p2a: Heatran|64/100|[from] item: Leftovers
|-damage|p1a: Hydreigon|16/100|[from] move: Magma Storm|[partiallytrapped]
|upkeep
|turn|48
|
|t:|1617980538
|move|p1a: Hydreigon|Roost|p1a: Hydreigon
|-heal|p1a: Hydreigon|66/100
|-singleturn|p1a: Hydreigon|move: Roost
|move|p2a: Heatran|Magma Storm|p1a: Hydreigon
|-resisted|p1a: Hydreigon
|-damage|p1a: Hydreigon|53/100
|
|-heal|p1a: Hydreigon|59/100|[from] item: Leftovers
|-heal|p2a: Heatran|71/100|[from] item: Leftovers
|-damage|p1a: Hydreigon|46/100|[from] move: Magma Storm|[partiallytrapped]
|upkeep
|turn|49
|
|t:|1617980551
|switch|p2a: Gastrodon|Gastrodon-East, F|82/100 psn
|-damage|p2a: Gastrodon|76/100 psn|[from] Stealth Rock
|move|p1a: Hydreigon|Roost|p1a: Hydreigon
|-heal|p1a: Hydreigon|96/100
|-singleturn|p1a: Hydreigon|move: Roost
|
|-heal|p1a: Hydreigon|100/100|[from] item: Leftovers
|-heal|p2a: Gastrodon|82/100 psn|[from] item: Leftovers
|-damage|p2a: Gastrodon|69/100 psn|[from] psn
|-end|p1a: Hydreigon|Magma Storm|[partiallytrapped]|[silent]
|upkeep
|turn|50
|
|t:|1617980560
|switch|p1a: Slowking|Slowking-Galar, M|100/100
|-damage|p1a: Slowking|88/100|[from] Stealth Rock
|move|p2a: Gastrodon|Toxic|p1a: Slowking
|-immune|p1a: Slowking
|
|-heal|p2a: Gastrodon|75/100 psn|[from] item: Leftovers
|-damage|p2a: Gastrodon|63/100 psn|[from] psn
|-damage|p1a: Slowking|76/100|[from] item: Sticky Barb
|upkeep
|turn|51
|
|t:|1617980570
|switch|p1a: Slowbro|Slowbro, F|100/100
|move|p2a: Gastrodon|Earthquake|p1a: Slowbro
|-damage|p1a: Slowbro|85/100
|
|-heal|p2a: Gastrodon|69/100 psn|[from] item: Leftovers
|-damage|p2a: Gastrodon|57/100 psn|[from] psn
|upkeep
|turn|52
|
|t:|1617980578
|switch|p1a: Slowking|Slowking-Galar, M|100/100
|-damage|p1a: Slowking|88/100|[from] Stealth Rock
|move|p2a: Gastrodon|Recover|p2a: Gastrodon
|-heal|p2a: Gastrodon|100/100 psn
|
|-damage|p2a: Gastrodon|88/100 psn|[from] psn
|-damage|p1a: Slowking|76/100|[from] item: Sticky Barb
|upkeep
|turn|53
|
|t:|1617980587
|switch|p1a: Slowbro|Slowbro, F|100/100
|move|p2a: Gastrodon|Earthquake|p1a: Slowbro
|-damage|p1a: Slowbro|82/100
|
|-heal|p2a: Gastrodon|94/100 psn|[from] item: Leftovers
|-damage|p2a: Gastrodon|82/100 psn|[from] psn
|upkeep
|turn|54
|
|t:|1617980614
|switch|p1a: Chansey|Chansey, F|83/100
|-damage|p1a: Chansey|70/100|[from] Stealth Rock
|move|p2a: Gastrodon|Toxic|p1a: Chansey|[miss]
|-miss|p2a: Gastrodon|p1a: Chansey
|
|-heal|p2a: Gastrodon|88/100 psn|[from] item: Leftovers
|-damage|p2a: Gastrodon|75/100 psn|[from] psn
|upkeep
|turn|55
|
|t:|1617980625
|move|p1a: Chansey|Wish|p1a: Chansey
|move|p2a: Gastrodon|Toxic|p1a: Chansey
|-status|p1a: Chansey|tox
|
|-heal|p2a: Gastrodon|81/100 psn|[from] item: Leftovers
|-damage|p1a: Chansey|64/100 tox|[from] psn
|-damage|p2a: Gastrodon|69/100 psn|[from] psn
|upkeep
|turn|56
|
|t:|1617980645
|switch|p2a: Heatran|Heatran, F|71/100
|-damage|p2a: Heatran|58/100|[from] Stealth Rock
|move|p1a: Chansey|Heal Bell|p1a: Chansey
|-activate|p1a: Chansey|move: Heal Bell
|-curestatus|p1a: Chansey|tox|[msg]
|
|-heal|p1a: Chansey|100/100|[from] move: Wish|[wisher] Chansey
|-heal|p2a: Heatran|64/100|[from] item: Leftovers
|upkeep
|turn|57
|inactive|i know im horrible has 120 seconds left.
|
|t:|1617980675
|switch|p1a: Hydreigon|Hydreigon, F|100/100
|-damage|p1a: Hydreigon|88/100|[from] Stealth Rock
|move|p2a: Heatran|Toxic|p1a: Hydreigon
|-status|p1a: Hydreigon|tox
|
|-heal|p1a: Hydreigon|94/100 tox|[from] item: Leftovers
|-heal|p2a: Heatran|71/100|[from] item: Leftovers
|-damage|p1a: Hydreigon|88/100 tox|[from] psn
|upkeep
|turn|58
|
|t:|1617980685
|switch|p2a: Gastrodon|Gastrodon-East, F|69/100 psn
|-damage|p2a: Gastrodon|63/100 psn|[from] Stealth Rock
|move|p1a: Hydreigon|Earth Power|p2a: Gastrodon
|-damage|p2a: Gastrodon|47/100 psn
|
|-heal|p1a: Hydreigon|94/100 tox|[from] item: Leftovers
|-heal|p2a: Gastrodon|53/100 psn|[from] item: Leftovers
|-damage|p1a: Hydreigon|82/100 tox|[from] psn
|-damage|p2a: Gastrodon|40/100 psn|[from] psn
|upkeep
|turn|59
|
|t:|1617980696
|switch|p1a: Slowking|Slowking-Galar, M|100/100
|-damage|p1a: Slowking|88/100|[from] Stealth Rock
|move|p2a: Gastrodon|Recover|p2a: Gastrodon
|-heal|p2a: Gastrodon|90/100 psn
|
|-heal|p2a: Gastrodon|96/100 psn|[from] item: Leftovers
|-damage|p2a: Gastrodon|84/100 psn|[from] psn
|-damage|p1a: Slowking|76/100|[from] item: Sticky Barb
|upkeep
|turn|60
|inactive|i know im horrible has 120 seconds left.
|
|t:|1617980720
|switch|p1a: Chansey|Chansey, F|100/100
|-damage|p1a: Chansey|88/100|[from] Stealth Rock
|move|p2a: Gastrodon|Earthquake|p1a: Chansey
|-damage|p1a: Chansey|70/100
|
|-heal|p2a: Gastrodon|90/100 psn|[from] item: Leftovers
|-damage|p2a: Gastrodon|77/100 psn|[from] psn
|upkeep
|turn|61
|
|t:|1617980733
|switch|p2a: Heatran|Heatran, F|71/100
|-damage|p2a: Heatran|58/100|[from] Stealth Rock
|move|p1a: Chansey|Wish|p1a: Chansey
|
|-heal|p2a: Heatran|64/100|[from] item: Leftovers
|upkeep
|turn|62
|
|t:|1617980739
|switch|p1a: Hydreigon|Hydreigon, F|82/100 tox
|-damage|p1a: Hydreigon|70/100 tox|[from] Stealth Rock
|move|p2a: Heatran|Taunt|p1a: Hydreigon
|-start|p1a: Hydreigon|move: Taunt
|
|-heal|p1a: Hydreigon|100/100 tox|[from] move: Wish|[wisher] Chansey
|-heal|p2a: Heatran|71/100|[from] item: Leftovers
|-damage|p1a: Hydreigon|94/100 tox|[from] psn
|upkeep
|turn|63
|
|t:|1617980754
|switch|p2a: Clefable|Clefable, M|95/100
|move|p1a: Hydreigon|Earth Power|p2a: Clefable
|-damage|p2a: Clefable|70/100
|-unboost|p2a: Clefable|spd|1
|
|-heal|p1a: Hydreigon|100/100 tox|[from] item: Leftovers
|-damage|p1a: Hydreigon|88/100 tox|[from] psn
|upkeep
|turn|64
|
|t:|1617980763
|switch|p1a: Slowking|Slowking-Galar, M|100/100
|-damage|p1a: Slowking|88/100|[from] Stealth Rock
|move|p2a: Clefable|Soft-Boiled|p2a: Clefable
|-heal|p2a: Clefable|100/100
|
|-damage|p1a: Slowking|76/100|[from] item: Sticky Barb
|upkeep
|turn|65
|
|t:|1617980776
|switch|p2a: Gastrodon|Gastrodon-East, F|77/100 psn
|-damage|p2a: Gastrodon|71/100 psn|[from] Stealth Rock
|move|p1a: Slowking|Sludge Bomb|p2a: Gastrodon
|-resisted|p2a: Gastrodon
|-damage|p2a: Gastrodon|57/100 psn
|
|-heal|p2a: Gastrodon|63/100 psn|[from] item: Leftovers
|-damage|p2a: Gastrodon|51/100 psn|[from] psn
|-damage|p1a: Slowking|63/100|[from] item: Sticky Barb
|upkeep
|turn|66
|
|t:|1617980794
|switch|p1a: Slowbro|Slowbro, F|100/100
|move|p2a: Gastrodon|Recover|p2a: Gastrodon
|-heal|p2a: Gastrodon|100/100 psn
|
|-damage|p2a: Gastrodon|88/100 psn|[from] psn
|upkeep
|turn|67
|
|t:|1617980814
|switch|p1a: Slowking|Slowking-Galar, M|96/100
|-damage|p1a: Slowking|84/100|[from] Stealth Rock
|move|p2a: Gastrodon|Earthquake|p1a: Slowking
|-supereffective|p1a: Slowking
|-damage|p1a: Slowking|25/100
|
|-heal|p2a: Gastrodon|94/100 psn|[from] item: Leftovers
|-damage|p2a: Gastrodon|82/100 psn|[from] psn
|-damage|p1a: Slowking|12/100|[from] item: Sticky Barb
|upkeep
|turn|68
|
|t:|1617980826
|switch|p1a: Chansey|Chansey, F|70/100
|-damage|p1a: Chansey|57/100|[from] Stealth Rock
|move|p2a: Gastrodon|Toxic|p1a: Chansey
|-status|p1a: Chansey|tox
|
|-heal|p2a: Gastrodon|88/100 psn|[from] item: Leftovers
|-damage|p1a: Chansey|51/100 tox|[from] psn
|-damage|p2a: Gastrodon|75/100 psn|[from] psn
|upkeep
|turn|69
|
|t:|1617980836
|switch|p2a: Heatran|Heatran, F|71/100
|-damage|p2a: Heatran|58/100|[from] Stealth Rock
|move|p1a: Chansey|Soft-Boiled|p1a: Chansey
|-heal|p1a: Chansey|100/100 tox
|
|-heal|p2a: Heatran|64/100|[from] item: Leftovers
|-damage|p1a: Chansey|88/100 tox|[from] psn
|upkeep
|turn|70
|
|t:|1617980845
|switch|p1a: Hydreigon|Hydreigon, F|88/100 tox
|-damage|p1a: Hydreigon|76/100 tox|[from] Stealth Rock
|move|p2a: Heatran|Taunt|p1a: Hydreigon
|-start|p1a: Hydreigon|move: Taunt
|
|-heal|p1a: Hydreigon|82/100 tox|[from] item: Leftovers
|-heal|p2a: Heatran|71/100|[from] item: Leftovers
|-damage|p1a: Hydreigon|76/100 tox|[from] psn
|upkeep
|turn|71
|
|t:|1617980857
|switch|p2a: Clefable|Clefable, M|100/100
|move|p1a: Hydreigon|Earth Power|p2a: Clefable
|-damage|p2a: Clefable|78/100
|
|-heal|p1a: Hydreigon|82/100 tox|[from] item: Leftovers
|-damage|p1a: Hydreigon|70/100 tox|[from] psn
|upkeep
|turn|72
|
|t:|1617980867
|switch|p1a: Slowking|Slowking-Galar, M|45/100
|-damage|p1a: Slowking|33/100|[from] Stealth Rock
|switch|p2a: Heatran|Heatran, F|71/100
|-damage|p2a: Heatran|58/100|[from] Stealth Rock
|
|-heal|p2a: Heatran|64/100|[from] item: Leftovers
|-damage|p1a: Slowking|21/100|[from] item: Sticky Barb
|upkeep
|turn|73
|
|t:|1617980879
|switch|p1a: Hydreigon|Hydreigon, F|70/100 tox
|-damage|p1a: Hydreigon|57/100 tox|[from] Stealth Rock
|move|p2a: Heatran|Taunt|p1a: Hydreigon
|-start|p1a: Hydreigon|move: Taunt
|
|-heal|p1a: Hydreigon|63/100 tox|[from] item: Leftovers
|-heal|p2a: Heatran|71/100|[from] item: Leftovers
|-damage|p1a: Hydreigon|57/100 tox|[from] psn
|upkeep
|turn|74
|
|t:|1617980890
|switch|p2a: Clefable|Clefable, M|78/100
|move|p1a: Hydreigon|Earth Power|p2a: Clefable
|-damage|p2a: Clefable|52/100
|
|-heal|p1a: Hydreigon|63/100 tox|[from] item: Leftovers
|-damage|p1a: Hydreigon|51/100 tox|[from] psn
|upkeep
|turn|75
|
|t:|1617980899
|switch|p1a: Slowking|Slowking-Galar, M|54/100
|-damage|p1a: Slowking|41/100|[from] Stealth Rock
|move|p2a: Clefable|Soft-Boiled|p2a: Clefable
|-heal|p2a: Clefable|100/100
|
|-damage|p1a: Slowking|29/100|[from] item: Sticky Barb
|upkeep
|turn|76
|
|t:|1617980910
|switch|p2a: Gastrodon|Gastrodon-East, F|75/100 psn
|-damage|p2a: Gastrodon|69/100 psn|[from] Stealth Rock
|switch|p1a: Slowbro|Slowbro, F|100/100
|
|-heal|p2a: Gastrodon|75/100 psn|[from] item: Leftovers
|-damage|p2a: Gastrodon|63/100 psn|[from] psn
|upkeep
|turn|77
|
|t:|1617980920
|switch|p1a: Chansey|Chansey, F|88/100
|-damage|p1a: Chansey|76/100|[from] Stealth Rock
|move|p2a: Gastrodon|Toxic|p1a: Chansey
|-status|p1a: Chansey|tox
|
|-heal|p2a: Gastrodon|69/100 psn|[from] item: Leftovers
|-damage|p1a: Chansey|70/100 tox|[from] psn
|-damage|p2a: Gastrodon|57/100 psn|[from] psn
|upkeep
|turn|78
|
|t:|1617980932
|switch|p2a: Heatran|Heatran, F|71/100
|-damage|p2a: Heatran|58/100|[from] Stealth Rock
|move|p1a: Chansey|Wish|p1a: Chansey
|
|-heal|p2a: Heatran|64/100|[from] item: Leftovers
|-damage|p1a: Chansey|58/100 tox|[from] psn
|upkeep
|turn|79
|
|t:|1617980943
|switch|p2a: Clefable|Clefable, M|100/100
|-curestatus|p1a: Chansey|tox|[from] ability: Natural Cure
|switch|p1a: Hydreigon|Hydreigon, F|51/100 tox
|-damage|p1a: Hydreigon|39/100 tox|[from] Stealth Rock
|
|-heal|p1a: Hydreigon|100/100 tox|[from] move: Wish|[wisher] Chansey
|-damage|p1a: Hydreigon|94/100 tox|[from] psn
|upkeep
|turn|80
|
|t:|1617980954
|switch|p1a: Slowking|Slowking-Galar, M|62/100
|-damage|p1a: Slowking|50/100|[from] Stealth Rock
|move|p2a: Clefable|Moonblast|p1a: Slowking
|-resisted|p1a: Slowking
|-damage|p1a: Slowking|36/100
|-unboost|p1a: Slowking|spa|1
|
|-damage|p1a: Slowking|24/100|[from] item: Sticky Barb
|upkeep
|turn|81
|
|t:|1617980965
|switch|p1a: Slowbro|Slowbro, F|100/100
|move|p2a: Clefable|Moonblast|p1a: Slowbro
|-damage|p1a: Slowbro|65/100
|
|upkeep
|turn|82
|
|t:|1617980973
|switch|p1a: Azumarill|Azumarill, M|93/100
|-damage|p1a: Azumarill|80/100|[from] Stealth Rock
|move|p2a: Clefable|Moonblast|p1a: Azumarill
|-damage|p1a: Azumarill|59/100
|
|-heal|p1a: Azumarill|66/100|[from] item: Leftovers
|upkeep
|turn|83
|
|t:|1617980983
|switch|p2a: Gastrodon|Gastrodon-East, F|57/100 psn
|-damage|p2a: Gastrodon|50/100 psn|[from] Stealth Rock
|move|p1a: Azumarill|Whirlpool|p2a: Gastrodon
|-ability|p2a: Gastrodon|Storm Drain|boost
|-boost|p2a: Gastrodon|spa|1
|
|-heal|p1a: Azumarill|72/100|[from] item: Leftovers
|-heal|p2a: Gastrodon|57/100 psn|[from] item: Leftovers
|-damage|p2a: Gastrodon|44/100 psn|[from] psn
|upkeep
|turn|84
|
|t:|1617980993
|move|p1a: Azumarill|Protect|p1a: Azumarill
|-singleturn|p1a: Azumarill|Protect
|move|p2a: Gastrodon|Recover|p2a: Gastrodon
|-heal|p2a: Gastrodon|94/100 psn
|
|-heal|p1a: Azumarill|78/100|[from] item: Leftovers
|-heal|p2a: Gastrodon|99/100 psn|[from] item: Leftovers
|-damage|p2a: Gastrodon|88/100 psn|[from] psn
|upkeep
|turn|85
|
|t:|1617981004
|switch|p1a: Chansey|Chansey, F|58/100
|-damage|p1a: Chansey|45/100|[from] Stealth Rock
|move|p2a: Gastrodon|Scald|p1a: Chansey
|-damage|p1a: Chansey|34/100
|
|-heal|p2a: Gastrodon|94/100 psn|[from] item: Leftovers
|-damage|p2a: Gastrodon|81/100 psn|[from] psn
|upkeep
|turn|86
|
|t:|1617981017
|switch|p2a: Heatran|Heatran, F|64/100
|-damage|p2a: Heatran|52/100|[from] Stealth Rock
|move|p1a: Chansey|Soft-Boiled|p1a: Chansey
|-heal|p1a: Chansey|84/100
|
|-heal|p2a: Heatran|58/100|[from] item: Leftovers
|upkeep
|turn|87
|
|t:|1617981031
|switch|p1a: Hydreigon|Hydreigon, F|94/100 tox
|-damage|p1a: Hydreigon|82/100 tox|[from] Stealth Rock
|move|p2a: Heatran|Taunt|p1a: Hydreigon
|-start|p1a: Hydreigon|move: Taunt
|
|-heal|p1a: Hydreigon|88/100 tox|[from] item: Leftovers
|-heal|p2a: Heatran|64/100|[from] item: Leftovers
|-damage|p1a: Hydreigon|82/100 tox|[from] psn
|upkeep
|turn|88
|
|t:|1617981043
|switch|p2a: Clefable|Clefable, M|100/100
|move|p1a: Hydreigon|Earth Power|p2a: Clefable
|-damage|p2a: Clefable|76/100
|
|-heal|p1a: Hydreigon|88/100 tox|[from] item: Leftovers
|-damage|p1a: Hydreigon|76/100 tox|[from] psn
|upkeep
|turn|89
|
|t:|1617981053
|switch|p1a: Slowking|Slowking-Galar, M|57/100
|-damage|p1a: Slowking|44/100|[from] Stealth Rock
|move|p2a: Clefable|Moonblast|p1a: Slowking
|-resisted|p1a: Slowking
|-damage|p1a: Slowking|31/100
|
|-damage|p1a: Slowking|19/100|[from] item: Sticky Barb
|upkeep
|turn|90
|
|t:|1617981062
|switch|p1a: Slowbro|Slowbro, F|98/100
|move|p2a: Clefable|Moonblast|p1a: Slowbro
|-damage|p1a: Slowbro|68/100
|-unboost|p1a: Slowbro|spa|1
|
|upkeep
|turn|91
|
|t:|1617981070
|move|p2a: Clefable|Moonblast|p1a: Slowbro
|-damage|p1a: Slowbro|36/100
|move|p1a: Slowbro|Ice Beam|p2a: Clefable
|-damage|p2a: Clefable|64/100
|
|upkeep
|turn|92
|
|t:|1617981077
|move|p2a: Clefable|Moonblast|p1a: Slowbro
|-damage|p1a: Slowbro|0 fnt
|faint|p1a: Slowbro
|
|upkeep
|c|☆i know im horrible|that
|c|☆i know im horrible|is an enormous high roll
|inactive|i know im horrible has 120 seconds left.
|
|t:|1617981112
|switch|p1a: Chansey|Chansey, F|84/100
|-damage|p1a: Chansey|72/100|[from] Stealth Rock
|turn|93
|
|t:|1617981118
|switch|p1a: Slowking|Slowking-Galar, M|52/100
|-damage|p1a: Slowking|40/100|[from] Stealth Rock
|move|p2a: Clefable|Soft-Boiled|p2a: Clefable
|-heal|p2a: Clefable|100/100
|
|-damage|p1a: Slowking|27/100|[from] item: Sticky Barb
|upkeep
|turn|94
|
|t:|1617981128
|switch|p1a: Chansey|Chansey, F|72/100
|-damage|p1a: Chansey|59/100|[from] Stealth Rock
|move|p2a: Clefable|Moonblast|p1a: Chansey
|-damage|p1a: Chansey|49/100
|
|upkeep
|turn|95
|
|t:|1617981136
|move|p2a: Clefable|Trick|p1a: Chansey
|-activate|p2a: Clefable|move: Trick|[of] p1a: Chansey
|-item|p1a: Chansey|Heavy-Duty Boots|[from] move: Trick
|-item|p2a: Clefable|Eviolite|[from] move: Trick
|move|p1a: Chansey|Soft-Boiled|p1a: Chansey
|-heal|p1a: Chansey|99/100
|
|upkeep
|turn|96
|
|t:|1617981149
|switch|p2a: Heatran|Heatran, F|64/100
|-damage|p2a: Heatran|52/100|[from] Stealth Rock
|move|p1a: Chansey|Wish|p1a: Chansey
|
|-heal|p2a: Heatran|58/100|[from] item: Leftovers
|upkeep
|turn|97
|
|t:|1617981159
|switch|p1a: Slowking|Slowking-Galar, M|60/100
|-damage|p1a: Slowking|48/100|[from] Stealth Rock
|move|p2a: Heatran|Magma Storm|p1a: Slowking
|-damage|p1a: Slowking|13/100
|-activate|p1a: Slowking|move: Magma Storm|[of] p2a: Heatran
|
|-heal|p1a: Slowking|100/100|[from] move: Wish|[wisher] Chansey
|-heal|p2a: Heatran|64/100|[from] item: Leftovers
|-damage|p1a: Slowking|88/100|[from] move: Magma Storm|[partiallytrapped]
|-damage|p1a: Slowking|76/100|[from] item: Sticky Barb
|upkeep
|turn|98
|
|t:|1617981175
|move|p2a: Heatran|Earth Power|p1a: Slowking
|-supereffective|p1a: Slowking
|-damage|p1a: Slowking|33/100
|move|p1a: Slowking|Hydro Pump|p2a: Heatran
|-supereffective|p2a: Heatran
|-damage|p2a: Heatran|10/100
|
|-heal|p2a: Heatran|16/100|[from] item: Leftovers
|-damage|p1a: Slowking|21/100|[from] move: Magma Storm|[partiallytrapped]
|-damage|p1a: Slowking|9/100|[from] item: Sticky Barb
|upkeep
|turn|99
|
|t:|1617981185
|move|p2a: Heatran|Earth Power|p1a: Slowking
|-supereffective|p1a: Slowking
|-damage|p1a: Slowking|0 fnt
|faint|p1a: Slowking
|
|-heal|p2a: Heatran|23/100|[from] item: Leftovers
|upkeep
|
|t:|1617981189
|switch|p1a: Hydreigon|Hydreigon, F|76/100 tox
|-damage|p1a: Hydreigon|63/100 tox|[from] Stealth Rock
|turn|100
|
|t:|1617981195
|switch|p2a: Clefable|Clefable, M|100/100
|move|p1a: Hydreigon|Earth Power|p2a: Clefable
|-damage|p2a: Clefable|77/100
|
|-heal|p1a: Hydreigon|70/100 tox|[from] item: Leftovers
|-damage|p1a: Hydreigon|63/100 tox|[from] psn
|upkeep
|turn|101
|-message|i know im horrible forfeited.
|
|win|Contrary Servine
|l|☆i know im horrible
|raw|i know im horrible's rating: 1606 &rarr; <strong>1589</strong><br />(-17 for losing)
|raw|Contrary Servine's rating: 1664 &rarr; <strong>1681</strong><br />(+17 for winning)
|l| Celtis
|l|☆Contrary Servine
|j|☆Contrary Servine
|player|p2|Contrary Servine|124
||Ladder isn't responding, score probably updated but might not have (Request timeout).
