|j|☆Bulletproof Tesla
|j|☆Arnaud senju vgc
|player|p1|Bulletproof Tesla|roughneck|1833
|player|p2|Arnaud senju vgc|alder|1791
|teamsize|p1|6
|teamsize|p2|6
|gametype|singles
|gen|8
|tier|[Gen 8] OU
|rated|
|clearpoke
|poke|p1|Hippowdon, M|
|poke|p1|Corviknight, M|
|poke|p1|Rotom-Heat|
|poke|p1|Clefable, F|
|poke|p1|Cinderace, F|
|poke|p1|Dragapult, M|
|poke|p2|Ferrothorn, F|
|poke|p2|Hippowdon, F|
|poke|p2|Dragapult, F|
|poke|p2|Excadrill, F|
|poke|p2|Primarina, M|
|poke|p2|Mandibuzz, F|
|rule|Sleep Clause Mod: Limit one foe put to sleep
|rule|Species Clause: Limit one of each Pokémon
|rule|OHKO Clause: OHKO moves are banned
|rule|Evasion Moves Clause: Evasion moves are banned
|rule|Endless Battle Clause: Forcing endless battles is banned
|rule|HP Percentage Mod: HP is shown in percentages
|rule|Dynamax Clause: You cannot dynamax
|teampreview
|inactive|Battle timer is ON: inactive players will automatically lose when time's up. (requested by Arnaud senju vgc)
|
|start
|switch|p1a: Rotom|Rotom-Heat|100/100
|switch|p2a: Dragapult|Dragapult, F|100/100
|turn|1
|
|move|p1a: Rotom|Volt Switch|p2a: Dragapult
|-resisted|p2a: Dragapult
|-damage|p2a: Dragapult|79/100
|
|switch|p1a: Clefable|Clefable, F|100/100|[from]move: Volt Switch
|move|p2a: Dragapult|U-turn|p1a: Clefable
|-resisted|p1a: Clefable
|-damage|p1a: Clefable|91/100
|
|switch|p2a: Primarina|Primarina, M|100/100|[from]move: U-turn
|
|-heal|p1a: Clefable|97/100|[from] item: Leftovers
|upkeep
|turn|2
|
|move|p2a: Primarina|Substitute|p2a: Primarina
|-start|p2a: Primarina|Substitute
|-damage|p2a: Primarina|75/100
|move|p1a: Clefable|Teleport|p1a: Clefable
|
|switch|p1a: Rotom|Rotom-Heat|100/100|[from]move: Teleport
|
|-heal|p2a: Primarina|82/100|[from] item: Leftovers
|upkeep
|turn|3
|
|move|p1a: Rotom|Volt Switch|p2a: Primarina
|-supereffective|p2a: Primarina
|-end|p2a: Primarina|Substitute
|
|switch|p1a: Dragapult|Dragapult, M|100/100|[from]move: Volt Switch
|move|p2a: Primarina|Calm Mind|p2a: Primarina
|-boost|p2a: Primarina|spa|1
|-boost|p2a: Primarina|spd|1
|
|-heal|p2a: Primarina|88/100|[from] item: Leftovers
|upkeep
|turn|4
|
|switch|p1a: Rotom|Rotom-Heat|100/100
|move|p2a: Primarina|Moonblast|p1a: Rotom
|-resisted|p1a: Rotom
|-damage|p1a: Rotom|58/100
|-unboost|p1a: Rotom|spa|1
|
|-heal|p2a: Primarina|94/100|[from] item: Leftovers
|upkeep
|turn|5
|j| Spicycinnamon
|
|switch|p2a: Excadrill|Excadrill, F|100/100
|move|p1a: Rotom|Trick|p2a: Excadrill
|-activate|p1a: Rotom|move: Trick|[of] p2a: Excadrill
|-item|p2a: Excadrill|Choice Scarf|[from] move: Trick
|-item|p1a: Rotom|Leftovers|[from] move: Trick
|
|-heal|p1a: Rotom|64/100|[from] item: Leftovers
|upkeep
|turn|6
|inactive|Bulletproof Tesla has 120 seconds left.
|
|switch|p2a: Hippowdon|Hippowdon, F|100/100
|-weather|Sandstorm|[from] ability: Sand Stream|[of] p2a: Hippowdon
|move|p1a: Rotom|Overheat|p2a: Hippowdon
|-damage|p2a: Hippowdon|59/100
|-unboost|p1a: Rotom|spa|2
|
|-weather|Sandstorm|[upkeep]
|-damage|p1a: Rotom|58/100|[from] Sandstorm
|-heal|p1a: Rotom|64/100|[from] item: Leftovers
|upkeep
|turn|7
|
|switch|p1a: Corviknight|Corviknight, M|100/100
|-ability|p1a: Corviknight|Pressure
|move|p2a: Hippowdon|Stealth Rock|p1a: Corviknight
|-sidestart|p1: Bulletproof Tesla|move: Stealth Rock
|
|-weather|Sandstorm|[upkeep]
|upkeep
|turn|8
|inactive|Bulletproof Tesla has 120 seconds left.
|
|move|p1a: Corviknight|Defog|p2a: Hippowdon
|-unboost|p2a: Hippowdon|evasion|1
|-sideend|p1: Bulletproof Tesla|Stealth Rock|[from] move: Defog|[of] p1a: Corviknight
|move|p2a: Hippowdon|Slack Off|p2a: Hippowdon
|-heal|p2a: Hippowdon|100/100
|
|-weather|Sandstorm|[upkeep]
|upkeep
|turn|9
|j| 99i9iu
|inactive|Bulletproof Tesla has 120 seconds left.
|
|switch|p1a: Hippowdon|Hippowdon, M|100/100
|move|p2a: Hippowdon|Stealth Rock|p1a: Hippowdon
|-sidestart|p1: Bulletproof Tesla|move: Stealth Rock
|
|-weather|Sandstorm|[upkeep]
|upkeep
|turn|10
|
|switch|p2a: Ferrothorn|Ferrothorn, F|100/100
|move|p1a: Hippowdon|Toxic|p2a: Ferrothorn
|-immune|p2a: Ferrothorn
|
|-weather|none
|upkeep
|turn|11
|
|move|p1a: Hippowdon|Stealth Rock|p2a: Ferrothorn
|-sidestart|p2: Arnaud senju vgc|move: Stealth Rock
|move|p2a: Ferrothorn|Leech Seed|p1a: Hippowdon
|-start|p1a: Hippowdon|move: Leech Seed
|
|-damage|p1a: Hippowdon|88/100|[from] Leech Seed|[of] p2a: Ferrothorn
|upkeep
|turn|12
|
|switch|p1a: Cinderace|Cinderace, F|100/100
|move|p2a: Ferrothorn|Leech Seed|p1a: Cinderace
|-start|p1a: Cinderace|move: Leech Seed
|
|-damage|p1a: Cinderace|88/100|[from] Leech Seed|[of] p2a: Ferrothorn
|upkeep
|turn|13
|
|switch|p1a: Rotom|Rotom-Heat|64/100
|-damage|p1a: Rotom|40/100|[from] Stealth Rock
|switch|p2a: Hippowdon|Hippowdon, F|100/100
|-damage|p2a: Hippowdon|94/100|[from] Stealth Rock
|-weather|Sandstorm|[from] ability: Sand Stream|[of] p2a: Hippowdon
|
|-weather|Sandstorm|[upkeep]
|-damage|p1a: Rotom|34/100|[from] Sandstorm
|-heal|p1a: Rotom|40/100|[from] item: Leftovers
|upkeep
|turn|14
|j| rickywang
|
|move|p1a: Rotom|Overheat|p2a: Hippowdon
|-damage|p2a: Hippowdon|34/100
|-unboost|p1a: Rotom|spa|2
|move|p2a: Hippowdon|Toxic|p1a: Rotom
|-status|p1a: Rotom|tox
|
|-weather|Sandstorm|[upkeep]
|-damage|p1a: Rotom|34/100 tox|[from] Sandstorm
|-heal|p1a: Rotom|40/100 tox|[from] item: Leftovers
|-damage|p1a: Rotom|34/100 tox|[from] psn
|upkeep
|turn|15
|
|switch|p1a: Clefable|Clefable, F|97/100
|move|p2a: Hippowdon|Slack Off|p2a: Hippowdon
|-heal|p2a: Hippowdon|84/100
|
|-weather|Sandstorm|[upkeep]
|-heal|p1a: Clefable|100/100|[from] item: Leftovers
|upkeep
|turn|16
|
|move|p1a: Clefable|Wish|p1a: Clefable
|move|p2a: Hippowdon|Toxic|p1a: Clefable|[miss]
|-miss|p2a: Hippowdon|p1a: Clefable
|
|-weather|Sandstorm|[upkeep]
|upkeep
|turn|17
|
|move|p2a: Hippowdon|Toxic|p1a: Clefable
|-status|p1a: Clefable|tox
|move|p1a: Clefable|Teleport|p1a: Clefable
|
|switch|p1a: Rotom|Rotom-Heat|34/100 tox|[from]move: Teleport
|-damage|p1a: Rotom|9/100 tox|[from] Stealth Rock
|
|-weather|none
|-heal|p1a: Rotom|87/100 tox|[from] move: Wish|[wisher] Clefable
|-heal|p1a: Rotom|93/100 tox|[from] item: Leftovers
|-damage|p1a: Rotom|87/100 tox|[from] psn
|upkeep
|turn|18
|
|switch|p1a: Clefable|Clefable, F|100/100 tox
|move|p2a: Hippowdon|Slack Off|p2a: Hippowdon
|-heal|p2a: Hippowdon|100/100
|
|upkeep
|turn|19
|j| KingSmilez
|l| KingSmilez
|
|switch|p2a: Excadrill|Excadrill, F|100/100
|-damage|p2a: Excadrill|97/100|[from] Stealth Rock
|move|p1a: Clefable|Moonblast|p2a: Excadrill
|-resisted|p2a: Excadrill
|-damage|p2a: Excadrill|76/100
|
|upkeep
|turn|20
|
|switch|p2a: Primarina|Primarina, M|94/100
|-damage|p2a: Primarina|81/100|[from] Stealth Rock
|switch|p1a: Hippowdon|Hippowdon, M|88/100
|-damage|p1a: Hippowdon|82/100|[from] Stealth Rock
|-weather|Sandstorm|[from] ability: Sand Stream|[of] p1a: Hippowdon
|
|-weather|Sandstorm|[upkeep]
|-damage|p2a: Primarina|75/100|[from] Sandstorm
|-heal|p2a: Primarina|81/100|[from] item: Leftovers
|upkeep
|turn|21
|
|switch|p1a: Corviknight|Corviknight, M|100/100
|-damage|p1a: Corviknight|88/100|[from] Stealth Rock
|-ability|p1a: Corviknight|Pressure
|move|p2a: Primarina|Substitute|p2a: Primarina
|-start|p2a: Primarina|Substitute
|-damage|p2a: Primarina|56/100
|
|-weather|Sandstorm|[upkeep]
|-damage|p2a: Primarina|50/100|[from] Sandstorm
|-heal|p1a: Corviknight|94/100|[from] item: Leftovers
|-heal|p2a: Primarina|56/100|[from] item: Leftovers
|upkeep
|turn|22
|
|move|p1a: Corviknight|Brave Bird|p2a: Primarina
|-end|p2a: Primarina|Substitute
|-damage|p1a: Corviknight|87/100|[from] Recoil|[of] p2a: Primarina
|move|p2a: Primarina|Calm Mind|p2a: Primarina
|-boost|p2a: Primarina|spa|1
|-boost|p2a: Primarina|spd|1
|
|-weather|Sandstorm|[upkeep]
|-damage|p2a: Primarina|50/100|[from] Sandstorm
|-heal|p1a: Corviknight|93/100|[from] item: Leftovers
|-heal|p2a: Primarina|56/100|[from] item: Leftovers
|upkeep
|turn|23
|
|move|p1a: Corviknight|Brave Bird|p2a: Primarina
|-damage|p2a: Primarina|10/100
|-damage|p1a: Corviknight|79/100|[from] Recoil
|move|p2a: Primarina|Scald|p1a: Corviknight
|-damage|p1a: Corviknight|5/100
|-status|p1a: Corviknight|brn
|
|-weather|Sandstorm|[upkeep]
|-damage|p2a: Primarina|4/100|[from] Sandstorm
|-heal|p1a: Corviknight|11/100 brn|[from] item: Leftovers
|-heal|p2a: Primarina|10/100|[from] item: Leftovers
|-damage|p1a: Corviknight|5/100 brn|[from] brn
|upkeep
|turn|24
|
|switch|p2a: Mandibuzz|Mandibuzz, F|100/100
|move|p1a: Corviknight|Brave Bird|p2a: Mandibuzz
|-damage|p2a: Mandibuzz|87/100
|-damage|p1a: Corviknight|0 fnt|[from] Recoil
|faint|p1a: Corviknight
|
|-weather|none
|upkeep
|
|switch|p1a: Cinderace|Cinderace, F|88/100
|turn|25
|
|move|p1a: Cinderace|Bulk Up|p1a: Cinderace
|-start|p1a: Cinderace|typechange|Fighting|[from] ability: Libero
|-boost|p1a: Cinderace|atk|1
|-boost|p1a: Cinderace|def|1
|move|p2a: Mandibuzz|Foul Play|p1a: Cinderace
|-resisted|p1a: Cinderace
|-damage|p1a: Cinderace|56/100
|
|upkeep
|turn|26
|
|move|p1a: Cinderace|Pyro Ball|p2a: Mandibuzz|[miss]
|-start|p1a: Cinderace|typechange|Fire|[from] ability: Libero
|-miss|p1a: Cinderace|p2a: Mandibuzz
|move|p2a: Mandibuzz|Foul Play|p1a: Cinderace
|-damage|p1a: Cinderace|0 fnt
|faint|p1a: Cinderace
|
|upkeep
|inactive|Bulletproof Tesla has 120 seconds left.
|inactive|Bulletproof Tesla has 90 seconds left.
|
|switch|p1a: Dragapult|Dragapult, M|100/100
|-damage|p1a: Dragapult|88/100|[from] Stealth Rock
|turn|27
|
|move|p1a: Dragapult|Will-O-Wisp|p2a: Mandibuzz
|-status|p2a: Mandibuzz|brn
|move|p2a: Mandibuzz|Foul Play|p1a: Dragapult
|-supereffective|p1a: Dragapult
|-crit|p1a: Dragapult
|-damage|p1a: Dragapult|18/100
|
|-damage|p2a: Mandibuzz|81/100 brn|[from] brn
|upkeep
|turn|28
|
|move|p1a: Dragapult|U-turn|p2a: Mandibuzz
|-damage|p2a: Mandibuzz|67/100 brn
|
|switch|p1a: Clefable|Clefable, F|100/100 tox|[from]move: U-turn
|move|p2a: Mandibuzz|Foul Play|p1a: Clefable
|-resisted|p1a: Clefable
|-damage|p1a: Clefable|96/100 tox
|
|-heal|p1a: Clefable|100/100 tox|[from] item: Leftovers
|-damage|p2a: Mandibuzz|61/100 brn|[from] brn
|upkeep
|turn|29
|
|move|p2a: Mandibuzz|U-turn|p1a: Clefable
|-resisted|p1a: Clefable
|-damage|p1a: Clefable|97/100 tox
|
|switch|p2a: Excadrill|Excadrill, F|76/100|[from]move: U-turn
|-damage|p2a: Excadrill|73/100|[from] Stealth Rock
|move|p1a: Clefable|Wish|p1a: Clefable
|
|-heal|p1a: Clefable|100/100 tox|[from] item: Leftovers
|upkeep
|turn|30
|
|switch|p1a: Rotom|Rotom-Heat|87/100 tox
|-damage|p1a: Rotom|63/100 tox|[from] Stealth Rock
|move|p2a: Excadrill|Iron Head|p1a: Rotom
|-resisted|p1a: Rotom
|-damage|p1a: Rotom|49/100 tox
|
|-heal|p1a: Rotom|100/100 tox|[from] move: Wish|[wisher] Clefable
|-damage|p1a: Rotom|95/100 tox|[from] psn
|upkeep
|turn|31
|
|switch|p2a: Hippowdon|Hippowdon, F|100/100
|-damage|p2a: Hippowdon|94/100|[from] Stealth Rock
|-weather|Sandstorm|[from] ability: Sand Stream|[of] p2a: Hippowdon
|move|p1a: Rotom|Overheat|p2a: Hippowdon
|-damage|p2a: Hippowdon|30/100
|-unboost|p1a: Rotom|spa|2
|
|-weather|Sandstorm|[upkeep]
|-damage|p1a: Rotom|89/100 tox|[from] Sandstorm
|-heal|p1a: Rotom|95/100 tox|[from] item: Leftovers
|-damage|p1a: Rotom|83/100 tox|[from] psn
|upkeep
|turn|32
|
|move|p1a: Rotom|Overheat|p2a: Hippowdon
|-damage|p2a: Hippowdon|2/100
|-unboost|p1a: Rotom|spa|2
|move|p2a: Hippowdon|Slack Off|p2a: Hippowdon
|-heal|p2a: Hippowdon|52/100
|
|-weather|Sandstorm|[upkeep]
|-damage|p1a: Rotom|77/100 tox|[from] Sandstorm
|-heal|p1a: Rotom|83/100 tox|[from] item: Leftovers
|-damage|p1a: Rotom|65/100 tox|[from] psn
|upkeep
|turn|33
|c|☆Bulletproof Tesla|the luck doesnt stop
|
|switch|p1a: Clefable|Clefable, F|100/100 tox
|switch|p2a: Excadrill|Excadrill, F|73/100
|-damage|p2a: Excadrill|70/100|[from] Stealth Rock
|
|-weather|Sandstorm|[upkeep]
|upkeep
|turn|34
|j| LorageHp
|
|switch|p2a: Ferrothorn|Ferrothorn, F|100/100
|-damage|p2a: Ferrothorn|94/100|[from] Stealth Rock
|move|p1a: Clefable|Protect||[still]
|-fail|p1a: Clefable
|
|-weather|Sandstorm|[upkeep]
|-heal|p2a: Ferrothorn|100/100|[from] item: Leftovers
|upkeep
|turn|35
|
|move|p1a: Clefable|Wish|p1a: Clefable
|move|p2a: Ferrothorn|Spikes|p1a: Clefable
|-sidestart|p1: Bulletproof Tesla|Spikes
|
|-weather|none
|upkeep
|turn|36
|
|move|p2a: Ferrothorn|Spikes|p1a: Clefable
|-sidestart|p1: Bulletproof Tesla|Spikes
|move|p1a: Clefable|Teleport|p1a: Clefable
|
|switch|p1a: Rotom|Rotom-Heat|65/100 tox|[from]move: Teleport
|-damage|p1a: Rotom|40/100 tox|[from] Stealth Rock
|
|-heal|p1a: Rotom|100/100 tox|[from] move: Wish|[wisher] Clefable
|-damage|p1a: Rotom|95/100 tox|[from] psn
|upkeep
|turn|37
|
|switch|p2a: Mandibuzz|Mandibuzz, F|61/100 brn
|move|p1a: Rotom|Overheat|p2a: Mandibuzz
|-damage|p2a: Mandibuzz|28/100 brn
|-unboost|p1a: Rotom|spa|2
|
|-heal|p1a: Rotom|100/100 tox|[from] item: Leftovers
|-damage|p1a: Rotom|89/100 tox|[from] psn
|-damage|p2a: Mandibuzz|22/100 brn|[from] brn
|upkeep
|turn|38
|
|move|p1a: Rotom|Discharge|p2a: Mandibuzz
|-supereffective|p2a: Mandibuzz
|-damage|p2a: Mandibuzz|0 fnt
|faint|p2a: Mandibuzz
|
|-heal|p1a: Rotom|95/100 tox|[from] item: Leftovers
|-damage|p1a: Rotom|77/100 tox|[from] psn
|upkeep
|
|switch|p2a: Dragapult|Dragapult, F|79/100
|-damage|p2a: Dragapult|67/100|[from] Stealth Rock
|turn|39
|
|switch|p1a: Dragapult|Dragapult, M|18/100
|-damage|p1a: Dragapult|1/100|[from] Spikes
|-damage|p1a: Dragapult|0 fnt|[from] Stealth Rock
|faint|p1a: Dragapult
|move|p2a: Dragapult|Hex|p1: Dragapult|[notarget]
|-fail|p2a: Dragapult
|
|-heal|p2a: Dragapult|73/100|[from] item: Leftovers
|upkeep
|
|switch|p1a: Clefable|Clefable, F|100/100 tox
|turn|40
|
|move|p2a: Dragapult|U-turn|p1a: Clefable
|-resisted|p1a: Clefable
|-damage|p1a: Clefable|91/100 tox
|
|switch|p2a: Excadrill|Excadrill, F|70/100|[from]move: U-turn
|-damage|p2a: Excadrill|67/100|[from] Stealth Rock
|move|p1a: Clefable|Moonblast|p2a: Excadrill
|-resisted|p2a: Excadrill
|-damage|p2a: Excadrill|47/100
|
|-heal|p1a: Clefable|97/100 tox|[from] item: Leftovers
|upkeep
|turn|41
|
|move|p1a: Clefable|Protect|p1a: Clefable
|-singleturn|p1a: Clefable|Protect
|move|p2a: Excadrill|Rapid Spin|p1a: Clefable
|-activate|p1a: Clefable|move: Protect
|
|-heal|p1a: Clefable|100/100 tox|[from] item: Leftovers
|upkeep
|turn|42
|
|switch|p1a: Hippowdon|Hippowdon, M|82/100
|-damage|p1a: Hippowdon|65/100|[from] Spikes
|-damage|p1a: Hippowdon|59/100|[from] Stealth Rock
|-weather|Sandstorm|[from] ability: Sand Stream|[of] p1a: Hippowdon
|move|p2a: Excadrill|Rapid Spin|p1a: Hippowdon
|-damage|p1a: Hippowdon|49/100
|-boost|p2a: Excadrill|spe|1
|-damage|p2a: Excadrill|31/100|[from] item: Rocky Helmet|[of] p1a: Hippowdon
|-sideend|p2: Arnaud senju vgc|Stealth Rock|[from] move: Rapid Spin|[of] p2a: Excadrill
|
|-weather|Sandstorm|[upkeep]
|upkeep
|turn|43
|
|switch|p2a: Dragapult|Dragapult, F|73/100
|move|p1a: Hippowdon|Slack Off|p1a: Hippowdon
|-heal|p1a: Hippowdon|99/100
|
|-weather|Sandstorm|[upkeep]
|-damage|p2a: Dragapult|67/100|[from] Sandstorm
|-heal|p2a: Dragapult|73/100|[from] item: Leftovers
|upkeep
|turn|44
|
|switch|p1a: Clefable|Clefable, F|100/100 tox
|move|p2a: Dragapult|Will-O-Wisp||[still]
|-fail|p2a: Dragapult
|
|-weather|Sandstorm|[upkeep]
|-damage|p2a: Dragapult|67/100|[from] Sandstorm
|-heal|p2a: Dragapult|73/100|[from] item: Leftovers
|upkeep
|turn|45
|
|move|p2a: Dragapult|U-turn|p1a: Clefable
|-resisted|p1a: Clefable
|-damage|p1a: Clefable|91/100 tox
|
|switch|p2a: Hippowdon|Hippowdon, F|52/100|[from]move: U-turn
|move|p1a: Clefable|Wish|p1a: Clefable
|
|-weather|Sandstorm|[upkeep]
|-heal|p1a: Clefable|97/100 tox|[from] item: Leftovers
|upkeep
|turn|46
|
|move|p2a: Hippowdon|Slack Off|p2a: Hippowdon
|-heal|p2a: Hippowdon|100/100
|move|p1a: Clefable|Teleport|p1a: Clefable
|
|switch|p1a: Hippowdon|Hippowdon, M|99/100|[from]move: Teleport
|-damage|p1a: Hippowdon|83/100|[from] Spikes
|-damage|p1a: Hippowdon|76/100|[from] Stealth Rock
|
|-weather|none
|-heal|p1a: Hippowdon|100/100|[from] move: Wish|[wisher] Clefable
|upkeep
|turn|47
|
|move|p1a: Hippowdon|Toxic|p2a: Hippowdon
|-status|p2a: Hippowdon|tox
|move|p2a: Hippowdon|Toxic|p1a: Hippowdon
|-status|p1a: Hippowdon|tox
|
|-damage|p1a: Hippowdon|94/100 tox|[from] psn
|-damage|p2a: Hippowdon|94/100 tox|[from] psn
|upkeep
|turn|48
|
|switch|p2a: Primarina|Primarina, M|10/100
|move|p1a: Hippowdon|Stealth Rock|p2a: Primarina
|-sidestart|p2: Arnaud senju vgc|move: Stealth Rock
|
|-heal|p2a: Primarina|16/100|[from] item: Leftovers
|-damage|p1a: Hippowdon|82/100 tox|[from] psn
|upkeep
|turn|49
|
|switch|p1a: Clefable|Clefable, F|97/100 tox
|move|p2a: Primarina|Scald|p1a: Clefable
|-damage|p1a: Clefable|59/100 tox
|
|-heal|p2a: Primarina|22/100|[from] item: Leftovers
|-heal|p1a: Clefable|65/100 tox|[from] item: Leftovers
|upkeep
|turn|50
|
|move|p2a: Primarina|Moonblast|p1a: Clefable
|-damage|p1a: Clefable|36/100 tox
|move|p1a: Clefable|Moonblast|p2a: Primarina
|-damage|p2a: Primarina|0 fnt
|faint|p2a: Primarina
|
|-heal|p1a: Clefable|42/100 tox|[from] item: Leftovers
|upkeep
|
|switch|p2a: Excadrill|Excadrill, F|31/100
|-damage|p2a: Excadrill|28/100|[from] Stealth Rock
|turn|51
|
|move|p1a: Clefable|Protect|p1a: Clefable
|-singleturn|p1a: Clefable|Protect
|move|p2a: Excadrill|Iron Head|p1a: Clefable
|-activate|p1a: Clefable|move: Protect
|
|-heal|p1a: Clefable|48/100 tox|[from] item: Leftovers
|upkeep
|turn|52
|
|switch|p2a: Dragapult|Dragapult, F|73/100
|-damage|p2a: Dragapult|60/100|[from] Stealth Rock
|switch|p1a: Hippowdon|Hippowdon, M|82/100 tox
|-damage|p1a: Hippowdon|76/100 tox|[from] Stealth Rock
|-damage|p1a: Hippowdon|59/100 tox|[from] Spikes
|-weather|Sandstorm|[from] ability: Sand Stream|[of] p1a: Hippowdon
|
|-weather|Sandstorm|[upkeep]
|-damage|p2a: Dragapult|54/100|[from] Sandstorm
|-heal|p2a: Dragapult|60/100|[from] item: Leftovers
|-damage|p1a: Hippowdon|53/100 tox|[from] psn
|upkeep
|turn|53
|
|move|p2a: Dragapult|Hex|p1a: Hippowdon
|-damage|p1a: Hippowdon|0 fnt
|faint|p1a: Hippowdon
|
|-weather|Sandstorm|[upkeep]
|-damage|p2a: Dragapult|54/100|[from] Sandstorm
|-heal|p2a: Dragapult|60/100|[from] item: Leftovers
|upkeep
|
|switch|p1a: Clefable|Clefable, F|48/100 tox
|turn|54
|
|move|p1a: Clefable|Protect|p1a: Clefable
|-singleturn|p1a: Clefable|Protect
|move|p2a: Dragapult|Hex|p1a: Clefable
|-activate|p1a: Clefable|move: Protect
|
|-weather|Sandstorm|[upkeep]
|-damage|p2a: Dragapult|54/100|[from] Sandstorm
|-heal|p2a: Dragapult|60/100|[from] item: Leftovers
|-heal|p1a: Clefable|54/100 tox|[from] item: Leftovers
|upkeep
|turn|55
|
|move|p2a: Dragapult|U-turn|p1a: Clefable
|-resisted|p1a: Clefable
|-damage|p1a: Clefable|45/100 tox
|
|switch|p2a: Excadrill|Excadrill, F|28/100|[from]move: U-turn
|-damage|p2a: Excadrill|25/100|[from] Stealth Rock
|move|p1a: Clefable|Wish|p1a: Clefable
|
|-weather|Sandstorm|[upkeep]
|-heal|p1a: Clefable|51/100 tox|[from] item: Leftovers
|upkeep
|turn|56
|
|move|p1a: Clefable|Protect|p1a: Clefable
|-singleturn|p1a: Clefable|Protect
|move|p2a: Excadrill|Rapid Spin|p1a: Clefable
|-activate|p1a: Clefable|move: Protect
|
|-weather|none
|-heal|p1a: Clefable|100/100 tox|[from] move: Wish|[wisher] Clefable
|upkeep
|turn|57
|
|move|p2a: Excadrill|Rapid Spin|p1a: Clefable
|-damage|p1a: Clefable|82/100 tox
|-boost|p2a: Excadrill|spe|1
|-sideend|p2: Arnaud senju vgc|Stealth Rock|[from] move: Rapid Spin|[of] p2a: Excadrill
|move|p1a: Clefable|Moonblast|p2a: Excadrill
|-resisted|p2a: Excadrill
|-damage|p2a: Excadrill|5/100
|-unboost|p2a: Excadrill|spa|1
|
|-heal|p1a: Clefable|88/100 tox|[from] item: Leftovers
|upkeep
|turn|58
|
|switch|p2a: Ferrothorn|Ferrothorn, F|100/100
|move|p1a: Clefable|Wish|p1a: Clefable
|
|-heal|p1a: Clefable|94/100 tox|[from] item: Leftovers
|upkeep
|turn|59
|
|move|p2a: Ferrothorn|Leech Seed|p1a: Clefable|[miss]
|-miss|p2a: Ferrothorn|p1a: Clefable
|move|p1a: Clefable|Teleport|p1a: Clefable
|
|switch|p1a: Rotom|Rotom-Heat|77/100 tox|[from]move: Teleport
|-damage|p1a: Rotom|52/100 tox|[from] Stealth Rock
|
|-heal|p1a: Rotom|100/100 tox|[from] move: Wish|[wisher] Clefable
|-damage|p1a: Rotom|95/100 tox|[from] psn
|upkeep
|turn|60
|j| Accountstolenagain
|
|switch|p2a: Hippowdon|Hippowdon, F|94/100 tox
|-weather|Sandstorm|[from] ability: Sand Stream|[of] p2a: Hippowdon
|move|p1a: Rotom|Overheat|p2a: Hippowdon
|-damage|p2a: Hippowdon|32/100 tox
|-unboost|p1a: Rotom|spa|2
|
|-weather|Sandstorm|[upkeep]
|-damage|p1a: Rotom|89/100 tox|[from] Sandstorm
|-heal|p1a: Rotom|95/100 tox|[from] item: Leftovers
|-damage|p1a: Rotom|83/100 tox|[from] psn
|-damage|p2a: Hippowdon|26/100 tox|[from] psn
|upkeep
|turn|61
|n| Accountstolenagain|accountstolenagain
|n| Accountstolenagain|accountstolenagain
|
|switch|p2a: Dragapult|Dragapult, F|60/100
|move|p1a: Rotom|Overheat|p2a: Dragapult|[miss]
|-miss|p1a: Rotom|p2a: Dragapult
|
|-weather|Sandstorm|[upkeep]
|-damage|p2a: Dragapult|54/100|[from] Sandstorm
|-damage|p1a: Rotom|77/100 tox|[from] Sandstorm
|-heal|p2a: Dragapult|60/100|[from] item: Leftovers
|-heal|p1a: Rotom|83/100 tox|[from] item: Leftovers
|-damage|p1a: Rotom|65/100 tox|[from] psn
|upkeep
|turn|62
|l| LorageHp
|
|switch|p1a: Clefable|Clefable, F|94/100 tox
|move|p2a: Dragapult|Hex|p1a: Clefable
|-damage|p1a: Clefable|57/100 tox
|
|-weather|Sandstorm|[upkeep]
|-damage|p2a: Dragapult|54/100|[from] Sandstorm
|-heal|p2a: Dragapult|60/100|[from] item: Leftovers
|-heal|p1a: Clefable|63/100 tox|[from] item: Leftovers
|upkeep
|turn|63
|c|☆Bulletproof Tesla|dont choke this dude
|
|move|p2a: Dragapult|Hex|p1a: Clefable
|-damage|p1a: Clefable|24/100 tox
|move|p1a: Clefable|Wish|p1a: Clefable
|
|-weather|Sandstorm|[upkeep]
|-damage|p2a: Dragapult|54/100|[from] Sandstorm
|-heal|p2a: Dragapult|60/100|[from] item: Leftovers
|-heal|p1a: Clefable|30/100 tox|[from] item: Leftovers
|upkeep
|turn|64
|
|switch|p2a: Excadrill|Excadrill, F|5/100
|move|p1a: Clefable|Protect||[still]
|-fail|p1a: Clefable
|
|-weather|none
|-heal|p1a: Clefable|80/100 tox|[from] move: Wish|[wisher] Clefable
|-heal|p1a: Clefable|87/100 tox|[from] item: Leftovers
|upkeep
|turn|65
|
|move|p1a: Clefable|Protect|p1a: Clefable
|-singleturn|p1a: Clefable|Protect
|move|p2a: Excadrill|Iron Head|p1a: Clefable
|-activate|p1a: Clefable|move: Protect
|
|-heal|p1a: Clefable|93/100 tox|[from] item: Leftovers
|upkeep
|turn|66
|
|switch|p1a: Rotom|Rotom-Heat|65/100 tox
|-damage|p1a: Rotom|40/100 tox|[from] Stealth Rock
|move|p2a: Excadrill|Iron Head|p1a: Rotom
|-resisted|p1a: Rotom
|-damage|p1a: Rotom|26/100 tox
|
|-heal|p1a: Rotom|32/100 tox|[from] item: Leftovers
|-damage|p1a: Rotom|26/100 tox|[from] psn
|upkeep
|turn|67
|
|switch|p2a: Hippowdon|Hippowdon, F|26/100 tox
|-weather|Sandstorm|[from] ability: Sand Stream|[of] p2a: Hippowdon
|move|p1a: Rotom|Overheat|p2a: Hippowdon
|-damage|p2a: Hippowdon|0 fnt
|-unboost|p1a: Rotom|spa|2
|faint|p2a: Hippowdon
|
|-weather|Sandstorm|[upkeep]
|-damage|p1a: Rotom|20/100 tox|[from] Sandstorm
|-heal|p1a: Rotom|26/100 tox|[from] item: Leftovers
|-damage|p1a: Rotom|14/100 tox|[from] psn
|upkeep
|
|switch|p2a: Dragapult|Dragapult, F|60/100
|turn|68
|
|switch|p1a: Clefable|Clefable, F|93/100 tox
|move|p2a: Dragapult|U-turn|p1a: Clefable
|-resisted|p1a: Clefable
|-damage|p1a: Clefable|83/100 tox
|
|switch|p2a: Excadrill|Excadrill, F|5/100|[from]move: U-turn
|
|-weather|Sandstorm|[upkeep]
|-heal|p1a: Clefable|90/100 tox|[from] item: Leftovers
|upkeep
|turn|69
|
|move|p1a: Clefable|Protect|p1a: Clefable
|-singleturn|p1a: Clefable|Protect
|move|p2a: Excadrill|Iron Head|p1a: Clefable
|-activate|p1a: Clefable|move: Protect
|
|-weather|Sandstorm|[upkeep]
|-heal|p1a: Clefable|96/100 tox|[from] item: Leftovers
|upkeep
|turn|70
|
|move|p2a: Excadrill|Iron Head|p1a: Clefable
|-supereffective|p1a: Clefable
|-damage|p1a: Clefable|0 fnt
|faint|p1a: Clefable
|
|-weather|Sandstorm|[upkeep]
|upkeep
|j| neusrel
|c|☆Bulletproof Tesla|undeserved but gg
|-message|Bulletproof Tesla forfeited.
|
|win|Arnaud senju vgc
|l|☆Bulletproof Tesla
|l| 99i9iu
|j|‽Sparklifter
|c|☆Arnaud senju vgc|Gg
|l|☆Arnaud senju vgc
|l| neusrel
|l| Accountstolenagain
||Ladder (probably) updated, but score could not be retrieved (Request timeout).
