|j|☆melontosh
|j|☆Bloody Busybody
|t:|1657708074
|gametype|singles
|player|p1|melontosh|burglar|1576
|player|p2|Bloody Busybody|bugcatcher|1606
|teamsize|p1|6
|teamsize|p2|6
|gen|8
|tier|[Gen 8] OU
|rated|
|rule|Sleep Clause Mod: Limit one foe put to sleep
|rule|Species Clause: Limit one of each Pokémon
|rule|OHKO Clause: OHKO moves are banned
|rule|Evasion Moves Clause: Evasion moves are banned
|rule|Endless Battle Clause: Forcing endless battles is banned
|rule|HP Percentage Mod: HP is shown in percentages
|rule|Dynamax Clause: You cannot dynamax
|clearpoke
|poke|p1|Torkoal, M|
|poke|p1|Venusaur, M|
|poke|p1|Regieleki|
|poke|p1|Weavile, M|
|poke|p1|Heatran, M|
|poke|p1|Landorus-Therian, M|
|poke|p2|Volcanion|
|poke|p2|Corviknight, F|
|poke|p2|Mamoswine, M|
|poke|p2|Blissey, F|
|poke|p2|Rillaboom, M|
|poke|p2|Hydreigon, M|
|teampreview
|inactive|Battle timer is ON: inactive players will automatically lose when time's up. (requested by melontosh)
|inactive|melontosh has 120 seconds left.
|
|t:|1657708120
|start
|switch|p1a: Heatran|Heatran, M|100/100
|switch|p2a: Volcanion|Volcanion|100/100
|-item|p1a: Heatran|Air Balloon
|turn|1
|
|t:|1657708128
|move|p1a: Heatran|Earth Power|p2a: Volcanion
|-supereffective|p2a: Volcanion
|-damage|p2a: Volcanion|32/100
|move|p2a: Volcanion|Steam Eruption|p1a: Heatran
|-supereffective|p1a: Heatran
|-damage|p1a: Heatran|0 fnt
|-enditem|p1a: Heatran|Air Balloon
|faint|p1a: Heatran
|
|upkeep
|
|t:|1657708138
|switch|p1a: Weavile|Weavile, M|100/100
|turn|2
|inactive|Bloody Busybody has 120 seconds left.
|
|t:|1657708191
|move|p1a: Weavile|Knock Off|p2a: Volcanion
|-damage|p2a: Volcanion|0 fnt
|-enditem|p2a: Volcanion|Choice Specs|[from] move: Knock Off|[of] p1a: Weavile
|faint|p2a: Volcanion
|
|upkeep
|
|t:|1657708194
|switch|p2a: Corviknight|Corviknight, F|100/100
|-ability|p2a: Corviknight|Pressure
|turn|3
|
|t:|1657708202
|switch|p1a: Landorus|Landorus-Therian, M|100/100
|-ability|p1a: Landorus|Intimidate|boost
|-unboost|p2a: Corviknight|atk|1
|move|p2a: Corviknight|U-turn|p1a: Landorus
|-resisted|p1a: Landorus
|-damage|p1a: Landorus|96/100
|
|t:|1657708206
|switch|p2a: Mamoswine|Mamoswine, M|100/100|[from]move: U-turn
|
|-heal|p1a: Landorus|100/100|[from] item: Leftovers
|upkeep
|turn|4
|
|t:|1657708213
|move|p2a: Mamoswine|Icicle Crash|p1a: Landorus
|-supereffective|p1a: Landorus
|-damage|p1a: Landorus|0 fnt
|faint|p1a: Landorus
|
|upkeep
|
|t:|1657708217
|switch|p1a: Torkoal|Torkoal, M|100/100
|-weather|SunnyDay|[from] ability: Drought|[of] p1a: Torkoal
|turn|5
|
|t:|1657708221
|switch|p2a: Hydreigon|Hydreigon, M|100/100
|move|p1a: Torkoal|Stealth Rock|p2a: Hydreigon
|-sidestart|p2: Bloody Busybody|move: Stealth Rock
|
|-weather|SunnyDay|[upkeep]
|upkeep
|turn|6
|
|t:|1657708228
|move|p2a: Hydreigon|Draco Meteor|p1a: Torkoal
|-damage|p1a: Torkoal|0 fnt
|-unboost|p2a: Hydreigon|spa|2
|faint|p1a: Torkoal
|-damage|p2a: Hydreigon|91/100|[from] item: Life Orb
|
|-weather|SunnyDay|[upkeep]
|upkeep
|j| lakob
|
|t:|1657708235
|switch|p1a: Venusaur|Venusaur, M|100/100
|turn|7
|
|t:|1657708238
|move|p1a: Venusaur|Growth|p1a: Venusaur
|-boost|p1a: Venusaur|atk|2
|-boost|p1a: Venusaur|spa|2
|move|p2a: Hydreigon|Draco Meteor|p1a: Venusaur
|-damage|p1a: Venusaur|47/100
|-unboost|p2a: Hydreigon|spa|2
|-damage|p2a: Hydreigon|81/100|[from] item: Life Orb
|
|-weather|SunnyDay|[upkeep]
|upkeep
|turn|8
|
|t:|1657708243
|move|p1a: Venusaur|Giga Drain|p2a: Hydreigon
|-resisted|p2a: Hydreigon
|-damage|p2a: Hydreigon|25/100
|-heal|p1a: Venusaur|78/100|[from] drain|[of] p2a: Hydreigon
|-damage|p1a: Venusaur|68/100|[from] item: Life Orb
|move|p2a: Hydreigon|Draco Meteor|p1a: Venusaur
|-damage|p1a: Venusaur|33/100
|-unboost|p2a: Hydreigon|spa|2
|-damage|p2a: Hydreigon|15/100|[from] item: Life Orb
|
|-weather|SunnyDay|[upkeep]
|upkeep
|turn|9
|
|t:|1657708253
|move|p1a: Venusaur|Giga Drain|p2a: Hydreigon
|-resisted|p2a: Hydreigon
|-damage|p2a: Hydreigon|0 fnt
|-heal|p1a: Venusaur|41/100|[from] drain|[of] p2a: Hydreigon
|faint|p2a: Hydreigon
|-damage|p1a: Venusaur|31/100|[from] item: Life Orb
|
|-weather|SunnyDay|[upkeep]
|upkeep
|
|t:|1657708257
|switch|p2a: Blissey|Blissey, F|100/100
|turn|10
|
|t:|1657708263
|move|p1a: Venusaur|Giga Drain|p2a: Blissey
|-damage|p2a: Blissey|65/100
|-heal|p1a: Venusaur|74/100|[from] drain|[of] p2a: Blissey
|-damage|p1a: Venusaur|64/100|[from] item: Life Orb
|move|p2a: Blissey|Seismic Toss|p1a: Venusaur
|-damage|p1a: Venusaur|31/100
|
|-weather|SunnyDay|[upkeep]
|upkeep
|turn|11
|
|t:|1657708274
|move|p1a: Venusaur|Growth|p1a: Venusaur
|-boost|p1a: Venusaur|atk|2
|-boost|p1a: Venusaur|spa|2
|move|p2a: Blissey|Seismic Toss|p1a: Venusaur
|-damage|p1a: Venusaur|0 fnt
|faint|p1a: Venusaur
|
|-weather|SunnyDay|[upkeep]
|upkeep
|
|t:|1657708287
|switch|p1a: Weavile|Weavile, M|100/100
|turn|12
|
|t:|1657708290
|move|p1a: Weavile|Low Kick|p2a: Blissey
|-supereffective|p2a: Blissey
|-damage|p2a: Blissey|28/100
|move|p2a: Blissey|Toxic|p1a: Weavile
|-status|p1a: Weavile|tox
|
|-weather|none
|-damage|p1a: Weavile|94/100 tox|[from] psn
|upkeep
|turn|13
|-message|melontosh forfeited.
|
|win|Bloody Busybody
|raw|melontosh's rating: 1576 &rarr; <strong>1558</strong><br />(-18 for losing)
|raw|Bloody Busybody's rating: 1606 &rarr; <strong>1624</strong><br />(+18 for winning)
|l|☆melontosh
||Ladder isn't responding, score probably updated but might not have (Request timeout).
