|j|☆wooloo supremacy
|j|☆Mamaw31180
|t:|1667409166
|gametype|singles
|player|p1|wooloo supremacy|adaman|1661
|player|p2|Mamaw31180|lucas|1802
|teamsize|p1|6
|teamsize|p2|6
|gen|8
|tier|[Gen 8] OU
|rated|
|rule|Sleep Clause Mod: Limit one foe put to sleep
|rule|Species Clause: Limit one of each Pokémon
|rule|OHKO Clause: OHKO moves are banned
|rule|Evasion Items Clause: Evasion items are banned
|rule|Evasion Moves Clause: Evasion moves are banned
|rule|Endless Battle Clause: Forcing endless battles is banned
|rule|HP Percentage Mod: HP is shown in percentages
|rule|Dynamax Clause: You cannot dynamax
|clearpoke
|poke|p1|Kartana|
|poke|p1|Tapu Lele|
|poke|p1|Tornadus-Therian, M|
|poke|p1|Toxapex, M|
|poke|p1|Umbreon, F|
|poke|p1|Hippowdon, M|
|poke|p2|Kartana|
|poke|p2|Blacephalon|
|poke|p2|Landorus-Therian, M|
|poke|p2|Slowbro, F|
|poke|p2|Zapdos|
|poke|p2|Tyranitar, F|
|teampreview
|inactive|Battle timer is ON: inactive players will automatically lose when time's up. (requested by wooloo supremacy)
|c|☆wooloo supremacy|hf
|c|☆Mamaw31180|hf
|inactive|wooloo supremacy has 120 seconds left.
|
|t:|1667409215
|start
|switch|p1a: Garuda|Tornadus-Therian, M|100/100
|switch|p2a: Kartana|Kartana|100/100
|turn|1
|
|t:|1667409222
|switch|p2a: Slowbro|Slowbro, F|100/100
|move|p1a: Garuda|Knock Off|p2a: Slowbro
|-supereffective|p2a: Slowbro
|-enditem|p2a: Slowbro|Colbur Berry|[eat]
|-enditem|p2a: Slowbro|Colbur Berry|[weaken]
|-damage|p2a: Slowbro|88/100
|
|upkeep
|turn|2
|
|t:|1667409225
|move|p1a: Garuda|Hurricane|p2a: Slowbro
|-damage|p2a: Slowbro|48/100
|move|p2a: Slowbro|Teleport|p2a: Slowbro
|
|t:|1667409229
|switch|p2a: Zapdos|Zapdos|100/100|[from]move: Teleport
|
|upkeep
|turn|3
|
|t:|1667409235
|switch|p1a: Bhumi|Hippowdon, M|100/100
|-weather|Sandstorm|[from] ability: Sand Stream|[of] p1a: Bhumi
|move|p2a: Zapdos|Heat Wave|p1a: Bhumi
|-damage|p1a: Bhumi|80/100
|
|-weather|Sandstorm|[upkeep]
|-damage|p2a: Zapdos|94/100|[from] Sandstorm
|-heal|p1a: Bhumi|86/100|[from] item: Leftovers
|upkeep
|turn|4
|
|t:|1667409242
|switch|p2a: Kartana|Kartana|100/100
|move|p1a: Bhumi|Toxic|p2a: Kartana
|-immune|p2a: Kartana
|
|-weather|Sandstorm|[upkeep]
|-heal|p1a: Bhumi|92/100|[from] item: Leftovers
|upkeep
|turn|5
|
|t:|1667409246
|switch|p1a: Shiva|Toxapex, M|100/100
|move|p2a: Kartana|Leaf Blade|p1a: Shiva
|-damage|p1a: Shiva|62/100
|-damage|p2a: Kartana|84/100|[from] item: Rocky Helmet|[of] p1a: Shiva
|
|-weather|Sandstorm|[upkeep]
|-damage|p1a: Shiva|56/100|[from] Sandstorm
|upkeep
|turn|6
|
|t:|1667409261
|switch|p2a: Landorus|Landorus-Therian, M|100/100
|-ability|p2a: Landorus|Intimidate|boost
|-unboost|p1a: Shiva|atk|1
|switch|p1a: Garuda|Tornadus-Therian, M|100/100
|
|-weather|Sandstorm|[upkeep]
|-damage|p1a: Garuda|94/100|[from] Sandstorm
|upkeep
|turn|7
|
|t:|1667409264
|move|p1a: Garuda|Knock Off|p2a: Landorus
|-damage|p2a: Landorus|81/100
|-enditem|p2a: Landorus|Leftovers|[from] move: Knock Off|[of] p1a: Garuda
|move|p2a: Landorus|Knock Off|p1a: Garuda
|-damage|p1a: Garuda|61/100
|-enditem|p1a: Garuda|Heavy-Duty Boots|[from] move: Knock Off|[of] p2a: Landorus
|
|-weather|none
|upkeep
|turn|8
|
|t:|1667409270
|move|p1a: Garuda|Hurricane|p2a: Landorus
|-damage|p2a: Landorus|48/100
|-start|p2a: Landorus|confusion
|-activate|p2a: Landorus|confusion
|-damage|p2a: Landorus|35/100|[from] confusion
|
|upkeep
|turn|9
|c|☆wooloo supremacy|sorry
|j| oRinNeGa7V1
|c|☆Mamaw31180|please don't say sorry when your not sorry
|
|t:|1667409297
|switch|p2a: Zapdos|Zapdos|94/100
|move|p1a: Garuda|U-turn|p2a: Zapdos
|-resisted|p2a: Zapdos
|-crit|p2a: Zapdos
|-damage|p2a: Zapdos|86/100
|-status|p1a: Garuda|par|[from] ability: Static|[of] p2a: Zapdos
|c|☆wooloo supremacy|but I am
|j| Call me Y
|
|t:|1667409305
|switch|p1a: Bhumi|Hippowdon, M|92/100|[from]move: U-turn
|-weather|Sandstorm|[from] ability: Sand Stream|[of] p1a: Bhumi
|
|-weather|Sandstorm|[upkeep]
|-damage|p2a: Zapdos|80/100|[from] Sandstorm
|-heal|p1a: Bhumi|98/100|[from] item: Leftovers
|upkeep
|turn|10
|
|t:|1667409316
|switch|p2a: Kartana|Kartana|84/100
|move|p1a: Bhumi|Earthquake|p2a: Kartana
|-damage|p2a: Kartana|45/100
|
|-weather|Sandstorm|[upkeep]
|-heal|p1a: Bhumi|100/100|[from] item: Leftovers
|upkeep
|turn|11
|
|t:|1667409320
|switch|p1a: Garuda|Tornadus-Therian, M|94/100 par
|move|p2a: Kartana|Knock Off|p1a: Garuda
|-damage|p1a: Garuda|63/100 par
|
|-weather|Sandstorm|[upkeep]
|-damage|p1a: Garuda|57/100 par|[from] Sandstorm
|upkeep
|turn|12
|
|t:|1667409326
|switch|p2a: Slowbro|Slowbro, F|81/100
|move|p1a: Garuda|Hurricane|p2a: Slowbro
|-damage|p2a: Slowbro|38/100
|
|-weather|Sandstorm|[upkeep]
|-damage|p1a: Garuda|51/100 par|[from] Sandstorm
|-damage|p2a: Slowbro|32/100|[from] Sandstorm
|upkeep
|turn|13
|
|t:|1667409330
|move|p1a: Garuda|U-turn|p2a: Slowbro
|-supereffective|p2a: Slowbro
|-damage|p2a: Slowbro|15/100
|
|t:|1667409335
|switch|p1a: Bhumi|Hippowdon, M|100/100|[from]move: U-turn
|move|p2a: Slowbro|Teleport|p2a: Slowbro
|
|t:|1667409339
|switch|p2a: Tyranitar|Tyranitar, F|100/100|[from]move: Teleport
|
|-weather|none
|upkeep
|turn|14
|
|t:|1667409342
|move|p2a: Tyranitar|Crunch|p1a: Bhumi
|-damage|p1a: Bhumi|52/100
|move|p1a: Bhumi|Toxic|p2a: Tyranitar
|-status|p2a: Tyranitar|tox
|
|-heal|p1a: Bhumi|59/100|[from] item: Leftovers
|-damage|p2a: Tyranitar|94/100 tox|[from] psn
|upkeep
|turn|15
|
|t:|1667409344
|move|p2a: Tyranitar|Crunch|p1a: Bhumi
|-damage|p1a: Bhumi|8/100
|-unboost|p1a: Bhumi|def|1
|move|p1a: Bhumi|Slack Off|p1a: Bhumi
|-heal|p1a: Bhumi|58/100
|
|-heal|p1a: Bhumi|64/100|[from] item: Leftovers
|-damage|p2a: Tyranitar|82/100 tox|[from] psn
|upkeep
|turn|16
|
|t:|1667409349
|switch|p1a: Shiva|Toxapex, M|89/100
|move|p2a: Tyranitar|Crunch|p1a: Shiva
|-damage|p1a: Shiva|44/100
|-damage|p2a: Tyranitar|66/100 tox|[from] item: Rocky Helmet|[of] p1a: Shiva
|
|-damage|p2a: Tyranitar|47/100 tox|[from] psn
|upkeep
|turn|17
|
|t:|1667409354
|switch|p1a: Kali|Umbreon, F|100/100
|move|p2a: Tyranitar|Crunch|p1a: Kali
|-resisted|p1a: Kali
|-damage|p1a: Kali|73/100
|
|-heal|p1a: Kali|79/100|[from] item: Leftovers
|-damage|p2a: Tyranitar|22/100 tox|[from] psn
|upkeep
|turn|18
|
|t:|1667409364
|switch|p2a: Zapdos|Zapdos|80/100
|move|p1a: Kali|Wish|p1a: Kali
|
|-heal|p1a: Kali|85/100|[from] item: Leftovers
|upkeep
|turn|19
|
|t:|1667409369
|switch|p2a: Kartana|Kartana|45/100
|switch|p1a: Bhumi|Hippowdon, M|64/100
|-weather|Sandstorm|[from] ability: Sand Stream|[of] p1a: Bhumi
|
|-weather|Sandstorm|[upkeep]
|-heal|p1a: Bhumi|100/100|[from] move: Wish|[wisher] Kali
|upkeep
|turn|20
|
|t:|1667409375
|switch|p1a: Garuda|Tornadus-Therian, M|84/100 par
|move|p2a: Kartana|Knock Off|p1a: Garuda
|-damage|p1a: Garuda|55/100 par
|
|-weather|Sandstorm|[upkeep]
|-damage|p1a: Garuda|49/100 par|[from] Sandstorm
|upkeep
|turn|21
|
|t:|1667409379
|move|p2a: Kartana|Knock Off|p1a: Garuda
|-damage|p1a: Garuda|21/100 par
|move|p1a: Garuda|Hurricane|p2a: Kartana|[miss]
|-miss|p1a: Garuda|p2a: Kartana
|
|-weather|Sandstorm|[upkeep]
|-damage|p1a: Garuda|15/100 par|[from] Sandstorm
|upkeep
|turn|22
|
|t:|1667409383
|switch|p1a: Shiva|Toxapex, M|77/100
|move|p2a: Kartana|Knock Off|p1a: Shiva
|-crit|p1a: Shiva
|-damage|p1a: Shiva|35/100
|-damage|p2a: Kartana|29/100|[from] item: Rocky Helmet|[of] p1a: Shiva
|-enditem|p1a: Shiva|Rocky Helmet|[from] move: Knock Off|[of] p2a: Kartana
|
|-weather|Sandstorm|[upkeep]
|-damage|p1a: Shiva|29/100|[from] Sandstorm
|upkeep
|turn|23
|
|t:|1667409390
|switch|p2a: Slowbro|Slowbro, F|48/100
|move|p1a: Shiva|Recover|p1a: Shiva
|-heal|p1a: Shiva|79/100
|
|-weather|none
|upkeep
|turn|24
|
|t:|1667409398
|switch|p1a: Garuda|Tornadus-Therian, M|48/100 par
|move|p2a: Slowbro|Teleport|p2a: Slowbro
|
|t:|1667409401
|switch|p2a: Blacephalon|Blacephalon|100/100|[from]move: Teleport
|
|upkeep
|turn|25
|
|t:|1667409405
|switch|p1a: Shiva|Toxapex, M|100/100
|move|p2a: Blacephalon|Flamethrower|p1a: Shiva
|-resisted|p1a: Shiva
|-damage|p1a: Shiva|69/100
|
|upkeep
|turn|26
|
|t:|1667409410
|switch|p2a: Slowbro|Slowbro, F|82/100
|move|p1a: Shiva|Knock Off|p2a: Slowbro
|-supereffective|p2a: Slowbro
|-damage|p2a: Slowbro|71/100
|
|upkeep
|turn|27
|j| sle7in
|
|t:|1667409419
|move|p1a: Shiva|Toxic Spikes|p2a: Slowbro
|-sidestart|p2: Mamaw31180|move: Toxic Spikes
|move|p2a: Slowbro|Teleport|p2a: Slowbro
|
|t:|1667409421
|switch|p2a: Zapdos|Zapdos|80/100|[from]move: Teleport
|
|upkeep
|turn|28
|
|t:|1667409424
|switch|p1a: Bhumi|Hippowdon, M|100/100
|-weather|Sandstorm|[from] ability: Sand Stream|[of] p1a: Bhumi
|move|p2a: Zapdos|Defog|p1a: Bhumi
|-unboost|p1a: Bhumi|evasion|1
|-sideend|p2: Mamaw31180|Toxic Spikes|[from] move: Defog|[of] p2a: Zapdos
|
|-weather|Sandstorm|[upkeep]
|-damage|p2a: Zapdos|74/100|[from] Sandstorm
|upkeep
|turn|29
|
|t:|1667409433
|move|p2a: Zapdos|Heat Wave|p1a: Bhumi
|-crit|p1a: Bhumi
|-damage|p1a: Bhumi|74/100
|move|p1a: Bhumi|Toxic|p2a: Zapdos
|-status|p2a: Zapdos|tox
|
|-weather|Sandstorm|[upkeep]
|-damage|p2a: Zapdos|68/100 tox|[from] Sandstorm
|-heal|p1a: Bhumi|80/100|[from] item: Leftovers
|-damage|p2a: Zapdos|62/100 tox|[from] psn
|upkeep
|turn|30
|
|t:|1667409440
|switch|p2a: Kartana|Kartana|29/100
|move|p1a: Bhumi|Earthquake|p2a: Kartana
|-damage|p2a: Kartana|0 fnt
|faint|p2a: Kartana
|
|-weather|Sandstorm|[upkeep]
|-heal|p1a: Bhumi|86/100|[from] item: Leftovers
|upkeep
|
|t:|1667409449
|switch|p2a: Blacephalon|Blacephalon|100/100
|turn|31
|
|t:|1667409452
|move|p2a: Blacephalon|Overheat|p1a: Bhumi
|-damage|p1a: Bhumi|4/100
|-unboost|p2a: Blacephalon|spa|2
|move|p1a: Bhumi|Earthquake|p2a: Blacephalon
|-supereffective|p2a: Blacephalon
|-damage|p2a: Blacephalon|0 fnt
|faint|p2a: Blacephalon
|
|-weather|Sandstorm|[upkeep]
|-heal|p1a: Bhumi|10/100|[from] item: Leftovers
|upkeep
|-message|Mamaw31180 forfeited.
|
|win|wooloo supremacy
|raw|wooloo supremacy's rating: 1661 &rarr; <strong>1689</strong><br />(+28 for winning)
|raw|Mamaw31180's rating: 1802 &rarr; <strong>1774</strong><br />(-28 for losing)
|l|☆Mamaw31180
|l| oRinNeGa7V1
||Ladder isn't responding, score probably updated but might not have (Request timeout).
