|raw|<div class="broadcast-blue"><strong>This battle is required to be public due to a player having a name starting with 'lt92pf'.</div>
|j|☆Hostile Takeovers
|j|☆LT92PFcry
|t:|1659645366
|gametype|singles
|player|p1|Hostile Takeovers|giovanni-gen3|1756
|player|p2|LT92PFcry|#dpppl2022luckylucarios|1727
|teamsize|p1|6
|teamsize|p2|6
|gen|8
|tier|[Gen 8] OU
|rated|
|rule|Sleep Clause Mod: Limit one foe put to sleep
|rule|Species Clause: Limit one of each Pokémon
|rule|OHKO Clause: OHKO moves are banned
|rule|Evasion Items Clause: Evasion items are banned
|rule|Evasion Moves Clause: Evasion moves are banned
|rule|Endless Battle Clause: Forcing endless battles is banned
|rule|HP Percentage Mod: HP is shown in percentages
|rule|Dynamax Clause: You cannot dynamax
|clearpoke
|poke|p1|Dragonite, M|
|poke|p1|Ferrothorn, F|
|poke|p1|Azumarill, M|
|poke|p1|Heatran, F|
|poke|p1|Rillaboom, F|
|poke|p1|Zapdos|
|poke|p2|Clefable, F|
|poke|p2|Gastrodon, M|
|poke|p2|Ferrothorn, M|
|poke|p2|Volcarona, F|
|poke|p2|Tornadus-Therian, M|
|poke|p2|Tyranitar, F|
|teampreview
|inactive|Battle timer is ON: inactive players will automatically lose when time's up. (requested by LT92PFcry)
|inactive|Hostile Takeovers also wants the timer to be on.
|j| le dernier amour
|inactive|Hostile Takeovers has 120 seconds left.
|inactive|LT92PFcry has 120 seconds left.
|
|t:|1659645397
|start
|switch|p1a: Zapdos|Zapdos|100/100
|switch|p2a: Gastrodon|Gastrodon, M|100/100
|-ability|p1a: Zapdos|Pressure
|turn|1
|j| Anjii.V.
|j|+avarice
|
|t:|1659645405
|switch|p2a: Clefable|Clefable, F|100/100
|move|p1a: Zapdos|Toxic|p2a: Clefable
|-status|p2a: Clefable|tox
|
|upkeep
|turn|2
|j| LT92PF Pokemh
|l|+avarice
|
|t:|1659645426
|switch|p1a: Ferrothorn|Ferrothorn, F|100/100
|move|p2a: Clefable|Stealth Rock|p1a: Ferrothorn
|-sidestart|p1: Hostile Takeovers|move: Stealth Rock
|
|upkeep
|turn|3
|inactive|LT92PFcry has 120 seconds left.
|
|t:|1659645460
|switch|p2a: Volcarona|Volcarona, F|100/100
|move|p1a: Ferrothorn|Spikes|p2a: Volcarona
|-sidestart|p2: LT92PFcry|Spikes
|
|upkeep
|turn|4
|
|t:|1659645468
|switch|p1a: Heatran|Heatran, F|100/100
|-damage|p1a: Heatran|88/100|[from] Stealth Rock
|move|p2a: Volcarona|Quiver Dance|p2a: Volcarona
|-boost|p2a: Volcarona|spa|1
|-boost|p2a: Volcarona|spd|1
|-boost|p2a: Volcarona|spe|1
|
|-heal|p1a: Heatran|94/100|[from] item: Leftovers
|upkeep
|turn|5
|
|t:|1659645476
|move|p2a: Volcarona|Substitute|p2a: Volcarona
|-start|p2a: Volcarona|Substitute
|-damage|p2a: Volcarona|76/100
|move|p1a: Heatran|Toxic||[still]
|-fail|p1a: Heatran
|
|-heal|p2a: Volcarona|82/100|[from] item: Leftovers
|-heal|p1a: Heatran|100/100|[from] item: Leftovers
|upkeep
|turn|6
|
|t:|1659645479
|move|p2a: Volcarona|Quiver Dance|p2a: Volcarona
|-boost|p2a: Volcarona|spa|1
|-boost|p2a: Volcarona|spd|1
|-boost|p2a: Volcarona|spe|1
|move|p1a: Heatran|Stealth Rock|p2a: Volcarona
|-sidestart|p2: LT92PFcry|move: Stealth Rock
|
|-heal|p2a: Volcarona|88/100|[from] item: Leftovers
|upkeep
|turn|7
|
|t:|1659645482
|switch|p1a: Dragonite|Dragonite, M|100/100
|move|p2a: Volcarona|Quiver Dance|p2a: Volcarona
|-boost|p2a: Volcarona|spa|1
|-boost|p2a: Volcarona|spd|1
|-boost|p2a: Volcarona|spe|1
|
|-heal|p2a: Volcarona|94/100|[from] item: Leftovers
|upkeep
|turn|8
|
|t:|1659645489
|move|p2a: Volcarona|Psychic|p1a: Dragonite
|-damage|p1a: Dragonite|59/100
|-unboost|p1a: Dragonite|spd|1
|move|p1a: Dragonite|Dual Wingbeat|p2a: Volcarona
|-supereffective|p2a: Volcarona
|-end|p2a: Volcarona|Substitute
|-supereffective|p2a: Volcarona
|-damage|p2a: Volcarona|43/100
|-hitcount|p2a: Volcarona|2
|
|-heal|p2a: Volcarona|50/100|[from] item: Leftovers
|upkeep
|turn|9
|j| LT92PF Life
|
|t:|1659645507
|move|p2a: Volcarona|Psychic|p1a: Dragonite
|-damage|p1a: Dragonite|0 fnt
|faint|p1a: Dragonite
|
|-heal|p2a: Volcarona|56/100|[from] item: Leftovers
|upkeep
|
|t:|1659645509
|switch|p1a: Azumarill|Azumarill, M|100/100
|-damage|p1a: Azumarill|88/100|[from] Stealth Rock
|turn|10
|j| Pyrobute24
|l| LT92PF Life
|
|t:|1659645530
|move|p1a: Azumarill|Aqua Jet|p2a: Volcarona
|-supereffective|p2a: Volcarona
|-damage|p2a: Volcarona|0 fnt
|faint|p2a: Volcarona
|
|upkeep
|
|t:|1659645536
|switch|p2a: Tornadus|Tornadus-Therian, M|100/100
|turn|11
|
|t:|1659645542
|move|p2a: Tornadus|Knock Off|p1a: Azumarill
|-resisted|p1a: Azumarill
|-damage|p1a: Azumarill|76/100
|-enditem|p1a: Azumarill|Sitrus Berry|[from] move: Knock Off|[of] p2a: Tornadus
|move|p1a: Azumarill|Knock Off|p2a: Tornadus
|-damage|p2a: Tornadus|60/100
|-enditem|p2a: Tornadus|Heavy-Duty Boots|[from] move: Knock Off|[of] p1a: Azumarill
|
|upkeep
|turn|12
|
|t:|1659645563
|move|p1a: Azumarill|Aqua Jet|p2a: Tornadus
|-damage|p2a: Tornadus|32/100
|move|p2a: Tornadus|U-turn|p1a: Azumarill
|-resisted|p1a: Azumarill
|-damage|p1a: Azumarill|67/100
|
|t:|1659645571
|switch|p2a: Clefable|Clefable, F|100/100 tox|[from]move: U-turn
|
|upkeep
|turn|13
|
|t:|1659645581
|move|p1a: Azumarill|Knock Off|p2a: Clefable
|-resisted|p2a: Clefable
|-damage|p2a: Clefable|84/100 tox
|-damage|p1a: Azumarill|51/100|[from] item: Rocky Helmet|[of] p2a: Clefable
|-enditem|p2a: Clefable|Rocky Helmet|[from] move: Knock Off|[of] p1a: Azumarill
|move|p2a: Clefable|Moonblast|p1a: Azumarill
|-damage|p1a: Azumarill|10/100
|
|upkeep
|turn|14
|
|t:|1659645591
|move|p1a: Azumarill|Play Rough|p2a: Clefable
|-damage|p2a: Clefable|38/100 tox
|move|p2a: Clefable|Soft-Boiled|p2a: Clefable
|-heal|p2a: Clefable|88/100 tox
|
|upkeep
|turn|15
|
|t:|1659645598
|move|p1a: Azumarill|Knock Off|p2a: Clefable
|-resisted|p2a: Clefable
|-damage|p2a: Clefable|77/100 tox
|move|p2a: Clefable|Moonblast|p1a: Azumarill
|-damage|p1a: Azumarill|0 fnt
|faint|p1a: Azumarill
|
|upkeep
|l| Pyrobute24
|j| Abcdefp
|j| winston4l
|inactive|Hostile Takeovers has 120 seconds left.
|
|t:|1659645628
|switch|p1a: Heatran|Heatran, F|100/100
|-damage|p1a: Heatran|88/100|[from] Stealth Rock
|turn|16
|j| joey milktank
|
|t:|1659645636
|move|p1a: Heatran|Magma Storm|p2a: Clefable
|-damage|p2a: Clefable|40/100 tox
|-activate|p2a: Clefable|move: Magma Storm|[of] p1a: Heatran
|move|p2a: Clefable|Thunder Wave|p1a: Heatran
|-status|p1a: Heatran|par
|
|-heal|p1a: Heatran|94/100 par|[from] item: Leftovers
|upkeep
|turn|17
|
|t:|1659645646
|move|p2a: Clefable|Soft-Boiled|p2a: Clefable
|-heal|p2a: Clefable|90/100 tox
|move|p1a: Heatran|Earth Power|p2a: Clefable
|-damage|p2a: Clefable|64/100 tox
|-unboost|p2a: Clefable|spd|1
|
|-heal|p1a: Heatran|100/100 par|[from] item: Leftovers
|upkeep
|turn|18
|
|t:|1659645654
|move|p2a: Clefable|Moonblast|p1a: Heatran
|-resisted|p1a: Heatran
|-damage|p1a: Heatran|96/100 par
|-unboost|p1a: Heatran|spa|1
|move|p1a: Heatran|Earth Power|p2a: Clefable
|-damage|p2a: Clefable|40/100 tox
|
|-heal|p1a: Heatran|100/100 par|[from] item: Leftovers
|upkeep
|turn|19
|
|t:|1659645662
|move|p2a: Clefable|Soft-Boiled|p2a: Clefable
|-heal|p2a: Clefable|90/100 tox
|move|p1a: Heatran|Earth Power|p2a: Clefable
|-damage|p2a: Clefable|65/100 tox
|
|upkeep
|turn|20
|j| Venositile
|l| winston4l
|
|t:|1659645668
|move|p2a: Clefable|Soft-Boiled|p2a: Clefable
|-heal|p2a: Clefable|100/100 tox
|move|p1a: Heatran|Earth Power|p2a: Clefable
|-damage|p2a: Clefable|76/100 tox
|
|upkeep
|turn|21
|
|t:|1659645675
|move|p2a: Clefable|Moonblast|p1a: Heatran
|-resisted|p1a: Heatran
|-damage|p1a: Heatran|95/100 par
|-unboost|p1a: Heatran|spa|1
|move|p1a: Heatran|Earth Power|p2a: Clefable
|-damage|p2a: Clefable|58/100 tox
|
|-heal|p1a: Heatran|100/100 par|[from] item: Leftovers
|-end|p2a: Clefable|Magma Storm|[partiallytrapped]
|upkeep
|turn|22
|j| 50 at max
|
|t:|1659645686
|move|p2a: Clefable|Soft-Boiled|p2a: Clefable
|-heal|p2a: Clefable|100/100 tox
|move|p1a: Heatran|Earth Power|p2a: Clefable
|-damage|p2a: Clefable|83/100 tox
|
|upkeep
|turn|23
|
|t:|1659645698
|move|p2a: Clefable|Moonblast|p1a: Heatran
|-resisted|p1a: Heatran
|-damage|p1a: Heatran|96/100 par
|-unboost|p1a: Heatran|spa|1
|cant|p1a: Heatran|par
|
|-heal|p1a: Heatran|100/100 par|[from] item: Leftovers
|upkeep
|turn|24
|
|t:|1659645710
|switch|p2a: Tyranitar|Tyranitar, F|100/100
|-damage|p2a: Tyranitar|88/100|[from] Spikes
|-damage|p2a: Tyranitar|76/100|[from] Stealth Rock
|-weather|Sandstorm|[from] ability: Sand Stream|[of] p2a: Tyranitar
|cant|p1a: Heatran|par
|
|-weather|Sandstorm|[upkeep]
|upkeep
|turn|25
|
|t:|1659645724
|switch|p1a: Ferrothorn|Ferrothorn, F|100/100
|-damage|p1a: Ferrothorn|94/100|[from] Stealth Rock
|move|p2a: Tyranitar|Crunch|p1a: Ferrothorn
|-damage|p1a: Ferrothorn|51/100
|-damage|p2a: Tyranitar|64/100|[from] ability: Iron Barbs|[of] p1a: Ferrothorn
|-damage|p2a: Tyranitar|47/100|[from] item: Rocky Helmet|[of] p1a: Ferrothorn
|
|-weather|Sandstorm|[upkeep]
|upkeep
|turn|26
|j| cityfolk
|
|t:|1659645742
|move|p2a: Tyranitar|Crunch|p1a: Ferrothorn
|-damage|p1a: Ferrothorn|12/100
|-damage|p2a: Tyranitar|35/100|[from] ability: Iron Barbs|[of] p1a: Ferrothorn
|-damage|p2a: Tyranitar|18/100|[from] item: Rocky Helmet|[of] p1a: Ferrothorn
|move|p1a: Ferrothorn|Spikes|p2a: Tyranitar
|-sidestart|p2: LT92PFcry|Spikes
|
|-weather|Sandstorm|[upkeep]
|upkeep
|turn|27
|
|t:|1659645749
|move|p2a: Tyranitar|Crunch|p1a: Ferrothorn
|-damage|p1a: Ferrothorn|0 fnt
|-damage|p2a: Tyranitar|6/100|[from] ability: Iron Barbs|[of] p1a: Ferrothorn
|-damage|p2a: Tyranitar|0 fnt|[from] item: Rocky Helmet|[of] p1a: Ferrothorn
|faint|p1a: Ferrothorn
|faint|p2a: Tyranitar
|
|-weather|Sandstorm|[upkeep]
|upkeep
|
|t:|1659645761
|switch|p2a: Tornadus|Tornadus-Therian, M|65/100
|switch|p1a: Rillaboom|Rillaboom, F|100/100
|-damage|p2a: Tornadus|40/100|[from] Stealth Rock
|-damage|p1a: Rillaboom|88/100|[from] Stealth Rock
|-fieldstart|move: Grassy Terrain|[from] ability: Grassy Surge|[of] p1a: Rillaboom
|turn|28
|
|t:|1659645776
|move|p1a: Rillaboom|Grassy Glide|p2a: Tornadus
|-resisted|p2a: Tornadus
|-damage|p2a: Tornadus|0 fnt
|faint|p2a: Tornadus
|
|-weather|none
|-heal|p1a: Rillaboom|94/100|[from] Grassy Terrain
|upkeep
|
|t:|1659645784
|switch|p2a: Ferrothorn|Ferrothorn, M|100/100
|-damage|p2a: Ferrothorn|84/100|[from] Spikes
|-damage|p2a: Ferrothorn|78/100|[from] Stealth Rock
|turn|29
|
|t:|1659645789
|switch|p1a: Heatran|Heatran, F|100/100 par
|-damage|p1a: Heatran|88/100 par|[from] Stealth Rock
|move|p2a: Ferrothorn|Substitute|p2a: Ferrothorn
|-start|p2a: Ferrothorn|Substitute
|-damage|p2a: Ferrothorn|53/100
|
|-heal|p1a: Heatran|94/100 par|[from] Grassy Terrain
|-heal|p1a: Heatran|100/100 par|[from] item: Leftovers
|-heal|p2a: Ferrothorn|59/100|[from] Grassy Terrain
|-heal|p2a: Ferrothorn|65/100|[from] item: Leftovers
|upkeep
|turn|30
|
|t:|1659645801
|move|p1a: Heatran|Earth Power|p2a: Ferrothorn
|-activate|p2a: Ferrothorn|move: Substitute|[damage]
|move|p2a: Ferrothorn|Body Press|p1a: Heatran
|-supereffective|p1a: Heatran
|-damage|p1a: Heatran|51/100 par
|
|-heal|p1a: Heatran|57/100 par|[from] Grassy Terrain
|-heal|p1a: Heatran|64/100 par|[from] item: Leftovers
|-heal|p2a: Ferrothorn|72/100|[from] Grassy Terrain
|-heal|p2a: Ferrothorn|78/100|[from] item: Leftovers
|upkeep
|turn|31
|
|t:|1659645816
|move|p1a: Heatran|Earth Power|p2a: Ferrothorn
|-end|p2a: Ferrothorn|Substitute
|move|p2a: Ferrothorn|Substitute|p2a: Ferrothorn
|-start|p2a: Ferrothorn|Substitute
|-damage|p2a: Ferrothorn|53/100
|
|-heal|p1a: Heatran|70/100 par|[from] Grassy Terrain
|-heal|p1a: Heatran|76/100 par|[from] item: Leftovers
|-heal|p2a: Ferrothorn|59/100|[from] Grassy Terrain
|-heal|p2a: Ferrothorn|65/100|[from] item: Leftovers
|upkeep
|turn|32
|
|t:|1659645826
|move|p1a: Heatran|Earth Power|p2a: Ferrothorn
|-activate|p2a: Ferrothorn|move: Substitute|[damage]
|move|p2a: Ferrothorn|Body Press|p1a: Heatran
|-supereffective|p1a: Heatran
|-damage|p1a: Heatran|21/100 par
|
|-heal|p1a: Heatran|27/100 par|[from] Grassy Terrain
|-heal|p1a: Heatran|34/100 par|[from] item: Leftovers
|-heal|p2a: Ferrothorn|72/100|[from] Grassy Terrain
|-heal|p2a: Ferrothorn|78/100|[from] item: Leftovers
|-fieldend|move: Grassy Terrain
|upkeep
|turn|33
|
|t:|1659645847
|switch|p1a: Zapdos|Zapdos|100/100
|-ability|p1a: Zapdos|Pressure
|move|p2a: Ferrothorn|Body Press|p1a: Zapdos
|-resisted|p1a: Zapdos
|-damage|p1a: Zapdos|83/100
|
|-heal|p2a: Ferrothorn|84/100|[from] item: Leftovers
|upkeep
|turn|34
|inactive|LT92PFcry has 120 seconds left.
|
|t:|1659645873
|move|p1a: Zapdos|Thunderbolt|p2a: Ferrothorn
|-resisted|p2a: Ferrothorn
|-end|p2a: Ferrothorn|Substitute
|move|p2a: Ferrothorn|Curse|p2a: Ferrothorn
|-unboost|p2a: Ferrothorn|spe|1
|-boost|p2a: Ferrothorn|atk|1
|-boost|p2a: Ferrothorn|def|1
|
|-heal|p2a: Ferrothorn|90/100|[from] item: Leftovers
|upkeep
|turn|35
|
|t:|1659645881
|switch|p2a: Gastrodon|Gastrodon, M|100/100
|-damage|p2a: Gastrodon|84/100|[from] Spikes
|-damage|p2a: Gastrodon|78/100|[from] Stealth Rock
|move|p1a: Zapdos|Hurricane|p2a: Gastrodon
|-damage|p2a: Gastrodon|39/100
|
|-heal|p2a: Gastrodon|45/100|[from] item: Leftovers
|upkeep
|turn|36
|
|t:|1659645894
|switch|p1a: Rillaboom|Rillaboom, F|94/100
|-damage|p1a: Rillaboom|82/100|[from] Stealth Rock
|-fieldstart|move: Grassy Terrain|[from] ability: Grassy Surge|[of] p1a: Rillaboom
|move|p2a: Gastrodon|Recover|p2a: Gastrodon
|-heal|p2a: Gastrodon|95/100
|
|-heal|p1a: Rillaboom|88/100|[from] Grassy Terrain
|-heal|p2a: Gastrodon|100/100|[from] Grassy Terrain
|upkeep
|turn|37
|
|t:|1659645905
|switch|p2a: Ferrothorn|Ferrothorn, M|90/100
|-damage|p2a: Ferrothorn|74/100|[from] Spikes
|-damage|p2a: Ferrothorn|68/100|[from] Stealth Rock
|move|p1a: Rillaboom|U-turn|p2a: Ferrothorn
|-damage|p2a: Ferrothorn|46/100
|-damage|p1a: Rillaboom|76/100|[from] ability: Iron Barbs|[of] p2a: Ferrothorn
|
|t:|1659645913
|switch|p1a: Heatran|Heatran, F|34/100 par|[from]move: U-turn
|-damage|p1a: Heatran|21/100 par|[from] Stealth Rock
|
|-heal|p1a: Heatran|27/100 par|[from] Grassy Terrain
|-heal|p1a: Heatran|34/100 par|[from] item: Leftovers
|-heal|p2a: Ferrothorn|52/100|[from] Grassy Terrain
|-heal|p2a: Ferrothorn|58/100|[from] item: Leftovers
|upkeep
|turn|38
|
|t:|1659645933
|cant|p1a: Heatran|par
|move|p2a: Ferrothorn|Body Press|p1a: Heatran
|-supereffective|p1a: Heatran
|-damage|p1a: Heatran|0 fnt
|faint|p1a: Heatran
|
|-heal|p2a: Ferrothorn|65/100|[from] Grassy Terrain
|-heal|p2a: Ferrothorn|71/100|[from] item: Leftovers
|upkeep
|l| le dernier amour
|inactive|Hostile Takeovers has 120 seconds left.
|
|t:|1659645970
|switch|p1a: Rillaboom|Rillaboom, F|76/100
|-damage|p1a: Rillaboom|64/100|[from] Stealth Rock
|turn|39
|inactive|LT92PFcry has 120 seconds left.
|j| LT92PF GuardArc
|
|t:|1659646017
|move|p1a: Rillaboom|Superpower|p2a: Ferrothorn
|-supereffective|p2a: Ferrothorn
|-damage|p2a: Ferrothorn|0 fnt
|-unboost|p1a: Rillaboom|atk|1
|-unboost|p1a: Rillaboom|def|1
|-damage|p1a: Rillaboom|51/100|[from] ability: Iron Barbs|[of] p2a: Ferrothorn
|faint|p2a: Ferrothorn
|
|-heal|p1a: Rillaboom|57/100|[from] Grassy Terrain
|upkeep
|inactive|LT92PFcry has 90 seconds left.
|
|t:|1659646027
|switch|p2a: Gastrodon|Gastrodon, M|100/100
|-damage|p2a: Gastrodon|84/100|[from] Spikes
|-damage|p2a: Gastrodon|78/100|[from] Stealth Rock
|turn|40
|inactive|Hostile Takeovers has 90 seconds left.
|inactive|Hostile Takeovers has 60 seconds left.
|c| Anjii.V.|gg both, for the entertainment
|
|t:|1659646101
|switch|p1a: Zapdos|Zapdos|83/100
|-ability|p1a: Zapdos|Pressure
|move|p2a: Gastrodon|Scald|p1a: Zapdos
|-damage|p1a: Zapdos|51/100
|
|-heal|p2a: Gastrodon|84/100|[from] Grassy Terrain
|-heal|p2a: Gastrodon|90/100|[from] item: Leftovers
|-fieldend|move: Grassy Terrain
|upkeep
|turn|41
|l| cityfolk
|
|t:|1659646116
|move|p1a: Zapdos|Toxic|p2a: Gastrodon
|-status|p2a: Gastrodon|tox
|move|p2a: Gastrodon|Scald|p1a: Zapdos
|-damage|p1a: Zapdos|20/100
|-status|p1a: Zapdos|brn
|
|-heal|p2a: Gastrodon|96/100 tox|[from] item: Leftovers
|-damage|p2a: Gastrodon|90/100 tox|[from] psn
|-damage|p1a: Zapdos|13/100 brn|[from] brn
|upkeep
|turn|42
|
|t:|1659646129
|switch|p2a: Clefable|Clefable, F|83/100 tox
|move|p1a: Zapdos|Hurricane|p2a: Clefable
|-damage|p2a: Clefable|26/100 tox
|
|-damage|p1a: Zapdos|7/100 brn|[from] brn
|upkeep
|turn|43
|inactive|LT92PFcry has 120 seconds left.
|inactive|Hostile Takeovers has 30 seconds left.
|inactive|Hostile Takeovers has 20 seconds left.
|inactive|Hostile Takeovers has 15 seconds left.
|inactive|Hostile Takeovers has 10 seconds left.
|inactive|Hostile Takeovers has 5 seconds left.
|-message|Hostile Takeovers lost due to inactivity.
|
|win|LT92PFcry
|raw|Hostile Takeovers's rating: 1756 &rarr; <strong>1734</strong><br />(-22 for losing)
|raw|LT92PFcry's rating: 1727 &rarr; <strong>1749</strong><br />(+22 for winning)
|c| Anjii.V.|wait why
|c| LT92PF GuardArc|woah
|c|☆LT92PFcry|ye i defin lost
|c|☆LT92PFcry|but ty
|c|☆LT92PFcry|for dcing or w/e
|c| LT92PF GuardArc|lol insanity
|l|☆LT92PFcry
||Ladder isn't responding, score probably updated but might not have (Request timeout).
