|raw|<div class="broadcast-blue"><strong>This battle is required to be public due to a player having a name starting with 'lt94je'.</div>
|j|☆return nirvana
|j|☆LT94JE Allistair
|t:|1661438139
|gametype|singles
|player|p1|return nirvana|gambler-gen1|1830
|player|p2|LT94JE Allistair|266|1837
|teamsize|p1|6
|teamsize|p2|6
|gen|8
|tier|[Gen 8] OU
|rated|
|rule|Sleep Clause Mod: Limit one foe put to sleep
|rule|Species Clause: Limit one of each Pokémon
|rule|OHKO Clause: OHKO moves are banned
|rule|Evasion Items Clause: Evasion items are banned
|rule|Evasion Moves Clause: Evasion moves are banned
|rule|Endless Battle Clause: Forcing endless battles is banned
|rule|HP Percentage Mod: HP is shown in percentages
|rule|Dynamax Clause: You cannot dynamax
|clearpoke
|poke|p1|Toxapex, F|
|poke|p1|Magnezone|
|poke|p1|Kartana|
|poke|p1|Garchomp, F|
|poke|p1|Tornadus-Therian, M|
|poke|p1|Victini|
|poke|p2|Mew|
|poke|p2|Slurpuff, M|
|poke|p2|Vanilluxe, M|
|poke|p2|Tapu Fini|
|poke|p2|Jirachi|
|poke|p2|Lycanroc-Dusk, F|
|teampreview
|c|☆LT94JE Allistair|hf
|j| Mimikyu Stardust
|j| shaqfrombasketball
|j| mdrb69
|
|t:|1661438159
|start
|switch|p1a: Kartana|Kartana|100/100
|switch|p2a: Slurpuff|Slurpuff, M|100/100
|turn|1
|
|t:|1661438163
|move|p1a: Kartana|Leaf Blade|p2a: Slurpuff
|-damage|p2a: Slurpuff|41/100
|move|p2a: Slurpuff|Yawn|p1a: Kartana
|-start|p1a: Kartana|move: Yawn|[of] p2a: Slurpuff
|
|upkeep
|turn|2
|
|t:|1661438167
|switch|p1a: Tornadus|Tornadus-Therian, M|100/100
|move|p2a: Slurpuff|Sticky Web|p1a: Tornadus
|-sidestart|p1: return nirvana|move: Sticky Web
|
|upkeep
|turn|3
|
|t:|1661438170
|move|p1a: Tornadus|Defog|p2a: Slurpuff
|-unboost|p2a: Slurpuff|evasion|1
|-sideend|p1: return nirvana|Sticky Web|[from] move: Defog|[of] p1a: Tornadus
|move|p2a: Slurpuff|Yawn|p1a: Tornadus
|-start|p1a: Tornadus|move: Yawn|[of] p2a: Slurpuff
|
|upkeep
|turn|4
|j| tsnsj
|
|t:|1661438173
|switch|p1a: Kartana|Kartana|100/100
|move|p2a: Slurpuff|Sticky Web|p1a: Kartana
|-sidestart|p1: return nirvana|move: Sticky Web
|
|upkeep
|turn|5
|
|t:|1661438176
|move|p1a: Kartana|Leaf Blade|p2a: Slurpuff
|-damage|p2a: Slurpuff|0 fnt
|faint|p2a: Slurpuff
|-ability|p1a: Kartana|Beast Boost|boost
|-boost|p1a: Kartana|atk|1
|
|upkeep
|
|t:|1661438178
|switch|p2a: Lycanroc|Lycanroc-Dusk, F|100/100
|turn|6
|
|t:|1661438183
|switch|p1a: Toxapex|Toxapex, F|100/100
|-activate|p1a: Toxapex|move: Sticky Web
|-unboost|p1a: Toxapex|spe|1
|move|p2a: Lycanroc|Close Combat|p1a: Toxapex
|-resisted|p1a: Toxapex
|-damage|p1a: Toxapex|85/100
|-unboost|p2a: Lycanroc|def|1
|-unboost|p2a: Lycanroc|spd|1
|-enditem|p1a: Toxapex|Eject Button
|
|t:|1661438186
|switch|p1a: Garchomp|Garchomp, F|100/100
|-activate|p1a: Garchomp|move: Sticky Web
|-unboost|p1a: Garchomp|spe|1
|
|upkeep
|turn|7
|
|t:|1661438191
|switch|p2a: Vanilluxe|Vanilluxe, M|100/100
|-weather|Hail|[from] ability: Snow Warning|[of] p2a: Vanilluxe
|move|p1a: Garchomp|Earthquake|p2a: Vanilluxe
|-damage|p2a: Vanilluxe|37/100
|
|-weather|Hail|[upkeep]
|-damage|p1a: Garchomp|94/100|[from] Hail
|-heal|p1a: Garchomp|100/100|[from] item: Leftovers
|upkeep
|turn|8
|j| LT94JE Herv
|
|t:|1661438195
|switch|p1a: Tornadus|Tornadus-Therian, M|100/100
|move|p2a: Vanilluxe|Aurora Veil|p2a: Vanilluxe
|-sidestart|p2: LT94JE Allistair|move: Aurora Veil
|
|-weather|Hail|[upkeep]
|-damage|p1a: Tornadus|94/100|[from] Hail
|upkeep
|turn|9
|j| Neverladding
|
|t:|1661438198
|move|p1a: Tornadus|Defog|p2a: Vanilluxe
|-unboost|p2a: Vanilluxe|evasion|1
|-sideend|p2: LT94JE Allistair|move: Aurora Veil
|-sideend|p1: return nirvana|Sticky Web|[from] move: Defog|[of] p1a: Tornadus
|move|p2a: Vanilluxe|Toxic|p1a: Tornadus
|-status|p1a: Tornadus|tox
|
|-weather|Hail|[upkeep]
|-damage|p1a: Tornadus|88/100 tox|[from] Hail
|-damage|p1a: Tornadus|82/100 tox|[from] psn
|upkeep
|turn|10
|
|t:|1661438200
|move|p1a: Tornadus|Hurricane|p2a: Vanilluxe
|-damage|p2a: Vanilluxe|0 fnt
|faint|p2a: Vanilluxe
|
|-weather|Hail|[upkeep]
|-damage|p1a: Tornadus|76/100 tox|[from] Hail
|-damage|p1a: Tornadus|64/100 tox|[from] psn
|upkeep
|j| cypherstest
|j| LT94JEwhyaddicted
|
|t:|1661438212
|switch|p2a: Mew|Mew|100/100
|turn|11
|
|t:|1661438218
|switch|p1a: Kartana|Kartana|100/100
|move|p2a: Mew|Cosmic Power|p2a: Mew
|-boost|p2a: Mew|def|1
|-boost|p2a: Mew|spd|1
|
|-weather|none
|upkeep
|turn|12
|j| LT94JE reje
|
|t:|1661438222
|move|p1a: Kartana|Toxic|p2a: Mew
|-status|p2a: Mew|tox
|-activate|p2a: Mew|ability: Synchronize
|-immune|p1a: Kartana
|move|p2a: Mew|Roost||[still]
|-fail|p2a: Mew|heal
|
|-damage|p2a: Mew|94/100 tox|[from] psn
|upkeep
|turn|13
|
|t:|1661438229
|switch|p1a: Victini|Victini|100/100
|move|p2a: Mew|Cosmic Power|p2a: Mew
|-boost|p2a: Mew|def|1
|-boost|p2a: Mew|spd|1
|
|-damage|p2a: Mew|82/100 tox|[from] psn
|upkeep
|turn|14
|j| LT92PF Raizen
|
|t:|1661438234
|move|p1a: Victini|V-create|p2a: Mew
|-damage|p2a: Mew|47/100 tox
|-unboost|p1a: Victini|spe|1
|-unboost|p1a: Victini|def|1
|-unboost|p1a: Victini|spd|1
|move|p2a: Mew|Stored Power|p1a: Victini
|-resisted|p1a: Victini
|-damage|p1a: Victini|77/100
|
|-damage|p2a: Mew|28/100 tox|[from] psn
|upkeep
|turn|15
|
|t:|1661438238
|move|p2a: Mew|Stored Power|p1a: Victini
|-resisted|p1a: Victini
|-damage|p1a: Victini|50/100
|move|p1a: Victini|U-turn|p2a: Mew
|-supereffective|p2a: Mew
|-damage|p2a: Mew|11/100 tox
|-enditem|p2a: Mew|Weakness Policy
|-boost|p2a: Mew|atk|2|[from] item: Weakness Policy
|-boost|p2a: Mew|spa|2|[from] item: Weakness Policy
|
|t:|1661438240
|switch|p1a: Kartana|Kartana|100/100|[from]move: U-turn
|
|-damage|p2a: Mew|0 fnt|[from] psn
|faint|p2a: Mew
|upkeep
|
|t:|1661438243
|switch|p2a: Lycanroc|Lycanroc-Dusk, F|100/100
|turn|16
|
|t:|1661438248
|switch|p1a: Toxapex|Toxapex, F|100/100
|move|p2a: Lycanroc|Swords Dance|p2a: Lycanroc
|-boost|p2a: Lycanroc|atk|2
|
|upkeep
|turn|17
|
|t:|1661438255
|move|p2a: Lycanroc|Drill Run|p1a: Toxapex
|-supereffective|p1a: Toxapex
|-damage|p1a: Toxapex|17/100
|move|p1a: Toxapex|Scald|p2a: Lycanroc
|-supereffective|p2a: Lycanroc
|-damage|p2a: Lycanroc|49/100
|-status|p2a: Lycanroc|brn
|
|-damage|p2a: Lycanroc|43/100 brn|[from] brn
|upkeep
|turn|18
|
|t:|1661438264
|move|p2a: Lycanroc|Swords Dance|p2a: Lycanroc
|-boost|p2a: Lycanroc|atk|2
|move|p1a: Toxapex|Toxic Spikes|p2a: Lycanroc
|-sidestart|p2: LT94JE Allistair|move: Toxic Spikes
|
|-damage|p2a: Lycanroc|37/100 brn|[from] brn
|upkeep
|turn|19
|
|t:|1661438268
|move|p2a: Lycanroc|Drill Run|p1a: Toxapex
|-supereffective|p1a: Toxapex
|-damage|p1a: Toxapex|0 fnt
|faint|p1a: Toxapex
|
|-damage|p2a: Lycanroc|30/100 brn|[from] brn
|upkeep
|
|t:|1661438272
|switch|p1a: Garchomp|Garchomp, F|100/100
|turn|20
|j| Nikon1
|
|t:|1661438275
|move|p2a: Lycanroc|Close Combat|p1a: Garchomp
|-damage|p1a: Garchomp|33/100
|-unboost|p2a: Lycanroc|def|1
|-unboost|p2a: Lycanroc|spd|1
|-damage|p2a: Lycanroc|18/100 brn|[from] ability: Rough Skin|[of] p1a: Garchomp
|move|p1a: Garchomp|Earthquake|p2a: Lycanroc
|-supereffective|p2a: Lycanroc
|-damage|p2a: Lycanroc|0 fnt
|faint|p2a: Lycanroc
|
|-heal|p1a: Garchomp|39/100|[from] item: Leftovers
|upkeep
|
|t:|1661438291
|switch|p2a: Jirachi|Jirachi|100/100
|turn|21
|
|t:|1661438294
|switch|p1a: Victini|Victini|50/100
|move|p2a: Jirachi|Cosmic Power|p2a: Jirachi
|-boost|p2a: Jirachi|def|1
|-boost|p2a: Jirachi|spd|1
|
|upkeep
|turn|22
|
|t:|1661438314
|move|p1a: Victini|Will-O-Wisp|p2a: Jirachi
|-status|p2a: Jirachi|brn
|move|p2a: Jirachi|Cosmic Power|p2a: Jirachi
|-boost|p2a: Jirachi|def|1
|-boost|p2a: Jirachi|spd|1
|
|-damage|p2a: Jirachi|94/100 brn|[from] brn
|upkeep
|turn|23
|inactive|Battle timer is ON: inactive players will automatically lose when time's up. (requested by return nirvana)
|l| tsnsj
|j| LT94JE Tace
|
|t:|1661438321
|move|p1a: Victini|V-create|p2a: Jirachi
|-supereffective|p2a: Jirachi
|-damage|p2a: Jirachi|27/100 brn
|-unboost|p1a: Victini|spe|1
|-unboost|p1a: Victini|def|1
|-unboost|p1a: Victini|spd|1
|-enditem|p2a: Jirachi|Weakness Policy
|-boost|p2a: Jirachi|atk|2|[from] item: Weakness Policy
|-boost|p2a: Jirachi|spa|2|[from] item: Weakness Policy
|move|p2a: Jirachi|Wish|p2a: Jirachi
|
|-damage|p2a: Jirachi|21/100 brn|[from] brn
|upkeep
|turn|24
|l| LT94JE Tace
|
|t:|1661438327
|switch|p1a: Tornadus|Tornadus-Therian, M|97/100 tox
|move|p2a: Jirachi|Stored Power|p1a: Tornadus
|-damage|p1a: Tornadus|0 fnt
|faint|p1a: Tornadus
|
|-heal|p2a: Jirachi|71/100 brn|[from] move: Wish|[wisher] Jirachi
|-damage|p2a: Jirachi|64/100 brn|[from] brn
|upkeep
|
|t:|1661438331
|switch|p1a: Victini|Victini|50/100
|turn|25
|
|t:|1661438333
|move|p2a: Jirachi|Stored Power|p1a: Victini
|-resisted|p1a: Victini
|-damage|p1a: Victini|0 fnt
|faint|p1a: Victini
|
|-damage|p2a: Jirachi|58/100 brn|[from] brn
|upkeep
|j| Quagshi
|
|t:|1661438337
|switch|p1a: Magnezone|Magnezone|100/100
|-item|p1a: Magnezone|Air Balloon
|turn|26
|l| Quagshi
|
|t:|1661438341
|move|p2a: Jirachi|Wish|p2a: Jirachi
|move|p1a: Magnezone|Iron Defense|p1a: Magnezone
|-boost|p1a: Magnezone|def|2
|
|-damage|p2a: Jirachi|52/100 brn|[from] brn
|upkeep
|turn|27
|
|t:|1661438344
|move|p2a: Jirachi|Cosmic Power|p2a: Jirachi
|-boost|p2a: Jirachi|def|1
|-boost|p2a: Jirachi|spd|1
|move|p1a: Magnezone|Body Press|p2a: Jirachi
|-damage|p2a: Jirachi|31/100 brn
|
|-heal|p2a: Jirachi|81/100 brn|[from] move: Wish|[wisher] Jirachi
|-damage|p2a: Jirachi|75/100 brn|[from] brn
|upkeep
|turn|28
|
|t:|1661438347
|move|p2a: Jirachi|Wish|p2a: Jirachi
|move|p1a: Magnezone|Body Press|p2a: Jirachi
|-damage|p2a: Jirachi|57/100 brn
|
|-damage|p2a: Jirachi|50/100 brn|[from] brn
|upkeep
|turn|29
|
|t:|1661438349
|move|p2a: Jirachi|Cosmic Power|p2a: Jirachi
|-boost|p2a: Jirachi|def|1
|-boost|p2a: Jirachi|spd|1
|move|p1a: Magnezone|Body Press|p2a: Jirachi
|-damage|p2a: Jirachi|33/100 brn
|
|-heal|p2a: Jirachi|83/100 brn|[from] move: Wish|[wisher] Jirachi
|-damage|p2a: Jirachi|76/100 brn|[from] brn
|upkeep
|turn|30
|
|t:|1661438354
|move|p2a: Jirachi|Stored Power|p1a: Magnezone
|-resisted|p1a: Magnezone
|-damage|p1a: Magnezone|0 fnt
|-enditem|p1a: Magnezone|Air Balloon
|faint|p1a: Magnezone
|
|-damage|p2a: Jirachi|70/100 brn|[from] brn
|upkeep
|-message|return nirvana forfeited.
|
|win|LT94JE Allistair
|raw|return nirvana's rating: 1830 &rarr; <strong>1810</strong><br />(-20 for losing)
|raw|LT94JE Allistair's rating: 1837 &rarr; <strong>1857</strong><br />(+20 for winning)
|l|☆return nirvana
|l| Mimikyu Stardust
