|j|☆minimax_ai
|j|☆Turn 2
|t:|1665392214
|gametype|singles
|player|p1|minimax_ai|lusamine-nihilego|1584
|player|p2|Turn 2|roxie|1729
|teamsize|p1|6
|teamsize|p2|6
|gen|8
|tier|[Gen 8] OU
|rated|
|rule|Sleep Clause Mod: Limit one foe put to sleep
|rule|Species Clause: Limit one of each Pokémon
|rule|OHKO Clause: OHKO moves are banned
|rule|Evasion Items Clause: Evasion items are banned
|rule|Evasion Moves Clause: Evasion moves are banned
|rule|Endless Battle Clause: Forcing endless battles is banned
|rule|HP Percentage Mod: HP is shown in percentages
|rule|Dynamax Clause: You cannot dynamax
|clearpoke
|poke|p1|Rotom-Wash|
|poke|p1|Weavile, F|
|poke|p1|Landorus-Therian, M|
|poke|p1|Heatran, M|
|poke|p1|Tangrowth, M|
|poke|p1|Melmetal|
|poke|p2|Arctozolt|
|poke|p2|Magnezone|
|poke|p2|Ninetales-Alola, F|
|poke|p2|Swampert, F|
|poke|p2|Mandibuzz, F|
|poke|p2|Dragapult, F|
|teampreview
|c|☆minimax_ai|hf
|inactive|Battle timer is ON: inactive players will automatically lose when time's up. (requested by minimax_ai)
|inactive|Turn 2 has 120 seconds left.
|
|t:|1665392251
|start
|switch|p1a: landorustherian|Landorus-Therian, M|100/100
|switch|p2a: Swampert|Swampert, F|100/100
|-ability|p1a: landorustherian|Intimidate|boost
|-unboost|p2a: Swampert|atk|1
|turn|1
|
|t:|1665392259
|move|p1a: landorustherian|Earthquake|p2a: Swampert
|-damage|p2a: Swampert|56/100
|move|p2a: Swampert|Stealth Rock|p1a: landorustherian
|-sidestart|p1: minimax_ai|move: Stealth Rock
|
|-heal|p2a: Swampert|62/100|[from] item: Leftovers
|upkeep
|turn|2
|
|t:|1665392267
|switch|p2a: Mandibuzz|Mandibuzz, F|100/100
|move|p1a: landorustherian|Defog|p2a: Mandibuzz
|-unboost|p2a: Mandibuzz|evasion|1
|-sideend|p1: minimax_ai|Stealth Rock|[from] move: Defog|[of] p1a: landorustherian
|
|upkeep
|turn|3
|
|t:|1665392274
|move|p2a: Mandibuzz|U-turn|p1a: landorustherian
|-resisted|p1a: landorustherian
|-damage|p1a: landorustherian|95/100
|
|t:|1665392281
|switch|p2a: Swampert|Swampert, F|62/100|[from]move: U-turn
|move|p1a: landorustherian|Toxic|p2a: Swampert
|-status|p2a: Swampert|tox
|
|-heal|p1a: landorustherian|100/100|[from] item: Leftovers
|-heal|p2a: Swampert|68/100 tox|[from] item: Leftovers
|-damage|p2a: Swampert|62/100 tox|[from] psn
|upkeep
|turn|4
|
|t:|1665392293
|move|p1a: landorustherian|U-turn|p2a: Swampert
|-damage|p2a: Swampert|41/100 tox
|
|t:|1665392293
|switch|p1a: Tangrowth|Tangrowth, M|100/100|[from]move: U-turn
|move|p2a: Swampert|Yawn|p1a: Tangrowth
|-start|p1a: Tangrowth|move: Yawn|[of] p2a: Swampert
|
|-heal|p2a: Swampert|48/100 tox|[from] item: Leftovers
|-damage|p2a: Swampert|35/100 tox|[from] psn
|upkeep
|turn|5
|
|t:|1665392305
|move|p1a: Tangrowth|Giga Drain|p2a: Swampert
|-supereffective|p2a: Swampert
|-damage|p2a: Swampert|0 fnt
|faint|p2a: Swampert
|
|-end|p1a: Tangrowth|move: Yawn|[silent]
|-status|p1a: Tangrowth|slp
|upkeep
|
|t:|1665392313
|switch|p2a: Arctozolt|Arctozolt|100/100
|turn|6
|
|t:|1665392316
|switch|p1a: Melmetal|Melmetal|100/100
|move|p2a: Arctozolt|Substitute|p2a: Arctozolt
|-start|p2a: Arctozolt|Substitute
|-damage|p2a: Arctozolt|76/100
|
|upkeep
|turn|7
|
|t:|1665392322
|move|p2a: Arctozolt|Bolt Beak|p1a: Melmetal
|-damage|p1a: Melmetal|51/100
|move|p1a: Melmetal|Double Iron Bash|p2a: Arctozolt
|-end|p2a: Arctozolt|Substitute
|-damage|p2a: Arctozolt|32/100
|-hitcount|p2a: Arctozolt|2
|
|upkeep
|turn|8
|
|t:|1665392331
|move|p2a: Arctozolt|Bolt Beak|p1a: Melmetal
|-damage|p1a: Melmetal|2/100
|move|p1a: Melmetal|Double Iron Bash|p2a: Arctozolt
|-damage|p2a: Arctozolt|0 fnt
|faint|p2a: Arctozolt
|-hitcount|p2: Arctozolt|1
|
|upkeep
|
|t:|1665392340
|switch|p2a: Magnezone|Magnezone|100/100
|turn|9
|
|t:|1665392343
|move|p2a: Magnezone|Iron Defense|p2a: Magnezone
|-boost|p2a: Magnezone|def|2
|move|p1a: Melmetal|Earthquake|p2a: Magnezone
|-supereffective|p2a: Magnezone
|-damage|p2a: Magnezone|41/100
|
|-heal|p2a: Magnezone|47/100|[from] item: Leftovers
|upkeep
|turn|10
|
|t:|1665392354
|move|p2a: Magnezone|Body Press|p1a: Melmetal
|-supereffective|p1a: Melmetal
|-damage|p1a: Melmetal|0 fnt
|faint|p1a: Melmetal
|
|-heal|p2a: Magnezone|53/100|[from] item: Leftovers
|upkeep
|
|t:|1665392354
|switch|p1a: Heatran|Heatran, M|100/100
|-item|p1a: Heatran|Air Balloon
|turn|11
|
|t:|1665392365
|move|p1a: Heatran|Eruption|p2a: Magnezone
|-supereffective|p2a: Magnezone
|-damage|p2a: Magnezone|0 fnt
|faint|p2a: Magnezone
|
|upkeep
|-message|Turn 2 forfeited.
|
|win|minimax_ai
|raw|minimax_ai's rating: 1584 &rarr; <strong>1612</strong><br />(+28 for winning)
|raw|Turn 2's rating: 1729 &rarr; <strong>1701</strong><br />(-28 for losing)
|c|☆minimax_ai|gg
