|j|☆Nultiprise
|j|☆GGeorgie
|t:|1661298072
|gametype|singles
|player|p1|Nultiprise|pokekidf-gen8|1572
|player|p2|GGeorgie|hiker-gen2|1629
|teamsize|p1|6
|teamsize|p2|6
|gen|8
|tier|[Gen 8] OU
|rated|
|rule|Sleep Clause Mod: Limit one foe put to sleep
|rule|Species Clause: Limit one of each Pokémon
|rule|OHKO Clause: OHKO moves are banned
|rule|Evasion Items Clause: Evasion items are banned
|rule|Evasion Moves Clause: Evasion moves are banned
|rule|Endless Battle Clause: Forcing endless battles is banned
|rule|HP Percentage Mod: HP is shown in percentages
|rule|Dynamax Clause: You cannot dynamax
|clearpoke
|poke|p1|Volcarona, M|
|poke|p1|Tapu Lele|
|poke|p1|Magnezone|
|poke|p1|Weavile, F|
|poke|p1|Toxapex, M|
|poke|p1|Landorus-Therian, M|
|poke|p2|Zapdos|
|poke|p2|Tyranitar, F|
|poke|p2|Landorus-Therian, M|
|poke|p2|Excadrill, M|
|poke|p2|Clefable, M|
|poke|p2|Ferrothorn, F|
|teampreview
|inactive|Battle timer is ON: inactive players will automatically lose when time's up. (requested by GGeorgie)
|
|t:|1661298077
|start
|switch|p1a: Magnezone|Magnezone|100/100
|switch|p2a: Landorus|Landorus-Therian, M|100/100
|-ability|p2a: Landorus|Intimidate|boost
|-unboost|p1a: Magnezone|atk|1
|turn|1
|
|t:|1661298082
|switch|p1a: Landorus|Landorus-Therian, M|100/100
|-ability|p1a: Landorus|Intimidate|boost
|-unboost|p2a: Landorus|atk|1
|move|p2a: Landorus|U-turn|p1a: Landorus
|-resisted|p1a: Landorus
|-damage|p1a: Landorus|91/100
|
|t:|1661298084
|switch|p2a: Zapdos|Zapdos|100/100|[from]move: U-turn
|
|-heal|p1a: Landorus|97/100|[from] item: Leftovers
|upkeep
|turn|2
|
|t:|1661298090
|switch|p1a: Magnezone|Magnezone|100/100
|move|p2a: Zapdos|Hurricane|p1a: Magnezone
|-resisted|p1a: Magnezone
|-damage|p1a: Magnezone|89/100
|
|upkeep
|turn|3
|
|t:|1661298104
|switch|p2a: Landorus|Landorus-Therian, M|100/100
|-ability|p2a: Landorus|Intimidate|boost
|-unboost|p1a: Magnezone|atk|1
|move|p1a: Magnezone|Mirror Coat||[still]
|-fail|p1a: Magnezone
|
|upkeep
|turn|4
|
|t:|1661298108
|move|p2a: Landorus|U-turn|p1a: Magnezone
|-resisted|p1a: Magnezone
|-damage|p1a: Magnezone|78/100
|
|t:|1661298111
|switch|p2a: Zapdos|Zapdos|100/100|[from]move: U-turn
|move|p1a: Magnezone|Flash Cannon|p2a: Zapdos
|-resisted|p2a: Zapdos
|-damage|p2a: Zapdos|81/100
|
|upkeep
|turn|5
|
|t:|1661298114
|move|p2a: Zapdos|Volt Switch|p1a: Magnezone
|-resisted|p1a: Magnezone
|-damage|p1a: Magnezone|65/100
|
|t:|1661298116
|switch|p2a: Tyranitar|Tyranitar, F, shiny|100/100|[from]move: Volt Switch
|-weather|Sandstorm|[from] ability: Sand Stream|[of] p2a: Tyranitar
|move|p1a: Magnezone|Flash Cannon|p2a: Tyranitar
|-supereffective|p2a: Tyranitar
|-damage|p2a: Tyranitar|52/100
|
|-weather|Sandstorm|[upkeep]
|upkeep
|turn|6
|
|t:|1661298119
|move|p2a: Tyranitar|Earthquake|p1a: Magnezone
|-supereffective|p1a: Magnezone
|-damage|p1a: Magnezone|0 fnt
|faint|p1a: Magnezone
|
|-weather|Sandstorm|[upkeep]
|upkeep
|
|t:|1661298124
|switch|p1a: Landorus|Landorus-Therian, M|97/100
|-ability|p1a: Landorus|Intimidate|boost
|-unboost|p2a: Tyranitar|atk|1
|turn|7
|inactive|GGeorgie has 120 seconds left.
|
|t:|1661298161
|switch|p2a: Zapdos|Zapdos|81/100
|move|p1a: Landorus|U-turn|p2a: Zapdos
|-resisted|p2a: Zapdos
|-damage|p2a: Zapdos|68/100
|
|t:|1661298174
|switch|p1a: Weavile|Weavile, F|100/100|[from]move: U-turn
|-ability|p1a: Weavile|Pressure
|
|-weather|Sandstorm|[upkeep]
|-damage|p1a: Weavile|94/100|[from] Sandstorm
|-damage|p2a: Zapdos|62/100|[from] Sandstorm
|upkeep
|turn|8
|
|t:|1661298178
|switch|p2a: Ferrothorn|Ferrothorn, F, shiny|100/100
|move|p1a: Weavile|Knock Off|p2a: Ferrothorn
|-crit|p2a: Ferrothorn
|-damage|p2a: Ferrothorn|57/100
|-damage|p1a: Weavile|82/100|[from] ability: Iron Barbs|[of] p2a: Ferrothorn
|-damage|p1a: Weavile|66/100|[from] item: Rocky Helmet|[of] p2a: Ferrothorn
|-enditem|p2a: Ferrothorn|Rocky Helmet|[from] move: Knock Off|[of] p1a: Weavile
|
|-weather|Sandstorm|[upkeep]
|-damage|p1a: Weavile|60/100|[from] Sandstorm
|upkeep
|turn|9
|
|t:|1661298185
|switch|p1a: Volcarona|Volcarona, M|100/100
|move|p2a: Ferrothorn|Spikes|p1a: Volcarona
|-sidestart|p1: Nultiprise|Spikes
|
|-weather|none
|upkeep
|turn|10
|
|t:|1661298193
|switch|p1a: Tapu Lele|Tapu Lele|100/100
|-damage|p1a: Tapu Lele|88/100|[from] Spikes
|-fieldstart|move: Psychic Terrain|[from] ability: Psychic Surge|[of] p1a: Tapu Lele
|switch|p2a: Landorus|Landorus-Therian, M|100/100
|-ability|p2a: Landorus|Intimidate|boost
|-unboost|p1a: Tapu Lele|atk|1
|
|upkeep
|turn|11
|
|t:|1661298200
|move|p1a: Tapu Lele|Psychic|p2a: Landorus
|-damage|p2a: Landorus|23/100
|move|p2a: Landorus|U-turn|p1a: Tapu Lele
|-damage|p1a: Tapu Lele|45/100
|
|t:|1661298230
|switch|p2a: Tyranitar|Tyranitar, F, shiny|52/100|[from]move: U-turn
|-weather|Sandstorm|[from] ability: Sand Stream|[of] p2a: Tyranitar
|
|-weather|Sandstorm|[upkeep]
|-damage|p1a: Tapu Lele|39/100|[from] Sandstorm
|upkeep
|turn|12
|
|t:|1661298234
|switch|p1a: Landorus|Landorus-Therian, M|97/100
|-ability|p1a: Landorus|Intimidate|boost
|-unboost|p2a: Tyranitar|atk|1
|move|p2a: Tyranitar|Stone Edge|p1a: Landorus
|-damage|p1a: Landorus|52/100
|
|-weather|Sandstorm|[upkeep]
|-heal|p1a: Landorus|58/100|[from] item: Leftovers
|upkeep
|turn|13
|
|t:|1661298247
|switch|p2a: Landorus|Landorus-Therian, M|23/100
|-ability|p2a: Landorus|Intimidate|boost
|-unboost|p1a: Landorus|atk|1
|move|p1a: Landorus|U-turn|p2a: Landorus
|-resisted|p2a: Landorus
|-damage|p2a: Landorus|15/100
|
|t:|1661298252
|switch|p1a: Tapu Lele|Tapu Lele|39/100|[from]move: U-turn
|-damage|p1a: Tapu Lele|26/100|[from] Spikes
|
|-weather|Sandstorm|[upkeep]
|-damage|p1a: Tapu Lele|20/100|[from] Sandstorm
|upkeep
|turn|14
|
|t:|1661298261
|switch|p2a: Ferrothorn|Ferrothorn, F, shiny|57/100
|move|p1a: Tapu Lele|Focus Blast|p2a: Ferrothorn
|-supereffective|p2a: Ferrothorn
|-damage|p2a: Ferrothorn|0 fnt
|faint|p2a: Ferrothorn
|
|-weather|Sandstorm|[upkeep]
|-damage|p1a: Tapu Lele|14/100|[from] Sandstorm
|-fieldend|move: Psychic Terrain
|upkeep
|
|t:|1661298264
|switch|p2a: Clefable|Clefable, M|100/100
|turn|15
|
|t:|1661298271
|switch|p1a: Volcarona|Volcarona, M|100/100
|move|p2a: Clefable|Calm Mind|p2a: Clefable
|-boost|p2a: Clefable|spa|1
|-boost|p2a: Clefable|spd|1
|
|-weather|none
|upkeep
|turn|16
|
|t:|1661298274
|move|p1a: Volcarona|Quiver Dance|p1a: Volcarona
|-boost|p1a: Volcarona|spa|1
|-boost|p1a: Volcarona|spd|1
|-boost|p1a: Volcarona|spe|1
|move|p2a: Clefable|Thunder|p1a: Volcarona|[miss]
|-miss|p2a: Clefable|p1a: Volcarona
|
|upkeep
|turn|17
|
|t:|1661298279
|move|p1a: Volcarona|Quiver Dance|p1a: Volcarona
|-boost|p1a: Volcarona|spa|1
|-boost|p1a: Volcarona|spd|1
|-boost|p1a: Volcarona|spe|1
|move|p2a: Clefable|Thunder|p1a: Volcarona
|-damage|p1a: Volcarona|78/100
|
|upkeep
|turn|18
|
|t:|1661298281
|move|p1a: Volcarona|Quiver Dance|p1a: Volcarona
|-boost|p1a: Volcarona|spa|1
|-boost|p1a: Volcarona|spd|1
|-boost|p1a: Volcarona|spe|1
|move|p2a: Clefable|Thunder|p1a: Volcarona
|-damage|p1a: Volcarona|62/100
|
|upkeep
|turn|19
|
|t:|1661298284
|move|p1a: Volcarona|Flamethrower|p2a: Clefable
|-damage|p2a: Clefable|43/100
|move|p2a: Clefable|Thunder|p1a: Volcarona
|-damage|p1a: Volcarona|45/100
|
|upkeep
|turn|20
|
|t:|1661298288
|move|p1a: Volcarona|Flamethrower|p2a: Clefable
|-damage|p2a: Clefable|0 fnt
|faint|p2a: Clefable
|
|upkeep
|
|t:|1661298290
|switch|p2a: Tyranitar|Tyranitar, F, shiny|52/100
|-weather|Sandstorm|[from] ability: Sand Stream|[of] p2a: Tyranitar
|turn|21
|
|t:|1661298291
|move|p1a: Volcarona|Flamethrower|p2a: Tyranitar
|-resisted|p2a: Tyranitar
|-damage|p2a: Tyranitar|17/100
|move|p2a: Tyranitar|Stone Edge|p1a: Volcarona
|-supereffective|p1a: Volcarona
|-damage|p1a: Volcarona|0 fnt
|faint|p1a: Volcarona
|
|-weather|Sandstorm|[upkeep]
|upkeep
|
|t:|1661298306
|switch|p1a: Weavile|Weavile, F|60/100
|-ability|p1a: Weavile|Pressure
|turn|22
|
|t:|1661298310
|move|p1a: Weavile|Triple Axel|p2a: Tyranitar
|-damage|p2a: Tyranitar|7/100
|-damage|p2a: Tyranitar|0 fnt
|faint|p2a: Tyranitar
|-hitcount|p2: Tyranitar|2
|
|-weather|Sandstorm|[upkeep]
|-damage|p1a: Weavile|54/100|[from] Sandstorm
|upkeep
|
|t:|1661298313
|switch|p2a: Excadrill|Excadrill, M|100/100
|turn|23
|
|t:|1661298317
|switch|p1a: Landorus|Landorus-Therian, M|58/100
|-ability|p1a: Landorus|Intimidate|boost
|-unboost|p2a: Excadrill|atk|1
|move|p2a: Excadrill|Swords Dance|p2a: Excadrill
|-boost|p2a: Excadrill|atk|2
|
|-weather|Sandstorm|[upkeep]
|-heal|p1a: Landorus|64/100|[from] item: Leftovers
|upkeep
|turn|24
|
|t:|1661298320
|switch|p1a: Toxapex|Toxapex, M|100/100
|-damage|p1a: Toxapex|88/100|[from] Spikes
|move|p2a: Excadrill|Iron Head|p1a: Toxapex
|-resisted|p1a: Toxapex
|-damage|p1a: Toxapex|66/100
|-enditem|p1a: Toxapex|Eject Button
|
|t:|1661298323
|switch|p1a: Landorus|Landorus-Therian, M|64/100
|-ability|p1a: Landorus|Intimidate|boost
|-unboost|p2a: Excadrill|atk|1
|
|-weather|Sandstorm|[upkeep]
|-heal|p1a: Landorus|70/100|[from] item: Leftovers
|upkeep
|turn|25
|
|t:|1661298328
|move|p2a: Excadrill|Iron Head|p1a: Landorus
|-damage|p1a: Landorus|27/100
|cant|p1a: Landorus|flinch
|
|-weather|none
|-heal|p1a: Landorus|33/100|[from] item: Leftovers
|upkeep
|turn|26
|
|t:|1661298331
|switch|p1a: Toxapex|Toxapex, M|99/100
|-damage|p1a: Toxapex|87/100|[from] Spikes
|move|p2a: Excadrill|Iron Head|p1a: Toxapex
|-resisted|p1a: Toxapex
|-damage|p1a: Toxapex|74/100
|
|upkeep
|turn|27
|
|t:|1661298335
|move|p2a: Excadrill|Rapid Spin|p1a: Toxapex
|-damage|p1a: Toxapex|63/100
|-boost|p2a: Excadrill|spe|1
|move|p1a: Toxapex|Knock Off|p2a: Excadrill
|-damage|p2a: Excadrill|79/100
|-enditem|p2a: Excadrill|Leftovers|[from] move: Knock Off|[of] p1a: Toxapex
|
|upkeep
|turn|28
|
|t:|1661298339
|switch|p1a: Landorus|Landorus-Therian, M|33/100
|-ability|p1a: Landorus|Intimidate|boost
|-unboost|p2a: Excadrill|atk|1
|move|p2a: Excadrill|Swords Dance|p2a: Excadrill
|-boost|p2a: Excadrill|atk|2
|
|-heal|p1a: Landorus|39/100|[from] item: Leftovers
|upkeep
|turn|29
|
|t:|1661298341
|switch|p1a: Toxapex|Toxapex, M|96/100
|-damage|p1a: Toxapex|84/100|[from] Spikes
|move|p2a: Excadrill|Iron Head|p1a: Toxapex
|-resisted|p1a: Toxapex
|-damage|p1a: Toxapex|64/100
|
|upkeep
|turn|30
|
|t:|1661298345
|switch|p1a: Landorus|Landorus-Therian, M|39/100
|-ability|p1a: Landorus|Intimidate|boost
|-unboost|p2a: Excadrill|atk|1
|move|p2a: Excadrill|Rapid Spin|p1a: Landorus
|-damage|p1a: Landorus|20/100
|-boost|p2a: Excadrill|spe|1
|
|-heal|p1a: Landorus|26/100|[from] item: Leftovers
|upkeep
|turn|31
|
|t:|1661298348
|switch|p1a: Toxapex|Toxapex, M|97/100
|-damage|p1a: Toxapex|85/100|[from] Spikes
|move|p2a: Excadrill|Iron Head|p1a: Toxapex
|-resisted|p1a: Toxapex
|-damage|p1a: Toxapex|71/100
|
|upkeep
|turn|32
|
|t:|1661298350
|switch|p1a: Landorus|Landorus-Therian, M|26/100
|-ability|p1a: Landorus|Intimidate|boost
|-unboost|p2a: Excadrill|atk|1
|move|p2a: Excadrill|Earthquake|p1a: Landorus
|-immune|p1a: Landorus
|
|-heal|p1a: Landorus|32/100|[from] item: Leftovers
|upkeep
|turn|33
|
|t:|1661298353
|move|p2a: Excadrill|Iron Head|p1a: Landorus
|-damage|p1a: Landorus|4/100
|cant|p1a: Landorus|flinch
|
|-heal|p1a: Landorus|10/100|[from] item: Leftovers
|upkeep
|turn|34
|c|☆Nultiprise|dude
|
|t:|1661298359
|move|p2a: Excadrill|Swords Dance|p2a: Excadrill
|-boost|p2a: Excadrill|atk|2
|move|p1a: Landorus|Earthquake|p2a: Excadrill
|-supereffective|p2a: Excadrill
|-damage|p2a: Excadrill|0 fnt
|faint|p2a: Excadrill
|
|-heal|p1a: Landorus|16/100|[from] item: Leftovers
|upkeep
|c|☆GGeorgie|see
|-message|GGeorgie forfeited.
|
|win|Nultiprise
|raw|Nultiprise's rating: 1572 &rarr; <strong>1594</strong><br />(+22 for winning)
|raw|GGeorgie's rating: 1609 &rarr; <strong>1587</strong><br />(-22 for losing)
|l|☆GGeorgie
