|j|☆friedfreak
|j|☆Mreow
|t:|1614366477
|player|p1|friedfreak|170|1861
|player|p2|Mreow|acetrainersnowf|1781
|teamsize|p1|6
|teamsize|p2|6
|gametype|singles
|gen|8
|tier|[Gen 8] OU
|rated|
|clearpoke
|poke|p1|Hippowdon, M|
|poke|p1|Magnezone|
|poke|p1|Dragapult, M|
|poke|p1|Kartana|
|poke|p1|Slowbro, M|
|poke|p1|Moltres|
|poke|p2|Celesteela|
|poke|p2|Victini|
|poke|p2|Dragonite, M|
|poke|p2|Swampert, F|
|poke|p2|Bewear, M|
|poke|p2|Xurkitree|
|rule|Sleep Clause Mod: Limit one foe put to sleep
|rule|Species Clause: Limit one of each Pokémon
|rule|OHKO Clause: OHKO moves are banned
|rule|Evasion Moves Clause: Evasion moves are banned
|rule|Endless Battle Clause: Forcing endless battles is banned
|rule|HP Percentage Mod: HP is shown in percentages
|rule|Dynamax Clause: You cannot dynamax
|teampreview
|j| Zaothan
|j| KRIMMER
|j| Nartey
|
|t:|1614366505
|start
|switch|p1a: Hippowdon|Hippowdon, M|100/100
|switch|p2a: Laikteur|Bewear, M|100/100
|-weather|Sandstorm|[from] ability: Sand Stream|[of] p1a: Hippowdon
|turn|1
|j| bot livre
|j| El Pogo Loco
|
|t:|1614366519
|move|p2a: Laikteur|Swords Dance|p2a: Laikteur
|-boost|p2a: Laikteur|atk|2
|move|p1a: Hippowdon|Stealth Rock|p2a: Laikteur
|-sidestart|p2: Mreow|move: Stealth Rock
|
|-weather|Sandstorm|[upkeep]
|-damage|p2a: Laikteur|94/100|[from] Sandstorm
|-heal|p2a: Laikteur|100/100|[from] item: Leftovers
|upkeep
|turn|2
|
|t:|1614366537
|switch|p1a: Moltres|Moltres|100/100
|move|p2a: Laikteur|Double-Edge|p1a: Moltres
|-damage|p1a: Moltres|7/100
|-damage|p2a: Laikteur|74/100|[from] Recoil
|
|-weather|Sandstorm|[upkeep]
|-damage|p1a: Moltres|0 fnt|[from] Sandstorm
|-damage|p2a: Laikteur|68/100|[from] Sandstorm
|faint|p1a: Moltres
|-heal|p2a: Laikteur|74/100|[from] item: Leftovers
|upkeep
|
|t:|1614366544
|switch|p1a: Dragapult|Dragapult, M|100/100
|turn|3
|c| KRIMMER|lol
|
|t:|1614366552
|move|p1a: Dragapult|Draco Meteor|p2a: Laikteur
|-damage|p2a: Laikteur|0 fnt
|-unboost|p1a: Dragapult|spa|2
|faint|p2a: Laikteur
|
|-weather|Sandstorm|[upkeep]
|-damage|p1a: Dragapult|95/100|[from] Sandstorm
|upkeep
|
|t:|1614366562
|switch|p2a: NiceBoyo|Swampert, F|100/100
|-damage|p2a: NiceBoyo|94/100|[from] Stealth Rock
|turn|4
|
|t:|1614366566
|switch|p1a: Slowbro|Slowbro, M|100/100
|move|p2a: NiceBoyo|Stealth Rock|p1a: Slowbro
|-sidestart|p1: friedfreak|move: Stealth Rock
|
|-weather|Sandstorm|[upkeep]
|-damage|p1a: Slowbro|94/100|[from] Sandstorm
|-heal|p2a: NiceBoyo|100/100|[from] item: Leftovers
|upkeep
|turn|5
|c| KRIMMER|You're Moltres deid for no reason
|
|t:|1614366570
|move|p2a: NiceBoyo|Toxic|p1a: Slowbro
|-status|p1a: Slowbro|tox
|move|p1a: Slowbro|Scald|p2a: NiceBoyo
|-damage|p2a: NiceBoyo|83/100
|
|-weather|none
|-heal|p2a: NiceBoyo|89/100|[from] item: Leftovers
|-damage|p1a: Slowbro|88/100 tox|[from] psn
|upkeep
|turn|6
|c| KRIMMER|LOSER
|inactive|Battle timer is ON: inactive players will automatically lose when time's up. (requested by friedfreak)
|
|t:|1614366583
|move|p2a: NiceBoyo|Earthquake|p1a: Slowbro
|-damage|p1a: Slowbro|66/100 tox
|move|p1a: Slowbro|Scald|p2a: NiceBoyo
|-damage|p2a: NiceBoyo|70/100
|
|-heal|p2a: NiceBoyo|76/100|[from] item: Leftovers
|-damage|p1a: Slowbro|54/100 tox|[from] psn
|upkeep
|turn|7
|l| Nartey
|c| Zaothan|True that
|
|t:|1614366593
|move|p2a: NiceBoyo|Flip Turn|p1a: Slowbro
|-resisted|p1a: Slowbro
|-damage|p1a: Slowbro|47/100 tox
|-damage|p2a: NiceBoyo|60/100|[from] item: Rocky Helmet|[of] p1a: Slowbro
|
|t:|1614366599
|switch|p2a: L'intérimaire|Xurkitree|100/100|[from]move: Flip Turn
|-damage|p2a: L'intérimaire|88/100|[from] Stealth Rock
|move|p1a: Slowbro|Slack Off|p1a: Slowbro
|-heal|p1a: Slowbro|97/100 tox
|
|-damage|p1a: Slowbro|79/100 tox|[from] psn
|upkeep
|turn|8
|j| trolllllordd
|j| Nartey
|j| slobadd
|
|t:|1614366618
|switch|p1a: Hippowdon|Hippowdon, M|100/100
|-damage|p1a: Hippowdon|94/100|[from] Stealth Rock
|-weather|Sandstorm|[from] ability: Sand Stream|[of] p1a: Hippowdon
|move|p2a: L'intérimaire|Energy Ball|p1a: Hippowdon
|-supereffective|p1a: Hippowdon
|-damage|p1a: Hippowdon|36/100
|
|-weather|Sandstorm|[upkeep]
|-damage|p2a: L'intérimaire|82/100|[from] Sandstorm
|-heal|p1a: Hippowdon|42/100|[from] item: Leftovers
|upkeep
|turn|9
|j| noserious
|
|t:|1614366642
|move|p2a: L'intérimaire|Energy Ball|p1a: Hippowdon
|-supereffective|p1a: Hippowdon
|-damage|p1a: Hippowdon|0 fnt
|faint|p1a: Hippowdon
|-ability|p2a: L'intérimaire|Beast Boost|boost
|-boost|p2a: L'intérimaire|spa|1
|
|-weather|Sandstorm|[upkeep]
|-damage|p2a: L'intérimaire|76/100|[from] Sandstorm
|upkeep
|
|t:|1614366646
|switch|p1a: Dragapult|Dragapult, M|95/100
|-damage|p1a: Dragapult|82/100|[from] Stealth Rock
|turn|10
|
|t:|1614366654
|switch|p2a: NiceBoyo|Swampert, F|60/100
|-damage|p2a: NiceBoyo|53/100|[from] Stealth Rock
|move|p1a: Dragapult|Shadow Ball|p2a: NiceBoyo
|-damage|p2a: NiceBoyo|16/100
|
|-weather|Sandstorm|[upkeep]
|-damage|p1a: Dragapult|76/100|[from] Sandstorm
|-heal|p2a: NiceBoyo|23/100|[from] item: Leftovers
|upkeep
|turn|11
|c| KRIMMER|Freidfreak you fucking suck ass dude
|
|t:|1614366668
|move|p1a: Dragapult|Shadow Ball|p2a: NiceBoyo
|-damage|p2a: NiceBoyo|0 fnt
|faint|p2a: NiceBoyo
|
|-weather|Sandstorm|[upkeep]
|-damage|p1a: Dragapult|70/100|[from] Sandstorm
|upkeep
|c|☆Mreow|I'm not afiliated with krimmer :(
|c|☆Mreow|sry for that
|
|t:|1614366685
|switch|p2a: Labedaine|Celesteela, shiny|100/100
|-damage|p2a: Labedaine|88/100|[from] Stealth Rock
|turn|12
|l| Nartey
|
|t:|1614366690
|move|p1a: Dragapult|Shadow Ball|p2a: Labedaine
|-damage|p2a: Labedaine|35/100
|move|p2a: Labedaine|Heavy Slam|p1a: Dragapult
|-damage|p1a: Dragapult|0 fnt
|faint|p1a: Dragapult
|-ability|p2a: Labedaine|Beast Boost|boost
|-boost|p2a: Labedaine|atk|1
|
|-weather|none
|-heal|p2a: Labedaine|40/100|[from] item: Leftovers
|upkeep
|c| KRIMMER|Mreow you are my GF
|c| trolllllordd|just report the krimmer guy and get him locked
|c| trolllllordd|hes a weirdo
|
|t:|1614366709
|switch|p1a: Kartana|Kartana|100/100
|-damage|p1a: Kartana|94/100|[from] Stealth Rock
|turn|13
|c| KRIMMER|wtf
|
|t:|1614366714
|move|p1a: Kartana|Knock Off|p2a: Labedaine
|-damage|p2a: Labedaine|0 fnt
|-enditem|p2a: Labedaine|Leftovers|[from] move: Knock Off|[of] p1a: Kartana
|faint|p2a: Labedaine
|-ability|p1a: Kartana|Beast Boost|boost
|-boost|p1a: Kartana|atk|1
|
|upkeep
|c| El Pogo Loco|its easier to just ignore
|
|t:|1614366719
|switch|p2a: Grougueulin|Dragonite, M|100/100
|turn|14
|c| KRIMMER|You are the troll
|c| Zaothan|Mreow has big bobs
|c| KRIMMER|big ol bobs lol
|
|t:|1614366732
|switch|p1a: Slowbro|Slowbro, M|100/100 tox
|-damage|p1a: Slowbro|88/100 tox|[from] Stealth Rock
|move|p2a: Grougueulin|Dragon Dance|p2a: Grougueulin
|-boost|p2a: Grougueulin|atk|1
|-boost|p2a: Grougueulin|spe|1
|
|-damage|p1a: Slowbro|82/100 tox|[from] psn
|upkeep
|turn|15
|
|t:|1614366735
|move|p2a: Grougueulin|Dragon Dance|p2a: Grougueulin
|-boost|p2a: Grougueulin|atk|1
|-boost|p2a: Grougueulin|spe|1
|move|p1a: Slowbro|Scald|p2a: Grougueulin
|-resisted|p2a: Grougueulin
|-damage|p2a: Grougueulin|93/100
|-status|p2a: Grougueulin|brn
|
|-damage|p2a: Grougueulin|87/100 brn|[from] brn
|-damage|p1a: Slowbro|70/100 tox|[from] psn
|upkeep
|turn|16
|
|t:|1614366738
|move|p2a: Grougueulin|Dragon Dance|p2a: Grougueulin
|-boost|p2a: Grougueulin|atk|1
|-boost|p2a: Grougueulin|spe|1
|move|p1a: Slowbro|Ice Beam|p2a: Grougueulin
|-supereffective|p2a: Grougueulin
|-damage|p2a: Grougueulin|4/100 brn
|
|-damage|p2a: Grougueulin|0 fnt|[from] brn
|faint|p2a: Grougueulin
|-damage|p1a: Slowbro|52/100 tox|[from] psn
|upkeep
|c| trolllllordd|one weirdo and the rest of them all come out
|c| trolllllordd|in droves
|
|t:|1614366748
|switch|p2a: L'intérimaire|Xurkitree|76/100
|-damage|p2a: L'intérimaire|63/100|[from] Stealth Rock
|turn|17
|c| KRIMMER|Its just you homie
|
|t:|1614366759
|switch|p1a: Magnezone|Magnezone|100/100
|-damage|p1a: Magnezone|94/100|[from] Stealth Rock
|move|p2a: L'intérimaire|Thunderbolt|p1a: Magnezone
|-resisted|p1a: Magnezone
|-damage|p1a: Magnezone|53/100
|
|upkeep
|turn|18
|j| TWOONESEC
|c| trolllllordd|sure you're the one getting horny over a pokemon game
|
|t:|1614366774
|move|p2a: L'intérimaire|Thunderbolt|p1a: Magnezone
|-resisted|p1a: Magnezone
|-damage|p1a: Magnezone|13/100
|move|p1a: Magnezone|Steel Beam|p2a: L'intérimaire
|-resisted|p2a: L'intérimaire
|-damage|p2a: L'intérimaire|0 fnt
|-damage|p1a: Magnezone|0 fnt|[from] mindblown
|faint|p1a: Magnezone
|faint|p2a: L'intérimaire
|
|upkeep
|c| trolllllordd|over watching one
|
|t:|1614366780
|switch|p2a: Jambonnix|Victini|100/100
|switch|p1a: Kartana|Kartana|94/100
|-damage|p1a: Kartana|88/100|[from] Stealth Rock
|-damage|p2a: Jambonnix|76/100|[from] Stealth Rock
|turn|19
|
|t:|1614366784
|move|p1a: Kartana|Knock Off|p2a: Jambonnix
|-supereffective|p2a: Jambonnix
|-damage|p2a: Jambonnix|0 fnt
|-enditem|p2a: Jambonnix|Assault Vest|[from] move: Knock Off|[of] p1a: Kartana
|faint|p2a: Jambonnix
|
|win|friedfreak
|c| KRIMMER|Never said anything like that buddy
|l|☆friedfreak
|c| trolllllordd|....u have before bro
|l| El Pogo Loco
|c| KRIMMER|Proof?
|c| KRIMMER|Mreow you're bad at the game
|c| trolllllordd|thats very rich of you
|c| trolllllordd|asking for proof
|j| Nartey
||Ladder (probably) updated, but score could not be retrieved (Request timeout).
|l|☆Mreow
|c| KRIMMER|I got a lot of money
|l| KRIMMER
|l| Zaothan
|l| trolllllordd
|l| noserious
|l| Nartey
