|j|☆powercheeks
|j|☆lou dort
|t:|1658705017
|gametype|singles
|player|p1|powercheeks|wattson|1527
|player|p2|lou dort|170|1631
|teamsize|p1|6
|teamsize|p2|6
|gen|8
|tier|[Gen 8] OU
|rated|
|rule|Sleep Clause Mod: Limit one foe put to sleep
|rule|Species Clause: Limit one of each Pokémon
|rule|OHKO Clause: OHKO moves are banned
|rule|Evasion Moves Clause: Evasion moves are banned
|rule|Endless Battle Clause: Forcing endless battles is banned
|rule|HP Percentage Mod: HP is shown in percentages
|rule|Dynamax Clause: You cannot dynamax
|clearpoke
|poke|p1|Charizard, F|
|poke|p1|Hatterene, F|
|poke|p1|Landorus-Therian, M|
|poke|p1|Slurpuff, M|
|poke|p1|Kommo-o, M|
|poke|p1|Celesteela|
|poke|p2|Buzzwole|
|poke|p2|Zapdos|
|poke|p2|Heatran, F|
|poke|p2|Dragapult, F|
|poke|p2|Ferrothorn, M|
|poke|p2|Landorus-Therian, M|
|teampreview
|inactive|Battle timer is ON: inactive players will automatically lose when time's up. (requested by lou dort)
|j| GrizzlyAdams94
|inactive|powercheeks has 120 seconds left.
|inactive|lou dort has 120 seconds left.
|
|t:|1658705075
|start
|switch|p1a: Slurpuff|Slurpuff, M, shiny|100/100
|switch|p2a: Landorus|Landorus-Therian, M|100/100
|-ability|p2a: Landorus|Intimidate|boost
|-unboost|p1a: Slurpuff|atk|1
|turn|1
|
|t:|1658705102
|move|p1a: Slurpuff|Sticky Web|p2a: Landorus
|-sidestart|p2: lou dort|move: Sticky Web
|move|p2a: Landorus|Defog|p1a: Slurpuff
|-unboost|p1a: Slurpuff|evasion|1
|-sideend|p2: lou dort|Sticky Web|[from] move: Defog|[of] p2a: Landorus
|
|upkeep
|turn|2
|
|t:|1658705105
|move|p1a: Slurpuff|Yawn|p2a: Landorus
|-start|p2a: Landorus|move: Yawn|[of] p1a: Slurpuff
|move|p2a: Landorus|Defog|p1a: Slurpuff
|-unboost|p1a: Slurpuff|evasion|1
|
|upkeep
|turn|3
|
|t:|1658705109
|move|p1a: Slurpuff|Sticky Web|p2a: Landorus
|-sidestart|p2: lou dort|move: Sticky Web
|move|p2a: Landorus|U-turn|p1a: Slurpuff
|-resisted|p1a: Slurpuff
|-damage|p1a: Slurpuff|86/100
|
|t:|1658705112
|switch|p2a: Zapdos|Zapdos|100/100|[from]move: U-turn
|
|upkeep
|turn|4
|
|t:|1658705117
|move|p2a: Zapdos|Volt Switch|p1a: Slurpuff
|-damage|p1a: Slurpuff|41/100
|
|t:|1658705118
|switch|p2a: Landorus|Landorus-Therian, M|100/100|[from]move: Volt Switch
|-ability|p2a: Landorus|Intimidate|boost
|-unboost|p1a: Slurpuff|atk|1
|move|p1a: Slurpuff|Yawn|p2a: Landorus
|-start|p2a: Landorus|move: Yawn|[of] p1a: Slurpuff
|
|upkeep
|turn|5
|
|t:|1658705123
|move|p1a: Slurpuff|Endeavor|p2a: Landorus
|-damage|p2a: Landorus|33/100
|move|p2a: Landorus|U-turn|p1a: Slurpuff
|-resisted|p1a: Slurpuff
|-damage|p1a: Slurpuff|27/100
|
|t:|1658705129
|switch|p2a: Zapdos|Zapdos|100/100|[from]move: U-turn
|
|upkeep
|turn|6
|
|t:|1658705133
|move|p2a: Zapdos|Volt Switch|p1a: Slurpuff
|-damage|p1a: Slurpuff|0 fnt
|faint|p1a: Slurpuff
|
|t:|1658705138
|switch|p2a: Landorus|Landorus-Therian, M|33/100|[from]move: Volt Switch
|
|-heal|p2a: Landorus|39/100|[from] item: Leftovers
|upkeep
|
|t:|1658705164
|switch|p1a: Charizard|Charizard, F, shiny|100/100
|turn|7
|
|t:|1658705168
|move|p1a: Charizard|Substitute|p1a: Charizard
|-start|p1a: Charizard|Substitute
|-damage|p1a: Charizard|76/100
|move|p2a: Landorus|Knock Off|p1a: Charizard
|-end|p1a: Charizard|Substitute
|
|-heal|p2a: Landorus|45/100|[from] item: Leftovers
|upkeep
|turn|8
|
|t:|1658705176
|move|p1a: Charizard|Belly Drum|p1a: Charizard
|-damage|p1a: Charizard|26/100
|-setboost|p1a: Charizard|atk|6|[from] move: Belly Drum
|-enditem|p1a: Charizard|Sitrus Berry|[eat]
|-heal|p1a: Charizard|50/100|[from] item: Sitrus Berry
|move|p2a: Landorus|Knock Off|p1a: Charizard
|-damage|p1a: Charizard|22/100
|
|-heal|p2a: Landorus|51/100|[from] item: Leftovers
|upkeep
|turn|9
|
|t:|1658705185
|switch|p2a: Heatran|Heatran, F|100/100
|-item|p2a: Heatran|Air Balloon
|move|p1a: Charizard|Flame Charge|p2a: Heatran
|-start|p2a: Heatran|ability: Flash Fire
|
|upkeep
|turn|10
|
|t:|1658705188
|move|p1a: Charizard|Acrobatics|p2a: Heatran
|-resisted|p2a: Heatran
|-damage|p2a: Heatran|19/100
|-enditem|p2a: Heatran|Air Balloon
|move|p2a: Heatran|Magma Storm|p1a: Charizard
|-resisted|p1a: Charizard
|-damage|p1a: Charizard|0 fnt
|faint|p1a: Charizard
|
|upkeep
|
|t:|1658705199
|switch|p1a: Kommo-o|Kommo-o, M, shiny|100/100
|turn|11
|
|t:|1658705207
|-end|p2a: Heatran|ability: Flash Fire|[silent]
|switch|p2a: Zapdos|Zapdos|100/100
|move|p1a: Kommo-o|Swords Dance|p1a: Kommo-o
|-boost|p1a: Kommo-o|atk|2
|
|upkeep
|turn|12
|
|t:|1658705209
|move|p1a: Kommo-o|Scale Shot|p2a: Zapdos
|-crit|p2a: Zapdos
|-damage|p2a: Zapdos|63/100
|-damage|p2a: Zapdos|39/100
|-hitcount|p2a: Zapdos|2
|-unboost|p1a: Kommo-o|def|1
|-boost|p1a: Kommo-o|spe|1
|-damage|p1a: Kommo-o|91/100|[from] item: Life Orb
|move|p2a: Zapdos|Hurricane|p1a: Kommo-o
|-supereffective|p1a: Kommo-o
|-damage|p1a: Kommo-o|0 fnt
|faint|p1a: Kommo-o
|
|upkeep
|
|t:|1658705216
|switch|p1a: Celesteela|Celesteela|100/100
|turn|13
|
|t:|1658705219
|move|p2a: Zapdos|Discharge|p1a: Celesteela
|-supereffective|p1a: Celesteela
|-damage|p1a: Celesteela|39/100
|move|p1a: Celesteela|Autotomize|p1a: Celesteela
|-boost|p1a: Celesteela|spe|2
|-start|p1a: Celesteela|Autotomize
|
|upkeep
|turn|14
|
|t:|1658705224
|move|p1a: Celesteela|Meteor Beam||[still]
|-prepare|p1a: Celesteela|Meteor Beam
|-boost|p1a: Celesteela|spa|1
|-enditem|p1a: Celesteela|Power Herb
|-anim|p1a: Celesteela|Meteor Beam|p2a: Zapdos|[miss]
|-miss|p1a: Celesteela|p2a: Zapdos
|move|p2a: Zapdos|Discharge|p1a: Celesteela
|-supereffective|p1a: Celesteela
|-damage|p1a: Celesteela|0 fnt
|faint|p1a: Celesteela
|
|upkeep
|c|☆lou dort|ez
|
|t:|1658705230
|switch|p1a: Hatterene|Hatterene, F, shiny|100/100
|turn|15
|l| GrizzlyAdams94
|c|☆powercheeks|this game bruh
|c|☆lou dort|u should try winning with ur own team
|
|t:|1658705239
|move|p2a: Zapdos|Discharge|p1a: Hatterene
|-damage|p1a: Hatterene|62/100
|move|p1a: Hatterene|Calm Mind|p1a: Hatterene
|-boost|p1a: Hatterene|spa|1
|-boost|p1a: Hatterene|spd|1
|
|upkeep
|turn|16
|c|☆powercheeks|yoiu should try not using hax
|
|t:|1658705244
|move|p2a: Zapdos|Discharge|p1a: Hatterene
|-damage|p1a: Hatterene|36/100
|move|p1a: Hatterene|Draining Kiss|p2a: Zapdos
|-damage|p2a: Zapdos|8/100
|-heal|p1a: Hatterene|65/100|[from] drain|[of] p2a: Zapdos
|
|upkeep
|turn|17
|
|t:|1658705247
|move|p2a: Zapdos|Discharge|p1a: Hatterene
|-damage|p1a: Hatterene|44/100
|-status|p1a: Hatterene|par
|move|p1a: Hatterene|Draining Kiss|p2a: Zapdos
|-damage|p2a: Zapdos|0 fnt
|-heal|p1a: Hatterene|50/100 par|[from] drain|[of] p2a: Zapdos
|faint|p2a: Zapdos
|
|upkeep
|
|t:|1658705253
|switch|p2a: Landorus|Landorus-Therian, M|51/100
|-ability|p2a: Landorus|Intimidate|boost
|-unboost|p1a: Hatterene|atk|1
|turn|18
|c|☆powercheeks|that power herb miss lmao
|
|t:|1658705256
|move|p2a: Landorus|Defog|p1a: Hatterene
|move|p1a: Hatterene|Defog|p2a: Landorus|[from]ability: Magic Bounce
|-unboost|p2a: Landorus|evasion|1
|-sideend|p2: lou dort|Sticky Web|[from] move: Defog|[of] p1a: Hatterene
|move|p1a: Hatterene|Draining Kiss|p2a: Landorus
|-damage|p2a: Landorus|26/100
|-heal|p1a: Hatterene|73/100 par|[from] drain|[of] p2a: Landorus
|
|-heal|p2a: Landorus|32/100|[from] item: Leftovers
|upkeep
|turn|19
|c|☆lou dort|skill issue
|
|t:|1658705267
|move|p2a: Landorus|Earthquake|p1a: Hatterene
|-damage|p1a: Hatterene|37/100 par
|move|p1a: Hatterene|Calm Mind|p1a: Hatterene
|-boost|p1a: Hatterene|spa|1
|-boost|p1a: Hatterene|spd|1
|
|-heal|p2a: Landorus|38/100|[from] item: Leftovers
|upkeep
|turn|20
|c|☆powercheeks|yes i know
|c|☆powercheeks|im much better
|
|t:|1658705274
|move|p2a: Landorus|Earthquake|p1a: Hatterene
|-damage|p1a: Hatterene|0 fnt
|faint|p1a: Hatterene
|
|-heal|p2a: Landorus|44/100|[from] item: Leftovers
|upkeep
|
|t:|1658705276
|switch|p1a: Landorus|Landorus-Therian, M|100/100
|-ability|p1a: Landorus|Intimidate|boost
|-unboost|p2a: Landorus|atk|1
|turn|21
|-message|powercheeks forfeited.
|
|win|lou dort
|raw|powercheeks's rating: 1527 &rarr; <strong>1513</strong><br />(-14 for losing)
|raw|lou dort's rating: 1631 &rarr; <strong>1645</strong><br />(+14 for winning)
|l|☆powercheeks
|c|☆lou dort|is that why ur 100 points lower than me
