|html|<div class="broadcast-blue"><strong>[Gen 8] OU is currently suspecting Kyurem! For information on how to participate check out the <a href="https://www.smogon.com/forums/threads/np-ss-ou-suspect-process-round-11-break-the-ice.3694129/">suspect thread</a>.</strong></div>
|j|☆rigmortus
|j|☆Spectre Ace
|t:|1638932553
|gametype|singles
|player|p1|rigmortus|lucas|1685
|player|p2|Spectre Ace|juggler|1689
|teamsize|p1|6
|teamsize|p2|6
|gen|8
|tier|[Gen 8] OU
|rated|
|rule|Sleep Clause Mod: Limit one foe put to sleep
|rule|Species Clause: Limit one of each Pokémon
|rule|OHKO Clause: OHKO moves are banned
|rule|Evasion Moves Clause: Evasion moves are banned
|rule|Endless Battle Clause: Forcing endless battles is banned
|rule|HP Percentage Mod: HP is shown in percentages
|rule|Dynamax Clause: You cannot dynamax
|clearpoke
|poke|p1|Slowking-Galar, M|
|poke|p1|Weavile, M|
|poke|p1|Magnezone|
|poke|p1|Garchomp, F|
|poke|p1|Corviknight, M|
|poke|p1|Urshifu-*, M|
|poke|p2|Raichu-Alola, F|
|poke|p2|Tapu Koko|
|poke|p2|Corviknight, M|
|poke|p2|Garchomp, F|
|poke|p2|Kyurem|
|poke|p2|Kartana|
|teampreview
|j| iWatchU⊙_⊙
|j| UnzipsCrogre
|c| iWatchU⊙_⊙|Did u played blim
|
|t:|1638932585
|start
|switch|p1a: Garchomp|Garchomp, F, shiny|100/100
|switch|p2a: Kyurem|Kyurem|100/100
|-ability|p2a: Kyurem|Pressure
|turn|1
|j| A team of bidoof
|
|t:|1638932602
|switch|p1a: Slowking|Slowking-Galar, M, shiny|100/100
|move|p2a: Kyurem|Focus Blast|p1a: Slowking
|-resisted|p1a: Slowking
|-damage|p1a: Slowking|92/100
|
|upkeep
|turn|2
|j| Pyrosagon
|
|t:|1638932624
|switch|p2a: Edgar Alloy Poe|Corviknight, M|100/100
|move|p1a: Slowking|Ice Beam|p2a: Edgar Alloy Poe
|-damage|p2a: Edgar Alloy Poe|80/100
|-status|p2a: Edgar Alloy Poe|frz
|
|-heal|p2a: Edgar Alloy Poe|86/100 frz|[from] item: Leftovers
|upkeep
|turn|3
|c|☆Spectre Ace|If I got my ass beat then yes
|
|t:|1638932632
|cant|p2a: Edgar Alloy Poe|frz
|move|p1a: Slowking|Future Sight|p2a: Edgar Alloy Poe
|-start|p1a: Slowking|move: Future Sight
|
|-heal|p2a: Edgar Alloy Poe|92/100 frz|[from] item: Leftovers
|upkeep
|turn|4
|
|t:|1638932639
|switch|p1a: Magnezone|Magnezone|100/100
|cant|p2a: Edgar Alloy Poe|frz
|
|-heal|p2a: Edgar Alloy Poe|99/100 frz|[from] item: Leftovers
|upkeep
|turn|5
|
|t:|1638932643
|move|p1a: Magnezone|Thunderbolt|p2a: Edgar Alloy Poe
|-supereffective|p2a: Edgar Alloy Poe
|-damage|p2a: Edgar Alloy Poe|0 fnt
|faint|p2a: Edgar Alloy Poe
|
|-hint|Future Sight did not hit because the target is fainted.
|upkeep
|
|t:|1638932647
|switch|p2a: Terra|Garchomp, F|100/100
|turn|6
|c| iWatchU⊙_⊙|The other guy
|
|t:|1638932651
|switch|p1a: Corviknight|Corviknight, M, shiny|100/100
|-ability|p1a: Corviknight|Pressure
|move|p2a: Terra|Stealth Rock|p1a: Corviknight
|-sidestart|p1: rigmortus|move: Stealth Rock
|
|upkeep
|turn|7
|
|t:|1638932654
|move|p2a: Terra|Flamethrower|p1a: Corviknight
|-supereffective|p1a: Corviknight
|-damage|p1a: Corviknight|69/100
|move|p1a: Corviknight|Defog|p2a: Terra
|-unboost|p2a: Terra|evasion|1
|-sideend|p1: rigmortus|Stealth Rock|[from] move: Defog|[of] p1a: Corviknight
|
|upkeep
|turn|8
|
|t:|1638932657
|move|p2a: Terra|Flamethrower|p1a: Corviknight
|-supereffective|p1a: Corviknight
|-damage|p1a: Corviknight|37/100
|-status|p1a: Corviknight|brn
|move|p1a: Corviknight|Roost|p1a: Corviknight
|-heal|p1a: Corviknight|87/100 brn
|-singleturn|p1a: Corviknight|move: Roost
|
|-damage|p1a: Corviknight|81/100 brn|[from] brn
|upkeep
|turn|9
|
|t:|1638932674
|switch|p1a: Weavile|Weavile, M|100/100
|-ability|p1a: Weavile|Pressure
|move|p2a: Terra|Stealth Rock|p1a: Weavile
|-sidestart|p1: rigmortus|move: Stealth Rock
|
|upkeep
|turn|10
|
|t:|1638932679
|switch|p2a: Kartana|Kartana|100/100
|move|p1a: Weavile|Triple Axel|p2a: Kartana
|-damage|p2a: Kartana|89/100
|-damage|p2a: Kartana|65/100
|-damage|p2a: Kartana|33/100
|-hitcount|p2a: Kartana|3
|
|upkeep
|turn|11
|
|t:|1638932688
|switch|p2a: Eagle|Tapu Koko|100/100
|-fieldstart|move: Electric Terrain|[from] ability: Electric Surge|[of] p2a: Eagle
|switch|p1a: Corviknight|Corviknight, M, shiny|81/100 brn
|-damage|p1a: Corviknight|69/100 brn|[from] Stealth Rock
|-ability|p1a: Corviknight|Pressure
|
|-damage|p1a: Corviknight|62/100 brn|[from] brn
|upkeep
|turn|12
|
|t:|1638932692
|switch|p1a: Slowking|Slowking-Galar, M, shiny|100/100
|-damage|p1a: Slowking|88/100|[from] Stealth Rock
|move|p2a: Eagle|Thunderbolt|p1a: Slowking
|-damage|p1a: Slowking|64/100
|
|upkeep
|turn|13
|
|t:|1638932697
|move|p2a: Eagle|U-turn|p1a: Slowking
|-damage|p1a: Slowking|45/100
|
|t:|1638932700
|switch|p2a: Kartana|Kartana|33/100|[from]move: U-turn
|move|p1a: Slowking|Ice Beam|p2a: Kartana
|-damage|p2a: Kartana|0 fnt
|faint|p2a: Kartana
|
|upkeep
|
|t:|1638932702
|switch|p2a: Voltsail|Raichu-Alola, F, shiny|100/100
|turn|14
|
|t:|1638932707
|move|p2a: Voltsail|Rising Voltage|p1a: Slowking
|-crit|p1a: Slowking
|-damage|p1a: Slowking|0 fnt
|faint|p1a: Slowking
|-damage|p2a: Voltsail|91/100|[from] item: Life Orb
|
|upkeep
|
|t:|1638932709
|switch|p1a: Garchomp|Garchomp, F, shiny|100/100
|-damage|p1a: Garchomp|94/100|[from] Stealth Rock
|turn|15
|
|t:|1638932714
|switch|p2a: Terra|Garchomp, F|100/100
|move|p1a: Garchomp|Earthquake|p2a: Terra
|-damage|p2a: Terra|70/100
|
|-heal|p1a: Garchomp|100/100|[from] item: Leftovers
|upkeep
|turn|16
|
|t:|1638932720
|switch|p1a: Corviknight|Corviknight, M, shiny|62/100 brn
|-damage|p1a: Corviknight|50/100 brn|[from] Stealth Rock
|-ability|p1a: Corviknight|Pressure
|switch|p2a: Eagle|Tapu Koko|100/100
|
|-damage|p1a: Corviknight|44/100 brn|[from] brn
|upkeep
|turn|17
|
|t:|1638932726
|move|p2a: Eagle|Dazzling Gleam|p1a: Corviknight
|-resisted|p1a: Corviknight
|-damage|p1a: Corviknight|28/100 brn
|move|p1a: Corviknight|Roost|p1a: Corviknight
|-heal|p1a: Corviknight|78/100 brn
|-singleturn|p1a: Corviknight|move: Roost
|
|-damage|p1a: Corviknight|72/100 brn|[from] brn
|upkeep
|turn|18
|
|t:|1638932730
|move|p2a: Eagle|Dazzling Gleam|p1a: Corviknight
|-resisted|p1a: Corviknight
|-damage|p1a: Corviknight|56/100 brn
|move|p1a: Corviknight|Defog|p2a: Eagle
|-unboost|p2a: Eagle|evasion|1
|-sideend|p1: rigmortus|Stealth Rock|[from] move: Defog|[of] p1a: Corviknight
|-fieldend|move: Electric Terrain
|
|-damage|p1a: Corviknight|50/100 brn|[from] brn
|upkeep
|turn|19
|
|t:|1638932737
|move|p2a: Eagle|Thunderbolt|p1a: Corviknight
|-supereffective|p1a: Corviknight
|-damage|p1a: Corviknight|0 fnt
|faint|p1a: Corviknight
|
|upkeep
|
|t:|1638932741
|switch|p1a: Magnezone|Magnezone|100/100
|turn|20
|
|t:|1638932744
|switch|p2a: Terra|Garchomp, F|70/100
|move|p1a: Magnezone|Flash Cannon|p2a: Terra
|-damage|p2a: Terra|4/100
|
|upkeep
|turn|21
|
|t:|1638932747
|switch|p1a: Garchomp|Garchomp, F, shiny|100/100
|move|p2a: Terra|Stealth Rock|p1a: Garchomp
|-sidestart|p1: rigmortus|move: Stealth Rock
|
|upkeep
|turn|22
|
|t:|1638932749
|move|p2a: Terra|Toxic|p1a: Garchomp
|-status|p1a: Garchomp|tox
|move|p1a: Garchomp|Earthquake|p2a: Terra
|-damage|p2a: Terra|0 fnt
|faint|p2a: Terra
|
|-damage|p1a: Garchomp|94/100 tox|[from] psn
|upkeep
|
|t:|1638932752
|switch|p2a: Kyurem|Kyurem|100/100
|-ability|p2a: Kyurem|Pressure
|turn|23
|
|t:|1638932761
|switch|p1a: Magnezone|Magnezone|100/100
|-damage|p1a: Magnezone|94/100|[from] Stealth Rock
|move|p2a: Kyurem|Ice Beam|p1a: Magnezone
|-resisted|p1a: Magnezone
|-damage|p1a: Magnezone|42/100
|
|upkeep
|turn|24
|
|t:|1638932763
|move|p2a: Kyurem|Ice Beam|p1a: Magnezone
|-resisted|p1a: Magnezone
|-damage|p1a: Magnezone|0 fnt
|faint|p1a: Magnezone
|
|upkeep
|
|t:|1638932767
|switch|p1a: Weavile|Weavile, M|100/100
|-ability|p1a: Weavile|Pressure
|turn|25
|
|t:|1638932774
|move|p1a: Weavile|Triple Axel|p2a: Kyurem
|-damage|p2a: Kyurem|91/100
|-damage|p2a: Kyurem|71/100
|-damage|p2a: Kyurem|37/100
|-hitcount|p2a: Kyurem|3
|move|p2a: Kyurem|Ice Beam|p1a: Weavile
|-resisted|p1a: Weavile
|-damage|p1a: Weavile|46/100
|
|upkeep
|turn|26
|
|t:|1638932783
|move|p1a: Weavile|Knock Off|p2a: Kyurem
|-damage|p2a: Kyurem|0 fnt
|-enditem|p2a: Kyurem|Choice Specs|[from] move: Knock Off|[of] p1a: Weavile
|faint|p2a: Kyurem
|
|upkeep
|
|t:|1638932785
|switch|p2a: Eagle|Tapu Koko|100/100
|-fieldstart|move: Electric Terrain|[from] ability: Electric Surge|[of] p2a: Eagle
|turn|27
|
|t:|1638932791
|move|p1a: Weavile|Ice Shard|p2a: Eagle
|-damage|p2a: Eagle|68/100
|move|p2a: Eagle|Dazzling Gleam|p1a: Weavile
|-supereffective|p1a: Weavile
|-damage|p1a: Weavile|0 fnt
|faint|p1a: Weavile
|
|upkeep
|
|t:|1638932793
|switch|p1a: Garchomp|Garchomp, F, shiny|94/100 tox
|-damage|p1a: Garchomp|88/100 tox|[from] Stealth Rock
|turn|28
|
|t:|1638932796
|move|p2a: Eagle|Dazzling Gleam|p1a: Garchomp
|-supereffective|p1a: Garchomp
|-damage|p1a: Garchomp|28/100 tox
|move|p1a: Garchomp|Earthquake|p2a: Eagle
|-supereffective|p2a: Eagle
|-damage|p2a: Eagle|0 fnt
|faint|p2a: Eagle
|
|-heal|p1a: Garchomp|34/100 tox|[from] item: Leftovers
|-damage|p1a: Garchomp|28/100 tox|[from] psn
|upkeep
|
|t:|1638932798
|switch|p2a: Voltsail|Raichu-Alola, F, shiny|91/100
|turn|29
|
|t:|1638932800
|move|p2a: Voltsail|Psychic|p1a: Garchomp
|-damage|p1a: Garchomp|0 fnt
|faint|p1a: Garchomp
|-damage|p2a: Voltsail|81/100|[from] item: Life Orb
|
|upkeep
|
|t:|1638932801
|switch|p1a: Urshifu|Urshifu-Rapid-Strike, M|100/100
|-damage|p1a: Urshifu|94/100|[from] Stealth Rock
|turn|30
|
|t:|1638932803
|move|p1a: Urshifu|Aqua Jet|p2a: Voltsail
|-damage|p2a: Voltsail|5/100
|move|p2a: Voltsail|Rising Voltage|p1a: Urshifu
|-supereffective|p1a: Urshifu
|-damage|p1a: Urshifu|0 fnt
|faint|p1a: Urshifu
|-damage|p2a: Voltsail|0 fnt|[from] item: Life Orb
|faint|p2a: Voltsail
|
|win|Spectre Ace
|raw|rigmortus's rating: 1685 &rarr; <strong>1665</strong><br />(-20 for losing)
|raw|Spectre Ace's rating: 1689 &rarr; <strong>1709</strong><br />(+20 for winning)
|l|☆rigmortus
|l| UnzipsCrogre
|c|☆Spectre Ace|Gg
|l| A team of bidoof
||Ladder isn't responding, score probably updated but might not have (Request timeout).
