|raw|<div class="broadcast-blue"><strong>This battle is required to be public due to a player having a name starting with 'lt82zw'.</div>
|j|☆LT82ZW Floundso
|j|☆Chickpiee
|t:|1626278110
|gametype|singles
|player|p1|LT82ZW Floundso|silver|1946
|player|p2|Chickpiee|caitlin|1890
|teamsize|p1|6
|teamsize|p2|6
|gen|8
|tier|[Gen 8] OU
|rated|
|rule|Sleep Clause Mod: Limit one foe put to sleep
|rule|Species Clause: Limit one of each Pokémon
|rule|OHKO Clause: OHKO moves are banned
|rule|Evasion Moves Clause: Evasion moves are banned
|rule|Endless Battle Clause: Forcing endless battles is banned
|rule|HP Percentage Mod: HP is shown in percentages
|rule|Dynamax Clause: You cannot dynamax
|clearpoke
|poke|p1|Tapu Koko|
|poke|p1|Garchomp, M|
|poke|p1|Tornadus-Therian, M|
|poke|p1|Conkeldurr, M|
|poke|p1|Blissey, F|
|poke|p1|Melmetal|
|poke|p2|Hippowdon, F|
|poke|p2|Skarmory, M|
|poke|p2|Toxapex, M|
|poke|p2|Clefable, M|
|poke|p2|Tornadus-Therian, M|
|poke|p2|Scizor, F|
|teampreview
|j| LT82ZW SW
|j| LT82ZW Power
|j| LT82ZW Carlos
|inactive|Battle timer is ON: inactive players will automatically lose when time's up. (requested by LT82ZW Floundso)
|j| AngleProtractor
|j| lundini086
|j| LT82ZW LE FLEXMAN
|inactive|Chickpiee has 120 seconds left.
|
|t:|1626278164
|start
|switch|p1a: Tapu Koko|Tapu Koko|100/100
|switch|p2a: Toxapex|Toxapex, M|100/100
|-fieldstart|move: Electric Terrain|[from] ability: Electric Surge|[of] p1a: Tapu Koko
|turn|1
|j| Bleach
|
|t:|1626278174
|move|p1a: Tapu Koko|Thunderbolt|p2a: Toxapex
|-supereffective|p2a: Toxapex
|-damage|p2a: Toxapex|0 fnt
|faint|p2a: Toxapex
|
|upkeep
|j| bad_inter_alia
|
|t:|1626278178
|switch|p2a: Hippowdon|Hippowdon, F|100/100
|-weather|Sandstorm|[from] ability: Sand Stream|[of] p2a: Hippowdon
|turn|2
|l| LT82ZW Carlos
|
|t:|1626278185
|switch|p1a: Blissey|Blissey, F|100/100
|move|p2a: Hippowdon|Stealth Rock|p1a: Blissey
|-sidestart|p1: LT82ZW Floundso|move: Stealth Rock
|
|-weather|Sandstorm|[upkeep]
|-damage|p1a: Blissey|94/100|[from] Sandstorm
|upkeep
|turn|3
|j| OU make me yawn
|
|t:|1626278193
|switch|p2a: Scizor|Scizor, F|100/100
|move|p1a: Blissey|Teleport|p1a: Blissey
|
|t:|1626278196
|switch|p1a: Tornadus|Tornadus-Therian, M|100/100|[from]move: Teleport
|
|-weather|Sandstorm|[upkeep]
|-damage|p1a: Tornadus|94/100|[from] Sandstorm
|upkeep
|turn|4
|
|t:|1626278199
|switch|p2a: Tornadus|Tornadus-Therian, M, shiny|100/100
|move|p1a: Tornadus|Heat Wave|p2a: Tornadus
|-damage|p2a: Tornadus|78/100
|
|-weather|Sandstorm|[upkeep]
|-damage|p1a: Tornadus|88/100|[from] Sandstorm
|-damage|p2a: Tornadus|72/100|[from] Sandstorm
|upkeep
|turn|5
|j| Queenss
|
|t:|1626278205
|move|p1a: Tornadus|Defog|p2a: Tornadus
|-unboost|p2a: Tornadus|evasion|1
|-sideend|p1: LT82ZW Floundso|Stealth Rock|[from] move: Defog|[of] p1a: Tornadus
|-fieldend|move: Electric Terrain
|move|p2a: Tornadus|Knock Off|p1a: Tornadus
|-damage|p1a: Tornadus|64/100
|-enditem|p1a: Tornadus|Heavy-Duty Boots|[from] move: Knock Off|[of] p2a: Tornadus
|
|-weather|Sandstorm|[upkeep]
|-damage|p2a: Tornadus|66/100|[from] Sandstorm
|-damage|p1a: Tornadus|58/100|[from] Sandstorm
|upkeep
|turn|6
|c| AngleProtractor|who keep they pex in on koko
|
|t:|1626278208
|move|p1a: Tornadus|Hurricane|p2a: Tornadus
|-damage|p2a: Tornadus|27/100
|-start|p2a: Tornadus|confusion
|-activate|p2a: Tornadus|confusion
|move|p2a: Tornadus|U-turn|p1a: Tornadus
|-resisted|p1a: Tornadus
|-damage|p1a: Tornadus|50/100
|c| AngleProtractor|unless u tryna have fried starfish for lunch
|
|t:|1626278216
|switch|p2a: Hippowdon|Hippowdon, F|100/100|[from]move: U-turn
|
|-weather|none
|upkeep
|turn|7
|
|t:|1626278222
|move|p1a: Tornadus|U-turn|p2a: Hippowdon
|-damage|p2a: Hippowdon|89/100
|
|t:|1626278224
|switch|p1a: Melmetal|Melmetal|100/100|[from]move: U-turn
|move|p2a: Hippowdon|Toxic|p1a: Melmetal
|-immune|p1a: Melmetal
|
|-heal|p2a: Hippowdon|95/100|[from] item: Leftovers
|upkeep
|turn|8
|l| OU make me yawn
|
|t:|1626278230
|switch|p2a: Skarmory|Skarmory, M|100/100
|move|p1a: Melmetal|Toxic|p2a: Skarmory
|-immune|p2a: Skarmory
|
|upkeep
|turn|9
|
|t:|1626278242
|switch|p1a: Tornadus|Tornadus-Therian, M|83/100
|move|p2a: Skarmory|Spikes|p1a: Tornadus
|-sidestart|p1: LT82ZW Floundso|Spikes
|
|upkeep
|turn|10
|
|t:|1626278245
|switch|p2a: Hippowdon|Hippowdon, F|95/100
|-weather|Sandstorm|[from] ability: Sand Stream|[of] p2a: Hippowdon
|move|p1a: Tornadus|Defog|p2a: Hippowdon
|-unboost|p2a: Hippowdon|evasion|1
|-sideend|p1: LT82ZW Floundso|Spikes|[from] move: Defog|[of] p1a: Tornadus
|
|-weather|Sandstorm|[upkeep]
|-damage|p1a: Tornadus|77/100|[from] Sandstorm
|-heal|p2a: Hippowdon|100/100|[from] item: Leftovers
|upkeep
|turn|11
|
|t:|1626278253
|move|p1a: Tornadus|U-turn|p2a: Hippowdon
|-crit|p2a: Hippowdon
|-damage|p2a: Hippowdon|84/100
|
|t:|1626278255
|switch|p1a: Melmetal|Melmetal|100/100|[from]move: U-turn
|move|p2a: Hippowdon|Stealth Rock|p1a: Melmetal
|-sidestart|p1: LT82ZW Floundso|move: Stealth Rock
|
|-weather|Sandstorm|[upkeep]
|-heal|p2a: Hippowdon|90/100|[from] item: Leftovers
|upkeep
|turn|12
|j| regirockisregisad
|
|t:|1626278260
|switch|p2a: Skarmory|Skarmory, M|100/100
|switch|p1a: Tornadus|Tornadus-Therian, M|100/100
|-damage|p1a: Tornadus|76/100|[from] Stealth Rock
|
|-weather|Sandstorm|[upkeep]
|-damage|p1a: Tornadus|70/100|[from] Sandstorm
|upkeep
|turn|13
|
|t:|1626278265
|switch|p2a: Tornadus|Tornadus-Therian, M, shiny|60/100
|move|p1a: Tornadus|Hurricane|p2a: Tornadus
|-damage|p2a: Tornadus|21/100
|
|-weather|Sandstorm|[upkeep]
|-damage|p1a: Tornadus|63/100|[from] Sandstorm
|-damage|p2a: Tornadus|15/100|[from] Sandstorm
|upkeep
|turn|14
|j| registorm
|
|t:|1626278271
|switch|p2a: Hippowdon|Hippowdon, F|90/100
|move|p1a: Tornadus|Defog|p2a: Hippowdon
|-unboost|p2a: Hippowdon|evasion|1
|-sideend|p1: LT82ZW Floundso|Stealth Rock|[from] move: Defog|[of] p1a: Tornadus
|
|-weather|none
|-heal|p2a: Hippowdon|96/100|[from] item: Leftovers
|upkeep
|turn|15
|
|t:|1626278277
|move|p1a: Tornadus|U-turn|p2a: Hippowdon
|-damage|p2a: Hippowdon|86/100
|
|t:|1626278281
|switch|p1a: Melmetal|Melmetal|100/100|[from]move: U-turn
|move|p2a: Hippowdon|Stealth Rock|p1a: Melmetal
|-sidestart|p1: LT82ZW Floundso|move: Stealth Rock
|
|-heal|p2a: Hippowdon|92/100|[from] item: Leftovers
|upkeep
|turn|16
|
|t:|1626278289
|switch|p2a: Skarmory|Skarmory, M|100/100
|move|p1a: Melmetal|Double Iron Bash|p2a: Skarmory
|-resisted|p2a: Skarmory
|-damage|p2a: Skarmory|88/100
|-resisted|p2a: Skarmory
|-damage|p2a: Skarmory|76/100
|-hitcount|p2a: Skarmory|2
|
|upkeep
|turn|17
|
|t:|1626278301
|switch|p1a: Tapu Koko|Tapu Koko|100/100
|-damage|p1a: Tapu Koko|88/100|[from] Stealth Rock
|-fieldstart|move: Electric Terrain|[from] ability: Electric Surge|[of] p1a: Tapu Koko
|move|p2a: Skarmory|Body Press|p1a: Tapu Koko
|-resisted|p1a: Tapu Koko
|-damage|p1a: Tapu Koko|65/100
|
|upkeep
|turn|18
|
|t:|1626278308
|switch|p2a: Scizor|Scizor, F|100/100
|move|p1a: Tapu Koko|Volt Switch|p2a: Scizor
|-damage|p2a: Scizor|53/100
|
|t:|1626278318
|switch|p1a: Tornadus|Tornadus-Therian, M|97/100|[from]move: Volt Switch
|-damage|p1a: Tornadus|72/100|[from] Stealth Rock
|
|upkeep
|turn|19
|
|t:|1626278326
|switch|p2a: Hippowdon|Hippowdon, F|92/100
|-weather|Sandstorm|[from] ability: Sand Stream|[of] p2a: Hippowdon
|move|p1a: Tornadus|Defog|p2a: Hippowdon
|-unboost|p2a: Hippowdon|evasion|1
|-sideend|p1: LT82ZW Floundso|Stealth Rock|[from] move: Defog|[of] p1a: Tornadus
|-fieldend|move: Electric Terrain
|
|-weather|Sandstorm|[upkeep]
|-damage|p1a: Tornadus|66/100|[from] Sandstorm
|-heal|p2a: Hippowdon|98/100|[from] item: Leftovers
|upkeep
|turn|20
|j| Maddie The Fed
|j| Ugur
|
|t:|1626278329
|move|p1a: Tornadus|U-turn|p2a: Hippowdon
|-damage|p2a: Hippowdon|89/100
|l| Queenss
|
|t:|1626278333
|switch|p1a: Melmetal|Melmetal|100/100|[from]move: U-turn
|move|p2a: Hippowdon|Stealth Rock|p1a: Melmetal
|-sidestart|p1: LT82ZW Floundso|move: Stealth Rock
|
|-weather|Sandstorm|[upkeep]
|-heal|p2a: Hippowdon|95/100|[from] item: Leftovers
|upkeep
|turn|21
|
|t:|1626278339
|move|p2a: Hippowdon|Toxic|p1a: Melmetal
|-immune|p1a: Melmetal
|move|p1a: Melmetal|Double Iron Bash|p2a: Hippowdon
|-crit|p2a: Hippowdon
|-damage|p2a: Hippowdon|46/100
|-damage|p2a: Hippowdon|14/100
|-hitcount|p2a: Hippowdon|2
|
|-weather|Sandstorm|[upkeep]
|-heal|p2a: Hippowdon|20/100|[from] item: Leftovers
|upkeep
|turn|22
|
|t:|1626278346
|switch|p2a: Skarmory|Skarmory, M|76/100
|move|p1a: Melmetal|Double Iron Bash|p2a: Skarmory
|-resisted|p2a: Skarmory
|-damage|p2a: Skarmory|64/100
|-resisted|p2a: Skarmory
|-damage|p2a: Skarmory|52/100
|-hitcount|p2a: Skarmory|2
|
|-weather|Sandstorm|[upkeep]
|upkeep
|turn|23
|
|t:|1626278351
|switch|p2a: Hippowdon|Hippowdon, F|20/100
|move|p1a: Melmetal|Earthquake|p2a: Hippowdon
|-damage|p2a: Hippowdon|0 fnt
|faint|p2a: Hippowdon
|
|-weather|none
|upkeep
|
|t:|1626278355
|switch|p2a: Skarmory|Skarmory, M|52/100
|turn|24
|c|☆LT82ZW Floundso|gg
|
|t:|1626278362
|switch|p1a: Tornadus|Tornadus-Therian, M|99/100
|-damage|p1a: Tornadus|74/100|[from] Stealth Rock
|move|p2a: Skarmory|Roost|p2a: Skarmory
|-heal|p2a: Skarmory|100/100
|-singleturn|p2a: Skarmory|move: Roost
|
|upkeep
|turn|25
|c|☆Chickpiee|play full
|c|☆Chickpiee|I am ff ing
|
|t:|1626278377
|switch|p2a: Tornadus|Tornadus-Therian, M, shiny|48/100
|move|p1a: Tornadus|Defog|p2a: Tornadus
|-unboost|p2a: Tornadus|evasion|1
|-sideend|p1: LT82ZW Floundso|Stealth Rock|[from] move: Defog|[of] p1a: Tornadus
|
|upkeep
|turn|26
|l| registorm
|j| OU make me yawn
|c|☆LT82ZW Floundso|what do you mean play full?
|
|t:|1626278386
|move|p2a: Tornadus|U-turn|p1a: Tornadus
|-resisted|p1a: Tornadus
|-damage|p1a: Tornadus|67/100
|
|t:|1626278393
|switch|p2a: Scizor|Scizor, F|53/100|[from]move: U-turn
|move|p1a: Tornadus|Hurricane|p2a: Scizor
|-damage|p2a: Scizor|19/100
|
|upkeep
|turn|27
|
|t:|1626278403
|switch|p2a: Tornadus|Tornadus-Therian, M, shiny|81/100
|move|p1a: Tornadus|Heat Wave|p2a: Tornadus
|-damage|p2a: Tornadus|55/100
|
|upkeep
|turn|28
|
|t:|1626278411
|move|p1a: Tornadus|Hurricane|p2a: Tornadus
|-damage|p2a: Tornadus|10/100
|-start|p2a: Tornadus|confusion
|-activate|p2a: Tornadus|confusion
|-damage|p2a: Tornadus|0 fnt|[from] confusion
|faint|p2a: Tornadus
|
|upkeep
|
|t:|1626278414
|switch|p2a: Clefable|Clefable, M|100/100
|turn|29
|l| OU make me yawn
|
|t:|1626278417
|move|p1a: Tornadus|U-turn|p2a: Clefable
|-resisted|p2a: Clefable
|-damage|p2a: Clefable|95/100
|
|t:|1626278420
|switch|p1a: Melmetal|Melmetal|100/100|[from]move: U-turn
|move|p2a: Clefable|Calm Mind|p2a: Clefable
|-boost|p2a: Clefable|spa|1
|-boost|p2a: Clefable|spd|1
|
|upkeep
|turn|30
|
|t:|1626278425
|switch|p2a: Skarmory|Skarmory, M|100/100
|move|p1a: Melmetal|Earthquake|p2a: Skarmory
|-immune|p2a: Skarmory
|
|upkeep
|turn|31
|j| OU make me yawn
|l| OU make me yawn
|
|t:|1626278432
|switch|p1a: Tapu Koko|Tapu Koko|65/100
|-fieldstart|move: Electric Terrain|[from] ability: Electric Surge|[of] p1a: Tapu Koko
|move|p2a: Skarmory|Spikes|p1a: Tapu Koko
|-sidestart|p1: LT82ZW Floundso|Spikes
|
|upkeep
|turn|32
|j| NPC666
|
|t:|1626278438
|move|p1a: Tapu Koko|Thunderbolt|p2a: Skarmory
|-supereffective|p2a: Skarmory
|-ability|p2a: Skarmory|Sturdy
|-damage|p2a: Skarmory|1/100
|move|p2a: Skarmory|Body Press|p1a: Tapu Koko
|-resisted|p1a: Tapu Koko
|-damage|p1a: Tapu Koko|43/100
|
|upkeep
|turn|33
|
|t:|1626278441
|move|p1a: Tapu Koko|Thunderbolt|p2a: Skarmory
|-supereffective|p2a: Skarmory
|-damage|p2a: Skarmory|0 fnt
|faint|p2a: Skarmory
|
|upkeep
|
|t:|1626278445
|switch|p2a: Clefable|Clefable, M|95/100
|turn|34
|
|t:|1626278448
|move|p1a: Tapu Koko|Thunderbolt|p2a: Clefable
|-crit|p2a: Clefable
|-damage|p2a: Clefable|4/100
|move|p2a: Clefable|Calm Mind|p2a: Clefable
|-boost|p2a: Clefable|spa|1
|-boost|p2a: Clefable|spd|1
|
|upkeep
|turn|35
|
|t:|1626278452
|move|p1a: Tapu Koko|Thunderbolt|p2a: Clefable
|-damage|p2a: Clefable|0 fnt
|faint|p2a: Clefable
|
|-fieldend|move: Electric Terrain
|upkeep
|
|t:|1626278453
|switch|p2a: Scizor|Scizor, F|19/100
|turn|36
|
|t:|1626278456
|switch|p1a: Tornadus|Tornadus-Therian, M|99/100
|move|p2a: Scizor|Bullet Punch|p1a: Tornadus
|-damage|p1a: Tornadus|70/100
|
|upkeep
|turn|37
|
|t:|1626278459
|move|p1a: Tornadus|Heat Wave|p2a: Scizor|[miss]
|-miss|p1a: Tornadus|p2a: Scizor
|move|p2a: Scizor|Roost|p2a: Scizor
|-heal|p2a: Scizor|69/100
|-singleturn|p2a: Scizor|move: Roost
|
|upkeep
|turn|38
|
|t:|1626278463
|move|p1a: Tornadus|Heat Wave|p2a: Scizor
|-supereffective|p2a: Scizor
|-damage|p2a: Scizor|0 fnt
|faint|p2a: Scizor
|
|win|LT82ZW Floundso
|raw|LT82ZW Floundso's rating: 1946 &rarr; <strong>1963</strong><br />(+17 for winning)
|raw|Chickpiee's rating: 1890 &rarr; <strong>1873</strong><br />(-17 for losing)
|l| LT82ZW SW
|l|☆Chickpiee
|c| AngleProtractor|6 0
|l|☆LT82ZW Floundso
