|j|☆flygonisdragon
|j|☆FENDINI
|t:|1658259790
|gametype|singles
|player|p1|flygonisdragon|ninjaboy|1770
|player|p2|FENDINI|n|1781
|teamsize|p1|6
|teamsize|p2|6
|gen|8
|tier|[Gen 8] OU
|rated|
|rule|Sleep Clause Mod: Limit one foe put to sleep
|rule|Species Clause: Limit one of each Pokémon
|rule|OHKO Clause: OHKO moves are banned
|rule|Evasion Moves Clause: Evasion moves are banned
|rule|Endless Battle Clause: Forcing endless battles is banned
|rule|HP Percentage Mod: HP is shown in percentages
|rule|Dynamax Clause: You cannot dynamax
|clearpoke
|poke|p1|Volcanion|
|poke|p1|Bisharp, F|
|poke|p1|Mandibuzz, F|
|poke|p1|Hippowdon, F|
|poke|p1|Zapdos-Galar|
|poke|p1|Victini|
|poke|p2|Tyranitar, M|
|poke|p2|Clefable, M|
|poke|p2|Excadrill, M|
|poke|p2|Tangrowth, F|
|poke|p2|Slowking-Galar, M|
|poke|p2|Rotom-Wash|
|teampreview
|inactive|Battle timer is ON: inactive players will automatically lose when time's up. (requested by FENDINI)
|j| Ulcivar
|
|t:|1658259807
|start
|switch|p1a: Volcanion|Volcanion|100/100
|switch|p2a: Slowking|Slowking-Galar, M|100/100
|turn|1
|
|t:|1658259811
|switch|p1a: Hippowdon|Hippowdon, F|100/100
|-weather|Sandstorm|[from] ability: Sand Stream|[of] p1a: Hippowdon
|move|p2a: Slowking|Trick|p1a: Hippowdon
|-activate|p2a: Slowking|move: Trick|[of] p1a: Hippowdon
|-item|p1a: Hippowdon|Black Sludge|[from] move: Trick
|-item|p2a: Slowking|Leftovers|[from] move: Trick
|
|-weather|Sandstorm|[upkeep]
|-damage|p2a: Slowking|94/100|[from] Sandstorm
|-damage|p1a: Hippowdon|88/100|[from] item: Black Sludge
|-heal|p2a: Slowking|100/100|[from] item: Leftovers
|upkeep
|turn|2
|
|t:|1658259815
|switch|p2a: Clefable|Clefable, M|100/100
|move|p1a: Hippowdon|Stealth Rock|p2a: Clefable
|-sidestart|p2: FENDINI|move: Stealth Rock
|
|-weather|Sandstorm|[upkeep]
|-damage|p1a: Hippowdon|76/100|[from] item: Black Sludge
|upkeep
|turn|3
|
|t:|1658259821
|switch|p1a: Volcanion|Volcanion|100/100
|move|p2a: Clefable|Stealth Rock|p1a: Volcanion
|-sidestart|p1: flygonisdragon|move: Stealth Rock
|
|-weather|Sandstorm|[upkeep]
|-damage|p1a: Volcanion|95/100|[from] Sandstorm
|upkeep
|turn|4
|
|t:|1658259828
|switch|p2a: Rotom|Rotom-Wash|100/100
|-damage|p2a: Rotom|88/100|[from] Stealth Rock
|move|p1a: Volcanion|Steam Eruption|p2a: Rotom
|-resisted|p2a: Rotom
|-damage|p2a: Rotom|54/100
|-status|p2a: Rotom|brn
|
|-weather|Sandstorm|[upkeep]
|-damage|p1a: Volcanion|89/100|[from] Sandstorm
|-damage|p2a: Rotom|48/100 brn|[from] Sandstorm
|-heal|p2a: Rotom|54/100 brn|[from] item: Leftovers
|-damage|p2a: Rotom|48/100 brn|[from] brn
|upkeep
|turn|5
|
|t:|1658259838
|move|p1a: Volcanion|Steam Eruption|p2a: Rotom
|-resisted|p2a: Rotom
|-damage|p2a: Rotom|14/100 brn
|move|p2a: Rotom|Pain Split|p1a: Volcanion
|-sethp|p1a: Volcanion|51/100|[from] move: Pain Split|[silent]
|-sethp|p2a: Rotom|51/100 brn|[from] move: Pain Split
|
|-weather|none
|-heal|p2a: Rotom|57/100 brn|[from] item: Leftovers
|-damage|p2a: Rotom|51/100 brn|[from] brn
|upkeep
|turn|6
|
|t:|1658259844
|switch|p1a: Hippowdon|Hippowdon, F|76/100
|-damage|p1a: Hippowdon|70/100|[from] Stealth Rock
|-weather|Sandstorm|[from] ability: Sand Stream|[of] p1a: Hippowdon
|move|p2a: Rotom|Volt Switch|p1a: Hippowdon
|-immune|p1a: Hippowdon
|
|-weather|Sandstorm|[upkeep]
|-damage|p2a: Rotom|45/100 brn|[from] Sandstorm
|-heal|p2a: Rotom|51/100 brn|[from] item: Leftovers
|-damage|p1a: Hippowdon|57/100|[from] item: Black Sludge
|-damage|p2a: Rotom|45/100 brn|[from] brn
|upkeep
|turn|7
|
|t:|1658259850
|move|p2a: Rotom|Hydro Pump|p1a: Hippowdon
|-supereffective|p1a: Hippowdon
|-damage|p1a: Hippowdon|0 fnt
|faint|p1a: Hippowdon
|
|-weather|Sandstorm|[upkeep]
|-damage|p2a: Rotom|39/100 brn|[from] Sandstorm
|-heal|p2a: Rotom|45/100 brn|[from] item: Leftovers
|-damage|p2a: Rotom|39/100 brn|[from] brn
|upkeep
|
|t:|1658259853
|switch|p1a: Bisharp|Bisharp, F|100/100
|-damage|p1a: Bisharp|95/100|[from] Stealth Rock
|turn|8
|
|t:|1658259856
|move|p1a: Bisharp|Swords Dance|p1a: Bisharp
|-boost|p1a: Bisharp|atk|2
|move|p2a: Rotom|Volt Switch|p1a: Bisharp
|-damage|p1a: Bisharp|53/100
|
|t:|1658259857
|switch|p2a: Tangrowth|Tangrowth, F|100/100|[from]move: Volt Switch
|-damage|p2a: Tangrowth|88/100|[from] Stealth Rock
|
|-weather|Sandstorm|[upkeep]
|-damage|p2a: Tangrowth|82/100|[from] Sandstorm
|upkeep
|turn|9
|
|t:|1658259860
|move|p1a: Bisharp|Iron Head|p2a: Tangrowth
|-damage|p2a: Tangrowth|38/100
|-damage|p1a: Bisharp|36/100|[from] item: Rocky Helmet|[of] p2a: Tangrowth
|cant|p2a: Tangrowth|flinch
|
|-weather|Sandstorm|[upkeep]
|-damage|p2a: Tangrowth|32/100|[from] Sandstorm
|upkeep
|turn|10
|j| Venositile
|
|t:|1658259869
|switch|p2a: Clefable|Clefable, M|100/100
|move|p1a: Bisharp|Knock Off|p2a: Clefable
|-resisted|p2a: Clefable
|-damage|p2a: Clefable|47/100
|-damage|p1a: Bisharp|19/100|[from] item: Rocky Helmet|[of] p2a: Clefable
|-enditem|p2a: Clefable|Rocky Helmet|[from] move: Knock Off|[of] p1a: Bisharp
|
|-weather|none
|upkeep
|turn|11
|
|t:|1658259881
|switch|p2a: Tangrowth|Tangrowth, F|65/100
|-damage|p2a: Tangrowth|53/100|[from] Stealth Rock
|move|p1a: Bisharp|Iron Head|p2a: Tangrowth
|-damage|p2a: Tangrowth|3/100
|-damage|p1a: Bisharp|3/100|[from] item: Rocky Helmet|[of] p2a: Tangrowth
|
|upkeep
|turn|12
|
|t:|1658259888
|move|p1a: Bisharp|Knock Off|p2a: Tangrowth
|-damage|p2a: Tangrowth|0 fnt
|-damage|p1a: Bisharp|0 fnt|[from] item: Rocky Helmet|[of] p2a: Tangrowth
|faint|p2a: Tangrowth
|faint|p1a: Bisharp
|
|upkeep
|
|t:|1658259899
|switch|p1a: Zapdos|Zapdos-Galar|100/100
|switch|p2a: Slowking|Slowking-Galar, M|100/100
|-damage|p1a: Zapdos|88/100|[from] Stealth Rock
|-damage|p2a: Slowking|88/100|[from] Stealth Rock
|turn|13
|l| Ulcivar
|
|t:|1658259903
|move|p1a: Zapdos|Brave Bird|p2a: Slowking
|-damage|p2a: Slowking|17/100
|-damage|p1a: Zapdos|61/100|[from] Recoil
|move|p2a: Slowking|Psychic|p1a: Zapdos
|-supereffective|p1a: Zapdos
|-damage|p1a: Zapdos|0 fnt
|faint|p1a: Zapdos
|
|-heal|p2a: Slowking|23/100|[from] item: Leftovers
|upkeep
|
|t:|1658259906
|switch|p1a: Victini|Victini|100/100
|turn|14
|
|t:|1658259920
|switch|p2a: Clefable|Clefable, M|47/100
|move|p1a: Victini|Blue Flare|p2a: Clefable|[miss]
|-miss|p1a: Victini|p2a: Clefable
|
|upkeep
|turn|15
|
|t:|1658259924
|move|p1a: Victini|Blue Flare|p2a: Clefable
|-damage|p2a: Clefable|0 fnt
|faint|p2a: Clefable
|
|upkeep
|
|t:|1658259928
|switch|p2a: Tyranitar|Tyranitar, M|100/100
|-damage|p2a: Tyranitar|88/100|[from] Stealth Rock
|-weather|Sandstorm|[from] ability: Sand Stream|[of] p2a: Tyranitar
|turn|16
|
|t:|1658259932
|move|p1a: Victini|U-turn|p2a: Tyranitar
|-supereffective|p2a: Tyranitar
|-damage|p2a: Tyranitar|63/100
|
|t:|1658259935
|switch|p1a: Mandibuzz|Mandibuzz, F|100/100|[from]move: U-turn
|move|p2a: Tyranitar|Stone Edge|p1a: Mandibuzz|[miss]
|-miss|p2a: Tyranitar|p1a: Mandibuzz
|
|-weather|Sandstorm|[upkeep]
|upkeep
|turn|17
|
|t:|1658259938
|move|p2a: Tyranitar|Stone Edge|p1a: Mandibuzz
|-supereffective|p1a: Mandibuzz
|-damage|p1a: Mandibuzz|0 fnt
|faint|p1a: Mandibuzz
|
|-weather|Sandstorm|[upkeep]
|upkeep
|
|t:|1658259942
|switch|p1a: Volcanion|Volcanion|51/100
|-damage|p1a: Volcanion|26/100|[from] Stealth Rock
|turn|18
|
|t:|1658259947
|switch|p2a: Rotom|Rotom-Wash|39/100 brn
|-damage|p2a: Rotom|27/100 brn|[from] Stealth Rock
|move|p1a: Volcanion|Steam Eruption|p2a: Rotom
|-resisted|p2a: Rotom
|-damage|p2a: Rotom|0 fnt
|faint|p2a: Rotom
|
|-weather|Sandstorm|[upkeep]
|-damage|p1a: Volcanion|20/100|[from] Sandstorm
|upkeep
|
|t:|1658259949
|switch|p2a: Excadrill|Excadrill, M|100/100
|-damage|p2a: Excadrill|97/100|[from] Stealth Rock
|turn|19
|
|t:|1658259951
|move|p2a: Excadrill|Earthquake|p1a: Volcanion
|-supereffective|p1a: Volcanion
|-damage|p1a: Volcanion|0 fnt
|faint|p1a: Volcanion
|
|-weather|Sandstorm|[upkeep]
|-heal|p2a: Excadrill|100/100|[from] item: Leftovers
|upkeep
|
|t:|1658259952
|switch|p1a: Victini|Victini|100/100
|turn|20
|
|t:|1658259954
|move|p2a: Excadrill|Earthquake|p1a: Victini
|-supereffective|p1a: Victini
|-damage|p1a: Victini|0 fnt
|faint|p1a: Victini
|
|win|FENDINI
|raw|flygonisdragon's rating: 1770 &rarr; <strong>1751</strong><br />(-19 for losing)
|raw|FENDINI's rating: 1781 &rarr; <strong>1800</strong><br />(+19 for winning)
|j| Maghreb
|l|☆flygonisdragon
