|j|‽hypervortexreturns
|j|☆bramitoboy
|t:|1661591829
|gametype|singles
|player|p1|hypervortexreturns|169|1769
|player|p2|bramitoboy|265|1876
|teamsize|p1|6
|teamsize|p2|6
|gen|8
|tier|[Gen 8] OU
|rated|
|rule|Sleep Clause Mod: Limit one foe put to sleep
|rule|Species Clause: Limit one of each Pokémon
|rule|OHKO Clause: OHKO moves are banned
|rule|Evasion Items Clause: Evasion items are banned
|rule|Evasion Moves Clause: Evasion moves are banned
|rule|Endless Battle Clause: Forcing endless battles is banned
|rule|HP Percentage Mod: HP is shown in percentages
|rule|Dynamax Clause: You cannot dynamax
|clearpoke
|poke|p1|Hydreigon, M|
|poke|p1|Zapdos|
|poke|p1|Tangrowth, F|
|poke|p1|Corviknight, M|
|poke|p1|Excadrill, M|
|poke|p1|Azumarill, F|
|poke|p2|Zarude-Dada|
|poke|p2|Keldeo-Resolute|
|poke|p2|Tapu Lele|
|poke|p2|Tapu Koko|
|poke|p2|Heatran, M|
|poke|p2|Landorus-Therian, M|
|teampreview
|
|t:|1661591846
|start
|switch|p1a: Tangrowth|Tangrowth, F|100/100
|switch|p2a: Landorus|Landorus-Therian, M|100/100
|-ability|p2a: Landorus|Intimidate|boost
|-unboost|p1a: Tangrowth|atk|1
|turn|1
|j| Quag Lover
|
|t:|1661591859
|switch|p2a: Tapu Koko|Tapu Koko|100/100
|-fieldstart|move: Electric Terrain|[from] ability: Electric Surge|[of] p2a: Tapu Koko
|move|p1a: Tangrowth|Knock Off|p2a: Tapu Koko
|-resisted|p2a: Tapu Koko
|-damage|p2a: Tapu Koko|90/100
|-enditem|p2a: Tapu Koko|Choice Scarf|[from] move: Knock Off|[of] p1a: Tangrowth
|
|upkeep
|turn|2
|l| Quag Lover
|j| Bowensonfire
|
|t:|1661591874
|switch|p2a: Heatran|Heatran, M|100/100
|-item|p2a: Heatran|Air Balloon
|move|p1a: Tangrowth|Power Whip|p2a: Heatran
|-resisted|p2a: Heatran
|-damage|p2a: Heatran|95/100
|-enditem|p2a: Heatran|Air Balloon
|
|upkeep
|turn|3
|j| Carnage068
|l| Bowensonfire
|inactive|Battle timer is ON: inactive players will automatically lose when time's up. (requested by bramitoboy)
|
|t:|1661591893
|switch|p2a: Tapu Lele|Tapu Lele|100/100
|-fieldstart|move: Psychic Terrain|[from] ability: Psychic Surge|[of] p2a: Tapu Lele
|switch|p1a: Hydreigon|Hydreigon, M|100/100
|
|upkeep
|turn|4
|j| R30STravician
|c| R30STravician|Hi
|inactive|hypervortexreturns has 120 seconds left.
|
|t:|1661591923
|switch|p1a: Corviknight|Corviknight, M|100/100
|-ability|p1a: Corviknight|Pressure
|move|p2a: Tapu Lele|Thunderbolt|p1a: Corviknight
|-supereffective|p1a: Corviknight
|-damage|p1a: Corviknight|55/100
|
|-heal|p1a: Corviknight|61/100|[from] item: Leftovers
|upkeep
|turn|5
|c|☆bramitoboy|hello
|c| R30STravician|:o
|inactive|hypervortexreturns has 120 seconds left.
|
|t:|1661591940
|switch|p2a: Tapu Koko|Tapu Koko|90/100
|-fieldstart|move: Electric Terrain|[from] ability: Electric Surge|[of] p2a: Tapu Koko
|move|p1a: Corviknight|Roost|p1a: Corviknight
|-heal|p1a: Corviknight|100/100
|-singleturn|p1a: Corviknight|move: Roost
|
|upkeep
|turn|6
|j| jfkilluminati
|inactive|hypervortexreturns has 120 seconds left.
|
|t:|1661591962
|switch|p2a: Keldeo|Keldeo-Resolute|100/100
|switch|p1a: Tangrowth|Tangrowth, F|100/100
|
|upkeep
|turn|7
|
|t:|1661591975
|switch|p2a: Zarude|Zarude-Dada|100/100
|move|p1a: Tangrowth|Power Whip|p2a: Zarude
|-resisted|p2a: Zarude
|-damage|p2a: Zarude|80/100
|
|upkeep
|turn|8
|
|t:|1661591985
|switch|p2a: Heatran|Heatran, M|95/100
|move|p1a: Tangrowth|Knock Off|p2a: Heatran
|-damage|p2a: Heatran|82/100
|
|upkeep
|turn|9
|inactive|hypervortexreturns has 120 seconds left.
|
|t:|1661592015
|switch|p1a: Hydreigon|Hydreigon, M|100/100
|move|p2a: Heatran|Magma Storm|p1a: Hydreigon
|-resisted|p1a: Hydreigon
|-damage|p1a: Hydreigon|72/100
|-activate|p1a: Hydreigon|move: Magma Storm|[of] p2a: Heatran
|
|-heal|p1a: Hydreigon|78/100|[from] item: Leftovers
|-damage|p1a: Hydreigon|65/100|[from] move: Magma Storm|[partiallytrapped]
|-fieldend|move: Electric Terrain
|upkeep
|turn|10
|inactive|hypervortexreturns has 90 seconds left.
|
|t:|1661592036
|switch|p2a: Tapu Lele|Tapu Lele|100/100
|-fieldstart|move: Psychic Terrain|[from] ability: Psychic Surge|[of] p2a: Tapu Lele
|move|p1a: Hydreigon|Earth Power|p2a: Tapu Lele
|-damage|p2a: Tapu Lele|83/100
|-unboost|p2a: Tapu Lele|spd|1
|
|-heal|p1a: Hydreigon|72/100|[from] item: Leftovers
|-end|p1a: Hydreigon|Magma Storm|[partiallytrapped]|[silent]
|upkeep
|turn|11
|inactive|hypervortexreturns has 90 seconds left.
|
|t:|1661592051
|switch|p1a: Corviknight|Corviknight, M|100/100
|-ability|p1a: Corviknight|Pressure
|switch|p2a: Tapu Koko|Tapu Koko|90/100
|-fieldstart|move: Electric Terrain|[from] ability: Electric Surge|[of] p2a: Tapu Koko
|
|upkeep
|turn|12
|j| OnlyAce239
|inactive|hypervortexreturns has 90 seconds left.
|
|t:|1661592066
|switch|p1a: Tangrowth|Tangrowth, F|100/100
|move|p2a: Tapu Koko|Dazzling Gleam|p1a: Tangrowth
|-damage|p1a: Tangrowth|51/100
|
|upkeep
|turn|13
|inactive|hypervortexreturns has 90 seconds left.
|
|t:|1661592079
|switch|p2a: Keldeo|Keldeo-Resolute|100/100
|switch|p1a: Excadrill|Excadrill, M|100/100
|-ability|p1a: Excadrill|Mold Breaker
|
|upkeep
|turn|14
|inactive|hypervortexreturns has 90 seconds left.
|
|t:|1661592094
|switch|p1a: Tangrowth|Tangrowth, F|84/100
|move|p2a: Keldeo|Scald|p1a: Tangrowth
|-resisted|p1a: Tangrowth
|-damage|p1a: Tangrowth|57/100
|
|upkeep
|turn|15
|
|t:|1661592114
|switch|p2a: Landorus|Landorus-Therian, M|100/100
|-ability|p2a: Landorus|Intimidate|boost
|-unboost|p1a: Tangrowth|atk|1
|move|p1a: Tangrowth|Power Whip|p2a: Landorus
|-damage|p2a: Landorus|79/100
|-damage|p1a: Tangrowth|40/100|[from] item: Rocky Helmet|[of] p2a: Landorus
|
|-fieldend|move: Electric Terrain
|upkeep
|turn|16
|c| R30STravician|a lot of changes, so this is how the meta works :O
|c|☆bramitoboy|yes exactly
|
|t:|1661592138
|switch|p1a: Zapdos|Zapdos|100/100
|move|p2a: Landorus|Swords Dance|p2a: Landorus
|-boost|p2a: Landorus|atk|2
|
|upkeep
|turn|17
|
|t:|1661592149
|move|p1a: Zapdos|Hurricane|p2a: Landorus|[miss]
|-miss|p1a: Zapdos|p2a: Landorus
|move|p2a: Landorus|Knock Off|p1a: Zapdos
|-damage|p1a: Zapdos|35/100
|-status|p2a: Landorus|par|[from] ability: Static|[of] p1a: Zapdos
|-enditem|p1a: Zapdos|Heavy-Duty Boots|[from] move: Knock Off|[of] p2a: Landorus
|
|upkeep
|turn|18
|
|t:|1661592159
|move|p1a: Zapdos|Hurricane|p2a: Landorus|[miss]
|-miss|p1a: Zapdos|p2a: Landorus
|move|p2a: Landorus|Earthquake|p1a: Zapdos
|-immune|p1a: Zapdos
|
|upkeep
|turn|19
|c| R30STravician|a noble sacrifice
|
|t:|1661592167
|switch|p2a: Tapu Koko|Tapu Koko|90/100
|-fieldstart|move: Electric Terrain|[from] ability: Electric Surge|[of] p2a: Tapu Koko
|move|p1a: Zapdos|Hurricane|p2a: Tapu Koko
|-resisted|p2a: Tapu Koko
|-damage|p2a: Tapu Koko|57/100
|
|upkeep
|turn|20
|
|t:|1661592187
|switch|p1a: Excadrill|Excadrill, M|100/100
|-ability|p1a: Excadrill|Mold Breaker
|move|p2a: Tapu Koko|Volt Switch|p1a: Excadrill
|-immune|p1a: Excadrill
|
|upkeep
|turn|21
|
|t:|1661592200
|switch|p2a: Keldeo|Keldeo-Resolute|100/100
|move|p1a: Excadrill|Stealth Rock|p2a: Keldeo
|-sidestart|p2: bramitoboy|move: Stealth Rock
|
|upkeep
|turn|22
|inactive|hypervortexreturns has 60 seconds left.
|
|t:|1661592220
|switch|p1a: Tangrowth|Tangrowth, F|73/100
|move|p2a: Keldeo|Scald|p1a: Tangrowth
|-resisted|p1a: Tangrowth
|-damage|p1a: Tangrowth|44/100
|
|upkeep
|turn|23
|inactive|hypervortexreturns has 60 seconds left.
|j| Tears of Necklace
|
|t:|1661592241
|move|p2a: Keldeo|Substitute|p2a: Keldeo
|-start|p2a: Keldeo|Substitute
|-damage|p2a: Keldeo|75/100
|move|p1a: Tangrowth|Power Whip|p2a: Keldeo|[miss]
|-miss|p1a: Tangrowth|p2a: Keldeo
|
|-heal|p2a: Keldeo|82/100|[from] item: Leftovers
|-fieldend|move: Electric Terrain
|upkeep
|turn|24
|inactive|hypervortexreturns has 60 seconds left.
|
|t:|1661592250
|move|p2a: Keldeo|Scald|p1a: Tangrowth
|-resisted|p1a: Tangrowth
|-damage|p1a: Tangrowth|15/100
|move|p1a: Tangrowth|Power Whip|p2a: Keldeo
|-supereffective|p2a: Keldeo
|-end|p2a: Keldeo|Substitute
|
|-heal|p2a: Keldeo|88/100|[from] item: Leftovers
|upkeep
|turn|25
|inactive|hypervortexreturns has 60 seconds left.
|
|t:|1661592267
|move|p2a: Keldeo|Substitute|p2a: Keldeo
|-start|p2a: Keldeo|Substitute
|-damage|p2a: Keldeo|63/100
|move|p1a: Tangrowth|Power Whip|p2a: Keldeo
|-supereffective|p2a: Keldeo
|-end|p2a: Keldeo|Substitute
|
|-heal|p2a: Keldeo|69/100|[from] item: Leftovers
|upkeep
|turn|26
|inactive|hypervortexreturns has 60 seconds left.
|j| ColiseeLink
|
|t:|1661592279
|move|p2a: Keldeo|Substitute|p2a: Keldeo
|-start|p2a: Keldeo|Substitute
|-damage|p2a: Keldeo|44/100
|move|p1a: Tangrowth|Power Whip|p2a: Keldeo
|-supereffective|p2a: Keldeo
|-end|p2a: Keldeo|Substitute
|
|-heal|p2a: Keldeo|50/100|[from] item: Leftovers
|upkeep
|turn|27
|inactive|hypervortexreturns has 60 seconds left.
|
|t:|1661592291
|move|p2a: Keldeo|Scald|p1a: Tangrowth
|-resisted|p1a: Tangrowth
|-damage|p1a: Tangrowth|0 fnt
|faint|p1a: Tangrowth
|
|-heal|p2a: Keldeo|56/100|[from] item: Leftovers
|upkeep
|j| XPSH
|c| R30STravician|NOOOOOOOOOO
|c| R30STravician|the first down
|c|☆bramitoboy|?
|
|t:|1661592310
|switch|p1a: Azumarill|Azumarill, F|100/100
|turn|28
|j| L9BGNXTY
|c|☆bramitoboy|it deserved to die
|c| R30STravician|perhaps
|
|t:|1661592328
|switch|p2a: Heatran|Heatran, M|82/100
|-damage|p2a: Heatran|70/100|[from] Stealth Rock
|move|p1a: Azumarill|Play Rough|p2a: Heatran
|-resisted|p2a: Heatran
|-damage|p2a: Heatran|58/100
|
|upkeep
|turn|29
|
|t:|1661592351
|switch|p1a: Hydreigon|Hydreigon, M|72/100
|move|p2a: Heatran|Stealth Rock|p1a: Hydreigon
|-sidestart|p1: hypervortexreturns|move: Stealth Rock
|
|-heal|p1a: Hydreigon|78/100|[from] item: Leftovers
|upkeep
|turn|30
|
|t:|1661592362
|switch|p2a: Tapu Lele|Tapu Lele|83/100
|-damage|p2a: Tapu Lele|71/100|[from] Stealth Rock
|-fieldstart|move: Psychic Terrain|[from] ability: Psychic Surge|[of] p2a: Tapu Lele
|move|p1a: Hydreigon|Dark Pulse|p2a: Tapu Lele
|-damage|p2a: Tapu Lele|47/100
|
|-heal|p1a: Hydreigon|84/100|[from] item: Leftovers
|upkeep
|turn|31
|inactive|hypervortexreturns has 30 seconds left.
|inactive|hypervortexreturns has 20 seconds left.
|
|t:|1661592397
|switch|p1a: Excadrill|Excadrill, M|100/100
|-damage|p1a: Excadrill|97/100|[from] Stealth Rock
|-ability|p1a: Excadrill|Mold Breaker
|move|p2a: Tapu Lele|Focus Blast|p1a: Excadrill
|-supereffective|p1a: Excadrill
|-damage|p1a: Excadrill|0 fnt
|faint|p1a: Excadrill
|
|upkeep
|inactive|hypervortexreturns has 25 seconds left this turn.
|inactive|hypervortexreturns has 20 seconds left.
|inactive|hypervortexreturns has 15 seconds left.
|
|t:|1661592408
|switch|p1a: Corviknight|Corviknight, M|100/100
|-damage|p1a: Corviknight|88/100|[from] Stealth Rock
|-ability|p1a: Corviknight|Pressure
|turn|32
|inactive|hypervortexreturns has 25 seconds left this turn.
|inactive|hypervortexreturns has 20 seconds left.
|inactive|hypervortexreturns has 15 seconds left.
|
|t:|1661592423
|switch|p2a: Landorus|Landorus-Therian, M|79/100 par
|-damage|p2a: Landorus|66/100 par|[from] Stealth Rock
|-ability|p2a: Landorus|Intimidate|boost
|-unboost|p1a: Corviknight|atk|1
|move|p1a: Corviknight|Brave Bird|p2a: Landorus
|-damage|p2a: Landorus|48/100 par
|-damage|p1a: Corviknight|71/100|[from] item: Rocky Helmet|[of] p2a: Landorus
|-damage|p1a: Corviknight|66/100|[from] Recoil
|
|-heal|p1a: Corviknight|72/100|[from] item: Leftovers
|upkeep
|turn|33
|inactive|hypervortexreturns has 25 seconds left this turn.
|inactive|hypervortexreturns has 20 seconds left.
|inactive|hypervortexreturns has 15 seconds left.
|inactive|hypervortexreturns has 10 seconds left.
|
|t:|1661592442
|move|p1a: Corviknight|Roost|p1a: Corviknight
|-heal|p1a: Corviknight|100/100
|-singleturn|p1a: Corviknight|move: Roost
|cant|p2a: Landorus|par
|
|upkeep
|turn|34
|inactive|hypervortexreturns has 20 seconds left this turn.
|inactive|hypervortexreturns has 15 seconds left.
|
|t:|1661592450
|move|p1a: Corviknight|Brave Bird|p2a: Landorus
|-damage|p2a: Landorus|29/100 par
|-damage|p1a: Corviknight|84/100|[from] item: Rocky Helmet|[of] p2a: Landorus
|-damage|p1a: Corviknight|78/100|[from] Recoil
|move|p2a: Landorus|Knock Off|p1a: Corviknight
|-damage|p1a: Corviknight|49/100
|-enditem|p1a: Corviknight|Leftovers|[from] move: Knock Off|[of] p2a: Landorus
|
|-fieldend|move: Psychic Terrain
|upkeep
|turn|35
|inactive|hypervortexreturns has 25 seconds left this turn.
|inactive|hypervortexreturns has 20 seconds left.
|inactive|hypervortexreturns has 15 seconds left.
|
|t:|1661592460
|move|p1a: Corviknight|Roost|p1a: Corviknight
|-heal|p1a: Corviknight|99/100
|-singleturn|p1a: Corviknight|move: Roost
|move|p2a: Landorus|Earthquake|p1a: Corviknight
|-supereffective|p1a: Corviknight
|-damage|p1a: Corviknight|12/100
|
|upkeep
|turn|36
|inactive|hypervortexreturns has 25 seconds left this turn.
|inactive|hypervortexreturns has 20 seconds left.
|inactive|hypervortexreturns has 15 seconds left.
|
|t:|1661592471
|move|p1a: Corviknight|Roost|p1a: Corviknight
|-heal|p1a: Corviknight|62/100
|-singleturn|p1a: Corviknight|move: Roost
|move|p2a: Landorus|Earthquake|p1a: Corviknight
|-supereffective|p1a: Corviknight
|-damage|p1a: Corviknight|0 fnt
|faint|p1a: Corviknight
|
|upkeep
|inactive|hypervortexreturns has 20 seconds left this turn.
|inactive|hypervortexreturns has 15 seconds left.
|
|t:|1661592481
|switch|p1a: Zapdos|Zapdos|35/100
|-damage|p1a: Zapdos|10/100|[from] Stealth Rock
|turn|37
|inactive|hypervortexreturns has 25 seconds left this turn.
|inactive|hypervortexreturns has 20 seconds left.
|
|t:|1661592488
|switch|p2a: Tapu Koko|Tapu Koko|57/100
|-damage|p2a: Tapu Koko|45/100|[from] Stealth Rock
|-fieldstart|move: Electric Terrain|[from] ability: Electric Surge|[of] p2a: Tapu Koko
|move|p1a: Zapdos|Roost|p1a: Zapdos
|-heal|p1a: Zapdos|60/100
|-singleturn|p1a: Zapdos|move: Roost
|
|upkeep
|turn|38
|inactive|hypervortexreturns has 30 seconds left this turn.
|
|t:|1661592498
|move|p2a: Tapu Koko|Thunderbolt|p1a: Zapdos
|-damage|p1a: Zapdos|9/100
|move|p1a: Zapdos|Roost|p1a: Zapdos
|-heal|p1a: Zapdos|59/100
|-singleturn|p1a: Zapdos|move: Roost
|
|upkeep
|turn|39
|inactive|hypervortexreturns has 30 seconds left.
|
|t:|1661592506
|move|p2a: Tapu Koko|Thunderbolt|p1a: Zapdos
|-damage|p1a: Zapdos|4/100
|move|p1a: Zapdos|Roost|p1a: Zapdos
|-heal|p1a: Zapdos|54/100
|-singleturn|p1a: Zapdos|move: Roost
|
|upkeep
|turn|40
|c| R30STravician|"its not like hes gonna use earthquake again"
|c| R30STravician|Nice read bramito
|l| Tears of Necklace
|j| Tears of Necklace
|inactive|bramitoboy has 120 seconds left.
|c|☆bramitoboy|thank you
|
|t:|1661592538
|move|p2a: Tapu Koko|Thunderbolt|p1a: Zapdos
|-crit|p1a: Zapdos
|-damage|p1a: Zapdos|0 fnt
|faint|p1a: Zapdos
|
|upkeep
|-message|hypervortexreturns forfeited.
|
|win|bramitoboy
|raw|hypervortexreturns's rating: 1769 &rarr; <strong>1755</strong><br />(-14 for losing)
|raw|bramitoboy's rating: 1876 &rarr; <strong>1890</strong><br />(+14 for winning)
|l|‽hypervortexreturns
|l| Tears of Necklace
