|html|<div class="broadcast-blue"><strong>[Gen 8] OU is currently suspecting Melmetal! For information on how to participate check out the <a href="https://www.smogon.com/forums/threads/np-ss-ou-suspect-process-round-12-monster-mash.3709234/">suspect thread</a>.</strong></div>
|j|☆Steelix Fusion
|j|☆machugen
|t:|1666302390
|gametype|singles
|player|p1|Steelix Fusion|marshal|1693
|player|p2|machugen|koga-gen1|1729
|teamsize|p1|6
|teamsize|p2|6
|gen|8
|tier|[Gen 8] OU
|rated|
|rule|Sleep Clause Mod: Limit one foe put to sleep
|rule|Species Clause: Limit one of each Pokémon
|rule|OHKO Clause: OHKO moves are banned
|rule|Evasion Items Clause: Evasion items are banned
|rule|Evasion Moves Clause: Evasion moves are banned
|rule|Endless Battle Clause: Forcing endless battles is banned
|rule|HP Percentage Mod: HP is shown in percentages
|rule|Dynamax Clause: You cannot dynamax
|clearpoke
|poke|p1|Klefki, F|
|poke|p1|Porygon2|
|poke|p1|Glastrier|
|poke|p1|Marowak-Alola, M|
|poke|p1|Cresselia, F|
|poke|p1|Crawdaunt, F|
|poke|p2|Urshifu-*, M|
|poke|p2|Zeraora|
|poke|p2|Weavile, M|
|poke|p2|Slowking, M|
|poke|p2|Tornadus-Therian, M|
|poke|p2|Ferrothorn, M|
|teampreview
|j| BabyPigsAreLaughin
|inactive|Battle timer is ON: inactive players will automatically lose when time's up. (requested by machugen)
|
|t:|1666302416
|start
|switch|p1a: Porygon2|Porygon2|100/100
|switch|p2a: Zeraora|Zeraora, shiny|100/100
|-ability|p1a: Porygon2|Volt Absorb|[from] ability: Trace|[of] p2a: Zeraora
|turn|1
|
|t:|1666302422
|move|p2a: Zeraora|Taunt|p1a: Porygon2
|-start|p1a: Porygon2|move: Taunt
|move|p1a: Porygon2|Foul Play|p2a: Zeraora
|-damage|p2a: Zeraora|63/100
|
|upkeep
|turn|2
|
|t:|1666302430
|switch|p2a: Urshifu|Urshifu-Rapid-Strike, M|100/100
|move|p1a: Porygon2|Foul Play|p2a: Urshifu
|-resisted|p2a: Urshifu
|-crit|p2a: Urshifu
|-damage|p2a: Urshifu|75/100
|
|upkeep
|turn|3
|
|t:|1666302436
|switch|p1a: Cresselia|Cresselia, F|100/100
|move|p2a: Urshifu|Surging Strikes|p1a: Cresselia
|-crit|p1a: Cresselia
|-damage|p1a: Cresselia|88/100
|-crit|p1a: Cresselia
|-damage|p1a: Cresselia|74/100
|-crit|p1a: Cresselia
|-damage|p1a: Cresselia|60/100
|-hitcount|p1a: Cresselia|3
|
|upkeep
|turn|4
|
|t:|1666302445
|move|p2a: Urshifu|Taunt|p1a: Cresselia
|-start|p1a: Cresselia|move: Taunt
|-enditem|p1a: Cresselia|Mental Herb
|-end|p1a: Cresselia|move: Taunt
|move|p1a: Cresselia|Trick Room|p1a: Cresselia
|-fieldstart|move: Trick Room|[of] p1a: Cresselia
|
|upkeep
|turn|5
|inactive|Steelix Fusion has 120 seconds left.
|inactive|Steelix Fusion has 90 seconds left.
|
|t:|1666302529
|switch|p1a: Crawdaunt|Crawdaunt, F|100/100
|switch|p2a: Slowking|Slowking, M, shiny|100/100
|
|upkeep
|turn|6
|
|t:|1666302537
|switch|p2a: Ferrothorn|Ferrothorn, M, shiny|100/100
|move|p1a: Crawdaunt|Knock Off|p2a: Ferrothorn
|-damage|p2a: Ferrothorn|46/100
|-damage|p1a: Crawdaunt|88/100|[from] ability: Iron Barbs|[of] p2a: Ferrothorn
|-enditem|p2a: Ferrothorn|Leftovers|[from] move: Knock Off|[of] p1a: Crawdaunt
|-damage|p1a: Crawdaunt|78/100|[from] item: Life Orb
|
|upkeep
|turn|7
|
|t:|1666302551
|move|p2a: Ferrothorn|Stealth Rock|p1a: Crawdaunt
|-sidestart|p1: Steelix Fusion|move: Stealth Rock
|move|p1a: Crawdaunt|Knock Off|p2a: Ferrothorn
|-damage|p2a: Ferrothorn|12/100
|-damage|p1a: Crawdaunt|66/100|[from] ability: Iron Barbs|[of] p2a: Ferrothorn
|-damage|p1a: Crawdaunt|56/100|[from] item: Life Orb
|
|upkeep
|turn|8
|
|t:|1666302558
|move|p1a: Crawdaunt|Aqua Jet|p2a: Ferrothorn
|-resisted|p2a: Ferrothorn
|-damage|p2a: Ferrothorn|0 fnt
|-damage|p1a: Crawdaunt|43/100|[from] ability: Iron Barbs|[of] p2a: Ferrothorn
|faint|p2a: Ferrothorn
|-damage|p1a: Crawdaunt|33/100|[from] item: Life Orb
|
|-fieldend|move: Trick Room
|upkeep
|
|t:|1666302561
|switch|p2a: Urshifu|Urshifu-Rapid-Strike, M|75/100
|turn|9
|c| BabyPigsAreLaughin|Welp, someone had to die to Craw.
|inactive|Steelix Fusion has 90 seconds left.
|
|t:|1666302567
|switch|p1a: Klefki|Klefki, F|100/100
|-damage|p1a: Klefki|94/100|[from] Stealth Rock
|move|p2a: Urshifu|Surging Strikes|p1a: Klefki
|-crit|p1a: Klefki
|-damage|p1a: Klefki|74/100
|-crit|p1a: Klefki
|-damage|p1a: Klefki|53/100
|-crit|p1a: Klefki
|-damage|p1a: Klefki|32/100
|-hitcount|p1a: Klefki|3
|
|upkeep
|turn|10
|
|t:|1666302576
|switch|p2a: Zeraora|Zeraora, shiny|63/100
|move|p1a: Klefki|Defog|p2a: Zeraora
|-unboost|p2a: Zeraora|evasion|1
|-sideend|p1: Steelix Fusion|Stealth Rock|[from] move: Defog|[of] p1a: Klefki
|
|upkeep
|turn|11
|
|t:|1666302587
|move|p1a: Klefki|Reflect|p1a: Klefki
|-sidestart|p1: Steelix Fusion|Reflect
|move|p2a: Zeraora|Plasma Fists|p1a: Klefki
|-damage|p1a: Klefki|7/100
|-fieldactivate|move: Ion Deluge
|-hint|Normal-type moves become Electric-type after using Plasma Fists.
|
|upkeep
|turn|12
|
|t:|1666302593
|move|p1a: Klefki|Light Screen|p1a: Klefki
|-sidestart|p1: Steelix Fusion|move: Light Screen
|move|p2a: Zeraora|Knock Off|p1a: Klefki
|-resisted|p1a: Klefki
|-damage|p1a: Klefki|0 fnt
|-enditem|p1a: Klefki|Light Clay|[from] move: Knock Off|[of] p2a: Zeraora
|faint|p1a: Klefki
|
|upkeep
|
|t:|1666302601
|switch|p1a: Glastrier|Glastrier|100/100
|turn|13
|
|t:|1666302609
|move|p2a: Zeraora|Taunt|p1a: Glastrier
|-start|p1a: Glastrier|move: Taunt
|move|p1a: Glastrier|High Horsepower|p2a: Zeraora
|-supereffective|p2a: Zeraora
|-damage|p2a: Zeraora|0 fnt
|faint|p2a: Zeraora
|-ability|p1a: Glastrier|Chilling Neigh|boost
|-boost|p1a: Glastrier|atk|1
|
|upkeep
|
|t:|1666302613
|switch|p2a: Urshifu|Urshifu-Rapid-Strike, M|75/100
|turn|14
|inactive|Steelix Fusion has 120 seconds left.
|
|t:|1666302619
|move|p2a: Urshifu|U-turn|p1a: Glastrier
|-damage|p1a: Glastrier|92/100
|
|t:|1666302621
|switch|p2a: Slowking|Slowking, M, shiny|100/100|[from]move: U-turn
|move|p1a: Glastrier|Close Combat|p2a: Slowking
|-resisted|p2a: Slowking
|-damage|p2a: Slowking|68/100
|-unboost|p1a: Glastrier|def|1
|-unboost|p1a: Glastrier|spd|1
|-enditem|p2a: Slowking|Eject Button
|
|t:|1666302626
|switch|p2a: Urshifu|Urshifu-Rapid-Strike, M|75/100
|
|upkeep
|turn|15
|
|t:|1666302640
|switch|p1a: Crawdaunt|Crawdaunt, F|33/100
|move|p2a: Urshifu|U-turn|p1a: Crawdaunt
|-supereffective|p1a: Crawdaunt
|-damage|p1a: Crawdaunt|3/100
|
|t:|1666302646
|switch|p2a: Tornadus|Tornadus-Therian, M, shiny|100/100|[from]move: U-turn
|
|upkeep
|turn|16
|
|t:|1666302649
|move|p1a: Crawdaunt|Aqua Jet|p2a: Tornadus
|-damage|p2a: Tornadus|62/100
|-damage|p1a: Crawdaunt|0 fnt|[from] item: Life Orb
|faint|p1a: Crawdaunt
|move|p2a: Tornadus|U-turn|p1: Crawdaunt|[notarget]
|-fail|p2a: Tornadus
|
|upkeep
|
|t:|1666302659
|switch|p1a: Porygon2|Porygon2|100/100
|-ability|p1a: Porygon2|Regenerator|[from] ability: Trace|[of] p2a: Tornadus
|turn|17
|
|t:|1666302663
|move|p2a: Tornadus|Taunt|p1a: Porygon2
|-start|p1a: Porygon2|move: Taunt
|cant|p1a: Porygon2|move: Taunt|Trick Room
|
|upkeep
|turn|18
|
|t:|1666302669
|switch|p1a: Marowak|Marowak-Alola, M|100/100
|move|p2a: Tornadus|U-turn|p1a: Marowak
|-resisted|p1a: Marowak
|-damage|p1a: Marowak|99/100
|
|t:|1666302673
|switch|p2a: Urshifu|Urshifu-Rapid-Strike, M|75/100|[from]move: U-turn
|
|-sideend|p1: Steelix Fusion|Reflect
|upkeep
|turn|19
|c|☆Steelix Fusion|uturn
|
|t:|1666302686
|switch|p1a: Cresselia|Cresselia, F|60/100
|move|p2a: Urshifu|Surging Strikes|p1a: Cresselia
|-crit|p1a: Cresselia
|-damage|p1a: Cresselia|47/100
|-crit|p1a: Cresselia
|-damage|p1a: Cresselia|34/100
|-crit|p1a: Cresselia
|-damage|p1a: Cresselia|22/100
|-hitcount|p1a: Cresselia|3
|
|-sideend|p1: Steelix Fusion|move: Light Screen
|upkeep
|turn|20
|c| BabyPigsAreLaughin|U-turn is broken.
|c|☆machugen|lol
|
|t:|1666302697
|move|p2a: Urshifu|Surging Strikes|p1a: Cresselia
|-crit|p1a: Cresselia
|-damage|p1a: Cresselia|10/100
|-crit|p1a: Cresselia
|-damage|p1a: Cresselia|0 fnt
|faint|p1a: Cresselia
|-hitcount|p1: Cresselia|2
|
|upkeep
|
|t:|1666302708
|switch|p1a: Porygon2|Porygon2|100/100
|-ability|p1a: Porygon2|Unseen Fist|[from] ability: Trace|[of] p2a: Urshifu
|turn|21
|
|t:|1666302715
|move|p2a: Urshifu|Taunt|p1a: Porygon2
|-start|p1a: Porygon2|move: Taunt
|move|p1a: Porygon2|Foul Play|p2a: Urshifu
|-resisted|p2a: Urshifu
|-damage|p2a: Urshifu|58/100
|
|upkeep
|turn|22
|
|t:|1666302721
|switch|p1a: Marowak|Marowak-Alola, M|99/100
|move|p2a: Urshifu|Close Combat|p1a: Marowak
|-immune|p1a: Marowak
|
|upkeep
|turn|23
|
|t:|1666302728
|switch|p1a: Porygon2|Porygon2|100/100
|-ability|p1a: Porygon2|Unseen Fist|[from] ability: Trace|[of] p2a: Urshifu
|move|p2a: Urshifu|Surging Strikes|p1a: Porygon2
|-crit|p1a: Porygon2
|-damage|p1a: Porygon2|88/100
|-crit|p1a: Porygon2
|-damage|p1a: Porygon2|75/100
|-crit|p1a: Porygon2
|-damage|p1a: Porygon2|62/100
|-hitcount|p1a: Porygon2|3
|
|upkeep
|turn|24
|c| BabyPigsAreLaughin|Everything has Taunt.
|
|t:|1666302739
|switch|p1a: Glastrier|Glastrier|92/100
|move|p2a: Urshifu|Taunt|p1a: Glastrier
|-start|p1a: Glastrier|move: Taunt
|
|upkeep
|turn|25
|
|t:|1666302744
|move|p2a: Urshifu|U-turn|p1a: Glastrier
|-damage|p1a: Glastrier|75/100
|
|t:|1666302746
|switch|p2a: Slowking|Slowking, M, shiny|100/100|[from]move: U-turn
|move|p1a: Glastrier|Close Combat|p2a: Slowking
|-resisted|p2a: Slowking
|-damage|p2a: Slowking|79/100
|-unboost|p1a: Glastrier|def|1
|-unboost|p1a: Glastrier|spd|1
|
|upkeep
|turn|26
|
|t:|1666302754
|switch|p1a: Porygon2|Porygon2|62/100
|-ability|p1a: Porygon2|Regenerator|[from] ability: Trace|[of] p2a: Slowking
|move|p2a: Slowking|Teleport|p2a: Slowking
|
|t:|1666302757
|switch|p2a: Urshifu|Urshifu-Rapid-Strike, M|58/100|[from]move: Teleport
|
|upkeep
|turn|27
|
|t:|1666302762
|move|p2a: Urshifu|Close Combat|p1a: Porygon2
|-supereffective|p1a: Porygon2
|-damage|p1a: Porygon2|0 fnt
|-unboost|p2a: Urshifu|def|1
|-unboost|p2a: Urshifu|spd|1
|faint|p1a: Porygon2
|
|upkeep
|
|t:|1666302768
|switch|p1a: Glastrier|Glastrier|75/100
|turn|28
|
|t:|1666302771
|switch|p1a: Marowak|Marowak-Alola, M|99/100
|move|p2a: Urshifu|U-turn|p1a: Marowak
|-resisted|p1a: Marowak
|-damage|p1a: Marowak|93/100
|
|t:|1666302774
|switch|p2a: Weavile|Weavile, M, shiny|100/100|[from]move: U-turn
|-ability|p2a: Weavile|Pressure
|
|upkeep
|turn|29
|
|t:|1666302781
|move|p2a: Weavile|Knock Off|p1a: Marowak
|-supereffective|p1a: Marowak
|-damage|p1a: Marowak|6/100
|-enditem|p1a: Marowak|Thick Club|[from] move: Knock Off|[of] p2a: Weavile
|move|p1a: Marowak|Flare Blitz|p2a: Weavile
|-supereffective|p2a: Weavile
|-damage|p2a: Weavile|0 fnt
|faint|p2a: Weavile
|
|upkeep
|
|t:|1666302784
|switch|p2a: Urshifu|Urshifu-Rapid-Strike, M|58/100
|turn|30
|
|t:|1666302791
|move|p2a: Urshifu|U-turn|p1a: Marowak
|-resisted|p1a: Marowak
|-crit|p1a: Marowak
|-damage|p1a: Marowak|0 fnt
|faint|p1a: Marowak
|
|t:|1666302793
|switch|p2a: Slowking|Slowking, M, shiny|100/100|[from]move: U-turn
|
|upkeep
|
|t:|1666302797
|switch|p1a: Glastrier|Glastrier|75/100
|turn|31
|
|t:|1666302799
|move|p1a: Glastrier|Swords Dance|p1a: Glastrier
|-boost|p1a: Glastrier|atk|2
|move|p2a: Slowking|Future Sight|p1a: Glastrier
|-start|p2a: Slowking|move: Future Sight
|
|upkeep
|turn|32
|
|t:|1666302804
|move|p1a: Glastrier|Icicle Crash|p2a: Slowking
|-resisted|p2a: Slowking
|-damage|p2a: Slowking|54/100
|move|p2a: Slowking|Teleport|p2a: Slowking
|
|t:|1666302807
|switch|p2a: Urshifu|Urshifu-Rapid-Strike, M|58/100|[from]move: Teleport
|
|upkeep
|turn|33
|c|☆machugen|gg
|
|t:|1666302811
|move|p2a: Urshifu|Close Combat|p1a: Glastrier
|-supereffective|p1a: Glastrier
|-damage|p1a: Glastrier|0 fnt
|-unboost|p2a: Urshifu|def|1
|-unboost|p2a: Urshifu|spd|1
|faint|p1a: Glastrier
|
|win|machugen
|raw|Steelix Fusion's rating: 1693 &rarr; <strong>1675</strong><br />(-18 for losing)
|raw|machugen's rating: 1729 &rarr; <strong>1747</strong><br />(+18 for winning)
