|j|☆ChiefGreenLeaf3
|j|☆Sww-Suwa
|inactive|Battle timer is ON: inactive players will automatically lose when time's up.
|t:|1661624713
|gametype|singles
|player|p1|ChiefGreenLeaf3|giovanni-gen1|
|player|p2|Sww-Suwa|lisia|
|teamsize|p1|6
|teamsize|p2|6
|gen|8
|tier|[Gen 8] OU
|rated|Tournament battle
|rule|Sleep Clause Mod: Limit one foe put to sleep
|rule|Species Clause: Limit one of each Pokémon
|rule|OHKO Clause: OHKO moves are banned
|rule|Evasion Items Clause: Evasion items are banned
|rule|Evasion Moves Clause: Evasion moves are banned
|rule|Endless Battle Clause: Forcing endless battles is banned
|rule|HP Percentage Mod: HP is shown in percentages
|rule|Dynamax Clause: You cannot dynamax
|clearpoke
|poke|p1|Alakazam, F|
|poke|p1|Blaziken, F|
|poke|p1|Gengar, F|
|poke|p1|Hawlucha, M|
|poke|p1|Dracozolt|
|poke|p1|Moltres-Galar|
|poke|p2|Alakazam, M|
|poke|p2|Aegislash, M|
|poke|p2|Mienshao, F|
|poke|p2|Moltres-Galar|
|poke|p2|Terrakion|
|poke|p2|Latias, F|
|teampreview
|c|☆Sww-Suwa|hf
|j| stunfisk2140
|j| balerion1
|j| LocalMetagross
|c|☆ChiefGreenLeaf3|u2 :)
|j| LT92PF-(TR)oll
|c| stunfisk2140|oi oi
|j| P1rch
|
|t:|1661624729
|start
|switch|p1a: Hawlucha|Hawlucha, M|100/100
|switch|p2a: Terrakion|Terrakion|100/100
|turn|1
|c|☆Sww-Suwa|bruh
|c|☆Sww-Suwa|im so bad
|c|☆ChiefGreenLeaf3|lmao
|c|☆Sww-Suwa|i changed a move
|c|☆Sww-Suwa|for stealth rock
|c|☆Sww-Suwa|x.x
|c|☆ChiefGreenLeaf3|oof
|
|t:|1661624757
|move|p2a: Terrakion|Rock Tomb|p1a: Hawlucha
|-damage|p1a: Hawlucha|56/100
|-unboost|p1a: Hawlucha|spe|1
|-enditem|p1a: Hawlucha|White Herb
|-clearnegativeboost|p1a: Hawlucha|[silent]
|move|p1a: Hawlucha|Close Combat|p2a: Terrakion
|-supereffective|p2a: Terrakion
|-enditem|p2a: Terrakion|Focus Sash
|-damage|p2a: Terrakion|1/100
|-unboost|p1a: Hawlucha|def|1
|-unboost|p1a: Hawlucha|spd|1
|
|upkeep
|turn|2
|
|t:|1661624762
|move|p1a: Hawlucha|Acrobatics|p2a: Terrakion
|-damage|p2a: Terrakion|0 fnt
|faint|p2a: Terrakion
|
|upkeep
|
|t:|1661624771
|switch|p2a: Aegislash|Aegislash, M, shiny|100/100
|turn|3
|
|t:|1661624773
|move|p1a: Hawlucha|Throat Chop|p2a: Aegislash
|-supereffective|p2a: Aegislash
|-damage|p2a: Aegislash|55/100
|-start|p2a: Aegislash|Throat Chop|[silent]
|-formechange|p2a: Aegislash|Aegislash-Blade||[from] ability: Stance Change
|move|p2a: Aegislash|Shadow Claw|p1a: Hawlucha
|-damage|p1a: Hawlucha|0 fnt
|faint|p1a: Hawlucha
|
|upkeep
|
|t:|1661624780
|switch|p1a: Dracozolt|Dracozolt|100/100
|turn|4
|c| LocalMetagross|aegislash fat honest
|
|t:|1661624786
|switch|p2a: Latias|Latias, F, shiny|100/100
|move|p1a: Dracozolt|Bolt Beak|p2a: Latias
|-resisted|p2a: Latias
|-damage|p2a: Latias|60/100
|
|upkeep
|turn|5
|
|t:|1661624809
|switch|p1a: Alakazam|Alakazam, F|100/100
|move|p2a: Latias|Reflect|p2a: Latias
|-sidestart|p2: Sww-Suwa|Reflect
|
|upkeep
|turn|6
|j| Ace infinite
|
|t:|1661624815
|switch|p2a: Moltres|Moltres-Galar|100/100
|move|p1a: Alakazam|Thunder Wave|p2a: Moltres
|-status|p2a: Moltres|par
|
|upkeep
|turn|7
|l| Ace infinite
|j| creatermax900
|
|t:|1661624824
|switch|p1a: Dracozolt|Dracozolt|100/100
|move|p2a: Moltres|Fiery Wrath|p1a: Dracozolt
|-damage|p1a: Dracozolt|36/100
|
|upkeep
|turn|8
|
|t:|1661624834
|switch|p2a: Mienshao|Mienshao, F, shiny|100/100
|move|p1a: Dracozolt|Bolt Beak|p2a: Mienshao
|-damage|p2a: Mienshao|27/100
|
|upkeep
|turn|9
|j| iqpweqorhqrowipe1
|c| creatermax900|is this a uubl tournament
|
|t:|1661624841
|move|p2a: Mienshao|U-turn|p1a: Dracozolt
|-crit|p1a: Dracozolt
|-damage|p1a: Dracozolt|0 fnt
|faint|p1a: Dracozolt
|c|☆ChiefGreenLeaf3|oof
|c| P1rch|yes
|c| iqpweqorhqrowipe1|u turn ko
|
|t:|1661624854
|switch|p2a: Latias|Latias, F, shiny|60/100|[from]move: U-turn
|
|upkeep
|j| greystaple
|
|t:|1661624856
|switch|p1a: Gengar|Gengar, F|100/100
|turn|10
|c| LocalMetagross|skill
|
|t:|1661624861
|switch|p2a: Moltres|Moltres-Galar|100/100 par
|move|p1a: Gengar|Shadow Ball|p2a: Moltres
|-resisted|p2a: Moltres
|-damage|p2a: Moltres|83/100 par
|
|upkeep
|turn|11
|c| creatermax900|oof u gotta use terrakion as a stealth rocker
|l| stunfisk2140
|c| creatermax900|i mean terrakes decent
|l| LT92PF-(TR)oll
|c| creatermax900|to keep away defogers
|
|t:|1661624875
|switch|p1a: Blaziken|Blaziken, F|100/100
|move|p2a: Moltres|Fiery Wrath|p1a: Blaziken
|-resisted|p1a: Blaziken
|-damage|p1a: Blaziken|71/100
|
|upkeep
|turn|12
|c|☆Sww-Suwa|ya but
|c|☆Sww-Suwa|i fucked up
|c|☆Sww-Suwa|!showset terrakion
|c| Sww-Suwa|/raw <div class="infobox">Terrakion @ Focus Sash  <br />Ability: Justified  <br />EVs: 252 Atk &#x2f; 4 SpD &#x2f; 252 Spe  <br />Jolly Nature  <br />- Taunt  <br />- Close Combat  <br />- Rock Tomb  <br />- Stone Edge  <br /><br /></div>
|
|t:|1661624887
|move|p1a: Blaziken|Overheat|p2a: Moltres
|-damage|p2a: Moltres|23/100 par
|-unboost|p1a: Blaziken|spa|2
|-ability|p2a: Moltres|Berserk|boost
|-boost|p2a: Moltres|spa|1
|move|p2a: Moltres|Air Slash|p1a: Blaziken
|-supereffective|p1a: Blaziken
|-damage|p1a: Blaziken|0 fnt
|faint|p1a: Blaziken
|
|-sideend|p2: Sww-Suwa|Reflect
|upkeep
|c| creatermax900|oof
|c| balerion1|YOOOOOOOOOO
|
|t:|1661624896
|switch|p1a: Moltres|Moltres-Galar|100/100
|turn|13
|l| creatermax900
|c| balerion1|MOLTG
|c| balerion1|6-0
|
|t:|1661624907
|switch|p2a: Alakazam|Alakazam, M|100/100
|move|p1a: Moltres|Agility|p1a: Moltres
|-boost|p1a: Moltres|spe|2
|
|upkeep
|turn|14
|
|t:|1661624909
|move|p1a: Moltres|Fiery Wrath|p2a: Alakazam
|-supereffective|p2a: Alakazam
|-enditem|p2a: Alakazam|Focus Sash
|-damage|p2a: Alakazam|1/100
|move|p2a: Alakazam|Encore|p1a: Moltres
|-start|p1a: Moltres|Encore
|
|upkeep
|turn|15
|c| LocalMetagross|goltres is cracked
|
|t:|1661624918
|move|p1a: Moltres|Fiery Wrath|p2a: Alakazam
|-supereffective|p2a: Alakazam
|-damage|p2a: Alakazam|0 fnt
|faint|p2a: Alakazam
|
|upkeep
|
|t:|1661624925
|switch|p2a: Mienshao|Mienshao, F, shiny|60/100
|turn|16
|j| Beached Animal
|inactive|Sww-Suwa has 120 seconds left.
|
|t:|1661624972
|switch|p1a: Gengar|Gengar, F|100/100
|move|p2a: Mienshao|High Jump Kick|p1a: Gengar
|-immune|p1a: Gengar
|-damage|p2a: Mienshao|10/100|[from] highjumpkick
|
|upkeep
|turn|17
|c| balerion1|oml the goat
|j| LT92PF-(TR)oll
|c|☆ChiefGreenLeaf3|been known
|
|t:|1661624999
|switch|p2a: Aegislash|Aegislash, M, shiny|55/100
|move|p1a: Gengar|Shadow Ball|p2a: Aegislash
|-supereffective|p2a: Aegislash
|-damage|p2a: Aegislash|0 fnt
|faint|p2a: Aegislash
|
|upkeep
|
|t:|1661625005
|switch|p2a: Latias|Latias, F, shiny|60/100
|turn|18
|
|t:|1661625008
|move|p1a: Gengar|Shadow Ball|p2a: Latias
|-supereffective|p2a: Latias
|-damage|p2a: Latias|0 fnt
|faint|p2a: Latias
|
|upkeep
|
|t:|1661625014
|switch|p2a: Mienshao|Mienshao, F, shiny|44/100
|turn|19
|
|t:|1661625022
|move|p1a: Gengar|Shadow Ball|p2a: Mienshao
|-damage|p2a: Mienshao|0 fnt
|faint|p2a: Mienshao
|
|upkeep
|c|☆ChiefGreenLeaf3|gg
|c|☆Sww-Suwa|gg
|-message|Sww-Suwa forfeited.
|
|win|ChiefGreenLeaf3
|n|☆ChiefGreenLeaf3|chiefgreenleaf3
|n|☆Sww-Suwa|swwsuwa
|n| balerion1|balerion1
|n| LocalMetagross|localmetagross
|n| P1rch|p1rch
|n| iqpweqorhqrowipe1|iqpweqorhqrowipe1
|n| greystaple|greystaple
|n| Beached Animal|beachedanimal
|n| LT92PF-(TR)oll|lt92pftroll
|l|☆Sww-Suwa
|l| Beached Animal
|l| LocalMetagross
