|j|☆willcoxw
|j|☆I like pink pkmns
|player|p1|willcoxw|karen|1742
|player|p2|I like pink pkmns|skierf|1817
|teamsize|p1|6
|teamsize|p2|6
|gametype|singles
|gen|8
|tier|[Gen 8] OU
|rated|
|clearpoke
|poke|p1|Shuckle, M|
|poke|p1|Togekiss, M|
|poke|p1|Cinderace, M|
|poke|p1|Dragapult, M|
|poke|p1|Kyurem|
|poke|p1|Zeraora|
|poke|p2|Mew|
|poke|p2|Rotom-Heat|
|poke|p2|Clefable, F|
|poke|p2|Snorlax, F|
|poke|p2|Toxapex, M|
|poke|p2|Corviknight, F|
|rule|Sleep Clause Mod: Limit one foe put to sleep
|rule|Species Clause: Limit one of each Pokémon
|rule|OHKO Clause: OHKO moves are banned
|rule|Evasion Moves Clause: Evasion moves are banned
|rule|Endless Battle Clause: Forcing endless battles is banned
|rule|HP Percentage Mod: HP is shown in percentages
|rule|Dynamax Clause: You cannot dynamax
|teampreview
|
|start
|switch|p1a: Cinderace|Cinderace, M|100/100
|switch|p2a: Corviknight|Corviknight, F|100/100
|-ability|p2a: Corviknight|Pressure
|turn|1
|
|switch|p2a: Toxapex|Toxapex, M, shiny|100/100
|move|p1a: Cinderace|Pyro Ball|p2a: Toxapex
|-resisted|p2a: Toxapex
|-damage|p2a: Toxapex|84/100
|
|-heal|p2a: Toxapex|90/100|[from] item: Black Sludge
|upkeep
|turn|2
|
|move|p1a: Cinderace|U-turn|p2a: Toxapex
|-start|p1a: Cinderace|typechange|Bug|[from] ability: Libero
|-resisted|p2a: Toxapex
|-damage|p2a: Toxapex|80/100
|
|switch|p1a: Shuckle|Shuckle, M|100/100|[from]move: U-turn
|move|p2a: Toxapex|Knock Off|p1a: Shuckle
|-damage|p1a: Shuckle|92/100
|-enditem|p1a: Shuckle|Red Card|[from] move: Knock Off|[of] p2a: Toxapex
|
|-heal|p2a: Toxapex|87/100|[from] item: Black Sludge
|upkeep
|turn|3
|
|switch|p2a: Corviknight|Corviknight, F|100/100
|-ability|p2a: Corviknight|Pressure
|move|p1a: Shuckle|Sticky Web|p2a: Corviknight
|-sidestart|p2: I like pink pkmns|move: Sticky Web
|
|upkeep
|turn|4
|
|move|p2a: Corviknight|Defog|p1a: Shuckle
|-unboost|p1a: Shuckle|evasion|1
|-sideend|p2: I like pink pkmns|Sticky Web|[from] move: Defog|[of] p2a: Corviknight
|move|p1a: Shuckle|Encore|p2a: Corviknight
|-start|p2a: Corviknight|Encore
|
|upkeep
|turn|5
|
|move|p2a: Corviknight|Defog|p1a: Shuckle
|-unboost|p1a: Shuckle|evasion|1
|move|p1a: Shuckle|Stealth Rock|p2a: Corviknight
|-sidestart|p2: I like pink pkmns|move: Stealth Rock
|
|upkeep
|turn|6
|
|switch|p1a: Dragapult|Dragapult, M|100/100
|move|p2a: Corviknight|Defog|p1a: Dragapult
|-unboost|p1a: Dragapult|evasion|1
|-sideend|p2: I like pink pkmns|Stealth Rock|[from] move: Defog|[of] p2a: Corviknight
|
|upkeep
|turn|7
|
|switch|p2a: Toxapex|Toxapex, M, shiny|100/100
|move|p1a: Dragapult|Substitute|p1a: Dragapult
|-start|p1a: Dragapult|Substitute
|-damage|p1a: Dragapult|76/100
|
|-heal|p1a: Dragapult|82/100|[from] item: Leftovers
|upkeep
|turn|8
|
|move|p1a: Dragapult|Will-O-Wisp|p2a: Toxapex
|-status|p2a: Toxapex|brn
|move|p2a: Toxapex|Knock Off|p1a: Dragapult
|-supereffective|p1a: Dragapult
|-activate|p1a: Dragapult|move: Substitute|[damage]
|
|-heal|p1a: Dragapult|88/100|[from] item: Leftovers
|-damage|p2a: Toxapex|94/100 brn|[from] brn
|upkeep
|turn|9
|
|switch|p2a: Snorlax|Snorlax, F|100/100
|move|p1a: Dragapult|Hex|p2a: Snorlax
|-immune|p2a: Snorlax
|
|-heal|p1a: Dragapult|94/100|[from] item: Leftovers
|upkeep
|turn|10
|
|switch|p2a: Toxapex|Toxapex, M, shiny|100/100 brn
|move|p1a: Dragapult|Will-O-Wisp|p2a: Toxapex
|-fail|p2a: Toxapex|brn
|
|-heal|p1a: Dragapult|99/100|[from] item: Leftovers
|-damage|p2a: Toxapex|94/100 brn|[from] brn
|upkeep
|turn|11
|
|switch|p2a: Snorlax|Snorlax, F|100/100
|move|p1a: Dragapult|Will-O-Wisp|p2a: Snorlax
|-status|p2a: Snorlax|brn
|
|-heal|p1a: Dragapult|100/100|[from] item: Leftovers
|-damage|p2a: Snorlax|94/100 brn|[from] brn
|upkeep
|turn|12
|
|move|p1a: Dragapult|Hex|p2a: Snorlax
|-immune|p2a: Snorlax
|move|p2a: Snorlax|Curse|p2a: Snorlax
|-unboost|p2a: Snorlax|spe|1
|-boost|p2a: Snorlax|atk|1
|-boost|p2a: Snorlax|def|1
|
|-heal|p2a: Snorlax|100/100 brn|[from] item: Leftovers
|-damage|p2a: Snorlax|94/100 brn|[from] brn
|upkeep
|turn|13
|
|move|p1a: Dragapult|Dragon Pulse|p2a: Snorlax
|-damage|p2a: Snorlax|75/100 brn
|move|p2a: Snorlax|Heat Crash|p1a: Dragapult
|-resisted|p1a: Dragapult
|-end|p1a: Dragapult|Substitute
|
|-heal|p2a: Snorlax|81/100 brn|[from] item: Leftovers
|-damage|p2a: Snorlax|75/100 brn|[from] brn
|upkeep
|turn|14
|j| K302
|
|move|p1a: Dragapult|Substitute|p1a: Dragapult
|-start|p1a: Dragapult|Substitute
|-damage|p1a: Dragapult|76/100
|move|p2a: Snorlax|Rest|p2a: Snorlax
|-status|p2a: Snorlax|slp|[from] move: Rest
|-heal|p2a: Snorlax|100/100 slp|[silent]
|
|-heal|p1a: Dragapult|82/100|[from] item: Leftovers
|upkeep
|turn|15
|
|switch|p1a: Shuckle|Shuckle, M|92/100
|cant|p2a: Snorlax|slp
|
|upkeep
|turn|16
|
|switch|p2a: Corviknight|Corviknight, F|100/100
|-ability|p2a: Corviknight|Pressure
|move|p1a: Shuckle|Stealth Rock|p2a: Corviknight
|-sidestart|p2: I like pink pkmns|move: Stealth Rock
|
|upkeep
|turn|17
|
|switch|p1a: Kyurem|Kyurem|100/100
|-ability|p1a: Kyurem|Pressure
|move|p2a: Corviknight|Defog|p1a: Kyurem
|-unboost|p1a: Kyurem|evasion|1
|-sideend|p2: I like pink pkmns|Stealth Rock|[from] move: Defog|[of] p2a: Corviknight
|
|upkeep
|turn|18
|
|switch|p1a: Dragapult|Dragapult, M|82/100
|switch|p2a: Snorlax|Snorlax, F|100/100 slp
|
|-heal|p1a: Dragapult|88/100|[from] item: Leftovers
|upkeep
|turn|19
|
|switch|p1a: Togekiss|Togekiss, M|100/100
|cant|p2a: Snorlax|slp
|
|upkeep
|turn|20
|
|switch|p2a: Rotom|Rotom-Heat|100/100
|move|p1a: Togekiss|Nasty Plot|p1a: Togekiss
|-boost|p1a: Togekiss|spa|2
|
|upkeep
|turn|21
|
|move|p2a: Rotom|Discharge|p1a: Togekiss
|-supereffective|p1a: Togekiss
|-damage|p1a: Togekiss|46/100
|-status|p1a: Togekiss|par
|move|p1a: Togekiss|Air Slash|p2a: Rotom
|-resisted|p2a: Rotom
|-damage|p2a: Rotom|60/100
|
|-heal|p2a: Rotom|66/100|[from] item: Leftovers
|-heal|p1a: Togekiss|52/100 par|[from] item: Leftovers
|upkeep
|turn|22
|
|move|p2a: Rotom|Discharge|p1a: Togekiss
|-supereffective|p1a: Togekiss
|-damage|p1a: Togekiss|0 fnt
|faint|p1a: Togekiss
|
|-heal|p2a: Rotom|73/100|[from] item: Leftovers
|upkeep
|
|switch|p1a: Zeraora|Zeraora|100/100
|turn|23
|
|move|p1a: Zeraora|Knock Off|p2a: Rotom
|-damage|p2a: Rotom|34/100
|-enditem|p2a: Rotom|Leftovers|[from] move: Knock Off|[of] p1a: Zeraora
|-damage|p1a: Zeraora|91/100|[from] item: Life Orb
|move|p2a: Rotom|Toxic|p1a: Zeraora
|-status|p1a: Zeraora|tox
|
|-damage|p1a: Zeraora|85/100 tox|[from] psn
|upkeep
|turn|24
|
|switch|p2a: Mew|Mew|100/100
|move|p1a: Zeraora|Close Combat|p2a: Mew
|-resisted|p2a: Mew
|-damage|p2a: Mew|85/100
|-unboost|p1a: Zeraora|def|1
|-unboost|p1a: Zeraora|spd|1
|-damage|p1a: Zeraora|75/100 tox|[from] item: Life Orb
|
|-damage|p1a: Zeraora|63/100 tox|[from] psn
|upkeep
|turn|25
|
|move|p1a: Zeraora|Plasma Fists|p2a: Mew
|-damage|p2a: Mew|44/100
|-fieldactivate|move: Ion Deluge
|-damage|p1a: Zeraora|53/100 tox|[from] item: Life Orb
|move|p2a: Mew|Soft-Boiled|p2a: Mew
|-heal|p2a: Mew|94/100
|
|-damage|p1a: Zeraora|35/100 tox|[from] psn
|upkeep
|turn|26
|
|move|p1a: Zeraora|Knock Off|p2a: Mew
|-supereffective|p2a: Mew
|-enditem|p2a: Mew|Colbur Berry|[eat]
|-enditem|p2a: Mew|Colbur Berry|[weaken]
|-damage|p2a: Mew|67/100
|-damage|p1a: Zeraora|25/100 tox|[from] item: Life Orb
|move|p2a: Mew|Psychic|p1a: Zeraora
|-damage|p1a: Zeraora|0 fnt
|faint|p1a: Zeraora
|
|upkeep
|
|switch|p1a: Shuckle|Shuckle, M|92/100
|turn|27
|
|move|p2a: Mew|Will-O-Wisp|p1a: Shuckle
|-status|p1a: Shuckle|brn
|move|p1a: Shuckle|Stealth Rock|p2a: Mew
|-sidestart|p2: I like pink pkmns|move: Stealth Rock
|
|-damage|p1a: Shuckle|86/100 brn|[from] brn
|upkeep
|turn|28
|
|move|p2a: Mew|Defog|p1a: Shuckle
|-unboost|p1a: Shuckle|evasion|1
|-sideend|p2: I like pink pkmns|Stealth Rock|[from] move: Defog|[of] p2a: Mew
|move|p1a: Shuckle|Final Gambit|p2a: Mew
|-damage|p2a: Mew|16/100
|faint|p1a: Shuckle
|
|upkeep
|
|switch|p1a: Cinderace|Cinderace, M|100/100
|turn|29
|
|switch|p2a: Toxapex|Toxapex, M, shiny|100/100 brn
|move|p1a: Cinderace|U-turn|p2a: Toxapex
|-start|p1a: Cinderace|typechange|Bug|[from] ability: Libero
|-resisted|p2a: Toxapex
|-damage|p2a: Toxapex|90/100 brn
|
|switch|p1a: Kyurem|Kyurem|100/100|[from]move: U-turn
|-ability|p1a: Kyurem|Pressure
|
|-heal|p2a: Toxapex|96/100 brn|[from] item: Black Sludge
|-damage|p2a: Toxapex|90/100 brn|[from] brn
|upkeep
|turn|30
|
|move|p2a: Toxapex|Baneful Bunker|p2a: Toxapex
|-singleturn|p2a: Toxapex|move: Protect
|move|p1a: Kyurem|Substitute|p1a: Kyurem
|-start|p1a: Kyurem|Substitute
|-damage|p1a: Kyurem|75/100
|
|-heal|p2a: Toxapex|96/100 brn|[from] item: Black Sludge
|-damage|p2a: Toxapex|90/100 brn|[from] brn
|upkeep
|turn|31
|j| stfu itz a cartoon
|
|move|p1a: Kyurem|Ice Beam|p2a: Toxapex
|-resisted|p2a: Toxapex
|-damage|p2a: Toxapex|70/100 brn
|move|p2a: Toxapex|Haze|p2a: Toxapex
|-clearallboost
|
|-heal|p2a: Toxapex|76/100 brn|[from] item: Black Sludge
|-damage|p2a: Toxapex|70/100 brn|[from] brn
|upkeep
|turn|32
|
|switch|p2a: Snorlax|Snorlax, F|100/100 slp
|move|p1a: Kyurem|Roost|p1a: Kyurem
|-heal|p1a: Kyurem|100/100
|-singleturn|p1a: Kyurem|move: Roost
|
|upkeep
|turn|33
|
|move|p1a: Kyurem|Ice Beam|p2a: Snorlax
|-damage|p2a: Snorlax|88/100 slp
|-curestatus|p2a: Snorlax|slp|[msg]
|move|p2a: Snorlax|Curse|p2a: Snorlax
|-unboost|p2a: Snorlax|spe|1
|-boost|p2a: Snorlax|atk|1
|-boost|p2a: Snorlax|def|1
|
|-heal|p2a: Snorlax|94/100|[from] item: Leftovers
|upkeep
|turn|34
|
|move|p1a: Kyurem|Ice Beam|p2a: Snorlax
|-damage|p2a: Snorlax|80/100
|move|p2a: Snorlax|Body Slam|p1a: Kyurem
|-end|p1a: Kyurem|Substitute
|
|-heal|p2a: Snorlax|86/100|[from] item: Leftovers
|upkeep
|turn|35
|
|switch|p1a: Dragapult|Dragapult, M|88/100
|move|p2a: Snorlax|Curse|p2a: Snorlax
|-unboost|p2a: Snorlax|spe|1
|-boost|p2a: Snorlax|atk|1
|-boost|p2a: Snorlax|def|1
|
|-heal|p1a: Dragapult|94/100|[from] item: Leftovers
|-heal|p2a: Snorlax|92/100|[from] item: Leftovers
|upkeep
|turn|36
|
|move|p1a: Dragapult|Will-O-Wisp|p2a: Snorlax
|-status|p2a: Snorlax|brn
|move|p2a: Snorlax|Heat Crash|p1a: Dragapult
|-resisted|p1a: Dragapult
|-damage|p1a: Dragapult|75/100
|
|-heal|p1a: Dragapult|81/100|[from] item: Leftovers
|-heal|p2a: Snorlax|98/100 brn|[from] item: Leftovers
|-damage|p2a: Snorlax|92/100 brn|[from] brn
|upkeep
|turn|37
|
|switch|p1a: Kyurem|Kyurem|100/100
|-ability|p1a: Kyurem|Pressure
|move|p2a: Snorlax|Curse|p2a: Snorlax
|-unboost|p2a: Snorlax|spe|1
|-boost|p2a: Snorlax|atk|1
|-boost|p2a: Snorlax|def|1
|
|-heal|p2a: Snorlax|98/100 brn|[from] item: Leftovers
|-damage|p2a: Snorlax|92/100 brn|[from] brn
|upkeep
|turn|38
|
|switch|p1a: Dragapult|Dragapult, M|81/100
|move|p2a: Snorlax|Curse|p2a: Snorlax
|-unboost|p2a: Snorlax|spe|1
|-boost|p2a: Snorlax|atk|1
|-boost|p2a: Snorlax|def|1
|
|-heal|p1a: Dragapult|87/100|[from] item: Leftovers
|-heal|p2a: Snorlax|98/100 brn|[from] item: Leftovers
|-damage|p2a: Snorlax|92/100 brn|[from] brn
|upkeep
|turn|39
|
|move|p1a: Dragapult|Dragon Pulse|p2a: Snorlax
|-damage|p2a: Snorlax|75/100 brn
|move|p2a: Snorlax|Curse|p2a: Snorlax
|-unboost|p2a: Snorlax|spe|1
|-boost|p2a: Snorlax|atk|1
|-boost|p2a: Snorlax|def|1
|
|-heal|p1a: Dragapult|93/100|[from] item: Leftovers
|-heal|p2a: Snorlax|81/100 brn|[from] item: Leftovers
|-damage|p2a: Snorlax|75/100 brn|[from] brn
|upkeep
|turn|40
|
|move|p1a: Dragapult|Dragon Pulse|p2a: Snorlax
|-damage|p2a: Snorlax|57/100 brn
|move|p2a: Snorlax|Curse|p2a: Snorlax
|-unboost|p2a: Snorlax|spe|1
|-boost|p2a: Snorlax|atk|1
|-boost|p2a: Snorlax|def|1
|
|-heal|p1a: Dragapult|99/100|[from] item: Leftovers
|-heal|p2a: Snorlax|63/100 brn|[from] item: Leftovers
|-damage|p2a: Snorlax|57/100 brn|[from] brn
|upkeep
|turn|41
|
|move|p1a: Dragapult|Dragon Pulse|p2a: Snorlax
|-damage|p2a: Snorlax|40/100 brn
|move|p2a: Snorlax|Heat Crash|p1a: Dragapult
|-resisted|p1a: Dragapult
|-damage|p1a: Dragapult|61/100
|
|-heal|p1a: Dragapult|67/100|[from] item: Leftovers
|-heal|p2a: Snorlax|46/100 brn|[from] item: Leftovers
|-damage|p2a: Snorlax|40/100 brn|[from] brn
|upkeep
|turn|42
|j| Swamprattata
|
|move|p1a: Dragapult|Dragon Pulse|p2a: Snorlax
|-damage|p2a: Snorlax|23/100 brn
|move|p2a: Snorlax|Rest|p2a: Snorlax
|-status|p2a: Snorlax|slp|[from] move: Rest
|-heal|p2a: Snorlax|100/100 slp|[silent]
|
|-heal|p1a: Dragapult|73/100|[from] item: Leftovers
|upkeep
|turn|43
|
|switch|p1a: Cinderace|Cinderace, M|100/100
|cant|p2a: Snorlax|slp
|
|upkeep
|turn|44
|
|move|p1a: Cinderace|U-turn|p2a: Snorlax
|-start|p1a: Cinderace|typechange|Bug|[from] ability: Libero
|-damage|p2a: Snorlax|92/100 slp
|-message|willcoxw forfeited.
|
|win|I like pink pkmns
|l|☆willcoxw
