|j|☆I Snort Wasabi
|j|☆Arnaud senju vgc
|player|p1|I Snort Wasabi|workerice|1626
|player|p2|Arnaud senju vgc|170|1611
|teamsize|p1|6
|teamsize|p2|6
|gametype|singles
|gen|8
|tier|[Gen 8] OU
|rated|
|clearpoke
|poke|p1|Dragapult, M|
|poke|p1|Gengar, M|
|poke|p1|Ninetales-Alola, M|
|poke|p1|Kommo-o, M|
|poke|p1|Tyranitar, M|
|poke|p1|Steelix, F|
|poke|p2|Togekiss, F|
|poke|p2|Ribombee, M|
|poke|p2|Necrozma|
|poke|p2|Cloyster, F|
|poke|p2|Excadrill, F|
|poke|p2|Zeraora|
|rule|Sleep Clause Mod: Limit one foe put to sleep
|rule|Species Clause: Limit one of each Pokémon
|rule|OHKO Clause: OHKO moves are banned
|rule|Evasion Moves Clause: Evasion moves are banned
|rule|Endless Battle Clause: Forcing endless battles is banned
|rule|HP Percentage Mod: HP is shown in percentages
|rule|Dynamax Clause: You cannot dynamax
|teampreview
|
|start
|switch|p1a: Tyranitar|Tyranitar, M|100/100
|switch|p2a: Ribombee|Ribombee, M|100/100
|-weather|Sandstorm|[from] ability: Sand Stream|[of] p1a: Tyranitar
|turn|1
|inactive|Battle timer is ON: inactive players will automatically lose when time's up. (requested by Arnaud senju vgc)
|
|move|p2a: Ribombee|Sticky Web|p1a: Tyranitar
|-sidestart|p1: I Snort Wasabi|move: Sticky Web
|move|p1a: Tyranitar|Dragon Dance|p1a: Tyranitar
|-boost|p1a: Tyranitar|atk|1
|-boost|p1a: Tyranitar|spe|1
|
|-weather|Sandstorm|[upkeep]
|-damage|p2a: Ribombee|94/100|[from] Sandstorm
|upkeep
|turn|2
|
|move|p2a: Ribombee|Stun Spore|p1a: Tyranitar
|-status|p1a: Tyranitar|par
|-enditem|p1a: Tyranitar|Lum Berry|[eat]
|-curestatus|p1a: Tyranitar|par|[msg]
|move|p1a: Tyranitar|Dragon Dance|p1a: Tyranitar
|-boost|p1a: Tyranitar|atk|1
|-boost|p1a: Tyranitar|spe|1
|
|-weather|Sandstorm|[upkeep]
|-damage|p2a: Ribombee|88/100|[from] Sandstorm
|upkeep
|turn|3
|
|move|p1a: Tyranitar|Stone Edge|p2a: Ribombee
|-supereffective|p2a: Ribombee
|-crit|p2a: Ribombee
|-damage|p2a: Ribombee|0 fnt
|faint|p2a: Ribombee
|
|-weather|Sandstorm|[upkeep]
|upkeep
|
|switch|p2a: Zeraora|Zeraora|100/100
|turn|4
|
|move|p1a: Tyranitar|Earthquake|p2a: Zeraora
|-supereffective|p2a: Zeraora
|-damage|p2a: Zeraora|0 fnt
|faint|p2a: Zeraora
|
|-weather|Sandstorm|[upkeep]
|upkeep
|
|switch|p2a: Drako hely|Cloyster, F, shiny|100/100
|turn|5
|
|move|p1a: Tyranitar|Stone Edge|p2a: Drako hely|[miss]
|-miss|p1a: Tyranitar|p2a: Drako hely
|move|p2a: Drako hely|Shell Smash|p2a: Drako hely
|-unboost|p2a: Drako hely|def|1
|-unboost|p2a: Drako hely|spd|1
|-boost|p2a: Drako hely|atk|2
|-boost|p2a: Drako hely|spa|2
|-boost|p2a: Drako hely|spe|2
|
|-weather|none
|upkeep
|turn|6
|
|move|p1a: Tyranitar|Stone Edge|p2a: Drako hely|[miss]
|-miss|p1a: Tyranitar|p2a: Drako hely
|move|p2a: Drako hely|Icicle Spear|p1a: Tyranitar
|-damage|p1a: Tyranitar|79/100
|-damage|p1a: Tyranitar|57/100
|-damage|p1a: Tyranitar|35/100
|-damage|p1a: Tyranitar|15/100
|-damage|p1a: Tyranitar|0 fnt
|-hitcount|p1a: Tyranitar|5
|faint|p1a: Tyranitar
|
|upkeep
|c|☆I Snort Wasabi|Rofl
|c|☆I Snort Wasabi|Hax all day. That was a 6-0 right there
|c|☆Arnaud senju vgc|Sory
|
|switch|p1a: Steelix|Steelix, F|100/100
|-activate|p1a: Steelix|move: Sticky Web
|-unboost|p1a: Steelix|spe|1
|turn|7
|
|move|p2a: Drako hely|Icicle Spear|p1a: Steelix
|-damage|p1a: Steelix|90/100
|-damage|p1a: Steelix|80/100
|-damage|p1a: Steelix|70/100
|-damage|p1a: Steelix|61/100
|-damage|p1a: Steelix|50/100
|-hitcount|p1a: Steelix|5
|cant|p1a: Steelix|flinch
|
|-heal|p1a: Steelix|56/100|[from] item: Leftovers
|upkeep
|turn|8
|
|move|p2a: Drako hely|Icicle Spear|p1a: Steelix
|-damage|p1a: Steelix|47/100
|-damage|p1a: Steelix|38/100
|-damage|p1a: Steelix|27/100
|-damage|p1a: Steelix|17/100
|-damage|p1a: Steelix|8/100
|-hitcount|p1a: Steelix|5
|move|p1a: Steelix|Body Press|p2a: Drako hely
|-supereffective|p2a: Drako hely
|-damage|p2a: Drako hely|0 fnt
|faint|p2a: Drako hely
|
|-heal|p1a: Steelix|14/100|[from] item: Leftovers
|upkeep
|
|switch|p2a: Necrozma|Necrozma|100/100
|turn|9
|
|move|p2a: Necrozma|Heat Wave|p1a: Steelix
|-supereffective|p1a: Steelix
|-damage|p1a: Steelix|0 fnt
|-damage|p2a: Necrozma|91/100|[from] item: Life Orb
|faint|p1a: Steelix
|
|upkeep
|
|switch|p1a: Ninetales|Ninetales-Alola, M|100/100
|-activate|p1a: Ninetales|move: Sticky Web
|-unboost|p1a: Ninetales|spe|1
|-weather|Hail|[from] ability: Snow Warning|[of] p1a: Ninetales
|turn|10
|
|move|p2a: Necrozma|Heat Wave|p1a: Ninetales
|-supereffective|p1a: Ninetales
|-damage|p1a: Ninetales|20/100
|-damage|p2a: Necrozma|81/100|[from] item: Life Orb
|move|p1a: Ninetales|Aurora Veil|p1a: Ninetales
|-sidestart|p1: I Snort Wasabi|move: Aurora Veil
|
|-weather|Hail|[upkeep]
|-damage|p2a: Necrozma|75/100|[from] Hail
|upkeep
|turn|11
|
|move|p2a: Necrozma|Calm Mind|p2a: Necrozma
|-boost|p2a: Necrozma|spa|1
|-boost|p2a: Necrozma|spd|1
|move|p1a: Ninetales|Hypnosis|p2a: Necrozma|[miss]
|-miss|p1a: Ninetales|p2a: Necrozma
|
|-weather|Hail|[upkeep]
|-damage|p2a: Necrozma|68/100|[from] Hail
|upkeep
|turn|12
|c|☆I Snort Wasabi|Rofl
|
|move|p2a: Necrozma|Heat Wave|p1a: Ninetales
|-supereffective|p1a: Ninetales
|-damage|p1a: Ninetales|0 fnt
|-damage|p2a: Necrozma|59/100|[from] item: Life Orb
|faint|p1a: Ninetales
|
|-weather|Hail|[upkeep]
|-damage|p2a: Necrozma|52/100|[from] Hail
|upkeep
|
|switch|p1a: Dragapult|Dragapult, M|100/100
|-activate|p1a: Dragapult|move: Sticky Web
|-unboost|p1a: Dragapult|spe|1
|turn|13
|
|move|p2a: Necrozma|Photon Geyser|p1a: Dragapult
|-damage|p1a: Dragapult|34/100
|-damage|p2a: Necrozma|42/100|[from] item: Life Orb
|move|p1a: Dragapult|Hex|p2a: Necrozma
|-supereffective|p2a: Necrozma
|-damage|p2a: Necrozma|2/100
|
|-weather|Hail|[upkeep]
|-damage|p2a: Necrozma|0 fnt|[from] Hail
|-damage|p1a: Dragapult|28/100|[from] Hail
|faint|p2a: Necrozma
|upkeep
|
|switch|p2a: Togekiss|Togekiss, F|100/100
|turn|14
|
|move|p2a: Togekiss|Air Slash|p1a: Dragapult
|-damage|p1a: Dragapult|2/100
|cant|p1a: Dragapult|flinch
|
|-weather|none
|upkeep
|turn|15
|
|move|p2a: Togekiss|Flamethrower|p1a: Dragapult
|-resisted|p1a: Dragapult
|-damage|p1a: Dragapult|0 fnt
|faint|p1a: Dragapult
|
|upkeep
|
|switch|p1a: Gengar|Gengar, M|100/100
|-activate|p1a: Gengar|move: Sticky Web
|-unboost|p1a: Gengar|spe|1
|turn|16
|
|switch|p2a: Excadrill|Excadrill, F|100/100
|-ability|p2a: Excadrill|Mold Breaker
|move|p1a: Gengar|Sludge Wave|p2a: Excadrill
|-immune|p2a: Excadrill
|
|upkeep
|turn|17
|
|move|p2a: Excadrill|Earthquake|p1a: Gengar
|-supereffective|p1a: Gengar
|-damage|p1a: Gengar|0 fnt
|faint|p1a: Gengar
|
|-sideend|p1: I Snort Wasabi|move: Aurora Veil
|upkeep
|
|switch|p1a: Kommo-o|Kommo-o, M, shiny|100/100
|-activate|p1a: Kommo-o|move: Sticky Web
|-unboost|p1a: Kommo-o|spe|1
|turn|18
|
|switch|p2a: Togekiss|Togekiss, F|100/100
|move|p1a: Kommo-o|Clangorous Soul|p1a: Kommo-o
|-boost|p1a: Kommo-o|atk|1
|-boost|p1a: Kommo-o|def|1
|-boost|p1a: Kommo-o|spa|1
|-boost|p1a: Kommo-o|spd|1
|-boost|p1a: Kommo-o|spe|1
|-damage|p1a: Kommo-o|68/100
|-enditem|p1a: Kommo-o|Throat Spray
|-boost|p1a: Kommo-o|spa|1|[from] item: Throat Spray
|
|upkeep
|turn|19
|
|move|p1a: Kommo-o|Flash Cannon|p2a: Togekiss
|-supereffective|p2a: Togekiss
|-damage|p2a: Togekiss|8/100
|move|p2a: Togekiss|Air Slash|p1a: Kommo-o
|-supereffective|p1a: Kommo-o
|-damage|p1a: Kommo-o|13/100
|
|-heal|p2a: Togekiss|14/100|[from] item: Leftovers
|upkeep
|turn|20
|
|move|p1a: Kommo-o|Flash Cannon|p2a: Togekiss
|-supereffective|p2a: Togekiss
|-damage|p2a: Togekiss|0 fnt
|faint|p2a: Togekiss
|
|upkeep
|
|switch|p2a: Excadrill|Excadrill, F|100/100
|-ability|p2a: Excadrill|Mold Breaker
|turn|21
|
|move|p1a: Kommo-o|Flamethrower|p2a: Excadrill
|-supereffective|p2a: Excadrill
|-crit|p2a: Excadrill
|-damage|p2a: Excadrill|0 fnt
|faint|p2a: Excadrill
|
|win|I Snort Wasabi
|raw|I Snort Wasabi's rating: 1626 &rarr; <strong>1646</strong><br />(+20 for winning)
|raw|Arnaud senju vgc's rating: 1611 &rarr; <strong>1592</strong><br />(-19 for losing)
