|j|☆GGeorgie◕‿◕
|j|☆TSwizzle55
|t:|1661651766
|gametype|singles
|player|p1|GGeorgie◕‿◕|hiker-gen2|1654
|player|p2|TSwizzle55|caitlin|1661
|teamsize|p1|6
|teamsize|p2|6
|gen|8
|tier|[Gen 8] OU
|rated|
|rule|Sleep Clause Mod: Limit one foe put to sleep
|rule|Species Clause: Limit one of each Pokémon
|rule|OHKO Clause: OHKO moves are banned
|rule|Evasion Items Clause: Evasion items are banned
|rule|Evasion Moves Clause: Evasion moves are banned
|rule|Endless Battle Clause: Forcing endless battles is banned
|rule|HP Percentage Mod: HP is shown in percentages
|rule|Dynamax Clause: You cannot dynamax
|clearpoke
|poke|p1|Zapdos|
|poke|p1|Tyranitar, F|
|poke|p1|Landorus-Therian, M|
|poke|p1|Excadrill, F|
|poke|p1|Clefable, F|
|poke|p1|Ferrothorn, F|
|poke|p2|Kartana|
|poke|p2|Dragapult, F|
|poke|p2|Mamoswine, F|
|poke|p2|Primarina, M|
|poke|p2|Rotom-Heat|
|poke|p2|Ferrothorn, M|
|teampreview
|inactive|Battle timer is ON: inactive players will automatically lose when time's up. (requested by GGeorgie◕‿◕)
|
|t:|1661651775
|start
|switch|p1a: Ferrothorn|Ferrothorn, F, shiny|100/100
|switch|p2a: Amaretto|Primarina, M|100/100
|turn|1
|
|t:|1661651779
|move|p2a: Amaretto|Substitute|p2a: Amaretto
|-start|p2a: Amaretto|Substitute
|-damage|p2a: Amaretto|76/100
|move|p1a: Ferrothorn|Knock Off|p2a: Amaretto
|-resisted|p2a: Amaretto
|-activate|p2a: Amaretto|move: Substitute|[damage]
|
|-heal|p2a: Amaretto|82/100|[from] item: Leftovers
|upkeep
|turn|2
|
|t:|1661651782
|move|p2a: Amaretto|Scald|p1a: Ferrothorn
|-resisted|p1a: Ferrothorn
|-damage|p1a: Ferrothorn|83/100
|move|p1a: Ferrothorn|Power Whip|p2a: Amaretto
|-supereffective|p2a: Amaretto
|-end|p2a: Amaretto|Substitute
|
|-heal|p2a: Amaretto|88/100|[from] item: Leftovers
|upkeep
|turn|3
|
|t:|1661651787
|switch|p2a: Waffle|Ferrothorn, M|100/100
|move|p1a: Ferrothorn|Knock Off|p2a: Waffle
|-damage|p2a: Waffle|88/100
|-damage|p1a: Ferrothorn|71/100|[from] ability: Iron Barbs|[of] p2a: Waffle
|-damage|p1a: Ferrothorn|54/100|[from] item: Rocky Helmet|[of] p2a: Waffle
|-enditem|p2a: Waffle|Rocky Helmet|[from] move: Knock Off|[of] p1a: Ferrothorn
|
|upkeep
|turn|4
|
|t:|1661651790
|move|p1a: Ferrothorn|Spikes|p2a: Waffle
|-sidestart|p2: TSwizzle55|Spikes
|move|p2a: Waffle|Stealth Rock|p1a: Ferrothorn
|-sidestart|p1: GGeorgie◕‿◕|move: Stealth Rock
|
|upkeep
|turn|5
|
|t:|1661651793
|move|p1a: Ferrothorn|Spikes|p2a: Waffle
|-sidestart|p2: TSwizzle55|Spikes
|move|p2a: Waffle|Spikes|p1a: Ferrothorn
|-sidestart|p1: GGeorgie◕‿◕|Spikes
|
|upkeep
|turn|6
|
|t:|1661651797
|move|p1a: Ferrothorn|Spikes|p2a: Waffle
|-sidestart|p2: TSwizzle55|Spikes
|move|p2a: Waffle|Spikes|p1a: Ferrothorn
|-sidestart|p1: GGeorgie◕‿◕|Spikes
|
|upkeep
|turn|7
|
|t:|1661651801
|switch|p1a: Zapdos|Zapdos|100/100
|-damage|p1a: Zapdos|76/100|[from] Stealth Rock
|move|p2a: Waffle|Spikes|p1a: Zapdos
|-sidestart|p1: GGeorgie◕‿◕|Spikes
|
|upkeep
|turn|8
|
|t:|1661651807
|switch|p2a: EZ Bake|Rotom-Heat|100/100
|move|p1a: Zapdos|Heat Wave|p2a: EZ Bake
|-resisted|p2a: EZ Bake
|-crit|p2a: EZ Bake
|-damage|p2a: EZ Bake|62/100
|
|upkeep
|turn|9
|
|t:|1661651811
|switch|p1a: Ferrothorn|Ferrothorn, F, shiny|54/100
|-damage|p1a: Ferrothorn|48/100|[from] Stealth Rock
|-damage|p1a: Ferrothorn|23/100|[from] Spikes
|move|p2a: EZ Bake|Overheat|p1a: Ferrothorn
|-supereffective|p1a: Ferrothorn
|-damage|p1a: Ferrothorn|0 fnt
|-unboost|p2a: EZ Bake|spa|2
|faint|p1a: Ferrothorn
|
|upkeep
|
|t:|1661651820
|switch|p1a: Tyranitar|Tyranitar, F, shiny|100/100
|-damage|p1a: Tyranitar|88/100|[from] Stealth Rock
|-damage|p1a: Tyranitar|63/100|[from] Spikes
|-weather|Sandstorm|[from] ability: Sand Stream|[of] p1a: Tyranitar
|turn|10
|
|t:|1661651824
|move|p1a: Tyranitar|Earthquake|p2a: EZ Bake
|-immune|p2a: EZ Bake|[from] ability: Levitate
|move|p2a: EZ Bake|Defog|p1a: Tyranitar
|-unboost|p1a: Tyranitar|evasion|1
|-sideend|p1: GGeorgie◕‿◕|Spikes|[from] move: Defog|[of] p2a: EZ Bake
|-sideend|p1: GGeorgie◕‿◕|Stealth Rock|[from] move: Defog|[of] p2a: EZ Bake
|-sideend|p2: TSwizzle55|Spikes|[from] move: Defog|[of] p2a: EZ Bake
|
|-weather|Sandstorm|[upkeep]
|-damage|p2a: EZ Bake|56/100|[from] Sandstorm
|upkeep
|turn|11
|
|t:|1661651830
|move|p1a: Tyranitar|Stealth Rock|p2a: EZ Bake
|-sidestart|p2: TSwizzle55|move: Stealth Rock
|move|p2a: EZ Bake|Thunder Wave|p1a: Tyranitar
|-status|p1a: Tyranitar|par
|
|-weather|Sandstorm|[upkeep]
|-damage|p2a: EZ Bake|50/100|[from] Sandstorm
|upkeep
|turn|12
|
|t:|1661651833
|move|p2a: EZ Bake|Defog|p1a: Tyranitar
|-unboost|p1a: Tyranitar|evasion|1
|-sideend|p2: TSwizzle55|Stealth Rock|[from] move: Defog|[of] p2a: EZ Bake
|move|p1a: Tyranitar|Stone Edge|p2a: EZ Bake
|-supereffective|p2a: EZ Bake
|-damage|p2a: EZ Bake|0 fnt
|faint|p2a: EZ Bake
|
|-weather|Sandstorm|[upkeep]
|upkeep
|
|t:|1661651839
|switch|p2a: Cheesecake|Dragapult, F, shiny|100/100
|turn|13
|
|t:|1661651842
|move|p2a: Cheesecake|U-turn|p1a: Tyranitar
|-supereffective|p1a: Tyranitar
|-damage|p1a: Tyranitar|0 fnt
|faint|p1a: Tyranitar
|
|t:|1661651846
|switch|p2a: Waffle|Ferrothorn, M|88/100|[from]move: U-turn
|
|-weather|Sandstorm|[upkeep]
|upkeep
|
|t:|1661651848
|switch|p1a: Zapdos|Zapdos|76/100
|turn|14
|
|t:|1661651852
|switch|p2a: Baked Alaska|Mamoswine, F|100/100
|move|p1a: Zapdos|Hurricane|p2a: Baked Alaska
|-damage|p2a: Baked Alaska|35/100
|
|-weather|none
|upkeep
|turn|15
|
|t:|1661651857
|move|p2a: Baked Alaska|Ice Shard|p1a: Zapdos
|-supereffective|p1a: Zapdos
|-damage|p1a: Zapdos|24/100
|move|p1a: Zapdos|Hurricane|p2a: Baked Alaska
|-damage|p2a: Baked Alaska|0 fnt
|faint|p2a: Baked Alaska
|
|upkeep
|
|t:|1661651861
|switch|p2a: Ginger Snap|Kartana|100/100
|turn|16
|
|t:|1661651864
|move|p2a: Ginger Snap|Knock Off|p1a: Zapdos
|-damage|p1a: Zapdos|0 fnt
|-status|p2a: Ginger Snap|par|[from] ability: Static|[of] p1a: Zapdos
|-enditem|p1a: Zapdos|Choice Specs|[from] move: Knock Off|[of] p2a: Ginger Snap
|faint|p1a: Zapdos
|-ability|p2a: Ginger Snap|Beast Boost|boost
|-boost|p2a: Ginger Snap|atk|1
|
|upkeep
|
|t:|1661651867
|switch|p1a: Clefable|Clefable, F|100/100
|turn|17
|
|t:|1661651871
|switch|p2a: Waffle|Ferrothorn, M|88/100
|move|p1a: Clefable|Moonblast|p2a: Waffle
|-resisted|p2a: Waffle
|-damage|p2a: Waffle|71/100
|
|upkeep
|turn|18
|
|t:|1661651875
|move|p1a: Clefable|Calm Mind|p1a: Clefable
|-boost|p1a: Clefable|spa|1
|-boost|p1a: Clefable|spd|1
|move|p2a: Waffle|Gyro Ball|p1a: Clefable
|-supereffective|p1a: Clefable
|-damage|p1a: Clefable|53/100
|
|upkeep
|turn|19
|
|t:|1661651879
|move|p1a: Clefable|Soft-Boiled|p1a: Clefable
|-heal|p1a: Clefable|100/100
|move|p2a: Waffle|Gyro Ball|p1a: Clefable
|-supereffective|p1a: Clefable
|-damage|p1a: Clefable|50/100
|
|upkeep
|turn|20
|
|t:|1661651882
|move|p1a: Clefable|Soft-Boiled|p1a: Clefable
|-heal|p1a: Clefable|99/100
|move|p2a: Waffle|Gyro Ball|p1a: Clefable
|-supereffective|p1a: Clefable
|-damage|p1a: Clefable|57/100
|
|upkeep
|turn|21
|
|t:|1661651886
|switch|p2a: Ginger Snap|Kartana|100/100 par
|move|p1a: Clefable|Soft-Boiled|p1a: Clefable
|-heal|p1a: Clefable|100/100
|
|upkeep
|turn|22
|
|t:|1661651888
|switch|p1a: Landorus|Landorus-Therian, M|100/100
|-ability|p1a: Landorus|Intimidate|boost
|-unboost|p2a: Ginger Snap|atk|1
|cant|p2a: Ginger Snap|par
|
|upkeep
|turn|23
|
|t:|1661651893
|switch|p2a: Waffle|Ferrothorn, M|71/100
|move|p1a: Landorus|Earthquake|p2a: Waffle
|-damage|p2a: Waffle|38/100
|
|upkeep
|turn|24
|
|t:|1661651897
|switch|p1a: Clefable|Clefable, F|100/100
|move|p2a: Waffle|Gyro Ball|p1a: Clefable
|-supereffective|p1a: Clefable
|-damage|p1a: Clefable|53/100
|
|upkeep
|turn|25
|
|t:|1661651902
|move|p1a: Clefable|Soft-Boiled|p1a: Clefable
|-heal|p1a: Clefable|100/100
|move|p2a: Waffle|Gyro Ball|p1a: Clefable
|-supereffective|p1a: Clefable
|-damage|p1a: Clefable|53/100
|
|upkeep
|turn|26
|
|t:|1661651905
|switch|p2a: Ginger Snap|Kartana|100/100 par
|move|p1a: Clefable|Soft-Boiled|p1a: Clefable
|-heal|p1a: Clefable|100/100
|
|upkeep
|turn|27
|
|t:|1661651907
|cant|p2a: Ginger Snap|par
|move|p1a: Clefable|Moonblast|p2a: Ginger Snap
|-resisted|p2a: Ginger Snap
|-damage|p2a: Ginger Snap|34/100 par
|
|upkeep
|turn|28
|
|t:|1661651910
|switch|p1a: Excadrill|Excadrill, F|100/100
|cant|p2a: Ginger Snap|par
|
|upkeep
|turn|29
|
|t:|1661651914
|move|p1a: Excadrill|Earthquake|p2a: Ginger Snap
|-damage|p2a: Ginger Snap|0 fnt
|faint|p2a: Ginger Snap
|
|upkeep
|
|t:|1661651916
|switch|p2a: Cheesecake|Dragapult, F, shiny|100/100
|turn|30
|
|t:|1661651920
|switch|p1a: Clefable|Clefable, F|100/100
|move|p2a: Cheesecake|Phantom Force||[still]
|-prepare|p2a: Cheesecake|Phantom Force
|
|upkeep
|turn|31
|
|t:|1661651923
|move|p2a: Cheesecake|Phantom Force|p1a: Clefable|[from]lockedmove
|-damage|p1a: Clefable|41/100
|move|p1a: Clefable|Moonblast|p2a: Cheesecake
|-supereffective|p2a: Cheesecake
|-damage|p2a: Cheesecake|0 fnt
|faint|p2a: Cheesecake
|
|upkeep
|
|t:|1661651926
|switch|p2a: Amaretto|Primarina, M|88/100
|turn|32
|
|t:|1661651929
|move|p2a: Amaretto|Substitute|p2a: Amaretto
|-start|p2a: Amaretto|Substitute
|-damage|p2a: Amaretto|63/100
|move|p1a: Clefable|Moonblast|p2a: Amaretto
|-end|p2a: Amaretto|Substitute
|
|-heal|p2a: Amaretto|69/100|[from] item: Leftovers
|upkeep
|turn|33
|
|t:|1661651933
|move|p2a: Amaretto|Calm Mind|p2a: Amaretto
|-boost|p2a: Amaretto|spa|1
|-boost|p2a: Amaretto|spd|1
|move|p1a: Clefable|Moonblast|p2a: Amaretto
|-damage|p2a: Amaretto|44/100
|-unboost|p2a: Amaretto|spa|1
|
|-heal|p2a: Amaretto|50/100|[from] item: Leftovers
|upkeep
|turn|34
|
|t:|1661651936
|move|p2a: Amaretto|Moonblast|p1a: Clefable
|-damage|p1a: Clefable|0 fnt
|faint|p1a: Clefable
|
|-heal|p2a: Amaretto|56/100|[from] item: Leftovers
|upkeep
|
|t:|1661651938
|switch|p1a: Landorus|Landorus-Therian, M|100/100
|-ability|p1a: Landorus|Intimidate|boost
|-unboost|p2a: Amaretto|atk|1
|turn|35
|
|t:|1661651941
|move|p1a: Landorus|Earthquake|p2a: Amaretto
|-damage|p2a: Amaretto|0 fnt
|faint|p2a: Amaretto
|
|upkeep
|
|t:|1661651944
|switch|p2a: Waffle|Ferrothorn, M|38/100
|turn|36
|c|☆TSwizzle55|gg
|
|t:|1661651947
|move|p1a: Landorus|Earthquake|p2a: Waffle
|-damage|p2a: Waffle|6/100
|move|p2a: Waffle|Leech Seed|p1a: Landorus
|-start|p1a: Landorus|move: Leech Seed
|
|-damage|p1a: Landorus|88/100|[from] Leech Seed|[of] p2a: Waffle
|-heal|p2a: Waffle|18/100|[silent]
|upkeep
|turn|37
|c|☆GGeorgie◕‿◕|gg
|
|t:|1661651949
|move|p1a: Landorus|Earthquake|p2a: Waffle
|-damage|p2a: Waffle|0 fnt
|faint|p2a: Waffle
|
|win|GGeorgie◕‿◕
|raw|GGeorgie◕‿◕'s rating: 1654 &rarr; <strong>1674</strong><br />(+20 for winning)
|raw|TSwizzle55's rating: 1661 &rarr; <strong>1641</strong><br />(-20 for losing)
