|html|<div class="broadcast-blue"><strong>[Gen 8] OU is currently suspecting Melmetal! For information on how to participate check out the <a href="https://www.smogon.com/forums/threads/np-ss-ou-suspect-process-round-12-monster-mash.3709234/">suspect thread</a>.</strong></div>
|j|☆Celistesting
|j|☆Spectre Ace
|t:|1666138695
|gametype|singles
|player|p1|Celistesting|nate|1694
|player|p2|Spectre Ace|juggler|1679
|teamsize|p1|6
|teamsize|p2|6
|gen|8
|tier|[Gen 8] OU
|rated|
|rule|Sleep Clause Mod: Limit one foe put to sleep
|rule|Species Clause: Limit one of each Pokémon
|rule|OHKO Clause: OHKO moves are banned
|rule|Evasion Items Clause: Evasion items are banned
|rule|Evasion Moves Clause: Evasion moves are banned
|rule|Endless Battle Clause: Forcing endless battles is banned
|rule|HP Percentage Mod: HP is shown in percentages
|rule|Dynamax Clause: You cannot dynamax
|clearpoke
|poke|p1|Rillaboom, F|
|poke|p1|Tapu Koko|
|poke|p1|Mamoswine, M|
|poke|p1|Urshifu-*, F|
|poke|p1|Victini|
|poke|p1|Garchomp, M|
|poke|p2|Landorus-Therian, M|
|poke|p2|Ferrothorn, M|
|poke|p2|Volcanion|
|poke|p2|Raichu-Alola, F|
|poke|p2|Tapu Koko|
|poke|p2|Clefable, F|
|teampreview
|j| PurpleJWK
|
|t:|1666138728
|start
|switch|p1a: Papu Loko|Tapu Koko|100/100
|switch|p2a: Better Call Saul|Clefable, F|100/100
|-fieldstart|move: Electric Terrain|[from] ability: Electric Surge|[of] p1a: Papu Loko
|turn|1
|
|t:|1666138733
|move|p1a: Papu Loko|U-turn|p2a: Better Call Saul
|-resisted|p2a: Better Call Saul
|-damage|p2a: Better Call Saul|93/100
|
|t:|1666138736
|switch|p1a: Victini|Victini|100/100|[from]move: U-turn
|move|p2a: Better Call Saul|Stealth Rock|p1a: Victini
|-sidestart|p1: Celistesting|move: Stealth Rock
|
|upkeep
|turn|2
|inactive|Battle timer is ON: inactive players will automatically lose when time's up. (requested by Celistesting)
|
|t:|1666138753
|switch|p2a: Amadeus|Landorus-Therian, M|100/100
|-ability|p2a: Amadeus|Intimidate|boost
|-unboost|p1a: Victini|atk|1
|move|p1a: Victini|Thunder Wave|p2a: Amadeus
|-immune|p2a: Amadeus
|
|upkeep
|turn|3
|
|t:|1666138760
|move|p1a: Victini|U-turn|p2a: Amadeus
|-resisted|p2a: Amadeus
|-damage|p2a: Amadeus|96/100
|
|t:|1666138763
|switch|p1a: Garchadomp|Garchomp, M, shiny|100/100|[from]move: U-turn
|-damage|p1a: Garchadomp|94/100|[from] Stealth Rock
|move|p2a: Amadeus|Toxic|p1a: Garchadomp
|-status|p1a: Garchadomp|tox
|
|-heal|p2a: Amadeus|100/100|[from] item: Leftovers
|-damage|p1a: Garchadomp|88/100 tox|[from] psn
|upkeep
|turn|4
|
|t:|1666138781
|switch|p2a: Better Call Saul|Clefable, F|93/100
|move|p1a: Garchadomp|Stealth Rock|p2a: Better Call Saul
|-sidestart|p2: Spectre Ace|move: Stealth Rock
|
|-damage|p1a: Garchadomp|76/100 tox|[from] psn
|upkeep
|turn|5
|
|t:|1666138789
|switch|p1a: Victini|Victini|100/100
|move|p2a: Better Call Saul|Moonblast|p1a: Victini
|-resisted|p1a: Victini
|-damage|p1a: Victini|85/100
|-unboost|p1a: Victini|spa|1
|
|-fieldend|move: Electric Terrain
|upkeep
|turn|6
|
|t:|1666138804
|move|p1a: Victini|Searing Shot|p2a: Better Call Saul
|-damage|p2a: Better Call Saul|57/100
|-status|p2a: Better Call Saul|brn
|move|p2a: Better Call Saul|Moonblast|p1a: Victini
|-resisted|p1a: Victini
|-damage|p1a: Victini|69/100
|
|-damage|p2a: Better Call Saul|51/100 brn|[from] brn
|upkeep
|turn|7
|
|t:|1666138815
|move|p1a: Victini|Psychic|p2a: Better Call Saul
|-damage|p2a: Better Call Saul|18/100 brn
|move|p2a: Better Call Saul|Soft-Boiled|p2a: Better Call Saul
|-heal|p2a: Better Call Saul|68/100 brn
|
|-damage|p2a: Better Call Saul|61/100 brn|[from] brn
|upkeep
|turn|8
|
|t:|1666138821
|move|p1a: Victini|Psychic|p2a: Better Call Saul
|-damage|p2a: Better Call Saul|32/100 brn
|move|p2a: Better Call Saul|Soft-Boiled|p2a: Better Call Saul
|-heal|p2a: Better Call Saul|82/100 brn
|
|-damage|p2a: Better Call Saul|76/100 brn|[from] brn
|upkeep
|turn|9
|
|t:|1666138828
|move|p1a: Victini|U-turn|p2a: Better Call Saul
|-resisted|p2a: Better Call Saul
|-crit|p2a: Better Call Saul
|-damage|p2a: Better Call Saul|67/100 brn
|
|t:|1666138831
|switch|p1a: Mamoswine|Mamoswine, M|100/100|[from]move: U-turn
|-damage|p1a: Mamoswine|88/100|[from] Stealth Rock
|move|p2a: Better Call Saul|Soft-Boiled|p2a: Better Call Saul
|-heal|p2a: Better Call Saul|100/100 brn
|
|-damage|p2a: Better Call Saul|94/100 brn|[from] brn
|upkeep
|turn|10
|
|t:|1666138843
|move|p1a: Mamoswine|Earthquake|p2a: Better Call Saul
|-damage|p2a: Better Call Saul|48/100 brn
|move|p2a: Better Call Saul|Moonblast|p1a: Mamoswine
|-damage|p1a: Mamoswine|40/100
|
|-damage|p2a: Better Call Saul|42/100 brn|[from] brn
|upkeep
|turn|11
|
|t:|1666138852
|move|p1a: Mamoswine|Earthquake|p2a: Better Call Saul
|-damage|p2a: Better Call Saul|0 fnt
|faint|p2a: Better Call Saul
|
|upkeep
|
|t:|1666138871
|switch|p2a: Booker|Tapu Koko|100/100
|-damage|p2a: Booker|88/100|[from] Stealth Rock
|-fieldstart|move: Electric Terrain|[from] ability: Electric Surge|[of] p2a: Booker
|turn|12
|j| jmac95
|
|t:|1666138879
|switch|p1a: Victini|Victini|69/100
|move|p2a: Booker|Dazzling Gleam|p1a: Victini
|-resisted|p1a: Victini
|-damage|p1a: Victini|54/100
|
|upkeep
|turn|13
|
|t:|1666138894
|move|p2a: Booker|Thunderbolt|p1a: Victini
|-damage|p1a: Victini|8/100
|move|p1a: Victini|Searing Shot|p2a: Booker
|-damage|p2a: Booker|25/100
|-status|p2a: Booker|brn
|
|-damage|p2a: Booker|19/100 brn|[from] brn
|upkeep
|turn|14
|
|t:|1666138901
|move|p2a: Booker|U-turn|p1a: Victini
|-damage|p1a: Victini|0 fnt
|faint|p1a: Victini
|inactive|Spectre Ace has 120 seconds left.
|
|t:|1666138931
|switch|p2a: Amadeus|Landorus-Therian, M|100/100|[from]move: U-turn
|-damage|p2a: Amadeus|88/100|[from] Stealth Rock
|
|-heal|p2a: Amadeus|94/100|[from] item: Leftovers
|upkeep
|
|t:|1666138935
|switch|p1a: Mamoswine|Mamoswine, M|40/100
|-damage|p1a: Mamoswine|27/100|[from] Stealth Rock
|turn|15
|
|t:|1666138945
|switch|p2a: Engine|Volcanion|100/100
|move|p1a: Mamoswine|Icicle Crash|p2a: Engine
|-resisted|p2a: Engine
|-damage|p2a: Engine|91/100
|
|upkeep
|turn|16
|
|t:|1666138950
|switch|p2a: Amadeus|Landorus-Therian, M|94/100
|-damage|p2a: Amadeus|82/100|[from] Stealth Rock
|-ability|p2a: Amadeus|Intimidate|boost
|-unboost|p1a: Mamoswine|atk|1
|move|p1a: Mamoswine|Earthquake|p2a: Amadeus
|-immune|p2a: Amadeus
|
|-heal|p2a: Amadeus|88/100|[from] item: Leftovers
|upkeep
|turn|17
|
|t:|1666138957
|switch|p2a: Sundowner|Ferrothorn, M, shiny|100/100
|-damage|p2a: Sundowner|94/100|[from] Stealth Rock
|move|p1a: Mamoswine|Icicle Crash|p2a: Sundowner
|-damage|p2a: Sundowner|73/100
|
|-heal|p2a: Sundowner|79/100|[from] item: Leftovers
|upkeep
|turn|18
|
|t:|1666138963
|switch|p1a: Garchadomp|Garchomp, M, shiny|76/100 tox
|-damage|p1a: Garchadomp|69/100 tox|[from] Stealth Rock
|move|p2a: Sundowner|Spikes|p1a: Garchadomp
|-sidestart|p1: Celistesting|Spikes
|
|-heal|p2a: Sundowner|85/100|[from] item: Leftovers
|-damage|p1a: Garchadomp|63/100 tox|[from] psn
|upkeep
|turn|19
|j| Zombini62
|
|t:|1666138970
|move|p1a: Garchadomp|Fire Blast|p2a: Sundowner
|-supereffective|p2a: Sundowner
|-damage|p2a: Sundowner|33/100
|-status|p2a: Sundowner|brn
|move|p2a: Sundowner|Spikes|p1a: Garchadomp
|-sidestart|p1: Celistesting|Spikes
|
|-heal|p2a: Sundowner|39/100 brn|[from] item: Leftovers
|-damage|p1a: Garchadomp|51/100 tox|[from] psn
|-damage|p2a: Sundowner|33/100 brn|[from] brn
|-fieldend|move: Electric Terrain
|upkeep
|turn|20
|
|t:|1666138974
|switch|p1a: Papu Loko|Tapu Koko|100/100
|-damage|p1a: Papu Loko|88/100|[from] Stealth Rock
|-damage|p1a: Papu Loko|72/100|[from] Spikes
|-fieldstart|move: Electric Terrain|[from] ability: Electric Surge|[of] p1a: Papu Loko
|move|p2a: Sundowner|Spikes|p1a: Papu Loko
|-sidestart|p1: Celistesting|Spikes
|
|-heal|p2a: Sundowner|39/100 brn|[from] item: Leftovers
|-damage|p2a: Sundowner|33/100 brn|[from] brn
|upkeep
|turn|21
|
|t:|1666138976
|move|p1a: Papu Loko|Defog|p2a: Sundowner
|-unboost|p2a: Sundowner|evasion|1
|-sideend|p2: Spectre Ace|Stealth Rock|[from] move: Defog|[of] p1a: Papu Loko
|-sideend|p1: Celistesting|Spikes|[from] move: Defog|[of] p1a: Papu Loko
|-sideend|p1: Celistesting|Stealth Rock|[from] move: Defog|[of] p1a: Papu Loko
|-fieldend|move: Electric Terrain
|move|p2a: Sundowner|Leech Seed|p1a: Papu Loko
|-start|p1a: Papu Loko|move: Leech Seed
|
|-heal|p2a: Sundowner|39/100 brn|[from] item: Leftovers
|-damage|p1a: Papu Loko|59/100|[from] Leech Seed|[of] p2a: Sundowner
|-heal|p2a: Sundowner|49/100 brn|[silent]
|-damage|p2a: Sundowner|43/100 brn|[from] brn
|upkeep
|turn|22
|
|t:|1666138982
|switch|p1a: Urshifu|Urshifu-Rapid-Strike, F|100/100
|move|p2a: Sundowner|Knock Off|p1a: Urshifu
|-resisted|p1a: Urshifu
|-damage|p1a: Urshifu|95/100
|-enditem|p1a: Urshifu|Protective Pads|[from] move: Knock Off|[of] p2a: Sundowner
|
|-heal|p2a: Sundowner|49/100 brn|[from] item: Leftovers
|-damage|p2a: Sundowner|43/100 brn|[from] brn
|upkeep
|turn|23
|
|t:|1666138988
|move|p1a: Urshifu|Close Combat|p2a: Sundowner
|-supereffective|p2a: Sundowner
|-damage|p2a: Sundowner|0 fnt
|-unboost|p1a: Urshifu|def|1
|-unboost|p1a: Urshifu|spd|1
|-damage|p1a: Urshifu|83/100|[from] ability: Iron Barbs|[of] p2a: Sundowner
|faint|p2a: Sundowner
|
|upkeep
|
|t:|1666138990
|switch|p2a: Booker|Tapu Koko|19/100 brn
|-fieldstart|move: Electric Terrain|[from] ability: Electric Surge|[of] p2a: Booker
|turn|24
|
|t:|1666138995
|switch|p2a: Engine|Volcanion|91/100
|switch|p1a: Tapu Rilla|Rillaboom, F|100/100
|-fieldstart|move: Grassy Terrain|[from] ability: Grassy Surge|[of] p1a: Tapu Rilla
|
|-heal|p2a: Engine|97/100|[from] Grassy Terrain
|upkeep
|turn|25
|
|t:|1666139004
|switch|p1a: Papu Loko|Tapu Koko|59/100
|-fieldstart|move: Electric Terrain|[from] ability: Electric Surge|[of] p1a: Papu Loko
|move|p2a: Engine|Flamethrower|p1a: Papu Loko
|-damage|p1a: Papu Loko|0 fnt
|faint|p1a: Papu Loko
|
|upkeep
|
|t:|1666139007
|switch|p1a: Garchadomp|Garchomp, M, shiny|51/100 tox
|turn|26
|
|t:|1666139009
|switch|p2a: Amadeus|Landorus-Therian, M|88/100
|-ability|p2a: Amadeus|Intimidate|boost
|-unboost|p1a: Garchadomp|atk|1
|move|p1a: Garchadomp|Stealth Rock|p2a: Amadeus
|-sidestart|p2: Spectre Ace|move: Stealth Rock
|
|-heal|p2a: Amadeus|94/100|[from] item: Leftovers
|-damage|p1a: Garchadomp|45/100 tox|[from] psn
|upkeep
|turn|27
|
|t:|1666139011
|move|p1a: Garchadomp|Toxic|p2a: Amadeus
|-status|p2a: Amadeus|tox
|move|p2a: Amadeus|Defog|p1a: Garchadomp
|-unboost|p1a: Garchadomp|evasion|1
|-sideend|p2: Spectre Ace|Stealth Rock|[from] move: Defog|[of] p2a: Amadeus
|-fieldend|move: Electric Terrain
|
|-heal|p2a: Amadeus|99/100 tox|[from] item: Leftovers
|-damage|p1a: Garchadomp|32/100 tox|[from] psn
|-damage|p2a: Amadeus|94/100 tox|[from] psn
|upkeep
|turn|28
|
|t:|1666139018
|switch|p1a: Mamoswine|Mamoswine, M|27/100
|move|p2a: Amadeus|Defog|p1a: Mamoswine
|-unboost|p1a: Mamoswine|evasion|1
|
|-heal|p2a: Amadeus|99/100 tox|[from] item: Leftovers
|-damage|p2a: Amadeus|88/100 tox|[from] psn
|upkeep
|turn|29
|
|t:|1666139021
|move|p1a: Mamoswine|Icicle Crash|p2a: Amadeus
|-supereffective|p2a: Amadeus
|-damage|p2a: Amadeus|0 fnt
|faint|p2a: Amadeus
|
|upkeep
|
|t:|1666139025
|switch|p2a: Booker|Tapu Koko|19/100 brn
|-fieldstart|move: Electric Terrain|[from] ability: Electric Surge|[of] p2a: Booker
|turn|30
|
|t:|1666139029
|switch|p2a: Engine|Volcanion|97/100
|move|p1a: Mamoswine|Ice Shard|p2a: Engine
|-resisted|p2a: Engine
|-damage|p2a: Engine|92/100
|
|upkeep
|turn|31
|
|t:|1666139032
|move|p1a: Mamoswine|Earthquake|p2a: Engine
|-supereffective|p2a: Engine
|-damage|p2a: Engine|0 fnt
|faint|p2a: Engine
|
|upkeep
|
|t:|1666139033
|switch|p2a: Valentine|Raichu-Alola, F, shiny|100/100
|turn|32
|
|t:|1666139037
|switch|p1a: Garchadomp|Garchomp, M, shiny|32/100 tox
|move|p2a: Valentine|Psyshock|p1a: Garchadomp
|-damage|p1a: Garchadomp|0 fnt
|faint|p1a: Garchadomp
|-damage|p2a: Valentine|91/100|[from] item: Life Orb
|
|upkeep
|
|t:|1666139039
|switch|p1a: Tapu Rilla|Rillaboom, F|100/100
|-fieldstart|move: Grassy Terrain|[from] ability: Grassy Surge|[of] p1a: Tapu Rilla
|turn|33
|
|t:|1666139042
|switch|p2a: Booker|Tapu Koko|19/100 brn
|-fieldstart|move: Electric Terrain|[from] ability: Electric Surge|[of] p2a: Booker
|move|p1a: Tapu Rilla|Knock Off|p2a: Booker
|-resisted|p2a: Booker
|-damage|p2a: Booker|0 fnt
|-enditem|p2a: Booker|Terrain Extender|[from] move: Knock Off|[of] p1a: Tapu Rilla
|faint|p2a: Booker
|-damage|p1a: Tapu Rilla|91/100|[from] item: Life Orb
|
|upkeep
|-message|Spectre Ace forfeited.
|
|win|Celistesting
|raw|Celistesting's rating: 1694 &rarr; <strong>1714</strong><br />(+20 for winning)
|raw|Spectre Ace's rating: 1700 &rarr; <strong>1680</strong><br />(-20 for losing)
|l|☆Spectre Ace
|l| Zombini62
||Ladder isn't responding, score probably updated but might not have (Request timeout).
