|raw|<div class="broadcast-blue"><strong>This battle is required to be public due to a player having a name starting with 'lt94je'.</div>
|j|☆LT94JE xia
|j|☆return nirvana
|t:|1661585892
|gametype|singles
|player|p1|LT94JE xia|lisia|1667
|player|p2|return nirvana|cynthia-masters2|1942
|teamsize|p1|6
|teamsize|p2|6
|gen|8
|tier|[Gen 8] OU
|rated|
|rule|Sleep Clause Mod: Limit one foe put to sleep
|rule|Species Clause: Limit one of each Pokémon
|rule|OHKO Clause: OHKO moves are banned
|rule|Evasion Items Clause: Evasion items are banned
|rule|Evasion Moves Clause: Evasion moves are banned
|rule|Endless Battle Clause: Forcing endless battles is banned
|rule|HP Percentage Mod: HP is shown in percentages
|rule|Dynamax Clause: You cannot dynamax
|clearpoke
|poke|p1|Urshifu-*, F|
|poke|p1|Slowking-Galar, M|
|poke|p1|Buzzwole|
|poke|p1|Landorus-Therian, M|
|poke|p1|Heatran, M|
|poke|p1|Weavile, F|
|poke|p2|Mew|
|poke|p2|Weavile, M|
|poke|p2|Celesteela|
|poke|p2|Crawdaunt, F|
|poke|p2|Garchomp, F|
|poke|p2|Blacephalon|
|teampreview
|
|t:|1661585908
|start
|switch|p1a: Landorus|Landorus-Therian, M|100/100
|switch|p2a: Crawdaunt|Crawdaunt, F, shiny|100/100
|-ability|p1a: Landorus|Intimidate|boost
|-unboost|p2a: Crawdaunt|atk|1
|turn|1
|
|t:|1661585915
|move|p1a: Landorus|U-turn|p2a: Crawdaunt
|-supereffective|p2a: Crawdaunt
|-damage|p2a: Crawdaunt|29/100
|
|t:|1661585918
|switch|p1a: Urshifu|Urshifu-Rapid-Strike, F|100/100|[from]move: U-turn
|move|p2a: Crawdaunt|Knock Off|p1a: Urshifu
|-resisted|p1a: Urshifu
|-damage|p1a: Urshifu|69/100
|-enditem|p1a: Urshifu|Protective Pads|[from] move: Knock Off|[of] p2a: Crawdaunt
|-damage|p2a: Crawdaunt|20/100|[from] item: Life Orb
|
|upkeep
|turn|2
|
|t:|1661585926
|move|p2a: Crawdaunt|Aqua Jet|p1a: Urshifu
|-resisted|p1a: Urshifu
|-damage|p1a: Urshifu|56/100
|-damage|p2a: Crawdaunt|10/100|[from] item: Life Orb
|move|p1a: Urshifu|U-turn|p2a: Crawdaunt
|-supereffective|p2a: Crawdaunt
|-damage|p2a: Crawdaunt|0 fnt
|faint|p2a: Crawdaunt
|
|t:|1661585931
|switch|p1a: Landorus|Landorus-Therian, M|100/100|[from]move: U-turn
|
|upkeep
|
|t:|1661585933
|switch|p2a: Mew|Mew, shiny|100/100
|turn|3
|
|t:|1661585935
|move|p2a: Mew|Stealth Rock|p1a: Landorus
|-sidestart|p1: LT94JE xia|move: Stealth Rock
|move|p1a: Landorus|U-turn|p2a: Mew
|-supereffective|p2a: Mew
|-damage|p2a: Mew|65/100
|
|t:|1661585938
|switch|p1a: Weavile|Weavile, F|100/100|[from]move: U-turn
|-ability|p1a: Weavile|Pressure
|
|upkeep
|turn|4
|
|t:|1661585941
|move|p1a: Weavile|Knock Off|p2a: Mew
|-supereffective|p2a: Mew
|-damage|p2a: Mew|0 fnt
|-enditem|p2a: Mew|Mental Herb|[from] move: Knock Off|[of] p1a: Weavile
|faint|p2a: Mew
|
|upkeep
|
|t:|1661585947
|switch|p2a: Blacephalon|Blacephalon, shiny|100/100
|turn|5
|
|t:|1661585951
|switch|p1a: Heatran|Heatran, M|100/100
|-damage|p1a: Heatran|88/100|[from] Stealth Rock
|move|p2a: Blacephalon|Flamethrower|p1a: Heatran
|-start|p1a: Heatran|ability: Flash Fire
|
|-heal|p1a: Heatran|94/100|[from] item: Leftovers
|upkeep
|turn|6
|j| tilt artist
|j|+airfare
|
|t:|1661585957
|switch|p2a: Garchomp|Garchomp, F, shiny|100/100
|move|p1a: Heatran|Stealth Rock|p2a: Garchomp
|-sidestart|p2: return nirvana|move: Stealth Rock
|
|-heal|p1a: Heatran|100/100|[from] item: Leftovers
|upkeep
|turn|7
|
|t:|1661585962
|-end|p1a: Heatran|ability: Flash Fire|[silent]
|switch|p1a: Buzzwole|Buzzwole|100/100
|-damage|p1a: Buzzwole|88/100|[from] Stealth Rock
|move|p2a: Garchomp|Swords Dance|p2a: Garchomp
|-boost|p2a: Garchomp|atk|2
|
|upkeep
|turn|8
|j| Separation
|
|t:|1661585966
|move|p2a: Garchomp|Fire Fang|p1a: Buzzwole
|-supereffective|p1a: Buzzwole
|-damage|p1a: Buzzwole|35/100
|-damage|p2a: Garchomp|84/100|[from] item: Rocky Helmet|[of] p1a: Buzzwole
|move|p1a: Buzzwole|Ice Punch|p2a: Garchomp
|-supereffective|p2a: Garchomp
|-damage|p2a: Garchomp|0 fnt
|-damage|p1a: Buzzwole|22/100|[from] ability: Rough Skin|[of] p2a: Garchomp
|faint|p2a: Garchomp
|-ability|p1a: Buzzwole|Beast Boost|boost
|-boost|p1a: Buzzwole|def|1
|
|upkeep
|
|t:|1661585973
|switch|p2a: Blacephalon|Blacephalon, shiny|100/100
|-damage|p2a: Blacephalon|76/100|[from] Stealth Rock
|turn|9
|l|+airfare
|
|t:|1661585980
|move|p2a: Blacephalon|Shadow Ball|p1a: Buzzwole
|-damage|p1a: Buzzwole|0 fnt
|faint|p1a: Buzzwole
|-ability|p2a: Blacephalon|Beast Boost|boost
|-boost|p2a: Blacephalon|spa|1
|
|upkeep
|
|t:|1661585982
|switch|p1a: Weavile|Weavile, F|100/100
|-ability|p1a: Weavile|Pressure
|turn|10
|
|t:|1661585985
|move|p2a: Blacephalon|Shadow Ball|p1a: Weavile
|-resisted|p1a: Weavile
|-damage|p1a: Weavile|56/100
|move|p1a: Weavile|Knock Off|p2a: Blacephalon
|-supereffective|p2a: Blacephalon
|-damage|p2a: Blacephalon|0 fnt
|-enditem|p2a: Blacephalon|Choice Scarf|[from] move: Knock Off|[of] p1a: Weavile
|faint|p2a: Blacephalon
|
|upkeep
|
|t:|1661585992
|switch|p2a: Weavile|Weavile, M, shiny|100/100
|-damage|p2a: Weavile|76/100|[from] Stealth Rock
|-ability|p2a: Weavile|Pressure
|turn|11
|
|t:|1661585995
|move|p1a: Weavile|Low Kick|p2a: Weavile
|-supereffective|p2a: Weavile
|-damage|p2a: Weavile|0 fnt
|faint|p2a: Weavile
|
|upkeep
|-message|return nirvana forfeited.
|
|win|LT94JE xia
|raw|LT94JE xia's rating: 1667 &rarr; <strong>1700</strong><br />(+33 for winning)
|raw|return nirvana's rating: 1942 &rarr; <strong>1909</strong><br />(-33 for losing)
|l|☆return nirvana
|l|☆LT94JE xia
|j| Mimikyu Stardust
|l| Mimikyu Stardust
|j| Mimikyu Stardust
|l| Mimikyu Stardust
|j| LT94JE Starmind
|l| LT94JE Starmind
