|j|☆Snurke
|j|☆HOF69
|t:|1654574960
|gametype|singles
|player|p1|Snurke|sisandbro|1673
|player|p2|HOF69|red|1742
|teamsize|p1|6
|teamsize|p2|6
|gen|8
|tier|[Gen 8] OU
|rated|
|rule|Sleep Clause Mod: Limit one foe put to sleep
|rule|Species Clause: Limit one of each Pokémon
|rule|OHKO Clause: OHKO moves are banned
|rule|Evasion Moves Clause: Evasion moves are banned
|rule|Endless Battle Clause: Forcing endless battles is banned
|rule|HP Percentage Mod: HP is shown in percentages
|rule|Dynamax Clause: You cannot dynamax
|clearpoke
|poke|p1|Pelipper, M|
|poke|p1|Barraskewda, F|
|poke|p1|Ferrothorn, M|
|poke|p1|Tornadus-Therian, M|
|poke|p1|Zeraora|
|poke|p1|Kingdra, F|
|poke|p2|Blacephalon|
|poke|p2|Cloyster, M|
|poke|p2|Tapu Lele|
|poke|p2|Kartana|
|poke|p2|Krookodile, M|
|poke|p2|Landorus-Therian, M|
|teampreview
|j| BabyPigsAreLaughin
|j| STDSuave
|inactive|Battle timer is ON: inactive players will automatically lose when time's up. (requested by Snurke)
|
|t:|1654574982
|start
|switch|p1a: Pelipper|Pelipper, M, shiny|100/100
|switch|p2a: Krookodile|Krookodile, M|100/100
|-ability|p2a: Krookodile|Intimidate|boost
|-unboost|p1a: Pelipper|atk|1
|-weather|RainDance|[from] ability: Drizzle|[of] p1a: Pelipper
|turn|1
|
|t:|1654574998
|move|p2a: Krookodile|Stealth Rock|p1a: Pelipper
|-sidestart|p1: Snurke|move: Stealth Rock
|move|p1a: Pelipper|Scald|p2a: Krookodile
|-supereffective|p2a: Krookodile
|-enditem|p2a: Krookodile|Focus Sash
|-damage|p2a: Krookodile|1/100
|
|-weather|RainDance|[upkeep]
|upkeep
|turn|2
|
|t:|1654575009
|move|p2a: Krookodile|Knock Off|p1a: Pelipper
|-damage|p1a: Pelipper|62/100
|-enditem|p1a: Pelipper|Damp Rock|[from] move: Knock Off|[of] p2a: Krookodile
|move|p1a: Pelipper|U-turn|p2a: Krookodile
|-supereffective|p2a: Krookodile
|-damage|p2a: Krookodile|0 fnt
|faint|p2a: Krookodile
|
|t:|1654575017
|switch|p1a: Tornadus|Tornadus-Therian, M, shiny|100/100|[from]move: U-turn
|
|-weather|RainDance|[upkeep]
|upkeep
|
|t:|1654575024
|switch|p2a: Tapu Lele|Tapu Lele|100/100
|-fieldstart|move: Psychic Terrain|[from] ability: Psychic Surge|[of] p2a: Tapu Lele
|turn|3
|
|t:|1654575031
|move|p1a: Tornadus|Knock Off|p2a: Tapu Lele
|-damage|p2a: Tapu Lele|67/100
|-enditem|p2a: Tapu Lele|Twisted Spoon|[from] move: Knock Off|[of] p1a: Tornadus
|move|p2a: Tapu Lele|Psyshock|p1a: Tornadus
|-damage|p1a: Tornadus|36/100
|
|-weather|RainDance|[upkeep]
|upkeep
|turn|4
|
|t:|1654575040
|move|p1a: Tornadus|U-turn|p2a: Tapu Lele
|-damage|p2a: Tapu Lele|45/100
|
|t:|1654575047
|switch|p1a: Ferrothorn|Ferrothorn, M, shiny|100/100|[from]move: U-turn
|-damage|p1a: Ferrothorn|94/100|[from] Stealth Rock
|move|p2a: Tapu Lele|Psyshock|p1a: Ferrothorn
|-resisted|p1a: Ferrothorn
|-damage|p1a: Ferrothorn|77/100
|
|-weather|RainDance|[upkeep]
|-heal|p1a: Ferrothorn|83/100|[from] item: Leftovers
|upkeep
|turn|5
|
|t:|1654575056
|move|p2a: Tapu Lele|Taunt|p1a: Ferrothorn
|-start|p1a: Ferrothorn|move: Taunt
|cant|p1a: Ferrothorn|move: Taunt|Leech Seed
|
|-weather|RainDance|[upkeep]
|-heal|p1a: Ferrothorn|90/100|[from] item: Leftovers
|upkeep
|turn|6
|
|t:|1654575075
|move|p2a: Tapu Lele|Focus Blast|p1a: Ferrothorn|[miss]
|-miss|p2a: Tapu Lele|p1a: Ferrothorn
|move|p1a: Ferrothorn|Body Press|p2a: Tapu Lele
|-resisted|p2a: Tapu Lele
|-damage|p2a: Tapu Lele|32/100
|
|-weather|RainDance|[upkeep]
|-heal|p1a: Ferrothorn|96/100|[from] item: Leftovers
|upkeep
|turn|7
|
|t:|1654575078
|switch|p1a: Zeraora|Zeraora, shiny|100/100
|move|p2a: Tapu Lele|Focus Blast|p1a: Zeraora
|-damage|p1a: Zeraora|46/100
|
|-weather|RainDance|[upkeep]
|-fieldend|move: Psychic Terrain
|upkeep
|turn|8
|
|t:|1654575085
|switch|p2a: Landorus|Landorus-Therian, M|100/100
|-ability|p2a: Landorus|Intimidate|boost
|-unboost|p1a: Zeraora|atk|1
|move|p1a: Zeraora|Knock Off|p2a: Landorus
|-damage|p2a: Landorus|80/100
|-enditem|p2a: Landorus|Assault Vest|[from] move: Knock Off|[of] p1a: Zeraora
|
|-weather|none
|upkeep
|turn|9
|j| yinniy
|
|t:|1654575092
|switch|p1a: Tornadus|Tornadus-Therian, M, shiny|69/100
|move|p2a: Landorus|U-turn|p1a: Tornadus
|-resisted|p1a: Tornadus
|-damage|p1a: Tornadus|54/100
|
|t:|1654575099
|switch|p2a: Tapu Lele|Tapu Lele|32/100|[from]move: U-turn
|-fieldstart|move: Psychic Terrain|[from] ability: Psychic Surge|[of] p2a: Tapu Lele
|
|upkeep
|turn|10
|
|t:|1654575105
|move|p1a: Tornadus|Hurricane|p2a: Tapu Lele
|-damage|p2a: Tapu Lele|0 fnt
|faint|p2a: Tapu Lele
|
|upkeep
|
|t:|1654575129
|switch|p2a: Landorus|Landorus-Therian, M|80/100
|-ability|p2a: Landorus|Intimidate|boost
|-unboost|p1a: Tornadus|atk|1
|turn|11
|
|t:|1654575141
|move|p1a: Tornadus|Defog|p2a: Landorus
|-unboost|p2a: Landorus|evasion|1
|-sideend|p1: Snurke|Stealth Rock|[from] move: Defog|[of] p1a: Tornadus
|-fieldend|move: Psychic Terrain
|move|p2a: Landorus|Knock Off|p1a: Tornadus
|-damage|p1a: Tornadus|12/100
|-enditem|p1a: Tornadus|Heavy-Duty Boots|[from] move: Knock Off|[of] p2a: Landorus
|
|upkeep
|turn|12
|
|t:|1654575148
|switch|p1a: Pelipper|Pelipper, M, shiny|62/100
|-weather|RainDance|[from] ability: Drizzle|[of] p1a: Pelipper
|move|p2a: Landorus|U-turn|p1a: Pelipper
|-resisted|p1a: Pelipper
|-damage|p1a: Pelipper|52/100
|
|t:|1654575155
|switch|p2a: Kartana|Kartana|100/100|[from]move: U-turn
|
|-weather|RainDance|[upkeep]
|upkeep
|turn|13
|
|t:|1654575172
|move|p2a: Kartana|Sacred Sword|p1a: Pelipper
|-resisted|p1a: Pelipper
|-damage|p1a: Pelipper|37/100
|move|p1a: Pelipper|Scald|p2a: Kartana
|-resisted|p2a: Kartana
|-damage|p2a: Kartana|40/100
|
|-weather|RainDance|[upkeep]
|upkeep
|turn|14
|
|t:|1654575182
|move|p2a: Kartana|Leaf Blade|p1a: Pelipper
|-crit|p1a: Pelipper
|-damage|p1a: Pelipper|0 fnt
|faint|p1a: Pelipper
|-ability|p2a: Kartana|Beast Boost|boost
|-boost|p2a: Kartana|atk|1
|
|-weather|RainDance|[upkeep]
|upkeep
|j| GROSS SAMPLE TEAM
|
|t:|1654575190
|switch|p1a: Barraskewda|Barraskewda, F, shiny|100/100
|turn|15
|
|t:|1654575192
|switch|p2a: Landorus|Landorus-Therian, M|80/100
|-ability|p2a: Landorus|Intimidate|boost
|-unboost|p1a: Barraskewda|atk|1
|move|p1a: Barraskewda|Liquidation|p2a: Landorus
|-supereffective|p2a: Landorus
|-damage|p2a: Landorus|0 fnt
|faint|p2a: Landorus
|
|-weather|RainDance|[upkeep]
|upkeep
|
|t:|1654575197
|switch|p2a: Cloyster|Cloyster, M, shiny|100/100
|turn|16
|
|t:|1654575204
|move|p1a: Barraskewda|Liquidation|p2a: Cloyster
|-resisted|p2a: Cloyster
|-damage|p2a: Cloyster|69/100
|move|p2a: Cloyster|Shell Smash|p2a: Cloyster
|-unboost|p2a: Cloyster|def|1
|-unboost|p2a: Cloyster|spd|1
|-boost|p2a: Cloyster|atk|2
|-boost|p2a: Cloyster|spa|2
|-boost|p2a: Cloyster|spe|2
|
|-weather|none
|upkeep
|turn|17
|
|t:|1654575211
|move|p2a: Cloyster|Shell Smash|p2a: Cloyster
|-unboost|p2a: Cloyster|def|1
|-unboost|p2a: Cloyster|spd|1
|-boost|p2a: Cloyster|atk|2
|-boost|p2a: Cloyster|spa|2
|-boost|p2a: Cloyster|spe|2
|move|p1a: Barraskewda|Liquidation|p2a: Cloyster
|-resisted|p2a: Cloyster
|-damage|p2a: Cloyster|31/100
|
|upkeep
|turn|18
|c| BabyPigsAreLaughin|Uh oh!
|c| BabyPigsAreLaughin|Is this about to be a comeback?!
|inactive|Snurke has 120 seconds left.
|inactive|HOF69 has 120 seconds left.
|
|t:|1654575252
|switch|p1a: Zeraora|Zeraora, shiny|46/100
|move|p2a: Cloyster|Icicle Spear|p1a: Zeraora
|-damage|p1a: Zeraora|3/100
|-damage|p1a: Zeraora|0 fnt
|faint|p1a: Zeraora
|-hitcount|p1: Zeraora|2
|
|upkeep
|
|t:|1654575256
|switch|p1a: Ferrothorn|Ferrothorn, M, shiny|96/100
|turn|19
|
|t:|1654575258
|move|p2a: Cloyster|Icicle Spear|p1a: Ferrothorn
|-damage|p1a: Ferrothorn|79/100
|-damage|p1a: Ferrothorn|59/100
|-damage|p1a: Ferrothorn|41/100
|-damage|p1a: Ferrothorn|22/100
|-damage|p1a: Ferrothorn|5/100
|-hitcount|p1a: Ferrothorn|5
|move|p1a: Ferrothorn|Body Press|p2a: Cloyster
|-supereffective|p2a: Cloyster
|-crit|p2a: Cloyster
|-damage|p2a: Cloyster|0 fnt
|faint|p2a: Cloyster
|
|-heal|p1a: Ferrothorn|11/100|[from] item: Leftovers
|upkeep
|
|t:|1654575271
|switch|p2a: Blacephalon|Blacephalon|100/100
|turn|20
|
|t:|1654575285
|move|p2a: Blacephalon|Shadow Ball|p1a: Ferrothorn
|-damage|p1a: Ferrothorn|0 fnt
|faint|p1a: Ferrothorn
|-ability|p2a: Blacephalon|Beast Boost|boost
|-boost|p2a: Blacephalon|spa|1
|
|upkeep
|
|t:|1654575287
|switch|p1a: Barraskewda|Barraskewda, F, shiny|100/100
|turn|21
|
|t:|1654575296
|switch|p2a: Kartana|Kartana|40/100
|move|p1a: Barraskewda|Aqua Jet|p2a: Kartana
|-resisted|p2a: Kartana
|-damage|p2a: Kartana|24/100
|
|upkeep
|turn|22
|
|t:|1654575304
|switch|p1a: Tornadus|Tornadus-Therian, M, shiny|45/100
|move|p2a: Kartana|Leaf Blade|p1a: Tornadus
|-resisted|p1a: Tornadus
|-damage|p1a: Tornadus|13/100
|
|upkeep
|turn|23
|
|t:|1654575319
|switch|p2a: Blacephalon|Blacephalon|100/100
|move|p1a: Tornadus|Hurricane|p2a: Blacephalon|[miss]
|-miss|p1a: Tornadus|p2a: Blacephalon
|
|upkeep
|turn|24
|
|t:|1654575324
|move|p2a: Blacephalon|Shadow Ball|p1a: Tornadus
|-damage|p1a: Tornadus|0 fnt
|faint|p1a: Tornadus
|-ability|p2a: Blacephalon|Beast Boost|boost
|-boost|p2a: Blacephalon|spa|1
|
|upkeep
|j| chandelore
|
|t:|1654575329
|switch|p1a: Barraskewda|Barraskewda, F, shiny|100/100
|turn|25
|
|t:|1654575345
|move|p1a: Barraskewda|Aqua Jet|p2a: Blacephalon
|-supereffective|p2a: Blacephalon
|-damage|p2a: Blacephalon|0 fnt
|faint|p2a: Blacephalon
|
|upkeep
|-message|HOF69 forfeited.
|
|win|Snurke
|raw|Snurke's rating: 1673 &rarr; <strong>1697</strong><br />(+24 for winning)
|raw|HOF69's rating: 1742 &rarr; <strong>1718</strong><br />(-24 for losing)
|l|☆HOF69
|l| yinniy
|l| chandelore
