|j|☆Daunzu
|j|☆kuza le vrai
|t:|1605983671
|player|p1|Daunzu|ingo|1607
|player|p2|kuza le vrai|ash-unova|1605
|teamsize|p1|6
|teamsize|p2|6
|gametype|singles
|gen|8
|tier|[Gen 8] OU
|rated|
|clearpoke
|poke|p1|Landorus-Therian, M|
|poke|p1|Swampert, F|
|poke|p1|Tapu Fini|
|poke|p1|Nidoking, M|
|poke|p1|Tapu Koko|
|poke|p1|Corviknight, F|
|poke|p2|Cinderace, M|
|poke|p2|Tornadus-Therian, M|
|poke|p2|Clefable, M|
|poke|p2|Celesteela|
|poke|p2|Diggersby, F|
|poke|p2|Melmetal|
|rule|Sleep Clause Mod: Limit one foe put to sleep
|rule|Species Clause: Limit one of each Pokémon
|rule|OHKO Clause: OHKO moves are banned
|rule|Evasion Moves Clause: Evasion moves are banned
|rule|Endless Battle Clause: Forcing endless battles is banned
|rule|HP Percentage Mod: HP is shown in percentages
|rule|Dynamax Clause: You cannot dynamax
|teampreview
|
|t:|1605983680
|start
|switch|p1a: Swampert|Swampert, F|100/100
|switch|p2a: Clefable|Clefable, M|100/100
|turn|1
|
|t:|1605983690
|move|p2a: Clefable|Knock Off|p1a: Swampert
|-damage|p1a: Swampert|88/100
|-enditem|p1a: Swampert|Leftovers|[from] move: Knock Off|[of] p2a: Clefable
|move|p1a: Swampert|Stealth Rock|p2a: Clefable
|-sidestart|p2: kuza le vrai|move: Stealth Rock
|
|upkeep
|turn|2
|
|t:|1605983694
|move|p2a: Clefable|Stealth Rock|p1a: Swampert
|-sidestart|p1: Daunzu|move: Stealth Rock
|move|p1a: Swampert|Flip Turn|p2a: Clefable
|-damage|p2a: Clefable|83/100
|
|t:|1605983699
|switch|p1a: Nidoking|Nidoking, M|100/100|[from]move: Flip Turn
|-damage|p1a: Nidoking|94/100|[from] Stealth Rock
|
|-heal|p2a: Clefable|90/100|[from] item: Leftovers
|upkeep
|turn|3
|
|t:|1605983707
|switch|p2a: Celesteela|Celesteela|100/100
|-damage|p2a: Celesteela|88/100|[from] Stealth Rock
|move|p1a: Nidoking|Sludge Wave|p2a: Celesteela
|-immune|p2a: Celesteela
|
|-heal|p2a: Celesteela|94/100|[from] item: Leftovers
|upkeep
|turn|4
|
|t:|1605983709
|move|p2a: Celesteela|Protect|p2a: Celesteela
|-singleturn|p2a: Celesteela|Protect
|move|p1a: Nidoking|Flamethrower|p2a: Celesteela
|-activate|p2a: Celesteela|move: Protect
|
|-heal|p2a: Celesteela|99/100|[from] item: Leftovers
|upkeep
|turn|5
|
|t:|1605983713
|move|p1a: Nidoking|Flamethrower|p2a: Celesteela
|-supereffective|p2a: Celesteela
|-damage|p2a: Celesteela|49/100
|move|p2a: Celesteela|Heavy Slam|p1a: Nidoking
|-damage|p1a: Nidoking|33/100
|
|-heal|p2a: Celesteela|55/100|[from] item: Leftovers
|upkeep
|turn|6
|
|t:|1605983720
|switch|p1a: Landorus|Landorus-Therian, M|100/100
|-damage|p1a: Landorus|88/100|[from] Stealth Rock
|-ability|p1a: Landorus|Intimidate|boost
|-unboost|p2a: Celesteela|atk|1
|move|p2a: Celesteela|Leech Seed|p1a: Landorus
|-start|p1a: Landorus|move: Leech Seed
|
|-heal|p1a: Landorus|94/100|[from] item: Leftovers
|-heal|p2a: Celesteela|61/100|[from] item: Leftovers
|-damage|p1a: Landorus|82/100|[from] Leech Seed|[of] p2a: Celesteela
|-heal|p2a: Celesteela|73/100|[silent]
|upkeep
|turn|7
|
|t:|1605983723
|move|p1a: Landorus|Knock Off|p2a: Celesteela
|-damage|p2a: Celesteela|48/100
|-enditem|p2a: Celesteela|Leftovers|[from] move: Knock Off|[of] p1a: Landorus
|move|p2a: Celesteela|Heavy Slam|p1a: Landorus
|-damage|p1a: Landorus|61/100
|
|-heal|p1a: Landorus|67/100|[from] item: Leftovers
|-damage|p1a: Landorus|55/100|[from] Leech Seed|[of] p2a: Celesteela
|-heal|p2a: Celesteela|60/100|[silent]
|upkeep
|turn|8
|
|t:|1605983726
|move|p1a: Landorus|U-turn|p2a: Celesteela
|-resisted|p2a: Celesteela
|-damage|p2a: Celesteela|55/100
|
|t:|1605983729
|switch|p1a: Swampert|Swampert, F|88/100|[from]move: U-turn
|-damage|p1a: Swampert|81/100|[from] Stealth Rock
|move|p2a: Celesteela|Heavy Slam|p1a: Swampert
|-resisted|p1a: Swampert
|-damage|p1a: Swampert|69/100
|
|upkeep
|turn|9
|
|t:|1605983731
|move|p2a: Celesteela|Leech Seed|p1a: Swampert
|-start|p1a: Swampert|move: Leech Seed
|move|p1a: Swampert|Flip Turn|p2a: Celesteela
|-damage|p2a: Celesteela|34/100
|
|t:|1605983737
|switch|p1a: Nidoking|Nidoking, M|33/100|[from]move: Flip Turn
|-damage|p1a: Nidoking|27/100|[from] Stealth Rock
|
|upkeep
|turn|10
|
|t:|1605983739
|move|p2a: Celesteela|Protect|p2a: Celesteela
|-singleturn|p2a: Celesteela|Protect
|move|p1a: Nidoking|Flamethrower|p2a: Celesteela
|-activate|p2a: Celesteela|move: Protect
|
|upkeep
|turn|11
|
|t:|1605983745
|switch|p2a: Cinderace|Cinderace, M|100/100
|-damage|p2a: Cinderace|76/100|[from] Stealth Rock
|move|p1a: Nidoking|Flamethrower|p2a: Cinderace
|-resisted|p2a: Cinderace
|-damage|p2a: Cinderace|44/100
|
|upkeep
|turn|12
|
|t:|1605983752
|switch|p1a: Landorus|Landorus-Therian, M|55/100
|-damage|p1a: Landorus|43/100|[from] Stealth Rock
|-ability|p1a: Landorus|Intimidate|boost
|-unboost|p2a: Cinderace|atk|1
|move|p2a: Cinderace|Pyro Ball|p1a: Landorus
|-damage|p1a: Landorus|17/100
|
|-heal|p1a: Landorus|23/100|[from] item: Leftovers
|upkeep
|turn|13
|
|t:|1605983757
|move|p2a: Cinderace|Pyro Ball|p1a: Landorus|[miss]
|-miss|p2a: Cinderace|p1a: Landorus
|move|p1a: Landorus|U-turn|p2a: Cinderace
|-resisted|p2a: Cinderace
|-damage|p2a: Cinderace|29/100
|j| vroomvroomboom
|
|t:|1605983762
|switch|p1a: Tapu Koko|Tapu Koko|100/100|[from]move: U-turn
|-fieldstart|move: Electric Terrain|[from] ability: Electric Surge|[of] p1a: Tapu Koko
|
|upkeep
|turn|14
|
|t:|1605983766
|move|p1a: Tapu Koko|Dazzling Gleam|p2a: Cinderace
|-resisted|p2a: Cinderace
|-damage|p2a: Cinderace|2/100
|move|p2a: Cinderace|Gunk Shot|p1a: Tapu Koko
|-start|p2a: Cinderace|typechange|Poison|[from] ability: Libero
|-supereffective|p1a: Tapu Koko
|-damage|p1a: Tapu Koko|0 fnt
|faint|p1a: Tapu Koko
|
|upkeep
|l| vroomvroomboom
|
|t:|1605983773
|switch|p1a: Swampert|Swampert, F|69/100
|-damage|p1a: Swampert|63/100|[from] Stealth Rock
|turn|15
|
|t:|1605983775
|move|p2a: Cinderace|Pyro Ball|p1a: Swampert
|-start|p2a: Cinderace|typechange|Fire|[from] ability: Libero
|-resisted|p1a: Swampert
|-damage|p1a: Swampert|47/100
|-status|p1a: Swampert|brn
|move|p1a: Swampert|Flip Turn|p2a: Cinderace
|-supereffective|p2a: Cinderace
|-damage|p2a: Cinderace|0 fnt
|faint|p2a: Cinderace
|
|t:|1605983780
|switch|p1a: Tapu Fini|Tapu Fini|100/100|[from]move: Flip Turn
|-damage|p1a: Tapu Fini|88/100|[from] Stealth Rock
|-fieldstart|move: Misty Terrain|[from] ability: Misty Surge|[of] p1a: Tapu Fini
|
|-heal|p1a: Tapu Fini|94/100|[from] item: Leftovers
|upkeep
|
|t:|1605983790
|switch|p2a: Melmetal|Melmetal|100/100
|-damage|p2a: Melmetal|94/100|[from] Stealth Rock
|turn|16
|
|t:|1605983795
|switch|p1a: Landorus|Landorus-Therian, M|23/100
|-damage|p1a: Landorus|11/100|[from] Stealth Rock
|-ability|p1a: Landorus|Intimidate|boost
|-unboost|p2a: Melmetal|atk|1
|move|p2a: Melmetal|Double Iron Bash|p1a: Landorus
|-damage|p1a: Landorus|0 fnt
|-hitcount|p1a: Landorus|1
|faint|p1a: Landorus
|
|upkeep
|
|t:|1605983798
|switch|p1a: Nidoking|Nidoking, M|27/100
|-damage|p1a: Nidoking|21/100|[from] Stealth Rock
|turn|17
|
|t:|1605983800
|move|p1a: Nidoking|Ice Beam|p2a: Melmetal
|-resisted|p2a: Melmetal
|-damage|p2a: Melmetal|83/100
|move|p2a: Melmetal|Ice Punch|p1a: Nidoking
|-supereffective|p1a: Nidoking
|-damage|p1a: Nidoking|0 fnt
|faint|p1a: Nidoking
|
|upkeep
|
|t:|1605983804
|switch|p1a: Corviknight|Corviknight, F|100/100
|-damage|p1a: Corviknight|88/100|[from] Stealth Rock
|turn|18
|
|t:|1605983807
|switch|p2a: Clefable|Clefable, M|90/100
|move|p1a: Corviknight|Body Press|p2a: Clefable
|-resisted|p2a: Clefable
|-damage|p2a: Clefable|80/100
|
|-heal|p1a: Corviknight|94/100|[from] item: Leftovers
|-heal|p2a: Clefable|86/100|[from] item: Leftovers
|upkeep
|turn|19
|
|t:|1605983809
|move|p1a: Corviknight|U-turn|p2a: Clefable
|-resisted|p2a: Clefable
|-damage|p2a: Clefable|81/100
|
|t:|1605983811
|switch|p1a: Swampert|Swampert, F|47/100 brn|[from]move: U-turn
|-damage|p1a: Swampert|40/100 brn|[from] Stealth Rock
|move|p2a: Clefable|Knock Off|p1a: Swampert
|-damage|p1a: Swampert|31/100 brn
|
|-heal|p2a: Clefable|87/100|[from] item: Leftovers
|-damage|p1a: Swampert|25/100 brn|[from] brn
|-fieldend|Misty Terrain
|upkeep
|turn|20
|
|t:|1605983814
|move|p2a: Clefable|Moonblast|p1a: Swampert
|-damage|p1a: Swampert|4/100 brn
|move|p1a: Swampert|Flip Turn|p2a: Clefable
|-damage|p2a: Clefable|79/100
|
|t:|1605983816
|switch|p1a: Tapu Fini|Tapu Fini|94/100|[from]move: Flip Turn
|-damage|p1a: Tapu Fini|82/100|[from] Stealth Rock
|-fieldstart|move: Misty Terrain|[from] ability: Misty Surge|[of] p1a: Tapu Fini
|
|-heal|p1a: Tapu Fini|88/100|[from] item: Leftovers
|-heal|p2a: Clefable|85/100|[from] item: Leftovers
|upkeep
|turn|21
|
|t:|1605983817
|move|p1a: Tapu Fini|Taunt|p2a: Clefable
|-start|p2a: Clefable|move: Taunt
|move|p2a: Clefable|Knock Off|p1a: Tapu Fini
|-resisted|p1a: Tapu Fini
|-damage|p1a: Tapu Fini|81/100
|-enditem|p1a: Tapu Fini|Leftovers|[from] move: Knock Off|[of] p2a: Clefable
|
|-heal|p2a: Clefable|91/100|[from] item: Leftovers
|upkeep
|turn|22
|
|t:|1605983819
|move|p1a: Tapu Fini|Moonblast|p2a: Clefable
|-damage|p2a: Clefable|60/100
|move|p2a: Clefable|Moonblast|p1a: Tapu Fini
|-damage|p1a: Tapu Fini|62/100
|
|-heal|p2a: Clefable|66/100|[from] item: Leftovers
|upkeep
|turn|23
|
|t:|1605983822
|move|p1a: Tapu Fini|Moonblast|p2a: Clefable
|-damage|p2a: Clefable|36/100
|move|p2a: Clefable|Moonblast|p1a: Tapu Fini
|-damage|p1a: Tapu Fini|45/100
|
|-heal|p2a: Clefable|42/100|[from] item: Leftovers
|-end|p2a: Clefable|move: Taunt
|upkeep
|turn|24
|
|t:|1605983824
|move|p1a: Tapu Fini|Moonblast|p2a: Clefable
|-damage|p2a: Clefable|12/100
|move|p2a: Clefable|Moonblast|p1a: Tapu Fini
|-damage|p1a: Tapu Fini|27/100
|
|-heal|p2a: Clefable|18/100|[from] item: Leftovers
|-fieldend|Misty Terrain
|upkeep
|turn|25
|
|t:|1605983830
|move|p1a: Tapu Fini|Surf|p2a: Clefable
|-damage|p2a: Clefable|0 fnt
|faint|p2a: Clefable
|
|upkeep
|
|t:|1605983844
|switch|p2a: Tornadus|Tornadus-Therian, M|100/100
|turn|26
|
|t:|1605983849
|move|p2a: Tornadus|Hurricane|p1a: Tapu Fini
|-damage|p1a: Tapu Fini|0 fnt
|faint|p1a: Tapu Fini
|
|upkeep
|-message|Daunzu forfeited.
|
|win|kuza le vrai
|l|☆Daunzu
||Ladder (probably) updated, but score could not be retrieved (Request timeout).
