|raw|<div class="broadcast-blue"><strong>This battle is required to be public due to a player having a name starting with 'lt91bb'.</div>
|j|☆OUT Kazt
|j|‽LT91BB asiancy
|t:|1659238421
|gametype|singles
|player|p1|OUT Kazt|acetrainersnowf|1646
|player|p2|LT91BB asiancy|101|1695
|teamsize|p1|6
|teamsize|p2|6
|gen|8
|tier|[Gen 8] OU
|rated|
|rule|Sleep Clause Mod: Limit one foe put to sleep
|rule|Species Clause: Limit one of each Pokémon
|rule|OHKO Clause: OHKO moves are banned
|rule|Evasion Moves Clause: Evasion moves are banned
|rule|Endless Battle Clause: Forcing endless battles is banned
|rule|HP Percentage Mod: HP is shown in percentages
|rule|Dynamax Clause: You cannot dynamax
|clearpoke
|poke|p1|Heatran, F|
|poke|p1|Heracross, M|
|poke|p1|Landorus-Therian, M|
|poke|p1|Slowbro, M|
|poke|p1|Mandibuzz, F|
|poke|p1|Gengar, M|
|poke|p2|Landorus-Therian, M|
|poke|p2|Heatran, F|
|poke|p2|Weavile, M|
|poke|p2|Tapu Koko|
|poke|p2|Dragapult, M|
|poke|p2|Ferrothorn, F|
|teampreview
|
|t:|1659238432
|start
|switch|p1a: Landorus|Landorus-Therian, M|100/100
|switch|p2a: Weavile|Weavile, M|100/100
|-ability|p1a: Landorus|Intimidate|boost
|-unboost|p2a: Weavile|atk|1
|-ability|p2a: Weavile|Pressure
|turn|1
|inactive|Battle timer is ON: inactive players will automatically lose when time's up. (requested by OUT Kazt)
|
|t:|1659238444
|move|p1a: Landorus|U-turn|p2a: Weavile
|-supereffective|p2a: Weavile
|-damage|p2a: Weavile|5/100
|
|t:|1659238445
|switch|p1a: Slowbro|Slowbro, M|100/100|[from]move: U-turn
|move|p2a: Weavile|Beat Up|p1a: Slowbro
|-supereffective|p1a: Slowbro
|-damage|p1a: Slowbro|90/100
|-supereffective|p1a: Slowbro
|-damage|p1a: Slowbro|81/100
|-supereffective|p1a: Slowbro
|-damage|p1a: Slowbro|69/100
|-supereffective|p1a: Slowbro
|-damage|p1a: Slowbro|57/100
|-supereffective|p1a: Slowbro
|-damage|p1a: Slowbro|45/100
|-supereffective|p1a: Slowbro
|-damage|p1a: Slowbro|35/100
|-hitcount|p1a: Slowbro|6
|
|upkeep
|turn|2
|
|t:|1659238462
|switch|p2a: Tapu Koko|Tapu Koko|100/100
|-fieldstart|move: Electric Terrain|[from] ability: Electric Surge|[of] p2a: Tapu Koko
|switch|p1a: Mandibuzz|Mandibuzz, F|100/100
|
|upkeep
|turn|3
|
|t:|1659238467
|switch|p1a: Landorus|Landorus-Therian, M|100/100
|-ability|p1a: Landorus|Intimidate|boost
|-unboost|p2a: Tapu Koko|atk|1
|move|p2a: Tapu Koko|Nature's Madness|p1a: Landorus
|-damage|p1a: Landorus|51/100
|
|upkeep
|turn|4
|
|t:|1659238472
|move|p1a: Landorus|Knock Off|p2a: Tapu Koko
|-resisted|p2a: Tapu Koko
|-damage|p2a: Tapu Koko|77/100
|-enditem|p2a: Tapu Koko|Heavy-Duty Boots|[from] move: Knock Off|[of] p1a: Landorus
|move|p2a: Tapu Koko|Dazzling Gleam|p1a: Landorus
|-damage|p1a: Landorus|6/100
|
|upkeep
|turn|5
|j| ch5
|
|t:|1659238476
|switch|p1a: Heatran|Heatran, F|100/100
|move|p2a: Tapu Koko|Volt Switch|p1a: Heatran
|-damage|p1a: Heatran|75/100
|
|t:|1659238483
|switch|p2a: Weavile|Weavile, M|5/100|[from]move: Volt Switch
|-ability|p2a: Weavile|Pressure
|
|-heal|p1a: Heatran|81/100|[from] item: Leftovers
|upkeep
|turn|6
|
|t:|1659238499
|move|p2a: Weavile|Knock Off|p1a: Heatran
|-damage|p1a: Heatran|15/100
|-enditem|p1a: Heatran|Leftovers|[from] move: Knock Off|[of] p2a: Weavile
|move|p1a: Heatran|Earth Power|p2a: Weavile
|-damage|p2a: Weavile|0 fnt
|faint|p2a: Weavile
|
|-fieldend|move: Electric Terrain
|upkeep
|
|t:|1659238503
|switch|p2a: Tapu Koko|Tapu Koko|77/100
|-fieldstart|move: Electric Terrain|[from] ability: Electric Surge|[of] p2a: Tapu Koko
|turn|7
|
|t:|1659238508
|switch|p1a: Landorus|Landorus-Therian, M|6/100
|-ability|p1a: Landorus|Intimidate|boost
|-unboost|p2a: Tapu Koko|atk|1
|move|p2a: Tapu Koko|Volt Switch|p1a: Landorus
|-immune|p1a: Landorus
|
|upkeep
|turn|8
|
|t:|1659238512
|switch|p1a: Heatran|Heatran, F|15/100
|switch|p2a: Ferrothorn|Ferrothorn, F, shiny|100/100
|
|upkeep
|turn|9
|
|t:|1659238517
|switch|p2a: Heatran|Heatran, F|100/100
|-item|p2a: Heatran|Air Balloon
|move|p1a: Heatran|Stealth Rock|p2a: Heatran
|-sidestart|p2: LT91BB asiancy|move: Stealth Rock
|
|upkeep
|turn|10
|
|t:|1659238521
|move|p2a: Heatran|Earth Power|p1a: Heatran
|-supereffective|p1a: Heatran
|-damage|p1a: Heatran|0 fnt
|faint|p1a: Heatran
|
|upkeep
|
|t:|1659238524
|switch|p1a: Heracross|Heracross, M|100/100
|turn|11
|
|t:|1659238526
|move|p2a: Heatran|Magma Storm|p1a: Heracross
|-supereffective|p1a: Heracross
|-damage|p1a: Heracross|0 fnt
|faint|p1a: Heracross
|
|-fieldend|move: Electric Terrain
|upkeep
|
|t:|1659238532
|switch|p1a: Slowbro|Slowbro, M|68/100
|turn|12
|
|t:|1659238535
|switch|p2a: Ferrothorn|Ferrothorn, F, shiny|100/100
|-damage|p2a: Ferrothorn|94/100|[from] Stealth Rock
|move|p1a: Slowbro|Scald|p2a: Ferrothorn
|-resisted|p2a: Ferrothorn
|-damage|p2a: Ferrothorn|82/100
|-status|p2a: Ferrothorn|brn
|
|-damage|p2a: Ferrothorn|76/100 brn|[from] brn
|upkeep
|turn|13
|
|t:|1659238541
|move|p1a: Slowbro|Future Sight|p2a: Ferrothorn
|-start|p1a: Slowbro|move: Future Sight
|move|p2a: Ferrothorn|Stealth Rock|p1a: Slowbro
|-sidestart|p1: OUT Kazt|move: Stealth Rock
|
|-damage|p2a: Ferrothorn|70/100 brn|[from] brn
|upkeep
|turn|14
|
|t:|1659238546
|switch|p2a: Tapu Koko|Tapu Koko|77/100
|-damage|p2a: Tapu Koko|64/100|[from] Stealth Rock
|-fieldstart|move: Electric Terrain|[from] ability: Electric Surge|[of] p2a: Tapu Koko
|move|p1a: Slowbro|Teleport|p1a: Slowbro
|
|t:|1659238550
|switch|p1a: Gengar|Gengar, M|100/100|[from]move: Teleport
|-damage|p1a: Gengar|88/100|[from] Stealth Rock
|
|upkeep
|turn|15
|
|t:|1659238553
|switch|p1a: Landorus|Landorus-Therian, M|6/100
|-damage|p1a: Landorus|0 fnt|[from] Stealth Rock
|faint|p1a: Landorus
|move|p2a: Tapu Koko|Volt Switch|p1: Landorus|[notarget]
|-fail|p2a: Tapu Koko
|
|-end|p2a: Tapu Koko|move: Future Sight
|-damage|p2a: Tapu Koko|5/100
|upkeep
|
|t:|1659238557
|switch|p1a: Gengar|Gengar, M|88/100
|-damage|p1a: Gengar|76/100|[from] Stealth Rock
|turn|16
|
|t:|1659238562
|move|p2a: Tapu Koko|Volt Switch|p1a: Gengar
|-damage|p1a: Gengar|14/100
|
|t:|1659238568
|switch|p2a: Ferrothorn|Ferrothorn, F, shiny|70/100 brn|[from]move: Volt Switch
|-damage|p2a: Ferrothorn|64/100 brn|[from] Stealth Rock
|move|p1a: Gengar|Shadow Ball|p2a: Ferrothorn
|-damage|p2a: Ferrothorn|7/100 brn
|
|-damage|p2a: Ferrothorn|1/100 brn|[from] brn
|upkeep
|turn|17
|
|t:|1659238570
|move|p1a: Gengar|Shadow Ball|p2a: Ferrothorn
|-damage|p2a: Ferrothorn|0 fnt
|faint|p2a: Ferrothorn
|
|upkeep
|
|t:|1659238574
|switch|p2a: Tapu Koko|Tapu Koko|5/100
|-damage|p2a: Tapu Koko|0 fnt|[from] Stealth Rock
|faint|p2a: Tapu Koko
|
|t:|1659238577
|switch|p2a: Dragapult|Dragapult, M|100/100
|-damage|p2a: Dragapult|88/100|[from] Stealth Rock
|turn|18
|
|t:|1659238580
|switch|p1a: Mandibuzz|Mandibuzz, F|100/100
|move|p2a: Dragapult|Shadow Ball|p1a: Mandibuzz
|-resisted|p1a: Mandibuzz
|-damage|p1a: Mandibuzz|79/100
|
|-fieldend|move: Electric Terrain
|upkeep
|turn|19
|
|t:|1659238584
|switch|p2a: Landorus|Landorus-Therian, M|100/100
|-damage|p2a: Landorus|88/100|[from] Stealth Rock
|-ability|p2a: Landorus|Intimidate|boost
|-unboost|p1a: Mandibuzz|atk|1
|move|p1a: Mandibuzz|U-turn|p2a: Landorus
|-resisted|p2a: Landorus
|-damage|p2a: Landorus|85/100
|
|t:|1659238587
|switch|p1a: Slowbro|Slowbro, M|100/100|[from]move: U-turn
|-damage|p1a: Slowbro|88/100|[from] Stealth Rock
|
|-heal|p2a: Landorus|91/100|[from] item: Leftovers
|upkeep
|turn|20
|
|t:|1659238594
|move|p2a: Landorus|Toxic|p1a: Slowbro
|-status|p1a: Slowbro|tox
|move|p1a: Slowbro|Future Sight|p2a: Landorus
|-start|p1a: Slowbro|move: Future Sight
|
|-heal|p2a: Landorus|97/100|[from] item: Leftovers
|-damage|p1a: Slowbro|82/100 tox|[from] psn
|upkeep
|turn|21
|
|t:|1659238597
|move|p2a: Landorus|Earthquake|p1a: Slowbro
|-damage|p1a: Slowbro|54/100 tox
|move|p1a: Slowbro|Scald|p2a: Landorus
|-supereffective|p2a: Landorus
|-damage|p2a: Landorus|54/100
|
|-heal|p2a: Landorus|60/100|[from] item: Leftovers
|-damage|p1a: Slowbro|41/100 tox|[from] psn
|upkeep
|turn|22
|
|t:|1659238605
|move|p2a: Landorus|U-turn|p1a: Slowbro
|-supereffective|p1a: Slowbro
|-damage|p1a: Slowbro|16/100 tox
|-damage|p2a: Landorus|43/100|[from] item: Rocky Helmet|[of] p1a: Slowbro
|
|t:|1659238607
|switch|p2a: Heatran|Heatran, F|100/100|[from]move: U-turn
|-damage|p2a: Heatran|88/100|[from] Stealth Rock
|-item|p2a: Heatran|Air Balloon
|move|p1a: Slowbro|Scald|p2a: Heatran
|-supereffective|p2a: Heatran
|-damage|p2a: Heatran|29/100
|-enditem|p2a: Heatran|Air Balloon
|
|-end|p2a: Heatran|move: Future Sight
|-resisted|p2a: Heatran
|-damage|p2a: Heatran|7/100
|-damage|p1a: Slowbro|0 fnt|[from] psn
|faint|p1a: Slowbro
|upkeep
|
|t:|1659238611
|switch|p1a: Gengar|Gengar, M|14/100
|-damage|p1a: Gengar|2/100|[from] Stealth Rock
|turn|23
|
|t:|1659238614
|move|p1a: Gengar|Shadow Ball|p2a: Heatran
|-damage|p2a: Heatran|0 fnt
|faint|p2a: Heatran
|
|upkeep
|
|t:|1659238616
|switch|p2a: Dragapult|Dragapult, M|88/100
|-damage|p2a: Dragapult|76/100|[from] Stealth Rock
|turn|24
|
|t:|1659238619
|move|p2a: Dragapult|U-turn|p1a: Gengar
|-resisted|p1a: Gengar
|-damage|p1a: Gengar|0 fnt
|-start|p2a: Dragapult|Disable|U-turn|[from] ability: Cursed Body|[of] p1a: Gengar
|faint|p1a: Gengar
|
|t:|1659238621
|switch|p2a: Landorus|Landorus-Therian, M|43/100|[from]move: U-turn
|-damage|p2a: Landorus|31/100|[from] Stealth Rock
|
|-heal|p2a: Landorus|37/100|[from] item: Leftovers
|upkeep
|
|t:|1659238623
|switch|p1a: Mandibuzz|Mandibuzz, F|79/100
|turn|25
|
|t:|1659238630
|move|p1a: Mandibuzz|Foul Play|p2a: Landorus
|-damage|p2a: Landorus|0 fnt
|faint|p2a: Landorus
|
|upkeep
|
|t:|1659238634
|switch|p2a: Dragapult|Dragapult, M|76/100
|-damage|p2a: Dragapult|64/100|[from] Stealth Rock
|turn|26
|
|t:|1659238636
|move|p2a: Dragapult|Draco Meteor|p1a: Mandibuzz
|-damage|p1a: Mandibuzz|7/100
|-unboost|p2a: Dragapult|spa|2
|move|p1a: Mandibuzz|Foul Play|p2a: Dragapult
|-supereffective|p2a: Dragapult
|-damage|p2a: Dragapult|0 fnt
|faint|p2a: Dragapult
|
|win|OUT Kazt
|raw|OUT Kazt's rating: 1646 &rarr; <strong>1670</strong><br />(+24 for winning)
|raw|LT91BB asiancy's rating: 1717 &rarr; <strong>1693</strong><br />(-24 for losing)
|c|☆OUT Kazt|gg
|l|‽LT91BB asiancy
