|raw|<div class="broadcast-blue"><strong>This battle is required to be public due to a player having a name prefixed by 'LT71LX'.</div>
|j|☆Lenape
|j|☆LT71LX life
|t:|1596729783
|player|p1|Lenape|169|1815
|player|p2|LT71LX life|ethan|1827
|teamsize|p1|6
|teamsize|p2|6
|gametype|singles
|gen|8
|tier|[Gen 8] OU
|rated|
|clearpoke
|poke|p1|Talonflame, F|
|poke|p1|Corviknight, M|
|poke|p1|Sylveon, F|
|poke|p1|Rhyperior, M|
|poke|p1|Toxapex, F|
|poke|p1|Umbreon, F|
|poke|p2|Gengar, F|
|poke|p2|Rillaboom, F|
|poke|p2|Zeraora|
|poke|p2|Rhyperior, M|
|poke|p2|Corviknight, M|
|poke|p2|Urshifu-*, F|
|rule|Sleep Clause Mod: Limit one foe put to sleep
|rule|Species Clause: Limit one of each Pokémon
|rule|OHKO Clause: OHKO moves are banned
|rule|Evasion Moves Clause: Evasion moves are banned
|rule|Endless Battle Clause: Forcing endless battles is banned
|rule|HP Percentage Mod: HP is shown in percentages
|rule|Dynamax Clause: You cannot dynamax
|teampreview
|inactive|Battle timer is ON: inactive players will automatically lose when time's up. (requested by LT71LX life)
|j| fluffy cows
|
|t:|1596729804
|start
|switch|p1a: Talonflame|Talonflame, F|100/100
|switch|p2a: Zeraora|Zeraora|100/100
|turn|1
|
|t:|1596729808
|switch|p1a: Rhyperior|Rhyperior, M|100/100
|move|p2a: Zeraora|Knock Off|p1a: Rhyperior
|-damage|p1a: Rhyperior|82/100
|-enditem|p1a: Rhyperior|Leftovers|[from] move: Knock Off|[of] p2a: Zeraora
|
|upkeep
|turn|2
|
|t:|1596729813
|move|p2a: Zeraora|Close Combat|p1a: Rhyperior
|-supereffective|p1a: Rhyperior
|-damage|p1a: Rhyperior|46/100
|-unboost|p2a: Zeraora|def|1
|-unboost|p2a: Zeraora|spd|1
|move|p1a: Rhyperior|Stealth Rock|p2a: Zeraora
|-sidestart|p2: LT71LX life|move: Stealth Rock
|
|upkeep
|turn|3
|
|t:|1596729818
|switch|p2a: Corviknight|Corviknight, M|100/100
|-damage|p2a: Corviknight|88/100|[from] Stealth Rock
|-ability|p2a: Corviknight|Pressure
|move|p1a: Rhyperior|Earthquake|p2a: Corviknight
|-immune|p2a: Corviknight
|
|-heal|p2a: Corviknight|94/100|[from] item: Leftovers
|upkeep
|turn|4
|
|t:|1596729823
|switch|p2a: Rillaboom|Rillaboom, F|100/100
|-damage|p2a: Rillaboom|88/100|[from] Stealth Rock
|-fieldstart|move: Grassy Terrain|[from] ability: Grassy Surge|[of] p2a: Rillaboom
|switch|p1a: Talonflame|Talonflame, F|100/100
|
|-heal|p2a: Rillaboom|94/100|[from] Grassy Terrain
|upkeep
|turn|5
|
|t:|1596729827
|switch|p2a: Rhyperior|Rhyperior, M|100/100
|-damage|p2a: Rhyperior|94/100|[from] Stealth Rock
|move|p1a: Talonflame|Flare Blitz|p2a: Rhyperior
|-resisted|p2a: Rhyperior
|-damage|p2a: Rhyperior|83/100
|-damage|p1a: Talonflame|96/100|[from] Recoil
|
|-heal|p2a: Rhyperior|89/100|[from] item: Leftovers
|-heal|p2a: Rhyperior|95/100|[from] Grassy Terrain
|upkeep
|turn|6
|j| abd1710
|
|t:|1596729832
|switch|p1a: Rhyperior|Rhyperior, M|46/100
|move|p2a: Rhyperior|Stealth Rock|p1a: Rhyperior
|-sidestart|p1: Lenape|move: Stealth Rock
|
|-heal|p1a: Rhyperior|53/100|[from] Grassy Terrain
|-heal|p2a: Rhyperior|100/100|[from] item: Leftovers
|upkeep
|turn|7
|
|t:|1596729835
|move|p2a: Rhyperior|High Horsepower|p1a: Rhyperior|[miss]
|-miss|p2a: Rhyperior|p1a: Rhyperior
|move|p1a: Rhyperior|Rock Blast|p2a: Rhyperior|[miss]
|-miss|p1a: Rhyperior|p2a: Rhyperior
|
|-heal|p1a: Rhyperior|59/100|[from] Grassy Terrain
|upkeep
|turn|8
|
|t:|1596729844
|switch|p1a: Corviknight|Corviknight, M|100/100
|-damage|p1a: Corviknight|88/100|[from] Stealth Rock
|-ability|p1a: Corviknight|Pressure
|move|p2a: Rhyperior|Swords Dance|p2a: Rhyperior
|-boost|p2a: Rhyperior|atk|2
|
|-heal|p1a: Corviknight|94/100|[from] item: Leftovers
|-fieldend|move: Grassy Terrain
|upkeep
|turn|9
|j| LT71LX Askov
|
|t:|1596729846
|move|p1a: Corviknight|Bulk Up|p1a: Corviknight
|-boost|p1a: Corviknight|atk|1
|-boost|p1a: Corviknight|def|1
|move|p2a: Rhyperior|Rock Blast|p1a: Corviknight
|-crit|p1a: Corviknight
|-damage|p1a: Corviknight|69/100
|-damage|p1a: Corviknight|59/100
|-damage|p1a: Corviknight|49/100
|-damage|p1a: Corviknight|38/100
|-hitcount|p1a: Corviknight|4
|
|-heal|p1a: Corviknight|44/100|[from] item: Leftovers
|upkeep
|turn|10
|
|t:|1596729851
|move|p1a: Corviknight|Roost|p1a: Corviknight
|-heal|p1a: Corviknight|94/100
|-singleturn|p1a: Corviknight|move: Roost
|move|p2a: Rhyperior|High Horsepower|p1a: Corviknight
|-supereffective|p1a: Corviknight
|-damage|p1a: Corviknight|22/100
|
|-heal|p1a: Corviknight|29/100|[from] item: Leftovers
|upkeep
|turn|11
|
|t:|1596729855
|move|p1a: Corviknight|Roost|p1a: Corviknight
|-heal|p1a: Corviknight|79/100
|-singleturn|p1a: Corviknight|move: Roost
|move|p2a: Rhyperior|High Horsepower|p1a: Corviknight
|-supereffective|p1a: Corviknight
|-damage|p1a: Corviknight|0 fnt
|faint|p1a: Corviknight
|
|upkeep
|j| someguyrqq
|j| smsng
|
|t:|1596729859
|switch|p1a: Toxapex|Toxapex, F|100/100
|-damage|p1a: Toxapex|88/100|[from] Stealth Rock
|turn|12
|
|t:|1596729861
|move|p2a: Rhyperior|High Horsepower|p1a: Toxapex
|-supereffective|p1a: Toxapex
|-damage|p1a: Toxapex|0 fnt
|faint|p1a: Toxapex
|
|upkeep
|j| tace
|
|t:|1596729863
|switch|p1a: Umbreon|Umbreon, F|100/100
|-damage|p1a: Umbreon|88/100|[from] Stealth Rock
|turn|13
|
|t:|1596729865
|move|p1a: Umbreon|Foul Play|p2a: Rhyperior
|-damage|p2a: Rhyperior|39/100
|move|p2a: Rhyperior|High Horsepower|p1a: Umbreon
|-damage|p1a: Umbreon|31/100
|
|-heal|p1a: Umbreon|37/100|[from] item: Leftovers
|-heal|p2a: Rhyperior|45/100|[from] item: Leftovers
|upkeep
|turn|14
|
|t:|1596729874
|move|p1a: Umbreon|Wish|p1a: Umbreon
|move|p2a: Rhyperior|High Horsepower|p1a: Umbreon
|-damage|p1a: Umbreon|0 fnt
|faint|p1a: Umbreon
|
|-heal|p2a: Rhyperior|51/100|[from] item: Leftovers
|upkeep
|-message|Lenape forfeited.
|
|win|LT71LX life
|l|☆Lenape
|l| smsng
|l| tace
||Ladder (probably) updated, but score could not be retrieved (Request timeout).
