|raw|<div class="broadcast-blue"><strong>This battle is required to be public due to a player having a name starting with 'lt92pf'.</div>
|j|☆LT92PF Dflo
|j|‽kinetic chain
|t:|1660172032
|gametype|singles
|player|p1|LT92PF Dflo|wally|1838
|player|p2|kinetic chain|giovanni-gen1|1873
|teamsize|p1|6
|teamsize|p2|6
|gen|8
|tier|[Gen 8] OU
|rated|
|rule|Sleep Clause Mod: Limit one foe put to sleep
|rule|Species Clause: Limit one of each Pokémon
|rule|OHKO Clause: OHKO moves are banned
|rule|Evasion Items Clause: Evasion items are banned
|rule|Evasion Moves Clause: Evasion moves are banned
|rule|Endless Battle Clause: Forcing endless battles is banned
|rule|HP Percentage Mod: HP is shown in percentages
|rule|Dynamax Clause: You cannot dynamax
|clearpoke
|poke|p1|Landorus-Therian, M|
|poke|p1|Weavile, M|
|poke|p1|Blacephalon|
|poke|p1|Kartana|
|poke|p1|Melmetal|
|poke|p1|Dragonite, M|
|poke|p2|Dragapult, F|
|poke|p2|Kartana|
|poke|p2|Heatran, F|
|poke|p2|Landorus-Therian, M|
|poke|p2|Zapdos|
|poke|p2|Ferrothorn, F|
|teampreview
|inactive|Battle timer is ON: inactive players will automatically lose when time's up. (requested by LT92PF Dflo)
|j| irgendwasmitmeeem
|j| HereForFrens
|
|t:|1660172061
|start
|switch|p1a: Landorus|Landorus-Therian, M|100/100
|switch|p2a: Landorus|Landorus-Therian, M|100/100
|-ability|p2a: Landorus|Intimidate|boost
|-unboost|p1a: Landorus|atk|1
|-ability|p1a: Landorus|Intimidate|boost
|-unboost|p2a: Landorus|atk|1
|turn|1
|j| LT92PF Sagordo
|j| Phxo'
|j| LegendaryC26
|
|t:|1660172070
|move|p2a: Landorus|Toxic|p1a: Landorus
|-status|p1a: Landorus|tox
|move|p1a: Landorus|Toxic|p2a: Landorus|[miss]
|-miss|p1a: Landorus|p2a: Landorus
|
|-damage|p1a: Landorus|94/100 tox|[from] psn
|upkeep
|turn|2
|j| LT92PF Sunny
|
|t:|1660172075
|move|p2a: Landorus|U-turn|p1a: Landorus
|-resisted|p1a: Landorus
|-damage|p1a: Landorus|87/100 tox
|l| LegendaryC26
|j| Izia Higelin
|
|t:|1660172079
|switch|p2a: Kartana|Kartana|100/100|[from]move: U-turn
|move|p1a: Landorus|Toxic|p2a: Kartana
|-immune|p2a: Kartana
|
|-heal|p1a: Landorus|93/100 tox|[from] item: Leftovers
|-damage|p1a: Landorus|81/100 tox|[from] psn
|upkeep
|turn|3
|j| JayHeaven
|j| zReptar
|j| Misterioussaint
|
|t:|1660172098
|switch|p1a: Melmetal|Melmetal|100/100
|move|p2a: Kartana|Knock Off|p1a: Melmetal
|-damage|p1a: Melmetal|61/100
|-enditem|p1a: Melmetal|Assault Vest|[from] move: Knock Off|[of] p2a: Kartana
|
|upkeep
|turn|4
|j| LT92PF pop smoke
|j| pal1122
|j| Pokemh
|j| lost in a trance
|l| lost in a trance
|inactive|kinetic chain has 120 seconds left.
|
|t:|1660172138
|switch|p2a: Zapdos|Zapdos|100/100
|move|p1a: Melmetal|Ice Punch|p2a: Zapdos
|-supereffective|p2a: Zapdos
|-crit|p2a: Zapdos
|-damage|p2a: Zapdos|0 fnt
|faint|p2a: Zapdos
|
|upkeep
|
|t:|1660172163
|switch|p2a: Heatran|Heatran, F|100/100
|turn|5
|
|t:|1660172176
|switch|p1a: Dragonite|Dragonite, M|100/100
|move|p2a: Heatran|Magma Storm|p1a: Dragonite
|-resisted|p1a: Dragonite
|-damage|p1a: Dragonite|90/100
|-activate|p1a: Dragonite|move: Magma Storm|[of] p2a: Heatran
|
|-damage|p1a: Dragonite|78/100|[from] move: Magma Storm|[partiallytrapped]
|upkeep
|turn|6
|
|t:|1660172186
|switch|p2a: Ferrothorn|Ferrothorn, F|100/100
|move|p1a: Dragonite|Earthquake|p2a: Ferrothorn
|-damage|p2a: Ferrothorn|81/100
|
|-heal|p2a: Ferrothorn|87/100|[from] item: Leftovers
|-end|p1a: Dragonite|Magma Storm|[partiallytrapped]|[silent]
|upkeep
|turn|7
|inactive|kinetic chain has 120 seconds left.
|
|t:|1660172195
|switch|p1a: Landorus|Landorus-Therian, M|81/100 tox
|-ability|p1a: Landorus|Intimidate|boost
|-unboost|p2a: Ferrothorn|atk|1
|move|p2a: Ferrothorn|Stealth Rock|p1a: Landorus
|-sidestart|p1: LT92PF Dflo|move: Stealth Rock
|
|-heal|p1a: Landorus|87/100 tox|[from] item: Leftovers
|-heal|p2a: Ferrothorn|93/100|[from] item: Leftovers
|-damage|p1a: Landorus|81/100 tox|[from] psn
|upkeep
|turn|8
|l| Phxo'
|
|t:|1660172205
|switch|p2a: Kartana|Kartana|100/100
|move|p1a: Landorus|Stealth Rock|p2a: Kartana
|-sidestart|p2: kinetic chain|move: Stealth Rock
|
|-heal|p1a: Landorus|87/100 tox|[from] item: Leftovers
|-damage|p1a: Landorus|75/100 tox|[from] psn
|upkeep
|turn|9
|
|t:|1660172214
|move|p2a: Kartana|Knock Off|p1a: Landorus
|-damage|p1a: Landorus|17/100 tox
|-enditem|p1a: Landorus|Leftovers|[from] move: Knock Off|[of] p2a: Kartana
|move|p1a: Landorus|U-turn|p2a: Kartana
|-damage|p2a: Kartana|78/100
|j| LT92PF EMPIR3
|inactive|LT92PF Dflo has 120 seconds left.
|
|t:|1660172245
|switch|p1a: Blacephalon|Blacephalon|100/100|[from]move: U-turn
|-damage|p1a: Blacephalon|76/100|[from] Stealth Rock
|
|upkeep
|turn|10
|l| JayHeaven
|
|t:|1660172263
|switch|p2a: Landorus|Landorus-Therian, M|100/100
|-damage|p2a: Landorus|88/100|[from] Stealth Rock
|-ability|p2a: Landorus|Intimidate|boost
|-unboost|p1a: Blacephalon|atk|1
|move|p1a: Blacephalon|Shadow Ball|p2a: Landorus
|-damage|p2a: Landorus|53/100
|-unboost|p2a: Landorus|spd|1
|
|-heal|p2a: Landorus|59/100|[from] item: Leftovers
|upkeep
|turn|11
|
|t:|1660172283
|switch|p1a: Landorus|Landorus-Therian, M|17/100 tox
|-damage|p1a: Landorus|5/100 tox|[from] Stealth Rock
|-ability|p1a: Landorus|Intimidate|boost
|-unboost|p2a: Landorus|atk|1
|move|p2a: Landorus|Earthquake|p1a: Landorus
|-immune|p1a: Landorus
|
|-heal|p2a: Landorus|65/100|[from] item: Leftovers
|-damage|p1a: Landorus|0 fnt|[from] psn
|faint|p1a: Landorus
|upkeep
|
|t:|1660172289
|switch|p1a: Weavile|Weavile, M|100/100
|-damage|p1a: Weavile|76/100|[from] Stealth Rock
|turn|12
|
|t:|1660172302
|switch|p2a: Ferrothorn|Ferrothorn, F|93/100
|-damage|p2a: Ferrothorn|87/100|[from] Stealth Rock
|move|p1a: Weavile|Knock Off|p2a: Ferrothorn
|-damage|p2a: Ferrothorn|44/100
|-damage|p1a: Weavile|63/100|[from] ability: Iron Barbs|[of] p2a: Ferrothorn
|-enditem|p2a: Ferrothorn|Leftovers|[from] move: Knock Off|[of] p1a: Weavile
|
|upkeep
|turn|13
|j| Tace
|
|t:|1660172312
|move|p1a: Weavile|Knock Off|p2a: Ferrothorn
|-damage|p2a: Ferrothorn|12/100
|-damage|p1a: Weavile|51/100|[from] ability: Iron Barbs|[of] p2a: Ferrothorn
|move|p2a: Ferrothorn|Body Press|p1a: Weavile
|-supereffective|p1a: Weavile
|-damage|p1a: Weavile|0 fnt
|faint|p1a: Weavile
|
|upkeep
|l| LT92PF EMPIR3
|inactive|LT92PF Dflo has 120 seconds left.
|
|t:|1660172330
|switch|p1a: Kartana|Kartana|100/100
|-damage|p1a: Kartana|94/100|[from] Stealth Rock
|turn|14
|inactive|LT92PF Dflo has 120 seconds left.
|
|t:|1660172359
|move|p1a: Kartana|Knock Off|p2a: Ferrothorn
|-damage|p2a: Ferrothorn|0 fnt
|-activate|p2a: Ferrothorn|ability: Iron Barbs
|-activate|p1a: Kartana|item: Protective Pads
|faint|p2a: Ferrothorn
|-ability|p1a: Kartana|Beast Boost|boost
|-boost|p1a: Kartana|atk|1
|
|upkeep
|
|t:|1660172368
|switch|p2a: Dragapult|Dragapult, F|100/100
|turn|15
|
|t:|1660172373
|switch|p1a: Melmetal|Melmetal|61/100
|-damage|p1a: Melmetal|55/100|[from] Stealth Rock
|move|p2a: Dragapult|Hex|p1a: Melmetal
|-damage|p1a: Melmetal|33/100
|
|upkeep
|turn|16
|inactive|LT92PF Dflo has 120 seconds left.
|inactive|kinetic chain has 120 seconds left.
|
|t:|1660172414
|move|p2a: Dragapult|Will-O-Wisp|p1a: Melmetal
|-status|p1a: Melmetal|brn
|move|p1a: Melmetal|Double Iron Bash|p2a: Dragapult
|-damage|p2a: Dragapult|74/100
|-damage|p2a: Dragapult|51/100
|-hitcount|p2a: Dragapult|2
|
|-damage|p1a: Melmetal|26/100 brn|[from] brn
|upkeep
|turn|17
|j| jeanmilapipe
|l| LT92PF Sunny
|inactive|LT92PF Dflo has 120 seconds left.
|
|t:|1660172425
|move|p2a: Dragapult|Hex|p1a: Melmetal
|-damage|p1a: Melmetal|0 fnt
|faint|p1a: Melmetal
|
|upkeep
|
|t:|1660172426
|switch|p1a: Blacephalon|Blacephalon|76/100
|-damage|p1a: Blacephalon|51/100|[from] Stealth Rock
|turn|18
|j| LT92PF Sunny
|
|t:|1660172432
|switch|p2a: Heatran|Heatran, F|100/100
|-damage|p2a: Heatran|88/100|[from] Stealth Rock
|move|p1a: Blacephalon|Shadow Ball|p2a: Heatran
|-damage|p2a: Heatran|58/100
|
|-heal|p2a: Heatran|64/100|[from] item: Leftovers
|upkeep
|turn|19
|j| pepsi
|inactive|kinetic chain has 120 seconds left.
|inactive|LT92PF Dflo has 120 seconds left.
|
|t:|1660172452
|switch|p1a: Kartana|Kartana|94/100
|-damage|p1a: Kartana|88/100|[from] Stealth Rock
|move|p2a: Heatran|Magma Storm|p1a: Kartana
|-supereffective|p1a: Kartana
|-damage|p1a: Kartana|0 fnt
|faint|p1a: Kartana
|
|-heal|p2a: Heatran|70/100|[from] item: Leftovers
|upkeep
|
|t:|1660172454
|switch|p1a: Dragonite|Dragonite, M|78/100
|turn|20
|inactive|kinetic chain has 120 seconds left.
|
|t:|1660172471
|switch|p2a: Landorus|Landorus-Therian, M|65/100
|-damage|p2a: Landorus|52/100|[from] Stealth Rock
|-ability|p2a: Landorus|Intimidate|boost
|-unboost|p1a: Dragonite|atk|1
|move|p1a: Dragonite|Dragon Dance|p1a: Dragonite
|-boost|p1a: Dragonite|atk|1
|-boost|p1a: Dragonite|spe|1
|
|-heal|p2a: Landorus|59/100|[from] item: Leftovers
|upkeep
|turn|21
|
|t:|1660172480
|move|p1a: Dragonite|Ice Punch|p2a: Landorus
|-supereffective|p2a: Landorus
|-damage|p2a: Landorus|0 fnt
|faint|p2a: Landorus
|
|upkeep
|
|t:|1660172485
|switch|p2a: Kartana|Kartana|78/100
|-damage|p2a: Kartana|72/100|[from] Stealth Rock
|turn|22
|
|t:|1660172491
|move|p1a: Dragonite|Roost|p1a: Dragonite
|-heal|p1a: Dragonite|100/100
|-singleturn|p1a: Dragonite|move: Roost
|move|p2a: Kartana|Smart Strike|p1a: Dragonite
|-damage|p1a: Dragonite|61/100
|
|upkeep
|turn|23
|
|t:|1660172500
|move|p1a: Dragonite|Roost|p1a: Dragonite
|-heal|p1a: Dragonite|100/100
|-singleturn|p1a: Dragonite|move: Roost
|move|p2a: Kartana|Smart Strike|p1a: Dragonite
|-damage|p1a: Dragonite|63/100
|
|upkeep
|turn|24
|
|t:|1660172507
|move|p1a: Dragonite|Roost|p1a: Dragonite
|-heal|p1a: Dragonite|100/100
|-singleturn|p1a: Dragonite|move: Roost
|move|p2a: Kartana|Smart Strike|p1a: Dragonite
|-damage|p1a: Dragonite|62/100
|
|upkeep
|turn|25
|
|t:|1660172511
|move|p1a: Dragonite|Roost|p1a: Dragonite
|-heal|p1a: Dragonite|100/100
|-singleturn|p1a: Dragonite|move: Roost
|move|p2a: Kartana|Smart Strike|p1a: Dragonite
|-damage|p1a: Dragonite|59/100
|
|upkeep
|turn|26
|
|t:|1660172517
|move|p1a: Dragonite|Roost|p1a: Dragonite
|-heal|p1a: Dragonite|100/100
|-singleturn|p1a: Dragonite|move: Roost
|move|p2a: Kartana|Smart Strike|p1a: Dragonite
|-damage|p1a: Dragonite|61/100
|
|upkeep
|turn|27
|
|t:|1660172520
|move|p1a: Dragonite|Roost|p1a: Dragonite
|-heal|p1a: Dragonite|100/100
|-singleturn|p1a: Dragonite|move: Roost
|move|p2a: Kartana|Smart Strike|p1a: Dragonite
|-damage|p1a: Dragonite|60/100
|
|upkeep
|turn|28
|
|t:|1660172523
|move|p1a: Dragonite|Roost|p1a: Dragonite
|-heal|p1a: Dragonite|100/100
|-singleturn|p1a: Dragonite|move: Roost
|move|p2a: Kartana|Smart Strike|p1a: Dragonite
|-damage|p1a: Dragonite|65/100
|
|upkeep
|turn|29
|
|t:|1660172525
|move|p1a: Dragonite|Roost|p1a: Dragonite
|-heal|p1a: Dragonite|100/100
|-singleturn|p1a: Dragonite|move: Roost
|move|p2a: Kartana|Smart Strike|p1a: Dragonite
|-damage|p1a: Dragonite|61/100
|
|upkeep
|turn|30
|
|t:|1660172527
|move|p1a: Dragonite|Roost|p1a: Dragonite
|-heal|p1a: Dragonite|100/100
|-singleturn|p1a: Dragonite|move: Roost
|move|p2a: Kartana|Smart Strike|p1a: Dragonite
|-damage|p1a: Dragonite|62/100
|
|upkeep
|turn|31
|
|t:|1660172529
|move|p1a: Dragonite|Roost|p1a: Dragonite
|-heal|p1a: Dragonite|100/100
|-singleturn|p1a: Dragonite|move: Roost
|move|p2a: Kartana|Smart Strike|p1a: Dragonite
|-damage|p1a: Dragonite|60/100
|
|upkeep
|turn|32
|
|t:|1660172532
|move|p1a: Dragonite|Roost|p1a: Dragonite
|-heal|p1a: Dragonite|100/100
|-singleturn|p1a: Dragonite|move: Roost
|move|p2a: Kartana|Smart Strike|p1a: Dragonite
|-damage|p1a: Dragonite|65/100
|
|upkeep
|turn|33
|
|t:|1660172537
|move|p1a: Dragonite|Roost|p1a: Dragonite
|-heal|p1a: Dragonite|100/100
|-singleturn|p1a: Dragonite|move: Roost
|move|p2a: Kartana|Smart Strike|p1a: Dragonite
|-damage|p1a: Dragonite|61/100
|
|upkeep
|turn|34
|
|t:|1660172543
|move|p1a: Dragonite|Roost|p1a: Dragonite
|-heal|p1a: Dragonite|100/100
|-singleturn|p1a: Dragonite|move: Roost
|move|p2a: Kartana|Smart Strike|p1a: Dragonite
|-crit|p1a: Dragonite
|-damage|p1a: Dragonite|38/100
|
|upkeep
|turn|35
|
|t:|1660172556
|move|p1a: Dragonite|Ice Punch|p2a: Kartana
|-damage|p2a: Kartana|44/100
|move|p2a: Kartana|Smart Strike|p1a: Dragonite
|-damage|p1a: Dragonite|0 fnt
|faint|p1a: Dragonite
|-ability|p2a: Kartana|Beast Boost|boost
|-boost|p2a: Kartana|atk|1
|
|upkeep
|
|t:|1660172559
|switch|p1a: Blacephalon|Blacephalon|51/100
|-damage|p1a: Blacephalon|26/100|[from] Stealth Rock
|turn|36
|
|t:|1660172568
|move|p1a: Blacephalon|Shadow Ball|p2a: Kartana
|-damage|p2a: Kartana|0 fnt
|faint|p2a: Kartana
|-ability|p1a: Blacephalon|Beast Boost|boost
|-boost|p1a: Blacephalon|spa|1
|
|upkeep
|
|t:|1660172569
|switch|p2a: Heatran|Heatran, F|70/100
|-damage|p2a: Heatran|58/100|[from] Stealth Rock
|turn|37
|j| amogusroxyrrrr
|j| simplegent
|
|t:|1660172583
|move|p1a: Blacephalon|Shadow Ball|p2a: Heatran
|-damage|p2a: Heatran|9/100
|move|p2a: Heatran|Earth Power|p1a: Blacephalon
|-supereffective|p1a: Blacephalon
|-damage|p1a: Blacephalon|0 fnt
|faint|p1a: Blacephalon
|
|win|kinetic chain
|raw|LT92PF Dflo's rating: 1838 &rarr; <strong>1820</strong><br />(-18 for losing)
|raw|kinetic chain's rating: 1873 &rarr; <strong>1891</strong><br />(+18 for winning)
|l| amogusroxyrrrr
|l|☆LT92PF Dflo
|l|‽kinetic chain
|l| HereForFrens
||Ladder isn't responding, score probably updated but might not have (Request timeout).
|l| Tace
