|j|☆Mami Diablo
|j|☆lizzyPark
|t:|1613914535
|player|p1|Mami Diablo|beauty-gen4dp|1423
|player|p2|lizzyPark|doctor|1367
|teamsize|p1|6
|teamsize|p2|6
|gametype|singles
|gen|8
|tier|[Gen 8] OU
|rated|
|clearpoke
|poke|p1|Dhelmise|
|poke|p1|Heatran, F|
|poke|p1|Golisopod, M|
|poke|p1|Mimikyu, M|
|poke|p1|Porygon2|
|poke|p1|Magearna-Original|
|poke|p2|Tapu Koko|
|poke|p2|Regieleki|
|poke|p2|Landorus-Therian, M|
|poke|p2|Hawlucha, M|
|poke|p2|Kyurem|
|poke|p2|Urshifu-*, F|
|rule|Sleep Clause Mod: Limit one foe put to sleep
|rule|Species Clause: Limit one of each Pokémon
|rule|OHKO Clause: OHKO moves are banned
|rule|Evasion Moves Clause: Evasion moves are banned
|rule|Endless Battle Clause: Forcing endless battles is banned
|rule|HP Percentage Mod: HP is shown in percentages
|rule|Dynamax Clause: You cannot dynamax
|teampreview
|
|t:|1613914557
|start
|switch|p1a: Porygon2|Porygon2, shiny|100/100
|switch|p2a: Tapu Koko|Tapu Koko|100/100
|-fieldstart|move: Electric Terrain|[from] ability: Electric Surge|[of] p2a: Tapu Koko
|-ability|p1a: Porygon2|Electric Surge|[from] ability: Trace|[of] p2a: Tapu Koko
|turn|1
|inactive|Battle timer is ON: inactive players will automatically lose when time's up. (requested by lizzyPark)
|
|t:|1613914569
|move|p2a: Tapu Koko|Taunt|p1a: Porygon2
|-start|p1a: Porygon2|move: Taunt
|cant|p1a: Porygon2|move: Taunt|Trick Room
|
|upkeep
|turn|2
|
|t:|1613914575
|switch|p1a: Dhelmise|Dhelmise, shiny|100/100
|move|p2a: Tapu Koko|Light Screen|p2a: Tapu Koko
|-sidestart|p2: lizzyPark|move: Light Screen
|
|upkeep
|turn|3
|
|t:|1613914582
|move|p2a: Tapu Koko|Reflect|p2a: Tapu Koko
|-sidestart|p2: lizzyPark|Reflect
|move|p1a: Dhelmise|Anchor Shot|p2a: Tapu Koko
|-damage|p2a: Tapu Koko|74/100
|-activate|p2a: Tapu Koko|trapped
|
|upkeep
|turn|4
|
|t:|1613914592
|move|p2a: Tapu Koko|U-turn|p1a: Dhelmise
|-damage|p1a: Dhelmise|83/100
|
|t:|1613914594
|switch|p2a: Kyurem|Kyurem|100/100|[from]move: U-turn
|-ability|p2a: Kyurem|Pressure
|move|p1a: Dhelmise|Poltergeist|p2a: Kyurem
|-activate|p2a: Kyurem|move: Poltergeist|Choice Specs
|-damage|p2a: Kyurem|72/100
|
|upkeep
|turn|5
|
|t:|1613914614
|switch|p1a: Porygon2|Porygon2, shiny|100/100
|-ability|p1a: Porygon2|Pressure|[from] ability: Trace|[of] p2a: Kyurem
|-ability|p1a: Porygon2|Pressure
|move|p2a: Kyurem|Earth Power|p1a: Porygon2
|-damage|p1a: Porygon2|77/100
|
|-fieldend|move: Electric Terrain
|upkeep
|turn|6
|
|t:|1613914629
|switch|p2a: Regieleki|Regieleki|100/100
|move|p1a: Porygon2|Trick Room|p1a: Porygon2
|-fieldstart|move: Trick Room|[of] p1a: Porygon2
|
|upkeep
|turn|7
|
|t:|1613914647
|move|p1a: Porygon2|Foul Play|p2a: Regieleki
|-damage|p2a: Regieleki|85/100
|move|p2a: Regieleki|Thunderbolt|p1a: Porygon2
|-damage|p1a: Porygon2|37/100
|
|upkeep
|turn|8
|
|t:|1613914654
|switch|p1a: Dhelmise|Dhelmise, shiny|83/100
|move|p2a: Regieleki|Thunderbolt|p1a: Dhelmise
|-resisted|p1a: Dhelmise
|-damage|p1a: Dhelmise|52/100
|
|upkeep
|turn|9
|
|t:|1613914663
|switch|p2a: Landorus|Landorus-Therian, M|100/100
|-ability|p2a: Landorus|Intimidate|boost
|-unboost|p1a: Dhelmise|atk|1
|move|p1a: Dhelmise|Poltergeist|p2a: Landorus
|-activate|p2a: Landorus|move: Poltergeist|Leftovers
|-damage|p2a: Landorus|79/100
|
|-heal|p2a: Landorus|85/100|[from] item: Leftovers
|-sideend|p2: lizzyPark|move: Light Screen
|upkeep
|turn|10
|
|t:|1613914679
|switch|p1a: Golisopod|Golisopod, M, shiny|100/100
|move|p2a: Landorus|Stealth Rock|p1a: Golisopod
|-sidestart|p1: Mami Diablo|move: Stealth Rock
|
|-heal|p2a: Landorus|91/100|[from] item: Leftovers
|-sideend|p2: lizzyPark|Reflect
|-fieldend|move: Trick Room
|upkeep
|turn|11
|
|t:|1613914699
|move|p2a: Landorus|Protect|p2a: Landorus
|-singleturn|p2a: Landorus|Protect
|move|p1a: Golisopod|Close Combat|p2a: Landorus
|-activate|p2a: Landorus|move: Protect
|
|-heal|p2a: Landorus|97/100|[from] item: Leftovers
|upkeep
|turn|12
|
|t:|1613914710
|move|p2a: Landorus|Knock Off|p1a: Golisopod
|-damage|p1a: Golisopod|80/100
|-enditem|p1a: Golisopod|Leftovers|[from] move: Knock Off|[of] p2a: Landorus
|move|p1a: Golisopod|Liquidation|p2a: Landorus
|-supereffective|p2a: Landorus
|-damage|p2a: Landorus|10/100
|
|-heal|p2a: Landorus|17/100|[from] item: Leftovers
|upkeep
|turn|13
|
|t:|1613914720
|move|p2a: Landorus|Protect|p2a: Landorus
|-singleturn|p2a: Landorus|Protect
|move|p1a: Golisopod|Sucker Punch||[still]
|-fail|p1a: Golisopod
|
|-heal|p2a: Landorus|23/100|[from] item: Leftovers
|upkeep
|turn|14
|
|t:|1613914734
|move|p2a: Landorus|Earthquake|p1a: Golisopod
|-resisted|p1a: Golisopod
|-damage|p1a: Golisopod|62/100
|move|p1a: Golisopod|Liquidation|p2a: Landorus
|-supereffective|p2a: Landorus
|-damage|p2a: Landorus|0 fnt
|faint|p2a: Landorus
|
|upkeep
|
|t:|1613914742
|switch|p2a: Regieleki|Regieleki|85/100
|turn|15
|
|t:|1613914757
|move|p1a: Golisopod|Sucker Punch||[still]
|-fail|p1a: Golisopod
|move|p2a: Regieleki|Electric Terrain|p2a: Regieleki
|-fieldstart|move: Electric Terrain
|
|upkeep
|turn|16
|
|t:|1613914763
|switch|p2a: Hawlucha|Hawlucha, M|100/100
|-enditem|p2a: Hawlucha|Electric Seed
|-boost|p2a: Hawlucha|def|1|[from] item: Electric Seed
|move|p1a: Golisopod|Sucker Punch||[still]
|-fail|p1a: Golisopod
|
|upkeep
|turn|17
|
|t:|1613914773
|move|p2a: Hawlucha|Swords Dance|p2a: Hawlucha
|-boost|p2a: Hawlucha|atk|2
|move|p1a: Golisopod|Liquidation|p2a: Hawlucha
|-damage|p2a: Hawlucha|55/100
|
|upkeep
|turn|18
|
|t:|1613914782
|move|p2a: Hawlucha|Acrobatics|p1a: Golisopod
|-supereffective|p1a: Golisopod
|-damage|p1a: Golisopod|0 fnt
|faint|p1a: Golisopod
|
|upkeep
|
|t:|1613914787
|switch|p1a: Mimikyu|Mimikyu, M, shiny|100/100
|-damage|p1a: Mimikyu|88/100|[from] Stealth Rock
|turn|19
|
|t:|1613914792
|move|p2a: Hawlucha|Acrobatics|p1a: Mimikyu
|-activate|p1a: Mimikyu|ability: Disguise
|-damage|p1a: Mimikyu|88/100
|detailschange|p1a: Mimikyu|Mimikyu-Busted, M, shiny
|-damage|p1a: Mimikyu|76/100|[from] pokemon: Mimikyu-Busted
|move|p1a: Mimikyu|Trick Room|p1a: Mimikyu
|-fieldstart|move: Trick Room|[of] p1a: Mimikyu
|
|-fieldend|move: Electric Terrain
|upkeep
|turn|20
|
|t:|1613914815
|move|p1a: Mimikyu|Play Rough|p2a: Hawlucha
|-supereffective|p2a: Hawlucha
|-damage|p2a: Hawlucha|0 fnt
|faint|p2a: Hawlucha
|
|upkeep
|
|t:|1613914818
|switch|p2a: Urshifu|Urshifu-Rapid-Strike, F|100/100
|turn|21
|
|t:|1613914823
|move|p1a: Mimikyu|Play Rough|p2a: Urshifu
|-supereffective|p2a: Urshifu
|-damage|p2a: Urshifu|25/100
|-unboost|p2a: Urshifu|atk|1
|move|p2a: Urshifu|Surging Strikes|p1a: Mimikyu
|-crit|p1a: Mimikyu
|-damage|p1a: Mimikyu|39/100
|-crit|p1a: Mimikyu
|-damage|p1a: Mimikyu|0 fnt
|-hitcount|p1a: Mimikyu|2
|faint|p1a: Mimikyu
|
|upkeep
|
|t:|1613914839
|switch|p1a: Heatran|Heatran, F|100/100
|-damage|p1a: Heatran|88/100|[from] Stealth Rock
|-item|p1a: Heatran|Air Balloon
|turn|22
|
|t:|1613914846
|switch|p2a: Tapu Koko|Tapu Koko|74/100
|-fieldstart|move: Electric Terrain|[from] ability: Electric Surge|[of] p2a: Tapu Koko
|move|p1a: Heatran|Eruption|p2a: Tapu Koko
|-damage|p2a: Tapu Koko|0 fnt
|faint|p2a: Tapu Koko
|
|upkeep
|
|t:|1613914869
|switch|p2a: Regieleki|Regieleki|85/100
|turn|23
|
|t:|1613914873
|move|p1a: Heatran|Eruption|p2a: Regieleki
|-damage|p2a: Regieleki|0 fnt
|faint|p2a: Regieleki
|
|-fieldend|move: Trick Room
|upkeep
|
|t:|1613914878
|switch|p2a: Urshifu|Urshifu-Rapid-Strike, F|25/100
|turn|24
|
|t:|1613914887
|switch|p1a: Dhelmise|Dhelmise, shiny|52/100
|-damage|p1a: Dhelmise|40/100|[from] Stealth Rock
|move|p2a: Urshifu|Surging Strikes|p1a: Dhelmise
|-resisted|p1a: Dhelmise
|-crit|p1a: Dhelmise
|-damage|p1a: Dhelmise|26/100
|-resisted|p1a: Dhelmise
|-crit|p1a: Dhelmise
|-damage|p1a: Dhelmise|11/100
|-resisted|p1a: Dhelmise
|-crit|p1a: Dhelmise
|-damage|p1a: Dhelmise|0 fnt
|-hitcount|p1a: Dhelmise|3
|faint|p1a: Dhelmise
|
|upkeep
|
|t:|1613914899
|switch|p1a: Magearna|Magearna-Original|100/100
|-damage|p1a: Magearna|94/100|[from] Stealth Rock
|turn|25
|
|t:|1613914903
|move|p2a: Urshifu|Surging Strikes|p1a: Magearna
|-crit|p1a: Magearna
|-damage|p1a: Magearna|70/100
|-crit|p1a: Magearna
|-damage|p1a: Magearna|44/100
|-crit|p1a: Magearna
|-damage|p1a: Magearna|21/100
|-hitcount|p1a: Magearna|3
|move|p1a: Magearna|Trick Room|p1a: Magearna
|-fieldstart|move: Trick Room|[of] p1a: Magearna
|
|upkeep
|turn|26
|
|t:|1613914913
|move|p1a: Magearna|Thunderbolt|p2a: Urshifu
|-supereffective|p2a: Urshifu
|-damage|p2a: Urshifu|0 fnt
|-damage|p1a: Magearna|11/100|[from] item: Life Orb
|faint|p2a: Urshifu
|-ability|p1a: Magearna|Soul-Heart|boost
|-boost|p1a: Magearna|spa|1
|
|-fieldend|move: Electric Terrain
|upkeep
|
|t:|1613914917
|switch|p2a: Kyurem|Kyurem|72/100
|-ability|p2a: Kyurem|Pressure
|turn|27
|
|t:|1613914925
|move|p1a: Magearna|Flash Cannon|p2a: Kyurem
|-supereffective|p2a: Kyurem
|-damage|p2a: Kyurem|0 fnt
|-damage|p1a: Magearna|1/100|[from] item: Life Orb
|faint|p2a: Kyurem
|
|win|Mami Diablo
|raw|Mami Diablo's rating: 1422 &rarr; <strong>1438</strong><br />(+16 for winning)
|raw|lizzyPark's rating: 1367 &rarr; <strong>1350</strong><br />(-17 for losing)
|l|☆lizzyPark
