|j|‽Valpute
|j|☆4funaccount
|player|p1|Valpute|boarder-gen2|1809
|player|p2|4funaccount|volkner|1778
|teamsize|p1|6
|teamsize|p2|6
|gametype|singles
|gen|8
|tier|[Gen 8] OU
|rated|
|clearpoke
|poke|p1|Rillaboom, M|
|poke|p1|Zeraora|
|poke|p1|Cinderace, F|
|poke|p1|Aegislash, M|
|poke|p1|Kommo-o, F|
|poke|p1|Hatterene, F|
|poke|p2|Hippowdon, F|
|poke|p2|Reuniclus, M|
|poke|p2|Eldegoss, F|
|poke|p2|Toxapex, M|
|poke|p2|Corviknight, F|
|poke|p2|Mew|
|rule|Sleep Clause Mod: Limit one foe put to sleep
|rule|Species Clause: Limit one of each Pokémon
|rule|OHKO Clause: OHKO moves are banned
|rule|Evasion Moves Clause: Evasion moves are banned
|rule|Endless Battle Clause: Forcing endless battles is banned
|rule|HP Percentage Mod: HP is shown in percentages
|rule|Dynamax Clause: You cannot dynamax
|teampreview
|inactive|Battle timer is ON: inactive players will automatically lose when time's up. (requested by Valpute)
|
|start
|switch|p1a: Rillaboom|Rillaboom, M|100/100
|switch|p2a: Mew|Mew|100/100
|-fieldstart|move: Grassy Terrain|[from] ability: Grassy Surge|[of] p1a: Rillaboom
|turn|1
|
|switch|p2a: Corviknight|Corviknight, F|100/100
|-ability|p2a: Corviknight|Pressure
|move|p1a: Rillaboom|U-turn|p2a: Corviknight
|-resisted|p2a: Corviknight
|-damage|p2a: Corviknight|95/100
|j| Warpstar
|j| ReplayLogBot
|
|switch|p1a: Cinderace|Cinderace, F|100/100|[from]move: U-turn
|
|-heal|p2a: Corviknight|100/100|[from] item: Leftovers
|upkeep
|turn|2
|
|switch|p2a: Toxapex|Toxapex, M|100/100
|move|p1a: Cinderace|U-turn|p2a: Toxapex
|-start|p1a: Cinderace|typechange|Bug|[from] ability: Libero
|-resisted|p2a: Toxapex
|-damage|p2a: Toxapex|90/100
|
|switch|p1a: Hatterene|Hatterene, F|100/100|[from]move: U-turn
|
|-heal|p2a: Toxapex|96/100|[from] item: Black Sludge
|-heal|p2a: Toxapex|100/100|[from] Grassy Terrain
|upkeep
|turn|3
|
|switch|p2a: Mew|Mew|100/100
|move|p1a: Hatterene|Calm Mind|p1a: Hatterene
|-boost|p1a: Hatterene|spa|1
|-boost|p1a: Hatterene|spd|1
|
|upkeep
|turn|4
|
|move|p2a: Mew|Trick|p1a: Hatterene
|-activate|p2a: Mew|move: Trick|[of] p1a: Hatterene
|-item|p1a: Hatterene|Choice Scarf|[from] move: Trick
|-item|p2a: Mew|Leftovers|[from] move: Trick
|move|p1a: Hatterene|Calm Mind|p1a: Hatterene
|-boost|p1a: Hatterene|spa|1
|-boost|p1a: Hatterene|spd|1
|
|upkeep
|turn|5
|n| ReplayLogBot|replaylogbot
|j| lsmn lsey
|
|switch|p1a: Rillaboom|Rillaboom, M|100/100
|move|p2a: Mew|Psychic|p1a: Rillaboom
|-damage|p1a: Rillaboom|51/100
|
|-heal|p1a: Rillaboom|57/100|[from] Grassy Terrain
|-fieldend|move: Grassy Terrain
|upkeep
|turn|6
|l| lsmn lsey
|
|switch|p2a: Corviknight|Corviknight, F|100/100
|-ability|p2a: Corviknight|Pressure
|move|p1a: Rillaboom|U-turn|p2a: Corviknight
|-resisted|p2a: Corviknight
|-damage|p2a: Corviknight|95/100
|
|switch|p1a: Cinderace|Cinderace, F|100/100|[from]move: U-turn
|
|-heal|p2a: Corviknight|100/100|[from] item: Leftovers
|upkeep
|turn|7
|
|switch|p2a: Toxapex|Toxapex, M|100/100
|move|p1a: Cinderace|U-turn|p2a: Toxapex
|-start|p1a: Cinderace|typechange|Bug|[from] ability: Libero
|-resisted|p2a: Toxapex
|-damage|p2a: Toxapex|90/100
|
|switch|p1a: Aegislash|Aegislash, M|100/100|[from]move: U-turn
|
|-heal|p2a: Toxapex|96/100|[from] item: Black Sludge
|upkeep
|turn|8
|
|-formechange|p1a: Aegislash|Aegislash-Blade||[from] ability: Stance Change
|move|p1a: Aegislash|Shadow Ball|p2a: Toxapex
|-damage|p2a: Toxapex|36/100
|move|p2a: Toxapex|Scald|p1a: Aegislash
|-damage|p1a: Aegislash|65/100
|
|-heal|p2a: Toxapex|42/100|[from] item: Black Sludge
|upkeep
|turn|9
|j| don2 test
|
|switch|p2a: Eldegoss|Eldegoss, F, shiny|100/100
|move|p1a: Aegislash|Shadow Ball|p2a: Eldegoss
|-damage|p2a: Eldegoss|49/100
|-unboost|p2a: Eldegoss|spd|1
|
|upkeep
|turn|10
|
|switch|p2a: Corviknight|Corviknight, F|100/100
|-ability|p2a: Corviknight|Pressure
|move|p1a: Aegislash|Shadow Ball|p2a: Corviknight
|-damage|p2a: Corviknight|29/100
|
|-heal|p2a: Corviknight|35/100|[from] item: Leftovers
|upkeep
|turn|11
|
|move|p1a: Aegislash|Shadow Ball|p2a: Corviknight
|-damage|p2a: Corviknight|0 fnt
|faint|p2a: Corviknight
|
|upkeep
|
|switch|p2a: Reuniclus|Reuniclus, M, shiny|100/100
|turn|12
|
|move|p1a: Aegislash|Shadow Ball|p2a: Reuniclus
|-supereffective|p2a: Reuniclus
|-damage|p2a: Reuniclus|34/100
|move|p2a: Reuniclus|Knock Off|p1a: Aegislash
|-supereffective|p1a: Aegislash
|-damage|p1a: Aegislash|2/100
|-enditem|p1a: Aegislash|Choice Specs|[from] move: Knock Off|[of] p2a: Reuniclus
|
|upkeep
|turn|13
|
|switch|p2a: Eldegoss|Eldegoss, F, shiny|82/100
|move|p1a: Aegislash|Shadow Ball|p2a: Eldegoss
|-damage|p2a: Eldegoss|50/100
|-unboost|p2a: Eldegoss|spd|1
|
|upkeep
|turn|14
|
|switch|p2a: Toxapex|Toxapex, M|75/100
|move|p1a: Aegislash|Toxic|p2a: Toxapex
|-immune|p2a: Toxapex
|
|-heal|p2a: Toxapex|82/100|[from] item: Black Sludge
|upkeep
|turn|15
|
|move|p1a: Aegislash|Shadow Ball|p2a: Toxapex
|-damage|p2a: Toxapex|38/100
|move|p2a: Toxapex|Recover|p2a: Toxapex
|-heal|p2a: Toxapex|88/100
|
|-heal|p2a: Toxapex|95/100|[from] item: Black Sludge
|upkeep
|turn|16
|j| afakedugong
|j| Chans3y
|
|move|p1a: Aegislash|Shadow Ball|p2a: Toxapex
|-damage|p2a: Toxapex|56/100
|move|p2a: Toxapex|Scald|p1a: Aegislash
|-damage|p1a: Aegislash|0 fnt
|faint|p1a: Aegislash
|
|-heal|p2a: Toxapex|62/100|[from] item: Black Sludge
|upkeep
|j| Yuwaisw
|
|switch|p1a: Zeraora|Zeraora|100/100
|turn|17
|
|switch|p2a: Eldegoss|Eldegoss, F, shiny|83/100
|move|p1a: Zeraora|Knock Off|p2a: Eldegoss
|-damage|p2a: Eldegoss|46/100
|-enditem|p2a: Eldegoss|Heavy-Duty Boots|[from] move: Knock Off|[of] p1a: Zeraora
|
|upkeep
|turn|18
|j| 865re6r89675r789u
|
|switch|p2a: Hippowdon|Hippowdon, F|100/100
|-weather|Sandstorm|[from] ability: Sand Stream|[of] p2a: Hippowdon
|move|p1a: Zeraora|Bulk Up|p1a: Zeraora
|-boost|p1a: Zeraora|atk|1
|-boost|p1a: Zeraora|def|1
|
|-weather|Sandstorm|[upkeep]
|-damage|p1a: Zeraora|95/100|[from] Sandstorm
|-heal|p1a: Zeraora|100/100|[from] item: Leftovers
|upkeep
|turn|19
|l| Yuwaisw
|j| centican
|
|switch|p1a: Rillaboom|Rillaboom, M|57/100
|-fieldstart|move: Grassy Terrain|[from] ability: Grassy Surge|[of] p1a: Rillaboom
|move|p2a: Hippowdon|Earthquake|p1a: Rillaboom
|-resisted|p1a: Rillaboom
|-damage|p1a: Rillaboom|47/100
|
|-weather|Sandstorm|[upkeep]
|-damage|p1a: Rillaboom|41/100|[from] Sandstorm
|-heal|p1a: Rillaboom|47/100|[from] Grassy Terrain
|upkeep
|turn|20
|c| 865re6r89675r789u|3 regenerators?
|
|switch|p2a: Toxapex|Toxapex, M|96/100
|move|p1a: Rillaboom|Wood Hammer|p2a: Toxapex
|-damage|p2a: Toxapex|26/100
|-damage|p1a: Rillaboom|27/100|[from] Recoil
|
|-weather|Sandstorm|[upkeep]
|-damage|p1a: Rillaboom|21/100|[from] Sandstorm
|-damage|p2a: Toxapex|20/100|[from] Sandstorm
|-heal|p1a: Rillaboom|27/100|[from] Grassy Terrain
|-heal|p2a: Toxapex|26/100|[from] item: Black Sludge
|-heal|p2a: Toxapex|33/100|[from] Grassy Terrain
|upkeep
|turn|21
|l| Chans3y
|l| ReplayLogBot
|
|switch|p2a: Mew|Mew|100/100
|move|p1a: Rillaboom|Wood Hammer|p2a: Mew
|-damage|p2a: Mew|0 fnt
|-damage|p1a: Rillaboom|0 fnt|[from] Recoil
|faint|p2a: Mew
|faint|p1a: Rillaboom
|
|-weather|Sandstorm|[upkeep]
|upkeep
|
|switch|p2a: Hippowdon|Hippowdon, F|100/100
|switch|p1a: Hatterene|Hatterene, F|100/100
|turn|22
|
|switch|p2a: Reuniclus|Reuniclus, M, shiny|67/100
|move|p1a: Hatterene|Draining Kiss|p2a: Reuniclus
|-damage|p2a: Reuniclus|58/100
|
|-weather|none
|-heal|p2a: Reuniclus|64/100|[from] Grassy Terrain
|upkeep
|turn|23
|
|switch|p1a: Cinderace|Cinderace, F|100/100
|move|p2a: Reuniclus|Future Sight|p1a: Cinderace
|-start|p2a: Reuniclus|move: Future Sight
|
|-heal|p2a: Reuniclus|70/100|[from] Grassy Terrain
|-fieldend|move: Grassy Terrain
|upkeep
|turn|24
|
|switch|p2a: Hippowdon|Hippowdon, F|100/100
|-weather|Sandstorm|[from] ability: Sand Stream|[of] p2a: Hippowdon
|move|p1a: Cinderace|Pyro Ball|p2a: Hippowdon
|-damage|p2a: Hippowdon|70/100
|
|-weather|Sandstorm|[upkeep]
|-damage|p1a: Cinderace|95/100|[from] Sandstorm
|-heal|p2a: Hippowdon|76/100|[from] item: Leftovers
|upkeep
|turn|25
|
|move|p1a: Cinderace|U-turn|p2a: Hippowdon
|-start|p1a: Cinderace|typechange|Bug|[from] ability: Libero
|-damage|p2a: Hippowdon|58/100
|
|switch|p1a: Hatterene|Hatterene, F|100/100|[from]move: U-turn
|move|p2a: Hippowdon|Earthquake|p1a: Hatterene
|-damage|p1a: Hatterene|72/100
|
|-weather|Sandstorm|[upkeep]
|-damage|p1a: Hatterene|66/100|[from] Sandstorm
|-end|p1a: Hatterene|move: Future Sight
|-resisted|p1a: Hatterene
|-damage|p1a: Hatterene|41/100
|-heal|p2a: Hippowdon|65/100|[from] item: Leftovers
|upkeep
|turn|26
|l| don2 test
|j| MatisXYZ
|
|switch|p1a: Zeraora|Zeraora|100/100
|move|p2a: Hippowdon|Slack Off|p2a: Hippowdon
|-heal|p2a: Hippowdon|100/100
|
|-weather|Sandstorm|[upkeep]
|-damage|p1a: Zeraora|95/100|[from] Sandstorm
|-heal|p1a: Zeraora|100/100|[from] item: Leftovers
|upkeep
|turn|27
|l| MatisXYZ
|
|switch|p1a: Kommo-o|Kommo-o, F|100/100
|move|p2a: Hippowdon|Earthquake|p1a: Kommo-o
|-damage|p1a: Kommo-o|76/100
|
|-weather|Sandstorm|[upkeep]
|-damage|p1a: Kommo-o|69/100|[from] Sandstorm
|-heal|p1a: Kommo-o|76/100|[from] item: Leftovers
|upkeep
|turn|28
|
|move|p1a: Kommo-o|Iron Defense|p1a: Kommo-o
|-boost|p1a: Kommo-o|def|2
|move|p2a: Hippowdon|Stealth Rock|p1a: Kommo-o
|-sidestart|p1: Valpute|move: Stealth Rock
|
|-weather|none
|-heal|p1a: Kommo-o|82/100|[from] item: Leftovers
|upkeep
|turn|29
|
|move|p1a: Kommo-o|Body Press|p2a: Hippowdon
|-damage|p2a: Hippowdon|56/100
|move|p2a: Hippowdon|Whirlwind|p1a: Kommo-o
|drag|p1a: Cinderace|Cinderace, F|95/100
|
|-heal|p2a: Hippowdon|62/100|[from] item: Leftovers
|upkeep
|turn|30
|
|move|p1a: Cinderace|Court Change|p1a: Cinderace
|-start|p1a: Cinderace|typechange|Normal|[from] ability: Libero
|-sideend|p1: Valpute|Stealth Rock|[silent]
|-sidestart|p2: 4funaccount|Stealth Rock|[silent]
|-activate|p1a: Cinderace|move: Court Change
|move|p2a: Hippowdon|Slack Off|p2a: Hippowdon
|-heal|p2a: Hippowdon|100/100
|
|upkeep
|turn|31
|
|move|p1a: Cinderace|Zen Headbutt|p2a: Hippowdon
|-start|p1a: Cinderace|typechange|Psychic|[from] ability: Libero
|-damage|p2a: Hippowdon|80/100
|move|p2a: Hippowdon|Earthquake|p1a: Cinderace
|-damage|p1a: Cinderace|37/100
|
|-heal|p2a: Hippowdon|86/100|[from] item: Leftovers
|upkeep
|turn|32
|-message|Valpute forfeited.
|
|win|4funaccount
|l|‽Valpute
|raw|Valpute's rating: 1810 &rarr; <strong>1789</strong><br />(-21 for losing)
|raw|4funaccount's rating: 1796 &rarr; <strong>1817</strong><br />(+21 for winning)
|l| 865re6r89675r789u
|l| afakedugong
