|j|‽Ange Ushiromiya
|j|☆testotesto321
|player|p1|Ange Ushiromiya|red-gen7|1712
|player|p2|testotesto321|bellelba|1669
|teamsize|p1|6
|teamsize|p2|6
|gametype|singles
|gen|8
|tier|[Gen 8] OU
|rated|
|clearpoke
|poke|p1|Zeraora|
|poke|p1|Ferrothorn, F|
|poke|p1|Rotom-Heat|
|poke|p1|Clefable, F|
|poke|p1|Dracovish|
|poke|p1|Corviknight, M|
|poke|p2|Gengar, F|
|poke|p2|Zeraora|
|poke|p2|Clefable, F|
|poke|p2|Hippowdon, F|
|poke|p2|Corviknight, F|
|poke|p2|Toxapex, F|
|rule|Sleep Clause Mod: Limit one foe put to sleep
|rule|Species Clause: Limit one of each Pokémon
|rule|OHKO Clause: OHKO moves are banned
|rule|Evasion Moves Clause: Evasion moves are banned
|rule|Endless Battle Clause: Forcing endless battles is banned
|rule|HP Percentage Mod: HP is shown in percentages
|rule|Dynamax Clause: You cannot dynamax
|teampreview
|
|start
|switch|p1a: Dracovish|Dracovish|100/100
|switch|p2a: Clefable|Clefable, F, shiny|100/100
|turn|1
|
|switch|p2a: Toxapex|Toxapex, F, shiny|100/100
|move|p1a: Dracovish|Fishious Rend|p2a: Toxapex
|-resisted|p2a: Toxapex
|-damage|p2a: Toxapex|51/100
|
|-heal|p2a: Toxapex|57/100|[from] item: Black Sludge
|upkeep
|turn|2
|
|switch|p1a: Ferrothorn|Ferrothorn, F|100/100
|move|p2a: Toxapex|Recover|p2a: Toxapex
|-heal|p2a: Toxapex|100/100
|
|upkeep
|turn|3
|
|switch|p2a: Corviknight|Corviknight, F, shiny|100/100
|-ability|p2a: Corviknight|Pressure
|move|p1a: Ferrothorn|Knock Off|p2a: Corviknight
|-damage|p2a: Corviknight|83/100
|-enditem|p2a: Corviknight|Leftovers|[from] move: Knock Off|[of] p1a: Ferrothorn
|
|upkeep
|turn|4
|
|move|p2a: Corviknight|Roost|p2a: Corviknight
|-heal|p2a: Corviknight|100/100
|-singleturn|p2a: Corviknight|move: Roost
|move|p1a: Ferrothorn|Leech Seed|p2a: Corviknight
|-start|p2a: Corviknight|move: Leech Seed
|
|-damage|p2a: Corviknight|88/100|[from] Leech Seed|[of] p1a: Ferrothorn
|upkeep
|turn|5
|
|switch|p2a: Clefable|Clefable, F, shiny|100/100
|move|p1a: Ferrothorn|Stealth Rock|p2a: Clefable
|-sidestart|p2: testotesto321|move: Stealth Rock
|
|upkeep
|turn|6
|
|move|p2a: Clefable|Flamethrower|p1a: Ferrothorn
|-supereffective|p1a: Ferrothorn
|-damage|p1a: Ferrothorn|0 fnt
|faint|p1a: Ferrothorn
|
|upkeep
|
|switch|p1a: Dracovish|Dracovish|100/100
|turn|7
|
|switch|p2a: Toxapex|Toxapex, F, shiny|100/100
|-damage|p2a: Toxapex|88/100|[from] Stealth Rock
|move|p1a: Dracovish|Fishious Rend|p2a: Toxapex
|-resisted|p2a: Toxapex
|-damage|p2a: Toxapex|38/100
|
|-heal|p2a: Toxapex|45/100|[from] item: Black Sludge
|upkeep
|turn|8
|
|switch|p2a: Corviknight|Corviknight, F, shiny|88/100
|-damage|p2a: Corviknight|75/100|[from] Stealth Rock
|-ability|p2a: Corviknight|Pressure
|move|p1a: Dracovish|Fishious Rend|p2a: Corviknight
|-damage|p2a: Corviknight|0 fnt
|faint|p2a: Corviknight
|
|upkeep
|
|switch|p2a: Toxapex|Toxapex, F, shiny|78/100
|-damage|p2a: Toxapex|65/100|[from] Stealth Rock
|turn|9
|
|move|p1a: Dracovish|Fishious Rend|p2a: Toxapex
|-resisted|p2a: Toxapex
|-damage|p2a: Toxapex|13/100
|move|p2a: Toxapex|Recover|p2a: Toxapex
|-heal|p2a: Toxapex|63/100
|
|-heal|p2a: Toxapex|69/100|[from] item: Black Sludge
|upkeep
|turn|10
|
|switch|p1a: Rotom|Rotom-Heat|100/100
|move|p2a: Toxapex|Recover|p2a: Toxapex
|-heal|p2a: Toxapex|100/100
|
|upkeep
|turn|11
|
|move|p1a: Rotom|Nasty Plot|p1a: Rotom
|-boost|p1a: Rotom|spa|2
|move|p2a: Toxapex|Toxic|p1a: Rotom
|-status|p1a: Rotom|tox
|
|-damage|p1a: Rotom|95/100 tox|[from] psn
|upkeep
|turn|12
|
|switch|p2a: Hippowdon|Hippowdon, F|100/100
|-damage|p2a: Hippowdon|94/100|[from] Stealth Rock
|-weather|Sandstorm|[from] ability: Sand Stream|[of] p2a: Hippowdon
|move|p1a: Rotom|Overheat|p2a: Hippowdon
|-damage|p2a: Hippowdon|0 fnt
|-unboost|p1a: Rotom|spa|2
|faint|p2a: Hippowdon
|
|-weather|Sandstorm|[upkeep]
|-damage|p1a: Rotom|89/100 tox|[from] Sandstorm
|-damage|p1a: Rotom|77/100 tox|[from] psn
|upkeep
|
|switch|p2a: Gengar|Gengar, F|100/100
|-damage|p2a: Gengar|88/100|[from] Stealth Rock
|turn|13
|
|move|p2a: Gengar|Hex|p1a: Rotom
|-damage|p1a: Rotom|0 fnt
|faint|p1a: Rotom
|
|-weather|Sandstorm|[upkeep]
|-damage|p2a: Gengar|82/100|[from] Sandstorm
|upkeep
|
|switch|p1a: Dracovish|Dracovish|100/100
|turn|14
|
|switch|p2a: Toxapex|Toxapex, F, shiny|100/100
|-damage|p2a: Toxapex|88/100|[from] Stealth Rock
|move|p1a: Dracovish|Fishious Rend|p2a: Toxapex
|-resisted|p2a: Toxapex
|-damage|p2a: Toxapex|35/100
|
|-weather|Sandstorm|[upkeep]
|-damage|p1a: Dracovish|94/100|[from] Sandstorm
|-damage|p2a: Toxapex|29/100|[from] Sandstorm
|-heal|p2a: Toxapex|35/100|[from] item: Black Sludge
|upkeep
|turn|15
|
|switch|p2a: Gengar|Gengar, F|82/100
|-damage|p2a: Gengar|70/100|[from] Stealth Rock
|move|p1a: Dracovish|Fishious Rend|p2a: Gengar
|-damage|p2a: Gengar|0 fnt
|faint|p2a: Gengar
|
|-weather|Sandstorm|[upkeep]
|-damage|p1a: Dracovish|88/100|[from] Sandstorm
|upkeep
|
|switch|p2a: Toxapex|Toxapex, F, shiny|69/100
|-damage|p2a: Toxapex|56/100|[from] Stealth Rock
|turn|16
|
|move|p1a: Dracovish|Fishious Rend|p2a: Toxapex
|-resisted|p2a: Toxapex
|-damage|p2a: Toxapex|10/100
|move|p2a: Toxapex|Recover|p2a: Toxapex
|-heal|p2a: Toxapex|60/100
|
|-weather|none
|-heal|p2a: Toxapex|66/100|[from] item: Black Sludge
|upkeep
|turn|17
|
|switch|p1a: Zeraora|Zeraora|100/100
|move|p2a: Toxapex|Recover|p2a: Toxapex
|-heal|p2a: Toxapex|100/100
|
|upkeep
|turn|18
|
|move|p1a: Zeraora|Plasma Fists|p2a: Toxapex
|-supereffective|p2a: Toxapex
|-damage|p2a: Toxapex|31/100
|-fieldactivate|move: Ion Deluge
|-damage|p1a: Zeraora|91/100|[from] item: Life Orb
|move|p2a: Toxapex|Scald|p1a: Zeraora
|-damage|p1a: Zeraora|70/100
|
|-heal|p2a: Toxapex|37/100|[from] item: Black Sludge
|upkeep
|turn|19
|
|switch|p2a: Zeraora|Zeraora|100/100
|-damage|p2a: Zeraora|88/100|[from] Stealth Rock
|move|p1a: Zeraora|Close Combat|p2a: Zeraora
|-damage|p2a: Zeraora|14/100
|-unboost|p1a: Zeraora|def|1
|-unboost|p1a: Zeraora|spd|1
|-damage|p1a: Zeraora|60/100|[from] item: Life Orb
|
|upkeep
|turn|20
|
|switch|p1a: Corviknight|Corviknight, M|100/100
|-ability|p1a: Corviknight|Pressure
|move|p2a: Zeraora|Close Combat|p1a: Corviknight
|-damage|p1a: Corviknight|72/100
|-unboost|p2a: Zeraora|def|1
|-unboost|p2a: Zeraora|spd|1
|
|-heal|p1a: Corviknight|78/100|[from] item: Leftovers
|upkeep
|turn|21
|
|move|p2a: Zeraora|Close Combat|p1a: Corviknight
|-damage|p1a: Corviknight|49/100
|-unboost|p2a: Zeraora|def|1
|-unboost|p2a: Zeraora|spd|1
|move|p1a: Corviknight|U-turn|p2a: Zeraora
|-damage|p2a: Zeraora|0 fnt
|faint|p2a: Zeraora
|
|switch|p1a: Zeraora|Zeraora|60/100|[from]move: U-turn
|
|upkeep
|
|switch|p2a: Clefable|Clefable, F, shiny|100/100
|turn|22
|
|move|p1a: Zeraora|Plasma Fists|p2a: Clefable
|-damage|p2a: Clefable|19/100
|-fieldactivate|move: Ion Deluge
|-damage|p1a: Zeraora|50/100|[from] item: Life Orb
|move|p2a: Clefable|Moonblast|p1a: Zeraora
|-damage|p1a: Zeraora|0 fnt
|faint|p1a: Zeraora
|
|upkeep
|
|switch|p1a: Dracovish|Dracovish|88/100
|turn|23
|-message|testotesto321 forfeited.
|
|win|Ange Ushiromiya
|l|☆testotesto321
|raw|Ange Ushiromiya's rating: 1712 &rarr; <strong>1729</strong><br />(+17 for winning)
|raw|testotesto321's rating: 1648 &rarr; <strong>1632</strong><br />(-16 for losing)
