|raw|<div class="broadcast-blue"><strong>This battle is required to be public due to a player having a name starting with 'lt91bb'.</div>
|j|☆lt91bb fakee
|j|☆OUT Kazt
|t:|1659149149
|gametype|singles
|player|p1|lt91bb fakee|misty-masters|1688
|player|p2|OUT Kazt|acetrainersnowf|1683
|teamsize|p1|6
|teamsize|p2|6
|gen|8
|tier|[Gen 8] OU
|rated|
|rule|Sleep Clause Mod: Limit one foe put to sleep
|rule|Species Clause: Limit one of each Pokémon
|rule|OHKO Clause: OHKO moves are banned
|rule|Evasion Moves Clause: Evasion moves are banned
|rule|Endless Battle Clause: Forcing endless battles is banned
|rule|HP Percentage Mod: HP is shown in percentages
|rule|Dynamax Clause: You cannot dynamax
|clearpoke
|poke|p1|Dragapult, M|
|poke|p1|Bisharp, M|
|poke|p1|Aegislash, M|
|poke|p1|Rillaboom, M|
|poke|p1|Blaziken, M|
|poke|p1|Kartana|
|poke|p2|Heatran, M|
|poke|p2|Heracross, M|
|poke|p2|Landorus-Therian, M|
|poke|p2|Slowbro, F|
|poke|p2|Mandibuzz, F|
|poke|p2|Gengar, M|
|teampreview
|
|t:|1659149159
|start
|switch|p1a: Bisharp|Bisharp, M, shiny|100/100
|switch|p2a: Heracross|Heracross, M|100/100
|turn|1
|inactive|Battle timer is ON: inactive players will automatically lose when time's up. (requested by OUT Kazt)
|
|t:|1659149172
|move|p2a: Heracross|Earthquake|p1a: Bisharp
|-supereffective|p1a: Bisharp
|-enditem|p1a: Bisharp|Focus Sash
|-damage|p1a: Bisharp|1/100
|move|p1a: Bisharp|Stealth Rock|p2a: Heracross
|-sidestart|p2: OUT Kazt|move: Stealth Rock
|
|-status|p2a: Heracross|brn|[from] item: Flame Orb
|upkeep
|turn|2
|
|t:|1659149177
|move|p1a: Bisharp|Sucker Punch|p2a: Heracross
|-resisted|p2a: Heracross
|-damage|p2a: Heracross|75/100 brn
|move|p2a: Heracross|Facade|p1a: Bisharp
|-resisted|p1a: Bisharp
|-damage|p1a: Bisharp|0 fnt
|faint|p1a: Bisharp
|
|-damage|p2a: Heracross|69/100 brn|[from] brn
|upkeep
|
|t:|1659149195
|switch|p1a: Dragapult|Dragapult, M, shiny|100/100
|turn|3
|
|t:|1659149209
|switch|p2a: Mandibuzz|Mandibuzz, F|100/100
|move|p1a: Dragapult|Dragon Darts|p2a: Mandibuzz
|-damage|p2a: Mandibuzz|79/100
|-anim|p1a: Dragapult|Dragon Darts|p2a: Mandibuzz
|-damage|p2a: Mandibuzz|60/100
|-damage|p1a: Dragapult|91/100|[from] item: Life Orb
|
|upkeep
|turn|4
|
|t:|1659149217
|switch|p1a: Blaziken|Blaziken, M, shiny|100/100
|move|p2a: Mandibuzz|Roost|p2a: Mandibuzz
|-heal|p2a: Mandibuzz|100/100
|-singleturn|p2a: Mandibuzz|move: Roost
|
|upkeep
|turn|5
|
|t:|1659149219
|switch|p2a: Slowbro|Slowbro, F|100/100
|-damage|p2a: Slowbro|88/100|[from] Stealth Rock
|move|p1a: Blaziken|Swords Dance|p1a: Blaziken
|-boost|p1a: Blaziken|atk|2
|
|-ability|p1a: Blaziken|Speed Boost|boost
|-boost|p1a: Blaziken|spe|1
|upkeep
|turn|6
|
|t:|1659149227
|switch|p1a: Dragapult|Dragapult, M, shiny|91/100
|move|p2a: Slowbro|Scald|p1a: Dragapult
|-resisted|p1a: Dragapult
|-crit|p1a: Dragapult
|-damage|p1a: Dragapult|64/100
|
|upkeep
|turn|7
|
|t:|1659149229
|switch|p2a: Mandibuzz|Mandibuzz, F|100/100
|move|p1a: Dragapult|Dragon Dance|p1a: Dragapult
|-boost|p1a: Dragapult|atk|1
|-boost|p1a: Dragapult|spe|1
|
|upkeep
|turn|8
|
|t:|1659149232
|move|p1a: Dragapult|Dragon Darts|p2a: Mandibuzz
|-damage|p2a: Mandibuzz|71/100
|-anim|p1a: Dragapult|Dragon Darts|p2a: Mandibuzz
|-damage|p2a: Mandibuzz|40/100
|-damage|p1a: Dragapult|54/100|[from] item: Life Orb
|move|p2a: Mandibuzz|Foul Play|p1a: Dragapult
|-supereffective|p1a: Dragapult
|-damage|p1a: Dragapult|0 fnt
|faint|p1a: Dragapult
|
|upkeep
|
|t:|1659149235
|switch|p1a: Blaziken|Blaziken, M, shiny|100/100
|turn|9
|
|t:|1659149237
|switch|p2a: Slowbro|Slowbro, F|100/100
|-damage|p2a: Slowbro|88/100|[from] Stealth Rock
|move|p1a: Blaziken|Swords Dance|p1a: Blaziken
|-boost|p1a: Blaziken|atk|2
|
|-ability|p1a: Blaziken|Speed Boost|boost
|-boost|p1a: Blaziken|spe|1
|upkeep
|turn|10
|
|t:|1659149245
|switch|p1a: Rillaboom|Rillaboom, M, shiny|100/100
|-fieldstart|move: Grassy Terrain|[from] ability: Grassy Surge|[of] p1a: Rillaboom
|move|p2a: Slowbro|Scald|p1a: Rillaboom
|-resisted|p1a: Rillaboom
|-damage|p1a: Rillaboom|80/100
|-status|p1a: Rillaboom|brn
|
|-heal|p1a: Rillaboom|86/100 brn|[from] Grassy Terrain
|-heal|p2a: Slowbro|94/100|[from] Grassy Terrain
|-damage|p1a: Rillaboom|80/100 brn|[from] brn
|upkeep
|turn|11
|
|t:|1659149248
|switch|p1a: Blaziken|Blaziken, M, shiny|100/100
|switch|p2a: Mandibuzz|Mandibuzz, F|40/100
|
|upkeep
|turn|12
|
|t:|1659149253
|switch|p1a: Aegislash|Aegislash, M, shiny|100/100
|switch|p2a: Slowbro|Slowbro, F|100/100
|-damage|p2a: Slowbro|88/100|[from] Stealth Rock
|
|-heal|p2a: Slowbro|94/100|[from] Grassy Terrain
|upkeep
|turn|13
|
|t:|1659149255
|switch|p2a: Heatran|Heatran, M|100/100
|-damage|p2a: Heatran|88/100|[from] Stealth Rock
|move|p1a: Aegislash|Swords Dance|p1a: Aegislash
|-boost|p1a: Aegislash|atk|2
|
|-heal|p2a: Heatran|94/100|[from] Grassy Terrain
|-heal|p2a: Heatran|100/100|[from] item: Leftovers
|upkeep
|turn|14
|
|t:|1659149261
|move|p2a: Heatran|Magma Storm|p1a: Aegislash
|-supereffective|p1a: Aegislash
|-damage|p1a: Aegislash|29/100
|-activate|p1a: Aegislash|move: Magma Storm|[of] p2a: Heatran
|-enditem|p1a: Aegislash|Weakness Policy
|-boost|p1a: Aegislash|atk|2|[from] item: Weakness Policy
|-boost|p1a: Aegislash|spa|2|[from] item: Weakness Policy
|-formechange|p1a: Aegislash|Aegislash-Blade||[from] ability: Stance Change
|move|p1a: Aegislash|Shadow Claw|p2a: Heatran
|-damage|p2a: Heatran|0 fnt
|faint|p2a: Heatran
|
|-heal|p1a: Aegislash|36/100|[from] Grassy Terrain
|-end|p1a: Aegislash|Magma Storm|[partiallytrapped]|[silent]
|-fieldend|move: Grassy Terrain
|upkeep
|
|t:|1659149272
|switch|p2a: Landorus|Landorus-Therian, M|100/100
|-damage|p2a: Landorus|88/100|[from] Stealth Rock
|-ability|p2a: Landorus|Intimidate|boost
|-unboost|p1a: Aegislash|atk|1
|turn|15
|
|t:|1659149275
|move|p1a: Aegislash|Shadow Sneak|p2a: Landorus
|-damage|p2a: Landorus|14/100
|move|p2a: Landorus|Earthquake|p1a: Aegislash
|-supereffective|p1a: Aegislash
|-damage|p1a: Aegislash|0 fnt
|faint|p1a: Aegislash
|
|upkeep
|
|t:|1659149284
|switch|p1a: Kartana|Kartana, shiny|100/100
|turn|16
|
|t:|1659149288
|move|p1a: Kartana|Sacred Sword|p2a: Landorus
|-resisted|p2a: Landorus
|-damage|p2a: Landorus|0 fnt
|faint|p2a: Landorus
|-ability|p1a: Kartana|Beast Boost|boost
|-boost|p1a: Kartana|atk|1
|
|upkeep
|
|t:|1659149290
|switch|p2a: Gengar|Gengar, M|100/100
|-damage|p2a: Gengar|88/100|[from] Stealth Rock
|turn|17
|
|t:|1659149295
|switch|p1a: Rillaboom|Rillaboom, M, shiny|80/100 brn
|-fieldstart|move: Grassy Terrain|[from] ability: Grassy Surge|[of] p1a: Rillaboom
|move|p2a: Gengar|Shadow Ball|p1a: Rillaboom
|-damage|p1a: Rillaboom|0 fnt
|faint|p1a: Rillaboom
|
|-heal|p2a: Gengar|94/100|[from] Grassy Terrain
|upkeep
|
|t:|1659149300
|switch|p1a: Blaziken|Blaziken, M, shiny|100/100
|turn|18
|
|t:|1659149307
|move|p2a: Gengar|Shadow Ball|p1a: Blaziken
|-damage|p1a: Blaziken|4/100
|move|p1a: Blaziken|Swords Dance|p1a: Blaziken
|-boost|p1a: Blaziken|atk|2
|
|-heal|p2a: Gengar|100/100|[from] Grassy Terrain
|-heal|p1a: Blaziken|10/100|[from] Grassy Terrain
|-ability|p1a: Blaziken|Speed Boost|boost
|-boost|p1a: Blaziken|spe|1
|upkeep
|turn|19
|
|t:|1659149311
|switch|p2a: Slowbro|Slowbro, F|100/100
|-damage|p2a: Slowbro|88/100|[from] Stealth Rock
|move|p1a: Blaziken|Flare Blitz|p2a: Slowbro
|-resisted|p2a: Slowbro
|-damage|p2a: Slowbro|43/100
|-damage|p1a: Blaziken|0 fnt|[from] item: Rocky Helmet|[of] p2a: Slowbro
|faint|p1a: Blaziken
|
|-heal|p2a: Slowbro|49/100|[from] Grassy Terrain
|upkeep
|
|t:|1659149313
|switch|p1a: Kartana|Kartana, shiny|100/100
|turn|20
|
|t:|1659149317
|move|p1a: Kartana|Leaf Blade|p2a: Slowbro
|-supereffective|p2a: Slowbro
|-damage|p2a: Slowbro|0 fnt
|-damage|p1a: Kartana|84/100|[from] item: Rocky Helmet|[of] p2a: Slowbro
|faint|p2a: Slowbro
|-ability|p1a: Kartana|Beast Boost|boost
|-boost|p1a: Kartana|atk|1
|
|-heal|p1a: Kartana|90/100|[from] Grassy Terrain
|upkeep
|inactive|OUT Kazt has 120 seconds left.
|l|☆lt91bb fakee
|inactive|lt91bb fakee disconnected and has a minute to reconnect!
|player|p1|
|inactive|OUT Kazt has 90 seconds left.
|
|t:|1659149395
|switch|p2a: Mandibuzz|Mandibuzz, F|40/100
|turn|21
|inactive|lt91bb fakee has 30 seconds to reconnect!
|inactive|lt91bb fakee has 20 seconds to reconnect!
|inactive|lt91bb fakee has 15 seconds to reconnect!
|inactive|lt91bb fakee has 10 seconds to reconnect!
|inactive|lt91bb fakee has 5 seconds to reconnect!
|-message|lt91bb fakee lost due to inactivity.
|
|win|OUT Kazt
|raw|lt91bb fakee's rating: 1674 &rarr; <strong>1655</strong><br />(-19 for losing)
|raw|OUT Kazt's rating: 1683 &rarr; <strong>1702</strong><br />(+19 for winning)
|j| Barthamiah
||Ladder isn't responding, score probably updated but might not have (Request timeout).
