|j|☆Contorted Lies
|j|☆OUTM Saltyt
|t:|1608569639
|player|p1|Contorted Lies|266|1786
|player|p2|OUTM Saltyt|twins-gen4|1786
|teamsize|p1|6
|teamsize|p2|6
|gametype|singles
|gen|8
|tier|[Gen 8] OU
|rated|
|clearpoke
|poke|p1|Nidoking, M|
|poke|p1|Kartana|
|poke|p1|Slowking-Galar, F|
|poke|p1|Landorus-Therian, M|
|poke|p1|Clefable, M|
|poke|p1|Hydreigon, M|
|poke|p2|Excadrill, M|
|poke|p2|Clefable, F|
|poke|p2|Tyranitar, M|
|poke|p2|Mandibuzz, F|
|poke|p2|Ferrothorn, M|
|poke|p2|Landorus-Therian, M|
|rule|Sleep Clause Mod: Limit one foe put to sleep
|rule|Species Clause: Limit one of each Pokémon
|rule|OHKO Clause: OHKO moves are banned
|rule|Evasion Moves Clause: Evasion moves are banned
|rule|Endless Battle Clause: Forcing endless battles is banned
|rule|HP Percentage Mod: HP is shown in percentages
|rule|Dynamax Clause: You cannot dynamax
|teampreview
|inactive|Battle timer is ON: inactive players will automatically lose when time's up. (requested by OUTM Saltyt)
|
|t:|1608569654
|start
|switch|p1a: Kartana|Kartana|100/100
|switch|p2a: Ferrothorn|Ferrothorn, M|100/100
|turn|1
|
|t:|1608569664
|move|p1a: Kartana|Sacred Sword|p2a: Ferrothorn
|-supereffective|p2a: Ferrothorn
|-damage|p2a: Ferrothorn|16/100
|-damage|p1a: Kartana|88/100|[from] ability: Iron Barbs|[of] p2a: Ferrothorn
|move|p2a: Ferrothorn|Spikes|p1a: Kartana
|-sidestart|p1: Contorted Lies|Spikes
|
|-heal|p2a: Ferrothorn|22/100|[from] item: Leftovers
|upkeep
|turn|2
|
|t:|1608569673
|switch|p1a: Nidoking|Nidoking, M|100/100
|-damage|p1a: Nidoking|88/100|[from] Spikes
|switch|p2a: Landorus|Landorus-Therian, M|100/100
|-ability|p2a: Landorus|Intimidate|boost
|-unboost|p1a: Nidoking|atk|1
|
|upkeep
|turn|3
|
|t:|1608569690
|switch|p2a: Clefable|Clefable, F|100/100
|switch|p1a: Landorus|Landorus-Therian, M|100/100
|-ability|p1a: Landorus|Intimidate|boost
|-unboost|p2a: Clefable|atk|1
|
|upkeep
|turn|4
|
|t:|1608569695
|move|p1a: Landorus|U-turn|p2a: Clefable
|-resisted|p2a: Clefable
|-damage|p2a: Clefable|90/100
|
|t:|1608569699
|switch|p1a: Nidoking|Nidoking, M|88/100|[from]move: U-turn
|-damage|p1a: Nidoking|76/100|[from] Spikes
|move|p2a: Clefable|Trick|p1a: Nidoking
|-activate|p2a: Clefable|move: Trick|[of] p1a: Nidoking
|-item|p1a: Nidoking|Sticky Barb|[from] move: Trick
|-item|p2a: Clefable|Life Orb|[from] move: Trick
|
|-damage|p1a: Nidoking|64/100|[from] item: Sticky Barb
|upkeep
|turn|5
|
|t:|1608569707
|switch|p2a: Mandibuzz|Mandibuzz, F|100/100
|move|p1a: Nidoking|Ice Beam|p2a: Mandibuzz
|-supereffective|p2a: Mandibuzz
|-damage|p2a: Mandibuzz|50/100
|
|-damage|p1a: Nidoking|52/100|[from] item: Sticky Barb
|upkeep
|turn|6
|
|t:|1608569717
|switch|p2a: Tyranitar|Tyranitar, M|100/100
|-weather|Sandstorm|[from] ability: Sand Stream|[of] p2a: Tyranitar
|move|p1a: Nidoking|Earth Power|p2a: Tyranitar
|-supereffective|p2a: Tyranitar
|-damage|p2a: Tyranitar|56/100
|
|-weather|Sandstorm|[upkeep]
|-damage|p1a: Nidoking|39/100|[from] item: Sticky Barb
|upkeep
|turn|7
|
|t:|1608569722
|move|p1a: Nidoking|Earth Power|p2a: Tyranitar
|-supereffective|p2a: Tyranitar
|-damage|p2a: Tyranitar|10/100
|move|p2a: Tyranitar|Rest|p2a: Tyranitar
|-status|p2a: Tyranitar|slp|[from] move: Rest
|-heal|p2a: Tyranitar|100/100 slp|[silent]
|
|-weather|Sandstorm|[upkeep]
|-damage|p1a: Nidoking|27/100|[from] item: Sticky Barb
|upkeep
|turn|8
|
|t:|1608569732
|switch|p1a: Clefable|Clefable, M|100/100
|cant|p2a: Tyranitar|slp
|
|-weather|Sandstorm|[upkeep]
|upkeep
|turn|9
|
|t:|1608569738
|switch|p2a: Ferrothorn|Ferrothorn, M|22/100
|move|p1a: Clefable|Stealth Rock|p2a: Ferrothorn
|-sidestart|p2: OUTM Saltyt|move: Stealth Rock
|
|-weather|Sandstorm|[upkeep]
|-heal|p2a: Ferrothorn|28/100|[from] item: Leftovers
|upkeep
|turn|10
|
|t:|1608569746
|switch|p1a: Hydreigon|Hydreigon, M|100/100
|move|p2a: Ferrothorn|Rest|p2a: Ferrothorn
|-status|p2a: Ferrothorn|slp|[from] move: Rest
|-heal|p2a: Ferrothorn|100/100 slp|[silent]
|
|-weather|Sandstorm|[upkeep]
|-damage|p1a: Hydreigon|94/100|[from] Sandstorm
|upkeep
|turn|11
|
|t:|1608569753
|switch|p2a: Clefable|Clefable, F|90/100
|move|p1a: Hydreigon|Earth Power|p2a: Clefable
|-damage|p2a: Clefable|56/100
|-damage|p1a: Hydreigon|84/100|[from] item: Life Orb
|
|-weather|Sandstorm|[upkeep]
|-damage|p1a: Hydreigon|78/100|[from] Sandstorm
|upkeep
|turn|12
|
|t:|1608569764
|switch|p1a: Slowking|Slowking-Galar, F|100/100
|-damage|p1a: Slowking|88/100|[from] Spikes
|switch|p2a: Excadrill|Excadrill, M|100/100
|-damage|p2a: Excadrill|97/100|[from] Stealth Rock
|
|-weather|Sandstorm|[upkeep]
|-damage|p1a: Slowking|82/100|[from] Sandstorm
|upkeep
|turn|13
|
|t:|1608569771
|move|p2a: Excadrill|Iron Head|p1a: Slowking
|-damage|p1a: Slowking|16/100
|-damage|p2a: Excadrill|87/100|[from] item: Life Orb
|move|p1a: Slowking|Flamethrower|p2a: Excadrill
|-supereffective|p2a: Excadrill
|-damage|p2a: Excadrill|0 fnt
|faint|p2a: Excadrill
|
|-weather|none
|upkeep
|
|t:|1608569782
|switch|p2a: Landorus|Landorus-Therian, M|100/100
|-damage|p2a: Landorus|88/100|[from] Stealth Rock
|-ability|p2a: Landorus|Intimidate|boost
|-unboost|p1a: Slowking|atk|1
|turn|14
|
|t:|1608569785
|switch|p1a: Nidoking|Nidoking, M|27/100
|-damage|p1a: Nidoking|15/100|[from] Spikes
|move|p2a: Landorus|Stone Edge|p1a: Nidoking|[miss]
|-miss|p2a: Landorus|p1a: Nidoking
|
|-damage|p1a: Nidoking|3/100|[from] item: Sticky Barb
|upkeep
|turn|15
|
|t:|1608569793
|move|p2a: Landorus|Earthquake|p1a: Nidoking
|-supereffective|p1a: Nidoking
|-damage|p1a: Nidoking|0 fnt
|faint|p1a: Nidoking
|
|upkeep
|
|t:|1608569804
|switch|p1a: Hydreigon|Hydreigon, M|78/100
|turn|16
|
|t:|1608569812
|switch|p2a: Tyranitar|Tyranitar, M|100/100 slp
|-damage|p2a: Tyranitar|88/100 slp|[from] Stealth Rock
|-weather|Sandstorm|[from] ability: Sand Stream|[of] p2a: Tyranitar
|move|p1a: Hydreigon|Draco Meteor|p2a: Tyranitar
|-damage|p2a: Tyranitar|51/100 slp
|-unboost|p1a: Hydreigon|spa|2
|-damage|p1a: Hydreigon|68/100|[from] item: Life Orb
|
|-weather|Sandstorm|[upkeep]
|-damage|p1a: Hydreigon|62/100|[from] Sandstorm
|upkeep
|turn|17
|
|t:|1608569816
|switch|p1a: Kartana|Kartana|88/100
|-damage|p1a: Kartana|76/100|[from] Spikes
|switch|p2a: Clefable|Clefable, F|56/100
|
|-weather|Sandstorm|[upkeep]
|upkeep
|turn|18
|
|t:|1608569824
|switch|p2a: Ferrothorn|Ferrothorn, M|100/100 slp
|-damage|p2a: Ferrothorn|94/100 slp|[from] Stealth Rock
|move|p1a: Kartana|Sacred Sword|p2a: Ferrothorn
|-supereffective|p2a: Ferrothorn
|-damage|p2a: Ferrothorn|11/100 slp
|-damage|p1a: Kartana|63/100|[from] ability: Iron Barbs|[of] p2a: Ferrothorn
|
|-weather|Sandstorm|[upkeep]
|-heal|p2a: Ferrothorn|17/100 slp|[from] item: Leftovers
|upkeep
|turn|19
|
|t:|1608569829
|switch|p1a: Hydreigon|Hydreigon, M|62/100
|switch|p2a: Clefable|Clefable, F|56/100
|
|-weather|Sandstorm|[upkeep]
|-damage|p1a: Hydreigon|56/100|[from] Sandstorm
|upkeep
|turn|20
|
|t:|1608569834
|switch|p1a: Slowking|Slowking-Galar, F|49/100
|-damage|p1a: Slowking|37/100|[from] Spikes
|move|p2a: Clefable|Moonblast|p1a: Slowking
|-resisted|p1a: Slowking
|-damage|p1a: Slowking|26/100
|
|-weather|Sandstorm|[upkeep]
|-damage|p1a: Slowking|20/100|[from] Sandstorm
|upkeep
|turn|21
|
|t:|1608569845
|switch|p1a: Clefable|Clefable, M|100/100
|move|p2a: Clefable|Soft-Boiled|p2a: Clefable
|-heal|p2a: Clefable|100/100
|
|-weather|Sandstorm|[upkeep]
|upkeep
|turn|22
|
|t:|1608569869
|move|p2a: Clefable|Aromatherapy|p2a: Clefable
|-activate|p2a: Clefable|move: Aromatherapy
|-curestatus|p2: Ferrothorn|slp|[msg]
|-curestatus|p2: Tyranitar|slp|[msg]
|move|p1a: Clefable|Thunder Wave|p2a: Clefable|[miss]
|-miss|p1a: Clefable|p2a: Clefable
|
|-weather|Sandstorm|[upkeep]
|upkeep
|turn|23
|
|t:|1608569884
|switch|p2a: Ferrothorn|Ferrothorn, M|17/100
|-damage|p2a: Ferrothorn|11/100|[from] Stealth Rock
|move|p1a: Clefable|Thunder Wave|p2a: Ferrothorn|[miss]
|-miss|p1a: Clefable|p2a: Ferrothorn
|
|-weather|none
|-heal|p2a: Ferrothorn|17/100|[from] item: Leftovers
|upkeep
|turn|24
|j| dbz roolS!
|j| jeanmilapipe
|
|t:|1608569896
|switch|p1a: Hydreigon|Hydreigon, M|56/100
|move|p2a: Ferrothorn|Rest|p2a: Ferrothorn
|-status|p2a: Ferrothorn|slp|[from] move: Rest
|-heal|p2a: Ferrothorn|100/100 slp|[silent]
|
|upkeep
|turn|25
|
|t:|1608569900
|switch|p1a: Slowking|Slowking-Galar, F|53/100
|-damage|p1a: Slowking|40/100|[from] Spikes
|switch|p2a: Clefable|Clefable, F|100/100
|
|upkeep
|turn|26
|c| dbz roolS!|what is some advice for me to get better
|j| Wish3s
|j| FunnyFatCat
|
|t:|1608569907
|switch|p2a: Tyranitar|Tyranitar, M|51/100
|-damage|p2a: Tyranitar|39/100|[from] Stealth Rock
|-weather|Sandstorm|[from] ability: Sand Stream|[of] p2a: Tyranitar
|switch|p1a: Kartana|Kartana|63/100
|-damage|p1a: Kartana|51/100|[from] Spikes
|
|-weather|Sandstorm|[upkeep]
|upkeep
|turn|27
|
|t:|1608569915
|switch|p2a: Ferrothorn|Ferrothorn, M|100/100 slp
|-damage|p2a: Ferrothorn|94/100 slp|[from] Stealth Rock
|move|p1a: Kartana|Sacred Sword|p2a: Ferrothorn
|-supereffective|p2a: Ferrothorn
|-damage|p2a: Ferrothorn|8/100 slp
|-damage|p1a: Kartana|39/100|[from] ability: Iron Barbs|[of] p2a: Ferrothorn
|
|-weather|Sandstorm|[upkeep]
|-heal|p2a: Ferrothorn|15/100 slp|[from] item: Leftovers
|upkeep
|turn|28
|
|t:|1608569925
|switch|p1a: Slowking|Slowking-Galar, F|74/100
|-damage|p1a: Slowking|61/100|[from] Spikes
|switch|p2a: Clefable|Clefable, F|100/100
|
|-weather|Sandstorm|[upkeep]
|-damage|p1a: Slowking|55/100|[from] Sandstorm
|upkeep
|turn|29
|l| Wish3s
|j| wrfw
|
|t:|1608569931
|switch|p2a: Tyranitar|Tyranitar, M|39/100
|-damage|p2a: Tyranitar|27/100|[from] Stealth Rock
|move|p1a: Slowking|Sludge Bomb|p2a: Tyranitar
|-resisted|p2a: Tyranitar
|-damage|p2a: Tyranitar|17/100
|-status|p2a: Tyranitar|psn
|
|-weather|Sandstorm|[upkeep]
|-damage|p1a: Slowking|49/100|[from] Sandstorm
|-damage|p2a: Tyranitar|4/100 psn|[from] psn
|upkeep
|turn|30
|
|t:|1608569941
|switch|p1a: Kartana|Kartana|39/100
|-damage|p1a: Kartana|26/100|[from] Spikes
|move|p2a: Tyranitar|Rest|p2a: Tyranitar
|-status|p2a: Tyranitar|slp|[from] move: Rest
|-heal|p2a: Tyranitar|100/100 slp|[silent]
|
|-weather|Sandstorm|[upkeep]
|upkeep
|turn|31
|
|t:|1608569947
|switch|p2a: Ferrothorn|Ferrothorn, M|15/100 slp
|-damage|p2a: Ferrothorn|8/100 slp|[from] Stealth Rock
|move|p1a: Kartana|Smart Strike|p2a: Ferrothorn
|-resisted|p2a: Ferrothorn
|-damage|p2a: Ferrothorn|0 fnt
|-damage|p1a: Kartana|14/100|[from] ability: Iron Barbs|[of] p2a: Ferrothorn
|faint|p2a: Ferrothorn
|-ability|p1a: Kartana|Beast Boost|boost
|-boost|p1a: Kartana|atk|1
|
|-weather|Sandstorm|[upkeep]
|upkeep
|
|t:|1608569954
|switch|p2a: Landorus|Landorus-Therian, M|88/100
|-damage|p2a: Landorus|76/100|[from] Stealth Rock
|-ability|p2a: Landorus|Intimidate|boost
|-unboost|p1a: Kartana|atk|1
|turn|32
|
|t:|1608569968
|switch|p1a: Landorus|Landorus-Therian, M|100/100
|-ability|p1a: Landorus|Intimidate|boost
|-unboost|p2a: Landorus|atk|1
|move|p2a: Landorus|Stone Edge|p1a: Landorus
|-damage|p1a: Landorus|69/100
|
|-weather|Sandstorm|[upkeep]
|upkeep
|turn|33
|
|t:|1608569983
|move|p1a: Landorus|Explosion|p2a: Landorus
|-damage|p2a: Landorus|0 fnt
|faint|p1a: Landorus
|faint|p2a: Landorus
|
|-weather|none
|upkeep
|
|t:|1608569990
|switch|p1a: Clefable|Clefable, M|100/100
|switch|p2a: Mandibuzz|Mandibuzz, F|50/100
|turn|34
|
|t:|1608569995
|move|p2a: Mandibuzz|Roost|p2a: Mandibuzz
|-heal|p2a: Mandibuzz|100/100
|-singleturn|p2a: Mandibuzz|move: Roost
|move|p1a: Clefable|Thunder Wave|p2a: Mandibuzz|[miss]
|-miss|p1a: Clefable|p2a: Mandibuzz
|
|upkeep
|turn|35
|l| dbz roolS!
|
|t:|1608570003
|switch|p2a: Clefable|Clefable, F|100/100
|move|p1a: Clefable|Thunder Wave|p2a: Clefable
|-status|p2a: Clefable|par
|
|upkeep
|turn|36
|j| Xuxa vegana
|
|t:|1608570007
|switch|p1a: Slowking|Slowking-Galar, F|82/100
|-damage|p1a: Slowking|70/100|[from] Spikes
|move|p2a: Clefable|Aromatherapy|p2a: Clefable
|-activate|p2a: Clefable|move: Aromatherapy
|-curestatus|p2a: Clefable|par|[msg]
|-curestatus|p2: Tyranitar|slp|[msg]
|
|upkeep
|turn|37
|j| Reverb And Rei
|
|t:|1608570015
|switch|p2a: Tyranitar|Tyranitar, M|100/100
|-damage|p2a: Tyranitar|88/100|[from] Stealth Rock
|-weather|Sandstorm|[from] ability: Sand Stream|[of] p2a: Tyranitar
|switch|p1a: Clefable|Clefable, M|100/100
|
|-weather|Sandstorm|[upkeep]
|upkeep
|turn|38
|
|t:|1608570019
|move|p2a: Tyranitar|Stealth Rock|p1a: Clefable
|-sidestart|p1: Contorted Lies|move: Stealth Rock
|move|p1a: Clefable|Thunder Wave|p2a: Tyranitar
|-status|p2a: Tyranitar|par
|
|-weather|Sandstorm|[upkeep]
|upkeep
|turn|39
|
|t:|1608570032
|switch|p2a: Clefable|Clefable, F|100/100
|move|p1a: Clefable|Moonblast|p2a: Clefable
|-damage|p2a: Clefable|70/100
|
|-weather|Sandstorm|[upkeep]
|upkeep
|turn|40
|
|t:|1608570038
|switch|p1a: Slowking|Slowking-Galar, F|100/100
|-damage|p1a: Slowking|88/100|[from] Stealth Rock
|-damage|p1a: Slowking|76/100|[from] Spikes
|move|p2a: Clefable|Soft-Boiled|p2a: Clefable
|-heal|p2a: Clefable|100/100
|
|-weather|Sandstorm|[upkeep]
|-damage|p1a: Slowking|70/100|[from] Sandstorm
|upkeep
|turn|41
|
|t:|1608570044
|switch|p2a: Tyranitar|Tyranitar, M|88/100 par
|-damage|p2a: Tyranitar|76/100 par|[from] Stealth Rock
|move|p1a: Slowking|Sludge Bomb|p2a: Tyranitar
|-resisted|p2a: Tyranitar
|-damage|p2a: Tyranitar|67/100 par
|
|-weather|Sandstorm|[upkeep]
|-damage|p1a: Slowking|63/100|[from] Sandstorm
|upkeep
|turn|42
|
|t:|1608570051
|switch|p1a: Clefable|Clefable, M|100/100
|move|p2a: Tyranitar|Rock Blast|p1a: Clefable
|-damage|p1a: Clefable|91/100
|-damage|p1a: Clefable|82/100
|-damage|p1a: Clefable|74/100
|-damage|p1a: Clefable|65/100
|-hitcount|p1a: Clefable|4
|
|-weather|Sandstorm|[upkeep]
|-heal|p1a: Clefable|71/100|[from] item: Leftovers
|upkeep
|turn|43
|
|t:|1608570057
|move|p1a: Clefable|Moonblast|p2a: Tyranitar
|-supereffective|p2a: Tyranitar
|-damage|p2a: Tyranitar|39/100 par
|move|p2a: Tyranitar|Rest|p2a: Tyranitar
|-status|p2a: Tyranitar|slp|[from] move: Rest
|-heal|p2a: Tyranitar|100/100 slp|[silent]
|
|-weather|Sandstorm|[upkeep]
|-heal|p1a: Clefable|77/100|[from] item: Leftovers
|upkeep
|turn|44
|
|t:|1608570063
|switch|p2a: Clefable|Clefable, F|100/100
|move|p1a: Clefable|Moonblast|p2a: Clefable
|-damage|p2a: Clefable|72/100
|
|-weather|none
|-heal|p1a: Clefable|83/100|[from] item: Leftovers
|upkeep
|turn|45
|
|t:|1608570071
|move|p1a: Clefable|Thunder Wave|p2a: Clefable
|-status|p2a: Clefable|par
|cant|p2a: Clefable|par
|
|-heal|p1a: Clefable|89/100|[from] item: Leftovers
|upkeep
|turn|46
|
|t:|1608570075
|move|p1a: Clefable|Moonblast|p2a: Clefable
|-damage|p2a: Clefable|41/100 par
|move|p2a: Clefable|Soft-Boiled|p2a: Clefable
|-heal|p2a: Clefable|91/100 par
|
|-heal|p1a: Clefable|95/100|[from] item: Leftovers
|upkeep
|turn|47
|
|t:|1608570079
|move|p1a: Clefable|Moonblast|p2a: Clefable
|-crit|p2a: Clefable
|-damage|p2a: Clefable|46/100 par
|-unboost|p2a: Clefable|spa|1
|move|p2a: Clefable|Aromatherapy|p2a: Clefable
|-activate|p2a: Clefable|move: Aromatherapy
|-curestatus|p2a: Clefable|par|[msg]
|-curestatus|p2: Tyranitar|slp|[msg]
|
|-heal|p1a: Clefable|100/100|[from] item: Leftovers
|upkeep
|turn|48
|
|t:|1608570083
|move|p1a: Clefable|Thunder Wave|p2a: Clefable
|-status|p2a: Clefable|par
|move|p2a: Clefable|Soft-Boiled|p2a: Clefable
|-heal|p2a: Clefable|96/100 par
|
|upkeep
|turn|49
|j| AquaVanillla
|
|t:|1608570091
|move|p1a: Clefable|Moonblast|p2a: Clefable
|-damage|p2a: Clefable|67/100 par
|move|p2a: Clefable|Moonblast|p1a: Clefable
|-damage|p1a: Clefable|74/100
|
|-heal|p1a: Clefable|80/100|[from] item: Leftovers
|upkeep
|turn|50
|
|t:|1608570095
|move|p1a: Clefable|Moonblast|p2a: Clefable
|-damage|p2a: Clefable|39/100 par
|-unboost|p2a: Clefable|spa|1
|move|p2a: Clefable|Soft-Boiled|p2a: Clefable
|-heal|p2a: Clefable|89/100 par
|
|-heal|p1a: Clefable|86/100|[from] item: Leftovers
|upkeep
|turn|51
|
|t:|1608570115
|switch|p1a: Slowking|Slowking-Galar, F|97/100
|-damage|p1a: Slowking|84/100|[from] Stealth Rock
|-damage|p1a: Slowking|72/100|[from] Spikes
|cant|p2a: Clefable|par
|
|upkeep
|turn|52
|j| 0ZorcNecropHades
|
|t:|1608570121
|switch|p2a: Mandibuzz|Mandibuzz, F|100/100
|move|p1a: Slowking|Sludge Bomb|p2a: Mandibuzz
|-damage|p2a: Mandibuzz|65/100
|
|upkeep
|turn|53
|
|t:|1608570125
|move|p2a: Mandibuzz|Knock Off|p1a: Slowking
|-supereffective|p1a: Slowking
|-damage|p1a: Slowking|19/100
|-enditem|p1a: Slowking|Assault Vest|[from] move: Knock Off|[of] p2a: Mandibuzz
|move|p1a: Slowking|Sludge Bomb|p2a: Mandibuzz
|-damage|p2a: Mandibuzz|34/100
|-status|p2a: Mandibuzz|psn
|
|-damage|p2a: Mandibuzz|22/100 psn|[from] psn
|upkeep
|turn|54
|
|t:|1608570133
|switch|p1a: Hydreigon|Hydreigon, M|56/100
|-damage|p1a: Hydreigon|44/100|[from] Stealth Rock
|move|p2a: Mandibuzz|Roost|p2a: Mandibuzz
|-heal|p2a: Mandibuzz|72/100 psn
|-singleturn|p2a: Mandibuzz|move: Roost
|
|-damage|p2a: Mandibuzz|60/100 psn|[from] psn
|upkeep
|turn|55
|
|t:|1608570141
|switch|p2a: Tyranitar|Tyranitar, M|100/100
|-damage|p2a: Tyranitar|88/100|[from] Stealth Rock
|-weather|Sandstorm|[from] ability: Sand Stream|[of] p2a: Tyranitar
|move|p1a: Hydreigon|Draco Meteor|p2a: Tyranitar
|-damage|p2a: Tyranitar|51/100
|-unboost|p1a: Hydreigon|spa|2
|-damage|p1a: Hydreigon|34/100|[from] item: Life Orb
|
|-weather|Sandstorm|[upkeep]
|-damage|p1a: Hydreigon|28/100|[from] Sandstorm
|upkeep
|turn|56
|
|t:|1608570148
|switch|p1a: Clefable|Clefable, M|86/100
|move|p2a: Tyranitar|Rock Blast|p1a: Clefable
|-damage|p1a: Clefable|78/100
|-damage|p1a: Clefable|70/100
|-hitcount|p1a: Clefable|2
|
|-weather|Sandstorm|[upkeep]
|-heal|p1a: Clefable|76/100|[from] item: Leftovers
|upkeep
|turn|57
|
|t:|1608570154
|switch|p2a: Clefable|Clefable, F|89/100 par
|move|p1a: Clefable|Thunder Wave|p2a: Clefable
|-fail|p2a: Clefable|par
|
|-weather|Sandstorm|[upkeep]
|-heal|p1a: Clefable|82/100|[from] item: Leftovers
|upkeep
|turn|58
|
|t:|1608570160
|switch|p1a: Slowking|Slowking-Galar, F|52/100
|-damage|p1a: Slowking|39/100|[from] Stealth Rock
|-damage|p1a: Slowking|27/100|[from] Spikes
|move|p2a: Clefable|Aromatherapy|p2a: Clefable
|-activate|p2a: Clefable|move: Aromatherapy
|-curestatus|p2a: Clefable|par|[msg]
|-curestatus|p2: Mandibuzz|psn|[msg]
|
|-weather|Sandstorm|[upkeep]
|-damage|p1a: Slowking|21/100|[from] Sandstorm
|upkeep
|turn|59
|
|t:|1608570174
|switch|p2a: Tyranitar|Tyranitar, M|51/100
|-damage|p2a: Tyranitar|39/100|[from] Stealth Rock
|switch|p1a: Clefable|Clefable, M|82/100
|
|-weather|Sandstorm|[upkeep]
|-heal|p1a: Clefable|88/100|[from] item: Leftovers
|upkeep
|turn|60
|j| Rite aid pharm
|
|t:|1608570190
|move|p2a: Tyranitar|Rest|p2a: Tyranitar
|-status|p2a: Tyranitar|slp|[from] move: Rest
|-heal|p2a: Tyranitar|100/100 slp|[silent]
|move|p1a: Clefable|Thunder Wave||[still]
|-fail|p1a: Clefable
|
|-weather|Sandstorm|[upkeep]
|-heal|p1a: Clefable|94/100|[from] item: Leftovers
|upkeep
|turn|61
|
|t:|1608570197
|switch|p2a: Clefable|Clefable, F|89/100
|move|p1a: Clefable|Moonblast|p2a: Clefable
|-damage|p2a: Clefable|59/100
|
|-weather|Sandstorm|[upkeep]
|-heal|p1a: Clefable|99/100|[from] item: Leftovers
|upkeep
|turn|62
|
|t:|1608570200
|move|p2a: Clefable|Soft-Boiled|p2a: Clefable
|-heal|p2a: Clefable|100/100
|move|p1a: Clefable|Thunder Wave|p2a: Clefable
|-status|p2a: Clefable|par
|
|-weather|none
|-heal|p1a: Clefable|100/100|[from] item: Leftovers
|upkeep
|turn|63
|
|t:|1608570207
|switch|p1a: Slowking|Slowking-Galar, F|54/100
|-damage|p1a: Slowking|42/100|[from] Spikes
|-damage|p1a: Slowking|29/100|[from] Stealth Rock
|move|p2a: Clefable|Moonblast|p1a: Slowking
|-resisted|p1a: Slowking
|-damage|p1a: Slowking|12/100
|
|upkeep
|turn|64
|
|t:|1608570217
|switch|p1a: Clefable|Clefable, M|100/100
|switch|p2a: Tyranitar|Tyranitar, M|100/100 slp
|-damage|p2a: Tyranitar|88/100 slp|[from] Stealth Rock
|-weather|Sandstorm|[from] ability: Sand Stream|[of] p2a: Tyranitar
|
|-weather|Sandstorm|[upkeep]
|upkeep
|turn|65
|
|t:|1608570225
|switch|p2a: Clefable|Clefable, F|100/100 par
|move|p1a: Clefable|Moonblast|p2a: Clefable
|-damage|p2a: Clefable|69/100 par
|
|-weather|Sandstorm|[upkeep]
|upkeep
|turn|66
|
|t:|1608570230
|move|p1a: Clefable|Moonblast|p2a: Clefable
|-damage|p2a: Clefable|41/100 par
|cant|p2a: Clefable|par
|
|-weather|Sandstorm|[upkeep]
|upkeep
|turn|67
|
|t:|1608570234
|move|p1a: Clefable|Moonblast|p2a: Clefable
|-damage|p2a: Clefable|11/100 par
|move|p2a: Clefable|Soft-Boiled|p2a: Clefable
|-heal|p2a: Clefable|61/100 par
|
|-weather|Sandstorm|[upkeep]
|upkeep
|turn|68
|l| jeanmilapipe
|
|t:|1608570238
|move|p1a: Clefable|Moonblast|p2a: Clefable
|-damage|p2a: Clefable|31/100 par
|move|p2a: Clefable|Soft-Boiled|p2a: Clefable
|-heal|p2a: Clefable|81/100 par
|
|-weather|Sandstorm|[upkeep]
|upkeep
|turn|69
|
|t:|1608570243
|move|p1a: Clefable|Moonblast|p2a: Clefable
|-damage|p2a: Clefable|52/100 par
|move|p2a: Clefable|Aromatherapy|p2a: Clefable
|-activate|p2a: Clefable|move: Aromatherapy
|-curestatus|p2a: Clefable|par|[msg]
|-curestatus|p2: Tyranitar|slp|[msg]
|
|-weather|Sandstorm|[upkeep]
|upkeep
|turn|70
|
|t:|1608570246
|move|p1a: Clefable|Thunder Wave|p2a: Clefable
|-status|p2a: Clefable|par
|move|p2a: Clefable|Soft-Boiled|p2a: Clefable
|-heal|p2a: Clefable|100/100 par
|
|-weather|Sandstorm|[upkeep]
|upkeep
|turn|71
|
|t:|1608570258
|switch|p1a: Slowking|Slowking-Galar, F|46/100
|-damage|p1a: Slowking|33/100|[from] Stealth Rock
|-damage|p1a: Slowking|21/100|[from] Spikes
|move|p2a: Clefable|Moonblast|p1a: Slowking
|-resisted|p1a: Slowking
|-damage|p1a: Slowking|6/100
|-unboost|p1a: Slowking|spa|1
|
|-weather|none
|upkeep
|turn|72
|
|t:|1608570270
|switch|p1a: Clefable|Clefable, M|100/100
|move|p2a: Clefable|Moonblast|p1a: Clefable
|-damage|p1a: Clefable|65/100
|
|-heal|p1a: Clefable|71/100|[from] item: Leftovers
|upkeep
|turn|73
|
|t:|1608570279
|switch|p1a: Slowking|Slowking-Galar, F|39/100
|-damage|p1a: Slowking|26/100|[from] Spikes
|-damage|p1a: Slowking|14/100|[from] Stealth Rock
|switch|p2a: Tyranitar|Tyranitar, M|88/100
|-damage|p2a: Tyranitar|76/100|[from] Stealth Rock
|-weather|Sandstorm|[from] ability: Sand Stream|[of] p2a: Tyranitar
|
|-weather|Sandstorm|[upkeep]
|-damage|p1a: Slowking|8/100|[from] Sandstorm
|upkeep
|turn|74
|
|t:|1608570289
|switch|p1a: Clefable|Clefable, M|71/100
|move|p2a: Tyranitar|Rock Blast|p1a: Clefable
|-damage|p1a: Clefable|63/100
|-damage|p1a: Clefable|54/100
|-damage|p1a: Clefable|46/100
|-damage|p1a: Clefable|38/100
|-damage|p1a: Clefable|29/100
|-hitcount|p1a: Clefable|5
|
|-weather|Sandstorm|[upkeep]
|-heal|p1a: Clefable|35/100|[from] item: Leftovers
|upkeep
|turn|75
|
|t:|1608570296
|move|p2a: Tyranitar|Rock Blast|p1a: Clefable
|-damage|p1a: Clefable|27/100
|-damage|p1a: Clefable|18/100
|-hitcount|p1a: Clefable|2
|move|p1a: Clefable|Soft-Boiled|p1a: Clefable
|-heal|p1a: Clefable|68/100
|
|-weather|Sandstorm|[upkeep]
|-heal|p1a: Clefable|74/100|[from] item: Leftovers
|upkeep
|turn|76
|
|t:|1608570302
|move|p2a: Tyranitar|Earthquake|p1a: Clefable
|-damage|p1a: Clefable|52/100
|move|p1a: Clefable|Thunder Wave|p2a: Tyranitar|[miss]
|-miss|p1a: Clefable|p2a: Tyranitar
|
|-weather|Sandstorm|[upkeep]
|-heal|p1a: Clefable|58/100|[from] item: Leftovers
|upkeep
|turn|77
|
|t:|1608570316
|move|p2a: Tyranitar|Rock Blast|p1a: Clefable
|-damage|p1a: Clefable|50/100
|-damage|p1a: Clefable|41/100
|-hitcount|p1a: Clefable|2
|move|p1a: Clefable|Soft-Boiled|p1a: Clefable
|-heal|p1a: Clefable|91/100
|
|-weather|Sandstorm|[upkeep]
|-heal|p1a: Clefable|97/100|[from] item: Leftovers
|upkeep
|turn|78
|
|t:|1608570324
|move|p2a: Tyranitar|Rock Blast|p1a: Clefable
|-damage|p1a: Clefable|89/100
|-damage|p1a: Clefable|81/100
|-damage|p1a: Clefable|73/100
|-hitcount|p1a: Clefable|3
|move|p1a: Clefable|Thunder Wave|p2a: Tyranitar
|-status|p2a: Tyranitar|par
|
|-weather|Sandstorm|[upkeep]
|-heal|p1a: Clefable|79/100|[from] item: Leftovers
|upkeep
|turn|79
|
|t:|1608570336
|move|p1a: Clefable|Stealth Rock||[still]
|-fail|p1a: Clefable
|move|p2a: Tyranitar|Rest|p2a: Tyranitar
|-status|p2a: Tyranitar|slp|[from] move: Rest
|-heal|p2a: Tyranitar|100/100 slp|[silent]
|
|-weather|Sandstorm|[upkeep]
|-heal|p1a: Clefable|85/100|[from] item: Leftovers
|upkeep
|turn|80
|j| a7 blazing
|
|t:|1608570342
|switch|p2a: Clefable|Clefable, F|100/100 par
|move|p1a: Clefable|Moonblast|p2a: Clefable
|-damage|p2a: Clefable|73/100 par
|
|-weather|none
|-heal|p1a: Clefable|91/100|[from] item: Leftovers
|upkeep
|turn|81
|
|t:|1608570349
|move|p1a: Clefable|Moonblast|p2a: Clefable
|-damage|p2a: Clefable|44/100 par
|move|p2a: Clefable|Aromatherapy|p2a: Clefable
|-activate|p2a: Clefable|move: Aromatherapy
|-curestatus|p2a: Clefable|par|[msg]
|-curestatus|p2: Tyranitar|slp|[msg]
|
|-heal|p1a: Clefable|97/100|[from] item: Leftovers
|upkeep
|turn|82
|
|t:|1608570354
|move|p1a: Clefable|Thunder Wave|p2a: Clefable
|-status|p2a: Clefable|par
|move|p2a: Clefable|Soft-Boiled|p2a: Clefable
|-heal|p2a: Clefable|94/100 par
|
|-heal|p1a: Clefable|100/100|[from] item: Leftovers
|upkeep
|turn|83
|
|t:|1608570362
|move|p1a: Clefable|Stealth Rock||[still]
|-fail|p1a: Clefable
|move|p2a: Clefable|Moonblast|p1a: Clefable
|-damage|p1a: Clefable|59/100
|
|-heal|p1a: Clefable|65/100|[from] item: Leftovers
|upkeep
|turn|84
|
|t:|1608570368
|move|p1a: Clefable|Soft-Boiled|p1a: Clefable
|-heal|p1a: Clefable|100/100
|move|p2a: Clefable|Moonblast|p1a: Clefable
|-damage|p1a: Clefable|63/100
|-unboost|p1a: Clefable|spa|1
|
|-heal|p1a: Clefable|69/100|[from] item: Leftovers
|upkeep
|turn|85
|j| retiredc
|l| AquaVanillla
|
|t:|1608570374
|switch|p1a: Kartana|Kartana|14/100
|-damage|p1a: Kartana|8/100|[from] Stealth Rock
|-damage|p1a: Kartana|0 fnt|[from] Spikes
|faint|p1a: Kartana
|switch|p2a: Mandibuzz|Mandibuzz, F|60/100
|
|upkeep
|
|t:|1608570378
|switch|p1a: Hydreigon|Hydreigon, M|28/100
|-damage|p1a: Hydreigon|16/100|[from] Stealth Rock
|turn|86
|j| slobadd
|
|t:|1608570386
|switch|p2a: Tyranitar|Tyranitar, M|100/100
|-damage|p2a: Tyranitar|88/100|[from] Stealth Rock
|-weather|Sandstorm|[from] ability: Sand Stream|[of] p2a: Tyranitar
|move|p1a: Hydreigon|Roost|p1a: Hydreigon
|-heal|p1a: Hydreigon|66/100
|-singleturn|p1a: Hydreigon|move: Roost
|
|-weather|Sandstorm|[upkeep]
|-damage|p1a: Hydreigon|60/100|[from] Sandstorm
|upkeep
|turn|87
|
|t:|1608570395
|switch|p2a: Clefable|Clefable, F|94/100 par
|move|p1a: Hydreigon|Roost|p1a: Hydreigon
|-heal|p1a: Hydreigon|100/100
|-singleturn|p1a: Hydreigon|move: Roost
|
|-weather|Sandstorm|[upkeep]
|-damage|p1a: Hydreigon|94/100|[from] Sandstorm
|upkeep
|turn|88
|
|t:|1608570401
|move|p1a: Hydreigon|Earth Power|p2a: Clefable
|-damage|p2a: Clefable|59/100 par
|-damage|p1a: Hydreigon|84/100|[from] item: Life Orb
|move|p2a: Clefable|Moonblast|p1a: Hydreigon
|-supereffective|p1a: Hydreigon
|-damage|p1a: Hydreigon|0 fnt
|faint|p1a: Hydreigon
|
|-weather|Sandstorm|[upkeep]
|upkeep
|
|t:|1608570409
|switch|p1a: Slowking|Slowking-Galar, F|41/100
|-damage|p1a: Slowking|29/100|[from] Spikes
|-damage|p1a: Slowking|16/100|[from] Stealth Rock
|turn|89
|
|t:|1608570417
|switch|p1a: Clefable|Clefable, M|69/100
|switch|p2a: Mandibuzz|Mandibuzz, F|60/100
|
|-weather|Sandstorm|[upkeep]
|-heal|p1a: Clefable|75/100|[from] item: Leftovers
|upkeep
|turn|90
|
|t:|1608570423
|move|p2a: Mandibuzz|Knock Off|p1a: Clefable
|-resisted|p1a: Clefable
|-crit|p1a: Clefable
|-damage|p1a: Clefable|60/100
|-enditem|p1a: Clefable|Leftovers|[from] move: Knock Off|[of] p2a: Mandibuzz
|move|p1a: Clefable|Thunder Wave|p2a: Mandibuzz
|-status|p2a: Mandibuzz|par
|
|-weather|Sandstorm|[upkeep]
|upkeep
|turn|91
|
|t:|1608570430
|move|p1a: Clefable|Moonblast|p2a: Mandibuzz
|-supereffective|p2a: Mandibuzz
|-crit|p2a: Mandibuzz
|-damage|p2a: Mandibuzz|0 fnt
|faint|p2a: Mandibuzz
|
|-weather|Sandstorm|[upkeep]
|upkeep
|j| Vessev
|
|t:|1608570437
|switch|p2a: Clefable|Clefable, F|59/100 par
|turn|92
|
|t:|1608570444
|move|p1a: Clefable|Moonblast|p2a: Clefable
|-damage|p2a: Clefable|31/100 par
|move|p2a: Clefable|Soft-Boiled|p2a: Clefable
|-heal|p2a: Clefable|81/100 par
|
|-weather|Sandstorm|[upkeep]
|upkeep
|turn|93
|
|t:|1608570449
|move|p1a: Clefable|Moonblast|p2a: Clefable
|-damage|p2a: Clefable|49/100 par
|move|p2a: Clefable|Moonblast|p1a: Clefable
|-damage|p1a: Clefable|25/100
|
|-weather|none
|upkeep
|turn|94
|
|t:|1608570455
|move|p1a: Clefable|Moonblast|p2a: Clefable
|-damage|p2a: Clefable|21/100 par
|move|p2a: Clefable|Soft-Boiled|p2a: Clefable
|-heal|p2a: Clefable|71/100 par
|
|upkeep
|turn|95
|
|t:|1608570463
|move|p1a: Clefable|Moonblast|p2a: Clefable
|-damage|p2a: Clefable|40/100 par
|move|p2a: Clefable|Moonblast|p1a: Clefable
|-damage|p1a: Clefable|0 fnt
|faint|p1a: Clefable
|
|upkeep
|-message|Contorted Lies forfeited.
|
|win|OUTM Saltyt
|l|☆Contorted Lies
|l| a7 blazing
|c| FunnyFatCat|?
|l| slobadd
|l|☆OUTM Saltyt
|l| wrfw
|l| Reverb And Rei
