|j|☆playeraccount
|j|☆rattleg
|t:|1667215624
|gametype|singles
|player|p1|playeraccount|170|1497
|player|p2|rattleg|iris-gen5bw2|1576
|teamsize|p1|6
|teamsize|p2|6
|gen|8
|tier|[Gen 8] OU
|rated|
|rule|Sleep Clause Mod: Limit one foe put to sleep
|rule|Species Clause: Limit one of each Pokémon
|rule|OHKO Clause: OHKO moves are banned
|rule|Evasion Items Clause: Evasion items are banned
|rule|Evasion Moves Clause: Evasion moves are banned
|rule|Endless Battle Clause: Forcing endless battles is banned
|rule|HP Percentage Mod: HP is shown in percentages
|rule|Dynamax Clause: You cannot dynamax
|clearpoke
|poke|p1|Druddigon, F|
|poke|p1|Nidoqueen, F|
|poke|p1|Zapdos|
|poke|p1|Blissey, F|
|poke|p1|Kartana|
|poke|p1|Ditto|
|poke|p2|Mew|
|poke|p2|Ninetales-Alola, F|
|poke|p2|Weavile, F|
|poke|p2|Garchomp, F|
|poke|p2|Volcarona, M|
|poke|p2|Cloyster, F|
|teampreview
|inactive|Battle timer is ON: inactive players will automatically lose when time's up. (requested by rattleg)
|inactive|rattleg has 120 seconds left.
|c|☆playeraccount|gl hf
|inactive|rattleg has 90 seconds left.
|c|☆rattleg|i forgot i was in game
|c|☆rattleg|mb
|
|t:|1667215703
|start
|switch|p1a: Kartana|Kartana, shiny|100/100
|switch|p2a: Mew|Mew, shiny|100/100
|turn|1
|c|☆playeraccount|chinese?
|
|t:|1667215709
|move|p1a: Kartana|Knock Off|p2a: Mew
|-supereffective|p2a: Mew
|-enditem|p2a: Mew|Colbur Berry|[eat]
|-enditem|p2a: Mew|Colbur Berry|[weaken]
|-damage|p2a: Mew|38/100
|move|p2a: Mew|Will-O-Wisp|p1a: Kartana
|-status|p1a: Kartana|brn
|
|-damage|p1a: Kartana|94/100 brn|[from] brn
|upkeep
|turn|2
|c|☆rattleg|no
|
|t:|1667215714
|move|p1a: Kartana|Knock Off|p2a: Mew
|-supereffective|p2a: Mew
|-damage|p2a: Mew|0 fnt
|faint|p2a: Mew
|-ability|p1a: Kartana|Beast Boost|boost
|-boost|p1a: Kartana|atk|1
|
|-damage|p1a: Kartana|88/100 brn|[from] brn
|upkeep
|
|t:|1667215720
|switch|p2a: Ninetales|Ninetales-Alola, F|100/100
|-weather|Hail|[from] ability: Snow Warning|[of] p2a: Ninetales
|turn|3
|
|t:|1667215726
|move|p2a: Ninetales|Blizzard|p1a: Kartana
|-damage|p1a: Kartana|0 fnt
|faint|p1a: Kartana
|
|-weather|Hail|[upkeep]
|upkeep
|
|t:|1667215736
|switch|p1a: Blissey|Blissey, F|100/100
|turn|4
|
|t:|1667215747
|switch|p2a: Volcarona|Volcarona, M|100/100
|move|p1a: Blissey|Toxic|p2a: Volcarona
|-status|p2a: Volcarona|tox
|
|-weather|Hail|[upkeep]
|-damage|p2a: Volcarona|94/100 tox|[from] Hail
|-damage|p1a: Blissey|94/100|[from] Hail
|-heal|p2a: Volcarona|100/100 tox|[from] item: Leftovers
|-heal|p1a: Blissey|100/100|[from] item: Leftovers
|-damage|p2a: Volcarona|94/100 tox|[from] psn
|upkeep
|turn|5
|
|t:|1667215756
|switch|p2a: Garchomp|Garchomp, F|100/100
|move|p1a: Blissey|Teleport|p1a: Blissey
|
|t:|1667215768
|switch|p1a: Nidoqueen|Nidoqueen, F, shiny|100/100|[from]move: Teleport
|
|-weather|Hail|[upkeep]
|-damage|p2a: Garchomp|94/100|[from] Hail
|-damage|p1a: Nidoqueen|94/100|[from] Hail
|upkeep
|turn|6
|
|t:|1667215787
|move|p2a: Garchomp|Earthquake|p1a: Nidoqueen
|-supereffective|p1a: Nidoqueen
|-damage|p1a: Nidoqueen|0 fnt
|faint|p1a: Nidoqueen
|-damage|p2a: Garchomp|85/100|[from] item: Life Orb
|
|-weather|Hail|[upkeep]
|-damage|p2a: Garchomp|78/100|[from] Hail
|upkeep
|
|t:|1667215790
|switch|p1a: Druddigon|Druddigon, F, shiny|100/100
|turn|7
|
|t:|1667215793
|move|p2a: Garchomp|Scale Shot|p1a: Druddigon
|-supereffective|p1a: Druddigon
|-damage|p1a: Druddigon|71/100
|-supereffective|p1a: Druddigon
|-damage|p1a: Druddigon|40/100
|-supereffective|p1a: Druddigon
|-damage|p1a: Druddigon|7/100
|-supereffective|p1a: Druddigon
|-damage|p1a: Druddigon|0 fnt
|faint|p1a: Druddigon
|-hitcount|p1: Druddigon|4
|-unboost|p2a: Garchomp|def|1
|-boost|p2a: Garchomp|spe|1
|-damage|p2a: Garchomp|69/100|[from] item: Life Orb
|
|-weather|none
|upkeep
|
|t:|1667215797
|switch|p1a: Ditto|Ditto, shiny|100/100
|-transform|p1a: Ditto|p2a: Garchomp|[from] ability: Imposter
|turn|8
|
|t:|1667215806
|move|p1a: Ditto|Earthquake|p2a: Garchomp
|-damage|p2a: Garchomp|0 fnt
|faint|p2a: Garchomp
|
|upkeep
|
|t:|1667215811
|switch|p2a: Weavile|Weavile, F|100/100
|-ability|p2a: Weavile|Pressure
|turn|9
|
|t:|1667215816
|switch|p1a: Blissey|Blissey, F|100/100
|move|p2a: Weavile|Ice Shard|p1a: Blissey
|-damage|p1a: Blissey|74/100
|-damage|p2a: Weavile|91/100|[from] item: Life Orb
|
|-heal|p1a: Blissey|80/100|[from] item: Leftovers
|upkeep
|turn|10
|
|t:|1667215819
|move|p2a: Weavile|Swords Dance|p2a: Weavile
|-boost|p2a: Weavile|atk|2
|move|p1a: Blissey|Toxic|p2a: Weavile
|-status|p2a: Weavile|tox
|
|-heal|p1a: Blissey|86/100|[from] item: Leftovers
|-damage|p2a: Weavile|84/100 tox|[from] psn
|upkeep
|turn|11
|
|t:|1667215827
|switch|p2a: Cloyster|Cloyster, F, shiny|100/100
|move|p1a: Blissey|Seismic Toss|p2a: Cloyster
|-damage|p2a: Cloyster|59/100
|
|-heal|p1a: Blissey|93/100|[from] item: Leftovers
|upkeep
|turn|12
|
|t:|1667215836
|move|p2a: Cloyster|Icicle Spear|p1a: Blissey
|-damage|p1a: Blissey|80/100
|-damage|p1a: Blissey|68/100
|-damage|p1a: Blissey|58/100
|-damage|p1a: Blissey|45/100
|-damage|p1a: Blissey|32/100
|-hitcount|p1a: Blissey|5
|-damage|p2a: Cloyster|49/100|[from] item: Life Orb
|move|p1a: Blissey|Toxic|p2a: Cloyster
|-status|p2a: Cloyster|tox
|
|-heal|p1a: Blissey|38/100|[from] item: Leftovers
|-damage|p2a: Cloyster|43/100 tox|[from] psn
|upkeep
|turn|13
|
|t:|1667215841
|move|p2a: Cloyster|Explosion|p1a: Blissey
|-damage|p1a: Blissey|0 fnt
|faint|p2a: Cloyster
|faint|p1a: Blissey
|
|upkeep
|
|t:|1667215850
|switch|p2a: Volcarona|Volcarona, M|94/100 tox
|switch|p1a: Zapdos|Zapdos, shiny|100/100
|turn|14
|
|t:|1667215852
|move|p2a: Volcarona|Substitute|p2a: Volcarona
|-start|p2a: Volcarona|Substitute
|-damage|p2a: Volcarona|69/100 tox
|move|p1a: Zapdos|Volt Switch|p2a: Volcarona
|-end|p2a: Volcarona|Substitute
|
|t:|1667215858
|switch|p1a: Ditto|Ditto, shiny|100/100|[from]move: Volt Switch
|-transform|p1a: Ditto|p2a: Volcarona|[from] ability: Imposter
|
|-heal|p2a: Volcarona|76/100 tox|[from] item: Leftovers
|-damage|p2a: Volcarona|69/100 tox|[from] psn
|upkeep
|turn|15
|
|t:|1667215865
|move|p1a: Ditto|Flamethrower|p2a: Volcarona
|-damage|p2a: Volcarona|21/100 tox
|move|p2a: Volcarona|Quiver Dance|p2a: Volcarona
|-boost|p2a: Volcarona|spa|1
|-boost|p2a: Volcarona|spd|1
|-boost|p2a: Volcarona|spe|1
|
|-heal|p2a: Volcarona|27/100 tox|[from] item: Leftovers
|-damage|p2a: Volcarona|15/100 tox|[from] psn
|upkeep
|turn|16
|
|t:|1667215869
|move|p1a: Ditto|Flamethrower|p2a: Volcarona
|-damage|p2a: Volcarona|0 fnt
|faint|p2a: Volcarona
|
|upkeep
|
|t:|1667215883
|switch|p2a: Weavile|Weavile, F|84/100 tox
|-ability|p2a: Weavile|Pressure
|turn|17
|
|t:|1667215887
|move|p1a: Ditto|Flamethrower|p2a: Weavile
|-supereffective|p2a: Weavile
|-damage|p2a: Weavile|0 fnt
|faint|p2a: Weavile
|
|upkeep
|
|t:|1667215890
|switch|p2a: Ninetales|Ninetales-Alola, F|100/100
|-weather|Hail|[from] ability: Snow Warning|[of] p2a: Ninetales
|turn|18
|
|t:|1667215896
|move|p2a: Ninetales|Blizzard|p1a: Ditto
|-resisted|p1a: Ditto
|-damage|p1a: Ditto|78/100
|-status|p1a: Ditto|frz
|cant|p1a: Ditto|frz
|
|-weather|Hail|[upkeep]
|-damage|p1a: Ditto|72/100 frz|[from] Hail
|upkeep
|turn|19
|c|☆rattleg|no way
|
|t:|1667215902
|move|p2a: Ninetales|Blizzard|p1a: Ditto
|-resisted|p1a: Ditto
|-damage|p1a: Ditto|49/100 frz
|cant|p1a: Ditto|frz
|
|-weather|Hail|[upkeep]
|-damage|p1a: Ditto|43/100 frz|[from] Hail
|upkeep
|turn|20
|
|t:|1667215906
|move|p2a: Ninetales|Blizzard|p1a: Ditto
|-resisted|p1a: Ditto
|-damage|p1a: Ditto|21/100 frz
|cant|p1a: Ditto|frz
|
|-weather|Hail|[upkeep]
|-damage|p1a: Ditto|15/100 frz|[from] Hail
|upkeep
|turn|21
|
|t:|1667215910
|move|p2a: Ninetales|Blizzard|p1a: Ditto
|-resisted|p1a: Ditto
|-damage|p1a: Ditto|0 fnt
|faint|p1a: Ditto
|
|-weather|Hail|[upkeep]
|upkeep
|
|t:|1667215913
|switch|p1a: Zapdos|Zapdos, shiny|100/100
|turn|22
|
|t:|1667215915
|move|p2a: Ninetales|Blizzard|p1a: Zapdos
|-supereffective|p1a: Zapdos
|-damage|p1a: Zapdos|22/100
|move|p1a: Zapdos|Heat Wave|p2a: Ninetales
|-supereffective|p2a: Ninetales
|-damage|p2a: Ninetales|33/100
|
|-weather|none
|upkeep
|turn|23
|
|t:|1667215922
|move|p2a: Ninetales|Blizzard|p1a: Zapdos|[miss]
|-miss|p2a: Ninetales|p1a: Zapdos
|move|p1a: Zapdos|Heat Wave|p2a: Ninetales|[miss]
|-miss|p1a: Zapdos|p2a: Ninetales
|
|upkeep
|turn|24
|
|t:|1667215932
|move|p2a: Ninetales|Blizzard|p1a: Zapdos|[miss]
|-miss|p2a: Ninetales|p1a: Zapdos
|move|p1a: Zapdos|Heat Wave|p2a: Ninetales
|-supereffective|p2a: Ninetales
|-damage|p2a: Ninetales|0 fnt
|faint|p2a: Ninetales
|
|win|playeraccount
|raw|playeraccount's rating: 1497 &rarr; <strong>1521</strong><br />(+24 for winning)
|raw|rattleg's rating: 1576 &rarr; <strong>1552</strong><br />(-24 for losing)
|c|☆rattleg|gg
|c|☆rattleg|LOL
|c|☆playeraccount|gg
|l|☆playeraccount
