|j|☆noudle soop
|j|☆Fastbreak 3
|t:|1658770493
|gametype|singles
|player|p1|noudle soop|ghetsis|1847
|player|p2|Fastbreak 3|hoopster|1768
|teamsize|p1|6
|teamsize|p2|6
|gen|8
|tier|[Gen 8] OU
|rated|
|rule|Sleep Clause Mod: Limit one foe put to sleep
|rule|Species Clause: Limit one of each Pokémon
|rule|OHKO Clause: OHKO moves are banned
|rule|Evasion Moves Clause: Evasion moves are banned
|rule|Endless Battle Clause: Forcing endless battles is banned
|rule|HP Percentage Mod: HP is shown in percentages
|rule|Dynamax Clause: You cannot dynamax
|clearpoke
|poke|p1|Aegislash, M|
|poke|p1|Ferrothorn, M|
|poke|p1|Landorus-Therian, M|
|poke|p1|Blacephalon|
|poke|p1|Rotom-Wash|
|poke|p1|Hydreigon, M|
|poke|p2|Kartana|
|poke|p2|Landorus-Therian, M|
|poke|p2|Blissey, F|
|poke|p2|Ribombee, F|
|poke|p2|Azumarill, F|
|poke|p2|Blaziken, F|
|teampreview
|inactive|Battle timer is ON: inactive players will automatically lose when time's up. (requested by noudle soop)
|j| foxyrocksjh
|
|t:|1658770512
|start
|switch|p1a: Aegislash|Aegislash, M|100/100
|switch|p2a: Blissey|Blissey, F|100/100
|turn|1
|
|t:|1658770519
|move|p1a: Aegislash|Swords Dance|p1a: Aegislash
|-boost|p1a: Aegislash|atk|2
|move|p2a: Blissey|Stealth Rock|p1a: Aegislash
|-sidestart|p1: noudle soop|move: Stealth Rock
|
|upkeep
|turn|2
|j| Partynparadise
|
|t:|1658770527
|-formechange|p1a: Aegislash|Aegislash-Blade||[from] ability: Stance Change
|move|p1a: Aegislash|Iron Head|p2a: Blissey
|-damage|p2a: Blissey|16/100
|move|p2a: Blissey|Thunder Wave|p1a: Aegislash
|-status|p1a: Aegislash|par
|
|upkeep
|turn|3
|
|t:|1658770536
|move|p1a: Aegislash|Iron Head|p2a: Blissey
|-damage|p2a: Blissey|0 fnt
|faint|p2a: Blissey
|
|upkeep
|
|t:|1658770550
|switch|p2a: Ribombee|Ribombee, F|100/100
|turn|4
|
|t:|1658770553
|move|p2a: Ribombee|Sticky Web|p1a: Aegislash
|-sidestart|p1: noudle soop|move: Sticky Web
|move|p1a: Aegislash|Iron Head|p2a: Ribombee
|-supereffective|p2a: Ribombee
|-damage|p2a: Ribombee|0 fnt
|faint|p2a: Ribombee
|
|upkeep
|
|t:|1658770561
|switch|p2a: Kartana|Kartana|100/100
|turn|5
|
|t:|1658770564
|cant|p1a: Aegislash|par
|move|p2a: Kartana|Swords Dance|p2a: Kartana
|-boost|p2a: Kartana|atk|2
|
|upkeep
|turn|6
|j| tYtYuI
|j| Hella Rare Pepe
|
|t:|1658770572
|move|p1a: Aegislash|Shadow Sneak|p2a: Kartana
|-damage|p2a: Kartana|56/100
|move|p2a: Kartana|Knock Off|p1a: Aegislash
|-supereffective|p1a: Aegislash
|-damage|p1a: Aegislash|0 fnt
|-enditem|p1a: Aegislash|Weakness Policy|[from] move: Knock Off|[of] p2a: Kartana
|faint|p1a: Aegislash
|-ability|p2a: Kartana|Beast Boost|boost
|-boost|p2a: Kartana|spe|1
|
|-heal|p2a: Kartana|63/100|[from] item: Leftovers
|upkeep
|l| tYtYuI
|
|t:|1658770580
|switch|p1a: Ferrothorn|Ferrothorn, M|100/100
|-damage|p1a: Ferrothorn|95/100|[from] Stealth Rock
|-activate|p1a: Ferrothorn|move: Sticky Web
|-unboost|p1a: Ferrothorn|spe|1
|turn|7
|
|t:|1658770587
|move|p2a: Kartana|Swords Dance|p2a: Kartana
|-boost|p2a: Kartana|atk|2
|move|p1a: Ferrothorn|Body Press|p2a: Kartana
|-supereffective|p2a: Kartana
|-damage|p2a: Kartana|13/100
|
|-heal|p2a: Kartana|19/100|[from] item: Leftovers
|upkeep
|turn|8
|
|t:|1658770595
|move|p2a: Kartana|Sacred Sword|p1a: Ferrothorn
|-supereffective|p1a: Ferrothorn
|-damage|p1a: Ferrothorn|0 fnt
|-damage|p2a: Kartana|7/100|[from] ability: Iron Barbs|[of] p1a: Ferrothorn
|-damage|p2a: Kartana|0 fnt|[from] item: Rocky Helmet|[of] p1a: Ferrothorn
|faint|p1a: Ferrothorn
|faint|p2a: Kartana
|
|upkeep
|
|t:|1658770610
|switch|p2a: Landorus|Landorus-Therian, M|100/100
|switch|p1a: Landorus|Landorus-Therian, M|100/100
|-ability|p2a: Landorus|Intimidate|boost
|-unboost|p1a: Landorus|atk|1
|-damage|p1a: Landorus|88/100|[from] Stealth Rock
|-ability|p1a: Landorus|Intimidate|boost
|-unboost|p2a: Landorus|atk|1
|turn|9
|
|t:|1658770620
|move|p2a: Landorus|Substitute|p2a: Landorus
|-start|p2a: Landorus|Substitute
|-damage|p2a: Landorus|76/100
|move|p1a: Landorus|Defog|p2a: Landorus
|-sideend|p1: noudle soop|Stealth Rock|[from] move: Defog|[of] p1a: Landorus
|-sideend|p1: noudle soop|Sticky Web|[from] move: Defog|[of] p1a: Landorus
|
|-heal|p2a: Landorus|82/100|[from] item: Leftovers
|-heal|p1a: Landorus|94/100|[from] item: Leftovers
|upkeep
|turn|10
|
|t:|1658770628
|move|p2a: Landorus|Swords Dance|p2a: Landorus
|-boost|p2a: Landorus|atk|2
|move|p1a: Landorus|Knock Off|p2a: Landorus
|-activate|p2a: Landorus|move: Substitute|[damage]
|
|-heal|p2a: Landorus|88/100|[from] item: Leftovers
|-heal|p1a: Landorus|99/100|[from] item: Leftovers
|upkeep
|turn|11
|
|t:|1658770643
|move|p2a: Landorus|Stone Edge|p1a: Landorus
|-damage|p1a: Landorus|50/100
|move|p1a: Landorus|U-turn|p2a: Landorus
|-resisted|p2a: Landorus
|-end|p2a: Landorus|Substitute
|
|t:|1658770645
|switch|p1a: Storm|Blacephalon, shiny|100/100|[from]move: U-turn
|
|-heal|p2a: Landorus|94/100|[from] item: Leftovers
|upkeep
|turn|12
|
|t:|1658770655
|move|p1a: Storm|Overheat|p2a: Landorus
|-damage|p2a: Landorus|0 fnt
|-unboost|p1a: Storm|spa|2
|faint|p2a: Landorus
|-ability|p1a: Storm|Beast Boost|boost
|-boost|p1a: Storm|spa|1
|
|upkeep
|
|t:|1658770662
|switch|p2a: Blaziken|Blaziken, F|100/100
|-item|p2a: Blaziken|Air Balloon
|turn|13
|
|t:|1658770672
|switch|p1a: Hydreigon|Hydreigon, M|100/100
|move|p2a: Blaziken|Swords Dance|p2a: Blaziken
|-boost|p2a: Blaziken|atk|2
|
|-ability|p2a: Blaziken|Speed Boost|boost
|-boost|p2a: Blaziken|spe|1
|upkeep
|turn|14
|
|t:|1658770680
|move|p1a: Hydreigon|Draco Meteor|p2a: Blaziken
|-damage|p2a: Blaziken|5/100
|-unboost|p1a: Hydreigon|spa|2
|-enditem|p2a: Blaziken|Air Balloon
|move|p2a: Blaziken|Close Combat|p1a: Hydreigon
|-supereffective|p1a: Hydreigon
|-damage|p1a: Hydreigon|0 fnt
|-unboost|p2a: Blaziken|def|1
|-unboost|p2a: Blaziken|spd|1
|faint|p1a: Hydreigon
|
|-ability|p2a: Blaziken|Speed Boost|boost
|-boost|p2a: Blaziken|spe|1
|upkeep
|
|t:|1658770683
|switch|p1a: Landorus|Landorus-Therian, M|50/100
|-ability|p1a: Landorus|Intimidate|boost
|-unboost|p2a: Blaziken|atk|1
|turn|15
|
|t:|1658770704
|switch|p2a: Azumarill|Azumarill, F|100/100
|move|p1a: Landorus|U-turn|p2a: Azumarill
|-resisted|p2a: Azumarill
|-damage|p2a: Azumarill|89/100
|
|t:|1658770710
|switch|p1a: Rotom|Rotom-Wash, shiny|100/100|[from]move: U-turn
|
|upkeep
|turn|16
|j| ian_yo
|
|t:|1658770717
|move|p1a: Rotom|Volt Switch|p2a: Azumarill
|-supereffective|p2a: Azumarill
|-damage|p2a: Azumarill|37/100
|
|t:|1658770720
|switch|p1a: Landorus|Landorus-Therian, M|50/100|[from]move: Volt Switch
|-ability|p1a: Landorus|Intimidate|boost
|-unboost|p2a: Azumarill|atk|1
|move|p2a: Azumarill|Play Rough|p1a: Landorus
|-crit|p1a: Landorus
|-damage|p1a: Landorus|0 fnt
|faint|p1a: Landorus
|
|upkeep
|
|t:|1658770724
|switch|p1a: Rotom|Rotom-Wash, shiny|100/100
|turn|17
|c|☆noudle soop|gg
|-message|Fastbreak 3 forfeited.
|
|win|noudle soop
|raw|noudle soop's rating: 1847 &rarr; <strong>1863</strong><br />(+16 for winning)
|raw|Fastbreak 3's rating: 1768 &rarr; <strong>1752</strong><br />(-16 for losing)
|l|☆Fastbreak 3
|l|☆noudle soop
|l| Hella Rare Pepe
||Ladder isn't responding, score probably updated but might not have (Request timeout).
|l| foxyrocksjh
|l| Partynparadise
|l| ian_yo
