|j|☆gitt rektt
|j|☆Colonel Rivai
|t:|1658360836
|gametype|singles
|player|p1|gitt rektt|lucas-gen4pt|1576
|player|p2|Colonel Rivai|170|1584
|teamsize|p1|6
|teamsize|p2|6
|gen|8
|tier|[Gen 8] OU
|rated|
|rule|Sleep Clause Mod: Limit one foe put to sleep
|rule|Species Clause: Limit one of each Pokémon
|rule|OHKO Clause: OHKO moves are banned
|rule|Evasion Moves Clause: Evasion moves are banned
|rule|Endless Battle Clause: Forcing endless battles is banned
|rule|HP Percentage Mod: HP is shown in percentages
|rule|Dynamax Clause: You cannot dynamax
|clearpoke
|poke|p1|Chansey, F|
|poke|p1|Landorus-Therian, M|
|poke|p1|Dragapult, M|
|poke|p1|Toxapex, M|
|poke|p1|Slowking-Galar, M|
|poke|p1|Corviknight, F|
|poke|p2|Hydreigon, M|
|poke|p2|Kartana|
|poke|p2|Blacephalon|
|poke|p2|Landorus-Therian, M|
|poke|p2|Melmetal|
|poke|p2|Toxapex, F|
|teampreview
|inactive|Battle timer is ON: inactive players will automatically lose when time's up. (requested by Colonel Rivai)
|
|t:|1658360851
|start
|switch|p1a: Landorus|Landorus-Therian, M|100/100
|switch|p2a: Hydreigon|Hydreigon, M|100/100
|-ability|p1a: Landorus|Intimidate|boost
|-unboost|p2a: Hydreigon|atk|1
|turn|1
|
|t:|1658360856
|switch|p1a: Chansey|Chansey, F|100/100
|move|p2a: Hydreigon|U-turn|p1a: Chansey
|-damage|p1a: Chansey|85/100
|
|t:|1658360858
|switch|p2a: Kartana|Kartana|100/100|[from]move: U-turn
|
|upkeep
|turn|2
|
|t:|1658360862
|switch|p1a: Corviknight|Corviknight, F|100/100
|-ability|p1a: Corviknight|Pressure
|move|p2a: Kartana|Knock Off|p1a: Corviknight
|-damage|p1a: Corviknight|62/100
|-damage|p2a: Kartana|84/100|[from] item: Rocky Helmet|[of] p1a: Corviknight
|-enditem|p1a: Corviknight|Rocky Helmet|[from] move: Knock Off|[of] p2a: Kartana
|
|upkeep
|turn|3
|
|t:|1658360869
|switch|p2a: Blacephalon|Blacephalon|100/100
|move|p1a: Corviknight|Roost|p1a: Corviknight
|-heal|p1a: Corviknight|100/100
|-singleturn|p1a: Corviknight|move: Roost
|
|upkeep
|turn|4
|
|t:|1658360872
|switch|p1a: Toxapex|Toxapex, M|100/100
|move|p2a: Blacephalon|Trick|p1a: Toxapex
|-activate|p2a: Blacephalon|move: Trick|[of] p1a: Toxapex
|-item|p1a: Toxapex|Choice Scarf|[from] move: Trick
|-item|p2a: Blacephalon|Rocky Helmet|[from] move: Trick
|
|upkeep
|turn|5
|
|t:|1658360878
|switch|p2a: Toxapex|Toxapex, F|100/100
|move|p1a: Toxapex|Scald|p2a: Toxapex
|-resisted|p2a: Toxapex
|-damage|p2a: Toxapex|94/100
|
|upkeep
|turn|6
|
|t:|1658360882
|switch|p2a: Hydreigon|Hydreigon, M|100/100
|move|p1a: Toxapex|Scald|p2a: Hydreigon
|-resisted|p2a: Hydreigon
|-damage|p2a: Hydreigon|91/100
|-status|p2a: Hydreigon|brn
|
|-damage|p2a: Hydreigon|85/100 brn|[from] brn
|upkeep
|turn|7
|
|t:|1658360886
|move|p2a: Hydreigon|Superpower|p1a: Toxapex
|-resisted|p1a: Toxapex
|-damage|p1a: Toxapex|93/100
|-unboost|p2a: Hydreigon|atk|1
|-unboost|p2a: Hydreigon|def|1
|move|p1a: Toxapex|Scald|p2a: Hydreigon
|-resisted|p2a: Hydreigon
|-damage|p2a: Hydreigon|76/100 brn
|
|-damage|p2a: Hydreigon|69/100 brn|[from] brn
|upkeep
|turn|8
|
|t:|1658360893
|switch|p2a: Toxapex|Toxapex, F|100/100
|move|p1a: Toxapex|Scald|p2a: Toxapex
|-resisted|p2a: Toxapex
|-damage|p2a: Toxapex|93/100
|
|upkeep
|turn|9
|
|t:|1658360896
|switch|p2a: Hydreigon|Hydreigon, M|69/100 brn
|move|p1a: Toxapex|Scald|p2a: Hydreigon
|-resisted|p2a: Hydreigon
|-damage|p2a: Hydreigon|60/100 brn
|
|-damage|p2a: Hydreigon|54/100 brn|[from] brn
|upkeep
|turn|10
|
|t:|1658360900
|move|p2a: Hydreigon|Beat Up|p1a: Toxapex
|-crit|p1a: Toxapex
|-damage|p1a: Toxapex|87/100
|-damage|p1a: Toxapex|84/100
|-damage|p1a: Toxapex|79/100
|-damage|p1a: Toxapex|75/100
|-damage|p1a: Toxapex|71/100
|-damage|p1a: Toxapex|67/100
|-hitcount|p1a: Toxapex|6
|move|p1a: Toxapex|Scald|p2a: Hydreigon
|-resisted|p2a: Hydreigon
|-damage|p2a: Hydreigon|44/100 brn
|
|-damage|p2a: Hydreigon|37/100 brn|[from] brn
|upkeep
|turn|11
|
|t:|1658360903
|move|p2a: Hydreigon|Beat Up|p1a: Toxapex
|-damage|p1a: Toxapex|64/100
|-damage|p1a: Toxapex|62/100
|-damage|p1a: Toxapex|57/100
|-damage|p1a: Toxapex|53/100
|-damage|p1a: Toxapex|49/100
|-damage|p1a: Toxapex|45/100
|-hitcount|p1a: Toxapex|6
|move|p1a: Toxapex|Scald|p2a: Hydreigon
|-resisted|p2a: Hydreigon
|-damage|p2a: Hydreigon|28/100 brn
|
|-damage|p2a: Hydreigon|21/100 brn|[from] brn
|upkeep
|turn|12
|
|t:|1658360906
|move|p2a: Hydreigon|Beat Up|p1a: Toxapex
|-damage|p1a: Toxapex|41/100
|-damage|p1a: Toxapex|38/100
|-damage|p1a: Toxapex|33/100
|-damage|p1a: Toxapex|29/100
|-damage|p1a: Toxapex|25/100
|-damage|p1a: Toxapex|21/100
|-hitcount|p1a: Toxapex|6
|move|p1a: Toxapex|Scald|p2a: Hydreigon
|-resisted|p2a: Hydreigon
|-damage|p2a: Hydreigon|12/100 brn
|
|-damage|p2a: Hydreigon|6/100 brn|[from] brn
|upkeep
|turn|13
|
|t:|1658360910
|switch|p1a: Corviknight|Corviknight, F|100/100
|-ability|p1a: Corviknight|Pressure
|move|p2a: Hydreigon|Beat Up|p1a: Corviknight
|-damage|p1a: Corviknight|97/100
|-damage|p1a: Corviknight|94/100
|-damage|p1a: Corviknight|89/100
|-damage|p1a: Corviknight|85/100
|-damage|p1a: Corviknight|80/100
|-damage|p1a: Corviknight|77/100
|-hitcount|p1a: Corviknight|6
|
|-damage|p2a: Hydreigon|0 fnt|[from] brn
|faint|p2a: Hydreigon
|upkeep
|
|t:|1658360914
|switch|p2a: Blacephalon|Blacephalon|100/100
|turn|14
|
|t:|1658360918
|switch|p1a: Chansey|Chansey, F|85/100
|move|p2a: Blacephalon|Shadow Ball|p1a: Chansey
|-immune|p1a: Chansey
|
|upkeep
|turn|15
|
|t:|1658360925
|switch|p2a: Landorus|Landorus-Therian, M|100/100
|-ability|p2a: Landorus|Intimidate|boost
|-unboost|p1a: Chansey|atk|1
|switch|p1a: Toxapex|Toxapex, M|54/100
|
|upkeep
|turn|16
|
|t:|1658360928
|switch|p1a: Landorus|Landorus-Therian, M|100/100
|-ability|p1a: Landorus|Intimidate|boost
|-unboost|p2a: Landorus|atk|1
|move|p2a: Landorus|Stealth Rock|p1a: Landorus
|-sidestart|p1: gitt rektt|move: Stealth Rock
|
|upkeep
|turn|17
|
|t:|1658360931
|move|p1a: Landorus|Stealth Rock|p2a: Landorus
|-sidestart|p2: Colonel Rivai|move: Stealth Rock
|move|p2a: Landorus|U-turn|p1a: Landorus
|-resisted|p1a: Landorus
|-damage|p1a: Landorus|94/100
|
|t:|1658360933
|switch|p2a: Kartana|Kartana|84/100|[from]move: U-turn
|-damage|p2a: Kartana|78/100|[from] Stealth Rock
|
|-heal|p1a: Landorus|99/100|[from] item: Leftovers
|upkeep
|turn|18
|
|t:|1658360937
|switch|p1a: Corviknight|Corviknight, F|77/100
|-damage|p1a: Corviknight|64/100|[from] Stealth Rock
|-ability|p1a: Corviknight|Pressure
|move|p2a: Kartana|Leaf Blade|p1a: Corviknight
|-resisted|p1a: Corviknight
|-damage|p1a: Corviknight|51/100
|
|upkeep
|turn|19
|
|t:|1658360941
|switch|p2a: Melmetal|Melmetal|100/100
|-damage|p2a: Melmetal|94/100|[from] Stealth Rock
|move|p1a: Corviknight|Roost|p1a: Corviknight
|-heal|p1a: Corviknight|100/100
|-singleturn|p1a: Corviknight|move: Roost
|
|upkeep
|turn|20
|
|t:|1658360945
|move|p1a: Corviknight|Iron Defense|p1a: Corviknight
|-boost|p1a: Corviknight|def|2
|move|p2a: Melmetal|Double Iron Bash|p1a: Corviknight
|-resisted|p1a: Corviknight
|-damage|p1a: Corviknight|94/100
|-resisted|p1a: Corviknight
|-damage|p1a: Corviknight|87/100
|-hitcount|p1a: Corviknight|2
|
|upkeep
|turn|21
|
|t:|1658360948
|move|p1a: Corviknight|Body Press|p2a: Melmetal
|-supereffective|p2a: Melmetal
|-damage|p2a: Melmetal|31/100
|move|p2a: Melmetal|Thunder Punch|p1a: Corviknight
|-supereffective|p1a: Corviknight
|-damage|p1a: Corviknight|63/100
|-status|p1a: Corviknight|par
|
|upkeep
|turn|22
|
|t:|1658360954
|move|p2a: Melmetal|Double Iron Bash|p1a: Corviknight
|-resisted|p1a: Corviknight
|-damage|p1a: Corviknight|57/100 par
|-resisted|p1a: Corviknight
|-damage|p1a: Corviknight|50/100 par
|-hitcount|p1a: Corviknight|2
|cant|p1a: Corviknight|flinch
|
|upkeep
|turn|23
|j| Ryuzaki-kun
|
|t:|1658360959
|switch|p2a: Blacephalon|Blacephalon|100/100
|-damage|p2a: Blacephalon|76/100|[from] Stealth Rock
|move|p1a: Corviknight|Roost|p1a: Corviknight
|-heal|p1a: Corviknight|99/100 par
|-singleturn|p1a: Corviknight|move: Roost
|
|upkeep
|turn|24
|
|t:|1658360965
|switch|p1a: Toxapex|Toxapex, M|87/100
|-damage|p1a: Toxapex|75/100|[from] Stealth Rock
|move|p2a: Blacephalon|Trick|p1a: Toxapex
|-activate|p2a: Blacephalon|move: Trick|[of] p1a: Toxapex
|-item|p1a: Toxapex|Rocky Helmet|[from] move: Trick
|-item|p2a: Blacephalon|Choice Scarf|[from] move: Trick
|
|upkeep
|turn|25
|l|☆Colonel Rivai
|inactive|Colonel Rivai disconnected and has a minute to reconnect!
|player|p2|
|c|☆gitt rektt|run
|inactive|Colonel Rivai has 30 seconds to reconnect!
|l| Ryuzaki-kun
|inactive|Colonel Rivai has 20 seconds to reconnect!
|inactive|Colonel Rivai has 15 seconds to reconnect!
|inactive|Colonel Rivai has 10 seconds to reconnect!
|inactive|Colonel Rivai has 5 seconds to reconnect!
|-message|Colonel Rivai lost due to inactivity.
|
|win|gitt rektt
|raw|gitt rektt's rating: 1576 &rarr; <strong>1596</strong><br />(+20 for winning)
|raw|Colonel Rivai's rating: 1584 &rarr; <strong>1564</strong><br />(-20 for losing)
||Ladder isn't responding, score probably updated but might not have (Request timeout).
