|j|☆Pinkacross
|j|☆Scizor Boladao
|inactive|Battle timer is ON: inactive players will automatically lose when time's up.
|t:|1661301328
|gametype|singles
|player|p1|Pinkacross|102|
|player|p2|Scizor Boladao|caitlin-masters|
|teamsize|p1|6
|teamsize|p2|6
|gen|8
|tier|[Gen 8] OU
|rated|Tournament battle
|rule|Sleep Clause Mod: Limit one foe put to sleep
|rule|Species Clause: Limit one of each Pokémon
|rule|OHKO Clause: OHKO moves are banned
|rule|Evasion Items Clause: Evasion items are banned
|rule|Evasion Moves Clause: Evasion moves are banned
|rule|Endless Battle Clause: Forcing endless battles is banned
|rule|HP Percentage Mod: HP is shown in percentages
|rule|Dynamax Clause: You cannot dynamax
|clearpoke
|poke|p1|Moltres-Galar|
|poke|p1|Tapu Lele|
|poke|p1|Volcarona, M|
|poke|p1|Volcanion|
|poke|p1|Ninetales-Alola, M|
|poke|p1|Excadrill, F|
|poke|p2|Ferrothorn, F|
|poke|p2|Gastrodon-East, F|
|poke|p2|Clefable, M|
|poke|p2|Tyranitar, M|
|poke|p2|Buzzwole|
|poke|p2|Tornadus-Therian, M|
|teampreview
|j| Only Shedinja ツ
|j| SweetPainVGC
|c|☆Pinkacross|hf
|c|☆Scizor Boladao|u2
|
|t:|1661301352
|start
|switch|p1a: Excadrill|Excadrill, F|100/100
|switch|p2a: Buzzwole|Buzzwole|100/100
|-ability|p1a: Excadrill|Mold Breaker
|turn|1
|
|t:|1661301363
|switch|p1a: Moltres|Moltres-Galar|100/100
|move|p2a: Buzzwole|Drain Punch|p1a: Moltres
|-damage|p1a: Moltres|65/100
|
|upkeep
|turn|2
|
|t:|1661301374
|switch|p1a: Volcarona|Volcarona, M|100/100
|switch|p2a: Tyranitar|Tyranitar, M|100/100
|-weather|Sandstorm|[from] ability: Sand Stream|[of] p2a: Tyranitar
|
|-weather|Sandstorm|[upkeep]
|-damage|p1a: Volcarona|94/100|[from] Sandstorm
|upkeep
|turn|3
|
|t:|1661301386
|switch|p1a: Excadrill|Excadrill, F|100/100
|-ability|p1a: Excadrill|Mold Breaker
|move|p2a: Tyranitar|Stone Edge|p1a: Excadrill|[miss]
|-miss|p2a: Tyranitar|p1a: Excadrill
|
|-weather|Sandstorm|[upkeep]
|upkeep
|turn|4
|
|t:|1661301396
|switch|p1a: Volcarona|Volcarona, M|94/100
|switch|p2a: Ferrothorn|Ferrothorn, F|100/100
|
|-weather|Sandstorm|[upkeep]
|-damage|p1a: Volcarona|88/100|[from] Sandstorm
|upkeep
|turn|5
|
|t:|1661301410
|switch|p2a: Tyranitar|Tyranitar, M|100/100
|move|p1a: Volcarona|Quiver Dance|p1a: Volcarona
|-boost|p1a: Volcarona|spa|1
|-boost|p1a: Volcarona|spd|1
|-boost|p1a: Volcarona|spe|1
|
|-weather|Sandstorm|[upkeep]
|-damage|p1a: Volcarona|82/100|[from] Sandstorm
|upkeep
|turn|6
|
|t:|1661301413
|move|p1a: Volcarona|Bug Buzz|p2a: Tyranitar
|-supereffective|p2a: Tyranitar
|-damage|p2a: Tyranitar|0 fnt
|faint|p2a: Tyranitar
|-damage|p1a: Volcarona|72/100|[from] item: Life Orb
|
|-weather|none
|upkeep
|
|t:|1661301420
|switch|p2a: Clefable|Clefable, M|100/100
|turn|7
|
|t:|1661301422
|move|p1a: Volcarona|Fire Blast|p2a: Clefable
|-damage|p2a: Clefable|0 fnt
|faint|p2a: Clefable
|-damage|p1a: Volcarona|62/100|[from] item: Life Orb
|
|upkeep
|
|t:|1661301427
|switch|p2a: Tornadus|Tornadus-Therian, M|100/100
|turn|8
|
|t:|1661301430
|move|p1a: Volcarona|Fire Blast|p2a: Tornadus
|-damage|p2a: Tornadus|0 fnt
|faint|p2a: Tornadus
|-damage|p1a: Volcarona|52/100|[from] item: Life Orb
|
|upkeep
|c| SweetPainVGC|au
|
|t:|1661301444
|switch|p2a: Buzzwole|Buzzwole|100/100
|turn|9
|c|☆Pinkacross|es increible fuerte
|c| Only Shedinja ツ|que facil. xD
|
|t:|1661301452
|move|p1a: Volcarona|Psychic|p2a: Buzzwole
|-supereffective|p2a: Buzzwole
|-damage|p2a: Buzzwole|0 fnt
|faint|p2a: Buzzwole
|-damage|p1a: Volcarona|42/100|[from] item: Life Orb
|
|upkeep
|
|t:|1661301455
|switch|p2a: Gastrodon|Gastrodon-East, F|100/100
|turn|10
|
|t:|1661301457
|move|p1a: Volcarona|Bug Buzz|p2a: Gastrodon
|-damage|p2a: Gastrodon|30/100
|-damage|p1a: Volcarona|32/100|[from] item: Life Orb
|move|p2a: Gastrodon|Earthquake|p1a: Volcarona
|-damage|p1a: Volcarona|0 fnt
|faint|p1a: Volcarona
|
|-heal|p2a: Gastrodon|36/100|[from] item: Leftovers
|upkeep
|c| SweetPainVGC|es modesto
|-message|Scizor Boladao forfeited.
|
|win|Pinkacross
|n|☆Pinkacross|pinkacross
|n|☆Scizor Boladao|scizorboladao
|n| Only Shedinja ツ|onlyshedinja
|n| SweetPainVGC|sweetpainvgc
|l|☆Scizor Boladao
