|html|<div class="broadcast-blue"><strong>[Gen 8] OU is currently suspecting Melmetal! For information on how to participate check out the <a href="https://www.smogon.com/forums/threads/np-ss-ou-suspect-process-round-12-monster-mash.3709234/">suspect thread</a>.</strong></div>
|j|☆Libski
|j|☆tanishq1
|t:|1665655303
|gametype|singles
|player|p1|Libski|bianca-pwt|1720
|player|p2|tanishq1|2|1719
|teamsize|p1|6
|teamsize|p2|6
|gen|8
|tier|[Gen 8] OU
|rated|
|rule|Sleep Clause Mod: Limit one foe put to sleep
|rule|Species Clause: Limit one of each Pokémon
|rule|OHKO Clause: OHKO moves are banned
|rule|Evasion Items Clause: Evasion items are banned
|rule|Evasion Moves Clause: Evasion moves are banned
|rule|Endless Battle Clause: Forcing endless battles is banned
|rule|HP Percentage Mod: HP is shown in percentages
|rule|Dynamax Clause: You cannot dynamax
|clearpoke
|poke|p1|Hatterene, F|
|poke|p1|Volcanion|
|poke|p1|Landorus-Therian, M|
|poke|p1|Ferrothorn, M|
|poke|p1|Toxapex, F|
|poke|p1|Dragapult, F|
|poke|p2|Urshifu-*, F|
|poke|p2|Heatran, M|
|poke|p2|Toxapex, M|
|poke|p2|Landorus-Therian, M|
|poke|p2|Tapu Lele|
|poke|p2|Kartana|
|teampreview
|inactive|Battle timer is ON: inactive players will automatically lose when time's up. (requested by tanishq1)
|
|t:|1665655326
|start
|switch|p1a: OU|Landorus-Therian, M|100/100
|switch|p2a: Toxapex|Toxapex, M|100/100
|-ability|p1a: OU|Intimidate|boost
|-unboost|p2a: Toxapex|atk|1
|turn|1
|
|t:|1665655331
|move|p1a: OU|U-turn|p2a: Toxapex
|-resisted|p2a: Toxapex
|-damage|p2a: Toxapex|92/100
|-damage|p1a: OU|84/100|[from] item: Rocky Helmet|[of] p2a: Toxapex
|
|t:|1665655334
|switch|p1a: Femboy Libra|Hatterene, F|100/100|[from]move: U-turn
|move|p2a: Toxapex|Toxic|p1a: Femboy Libra
|move|p1a: Femboy Libra|Toxic|p2a: Toxapex|[from]ability: Magic Bounce
|-immune|p2a: Toxapex
|
|upkeep
|turn|2
|
|t:|1665655338
|switch|p1a: Ring of Death|Volcanion|100/100
|switch|p2a: Heatran|Heatran, M|100/100
|-item|p2a: Heatran|Air Balloon
|
|upkeep
|turn|3
|
|t:|1665655341
|switch|p2a: Toxapex|Toxapex, M|100/100
|move|p1a: Ring of Death|Steam Eruption|p2a: Toxapex
|-resisted|p2a: Toxapex
|-damage|p2a: Toxapex|74/100
|-status|p2a: Toxapex|brn
|
|-damage|p2a: Toxapex|68/100 brn|[from] brn
|upkeep
|turn|4
|
|t:|1665655344
|move|p1a: Ring of Death|Steam Eruption|p2a: Toxapex|[miss]
|-miss|p1a: Ring of Death|p2a: Toxapex
|move|p2a: Toxapex|Recover|p2a: Toxapex
|-heal|p2a: Toxapex|100/100 brn
|
|-damage|p2a: Toxapex|94/100 brn|[from] brn
|upkeep
|turn|5
|
|t:|1665655347
|switch|p1a: Femboy Libra|Hatterene, F|100/100
|move|p2a: Toxapex|Scald|p1a: Femboy Libra
|-damage|p1a: Femboy Libra|84/100
|-status|p1a: Femboy Libra|brn
|
|-heal|p1a: Femboy Libra|90/100 brn|[from] item: Leftovers
|-damage|p1a: Femboy Libra|84/100 brn|[from] brn
|-damage|p2a: Toxapex|88/100 brn|[from] brn
|upkeep
|turn|6
|j| dmorgan3
|
|t:|1665655350
|move|p1a: Femboy Libra|Psyshock|p2a: Toxapex
|-supereffective|p2a: Toxapex
|-damage|p2a: Toxapex|33/100 brn
|move|p2a: Toxapex|Toxic|p1a: Femboy Libra
|move|p1a: Femboy Libra|Toxic||[from]ability: Magic Bounce|[still]
|-fail|p1a: Femboy Libra
|
|-heal|p1a: Femboy Libra|90/100 brn|[from] item: Leftovers
|-damage|p1a: Femboy Libra|84/100 brn|[from] brn
|-damage|p2a: Toxapex|26/100 brn|[from] brn
|upkeep
|turn|7
|
|t:|1665655355
|switch|p2a: Heatran|Heatran, M|100/100
|-item|p2a: Heatran|Air Balloon
|move|p1a: Femboy Libra|Psyshock|p2a: Heatran
|-resisted|p2a: Heatran
|-damage|p2a: Heatran|83/100
|-enditem|p2a: Heatran|Air Balloon
|
|-heal|p1a: Femboy Libra|90/100 brn|[from] item: Leftovers
|-damage|p1a: Femboy Libra|84/100 brn|[from] brn
|upkeep
|turn|8
|j| The Tokyo
|l| The Tokyo
|
|t:|1665655367
|move|p2a: Heatran|Magma Storm|p1a: Femboy Libra
|-damage|p1a: Femboy Libra|23/100 brn
|-activate|p1a: Femboy Libra|move: Magma Storm|[of] p2a: Heatran
|move|p1a: Femboy Libra|Psyshock|p2a: Heatran
|-resisted|p2a: Heatran
|-damage|p2a: Heatran|63/100
|
|-heal|p1a: Femboy Libra|29/100 brn|[from] item: Leftovers
|-damage|p1a: Femboy Libra|23/100 brn|[from] brn
|-damage|p1a: Femboy Libra|11/100 brn|[from] move: Magma Storm|[partiallytrapped]
|upkeep
|turn|9
|j| trisew
|
|t:|1665655370
|move|p2a: Heatran|Earth Power|p1a: Femboy Libra
|-damage|p1a: Femboy Libra|0 fnt
|faint|p1a: Femboy Libra
|
|upkeep
|
|t:|1665655372
|switch|p1a: Ring of Death|Volcanion|100/100
|turn|10
|
|t:|1665655377
|switch|p2a: Landorus|Landorus-Therian, M|100/100
|-ability|p2a: Landorus|Intimidate|boost
|-unboost|p1a: Ring of Death|atk|1
|move|p1a: Ring of Death|Steam Eruption|p2a: Landorus
|-supereffective|p2a: Landorus
|-damage|p2a: Landorus|0 fnt
|faint|p2a: Landorus
|
|upkeep
|
|t:|1665655383
|switch|p2a: Toxapex|Toxapex, M|60/100 brn
|turn|11
|
|t:|1665655391
|switch|p1a: Spiki boi|Ferrothorn, M|100/100
|move|p2a: Toxapex|Recover|p2a: Toxapex
|-heal|p2a: Toxapex|100/100 brn
|
|-damage|p2a: Toxapex|94/100 brn|[from] brn
|upkeep
|turn|12
|
|t:|1665655396
|switch|p2a: Heatran|Heatran, M|63/100
|move|p1a: Spiki boi|Leech Seed|p2a: Heatran
|-start|p2a: Heatran|move: Leech Seed
|
|-damage|p2a: Heatran|51/100|[from] Leech Seed|[of] p1a: Spiki boi
|upkeep
|turn|13
|
|t:|1665655399
|switch|p1a: Ring of Death|Volcanion|100/100
|move|p2a: Heatran|Stealth Rock|p1a: Ring of Death
|-sidestart|p1: Libski|move: Stealth Rock
|
|-damage|p2a: Heatran|39/100|[from] Leech Seed|[of] p1a: Ring of Death
|upkeep
|turn|14
|
|t:|1665655403
|switch|p2a: Toxapex|Toxapex, M|100/100 brn
|move|p1a: Ring of Death|Earth Power|p2a: Toxapex
|-supereffective|p2a: Toxapex
|-damage|p2a: Toxapex|35/100 brn
|
|-damage|p2a: Toxapex|28/100 brn|[from] brn
|upkeep
|turn|15
|
|t:|1665655406
|switch|p2a: Tapu Lele|Tapu Lele|100/100
|-fieldstart|move: Psychic Terrain|[from] ability: Psychic Surge|[of] p2a: Tapu Lele
|move|p1a: Ring of Death|Earth Power|p2a: Tapu Lele
|-damage|p2a: Tapu Lele|48/100
|
|upkeep
|turn|16
|
|t:|1665655410
|switch|p1a: Spiki boi|Ferrothorn, M|100/100
|-damage|p1a: Spiki boi|94/100|[from] Stealth Rock
|move|p2a: Tapu Lele|Focus Blast|p1a: Spiki boi|[miss]
|-miss|p2a: Tapu Lele|p1a: Spiki boi
|
|-heal|p1a: Spiki boi|100/100|[from] item: Leftovers
|upkeep
|turn|17
|
|t:|1665655414
|switch|p1a: Spærm kanon|Dragapult, F|100/100
|-damage|p1a: Spærm kanon|88/100|[from] Stealth Rock
|move|p2a: Tapu Lele|Focus Blast|p1a: Spærm kanon
|-immune|p1a: Spærm kanon
|
|upkeep
|turn|18
|
|t:|1665655419
|switch|p2a: Heatran|Heatran, M|39/100
|move|p1a: Spærm kanon|Shadow Ball|p2a: Heatran
|-damage|p2a: Heatran|0 fnt
|faint|p2a: Heatran
|
|upkeep
|
|t:|1665655422
|switch|p2a: Kartana|Kartana, shiny|100/100
|turn|19
|
|t:|1665655426
|switch|p1a: Ur mom|Toxapex, F|100/100
|-damage|p1a: Ur mom|88/100|[from] Stealth Rock
|move|p2a: Kartana|Swords Dance|p2a: Kartana
|-boost|p2a: Kartana|atk|2
|
|-fieldend|move: Psychic Terrain
|upkeep
|turn|20
|
|t:|1665655430
|move|p2a: Kartana|Leaf Blade|p1a: Ur mom
|-damage|p1a: Ur mom|13/100
|move|p1a: Ur mom|Haze|p1a: Ur mom
|-clearallboost
|
|upkeep
|turn|21
|
|t:|1665655440
|move|p2a: Kartana|Swords Dance|p2a: Kartana
|-boost|p2a: Kartana|atk|2
|move|p1a: Ur mom|Scald|p2a: Kartana
|-resisted|p2a: Kartana
|-damage|p2a: Kartana|76/100
|
|upkeep
|turn|22
|
|t:|1665655443
|move|p2a: Kartana|Knock Off|p1a: Ur mom
|-crit|p1a: Ur mom
|-damage|p1a: Ur mom|0 fnt
|-enditem|p1a: Ur mom|Rocky Helmet|[from] move: Knock Off|[of] p2a: Kartana
|faint|p1a: Ur mom
|-ability|p2a: Kartana|Beast Boost|boost
|-boost|p2a: Kartana|atk|1
|
|upkeep
|
|t:|1665655445
|switch|p1a: Spærm kanon|Dragapult, F|88/100
|-damage|p1a: Spærm kanon|76/100|[from] Stealth Rock
|turn|23
|j| Youressi
|
|t:|1665655447
|switch|p2a: Toxapex|Toxapex, M|62/100 brn
|move|p1a: Spærm kanon|Shadow Ball|p2a: Toxapex
|-damage|p2a: Toxapex|24/100 brn
|
|-damage|p2a: Toxapex|18/100 brn|[from] brn
|upkeep
|turn|24
|
|t:|1665655451
|move|p1a: Spærm kanon|Shadow Ball|p2a: Toxapex
|-damage|p2a: Toxapex|0 fnt
|faint|p2a: Toxapex
|
|upkeep
|
|t:|1665655453
|switch|p2a: Tapu Lele|Tapu Lele|48/100
|-fieldstart|move: Psychic Terrain|[from] ability: Psychic Surge|[of] p2a: Tapu Lele
|turn|25
|
|t:|1665655456
|switch|p1a: Spiki boi|Ferrothorn, M|100/100
|-damage|p1a: Spiki boi|94/100|[from] Stealth Rock
|move|p2a: Tapu Lele|Moonblast|p1a: Spiki boi
|-resisted|p1a: Spiki boi
|-damage|p1a: Spiki boi|75/100
|-unboost|p1a: Spiki boi|spa|1
|
|-heal|p1a: Spiki boi|81/100|[from] item: Leftovers
|upkeep
|turn|26
|
|t:|1665655464
|switch|p2a: Kartana|Kartana, shiny|76/100
|move|p1a: Spiki boi|Body Press|p2a: Kartana
|-supereffective|p2a: Kartana
|-damage|p2a: Kartana|17/100
|
|-heal|p1a: Spiki boi|87/100|[from] item: Leftovers
|upkeep
|turn|27
|
|t:|1665655473
|switch|p1a: Ring of Death|Volcanion|100/100
|-damage|p1a: Ring of Death|76/100|[from] Stealth Rock
|move|p2a: Kartana|Knock Off|p1a: Ring of Death
|-damage|p1a: Ring of Death|37/100
|-enditem|p1a: Ring of Death|Choice Specs|[from] move: Knock Off|[of] p2a: Kartana
|
|upkeep
|turn|28
|
|t:|1665655476
|move|p2a: Kartana|Leaf Blade|p1a: Ring of Death
|-damage|p1a: Ring of Death|0 fnt
|faint|p1a: Ring of Death
|-ability|p2a: Kartana|Beast Boost|boost
|-boost|p2a: Kartana|atk|1
|
|upkeep
|
|t:|1665655479
|switch|p1a: Spærm kanon|Dragapult, F|76/100
|-damage|p1a: Spærm kanon|64/100|[from] Stealth Rock
|turn|29
|
|t:|1665655482
|move|p1a: Spærm kanon|Shadow Ball|p2a: Kartana
|-damage|p2a: Kartana|0 fnt
|faint|p2a: Kartana
|
|-fieldend|move: Psychic Terrain
|upkeep
|
|t:|1665655483
|switch|p2a: Tapu Lele|Tapu Lele|48/100
|-fieldstart|move: Psychic Terrain|[from] ability: Psychic Surge|[of] p2a: Tapu Lele
|turn|30
|
|t:|1665655489
|switch|p1a: OU|Landorus-Therian, M|84/100
|-damage|p1a: OU|72/100|[from] Stealth Rock
|-ability|p1a: OU|Intimidate|boost
|-unboost|p2a: Tapu Lele|atk|1
|move|p2a: Tapu Lele|Focus Blast|p1a: OU
|-resisted|p1a: OU
|-damage|p1a: OU|56/100
|
|-heal|p1a: OU|62/100|[from] item: Leftovers
|upkeep
|turn|31
|
|t:|1665655493
|switch|p2a: Urshifu|Urshifu-Rapid-Strike, F|100/100
|move|p1a: OU|U-turn|p2a: Urshifu
|-resisted|p2a: Urshifu
|-damage|p2a: Urshifu|89/100
|
|t:|1665655496
|switch|p1a: Spærm kanon|Dragapult, F|64/100|[from]move: U-turn
|-damage|p1a: Spærm kanon|51/100|[from] Stealth Rock
|
|upkeep
|turn|32
|
|t:|1665655502
|switch|p1a: Spiki boi|Ferrothorn, M|87/100
|-damage|p1a: Spiki boi|81/100|[from] Stealth Rock
|move|p2a: Urshifu|Surging Strikes|p1a: Spiki boi
|-resisted|p1a: Spiki boi
|-crit|p1a: Spiki boi
|-damage|p1a: Spiki boi|71/100
|-damage|p2a: Urshifu|77/100|[from] ability: Iron Barbs|[of] p1a: Spiki boi
|-resisted|p1a: Spiki boi
|-crit|p1a: Spiki boi
|-damage|p1a: Spiki boi|61/100
|-damage|p2a: Urshifu|65/100|[from] ability: Iron Barbs|[of] p1a: Spiki boi
|-resisted|p1a: Spiki boi
|-crit|p1a: Spiki boi
|-damage|p1a: Spiki boi|51/100
|-damage|p2a: Urshifu|52/100|[from] ability: Iron Barbs|[of] p1a: Spiki boi
|-hitcount|p1a: Spiki boi|3
|
|-heal|p1a: Spiki boi|57/100|[from] item: Leftovers
|upkeep
|turn|33
|
|t:|1665655511
|switch|p1a: OU|Landorus-Therian, M|62/100
|-damage|p1a: OU|49/100|[from] Stealth Rock
|-ability|p1a: OU|Intimidate|boost
|-unboost|p2a: Urshifu|atk|1
|move|p2a: Urshifu|Surging Strikes|p1a: OU
|-supereffective|p1a: OU
|-crit|p1a: OU
|-damage|p1a: OU|0 fnt
|faint|p1a: OU
|-hitcount|p1: OU|1
|
|upkeep
|
|t:|1665655513
|switch|p1a: Spærm kanon|Dragapult, F|51/100
|-damage|p1a: Spærm kanon|39/100|[from] Stealth Rock
|turn|34
|
|t:|1665655515
|move|p1a: Spærm kanon|Shadow Ball|p2a: Urshifu
|-damage|p2a: Urshifu|0 fnt
|faint|p2a: Urshifu
|
|-fieldend|move: Psychic Terrain
|upkeep
|
|t:|1665655517
|switch|p2a: Tapu Lele|Tapu Lele|48/100
|-fieldstart|move: Psychic Terrain|[from] ability: Psychic Surge|[of] p2a: Tapu Lele
|turn|35
|j| Ran Kob
|
|t:|1665655519
|move|p2a: Tapu Lele|Moonblast|p1a: Spærm kanon
|-supereffective|p1a: Spærm kanon
|-damage|p1a: Spærm kanon|0 fnt
|faint|p1a: Spærm kanon
|
|upkeep
|
|t:|1665655521
|switch|p1a: Spiki boi|Ferrothorn, M|57/100
|-damage|p1a: Spiki boi|51/100|[from] Stealth Rock
|turn|36
|
|t:|1665655522
|move|p2a: Tapu Lele|Moonblast|p1a: Spiki boi
|-resisted|p1a: Spiki boi
|-damage|p1a: Spiki boi|33/100
|move|p1a: Spiki boi|Leech Seed|p2a: Tapu Lele
|-start|p2a: Tapu Lele|move: Leech Seed
|
|-heal|p1a: Spiki boi|39/100|[from] item: Leftovers
|-damage|p2a: Tapu Lele|36/100|[from] Leech Seed|[of] p1a: Spiki boi
|-heal|p1a: Spiki boi|49/100|[silent]
|upkeep
|turn|37
|
|t:|1665655527
|move|p2a: Tapu Lele|Moonblast|p1a: Spiki boi
|-resisted|p1a: Spiki boi
|-damage|p1a: Spiki boi|31/100
|move|p1a: Spiki boi|Body Press|p2a: Tapu Lele
|-resisted|p2a: Tapu Lele
|-damage|p2a: Tapu Lele|26/100
|
|-heal|p1a: Spiki boi|38/100|[from] item: Leftovers
|-damage|p2a: Tapu Lele|14/100|[from] Leech Seed|[of] p1a: Spiki boi
|-heal|p1a: Spiki boi|48/100|[silent]
|upkeep
|turn|38
|
|t:|1665655528
|move|p2a: Tapu Lele|Moonblast|p1a: Spiki boi
|-resisted|p1a: Spiki boi
|-damage|p1a: Spiki boi|29/100
|move|p1a: Spiki boi|Knock Off|p2a: Tapu Lele
|-damage|p2a: Tapu Lele|0 fnt
|-enditem|p2a: Tapu Lele|Choice Scarf|[from] move: Knock Off|[of] p1a: Spiki boi
|faint|p2a: Tapu Lele
|
|win|Libski
|raw|Libski's rating: 1720 &rarr; <strong>1741</strong><br />(+21 for winning)
|raw|tanishq1's rating: 1744 &rarr; <strong>1723</strong><br />(-21 for losing)
|l|☆tanishq1
