|raw|<div class="broadcast-blue"><strong>This battle is required to be public due to a player having a name starting with 'lt94je'.</div>
|j|☆LT94JECRYANDHIDE
|j|‽kinetic chain
|t:|1661645770
|gametype|singles
|player|p1|LT94JECRYANDHIDE|sonia-masters|1874
|player|p2|kinetic chain|giovanni-gen1|1840
|teamsize|p1|6
|teamsize|p2|6
|gen|8
|tier|[Gen 8] OU
|rated|
|rule|Sleep Clause Mod: Limit one foe put to sleep
|rule|Species Clause: Limit one of each Pokémon
|rule|OHKO Clause: OHKO moves are banned
|rule|Evasion Items Clause: Evasion items are banned
|rule|Evasion Moves Clause: Evasion moves are banned
|rule|Endless Battle Clause: Forcing endless battles is banned
|rule|HP Percentage Mod: HP is shown in percentages
|rule|Dynamax Clause: You cannot dynamax
|clearpoke
|poke|p1|Dragapult, M|
|poke|p1|Kartana|
|poke|p1|Tapu Fini|
|poke|p1|Landorus-Therian, M|
|poke|p1|Heatran, M|
|poke|p1|Weavile, M|
|poke|p2|Dragapult, M|
|poke|p2|Landorus-Therian, M|
|poke|p2|Kartana|
|poke|p2|Bisharp, M|
|poke|p2|Scizor, M|
|poke|p2|Blaziken, M|
|teampreview
|inactive|Battle timer is ON: inactive players will automatically lose when time's up. (requested by LT94JECRYANDHIDE)
|j| isabela000◥▶_◀◤
|
|t:|1661645798
|start
|switch|p1a: Tapu Fini|Tapu Fini|100/100
|switch|p2a: Bisharp|Bisharp, M, shiny|100/100
|-fieldstart|move: Misty Terrain|[from] ability: Misty Surge|[of] p1a: Tapu Fini
|turn|1
|j| bw babynoob
|
|t:|1661645816
|switch|p1a: Heatran|Heatran, M|100/100
|move|p2a: Bisharp|Iron Head|p1a: Heatran
|-resisted|p1a: Heatran
|-damage|p1a: Heatran|91/100
|
|-heal|p1a: Heatran|97/100|[from] item: Leftovers
|upkeep
|turn|2
|j|+starmaster
|
|t:|1661645824
|switch|p2a: Landorus|Landorus-Therian, M, shiny|100/100
|-ability|p2a: Landorus|Intimidate|boost
|-unboost|p1a: Heatran|atk|1
|move|p1a: Heatran|Lava Plume|p2a: Landorus
|-damage|p2a: Landorus|58/100
|
|-heal|p1a: Heatran|100/100|[from] item: Leftovers
|upkeep
|turn|3
|
|t:|1661645830
|switch|p1a: Landorus|Landorus-Therian, M|100/100
|-ability|p1a: Landorus|Intimidate|boost
|-unboost|p2a: Landorus|atk|1
|move|p2a: Landorus|Stealth Rock|p1a: Landorus
|-sidestart|p1: LT94JECRYANDHIDE|move: Stealth Rock
|
|upkeep
|turn|4
|
|t:|1661645839
|move|p1a: Landorus|U-turn|p2a: Landorus
|-resisted|p2a: Landorus
|-damage|p2a: Landorus|44/100
|
|t:|1661645842
|switch|p1a: Heatran|Heatran, M|100/100|[from]move: U-turn
|-damage|p1a: Heatran|88/100|[from] Stealth Rock
|move|p2a: Landorus|Explosion|p1a: Heatran
|-resisted|p1a: Heatran
|-damage|p1a: Heatran|62/100
|faint|p2a: Landorus
|
|-heal|p1a: Heatran|69/100|[from] item: Leftovers
|upkeep
|
|t:|1661645855
|switch|p2a: Kartana|Kartana, shiny|100/100
|turn|5
|
|t:|1661645869
|switch|p1a: Landorus|Landorus-Therian, M|100/100
|-damage|p1a: Landorus|88/100|[from] Stealth Rock
|-ability|p1a: Landorus|Intimidate|boost
|-unboost|p2a: Kartana|atk|1
|move|p2a: Kartana|Sacred Sword|p1a: Landorus
|-resisted|p1a: Landorus
|-damage|p1a: Landorus|68/100
|-damage|p2a: Kartana|91/100|[from] item: Life Orb
|
|-fieldend|Misty Terrain
|upkeep
|turn|6
|
|t:|1661645878
|move|p1a: Landorus|Defog|p2a: Kartana
|-unboost|p2a: Kartana|evasion|1
|-sideend|p1: LT94JECRYANDHIDE|Stealth Rock|[from] move: Defog|[of] p1a: Landorus
|move|p2a: Kartana|Knock Off|p1a: Landorus
|-damage|p1a: Landorus|22/100
|-enditem|p1a: Landorus|Choice Scarf|[from] move: Knock Off|[of] p2a: Kartana
|-damage|p2a: Kartana|81/100|[from] item: Life Orb
|
|upkeep
|turn|7
|j| Curryisnotgood
|
|t:|1661645898
|move|p2a: Kartana|Knock Off|p1a: Landorus
|-damage|p1a: Landorus|0 fnt
|faint|p1a: Landorus
|-ability|p2a: Kartana|Beast Boost|boost
|-boost|p2a: Kartana|atk|1
|-damage|p2a: Kartana|72/100|[from] item: Life Orb
|
|upkeep
|
|t:|1661645915
|switch|p1a: Weavile|Weavile, M|100/100
|-ability|p1a: Weavile|Pressure
|turn|8
|
|t:|1661645921
|move|p1a: Weavile|Knock Off|p2a: Kartana
|-damage|p2a: Kartana|0 fnt
|-enditem|p2a: Kartana|Life Orb|[from] move: Knock Off|[of] p1a: Weavile
|faint|p2a: Kartana
|
|upkeep
|
|t:|1661645925
|switch|p2a: Bisharp|Bisharp, M, shiny|100/100
|turn|9
|
|t:|1661645931
|switch|p1a: Kartana|Kartana|100/100
|move|p2a: Bisharp|Swords Dance|p2a: Bisharp
|-boost|p2a: Bisharp|atk|2
|
|upkeep
|turn|10
|
|t:|1661645936
|switch|p2a: Dragapult|Dragapult, M, shiny|100/100
|move|p1a: Kartana|Sacred Sword|p2a: Dragapult
|-immune|p2a: Dragapult
|
|upkeep
|turn|11
|inactive|LT94JECRYANDHIDE has 120 seconds left.
|
|t:|1661645988
|move|p2a: Dragapult|Shadow Ball|p1a: Kartana
|-damage|p1a: Kartana|0 fnt
|faint|p1a: Kartana
|
|upkeep
|
|t:|1661645989
|switch|p1a: Weavile|Weavile, M|100/100
|-ability|p1a: Weavile|Pressure
|turn|12
|
|t:|1661646001
|move|p1a: Weavile|Knock Off|p2a: Dragapult
|-supereffective|p2a: Dragapult
|-damage|p2a: Dragapult|0 fnt
|-enditem|p2a: Dragapult|Choice Specs|[from] move: Knock Off|[of] p1a: Weavile
|faint|p2a: Dragapult
|
|upkeep
|
|t:|1661646005
|switch|p2a: Bisharp|Bisharp, M, shiny|100/100
|turn|13
|inactive|LT94JECRYANDHIDE has 120 seconds left.
|
|t:|1661646017
|switch|p1a: Heatran|Heatran, M|69/100
|move|p2a: Bisharp|Swords Dance|p2a: Bisharp
|-boost|p2a: Bisharp|atk|2
|
|-heal|p1a: Heatran|75/100|[from] item: Leftovers
|upkeep
|turn|14
|
|t:|1661646019
|switch|p1a: Weavile|Weavile, M|100/100
|-ability|p1a: Weavile|Pressure
|move|p2a: Bisharp|Knock Off|p1a: Weavile
|-resisted|p1a: Weavile
|-damage|p1a: Weavile|0 fnt
|-enditem|p1a: Weavile|Choice Band|[from] move: Knock Off|[of] p2a: Bisharp
|faint|p1a: Weavile
|
|upkeep
|
|t:|1661646028
|switch|p1a: Heatran|Heatran, M|75/100
|turn|15
|
|t:|1661646030
|move|p2a: Bisharp|Knock Off|p1a: Heatran
|-crit|p1a: Heatran
|-damage|p1a: Heatran|0 fnt
|-enditem|p1a: Heatran|Leftovers|[from] move: Knock Off|[of] p2a: Bisharp
|faint|p1a: Heatran
|
|upkeep
|-message|LT94JECRYANDHIDE forfeited.
|
|win|kinetic chain
|raw|LT94JECRYANDHIDE's rating: 1874 &rarr; <strong>1852</strong><br />(-22 for losing)
|raw|kinetic chain's rating: 1840 &rarr; <strong>1862</strong><br />(+22 for winning)
|l|☆LT94JECRYANDHIDE
|l|‽kinetic chain
|l| Curryisnotgood
|l| bw babynoob
|l| isabela000◥▶_◀◤
||Ladder isn't responding, score probably updated but might not have (Request timeout).
