|j|☆mbetta1
|j|☆Down$hift
|t:|1656519945
|gametype|singles
|player|p1|mbetta1|hilbert|1700
|player|p2|Down$hift|teamrocket|1824
|teamsize|p1|6
|teamsize|p2|6
|gen|8
|tier|[Gen 8] OU
|rated|
|rule|Sleep Clause Mod: Limit one foe put to sleep
|rule|Species Clause: Limit one of each Pokémon
|rule|OHKO Clause: OHKO moves are banned
|rule|Evasion Moves Clause: Evasion moves are banned
|rule|Endless Battle Clause: Forcing endless battles is banned
|rule|HP Percentage Mod: HP is shown in percentages
|rule|Dynamax Clause: You cannot dynamax
|clearpoke
|poke|p1|Dragapult, F|
|poke|p1|Garchomp, M|
|poke|p1|Rillaboom, M|
|poke|p1|Zeraora|
|poke|p1|Blaziken, M|
|poke|p1|Tapu Lele|
|poke|p2|Magnezone|
|poke|p2|Volcarona, M|
|poke|p2|Clefable, M|
|poke|p2|Tornadus-Therian, M|
|poke|p2|Toxapex, F|
|poke|p2|Landorus-Therian, M|
|teampreview
|j| imzosi
|c|☆Down$hift|hf
|j| Ran Kob
|l| Ran Kob
|
|t:|1656520021
|start
|switch|p1a: Garchomp|Garchomp, M|100/100
|switch|p2a: LandOUrus-T|Landorus-Therian, M|100/100
|-ability|p2a: LandOUrus-T|Intimidate|boost
|-unboost|p1a: Garchomp|atk|1
|turn|1
|
|t:|1656520030
|switch|p2a: Pink Menace|Clefable, M|100/100
|move|p1a: Garchomp|Stealth Rock|p2a: Pink Menace
|-sidestart|p2: Down$hift|move: Stealth Rock
|
|upkeep
|turn|2
|
|t:|1656520044
|switch|p1a: Rillaboom|Rillaboom, M|100/100
|-fieldstart|move: Grassy Terrain|[from] ability: Grassy Surge|[of] p1a: Rillaboom
|move|p2a: Pink Menace|Stealth Rock|p1a: Rillaboom
|-sidestart|p1: mbetta1|move: Stealth Rock
|
|upkeep
|turn|3
|
|t:|1656520064
|switch|p2a: Torn Anus|Tornadus-Therian, M|100/100
|move|p1a: Rillaboom|Knock Off|p2a: Torn Anus
|-damage|p2a: Torn Anus|50/100
|-enditem|p2a: Torn Anus|Heavy-Duty Boots|[from] move: Knock Off|[of] p1a: Rillaboom
|-damage|p1a: Rillaboom|91/100|[from] item: Life Orb
|
|-heal|p1a: Rillaboom|97/100|[from] Grassy Terrain
|upkeep
|turn|4
|
|t:|1656520090
|switch|p1a: Garchomp|Garchomp, M|100/100
|-damage|p1a: Garchomp|94/100|[from] Stealth Rock
|move|p2a: Torn Anus|Hurricane|p1a: Garchomp
|-damage|p1a: Garchomp|45/100
|-start|p1a: Garchomp|confusion
|
|-heal|p1a: Garchomp|51/100|[from] Grassy Terrain
|upkeep
|turn|5
|
|t:|1656520099
|move|p2a: Torn Anus|Taunt|p1a: Garchomp
|-start|p1a: Garchomp|move: Taunt
|-activate|p1a: Garchomp|confusion
|move|p1a: Garchomp|Dragon Claw|p2a: Torn Anus
|-damage|p2a: Torn Anus|2/100
|
|-heal|p1a: Garchomp|58/100|[from] Grassy Terrain
|upkeep
|turn|6
|
|t:|1656520110
|switch|p2a: Pink Menace|Clefable, M|100/100
|-activate|p1a: Garchomp|confusion
|move|p1a: Garchomp|Dragon Claw|p2a: Pink Menace
|-immune|p2a: Pink Menace
|
|-heal|p1a: Garchomp|64/100|[from] Grassy Terrain
|-fieldend|move: Grassy Terrain
|upkeep
|turn|7
|
|t:|1656520118
|-end|p1a: Garchomp|confusion
|move|p1a: Garchomp|Earthquake|p2a: Pink Menace
|-damage|p2a: Pink Menace|62/100
|move|p2a: Pink Menace|Wish|p2a: Pink Menace
|
|-end|p1a: Garchomp|move: Taunt
|upkeep
|turn|8
|
|t:|1656520124
|move|p1a: Garchomp|Earthquake|p2a: Pink Menace
|-damage|p2a: Pink Menace|21/100
|move|p2a: Pink Menace|Moonblast|p1a: Garchomp
|-supereffective|p1a: Garchomp
|-damage|p1a: Garchomp|0 fnt
|faint|p1a: Garchomp
|
|-heal|p2a: Pink Menace|71/100|[from] move: Wish|[wisher] Pink Menace
|upkeep
|inactive|Battle timer is ON: inactive players will automatically lose when time's up. (requested by Down$hift)
|
|t:|1656520172
|switch|p1a: Rillaboom|Rillaboom, M|97/100
|-damage|p1a: Rillaboom|84/100|[from] Stealth Rock
|-fieldstart|move: Grassy Terrain|[from] ability: Grassy Surge|[of] p1a: Rillaboom
|turn|9
|j| Ragnnis
|
|t:|1656520180
|move|p1a: Rillaboom|Swords Dance|p1a: Rillaboom
|-boost|p1a: Rillaboom|atk|2
|move|p2a: Pink Menace|Moonblast|p1a: Rillaboom
|-damage|p1a: Rillaboom|47/100
|
|-heal|p1a: Rillaboom|53/100|[from] Grassy Terrain
|-heal|p2a: Pink Menace|77/100|[from] Grassy Terrain
|upkeep
|turn|10
|
|t:|1656520189
|switch|p2a: Torn Anus|Tornadus-Therian, M|35/100
|-damage|p2a: Torn Anus|10/100|[from] Stealth Rock
|move|p1a: Rillaboom|Grassy Glide|p2a: Torn Anus
|-resisted|p2a: Torn Anus
|-damage|p2a: Torn Anus|0 fnt
|faint|p2a: Torn Anus
|-damage|p1a: Rillaboom|43/100|[from] item: Life Orb
|
|-heal|p1a: Rillaboom|49/100|[from] Grassy Terrain
|upkeep
|
|t:|1656520191
|switch|p2a: Pandemic|Volcarona, M|100/100
|turn|11
|
|t:|1656520195
|move|p2a: Pandemic|Flamethrower|p1a: Rillaboom
|-supereffective|p1a: Rillaboom
|-crit|p1a: Rillaboom
|-damage|p1a: Rillaboom|0 fnt
|faint|p1a: Rillaboom
|
|upkeep
|
|t:|1656520205
|switch|p1a: Dragapult|Dragapult, F|100/100
|-damage|p1a: Dragapult|88/100|[from] Stealth Rock
|turn|12
|
|t:|1656520213
|switch|p2a: Prédastérie|Toxapex, F|100/100
|-damage|p2a: Prédastérie|88/100|[from] Stealth Rock
|move|p1a: Dragapult|Scald|p2a: Prédastérie
|-resisted|p2a: Prédastérie
|-damage|p2a: Prédastérie|78/100
|-enditem|p2a: Prédastérie|Eject Button
|-damage|p1a: Dragapult|78/100|[from] item: Life Orb
|inactive|Down$hift has 120 seconds left.
|
|t:|1656520257
|switch|p2a: Pink Menace|Clefable, M|77/100
|
|-heal|p1a: Dragapult|84/100|[from] Grassy Terrain
|-heal|p2a: Pink Menace|83/100|[from] Grassy Terrain
|upkeep
|turn|13
|
|t:|1656520276
|switch|p1a: Tapu Lele|Tapu Lele|100/100
|-damage|p1a: Tapu Lele|88/100|[from] Stealth Rock
|-fieldstart|move: Psychic Terrain|[from] ability: Psychic Surge|[of] p1a: Tapu Lele
|move|p2a: Pink Menace|Moonblast|p1a: Tapu Lele
|-damage|p1a: Tapu Lele|54/100
|
|upkeep
|turn|14
|inactive|Down$hift has 120 seconds left.
|
|t:|1656520285
|switch|p2a: $wagnezone|Magnezone|100/100
|-damage|p2a: $wagnezone|94/100|[from] Stealth Rock
|move|p1a: Tapu Lele|Psychic|p2a: $wagnezone
|-resisted|p2a: $wagnezone
|-damage|p2a: $wagnezone|71/100
|
|upkeep
|turn|15
|
|t:|1656520304
|switch|p1a: Zeraora|Zeraora|100/100
|-damage|p1a: Zeraora|88/100|[from] Stealth Rock
|move|p2a: $wagnezone|Flash Cannon|p1a: Zeraora
|-resisted|p1a: Zeraora
|-damage|p1a: Zeraora|63/100
|
|upkeep
|turn|16
|
|t:|1656520324
|switch|p2a: Pink Menace|Clefable, M|83/100
|move|p1a: Zeraora|Knock Off|p2a: Pink Menace
|-resisted|p2a: Pink Menace
|-damage|p2a: Pink Menace|69/100
|-damage|p1a: Zeraora|47/100|[from] item: Rocky Helmet|[of] p2a: Pink Menace
|-enditem|p2a: Pink Menace|Rocky Helmet|[from] move: Knock Off|[of] p1a: Zeraora
|-damage|p1a: Zeraora|37/100|[from] item: Life Orb
|
|upkeep
|turn|17
|
|t:|1656520331
|move|p1a: Zeraora|Plasma Fists|p2a: Pink Menace
|-damage|p2a: Pink Menace|21/100
|-fieldactivate|move: Ion Deluge
|-hint|Normal-type moves become Electric-type after using Plasma Fists.
|-damage|p1a: Zeraora|27/100|[from] item: Life Orb
|move|p2a: Pink Menace|Moonblast|p1a: Zeraora
|-damage|p1a: Zeraora|0 fnt
|faint|p1a: Zeraora
|
|-fieldend|move: Psychic Terrain
|upkeep
|
|t:|1656520350
|switch|p1a: Dragapult|Dragapult, F|84/100
|-damage|p1a: Dragapult|72/100|[from] Stealth Rock
|turn|18
|
|t:|1656520356
|move|p1a: Dragapult|Shadow Ball|p2a: Pink Menace
|-damage|p2a: Pink Menace|0 fnt
|faint|p2a: Pink Menace
|-damage|p1a: Dragapult|62/100|[from] item: Life Orb
|
|upkeep
|
|t:|1656520360
|switch|p2a: LandOUrus-T|Landorus-Therian, M|100/100
|-damage|p2a: LandOUrus-T|88/100|[from] Stealth Rock
|-ability|p2a: LandOUrus-T|Intimidate|boost
|-unboost|p1a: Dragapult|atk|1
|turn|19
|inactive|mbetta1 has 120 seconds left.
|
|t:|1656520391
|move|p2a: LandOUrus-T|Earthquake|p1a: Dragapult
|-damage|p1a: Dragapult|0 fnt
|faint|p1a: Dragapult
|
|upkeep
|-message|mbetta1 forfeited.
|
|win|Down$hift
|raw|mbetta1's rating: 1700 &rarr; <strong>1687</strong><br />(-13 for losing)
|raw|Down$hift's rating: 1824 &rarr; <strong>1837</strong><br />(+13 for winning)
|l|☆mbetta1
|l| imzosi
||Ladder isn't responding, score probably updated but might not have (Request timeout).
|l|☆Down$hift
|j|☆Down$hift
|player|p2|Down$hift|teamrocket
|l| Ragnnis
