|j|☆atester12345
|j|☆ezwz
|inactive|Battle timer is ON: inactive players will automatically lose when time's up.
|t:|1643324838
|gametype|singles
|player|p1|atester12345|unknownf|
|player|p2|ezwz|youngster-gen4dp|
|teamsize|p1|6
|teamsize|p2|6
|gen|8
|tier|[Gen 8] OU
|rated|Tournament battle
|rule|Sleep Clause Mod: Limit one foe put to sleep
|rule|Species Clause: Limit one of each Pokémon
|rule|OHKO Clause: OHKO moves are banned
|rule|Evasion Moves Clause: Evasion moves are banned
|rule|Endless Battle Clause: Forcing endless battles is banned
|rule|HP Percentage Mod: HP is shown in percentages
|rule|Dynamax Clause: You cannot dynamax
|clearpoke
|poke|p1|Hatterene, F|
|poke|p1|Porygon2|
|poke|p1|Cresselia, F|
|poke|p1|Crawdaunt, F|
|poke|p1|Marowak-Alola, F|
|poke|p1|Melmetal|
|poke|p2|Hatterene, F|
|poke|p2|Marowak-Alola, F|
|poke|p2|Cresselia, F|
|poke|p2|Tapu Bulu|
|poke|p2|Crawdaunt, F|
|poke|p2|Porygon2|
|teampreview
|inactive|atester12345 also wants the timer to be on.
|j| Mikirae
|c|☆ezwz|lol
|j| Boris Huang - YT
|j| Queenss
|inactive|ezwz has 120 seconds left.
|inactive|atester12345 has 120 seconds left.
|inactive|ezwz has 90 seconds left.
|j| White Gehenna
|j| lkazeuikjlm
|inactive|ezwz has 60 seconds left.
|
|t:|1643324931
|start
|switch|p1a: Melmetal|Melmetal|100/100
|switch|p2a: Marowak|Marowak-Alola, F|100/100
|turn|1
|l| lkazeuikjlm
|j| Young Home
|inactive|ezwz has 120 seconds left.
|j| RUN3 Vanessa Dog
|
|t:|1643324955
|switch|p2a: Cresselia|Cresselia, F|100/100
|switch|p1a: Porygon2|Porygon2, shiny|100/100
|-ability|p1a: Porygon2|Levitate|[from] ability: Trace|[of] p2a: Cresselia
|
|upkeep
|turn|2
|j| lsdfkjalsrwelr33
|c|☆ezwz|wait idk why i switched there lol
|
|t:|1643324974
|switch|p2a: Porygon2|Porygon2|100/100
|-ability|p2a: Porygon2|Levitate|[from] ability: Trace|[of] p1a: Porygon2
|move|p1a: Porygon2|Teleport|p1a: Porygon2
|
|t:|1643324989
|switch|p1a: Crawdaunt|Crawdaunt, F, shiny|100/100|[from]move: Teleport
|
|upkeep
|turn|3
|j| DvsnDvsnUltra
|l| DvsnDvsnUltra
|inactive|ezwz has 90 seconds left.
|inactive|atester12345 has 120 seconds left.
|
|t:|1643325047
|move|p1a: Crawdaunt|Knock Off|p2a: Porygon2
|-damage|p2a: Porygon2|43/100
|-enditem|p2a: Porygon2|Eviolite|[from] move: Knock Off|[of] p1a: Crawdaunt
|-damage|p1a: Crawdaunt|91/100|[from] item: Life Orb
|move|p2a: Porygon2|Teleport|p2a: Porygon2
|
|t:|1643325050
|switch|p2a: Tapu Bulu|Tapu Bulu|100/100|[from]move: Teleport
|-fieldstart|move: Grassy Terrain|[from] ability: Grassy Surge|[of] p2a: Tapu Bulu
|
|-heal|p1a: Crawdaunt|97/100|[from] Grassy Terrain
|upkeep
|turn|4
|inactive|atester12345 has 120 seconds left.
|
|t:|1643325061
|switch|p1a: Porygon2|Porygon2, shiny|100/100
|-ability|p1a: Porygon2|Grassy Surge|[from] ability: Trace|[of] p2a: Tapu Bulu
|move|p2a: Tapu Bulu|Swords Dance|p2a: Tapu Bulu
|-boost|p2a: Tapu Bulu|atk|2
|
|upkeep
|turn|5
|l| Young Home
|
|t:|1643325068
|move|p2a: Tapu Bulu|Close Combat|p1a: Porygon2
|-supereffective|p1a: Porygon2
|-damage|p1a: Porygon2|0 fnt
|-unboost|p2a: Tapu Bulu|def|1
|-unboost|p2a: Tapu Bulu|spd|1
|faint|p1a: Porygon2
|-damage|p2a: Tapu Bulu|91/100|[from] item: Life Orb
|
|-heal|p2a: Tapu Bulu|97/100|[from] Grassy Terrain
|upkeep
|inactive|atester12345 has 120 seconds left.
|
|t:|1643325088
|switch|p1a: Hatterene|Hatterene, F, shiny|100/100
|turn|6
|inactive|atester12345 has 120 seconds left.
|inactive|ezwz has 90 seconds left.
|
|t:|1643325117
|move|p2a: Tapu Bulu|Horn Leech|p1a: Hatterene
|-enditem|p1a: Hatterene|Focus Sash
|-damage|p1a: Hatterene|1/100
|-heal|p2a: Tapu Bulu|100/100|[from] drain|[of] p1a: Hatterene
|-damage|p2a: Tapu Bulu|91/100|[from] item: Life Orb
|move|p1a: Hatterene|Trick Room|p1a: Hatterene
|-fieldstart|move: Trick Room|[of] p1a: Hatterene
|
|-heal|p1a: Hatterene|7/100|[from] Grassy Terrain
|-heal|p2a: Tapu Bulu|97/100|[from] Grassy Terrain
|upkeep
|turn|7
|j| UrsaLunala
|inactive|atester12345 has 120 seconds left.
|l| Queenss
|inactive|ezwz has 60 seconds left.
|
|t:|1643325144
|switch|p2a: Porygon2|Porygon2|43/100
|-ability|p2a: Porygon2|Magic Bounce|[from] ability: Trace|[of] p1a: Hatterene
|move|p1a: Hatterene|Mystical Fire|p2a: Porygon2
|-damage|p2a: Porygon2|29/100
|-unboost|p2a: Porygon2|spa|1
|
|-heal|p1a: Hatterene|13/100|[from] Grassy Terrain
|-heal|p2a: Porygon2|35/100|[from] Grassy Terrain
|-fieldend|move: Grassy Terrain
|upkeep
|turn|8
|inactive|atester12345 has 120 seconds left.
|
|t:|1643325160
|switch|p1a: Melmetal|Melmetal|100/100
|move|p2a: Porygon2|Teleport|p2a: Porygon2
|inactive|ezwz has 60 seconds left.
|
|t:|1643325175
|switch|p2a: Marowak|Marowak-Alola, F|100/100|[from]move: Teleport
|
|upkeep
|turn|9
|
|t:|1643325179
|switch|p2a: Cresselia|Cresselia, F|100/100
|move|p1a: Melmetal|Earthquake|p2a: Cresselia
|-immune|p2a: Cresselia|[from] ability: Levitate
|
|upkeep
|turn|10
|
|t:|1643325189
|switch|p1a: Marowak|Marowak-Alola, F, shiny|100/100
|switch|p2a: Porygon2|Porygon2|35/100
|-ability|p2a: Porygon2|Rock Head|[from] ability: Trace|[of] p1a: Marowak
|
|-fieldend|move: Trick Room
|upkeep
|turn|11
|
|t:|1643325201
|move|p1a: Marowak|Flare Blitz|p2a: Porygon2
|-damage|p2a: Porygon2|0 fnt
|faint|p2a: Porygon2
|
|upkeep
|
|t:|1643325203
|switch|p2a: Crawdaunt|Crawdaunt, F|100/100
|turn|12
|
|t:|1643325218
|switch|p1a: Crawdaunt|Crawdaunt, F, shiny|97/100
|move|p2a: Crawdaunt|Crabhammer|p1a: Crawdaunt|[miss]
|-miss|p2a: Crawdaunt|p1a: Crawdaunt
|
|upkeep
|turn|13
|inactive|ezwz has 90 seconds left.
|
|t:|1643325245
|switch|p2a: Hatterene|Hatterene, F|100/100
|move|p1a: Crawdaunt|Knock Off|p2a: Hatterene
|-damage|p2a: Hatterene|11/100
|-enditem|p2a: Hatterene|Sitrus Berry|[from] move: Knock Off|[of] p1a: Crawdaunt
|-damage|p1a: Crawdaunt|87/100|[from] item: Life Orb
|
|upkeep
|turn|14
|
|t:|1643325258
|move|p1a: Crawdaunt|Knock Off|p2a: Hatterene
|-damage|p2a: Hatterene|0 fnt
|faint|p2a: Hatterene
|-damage|p1a: Crawdaunt|77/100|[from] item: Life Orb
|
|upkeep
|
|t:|1643325260
|switch|p2a: Tapu Bulu|Tapu Bulu|97/100
|-fieldstart|move: Grassy Terrain|[from] ability: Grassy Surge|[of] p2a: Tapu Bulu
|turn|15
|
|t:|1643325281
|switch|p1a: Marowak|Marowak-Alola, F, shiny|100/100
|move|p2a: Tapu Bulu|Swords Dance|p2a: Tapu Bulu
|-boost|p2a: Tapu Bulu|atk|2
|
|-heal|p2a: Tapu Bulu|100/100|[from] Grassy Terrain
|upkeep
|turn|16
|l| UrsaLunala
|inactive|ezwz has 90 seconds left.
|
|t:|1643325315
|move|p2a: Tapu Bulu|Wood Hammer|p1a: Marowak
|-resisted|p1a: Marowak
|-damage|p1a: Marowak|0 fnt
|faint|p1a: Marowak
|-damage|p2a: Tapu Bulu|69/100|[from] Recoil
|-damage|p2a: Tapu Bulu|60/100|[from] item: Life Orb
|
|-heal|p2a: Tapu Bulu|66/100|[from] Grassy Terrain
|upkeep
|
|t:|1643325332
|switch|p1a: Cresselia|Cresselia, F, shiny|100/100
|turn|17
|
|t:|1643325337
|move|p2a: Tapu Bulu|Wood Hammer|p1a: Cresselia
|-damage|p1a: Cresselia|0 fnt
|faint|p1a: Cresselia
|-damage|p2a: Tapu Bulu|23/100|[from] Recoil
|-damage|p2a: Tapu Bulu|13/100|[from] item: Life Orb
|
|-heal|p2a: Tapu Bulu|19/100|[from] Grassy Terrain
|upkeep
|
|t:|1643325352
|switch|p1a: Crawdaunt|Crawdaunt, F, shiny|77/100
|turn|18
|
|t:|1643325357
|move|p1a: Crawdaunt|Aqua Jet|p2a: Tapu Bulu
|-resisted|p2a: Tapu Bulu
|-damage|p2a: Tapu Bulu|3/100
|-damage|p1a: Crawdaunt|67/100|[from] item: Life Orb
|move|p2a: Tapu Bulu|Horn Leech|p1a: Crawdaunt
|-supereffective|p1a: Crawdaunt
|-damage|p1a: Crawdaunt|0 fnt
|-heal|p2a: Tapu Bulu|34/100|[from] drain|[of] p1a: Crawdaunt
|faint|p1a: Crawdaunt
|-damage|p2a: Tapu Bulu|24/100|[from] item: Life Orb
|
|-heal|p2a: Tapu Bulu|30/100|[from] Grassy Terrain
|upkeep
|
|t:|1643325361
|switch|p1a: Melmetal|Melmetal|100/100
|turn|19
|c|☆ezwz|gg
|
|t:|1643325363
|move|p2a: Tapu Bulu|Close Combat|p1a: Melmetal
|-supereffective|p1a: Melmetal
|-damage|p1a: Melmetal|0 fnt
|-unboost|p2a: Tapu Bulu|def|1
|-unboost|p2a: Tapu Bulu|spd|1
|faint|p1a: Melmetal
|-damage|p2a: Tapu Bulu|20/100|[from] item: Life Orb
|
|-heal|p2a: Tapu Bulu|26/100|[from] Grassy Terrain
|-fieldend|move: Grassy Terrain
|upkeep
|c|☆atester12345|GG
|-message|atester12345 forfeited.
|
|win|ezwz
|n|☆atester12345|atester12345
|n|☆ezwz|ezwz
|n| Mikirae|mikirae
|n| Boris Huang - YT|borishuangyt
|n| White Gehenna|whitegehenna
|n| RUN3 Vanessa Dog|run3vanessadog
|n| lsdfkjalsrwelr33|lsdfkjalsrwelr33
|j| TheNewBrends11
|l|☆ezwz
