|raw|<div class="broadcast-blue"><strong>This battle is required to be public due to a player having a name starting with 'lt83aq'.</div>
|j|☆Orangesss
|j|☆LT83AQ Eeveesip
|t:|1626463506
|gametype|singles
|player|p1|Orangesss|silver|1658
|player|p2|LT83AQ Eeveesip|acetrainersnow|1638
|teamsize|p1|6
|teamsize|p2|6
|gen|8
|tier|[Gen 8] OU
|rated|
|rule|Sleep Clause Mod: Limit one foe put to sleep
|rule|Species Clause: Limit one of each Pokémon
|rule|OHKO Clause: OHKO moves are banned
|rule|Evasion Moves Clause: Evasion moves are banned
|rule|Endless Battle Clause: Forcing endless battles is banned
|rule|HP Percentage Mod: HP is shown in percentages
|rule|Dynamax Clause: You cannot dynamax
|clearpoke
|poke|p1|Pelipper, F|
|poke|p1|Barraskewda, F|
|poke|p1|Ferrothorn, M|
|poke|p1|Seismitoad, M|
|poke|p1|Tapu Koko|
|poke|p1|Tornadus-Therian, M|
|poke|p2|Nidoking, M|
|poke|p2|Landorus-Therian, M|
|poke|p2|Scizor, M|
|poke|p2|Weavile, F|
|poke|p2|Blissey, F|
|poke|p2|Slowbro, M|
|teampreview
|inactive|Battle timer is ON: inactive players will automatically lose when time's up. (requested by Orangesss)
|
|t:|1626463515
|start
|switch|p1a: Big Gulp sponsor|Pelipper, F|100/100
|switch|p2a: Slow Pr0|Slowbro, M|100/100
|-weather|RainDance|[from] ability: Drizzle|[of] p1a: Big Gulp sponsor
|turn|1
|j| BL0X
|
|t:|1626463521
|move|p1a: Big Gulp sponsor|U-turn|p2a: Slow Pr0
|-supereffective|p2a: Slow Pr0
|-damage|p2a: Slow Pr0|90/100
|l| BL0X
|j| lt83aqi
|
|t:|1626463524
|switch|p1a: Tornadus|Tornadus-Therian, M|100/100|[from]move: U-turn
|move|p2a: Slow Pr0|Scald|p1a: Tornadus
|-damage|p1a: Tornadus|53/100
|
|-weather|RainDance|[upkeep]
|upkeep
|turn|2
|
|t:|1626463529
|move|p1a: Tornadus|Knock Off|p2a: Slow Pr0
|-supereffective|p2a: Slow Pr0
|-enditem|p2a: Slow Pr0|Colbur Berry|[eat]
|-enditem|p2a: Slow Pr0|Colbur Berry|[weaken]
|-damage|p2a: Slow Pr0|79/100
|move|p2a: Slow Pr0|Scald|p1a: Tornadus
|-damage|p1a: Tornadus|7/100
|-status|p1a: Tornadus|brn
|
|-weather|RainDance|[upkeep]
|-damage|p1a: Tornadus|1/100 brn|[from] brn
|upkeep
|turn|3
|
|t:|1626463538
|move|p1a: Tornadus|U-turn|p2a: Slow Pr0
|-supereffective|p2a: Slow Pr0
|-damage|p2a: Slow Pr0|69/100
|
|t:|1626463542
|switch|p1a: Hates rain|Ferrothorn, M|100/100|[from]move: U-turn
|move|p2a: Slow Pr0|Scald|p1a: Hates rain
|-resisted|p1a: Hates rain
|-damage|p1a: Hates rain|84/100
|
|-weather|RainDance|[upkeep]
|-heal|p1a: Hates rain|90/100|[from] item: Leftovers
|upkeep
|turn|4
|
|t:|1626463545
|move|p2a: Slow Pr0|Scald|p1a: Hates rain
|-resisted|p1a: Hates rain
|-damage|p1a: Hates rain|73/100
|-status|p1a: Hates rain|brn
|move|p1a: Hates rain|Spikes|p2a: Slow Pr0
|-sidestart|p2: LT83AQ Eeveesip|Spikes
|
|-weather|RainDance|[upkeep]
|-heal|p1a: Hates rain|79/100 brn|[from] item: Leftovers
|-damage|p1a: Hates rain|73/100 brn|[from] brn
|upkeep
|turn|5
|
|t:|1626463549
|move|p2a: Slow Pr0|Scald|p1a: Hates rain
|-resisted|p1a: Hates rain
|-damage|p1a: Hates rain|55/100 brn
|move|p1a: Hates rain|Leech Seed|p2a: Slow Pr0
|-start|p2a: Slow Pr0|move: Leech Seed
|
|-weather|RainDance|[upkeep]
|-heal|p1a: Hates rain|62/100 brn|[from] item: Leftovers
|-damage|p2a: Slow Pr0|57/100|[from] Leech Seed|[of] p1a: Hates rain
|-heal|p1a: Hates rain|75/100 brn|[silent]
|-damage|p1a: Hates rain|69/100 brn|[from] brn
|upkeep
|turn|6
|
|t:|1626463552
|move|p1a: Hates rain|Spikes|p2a: Slow Pr0
|-sidestart|p2: LT83AQ Eeveesip|Spikes
|move|p2a: Slow Pr0|Teleport|p2a: Slow Pr0
|
|t:|1626463554
|switch|p2a: Sr. Recortes|Scizor, M|100/100|[from]move: Teleport
|-damage|p2a: Sr. Recortes|84/100|[from] Spikes
|
|-weather|RainDance|[upkeep]
|-heal|p2a: Sr. Recortes|90/100|[from] item: Leftovers
|-heal|p1a: Hates rain|75/100 brn|[from] item: Leftovers
|-damage|p1a: Hates rain|69/100 brn|[from] brn
|upkeep
|turn|7
|
|t:|1626463559
|move|p2a: Sr. Recortes|Defog|p1a: Hates rain
|-unboost|p1a: Hates rain|evasion|1
|-sideend|p2: LT83AQ Eeveesip|Spikes|[from] move: Defog|[of] p2a: Sr. Recortes
|move|p1a: Hates rain|Leech Seed|p2a: Sr. Recortes
|-start|p2a: Sr. Recortes|move: Leech Seed
|
|-weather|RainDance|[upkeep]
|-heal|p2a: Sr. Recortes|96/100|[from] item: Leftovers
|-heal|p1a: Hates rain|75/100 brn|[from] item: Leftovers
|-damage|p2a: Sr. Recortes|84/100|[from] Leech Seed|[of] p1a: Hates rain
|-heal|p1a: Hates rain|87/100 brn|[silent]
|-damage|p1a: Hates rain|81/100 brn|[from] brn
|upkeep
|turn|8
|
|t:|1626463561
|move|p2a: Sr. Recortes|U-turn|p1a: Hates rain
|-damage|p1a: Hates rain|64/100 brn
|-damage|p2a: Sr. Recortes|72/100|[from] ability: Iron Barbs|[of] p1a: Hates rain
|
|t:|1626463563
|switch|p2a: Slow Pr0|Slowbro, M|90/100|[from]move: U-turn
|move|p1a: Hates rain|Spikes|p2a: Slow Pr0
|-sidestart|p2: LT83AQ Eeveesip|Spikes
|
|-weather|none
|-heal|p1a: Hates rain|70/100 brn|[from] item: Leftovers
|-damage|p1a: Hates rain|64/100 brn|[from] brn
|upkeep
|turn|9
|
|t:|1626463573
|move|p2a: Slow Pr0|Body Press|p1a: Hates rain
|-supereffective|p1a: Hates rain
|-crit|p1a: Hates rain
|-damage|p1a: Hates rain|14/100 brn
|-damage|p2a: Slow Pr0|78/100|[from] ability: Iron Barbs|[of] p1a: Hates rain
|move|p1a: Hates rain|Spikes|p2a: Slow Pr0
|-sidestart|p2: LT83AQ Eeveesip|Spikes
|
|-heal|p1a: Hates rain|21/100 brn|[from] item: Leftovers
|-damage|p1a: Hates rain|14/100 brn|[from] brn
|upkeep
|turn|10
|
|t:|1626463584
|switch|p1a: Speed Overdose|Tapu Koko|100/100
|-fieldstart|move: Electric Terrain|[from] ability: Electric Surge|[of] p1a: Speed Overdose
|move|p2a: Slow Pr0|Teleport|p2a: Slow Pr0
|
|t:|1626463586
|switch|p2a: Landlord|Landorus-Therian, M|100/100|[from]move: Teleport
|-ability|p2a: Landlord|Intimidate|boost
|-unboost|p1a: Speed Overdose|atk|1
|
|upkeep
|turn|11
|
|t:|1626463590
|move|p1a: Speed Overdose|Dazzling Gleam|p2a: Landlord
|-crit|p2a: Landlord
|-damage|p2a: Landlord|41/100
|move|p2a: Landlord|Defog|p1a: Speed Overdose
|-unboost|p1a: Speed Overdose|evasion|1
|-sideend|p2: LT83AQ Eeveesip|Spikes|[from] move: Defog|[of] p2a: Landlord
|-fieldend|move: Electric Terrain
|
|-heal|p2a: Landlord|47/100|[from] item: Leftovers
|upkeep
|turn|12
|
|t:|1626463598
|switch|p1a: Big Gulp sponsor|Pelipper, F|100/100
|-weather|RainDance|[from] ability: Drizzle|[of] p1a: Big Gulp sponsor
|move|p2a: Landlord|Toxic|p1a: Big Gulp sponsor
|-status|p1a: Big Gulp sponsor|tox
|
|-weather|RainDance|[upkeep]
|-heal|p2a: Landlord|53/100|[from] item: Leftovers
|-damage|p1a: Big Gulp sponsor|94/100 tox|[from] psn
|upkeep
|turn|13
|
|t:|1626463601
|move|p2a: Landlord|U-turn|p1a: Big Gulp sponsor
|-resisted|p1a: Big Gulp sponsor
|-damage|p1a: Big Gulp sponsor|86/100 tox
|
|t:|1626463603
|switch|p2a: Slow Pr0|Slowbro, M|100/100|[from]move: U-turn
|move|p1a: Big Gulp sponsor|U-turn|p2a: Slow Pr0
|-supereffective|p2a: Slow Pr0
|-damage|p2a: Slow Pr0|90/100
|
|t:|1626463609
|switch|p1a: Speed Overdose|Tapu Koko|100/100|[from]move: U-turn
|-fieldstart|move: Electric Terrain|[from] ability: Electric Surge|[of] p1a: Speed Overdose
|
|-weather|RainDance|[upkeep]
|upkeep
|turn|14
|j| randyalters
|
|t:|1626463617
|switch|p2a: Poison King|Nidoking, M|100/100
|move|p1a: Speed Overdose|Volt Switch|p2a: Poison King
|-immune|p2a: Poison King
|
|-weather|RainDance|[upkeep]
|upkeep
|turn|15
|j| LT83AQ Ming
|
|t:|1626463622
|switch|p1a: Hates rain|Ferrothorn, M|14/100 brn
|move|p2a: Poison King|Earth Power|p1a: Hates rain
|-damage|p1a: Hates rain|0 fnt
|faint|p1a: Hates rain
|
|-weather|RainDance|[upkeep]
|upkeep
|
|t:|1626463625
|switch|p1a: One fish two fish|Barraskewda, F|100/100
|turn|16
|
|t:|1626463632
|switch|p2a: Slow Pr0|Slowbro, M|100/100
|move|p1a: One fish two fish|Crunch|p2a: Slow Pr0
|-supereffective|p2a: Slow Pr0
|-damage|p2a: Slow Pr0|52/100
|-unboost|p2a: Slow Pr0|def|1
|
|-weather|RainDance|[upkeep]
|upkeep
|turn|17
|j| Fanchinator
|
|t:|1626463638
|switch|p2a: Landlord|Landorus-Therian, M|53/100
|-ability|p2a: Landlord|Intimidate|boost
|-unboost|p1a: One fish two fish|atk|1
|move|p1a: One fish two fish|Crunch|p2a: Landlord
|-crit|p2a: Landlord
|-damage|p2a: Landlord|0 fnt
|faint|p2a: Landlord
|
|-weather|RainDance|[upkeep]
|-fieldend|move: Electric Terrain
|upkeep
|
|t:|1626463648
|switch|p2a: Comaligna|Weavile, F|100/100
|-ability|p2a: Comaligna|Pressure
|turn|18
|
|t:|1626463664
|switch|p1a: Tornadus|Tornadus-Therian, M|35/100 brn
|move|p2a: Comaligna|Triple Axel|p1a: Tornadus
|-supereffective|p1a: Tornadus
|-damage|p1a: Tornadus|5/100 brn
|-supereffective|p1a: Tornadus
|-damage|p1a: Tornadus|0 fnt
|faint|p1a: Tornadus
|-hitcount|p1: Tornadus|2
|
|-weather|RainDance|[upkeep]
|upkeep
|
|t:|1626463671
|switch|p1a: One fish two fish|Barraskewda, F|100/100
|turn|19
|
|t:|1626463675
|switch|p2a: Slow Pr0|Slowbro, M|85/100
|move|p1a: One fish two fish|Liquidation|p2a: Slow Pr0
|-resisted|p2a: Slow Pr0
|-damage|p2a: Slow Pr0|56/100
|
|-weather|none
|upkeep
|turn|20
|
|t:|1626463686
|switch|p1a: Big Gulp sponsor|Pelipper, F|86/100 tox
|-weather|RainDance|[from] ability: Drizzle|[of] p1a: Big Gulp sponsor
|move|p2a: Slow Pr0|Teleport|p2a: Slow Pr0
|
|t:|1626463692
|switch|p2a: Poison King|Nidoking, M|100/100|[from]move: Teleport
|
|-weather|RainDance|[upkeep]
|-damage|p1a: Big Gulp sponsor|80/100 tox|[from] psn
|upkeep
|turn|21
|
|t:|1626463708
|switch|p1a: Agent ¥|Seismitoad, M|100/100
|move|p2a: Poison King|Sludge Wave|p1a: Agent ¥
|-resisted|p1a: Agent ¥
|-damage|p1a: Agent ¥|63/100
|
|-weather|RainDance|[upkeep]
|upkeep
|turn|22
|
|t:|1626463713
|switch|p2a: Bliss|Blissey, F|100/100
|move|p1a: Agent ¥|Stealth Rock|p2a: Bliss
|-sidestart|p2: LT83AQ Eeveesip|move: Stealth Rock
|
|-weather|RainDance|[upkeep]
|upkeep
|turn|23
|
|t:|1626463719
|switch|p1a: One fish two fish|Barraskewda, F|100/100
|move|p2a: Bliss|Toxic|p1a: One fish two fish
|-status|p1a: One fish two fish|tox
|
|-weather|RainDance|[upkeep]
|-damage|p1a: One fish two fish|94/100 tox|[from] psn
|upkeep
|turn|24
|
|t:|1626463726
|move|p1a: One fish two fish|Liquidation|p2a: Bliss
|-damage|p2a: Bliss|3/100
|move|p2a: Bliss|Soft-Boiled|p2a: Bliss
|-heal|p2a: Bliss|53/100
|
|-weather|RainDance|[upkeep]
|-damage|p1a: One fish two fish|82/100 tox|[from] psn
|upkeep
|turn|25
|
|t:|1626463730
|switch|p2a: Slow Pr0|Slowbro, M|89/100
|-damage|p2a: Slow Pr0|77/100|[from] Stealth Rock
|move|p1a: One fish two fish|Liquidation|p2a: Slow Pr0
|-resisted|p2a: Slow Pr0
|-damage|p2a: Slow Pr0|48/100
|
|-weather|RainDance|[upkeep]
|-damage|p1a: One fish two fish|64/100 tox|[from] psn
|upkeep
|turn|26
|
|t:|1626463737
|move|p1a: One fish two fish|Liquidation|p2a: Slow Pr0
|-resisted|p2a: Slow Pr0
|-damage|p2a: Slow Pr0|15/100
|move|p2a: Slow Pr0|Scald|p1a: One fish two fish
|-resisted|p1a: One fish two fish
|-damage|p1a: One fish two fish|18/100 tox
|
|-weather|RainDance|[upkeep]
|-damage|p1a: One fish two fish|0 fnt|[from] psn
|faint|p1a: One fish two fish
|upkeep
|j| LT83AQ Starbit
|-message|Orangesss forfeited.
|
|win|LT83AQ Eeveesip
|raw|Orangesss's rating: 1658 &rarr; <strong>1637</strong><br />(-21 for losing)
|raw|LT83AQ Eeveesip's rating: 1637 &rarr; <strong>1658</strong><br />(+21 for winning)
|l|☆Orangesss
|j| LT83AQ Dirty
|l|☆LT83AQ Eeveesip
|l| LT83AQ Ming
|l| LT83AQ Dirty
|l| randyalters
||Ladder isn't responding, score probably updated but might not have (Request timeout).
|j| Der Waldgang
