|j|☆someidiot19
|j|☆Phyllis
|t:|1664745896
|gametype|singles
|player|p1|someidiot19|skyla-masters|1581
|player|p2|Phyllis|baker|1605
|teamsize|p1|6
|teamsize|p2|6
|gen|8
|tier|[Gen 8] OU
|rated|
|rule|Sleep Clause Mod: Limit one foe put to sleep
|rule|Species Clause: Limit one of each Pokémon
|rule|OHKO Clause: OHKO moves are banned
|rule|Evasion Items Clause: Evasion items are banned
|rule|Evasion Moves Clause: Evasion moves are banned
|rule|Endless Battle Clause: Forcing endless battles is banned
|rule|HP Percentage Mod: HP is shown in percentages
|rule|Dynamax Clause: You cannot dynamax
|clearpoke
|poke|p1|Sableye, M|
|poke|p1|Tapu Koko|
|poke|p1|Landorus-Therian, M|
|poke|p1|Slowking, F|
|poke|p1|Heatran, F|
|poke|p1|Regieleki|
|poke|p2|Rillaboom, F|
|poke|p2|Tornadus-Therian, M|
|poke|p2|Blaziken, F|
|poke|p2|Melmetal|
|poke|p2|Garchomp, M|
|poke|p2|Slowbro, F|
|teampreview
|inactive|Battle timer is ON: inactive players will automatically lose when time's up. (requested by someidiot19)
|
|t:|1664745905
|start
|switch|p1a: Sableye|Sableye, M|100/100
|switch|p2a: Garchomp|Garchomp, M|100/100
|turn|1
|
|t:|1664745911
|move|p2a: Garchomp|Protect|p2a: Garchomp
|-singleturn|p2a: Garchomp|Protect
|move|p1a: Sableye|Foul Play|p2a: Garchomp
|-activate|p2a: Garchomp|move: Protect
|
|upkeep
|turn|2
|
|t:|1664745914
|move|p1a: Sableye|Trick|p2a: Garchomp
|-activate|p1a: Sableye|move: Trick|[of] p2a: Garchomp
|-item|p2a: Garchomp|Ring Target|[from] move: Trick
|-item|p1a: Sableye|Leftovers|[from] move: Trick
|move|p2a: Garchomp|Stealth Rock|p1a: Sableye
|-sidestart|p1: someidiot19|move: Stealth Rock
|
|upkeep
|turn|3
|
|t:|1664745921
|move|p2a: Garchomp|Toxic|p1a: Sableye
|-status|p1a: Sableye|tox
|move|p1a: Sableye|Foul Play|p2a: Garchomp
|-damage|p2a: Garchomp|65/100
|-damage|p1a: Sableye|88/100 tox|[from] ability: Rough Skin|[of] p2a: Garchomp
|
|-heal|p1a: Sableye|94/100 tox|[from] item: Leftovers
|-damage|p1a: Sableye|88/100 tox|[from] psn
|upkeep
|turn|4
|
|t:|1664745930
|switch|p1a: Landorus|Landorus-Therian, M|100/100
|-damage|p1a: Landorus|88/100|[from] Stealth Rock
|-ability|p1a: Landorus|Intimidate|boost
|-unboost|p2a: Garchomp|atk|1
|move|p2a: Garchomp|Earthquake|p1a: Landorus
|-immune|p1a: Landorus
|
|-heal|p1a: Landorus|94/100|[from] item: Leftovers
|upkeep
|turn|5
|
|t:|1664745935
|move|p2a: Garchomp|Toxic|p1a: Landorus
|-status|p1a: Landorus|tox
|move|p1a: Landorus|U-turn|p2a: Garchomp
|-damage|p2a: Garchomp|45/100
|-damage|p1a: Landorus|82/100 tox|[from] ability: Rough Skin|[of] p2a: Garchomp
|
|t:|1664745937
|switch|p1a: Tapu Koko|Tapu Koko|100/100|[from]move: U-turn
|-fieldstart|move: Electric Terrain|[from] ability: Electric Surge|[of] p1a: Tapu Koko
|
|upkeep
|turn|6
|
|t:|1664745940
|move|p2a: Garchomp|Protect|p2a: Garchomp
|-singleturn|p2a: Garchomp|Protect
|move|p1a: Tapu Koko|Dazzling Gleam|p2a: Garchomp
|-activate|p2a: Garchomp|move: Protect
|
|upkeep
|turn|7
|
|t:|1664745943
|switch|p2a: Melmetal|Melmetal|100/100
|move|p1a: Tapu Koko|Dazzling Gleam|p2a: Melmetal
|-resisted|p2a: Melmetal
|-crit|p2a: Melmetal
|-damage|p2a: Melmetal|78/100
|
|-heal|p2a: Melmetal|84/100|[from] item: Leftovers
|upkeep
|turn|8
|
|t:|1664745945
|move|p1a: Tapu Koko|Volt Switch|p2a: Melmetal
|-damage|p2a: Melmetal|49/100
|
|t:|1664745948
|switch|p1a: Slowking|Slowking, F|100/100|[from]move: Volt Switch
|move|p2a: Melmetal|Superpower|p1a: Slowking
|-resisted|p1a: Slowking
|-damage|p1a: Slowking|79/100
|-unboost|p2a: Melmetal|atk|1
|-unboost|p2a: Melmetal|def|1
|
|-heal|p2a: Melmetal|55/100|[from] item: Leftovers
|upkeep
|turn|9
|
|t:|1664745954
|switch|p1a: Heatran|Heatran, F|100/100
|-damage|p1a: Heatran|88/100|[from] Stealth Rock
|move|p2a: Melmetal|Protect||[still]
|-fail|p2a: Melmetal
|
|-heal|p1a: Heatran|94/100|[from] item: Leftovers
|-heal|p2a: Melmetal|61/100|[from] item: Leftovers
|-fieldend|move: Electric Terrain
|upkeep
|turn|10
|
|t:|1664745957
|switch|p2a: Slowbro|Slowbro, F|100/100
|move|p1a: Heatran|Stealth Rock|p2a: Slowbro
|-sidestart|p2: Phyllis|move: Stealth Rock
|
|-heal|p1a: Heatran|100/100|[from] item: Leftovers
|upkeep
|turn|11
|
|t:|1664745959
|switch|p1a: Slowking|Slowking, F|100/100
|move|p2a: Slowbro|Scald|p1a: Slowking
|-resisted|p1a: Slowking
|-damage|p1a: Slowking|91/100
|
|upkeep
|turn|12
|
|t:|1664745962
|move|p2a: Slowbro|Toxic|p1a: Slowking
|-status|p1a: Slowking|tox
|move|p1a: Slowking|Teleport|p1a: Slowking
|
|t:|1664745964
|switch|p1a: Tapu Koko|Tapu Koko|100/100|[from]move: Teleport
|-fieldstart|move: Electric Terrain|[from] ability: Electric Surge|[of] p1a: Tapu Koko
|
|upkeep
|turn|13
|
|t:|1664745966
|move|p1a: Tapu Koko|Thunderbolt|p2a: Slowbro
|-supereffective|p2a: Slowbro
|-damage|p2a: Slowbro|6/100
|move|p2a: Slowbro|Teleport|p2a: Slowbro
|
|t:|1664745970
|switch|p2a: Rillaboom|Rillaboom, F|100/100|[from]move: Teleport
|-damage|p2a: Rillaboom|88/100|[from] Stealth Rock
|-fieldstart|move: Grassy Terrain|[from] ability: Grassy Surge|[of] p2a: Rillaboom
|
|-heal|p2a: Rillaboom|94/100|[from] Grassy Terrain
|-heal|p2a: Rillaboom|100/100|[from] item: Leftovers
|upkeep
|turn|14
|
|t:|1664745973
|switch|p1a: Heatran|Heatran, F|100/100
|-damage|p1a: Heatran|88/100|[from] Stealth Rock
|move|p2a: Rillaboom|Swords Dance|p2a: Rillaboom
|-boost|p2a: Rillaboom|atk|2
|
|-heal|p1a: Heatran|94/100|[from] Grassy Terrain
|-heal|p1a: Heatran|100/100|[from] item: Leftovers
|upkeep
|turn|15
|
|t:|1664745986
|switch|p1a: Tapu Koko|Tapu Koko|100/100
|-fieldstart|move: Electric Terrain|[from] ability: Electric Surge|[of] p1a: Tapu Koko
|move|p2a: Rillaboom|Drain Punch|p1a: Tapu Koko
|-resisted|p1a: Tapu Koko
|-damage|p1a: Tapu Koko|60/100
|
|upkeep
|turn|16
|
|t:|1664745989
|move|p1a: Tapu Koko|Volt Switch|p2a: Rillaboom
|-resisted|p2a: Rillaboom
|-damage|p2a: Rillaboom|78/100
|
|t:|1664745992
|switch|p1a: Heatran|Heatran, F|100/100|[from]move: Volt Switch
|-damage|p1a: Heatran|88/100|[from] Stealth Rock
|move|p2a: Rillaboom|Grassy Glide|p1a: Heatran
|-resisted|p1a: Heatran
|-damage|p1a: Heatran|75/100
|-status|p2a: Rillaboom|brn|[from] ability: Flame Body|[of] p1a: Heatran
|
|-heal|p1a: Heatran|82/100|[from] item: Leftovers
|-heal|p2a: Rillaboom|85/100 brn|[from] item: Leftovers
|-damage|p2a: Rillaboom|78/100 brn|[from] brn
|upkeep
|turn|17
|
|t:|1664745995
|move|p1a: Heatran|Magma Storm|p2a: Rillaboom
|-supereffective|p2a: Rillaboom
|-damage|p2a: Rillaboom|0 fnt
|faint|p2a: Rillaboom
|
|-heal|p1a: Heatran|88/100|[from] item: Leftovers
|upkeep
|
|t:|1664746003
|switch|p2a: Blaziken|Blaziken, F|100/100
|-damage|p2a: Blaziken|88/100|[from] Stealth Rock
|turn|18
|
|t:|1664746022
|move|p2a: Blaziken|Swords Dance|p2a: Blaziken
|-boost|p2a: Blaziken|atk|2
|move|p1a: Heatran|Body Press|p2a: Blaziken
|-damage|p2a: Blaziken|49/100
|
|-heal|p2a: Blaziken|55/100|[from] item: Leftovers
|-heal|p1a: Heatran|94/100|[from] item: Leftovers
|-ability|p2a: Blaziken|Speed Boost|boost
|-boost|p2a: Blaziken|spe|1
|upkeep
|turn|19
|
|t:|1664746029
|move|p2a: Blaziken|Close Combat|p1a: Heatran
|-supereffective|p1a: Heatran
|-damage|p1a: Heatran|0 fnt
|-unboost|p2a: Blaziken|def|1
|-unboost|p2a: Blaziken|spd|1
|faint|p1a: Heatran
|
|-heal|p2a: Blaziken|61/100|[from] item: Leftovers
|-fieldend|move: Electric Terrain
|-ability|p2a: Blaziken|Speed Boost|boost
|-boost|p2a: Blaziken|spe|1
|upkeep
|
|t:|1664746031
|switch|p1a: Sableye|Sableye, M|88/100 tox
|-damage|p1a: Sableye|75/100 tox|[from] Stealth Rock
|turn|20
|
|t:|1664746034
|move|p2a: Blaziken|Protect|p2a: Blaziken
|-singleturn|p2a: Blaziken|Protect
|move|p1a: Sableye|Encore|p2a: Blaziken
|-activate|p2a: Blaziken|move: Protect
|
|-heal|p2a: Blaziken|68/100|[from] item: Leftovers
|-heal|p1a: Sableye|82/100 tox|[from] item: Leftovers
|-damage|p1a: Sableye|75/100 tox|[from] psn
|-ability|p2a: Blaziken|Speed Boost|boost
|-boost|p2a: Blaziken|spe|1
|upkeep
|turn|21
|
|t:|1664746041
|move|p1a: Sableye|Encore|p2a: Blaziken
|-start|p2a: Blaziken|Encore
|move|p2a: Blaziken|Protect||[still]
|-fail|p2a: Blaziken
|
|-heal|p2a: Blaziken|74/100|[from] item: Leftovers
|-heal|p1a: Sableye|82/100 tox|[from] item: Leftovers
|-damage|p1a: Sableye|69/100 tox|[from] psn
|-ability|p2a: Blaziken|Speed Boost|boost
|-boost|p2a: Blaziken|spe|1
|upkeep
|turn|22
|
|t:|1664746051
|switch|p2a: Tornadus|Tornadus-Therian, M|100/100
|move|p1a: Sableye|Foul Play|p2a: Tornadus
|-crit|p2a: Tornadus
|-damage|p2a: Tornadus|52/100
|
|-heal|p1a: Sableye|75/100 tox|[from] item: Leftovers
|-damage|p1a: Sableye|57/100 tox|[from] psn
|upkeep
|turn|23
|
|t:|1664746060
|switch|p1a: Tapu Koko|Tapu Koko|60/100
|-fieldstart|move: Electric Terrain|[from] ability: Electric Surge|[of] p1a: Tapu Koko
|move|p2a: Tornadus|Knock Off|p1a: Tapu Koko
|-resisted|p1a: Tapu Koko
|-damage|p1a: Tapu Koko|46/100
|-enditem|p1a: Tapu Koko|Heavy-Duty Boots|[from] move: Knock Off|[of] p2a: Tornadus
|
|upkeep
|turn|24
|
|t:|1664746069
|move|p1a: Tapu Koko|Thunderbolt|p2a: Tornadus
|-supereffective|p2a: Tornadus
|-damage|p2a: Tornadus|0 fnt
|faint|p2a: Tornadus
|
|upkeep
|
|t:|1664746077
|switch|p2a: Melmetal|Melmetal|61/100
|-damage|p2a: Melmetal|55/100|[from] Stealth Rock
|turn|25
|
|t:|1664746083
|move|p1a: Tapu Koko|Volt Switch|p2a: Melmetal
|-damage|p2a: Melmetal|23/100
|
|t:|1664746088
|switch|p1a: Slowking|Slowking, F|100/100 tox|[from]move: Volt Switch
|move|p2a: Melmetal|Double Iron Bash|p1a: Slowking
|-resisted|p1a: Slowking
|-damage|p1a: Slowking|82/100 tox
|-resisted|p1a: Slowking
|-damage|p1a: Slowking|61/100 tox
|-hitcount|p1a: Slowking|2
|
|-heal|p2a: Melmetal|29/100|[from] item: Leftovers
|-damage|p1a: Slowking|55/100 tox|[from] psn
|upkeep
|turn|26
|
|t:|1664746092
|move|p2a: Melmetal|Thunder Punch|p1a: Slowking
|-supereffective|p1a: Slowking
|-damage|p1a: Slowking|0 fnt
|faint|p1a: Slowking
|
|-heal|p2a: Melmetal|36/100|[from] item: Leftovers
|upkeep
|
|t:|1664746095
|switch|p1a: Regieleki|Regieleki|100/100
|-damage|p1a: Regieleki|88/100|[from] Stealth Rock
|turn|27
|
|t:|1664746098
|move|p2a: Melmetal|Protect|p2a: Melmetal
|-singleturn|p2a: Melmetal|Protect
|move|p1a: Regieleki|Rising Voltage|p2a: Melmetal
|-activate|p2a: Melmetal|move: Protect
|
|-heal|p2a: Melmetal|42/100|[from] item: Leftovers
|-fieldend|move: Electric Terrain
|upkeep
|turn|28
|
|t:|1664746100
|move|p1a: Regieleki|Rising Voltage|p2a: Melmetal
|-damage|p2a: Melmetal|0 fnt
|faint|p2a: Melmetal
|
|upkeep
|
|t:|1664746104
|switch|p2a: Garchomp|Garchomp, M|45/100
|-damage|p2a: Garchomp|39/100|[from] Stealth Rock
|turn|29
|
|t:|1664746109
|switch|p1a: Tapu Koko|Tapu Koko|46/100
|-damage|p1a: Tapu Koko|33/100|[from] Stealth Rock
|-fieldstart|move: Electric Terrain|[from] ability: Electric Surge|[of] p1a: Tapu Koko
|switch|p2a: Slowbro|Slowbro, F|39/100
|-damage|p2a: Slowbro|27/100|[from] Stealth Rock
|
|upkeep
|turn|30
|
|t:|1664746115
|move|p1a: Tapu Koko|Volt Switch|p2a: Slowbro
|-supereffective|p2a: Slowbro
|-damage|p2a: Slowbro|0 fnt
|faint|p2a: Slowbro
|
|t:|1664746117
|switch|p1a: Regieleki|Regieleki|88/100|[from]move: Volt Switch
|-damage|p1a: Regieleki|76/100|[from] Stealth Rock
|
|upkeep
|
|t:|1664746121
|switch|p2a: Garchomp|Garchomp, M|39/100
|-damage|p2a: Garchomp|33/100|[from] Stealth Rock
|turn|31
|
|t:|1664746124
|move|p2a: Garchomp|Protect|p2a: Garchomp
|-singleturn|p2a: Garchomp|Protect
|move|p1a: Regieleki|Rising Voltage|p2a: Garchomp
|-activate|p2a: Garchomp|move: Protect
|
|upkeep
|turn|32
|
|t:|1664746129
|move|p2a: Garchomp|Protect||[still]
|-fail|p2a: Garchomp
|move|p1a: Regieleki|Rising Voltage|p2a: Garchomp
|-hint|Rising Voltage's BP doubled on grounded target.
|-resisted|p2a: Garchomp
|-damage|p2a: Garchomp|0 fnt
|faint|p2a: Garchomp
|
|upkeep
|
|t:|1664746134
|switch|p2a: Blaziken|Blaziken, F|74/100
|-damage|p2a: Blaziken|61/100|[from] Stealth Rock
|turn|33
|
|t:|1664746136
|move|p2a: Blaziken|Protect|p2a: Blaziken
|-singleturn|p2a: Blaziken|Protect
|move|p1a: Regieleki|Rising Voltage|p2a: Blaziken
|-activate|p2a: Blaziken|move: Protect
|
|-heal|p2a: Blaziken|68/100|[from] item: Leftovers
|-fieldend|move: Electric Terrain
|-ability|p2a: Blaziken|Speed Boost|boost
|-boost|p2a: Blaziken|spe|1
|upkeep
|turn|34
|
|t:|1664746143
|move|p2a: Blaziken|Protect|p2a: Blaziken
|-singleturn|p2a: Blaziken|Protect
|move|p1a: Regieleki|Rising Voltage|p2a: Blaziken
|-activate|p2a: Blaziken|move: Protect
|
|-heal|p2a: Blaziken|74/100|[from] item: Leftovers
|-ability|p2a: Blaziken|Speed Boost|boost
|-boost|p2a: Blaziken|spe|1
|upkeep
|turn|35
|
|t:|1664746147
|move|p1a: Regieleki|Rising Voltage|p2a: Blaziken
|-damage|p2a: Blaziken|0 fnt
|faint|p2a: Blaziken
|
|win|someidiot19
|raw|someidiot19's rating: 1581 &rarr; <strong>1602</strong><br />(+21 for winning)
|raw|Phyllis's rating: 1605 &rarr; <strong>1584</strong><br />(-21 for losing)
|c|☆someidiot19|gg
|c|☆Phyllis|gg
|c|☆Phyllis|cool team
|c|☆someidiot19|ty
