|j|☆minimax_ai
|j|☆someidiot19
|t:|1665022807
|gametype|singles
|player|p1|minimax_ai|lusamine-nihilego|1476
|player|p2|someidiot19|teacher-gen2|1478
|teamsize|p1|6
|teamsize|p2|6
|gen|8
|tier|[Gen 8] OU
|rated|
|rule|Sleep Clause Mod: Limit one foe put to sleep
|rule|Species Clause: Limit one of each Pokémon
|rule|OHKO Clause: OHKO moves are banned
|rule|Evasion Items Clause: Evasion items are banned
|rule|Evasion Moves Clause: Evasion moves are banned
|rule|Endless Battle Clause: Forcing endless battles is banned
|rule|HP Percentage Mod: HP is shown in percentages
|rule|Dynamax Clause: You cannot dynamax
|clearpoke
|poke|p1|Rotom-Wash|
|poke|p1|Weavile, F|
|poke|p1|Landorus-Therian, M|
|poke|p1|Heatran, M|
|poke|p1|Tangrowth, F|
|poke|p1|Melmetal|
|poke|p2|Ninetales-Alola, M|
|poke|p2|Dragapult, M|
|poke|p2|Cloyster, M|
|poke|p2|Aegislash, F|
|poke|p2|Arctozolt|
|poke|p2|Polteageist|
|teampreview
|inactive|Battle timer is ON: inactive players will automatically lose when time's up. (requested by someidiot19)
|c|☆minimax_ai|hf
|inactive|minimax_ai also wants the timer to be on.
|c|☆someidiot19|u2
|
|t:|1665022817
|start
|switch|p1a: Heatran|Heatran, M|100/100
|switch|p2a: Ninetales|Ninetales-Alola, M|100/100
|-weather|Hail|[from] ability: Snow Warning|[of] p2a: Ninetales
|-item|p1a: Heatran|Air Balloon
|turn|1
|
|t:|1665022820
|move|p2a: Ninetales|Aurora Veil|p2a: Ninetales
|-sidestart|p2: someidiot19|move: Aurora Veil
|move|p1a: Heatran|Eruption|p2a: Ninetales
|-supereffective|p2a: Ninetales
|-damage|p2a: Ninetales|20/100
|
|-weather|Hail|[upkeep]
|-damage|p1a: Heatran|94/100|[from] Hail
|upkeep
|turn|2
|
|t:|1665022824
|move|p2a: Ninetales|Encore|p1a: Heatran
|-start|p1a: Heatran|Encore
|move|p1a: Heatran|Eruption|p2a: Ninetales
|-supereffective|p2a: Ninetales
|-damage|p2a: Ninetales|0 fnt
|faint|p2a: Ninetales
|
|-weather|Hail|[upkeep]
|-damage|p1a: Heatran|88/100|[from] Hail
|upkeep
|
|t:|1665022833
|switch|p2a: Polteageist|Polteageist|100/100
|turn|3
|
|t:|1665022835
|move|p1a: Heatran|Eruption|p2a: Polteageist
|-damage|p2a: Polteageist|59/100
|move|p2a: Polteageist|Shell Smash|p2a: Polteageist
|-unboost|p2a: Polteageist|def|1
|-unboost|p2a: Polteageist|spd|1
|-boost|p2a: Polteageist|atk|2
|-boost|p2a: Polteageist|spa|2
|-boost|p2a: Polteageist|spe|2
|
|-weather|Hail|[upkeep]
|-damage|p2a: Polteageist|53/100|[from] Hail
|-damage|p1a: Heatran|82/100|[from] Hail
|upkeep
|turn|4
|
|t:|1665022838
|switch|p1a: Melmetal|Melmetal|100/100
|move|p2a: Polteageist|Shadow Ball|p1a: Melmetal
|-damage|p1a: Melmetal|47/100
|
|-weather|Hail|[upkeep]
|-damage|p2a: Polteageist|47/100|[from] Hail
|-damage|p1a: Melmetal|41/100|[from] Hail
|upkeep
|turn|5
|
|t:|1665022840
|move|p2a: Polteageist|Shadow Ball|p1a: Melmetal
|-damage|p1a: Melmetal|0 fnt
|faint|p1a: Melmetal
|
|-weather|none
|upkeep
|
|t:|1665022840
|switch|p1a: Weavile|Weavile, F|100/100
|-ability|p1a: Weavile|Pressure
|turn|6
|
|t:|1665022844
|move|p2a: Polteageist|Giga Drain|p1a: Weavile
|-damage|p1a: Weavile|13/100
|-heal|p2a: Polteageist|94/100|[from] drain|[of] p1a: Weavile
|move|p1a: Weavile|Triple Axel|p2a: Polteageist
|-damage|p2a: Polteageist|72/100
|-ability|p2a: Polteageist|Weak Armor|boost
|-unboost|p2a: Polteageist|def|1
|-boost|p2a: Polteageist|spe|2
|-damage|p2a: Polteageist|19/100
|-ability|p2a: Polteageist|Weak Armor|boost
|-unboost|p2a: Polteageist|def|1
|-boost|p2a: Polteageist|spe|2
|-damage|p2a: Polteageist|0 fnt
|faint|p2a: Polteageist
|-hitcount|p2: Polteageist|3
|
|upkeep
|
|t:|1665022847
|switch|p2a: Cloyster|Cloyster, M|100/100
|turn|7
|
|t:|1665022848
|switch|p1a: rotomwash|Rotom-Wash|100/100
|move|p2a: Cloyster|Shell Smash|p2a: Cloyster
|-unboost|p2a: Cloyster|def|1
|-unboost|p2a: Cloyster|spd|1
|-boost|p2a: Cloyster|atk|2
|-boost|p2a: Cloyster|spa|2
|-boost|p2a: Cloyster|spe|2
|
|upkeep
|turn|8
|
|t:|1665022852
|move|p2a: Cloyster|Explosion|p1a: rotomwash
|-damage|p1a: rotomwash|0 fnt
|faint|p2a: Cloyster
|faint|p1a: rotomwash
|
|-sideend|p2: someidiot19|move: Aurora Veil
|upkeep
|
|t:|1665022858
|switch|p1a: Heatran|Heatran, M|82/100
|switch|p2a: Dragapult|Dragapult, M|100/100
|-item|p1a: Heatran|Air Balloon
|turn|9
|
|t:|1665022860
|move|p2a: Dragapult|Dragon Dance|p2a: Dragapult
|-boost|p2a: Dragapult|atk|1
|-boost|p2a: Dragapult|spe|1
|move|p1a: Heatran|Eruption|p2a: Dragapult
|-resisted|p2a: Dragapult
|-damage|p2a: Dragapult|53/100
|
|upkeep
|turn|10
|
|t:|1665022863
|move|p2a: Dragapult|Dragon Darts|p1a: Heatran
|-resisted|p1a: Heatran
|-damage|p1a: Heatran|57/100
|-enditem|p1a: Heatran|Air Balloon
|-anim|p2a: Dragapult|Dragon Darts|p1a: Heatran
|-resisted|p1a: Heatran
|-damage|p1a: Heatran|29/100
|-damage|p2a: Dragapult|43/100|[from] item: Life Orb
|move|p1a: Heatran|Earth Power|p2a: Dragapult
|-damage|p2a: Dragapult|0 fnt
|faint|p2a: Dragapult
|
|upkeep
|
|t:|1665022870
|switch|p2a: Aegislash|Aegislash, F|100/100
|-item|p2a: Aegislash|Air Balloon
|turn|11
|
|t:|1665022871
|-formechange|p2a: Aegislash|Aegislash-Blade||[from] ability: Stance Change
|move|p2a: Aegislash|Shadow Sneak|p1a: Heatran
|-damage|p1a: Heatran|5/100
|move|p1a: Heatran|Stealth Rock|p2a: Aegislash
|-sidestart|p2: someidiot19|move: Stealth Rock
|
|upkeep
|turn|12
|
|t:|1665022876
|move|p2a: Aegislash|Shadow Sneak|p1a: Heatran
|-damage|p1a: Heatran|0 fnt
|faint|p1a: Heatran
|
|upkeep
|
|t:|1665022876
|switch|p1a: Tangrowth|Tangrowth, F|100/100
|turn|13
|
|t:|1665022879
|switch|p2a: Arctozolt|Arctozolt|100/100
|move|p1a: Tangrowth|Sleep Powder|p2a: Arctozolt
|-status|p2a: Arctozolt|slp|[from] move: Sleep Powder
|
|upkeep
|turn|14
|
|t:|1665022881
|cant|p2a: Arctozolt|slp
|move|p1a: Tangrowth|Giga Drain|p2a: Arctozolt
|-crit|p2a: Arctozolt
|-damage|p2a: Arctozolt|41/100 slp
|
|upkeep
|turn|15
|
|t:|1665022883
|switch|p1a: Weavile|Weavile, F|13/100
|-ability|p1a: Weavile|Pressure
|-curestatus|p2a: Arctozolt|slp|[msg]
|move|p2a: Arctozolt|Blizzard|p1a: Weavile
|-resisted|p1a: Weavile
|-damage|p1a: Weavile|0 fnt
|faint|p1a: Weavile
|
|upkeep
|
|t:|1665022883
|switch|p1a: landorustherian|Landorus-Therian, M|100/100
|-ability|p1a: landorustherian|Intimidate|boost
|-unboost|p2a: Arctozolt|atk|1
|turn|16
|
|t:|1665022886
|move|p2a: Arctozolt|Blizzard|p1a: landorustherian
|-supereffective|p1a: landorustherian
|-damage|p1a: landorustherian|3/100
|move|p1a: landorustherian|Earthquake|p2a: Arctozolt
|-supereffective|p2a: Arctozolt
|-damage|p2a: Arctozolt|0 fnt
|faint|p2a: Arctozolt
|
|-heal|p1a: landorustherian|9/100|[from] item: Leftovers
|upkeep
|
|t:|1665022889
|switch|p2a: Aegislash|Aegislash, F|100/100
|-damage|p2a: Aegislash|94/100|[from] Stealth Rock
|-item|p2a: Aegislash|Air Balloon
|turn|17
|
|t:|1665022891
|switch|p1a: Tangrowth|Tangrowth, F|100/100
|move|p2a: Aegislash|Swords Dance|p2a: Aegislash
|-boost|p2a: Aegislash|atk|2
|
|upkeep
|turn|18
|
|t:|1665022894
|-formechange|p2a: Aegislash|Aegislash-Blade||[from] ability: Stance Change
|move|p2a: Aegislash|Iron Head|p1a: Tangrowth
|-damage|p1a: Tangrowth|56/100
|-damage|p2a: Aegislash|78/100|[from] item: Rocky Helmet|[of] p1a: Tangrowth
|cant|p1a: Tangrowth|flinch
|
|upkeep
|turn|19
|
|t:|1665022910
|move|p2a: Aegislash|Swords Dance|p2a: Aegislash
|-boost|p2a: Aegislash|atk|2
|move|p1a: Tangrowth|Knock Off|p2a: Aegislash
|-supereffective|p2a: Aegislash
|-damage|p2a: Aegislash|0 fnt
|-enditem|p2a: Aegislash|Air Balloon
|faint|p2a: Aegislash
|
|win|minimax_ai
|raw|minimax_ai's rating: 1476 &rarr; <strong>1496</strong><br />(+20 for winning)
|raw|someidiot19's rating: 1478 &rarr; <strong>1458</strong><br />(-20 for losing)
|c|☆minimax_ai|gg
