|j|☆Freezai.
|j|☆Wheezer
|inactive|Battle timer is ON: inactive players will automatically lose when time's up.
|t:|1660269279
|gametype|singles
|player|p1|Freezai.|#vgcplzoruas|
|player|p2|Wheezer|petrel|
|teamsize|p1|6
|teamsize|p2|6
|gen|8
|tier|[Gen 8] OU
|rated|Tournament battle
|rule|Sleep Clause Mod: Limit one foe put to sleep
|rule|Species Clause: Limit one of each Pokémon
|rule|OHKO Clause: OHKO moves are banned
|rule|Evasion Items Clause: Evasion items are banned
|rule|Evasion Moves Clause: Evasion moves are banned
|rule|Endless Battle Clause: Forcing endless battles is banned
|rule|HP Percentage Mod: HP is shown in percentages
|rule|Dynamax Clause: You cannot dynamax
|clearpoke
|poke|p1|Volcarona, F|
|poke|p1|Clefable, F|
|poke|p1|Dragonite, F|
|poke|p1|Ferrothorn, M|
|poke|p1|Landorus-Therian, M|
|poke|p1|Zeraora|
|poke|p2|Garchomp, F|
|poke|p2|Toxapex, F|
|poke|p2|Persian-Alola, F|
|poke|p2|Landorus-Therian, M|
|poke|p2|Suicune|
|poke|p2|Blaziken, M|
|teampreview
|inactive|Freezai. also wants the timer to be on.
|j| sssandsss
|j| pandablack4
|j| Juni01
|j| Top Floor Threat
|j| J0T0P
|j| Pokemon Hates Me
|j| Swampertistogood11
|j| fvpjofjpo
|j| Z2Freasy
|j| Lou dort
|c| Swampertistogood11|is this the real freezai
|inactive|Freezai. has 120 seconds left.
|l| fvpjofjpo
|j| Rubiaa
|j| rick flareon 483
|c| Rubiaa|it is
|c| rick flareon 483|holy shit its user: wheezer
|c| Swampertistogood11|dam i lost 1 round to soon
|inactive|Freezai. has 90 seconds left.
|c| Rubiaa|u can tell by his Avatar and his randbats ELO
|c| Swampertistogood11|assuming he wins
|c|☆Wheezer|who is freezai
|inactive|Freezai. has 60 seconds left.
|j| AmygdalanResponse
|c| rick flareon 483|not as good as
|c| Top Floor Threat|dude its the wheezer
|j| JoeBidem
|c| rick flareon 483|user: wheezer
|c| Top Floor Threat|are you the real wheezer
|inactive|Freezai. has 30 seconds left.
|c| rick flareon 483|hes not talking like a robot but i assume it is
|inactive|Freezai. has 20 seconds left.
|
|t:|1660269411
|start
|switch|p1a: Landorus|Landorus-Therian, M|100/100
|switch|p2a: Persian|Persian-Alola, F|100/100
|-ability|p1a: Landorus|Intimidate|boost
|-unboost|p2a: Persian|atk|1
|turn|1
|c|☆Wheezer|lol
|c|☆Wheezer|that was like years ago bro
|c|☆Wheezer|good times
|
|t:|1660269425
|move|p2a: Persian|Switcheroo|p1a: Landorus
|-activate|p2a: Persian|move: Trick|[of] p1a: Landorus
|-item|p1a: Landorus|Choice Scarf|[from] move: Switcheroo
|-item|p2a: Persian|Leftovers|[from] move: Switcheroo
|move|p1a: Landorus|Stealth Rock|p2a: Persian
|-sidestart|p2: Wheezer|move: Stealth Rock
|
|upkeep
|turn|2
|
|t:|1660269433
|switch|p1a: Ferrothorn|Ferrothorn, M|100/100
|move|p2a: Persian|Parting Shot|p1a: Ferrothorn
|-unboost|p1a: Ferrothorn|atk|1
|-unboost|p1a: Ferrothorn|spa|1
|c| rick flareon 483|did you reject robot and embrace humanity
|
|t:|1660269442
|switch|p2a: Garchomp|Garchomp, F|100/100|[from]move: Parting Shot
|-damage|p2a: Garchomp|94/100|[from] Stealth Rock
|
|upkeep
|turn|3
|
|t:|1660269450
|switch|p1a: Landorus|Landorus-Therian, M|100/100
|-ability|p1a: Landorus|Intimidate|boost
|-unboost|p2a: Garchomp|atk|1
|move|p2a: Garchomp|Stealth Rock|p1a: Landorus
|-sidestart|p1: Freezai.|move: Stealth Rock
|
|upkeep
|turn|4
|c|☆Wheezer|i guess
|
|t:|1660269469
|move|p2a: Garchomp|Whirlpool|p1a: Landorus
|-supereffective|p1a: Landorus
|-damage|p1a: Landorus|91/100
|-activate|p1a: Landorus|move: Whirlpool|[of] p2a: Garchomp
|move|p1a: Landorus|U-turn|p2a: Garchomp
|-damage|p2a: Garchomp|74/100
|-damage|p1a: Landorus|79/100|[from] ability: Rough Skin|[of] p2a: Garchomp
|-damage|p1a: Landorus|62/100|[from] item: Rocky Helmet|[of] p2a: Garchomp
|
|t:|1660269475
|switch|p1a: John Cena|Clefable, F|100/100|[from]move: U-turn
|
|upkeep
|turn|5
|c| Top Floor Threat|weezer got 4 dudes playing this game
|inactive|Wheezer has 120 seconds left.
|j|%Sww-Suwa
|
|t:|1660269519
|switch|p2a: Toxapex|Toxapex, F|100/100
|-damage|p2a: Toxapex|88/100|[from] Stealth Rock
|move|p1a: John Cena|Moonblast|p2a: Toxapex
|-resisted|p2a: Toxapex
|-damage|p2a: Toxapex|77/100
|
|upkeep
|turn|6
|
|t:|1660269522
|move|p1a: John Cena|Thunder Wave|p2a: Toxapex
|-status|p2a: Toxapex|par
|cant|p2a: Toxapex|par
|
|upkeep
|turn|7
|c|%Sww-Suwa|wheezer
|
|t:|1660269526
|switch|p1a: Ferrothorn|Ferrothorn, M|100/100
|-damage|p1a: Ferrothorn|94/100|[from] Stealth Rock
|move|p2a: Toxapex|Toxic Spikes|p1a: Ferrothorn
|-sidestart|p1: Freezai.|move: Toxic Spikes
|
|-heal|p1a: Ferrothorn|100/100|[from] item: Leftovers
|upkeep
|turn|8
|c|%Sww-Suwa|why are you using this lmao
|c|☆Wheezer|idk
|c|☆Wheezer|what else would i use
|inactive|Wheezer has 120 seconds left.
|c| rick flareon 483|not everyone is meta slaves sista
|
|t:|1660269557
|switch|p2a: Blaziken|Blaziken, M|100/100
|-damage|p2a: Blaziken|88/100|[from] Stealth Rock
|move|p1a: Ferrothorn|Spikes|p2a: Blaziken
|-sidestart|p2: Wheezer|Spikes
|
|-heal|p2a: Blaziken|94/100|[from] item: Leftovers
|upkeep
|turn|9
|
|t:|1660269563
|switch|p1a: Dragonite|Dragonite, F, shiny|100/100
|move|p2a: Blaziken|Flare Blitz|p1a: Dragonite
|-resisted|p1a: Dragonite
|-damage|p1a: Dragonite|84/100
|-damage|p2a: Blaziken|89/100|[from] Recoil
|
|-heal|p2a: Blaziken|95/100|[from] item: Leftovers
|-ability|p2a: Blaziken|Speed Boost|boost
|-boost|p2a: Blaziken|spe|1
|upkeep
|turn|10
|
|t:|1660269567
|switch|p2a: Landorus|Landorus-Therian, M|100/100
|-damage|p2a: Landorus|88/100|[from] Stealth Rock
|-ability|p2a: Landorus|Intimidate|boost
|-unboost|p1a: Dragonite|atk|1
|move|p1a: Dragonite|Earthquake|p2a: Landorus
|-immune|p2a: Landorus
|
|-heal|p2a: Landorus|94/100|[from] item: Leftovers
|upkeep
|turn|11
|c| rick flareon 483|and its a room tour lmao
|
|t:|1660269572
|switch|p2a: Suicune|Suicune|100/100
|-damage|p2a: Suicune|88/100|[from] Stealth Rock
|-damage|p2a: Suicune|76/100|[from] Spikes
|-ability|p2a: Suicune|Pressure
|move|p1a: Dragonite|Dragon Dance|p1a: Dragonite
|-boost|p1a: Dragonite|atk|1
|-boost|p1a: Dragonite|spe|1
|
|-heal|p2a: Suicune|82/100|[from] item: Leftovers
|upkeep
|turn|12
|c|☆Wheezer|oh
|
|t:|1660269576
|switch|p2a: Landorus|Landorus-Therian, M|94/100
|-damage|p2a: Landorus|82/100|[from] Stealth Rock
|-ability|p2a: Landorus|Intimidate|boost
|-unboost|p1a: Dragonite|atk|1
|move|p1a: Dragonite|Earthquake|p2a: Landorus
|-immune|p2a: Landorus
|
|-heal|p2a: Landorus|88/100|[from] item: Leftovers
|upkeep
|turn|13
|
|t:|1660269580
|move|p1a: Dragonite|Dragon Dance|p1a: Dragonite
|-boost|p1a: Dragonite|atk|1
|-boost|p1a: Dragonite|spe|1
|move|p2a: Landorus|Toxic|p1a: Dragonite
|-status|p1a: Dragonite|tox
|
|-heal|p2a: Landorus|94/100|[from] item: Leftovers
|-damage|p1a: Dragonite|78/100 tox|[from] psn
|upkeep
|turn|14
|
|t:|1660269582
|move|p1a: Dragonite|Dragon Dance|p1a: Dragonite
|-boost|p1a: Dragonite|atk|1
|-boost|p1a: Dragonite|spe|1
|move|p2a: Landorus|Defog|p1a: Dragonite
|-unboost|p1a: Dragonite|evasion|1
|-sideend|p1: Freezai.|Toxic Spikes|[from] move: Defog|[of] p2a: Landorus
|-sideend|p1: Freezai.|Stealth Rock|[from] move: Defog|[of] p2a: Landorus
|-sideend|p2: Wheezer|Spikes|[from] move: Defog|[of] p2a: Landorus
|-sideend|p2: Wheezer|Stealth Rock|[from] move: Defog|[of] p2a: Landorus
|
|-heal|p2a: Landorus|99/100|[from] item: Leftovers
|-damage|p1a: Dragonite|65/100 tox|[from] psn
|upkeep
|turn|15
|
|t:|1660269585
|switch|p2a: Persian|Persian-Alola, F|100/100
|move|p1a: Dragonite|Ice Punch|p2a: Persian
|-damage|p2a: Persian|79/100
|
|-heal|p2a: Persian|85/100|[from] item: Leftovers
|-damage|p1a: Dragonite|47/100 tox|[from] psn
|upkeep
|turn|16
|l| Top Floor Threat
|
|t:|1660269591
|switch|p1a: Ferrothorn|Ferrothorn, M|100/100
|move|p2a: Persian|Parting Shot|p1a: Ferrothorn
|-unboost|p1a: Ferrothorn|atk|1
|-unboost|p1a: Ferrothorn|spa|1
|
|t:|1660269594
|switch|p2a: Blaziken|Blaziken, M|95/100|[from]move: Parting Shot
|
|-heal|p2a: Blaziken|100/100|[from] item: Leftovers
|upkeep
|turn|17
|
|t:|1660269600
|switch|p1a: Volcarona|Volcarona, F|100/100
|move|p2a: Blaziken|Flare Blitz|p1a: Volcarona
|-damage|p1a: Volcarona|3/100
|-damage|p2a: Blaziken|69/100|[from] Recoil
|
|-heal|p2a: Blaziken|75/100|[from] item: Leftovers
|-ability|p2a: Blaziken|Speed Boost|boost
|-boost|p2a: Blaziken|spe|1
|upkeep
|turn|18
|
|t:|1660269609
|switch|p1a: Landorus|Landorus-Therian, M|62/100
|-ability|p1a: Landorus|Intimidate|boost
|-unboost|p2a: Blaziken|atk|1
|move|p2a: Blaziken|Earthquake|p1a: Landorus
|-immune|p1a: Landorus
|
|-heal|p2a: Blaziken|81/100|[from] item: Leftovers
|-ability|p2a: Blaziken|Speed Boost|boost
|-boost|p2a: Blaziken|spe|1
|upkeep
|turn|19
|
|t:|1660269617
|switch|p2a: Landorus|Landorus-Therian, M|99/100
|-ability|p2a: Landorus|Intimidate|boost
|-unboost|p1a: Landorus|atk|1
|move|p1a: Landorus|U-turn|p2a: Landorus
|-resisted|p2a: Landorus
|-damage|p2a: Landorus|93/100
|
|t:|1660269623
|switch|p1a: Ferrothorn|Ferrothorn, M|100/100|[from]move: U-turn
|
|-heal|p2a: Landorus|99/100|[from] item: Leftovers
|upkeep
|turn|20
|
|t:|1660269630
|switch|p2a: Blaziken|Blaziken, M|81/100
|move|p1a: Ferrothorn|Spikes|p2a: Blaziken
|-sidestart|p2: Wheezer|Spikes
|
|-heal|p2a: Blaziken|87/100|[from] item: Leftovers
|upkeep
|turn|21
|
|t:|1660269635
|switch|p1a: Landorus|Landorus-Therian, M|62/100
|-ability|p1a: Landorus|Intimidate|boost
|-unboost|p2a: Blaziken|atk|1
|move|p2a: Blaziken|Swords Dance|p2a: Blaziken
|-boost|p2a: Blaziken|atk|2
|
|-heal|p2a: Blaziken|93/100|[from] item: Leftovers
|-ability|p2a: Blaziken|Speed Boost|boost
|-boost|p2a: Blaziken|spe|1
|upkeep
|turn|22
|
|t:|1660269642
|switch|p2a: Landorus|Landorus-Therian, M|99/100
|-ability|p2a: Landorus|Intimidate|boost
|-unboost|p1a: Landorus|atk|1
|move|p1a: Landorus|Earthquake|p2a: Landorus
|-immune|p2a: Landorus
|
|-heal|p2a: Landorus|100/100|[from] item: Leftovers
|upkeep
|turn|23
|
|t:|1660269649
|switch|p1a: Ferrothorn|Ferrothorn, M|100/100
|move|p2a: Landorus|U-turn|p1a: Ferrothorn
|-crit|p1a: Ferrothorn
|-damage|p1a: Ferrothorn|79/100
|-damage|p2a: Landorus|88/100|[from] ability: Iron Barbs|[of] p1a: Ferrothorn
|
|t:|1660269651
|switch|p2a: Blaziken|Blaziken, M|93/100|[from]move: U-turn
|-damage|p2a: Blaziken|81/100|[from] Spikes
|
|-heal|p2a: Blaziken|87/100|[from] item: Leftovers
|-heal|p1a: Ferrothorn|85/100|[from] item: Leftovers
|upkeep
|turn|24
|
|t:|1660269659
|switch|p1a: John Cena|Clefable, F|100/100
|move|p2a: Blaziken|Flare Blitz|p1a: John Cena
|-damage|p1a: John Cena|38/100
|-status|p1a: John Cena|brn
|-damage|p2a: Blaziken|61/100|[from] Recoil
|
|-heal|p2a: Blaziken|67/100|[from] item: Leftovers
|-heal|p1a: John Cena|44/100 brn|[from] item: Leftovers
|-ability|p2a: Blaziken|Speed Boost|boost
|-boost|p2a: Blaziken|spe|1
|upkeep
|turn|25
|j| chuft
|
|t:|1660269667
|switch|p1a: Landorus|Landorus-Therian, M|62/100
|-ability|p1a: Landorus|Intimidate|boost
|-unboost|p2a: Blaziken|atk|1
|move|p2a: Blaziken|Flare Blitz|p1a: Landorus
|-damage|p1a: Landorus|18/100
|-damage|p2a: Blaziken|50/100|[from] Recoil
|
|-heal|p2a: Blaziken|56/100|[from] item: Leftovers
|-ability|p2a: Blaziken|Speed Boost|boost
|-boost|p2a: Blaziken|spe|1
|upkeep
|turn|26
|
|t:|1660269680
|switch|p1a: Zeraora|Zeraora|100/100
|move|p2a: Blaziken|Close Combat|p1a: Zeraora
|-damage|p1a: Zeraora|41/100
|-unboost|p2a: Blaziken|def|1
|-unboost|p2a: Blaziken|spd|1
|
|-heal|p2a: Blaziken|62/100|[from] item: Leftovers
|-ability|p2a: Blaziken|Speed Boost|boost
|-boost|p2a: Blaziken|spe|1
|upkeep
|turn|27
|j| i76567
|
|t:|1660269685
|switch|p1a: Landorus|Landorus-Therian, M|18/100
|-ability|p1a: Landorus|Intimidate|boost
|-unboost|p2a: Blaziken|atk|1
|move|p2a: Blaziken|Close Combat|p1a: Landorus
|-resisted|p1a: Landorus
|-damage|p1a: Landorus|2/100
|-unboost|p2a: Blaziken|def|1
|-unboost|p2a: Blaziken|spd|1
|
|-heal|p2a: Blaziken|68/100|[from] item: Leftovers
|-ability|p2a: Blaziken|Speed Boost|boost
|-boost|p2a: Blaziken|spe|1
|upkeep
|turn|28
|l| JoeBidem
|
|t:|1660269691
|switch|p1a: Zeraora|Zeraora|41/100
|move|p2a: Blaziken|Close Combat|p1a: Zeraora
|-damage|p1a: Zeraora|0 fnt
|-unboost|p2a: Blaziken|def|1
|-unboost|p2a: Blaziken|spd|1
|faint|p1a: Zeraora
|
|-heal|p2a: Blaziken|74/100|[from] item: Leftovers
|-ability|p2a: Blaziken|Speed Boost|boost
|-boost|p2a: Blaziken|spe|1
|upkeep
|
|t:|1660269698
|switch|p1a: John Cena|Clefable, F|44/100 brn
|turn|29
|l| Z2Freasy
|
|t:|1660269710
|switch|p2a: Suicune|Suicune|82/100
|-damage|p2a: Suicune|70/100|[from] Spikes
|-ability|p2a: Suicune|Pressure
|move|p1a: John Cena|Soft-Boiled|p1a: John Cena
|-heal|p1a: John Cena|94/100 brn
|
|-heal|p2a: Suicune|76/100|[from] item: Leftovers
|-heal|p1a: John Cena|99/100 brn|[from] item: Leftovers
|upkeep
|turn|30
|
|t:|1660269717
|switch|p1a: Landorus|Landorus-Therian, M|2/100
|-ability|p1a: Landorus|Intimidate|boost
|-unboost|p2a: Suicune|atk|1
|move|p2a: Suicune|Substitute|p2a: Suicune
|-start|p2a: Suicune|Substitute
|-damage|p2a: Suicune|51/100
|
|-heal|p2a: Suicune|57/100|[from] item: Leftovers
|upkeep
|turn|31
|
|t:|1660269719
|move|p2a: Suicune|Protect|p2a: Suicune
|-singleturn|p2a: Suicune|Protect
|move|p1a: Landorus|Earthquake|p2a: Suicune
|-activate|p2a: Suicune|move: Protect
|
|-heal|p2a: Suicune|63/100|[from] item: Leftovers
|upkeep
|turn|32
|
|t:|1660269723
|move|p2a: Suicune|Scald|p1a: Landorus
|-supereffective|p1a: Landorus
|-crit|p1a: Landorus
|-damage|p1a: Landorus|0 fnt
|faint|p1a: Landorus
|
|-heal|p2a: Suicune|69/100|[from] item: Leftovers
|upkeep
|c|☆Wheezer|oh
|c|☆Wheezer|i outsped it this whole time
|l| chuft
|
|t:|1660269746
|switch|p1a: Ferrothorn|Ferrothorn, M|85/100
|turn|33
|
|t:|1660269749
|move|p2a: Suicune|Calm Mind|p2a: Suicune
|-boost|p2a: Suicune|spa|1
|-boost|p2a: Suicune|spd|1
|move|p1a: Ferrothorn|Spikes|p2a: Suicune
|-sidestart|p2: Wheezer|Spikes
|
|-heal|p2a: Suicune|75/100|[from] item: Leftovers
|-heal|p1a: Ferrothorn|92/100|[from] item: Leftovers
|upkeep
|turn|34
|
|t:|1660269751
|move|p2a: Suicune|Calm Mind|p2a: Suicune
|-boost|p2a: Suicune|spa|1
|-boost|p2a: Suicune|spd|1
|move|p1a: Ferrothorn|Knock Off|p2a: Suicune
|-activate|p2a: Suicune|move: Substitute|[damage]
|
|-heal|p2a: Suicune|82/100|[from] item: Leftovers
|-heal|p1a: Ferrothorn|98/100|[from] item: Leftovers
|upkeep
|turn|35
|
|t:|1660269754
|move|p2a: Suicune|Calm Mind|p2a: Suicune
|-boost|p2a: Suicune|spa|1
|-boost|p2a: Suicune|spd|1
|move|p1a: Ferrothorn|Knock Off|p2a: Suicune
|-end|p2a: Suicune|Substitute
|
|-heal|p2a: Suicune|88/100|[from] item: Leftovers
|-heal|p1a: Ferrothorn|100/100|[from] item: Leftovers
|upkeep
|turn|36
|
|t:|1660269757
|switch|p1a: John Cena|Clefable, F|99/100 brn
|move|p2a: Suicune|Substitute|p2a: Suicune
|-start|p2a: Suicune|Substitute
|-damage|p2a: Suicune|63/100
|
|-heal|p2a: Suicune|69/100|[from] item: Leftovers
|-heal|p1a: John Cena|100/100 brn|[from] item: Leftovers
|upkeep
|turn|37
|
|t:|1660269759
|move|p2a: Suicune|Scald|p1a: John Cena
|-damage|p1a: John Cena|53/100 brn
|move|p1a: John Cena|Healing Wish|p1a: John Cena
|faint|p1a: John Cena
|
|-heal|p2a: Suicune|75/100|[from] item: Leftovers
|upkeep
|
|t:|1660269765
|switch|p1a: Dragonite|Dragonite, F, shiny|47/100 tox
|-heal|p1a: Dragonite|100/100|[from] move: Healing Wish
|turn|38
|
|t:|1660269767
|move|p2a: Suicune|Scald|p1a: Dragonite
|-resisted|p1a: Dragonite
|-damage|p1a: Dragonite|84/100
|move|p1a: Dragonite|Dragon Dance|p1a: Dragonite
|-boost|p1a: Dragonite|atk|1
|-boost|p1a: Dragonite|spe|1
|
|-heal|p2a: Suicune|81/100|[from] item: Leftovers
|upkeep
|turn|39
|
|t:|1660269770
|switch|p2a: Persian|Persian-Alola, F|85/100
|-damage|p2a: Persian|68/100|[from] Spikes
|move|p1a: Dragonite|Earthquake|p2a: Persian
|-damage|p2a: Persian|42/100
|
|-heal|p2a: Persian|48/100|[from] item: Leftovers
|upkeep
|turn|40
|
|t:|1660269775
|move|p1a: Dragonite|Dragon Dance|p1a: Dragonite
|-boost|p1a: Dragonite|atk|1
|-boost|p1a: Dragonite|spe|1
|move|p2a: Persian|Foul Play|p1a: Dragonite
|-damage|p1a: Dragonite|0 fnt
|faint|p1a: Dragonite
|
|-heal|p2a: Persian|54/100|[from] item: Leftovers
|upkeep
|
|t:|1660269777
|switch|p1a: Volcarona|Volcarona, F|3/100
|turn|41
|c|☆Freezai.|gg
|
|t:|1660269784
|move|p1a: Volcarona|Bug Buzz|p2a: Persian
|-supereffective|p2a: Persian
|-crit|p2a: Persian
|-damage|p2a: Persian|0 fnt
|faint|p2a: Persian
|
|upkeep
|-message|Freezai. forfeited.
|
|win|Wheezer
|n|☆Freezai.|freezai
|n|☆Wheezer|wheezer
|n| sssandsss|sssandsss
|n| pandablack4|pandablack4
|n| Juni01|juni01
|n| J0T0P|j0t0p
|n| Pokemon Hates Me|pokemonhatesme
|n| Swampertistogood11|swampertistogood11
|n| Lou dort|loudort
|n| Rubiaa|rubiaa
|n| rick flareon 483|rickflareon483
|n| AmygdalanResponse|amygdalanresponse
|n| Sww-Suwa|swwsuwa
|n| i76567|i76567
|c|☆Wheezer|gg
|l|☆Freezai.
|l|☆Wheezer
|l| Sww-Suwa
|c| rick flareon 483|caught a dub, thats why he used that LOL
|l| rick flareon 483
|l| Pokemon Hates Me
|c| Lou dort|insane
|l| Lou dort
|l| i76567
|l| AmygdalanResponse
|l| pandablack4
|l| Juni01
|c| Swampertistogood11|gg
