|j|☆LT7P29 Allistair
|j|☆JooshP
|t:|1652780843
|gametype|singles
|player|p1|LT7P29 Allistair|266|1631
|player|p2|JooshP|red|1685
|teamsize|p1|6
|teamsize|p2|6
|gen|8
|tier|[Gen 8] OU
|rated|
|rule|Sleep Clause Mod: Limit one foe put to sleep
|rule|Species Clause: Limit one of each Pokémon
|rule|OHKO Clause: OHKO moves are banned
|rule|Evasion Moves Clause: Evasion moves are banned
|rule|Endless Battle Clause: Forcing endless battles is banned
|rule|HP Percentage Mod: HP is shown in percentages
|rule|Dynamax Clause: You cannot dynamax
|clearpoke
|poke|p1|Corviknight, M|
|poke|p1|Clefable, F|
|poke|p1|Blissey, F|
|poke|p1|Garchomp, M|
|poke|p1|Reuniclus, F|
|poke|p1|Toxapex, M|
|poke|p2|Crawdaunt, F|
|poke|p2|Ferrothorn, M|
|poke|p2|Tapu Fini|
|poke|p2|Landorus-Therian, M|
|poke|p2|Zapdos-Galar|
|poke|p2|Dragapult, M|
|teampreview
|
|t:|1652780864
|start
|switch|p1a: Toxapex|Toxapex, M|100/100
|switch|p2a: Dragapult|Dragapult, M|100/100
|turn|1
|
|t:|1652780867
|move|p2a: Dragapult|U-turn|p1a: Toxapex
|-resisted|p1a: Toxapex
|-damage|p1a: Toxapex|96/100
|-damage|p2a: Dragapult|84/100|[from] item: Rocky Helmet|[of] p1a: Toxapex
|
|t:|1652780870
|switch|p2a: Ferrothorn|Ferrothorn, M|100/100|[from]move: U-turn
|move|p1a: Toxapex|Scald|p2a: Ferrothorn
|-resisted|p2a: Ferrothorn
|-damage|p2a: Ferrothorn|93/100
|-status|p2a: Ferrothorn|brn
|
|-heal|p2a: Ferrothorn|99/100 brn|[from] item: Leftovers
|-damage|p2a: Ferrothorn|93/100 brn|[from] brn
|upkeep
|turn|2
|
|t:|1652780874
|move|p1a: Toxapex|Block|p2a: Ferrothorn
|-activate|p2a: Ferrothorn|trapped
|move|p2a: Ferrothorn|Knock Off|p1a: Toxapex
|-damage|p1a: Toxapex|89/100
|-damage|p2a: Ferrothorn|76/100 brn|[from] item: Rocky Helmet|[of] p1a: Toxapex
|-enditem|p1a: Toxapex|Rocky Helmet|[from] move: Knock Off|[of] p2a: Ferrothorn
|
|-heal|p2a: Ferrothorn|83/100 brn|[from] item: Leftovers
|-damage|p2a: Ferrothorn|76/100 brn|[from] brn
|upkeep
|turn|3
|
|t:|1652780878
|move|p1a: Toxapex|Scald|p2a: Ferrothorn
|-resisted|p2a: Ferrothorn
|-damage|p2a: Ferrothorn|69/100 brn
|move|p2a: Ferrothorn|Leech Seed|p1a: Toxapex
|-start|p1a: Toxapex|move: Leech Seed
|
|-heal|p2a: Ferrothorn|75/100 brn|[from] item: Leftovers
|-damage|p1a: Toxapex|76/100|[from] Leech Seed|[of] p2a: Ferrothorn
|-heal|p2a: Ferrothorn|86/100 brn|[silent]
|-damage|p2a: Ferrothorn|80/100 brn|[from] brn
|upkeep
|turn|4
|
|t:|1652780883
|move|p1a: Toxapex|Spite|p2a: Ferrothorn
|-activate|p2a: Ferrothorn|move: Spite|Leech Seed|4
|move|p2a: Ferrothorn|Spikes|p1a: Toxapex
|-sidestart|p1: LT7P29 Allistair|Spikes
|
|-heal|p2a: Ferrothorn|86/100 brn|[from] item: Leftovers
|-damage|p1a: Toxapex|64/100|[from] Leech Seed|[of] p2a: Ferrothorn
|-heal|p2a: Ferrothorn|97/100 brn|[silent]
|-damage|p2a: Ferrothorn|91/100 brn|[from] brn
|upkeep
|turn|5
|
|t:|1652780889
|move|p1a: Toxapex|Spite|p2a: Ferrothorn
|-activate|p2a: Ferrothorn|move: Spite|Spikes|4
|move|p2a: Ferrothorn|Spikes|p1a: Toxapex
|-sidestart|p1: LT7P29 Allistair|Spikes
|
|-heal|p2a: Ferrothorn|97/100 brn|[from] item: Leftovers
|-damage|p1a: Toxapex|51/100|[from] Leech Seed|[of] p2a: Ferrothorn
|-heal|p2a: Ferrothorn|100/100 brn|[silent]
|-damage|p2a: Ferrothorn|94/100 brn|[from] brn
|upkeep
|turn|6
|
|t:|1652780892
|move|p1a: Toxapex|Recover|p1a: Toxapex
|-heal|p1a: Toxapex|100/100
|move|p2a: Ferrothorn|Knock Off|p1a: Toxapex
|-damage|p1a: Toxapex|96/100
|
|-heal|p2a: Ferrothorn|100/100 brn|[from] item: Leftovers
|-damage|p1a: Toxapex|83/100|[from] Leech Seed|[of] p2a: Ferrothorn
|-damage|p2a: Ferrothorn|94/100 brn|[from] brn
|upkeep
|turn|7
|
|t:|1652780896
|move|p1a: Toxapex|Spite|p2a: Ferrothorn
|-activate|p2a: Ferrothorn|move: Spite|Knock Off|4
|move|p2a: Ferrothorn|Spikes|p1a: Toxapex
|-sidestart|p1: LT7P29 Allistair|Spikes
|
|-heal|p2a: Ferrothorn|100/100 brn|[from] item: Leftovers
|-damage|p1a: Toxapex|71/100|[from] Leech Seed|[of] p2a: Ferrothorn
|-damage|p2a: Ferrothorn|94/100 brn|[from] brn
|upkeep
|turn|8
|
|t:|1652780900
|move|p1a: Toxapex|Spite|p2a: Ferrothorn
|-activate|p2a: Ferrothorn|move: Spite|Spikes|4
|move|p2a: Ferrothorn|Knock Off|p1a: Toxapex
|-damage|p1a: Toxapex|67/100
|
|-heal|p2a: Ferrothorn|100/100 brn|[from] item: Leftovers
|-damage|p1a: Toxapex|54/100|[from] Leech Seed|[of] p2a: Ferrothorn
|-damage|p2a: Ferrothorn|94/100 brn|[from] brn
|upkeep
|turn|9
|
|t:|1652780906
|move|p1a: Toxapex|Spite|p2a: Ferrothorn
|-activate|p2a: Ferrothorn|move: Spite|Knock Off|4
|move|p2a: Ferrothorn|Knock Off|p1a: Toxapex
|-damage|p1a: Toxapex|50/100
|
|-heal|p2a: Ferrothorn|100/100 brn|[from] item: Leftovers
|-damage|p1a: Toxapex|38/100|[from] Leech Seed|[of] p2a: Ferrothorn
|-damage|p2a: Ferrothorn|94/100 brn|[from] brn
|upkeep
|turn|10
|
|t:|1652780909
|move|p1a: Toxapex|Recover|p1a: Toxapex
|-heal|p1a: Toxapex|88/100
|move|p2a: Ferrothorn|Spikes||[still]
|-fail|p2a: Ferrothorn
|
|-heal|p2a: Ferrothorn|100/100 brn|[from] item: Leftovers
|-damage|p1a: Toxapex|75/100|[from] Leech Seed|[of] p2a: Ferrothorn
|-damage|p2a: Ferrothorn|94/100 brn|[from] brn
|upkeep
|turn|11
|
|t:|1652780917
|move|p1a: Toxapex|Spite|p2a: Ferrothorn
|-activate|p2a: Ferrothorn|move: Spite|Spikes|4
|move|p2a: Ferrothorn|Knock Off|p1a: Toxapex
|-damage|p1a: Toxapex|71/100
|
|-heal|p2a: Ferrothorn|100/100 brn|[from] item: Leftovers
|-damage|p1a: Toxapex|58/100|[from] Leech Seed|[of] p2a: Ferrothorn
|-damage|p2a: Ferrothorn|94/100 brn|[from] brn
|upkeep
|turn|12
|
|t:|1652780922
|move|p1a: Toxapex|Spite|p2a: Ferrothorn
|-activate|p2a: Ferrothorn|move: Spite|Knock Off|4
|move|p2a: Ferrothorn|Knock Off|p1a: Toxapex
|-damage|p1a: Toxapex|54/100
|
|-heal|p2a: Ferrothorn|100/100 brn|[from] item: Leftovers
|-damage|p1a: Toxapex|42/100|[from] Leech Seed|[of] p2a: Ferrothorn
|-damage|p2a: Ferrothorn|94/100 brn|[from] brn
|upkeep
|turn|13
|j| f65701
|
|t:|1652780926
|move|p1a: Toxapex|Recover|p1a: Toxapex
|-heal|p1a: Toxapex|92/100
|move|p2a: Ferrothorn|Spikes||[still]
|-fail|p2a: Ferrothorn
|
|-heal|p2a: Ferrothorn|100/100 brn|[from] item: Leftovers
|-damage|p1a: Toxapex|79/100|[from] Leech Seed|[of] p2a: Ferrothorn
|-damage|p2a: Ferrothorn|94/100 brn|[from] brn
|upkeep
|turn|14
|
|t:|1652780931
|move|p1a: Toxapex|Spite|p2a: Ferrothorn
|-activate|p2a: Ferrothorn|move: Spite|Spikes|4
|move|p2a: Ferrothorn|Knock Off|p1a: Toxapex
|-damage|p1a: Toxapex|75/100
|
|-heal|p2a: Ferrothorn|100/100 brn|[from] item: Leftovers
|-damage|p1a: Toxapex|62/100|[from] Leech Seed|[of] p2a: Ferrothorn
|-damage|p2a: Ferrothorn|94/100 brn|[from] brn
|upkeep
|turn|15
|
|t:|1652780933
|move|p1a: Toxapex|Spite|p2a: Ferrothorn
|-activate|p2a: Ferrothorn|move: Spite|Knock Off|4
|move|p2a: Ferrothorn|Spikes||[still]
|-fail|p2a: Ferrothorn
|
|-heal|p2a: Ferrothorn|100/100 brn|[from] item: Leftovers
|-damage|p1a: Toxapex|50/100|[from] Leech Seed|[of] p2a: Ferrothorn
|-damage|p2a: Ferrothorn|94/100 brn|[from] brn
|upkeep
|turn|16
|
|t:|1652780942
|move|p1a: Toxapex|Recover|p1a: Toxapex
|-heal|p1a: Toxapex|99/100
|move|p2a: Ferrothorn|Spikes||[still]
|-fail|p2a: Ferrothorn
|
|-heal|p2a: Ferrothorn|100/100 brn|[from] item: Leftovers
|-damage|p1a: Toxapex|87/100|[from] Leech Seed|[of] p2a: Ferrothorn
|-damage|p2a: Ferrothorn|94/100 brn|[from] brn
|upkeep
|turn|17
|l| f65701
|inactive|Battle timer is ON: inactive players will automatically lose when time's up. (requested by JooshP)
|
|t:|1652780997
|move|p1a: Toxapex|Scald|p2a: Ferrothorn
|-resisted|p2a: Ferrothorn
|-damage|p2a: Ferrothorn|87/100 brn
|move|p2a: Ferrothorn|Knock Off|p1a: Toxapex
|-damage|p1a: Toxapex|83/100
|
|-heal|p2a: Ferrothorn|94/100 brn|[from] item: Leftovers
|-damage|p1a: Toxapex|70/100|[from] Leech Seed|[of] p2a: Ferrothorn
|-heal|p2a: Ferrothorn|100/100 brn|[silent]
|-damage|p2a: Ferrothorn|94/100 brn|[from] brn
|upkeep
|turn|18
|
|t:|1652781007
|move|p1a: Toxapex|Spite|p2a: Ferrothorn
|-activate|p2a: Ferrothorn|move: Spite|Knock Off|4
|move|p2a: Ferrothorn|Knock Off|p1a: Toxapex
|-damage|p1a: Toxapex|66/100
|
|-heal|p2a: Ferrothorn|100/100 brn|[from] item: Leftovers
|-damage|p1a: Toxapex|53/100|[from] Leech Seed|[of] p2a: Ferrothorn
|-damage|p2a: Ferrothorn|94/100 brn|[from] brn
|upkeep
|turn|19
|
|t:|1652781015
|move|p1a: Toxapex|Block||[still]
|-fail|p1a: Toxapex
|move|p2a: Ferrothorn|Knock Off|p1a: Toxapex
|-damage|p1a: Toxapex|49/100
|
|-heal|p2a: Ferrothorn|100/100 brn|[from] item: Leftovers
|-damage|p1a: Toxapex|37/100|[from] Leech Seed|[of] p2a: Ferrothorn
|-damage|p2a: Ferrothorn|94/100 brn|[from] brn
|upkeep
|turn|20
|
|t:|1652781022
|move|p1a: Toxapex|Recover|p1a: Toxapex
|-heal|p1a: Toxapex|87/100
|move|p2a: Ferrothorn|Gyro Ball|p1a: Toxapex
|-resisted|p1a: Toxapex
|-damage|p1a: Toxapex|84/100
|
|-heal|p2a: Ferrothorn|100/100 brn|[from] item: Leftovers
|-damage|p1a: Toxapex|71/100|[from] Leech Seed|[of] p2a: Ferrothorn
|-damage|p2a: Ferrothorn|94/100 brn|[from] brn
|upkeep
|turn|21
|
|t:|1652781025
|move|p1a: Toxapex|Block||[still]
|-fail|p1a: Toxapex
|move|p2a: Ferrothorn|Knock Off|p1a: Toxapex
|-damage|p1a: Toxapex|67/100
|
|-heal|p2a: Ferrothorn|100/100 brn|[from] item: Leftovers
|-damage|p1a: Toxapex|54/100|[from] Leech Seed|[of] p2a: Ferrothorn
|-damage|p2a: Ferrothorn|94/100 brn|[from] brn
|upkeep
|turn|22
|
|t:|1652781034
|move|p1a: Toxapex|Recover|p1a: Toxapex
|-heal|p1a: Toxapex|100/100
|move|p2a: Ferrothorn|Spikes||[still]
|-fail|p2a: Ferrothorn
|
|-heal|p2a: Ferrothorn|100/100 brn|[from] item: Leftovers
|-damage|p1a: Toxapex|88/100|[from] Leech Seed|[of] p2a: Ferrothorn
|-damage|p2a: Ferrothorn|94/100 brn|[from] brn
|upkeep
|turn|23
|
|t:|1652781038
|move|p1a: Toxapex|Spite|p2a: Ferrothorn
|-activate|p2a: Ferrothorn|move: Spite|Spikes|4
|move|p2a: Ferrothorn|Spikes||[still]
|-fail|p2a: Ferrothorn
|
|-heal|p2a: Ferrothorn|100/100 brn|[from] item: Leftovers
|-damage|p1a: Toxapex|75/100|[from] Leech Seed|[of] p2a: Ferrothorn
|-damage|p2a: Ferrothorn|94/100 brn|[from] brn
|upkeep
|turn|24
|
|t:|1652781043
|move|p1a: Toxapex|Block||[still]
|-fail|p1a: Toxapex
|move|p2a: Ferrothorn|Gyro Ball|p1a: Toxapex
|-resisted|p1a: Toxapex
|-damage|p1a: Toxapex|73/100
|
|-heal|p2a: Ferrothorn|100/100 brn|[from] item: Leftovers
|-damage|p1a: Toxapex|60/100|[from] Leech Seed|[of] p2a: Ferrothorn
|-damage|p2a: Ferrothorn|94/100 brn|[from] brn
|upkeep
|turn|25
|
|t:|1652781045
|move|p1a: Toxapex|Spite|p2a: Ferrothorn
|-activate|p2a: Ferrothorn|move: Spite|Gyro Ball|4
|move|p2a: Ferrothorn|Knock Off|p1a: Toxapex
|-damage|p1a: Toxapex|56/100
|
|-heal|p2a: Ferrothorn|100/100 brn|[from] item: Leftovers
|-damage|p1a: Toxapex|43/100|[from] Leech Seed|[of] p2a: Ferrothorn
|-damage|p2a: Ferrothorn|94/100 brn|[from] brn
|upkeep
|turn|26
|
|t:|1652781048
|move|p1a: Toxapex|Recover|p1a: Toxapex
|-heal|p1a: Toxapex|93/100
|move|p2a: Ferrothorn|Spikes||[still]
|-fail|p2a: Ferrothorn
|
|-heal|p2a: Ferrothorn|100/100 brn|[from] item: Leftovers
|-damage|p1a: Toxapex|81/100|[from] Leech Seed|[of] p2a: Ferrothorn
|-damage|p2a: Ferrothorn|94/100 brn|[from] brn
|upkeep
|turn|27
|
|t:|1652781051
|move|p1a: Toxapex|Block||[still]
|-fail|p1a: Toxapex
|move|p2a: Ferrothorn|Gyro Ball|p1a: Toxapex
|-resisted|p1a: Toxapex
|-damage|p1a: Toxapex|77/100
|
|-heal|p2a: Ferrothorn|100/100 brn|[from] item: Leftovers
|-damage|p1a: Toxapex|65/100|[from] Leech Seed|[of] p2a: Ferrothorn
|-damage|p2a: Ferrothorn|94/100 brn|[from] brn
|upkeep
|turn|28
|j| unimportant PS alt
|
|t:|1652781055
|move|p1a: Toxapex|Block||[still]
|-fail|p1a: Toxapex
|move|p2a: Ferrothorn|Leech Seed||[still]
|-fail|p2a: Ferrothorn
|
|-heal|p2a: Ferrothorn|100/100 brn|[from] item: Leftovers
|-damage|p1a: Toxapex|52/100|[from] Leech Seed|[of] p2a: Ferrothorn
|-damage|p2a: Ferrothorn|94/100 brn|[from] brn
|upkeep
|turn|29
|
|t:|1652781057
|move|p1a: Toxapex|Spite|p2a: Ferrothorn
|-activate|p2a: Ferrothorn|move: Spite|Leech Seed|4
|move|p2a: Ferrothorn|Leech Seed||[still]
|-fail|p2a: Ferrothorn
|
|-heal|p2a: Ferrothorn|100/100 brn|[from] item: Leftovers
|-damage|p1a: Toxapex|40/100|[from] Leech Seed|[of] p2a: Ferrothorn
|-damage|p2a: Ferrothorn|94/100 brn|[from] brn
|upkeep
|turn|30
|l| unimportant PS alt
|
|t:|1652781061
|move|p1a: Toxapex|Spite|p2a: Ferrothorn
|-activate|p2a: Ferrothorn|move: Spite|Leech Seed|4
|move|p2a: Ferrothorn|Spikes||[still]
|-fail|p2a: Ferrothorn
|
|-heal|p2a: Ferrothorn|100/100 brn|[from] item: Leftovers
|-damage|p1a: Toxapex|27/100|[from] Leech Seed|[of] p2a: Ferrothorn
|-damage|p2a: Ferrothorn|94/100 brn|[from] brn
|upkeep
|turn|31
|
|t:|1652781064
|move|p1a: Toxapex|Recover|p1a: Toxapex
|-heal|p1a: Toxapex|77/100
|move|p2a: Ferrothorn|Spikes||[still]
|-fail|p2a: Ferrothorn
|
|-heal|p2a: Ferrothorn|100/100 brn|[from] item: Leftovers
|-damage|p1a: Toxapex|65/100|[from] Leech Seed|[of] p2a: Ferrothorn
|-damage|p2a: Ferrothorn|94/100 brn|[from] brn
|upkeep
|turn|32
|
|t:|1652781069
|move|p1a: Toxapex|Block||[still]
|-fail|p1a: Toxapex
|move|p2a: Ferrothorn|Gyro Ball|p1a: Toxapex
|-resisted|p1a: Toxapex
|-damage|p1a: Toxapex|62/100
|
|-heal|p2a: Ferrothorn|100/100 brn|[from] item: Leftovers
|-damage|p1a: Toxapex|50/100|[from] Leech Seed|[of] p2a: Ferrothorn
|-damage|p2a: Ferrothorn|94/100 brn|[from] brn
|upkeep
|turn|33
|
|t:|1652781073
|move|p1a: Toxapex|Recover|p1a: Toxapex
|-heal|p1a: Toxapex|99/100
|move|p2a: Ferrothorn|Leech Seed||[still]
|-fail|p2a: Ferrothorn
|
|-heal|p2a: Ferrothorn|100/100 brn|[from] item: Leftovers
|-damage|p1a: Toxapex|87/100|[from] Leech Seed|[of] p2a: Ferrothorn
|-damage|p2a: Ferrothorn|94/100 brn|[from] brn
|upkeep
|turn|34
|
|t:|1652781077
|switch|p1a: Corviknight|Corviknight, M|100/100
|-ability|p1a: Corviknight|Pressure
|-activate|p2a: Ferrothorn|move: Struggle
|move|p2a: Ferrothorn|Struggle|p1a: Corviknight
|-damage|p1a: Corviknight|97/100
|-damage|p2a: Ferrothorn|69/100 brn|[from] recoil
|
|-heal|p2a: Ferrothorn|75/100 brn|[from] item: Leftovers
|-damage|p2a: Ferrothorn|69/100 brn|[from] brn
|upkeep
|turn|35
|
|t:|1652781080
|switch|p2a: Zapdos|Zapdos-Galar|100/100
|move|p1a: Corviknight|Defog|p2a: Zapdos
|-unboost|p2a: Zapdos|evasion|1
|-ability|p2a: Zapdos|Defiant
|-boost|p2a: Zapdos|atk|2
|-sideend|p1: LT7P29 Allistair|Spikes|[from] move: Defog|[of] p1a: Corviknight
|
|upkeep
|turn|36
|
|t:|1652781086
|switch|p1a: Garchomp|Garchomp, M|100/100
|move|p2a: Zapdos|Thunderous Kick|p1a: Garchomp
|-damage|p1a: Garchomp|21/100
|-unboost|p1a: Garchomp|def|1
|-damage|p2a: Zapdos|88/100|[from] ability: Rough Skin|[of] p1a: Garchomp
|
|-heal|p1a: Garchomp|28/100|[from] item: Leftovers
|upkeep
|turn|37
|
|t:|1652781095
|move|p2a: Zapdos|Thunderous Kick|p1a: Garchomp
|-damage|p1a: Garchomp|0 fnt
|-damage|p2a: Zapdos|75/100|[from] ability: Rough Skin|[of] p1a: Garchomp
|faint|p1a: Garchomp
|
|upkeep
|
|t:|1652781098
|switch|p1a: Clefable|Clefable, F|100/100
|turn|38
|
|t:|1652781103
|switch|p2a: Tapu Fini|Tapu Fini|100/100
|-fieldstart|move: Misty Terrain|[from] ability: Misty Surge|[of] p2a: Tapu Fini
|move|p1a: Clefable|Moonblast|p2a: Tapu Fini
|-damage|p2a: Tapu Fini|83/100
|
|-heal|p2a: Tapu Fini|89/100|[from] item: Leftovers
|upkeep
|turn|39
|
|t:|1652781105
|switch|p1a: Reuniclus|Reuniclus, F|100/100
|move|p2a: Tapu Fini|Taunt|p1a: Reuniclus
|-start|p1a: Reuniclus|move: Taunt
|
|-heal|p2a: Tapu Fini|95/100|[from] item: Leftovers
|upkeep
|turn|40
|
|t:|1652781111
|switch|p2a: Landorus|Landorus-Therian, M|100/100
|-ability|p2a: Landorus|Intimidate|boost
|-unboost|p1a: Reuniclus|atk|1
|move|p1a: Reuniclus|Knock Off|p2a: Landorus
|-damage|p2a: Landorus|93/100
|-enditem|p2a: Landorus|Leftovers|[from] move: Knock Off|[of] p1a: Reuniclus
|
|upkeep
|turn|41
|
|t:|1652781114
|switch|p1a: Corviknight|Corviknight, M|97/100
|-ability|p1a: Corviknight|Pressure
|move|p2a: Landorus|Knock Off|p1a: Corviknight
|-damage|p1a: Corviknight|78/100
|-enditem|p1a: Corviknight|Shed Shell|[from] move: Knock Off|[of] p2a: Landorus
|
|upkeep
|turn|42
|
|t:|1652781118
|move|p2a: Landorus|Stealth Rock|p1a: Corviknight
|-sidestart|p1: LT7P29 Allistair|move: Stealth Rock
|move|p1a: Corviknight|Iron Defense|p1a: Corviknight
|-boost|p1a: Corviknight|def|2
|
|-fieldend|Misty Terrain
|upkeep
|turn|43
|
|t:|1652781121
|switch|p2a: Dragapult|Dragapult, M|84/100
|move|p1a: Corviknight|Defog|p2a: Dragapult
|-unboost|p2a: Dragapult|evasion|1
|-sideend|p1: LT7P29 Allistair|Stealth Rock|[from] move: Defog|[of] p1a: Corviknight
|
|upkeep
|turn|44
|
|t:|1652781123
|move|p2a: Dragapult|U-turn|p1a: Corviknight
|-resisted|p1a: Corviknight
|-damage|p1a: Corviknight|76/100
|
|t:|1652781126
|switch|p2a: Tapu Fini|Tapu Fini|95/100|[from]move: U-turn
|-fieldstart|move: Misty Terrain|[from] ability: Misty Surge|[of] p2a: Tapu Fini
|move|p1a: Corviknight|Roost|p1a: Corviknight
|-heal|p1a: Corviknight|100/100
|-singleturn|p1a: Corviknight|move: Roost
|
|-heal|p2a: Tapu Fini|100/100|[from] item: Leftovers
|upkeep
|turn|45
|
|t:|1652781130
|switch|p2a: Dragapult|Dragapult, M|84/100
|switch|p1a: Reuniclus|Reuniclus, F|100/100
|
|upkeep
|turn|46
|
|t:|1652781133
|move|p2a: Dragapult|U-turn|p1a: Reuniclus
|-supereffective|p1a: Reuniclus
|-damage|p1a: Reuniclus|74/100
|
|t:|1652781138
|switch|p2a: Crawdaunt|Crawdaunt, F|100/100|[from]move: U-turn
|move|p1a: Reuniclus|Night Shade|p2a: Crawdaunt
|-damage|p2a: Crawdaunt|63/100
|
|upkeep
|turn|47
|
|t:|1652781145
|switch|p1a: Toxapex|Toxapex, M|100/100
|move|p2a: Crawdaunt|Swords Dance|p2a: Crawdaunt
|-boost|p2a: Crawdaunt|atk|2
|
|upkeep
|turn|48
|
|t:|1652781154
|move|p2a: Crawdaunt|Knock Off|p1a: Toxapex
|-damage|p1a: Toxapex|22/100
|-damage|p2a: Crawdaunt|53/100|[from] item: Life Orb
|move|p1a: Toxapex|Recover|p1a: Toxapex
|-heal|p1a: Toxapex|72/100
|
|-fieldend|Misty Terrain
|upkeep
|turn|49
|
|t:|1652781159
|move|p2a: Crawdaunt|Knock Off|p1a: Toxapex
|-damage|p1a: Toxapex|0 fnt
|faint|p1a: Toxapex
|-damage|p2a: Crawdaunt|44/100|[from] item: Life Orb
|
|upkeep
|
|t:|1652781163
|switch|p1a: Clefable|Clefable, F|100/100
|turn|50
|
|t:|1652781169
|switch|p2a: Landorus|Landorus-Therian, M|93/100
|-ability|p2a: Landorus|Intimidate|boost
|-unboost|p1a: Clefable|atk|1
|move|p1a: Clefable|Moonblast|p2a: Landorus
|-crit|p2a: Landorus
|-damage|p2a: Landorus|40/100
|
|upkeep
|turn|51
|
|t:|1652781174
|switch|p1a: Corviknight|Corviknight, M|100/100
|-ability|p1a: Corviknight|Pressure
|move|p2a: Landorus|Knock Off|p1a: Corviknight
|-damage|p1a: Corviknight|88/100
|
|upkeep
|turn|52
|
|t:|1652781179
|move|p2a: Landorus|Stealth Rock|p1a: Corviknight
|-sidestart|p1: LT7P29 Allistair|move: Stealth Rock
|move|p1a: Corviknight|Defog|p2a: Landorus
|-unboost|p2a: Landorus|evasion|1
|-sideend|p1: LT7P29 Allistair|Stealth Rock|[from] move: Defog|[of] p1a: Corviknight
|
|upkeep
|turn|53
|
|t:|1652781183
|switch|p2a: Dragapult|Dragapult, M|84/100
|move|p1a: Corviknight|Iron Defense|p1a: Corviknight
|-boost|p1a: Corviknight|def|2
|
|upkeep
|turn|54
|
|t:|1652781187
|switch|p1a: Reuniclus|Reuniclus, F|100/100
|move|p2a: Dragapult|Flamethrower|p1a: Reuniclus
|-damage|p1a: Reuniclus|81/100
|
|upkeep
|turn|55
|j| Noob 0_o
|
|t:|1652781199
|switch|p2a: Landorus|Landorus-Therian, M|40/100
|-ability|p2a: Landorus|Intimidate|boost
|-unboost|p1a: Reuniclus|atk|1
|move|p1a: Reuniclus|Night Shade|p2a: Landorus
|-damage|p2a: Landorus|14/100
|
|upkeep
|turn|56
|
|t:|1652781204
|switch|p1a: Corviknight|Corviknight, M|88/100
|-ability|p1a: Corviknight|Pressure
|move|p2a: Landorus|U-turn|p1a: Corviknight
|-resisted|p1a: Corviknight
|-damage|p1a: Corviknight|85/100
|
|t:|1652781210
|switch|p2a: Tapu Fini|Tapu Fini|100/100|[from]move: U-turn
|-fieldstart|move: Misty Terrain|[from] ability: Misty Surge|[of] p2a: Tapu Fini
|
|upkeep
|turn|57
|
|t:|1652781213
|switch|p1a: Reuniclus|Reuniclus, F|100/100
|move|p2a: Tapu Fini|Scald|p1a: Reuniclus
|-damage|p1a: Reuniclus|87/100
|
|upkeep
|turn|58
|
|t:|1652781220
|switch|p2a: Ferrothorn|Ferrothorn, M|69/100 brn
|move|p1a: Reuniclus|Knock Off|p2a: Ferrothorn
|-damage|p2a: Ferrothorn|60/100 brn
|-damage|p1a: Reuniclus|74/100|[from] ability: Iron Barbs|[of] p2a: Ferrothorn
|-enditem|p2a: Ferrothorn|Leftovers|[from] move: Knock Off|[of] p1a: Reuniclus
|
|-damage|p2a: Ferrothorn|54/100 brn|[from] brn
|upkeep
|turn|59
|
|t:|1652781223
|move|p1a: Reuniclus|Future Sight|p2a: Ferrothorn
|-start|p1a: Reuniclus|move: Future Sight
|-activate|p2a: Ferrothorn|move: Struggle
|move|p2a: Ferrothorn|Struggle|p1a: Reuniclus
|-damage|p1a: Reuniclus|70/100
|-damage|p2a: Ferrothorn|29/100 brn|[from] recoil
|
|-damage|p2a: Ferrothorn|23/100 brn|[from] brn
|upkeep
|turn|60
|
|t:|1652781229
|move|p1a: Reuniclus|Night Shade|p2a: Ferrothorn
|-damage|p2a: Ferrothorn|0 fnt
|faint|p2a: Ferrothorn
|
|-fieldend|Misty Terrain
|upkeep
|
|t:|1652781232
|switch|p2a: Crawdaunt|Crawdaunt, F|44/100
|turn|61
|inactive|LT7P29 Allistair has 120 seconds left.
|
|t:|1652781272
|switch|p1a: Blissey|Blissey, F|100/100
|move|p2a: Crawdaunt|Knock Off|p1a: Blissey
|-damage|p1a: Blissey|0 fnt
|-enditem|p1a: Blissey|Heavy-Duty Boots|[from] move: Knock Off|[of] p2a: Crawdaunt
|faint|p1a: Blissey
|-damage|p2a: Crawdaunt|34/100|[from] item: Life Orb
|
|-end|p2a: Crawdaunt|move: Future Sight
|-immune|p2a: Crawdaunt
|upkeep
|
|t:|1652781276
|switch|p1a: Clefable|Clefable, F|100/100
|turn|62
|
|t:|1652781289
|switch|p2a: Tapu Fini|Tapu Fini|100/100
|-fieldstart|move: Misty Terrain|[from] ability: Misty Surge|[of] p2a: Tapu Fini
|move|p1a: Clefable|Moonblast|p2a: Tapu Fini
|-damage|p2a: Tapu Fini|80/100
|
|-heal|p2a: Tapu Fini|87/100|[from] item: Leftovers
|upkeep
|turn|63
|
|t:|1652781293
|move|p2a: Tapu Fini|Taunt|p1a: Clefable
|-start|p1a: Clefable|move: Taunt
|cant|p1a: Clefable|move: Taunt|Calm Mind
|
|-heal|p2a: Tapu Fini|93/100|[from] item: Leftovers
|upkeep
|turn|64
|
|t:|1652781296
|move|p2a: Tapu Fini|Moonblast|p1a: Clefable
|-damage|p1a: Clefable|71/100
|move|p1a: Clefable|Moonblast|p2a: Tapu Fini
|-damage|p2a: Tapu Fini|72/100
|-unboost|p2a: Tapu Fini|spa|1
|
|-heal|p2a: Tapu Fini|78/100|[from] item: Leftovers
|-heal|p1a: Clefable|77/100|[from] item: Leftovers
|upkeep
|turn|65
|
|t:|1652781299
|switch|p1a: Reuniclus|Reuniclus, F|100/100
|move|p2a: Tapu Fini|Moonblast|p1a: Reuniclus
|-damage|p1a: Reuniclus|90/100
|
|-heal|p2a: Tapu Fini|85/100|[from] item: Leftovers
|upkeep
|turn|66
|
|t:|1652781303
|switch|p2a: Landorus|Landorus-Therian, M|14/100
|-ability|p2a: Landorus|Intimidate|boost
|-unboost|p1a: Reuniclus|atk|1
|move|p1a: Reuniclus|Night Shade|p2a: Landorus
|-damage|p2a: Landorus|0 fnt
|faint|p2a: Landorus
|
|-fieldend|Misty Terrain
|upkeep
|
|t:|1652781308
|switch|p2a: Crawdaunt|Crawdaunt, F|34/100
|turn|67
|
|t:|1652781314
|switch|p1a: Corviknight|Corviknight, M|85/100
|-ability|p1a: Corviknight|Pressure
|move|p2a: Crawdaunt|Knock Off|p1a: Corviknight
|-damage|p1a: Corviknight|46/100
|-damage|p2a: Crawdaunt|24/100|[from] item: Life Orb
|
|upkeep
|turn|68
|
|t:|1652781320
|move|p2a: Crawdaunt|Crabhammer|p1a: Corviknight|[miss]
|-miss|p2a: Crawdaunt|p1a: Corviknight
|move|p1a: Corviknight|Roost|p1a: Corviknight
|-heal|p1a: Corviknight|96/100
|-singleturn|p1a: Corviknight|move: Roost
|
|upkeep
|turn|69
|c|☆JooshP|Lol
|
|t:|1652781326
|switch|p2a: Dragapult|Dragapult, M|84/100
|switch|p1a: Clefable|Clefable, F|77/100
|
|-heal|p1a: Clefable|83/100|[from] item: Leftovers
|upkeep
|turn|70
|
|t:|1652781334
|move|p2a: Dragapult|Shadow Ball|p1a: Clefable
|-damage|p1a: Clefable|37/100
|move|p1a: Clefable|Calm Mind|p1a: Clefable
|-boost|p1a: Clefable|spa|1
|-boost|p1a: Clefable|spd|1
|
|-heal|p1a: Clefable|43/100|[from] item: Leftovers
|upkeep
|turn|71
|
|t:|1652781338
|move|p2a: Dragapult|Shadow Ball|p1a: Clefable
|-damage|p1a: Clefable|11/100
|move|p1a: Clefable|Soft-Boiled|p1a: Clefable
|-heal|p1a: Clefable|61/100
|
|-heal|p1a: Clefable|68/100|[from] item: Leftovers
|upkeep
|turn|72
|
|t:|1652781342
|switch|p2a: Tapu Fini|Tapu Fini|85/100
|-fieldstart|move: Misty Terrain|[from] ability: Misty Surge|[of] p2a: Tapu Fini
|move|p1a: Clefable|Soft-Boiled|p1a: Clefable
|-heal|p1a: Clefable|100/100
|
|-heal|p2a: Tapu Fini|91/100|[from] item: Leftovers
|upkeep
|turn|73
|
|t:|1652781344
|move|p2a: Tapu Fini|Taunt|p1a: Clefable
|-start|p1a: Clefable|move: Taunt
|move|p1a: Clefable|Moonblast|p2a: Tapu Fini
|-damage|p2a: Tapu Fini|62/100
|
|-heal|p2a: Tapu Fini|68/100|[from] item: Leftovers
|upkeep
|turn|74
|
|t:|1652781346
|move|p2a: Tapu Fini|Moonblast|p1a: Clefable
|-damage|p1a: Clefable|80/100
|-unboost|p1a: Clefable|spa|1
|move|p1a: Clefable|Moonblast|p2a: Tapu Fini
|-damage|p2a: Tapu Fini|49/100
|
|-heal|p2a: Tapu Fini|55/100|[from] item: Leftovers
|-heal|p1a: Clefable|86/100|[from] item: Leftovers
|upkeep
|turn|75
|
|t:|1652781350
|switch|p1a: Reuniclus|Reuniclus, F|100/100
|move|p2a: Tapu Fini|Moonblast|p1a: Reuniclus
|-damage|p1a: Reuniclus|84/100
|
|-heal|p2a: Tapu Fini|62/100|[from] item: Leftovers
|upkeep
|turn|76
|
|t:|1652781357
|switch|p2a: Zapdos|Zapdos-Galar|75/100
|move|p1a: Reuniclus|Knock Off|p2a: Zapdos
|-resisted|p2a: Zapdos
|-damage|p2a: Zapdos|68/100
|-enditem|p2a: Zapdos|Weakness Policy|[from] move: Knock Off|[of] p1a: Reuniclus
|
|-fieldend|Misty Terrain
|upkeep
|turn|77
|
|t:|1652781367
|switch|p1a: Corviknight|Corviknight, M|96/100
|-ability|p1a: Corviknight|Pressure
|move|p2a: Zapdos|Drill Peck|p1a: Corviknight
|-resisted|p1a: Corviknight
|-damage|p1a: Corviknight|85/100
|
|upkeep
|turn|78
|
|t:|1652781369
|move|p2a: Zapdos|Thunderous Kick|p1a: Corviknight
|-damage|p1a: Corviknight|57/100
|-unboost|p1a: Corviknight|def|1
|move|p1a: Corviknight|Iron Defense|p1a: Corviknight
|-boost|p1a: Corviknight|def|2
|
|upkeep
|turn|79
|
|t:|1652781374
|switch|p2a: Dragapult|Dragapult, M|84/100
|move|p1a: Corviknight|Roost|p1a: Corviknight
|-heal|p1a: Corviknight|100/100
|-singleturn|p1a: Corviknight|move: Roost
|
|upkeep
|turn|80
|
|t:|1652781378
|move|p2a: Dragapult|Shadow Ball|p1a: Corviknight
|-damage|p1a: Corviknight|48/100
|move|p1a: Corviknight|Roost|p1a: Corviknight
|-heal|p1a: Corviknight|98/100
|-singleturn|p1a: Corviknight|move: Roost
|
|upkeep
|turn|81
|
|t:|1652781388
|move|p2a: Dragapult|Shadow Ball|p1a: Corviknight
|-damage|p1a: Corviknight|47/100
|move|p1a: Corviknight|Roost|p1a: Corviknight
|-heal|p1a: Corviknight|97/100
|-singleturn|p1a: Corviknight|move: Roost
|
|upkeep
|turn|82
|
|t:|1652781395
|move|p2a: Dragapult|Shadow Ball|p1a: Corviknight
|-damage|p1a: Corviknight|46/100
|move|p1a: Corviknight|Roost|p1a: Corviknight
|-heal|p1a: Corviknight|96/100
|-singleturn|p1a: Corviknight|move: Roost
|
|upkeep
|turn|83
|
|t:|1652781407
|move|p2a: Dragapult|Shadow Ball|p1a: Corviknight
|-damage|p1a: Corviknight|45/100
|-unboost|p1a: Corviknight|spd|1
|move|p1a: Corviknight|Roost|p1a: Corviknight
|-heal|p1a: Corviknight|95/100
|-singleturn|p1a: Corviknight|move: Roost
|
|upkeep
|turn|84
|
|t:|1652781413
|switch|p1a: Reuniclus|Reuniclus, F|100/100
|move|p2a: Dragapult|Shadow Ball|p1a: Reuniclus
|-supereffective|p1a: Reuniclus
|-damage|p1a: Reuniclus|47/100
|-unboost|p1a: Reuniclus|spd|1
|
|upkeep
|turn|85
|-message|LT7P29 Allistair forfeited.
|
|win|JooshP
|raw|LT7P29 Allistair's rating: 1631 &rarr; <strong>1614</strong><br />(-17 for losing)
|raw|JooshP's rating: 1685 &rarr; <strong>1702</strong><br />(+17 for winning)
|l|☆LT7P29 Allistair
|c|☆JooshP|Ass stall team
|l|☆JooshP
