|j|☆Jongruenwald
|j|☆order 66
|t:|1667686607
|gametype|singles
|player|p1|Jongruenwald|marlon|1773
|player|p2|order 66|169|1642
|teamsize|p1|6
|teamsize|p2|6
|gen|8
|tier|[Gen 8] OU
|rated|
|rule|Sleep Clause Mod: Limit one foe put to sleep
|rule|Species Clause: Limit one of each Pokémon
|rule|OHKO Clause: OHKO moves are banned
|rule|Evasion Items Clause: Evasion items are banned
|rule|Evasion Moves Clause: Evasion moves are banned
|rule|Endless Battle Clause: Forcing endless battles is banned
|rule|HP Percentage Mod: HP is shown in percentages
|rule|Dynamax Clause: You cannot dynamax
|clearpoke
|poke|p1|Ninetales-Alola, F|
|poke|p1|Arctozolt|
|poke|p1|Mandibuzz, F|
|poke|p1|Gastrodon, M|
|poke|p1|Aegislash, M|
|poke|p1|Skarmory, F|
|poke|p2|Victini|
|poke|p2|Skarmory, M|
|poke|p2|Garchomp, M|
|poke|p2|Toxtricity, F|
|poke|p2|Blissey, F|
|poke|p2|Tapu Fini|
|teampreview
|
|t:|1667686616
|start
|switch|p1a: Ninetales|Ninetales-Alola, F|100/100
|switch|p2a: Victini|Victini|100/100
|-weather|Hail|[from] ability: Snow Warning|[of] p1a: Ninetales
|turn|1
|
|t:|1667686620
|switch|p1a: Gastrodon|Gastrodon, M|100/100
|move|p2a: Victini|V-create|p1a: Gastrodon
|-resisted|p1a: Gastrodon
|-damage|p1a: Gastrodon|72/100
|-unboost|p2a: Victini|spe|1
|-unboost|p2a: Victini|def|1
|-unboost|p2a: Victini|spd|1
|
|-weather|Hail|[upkeep]
|-damage|p2a: Victini|94/100|[from] Hail
|-damage|p1a: Gastrodon|66/100|[from] Hail
|-heal|p1a: Gastrodon|72/100|[from] item: Leftovers
|upkeep
|turn|2
|
|t:|1667686628
|move|p2a: Victini|U-turn|p1a: Gastrodon
|-damage|p1a: Gastrodon|58/100
|
|t:|1667686639
|switch|p2a: Skarmory|Skarmory, M|100/100|[from]move: U-turn
|move|p1a: Gastrodon|Earthquake|p2a: Skarmory
|-immune|p2a: Skarmory
|
|-weather|Hail|[upkeep]
|-damage|p2a: Skarmory|95/100|[from] Hail
|-damage|p1a: Gastrodon|52/100|[from] Hail
|-heal|p2a: Skarmory|100/100|[from] item: Leftovers
|-heal|p1a: Gastrodon|58/100|[from] item: Leftovers
|upkeep
|turn|3
|
|t:|1667686645
|move|p2a: Skarmory|Iron Defense|p2a: Skarmory
|-boost|p2a: Skarmory|def|2
|move|p1a: Gastrodon|Scald|p2a: Skarmory
|-damage|p2a: Skarmory|79/100
|
|-weather|Hail|[upkeep]
|-damage|p2a: Skarmory|73/100|[from] Hail
|-damage|p1a: Gastrodon|52/100|[from] Hail
|-heal|p2a: Skarmory|79/100|[from] item: Leftovers
|-heal|p1a: Gastrodon|58/100|[from] item: Leftovers
|upkeep
|turn|4
|
|t:|1667686650
|move|p2a: Skarmory|Spikes|p1a: Gastrodon
|-sidestart|p1: Jongruenwald|Spikes
|move|p1a: Gastrodon|Recover|p1a: Gastrodon
|-heal|p1a: Gastrodon|100/100
|
|-weather|Hail|[upkeep]
|-damage|p2a: Skarmory|73/100|[from] Hail
|-damage|p1a: Gastrodon|94/100|[from] Hail
|-heal|p2a: Skarmory|79/100|[from] item: Leftovers
|-heal|p1a: Gastrodon|100/100|[from] item: Leftovers
|upkeep
|turn|5
|
|t:|1667686654
|move|p2a: Skarmory|Spikes|p1a: Gastrodon
|-sidestart|p1: Jongruenwald|Spikes
|move|p1a: Gastrodon|Scald|p2a: Skarmory
|-damage|p2a: Skarmory|58/100
|
|-weather|Hail|[upkeep]
|-damage|p2a: Skarmory|52/100|[from] Hail
|-damage|p1a: Gastrodon|94/100|[from] Hail
|-heal|p2a: Skarmory|58/100|[from] item: Leftovers
|-heal|p1a: Gastrodon|100/100|[from] item: Leftovers
|upkeep
|turn|6
|
|t:|1667686656
|move|p2a: Skarmory|Roost|p2a: Skarmory
|-heal|p2a: Skarmory|100/100
|-singleturn|p2a: Skarmory|move: Roost
|move|p1a: Gastrodon|Scald|p2a: Skarmory
|-damage|p2a: Skarmory|79/100
|
|-weather|Hail|[upkeep]
|-damage|p2a: Skarmory|73/100|[from] Hail
|-damage|p1a: Gastrodon|94/100|[from] Hail
|-heal|p2a: Skarmory|79/100|[from] item: Leftovers
|-heal|p1a: Gastrodon|100/100|[from] item: Leftovers
|upkeep
|turn|7
|
|t:|1667686659
|move|p2a: Skarmory|Iron Defense|p2a: Skarmory
|-boost|p2a: Skarmory|def|2
|move|p1a: Gastrodon|Scald|p2a: Skarmory
|-damage|p2a: Skarmory|56/100
|
|-weather|Hail|[upkeep]
|-damage|p2a: Skarmory|50/100|[from] Hail
|-damage|p1a: Gastrodon|94/100|[from] Hail
|-heal|p2a: Skarmory|56/100|[from] item: Leftovers
|-heal|p1a: Gastrodon|100/100|[from] item: Leftovers
|upkeep
|turn|8
|
|t:|1667686662
|move|p2a: Skarmory|Roost|p2a: Skarmory
|-heal|p2a: Skarmory|100/100
|-singleturn|p2a: Skarmory|move: Roost
|move|p1a: Gastrodon|Scald|p2a: Skarmory
|-damage|p2a: Skarmory|78/100
|
|-weather|none
|-heal|p2a: Skarmory|84/100|[from] item: Leftovers
|upkeep
|turn|9
|
|t:|1667686664
|move|p2a: Skarmory|Body Press|p1a: Gastrodon
|-damage|p1a: Gastrodon|48/100
|move|p1a: Gastrodon|Scald|p2a: Skarmory
|-damage|p2a: Skarmory|63/100
|
|-heal|p2a: Skarmory|69/100|[from] item: Leftovers
|-heal|p1a: Gastrodon|54/100|[from] item: Leftovers
|upkeep
|turn|10
|
|t:|1667686670
|move|p2a: Skarmory|Roost|p2a: Skarmory
|-heal|p2a: Skarmory|100/100
|-singleturn|p2a: Skarmory|move: Roost
|move|p1a: Gastrodon|Recover|p1a: Gastrodon
|-heal|p1a: Gastrodon|100/100
|
|upkeep
|turn|11
|j| pichade5
|
|t:|1667686673
|switch|p1a: Aegislash|Aegislash, M|100/100
|-damage|p1a: Aegislash|84/100|[from] Spikes
|move|p2a: Skarmory|Body Press|p1a: Aegislash
|-immune|p1a: Aegislash
|
|-heal|p1a: Aegislash|90/100|[from] item: Leftovers
|upkeep
|turn|12
|
|t:|1667686679
|switch|p2a: Garchomp|Garchomp, M|100/100
|-formechange|p1a: Aegislash|Aegislash-Blade||[from] ability: Stance Change
|move|p1a: Aegislash|Shadow Ball|p2a: Garchomp
|-damage|p2a: Garchomp|56/100
|-unboost|p2a: Garchomp|spd|1
|
|-heal|p1a: Aegislash|96/100|[from] item: Leftovers
|upkeep
|turn|13
|j| Ctannn
|l| Ctannn
|
|t:|1667686687
|switch|p2a: Blissey|Blissey, F|100/100
|switch|p1a: Skarmory|Skarmory, F|100/100
|
|upkeep
|turn|14
|
|t:|1667686690
|move|p1a: Skarmory|Stealth Rock|p2a: Blissey
|-sidestart|p2: order 66|move: Stealth Rock
|move|p2a: Blissey|Thunder Wave|p1a: Skarmory
|-status|p1a: Skarmory|par
|
|upkeep
|turn|15
|
|t:|1667686696
|switch|p2a: Victini|Victini|94/100
|move|p1a: Skarmory|Spikes|p2a: Victini
|-sidestart|p2: order 66|Spikes
|
|upkeep
|turn|16
|j| Ctannn
|
|t:|1667686705
|switch|p1a: Mandibuzz|Mandibuzz, F|100/100
|move|p2a: Victini|U-turn|p1a: Mandibuzz
|-damage|p1a: Mandibuzz|89/100
|
|t:|1667686715
|switch|p2a: Toxtricity|Toxtricity, F|100/100|[from]move: U-turn
|-damage|p2a: Toxtricity|88/100|[from] Stealth Rock
|-damage|p2a: Toxtricity|76/100|[from] Spikes
|
|upkeep
|turn|17
|
|t:|1667686719
|switch|p1a: Aegislash|Aegislash, M|96/100
|-damage|p1a: Aegislash|80/100|[from] Spikes
|move|p2a: Toxtricity|Boomburst|p1a: Aegislash
|-immune|p1a: Aegislash
|
|-heal|p1a: Aegislash|86/100|[from] item: Leftovers
|upkeep
|turn|18
|
|t:|1667686725
|switch|p2a: Blissey|Blissey, F|100/100
|-formechange|p1a: Aegislash|Aegislash-Blade||[from] ability: Stance Change
|move|p1a: Aegislash|Shadow Ball|p2a: Blissey
|-immune|p2a: Blissey
|
|-heal|p1a: Aegislash|92/100|[from] item: Leftovers
|upkeep
|turn|19
|
|t:|1667686736
|move|p2a: Blissey|Seismic Toss|p1a: Aegislash
|-immune|p1a: Aegislash
|move|p1a: Aegislash|Close Combat|p2a: Blissey
|-supereffective|p2a: Blissey
|-damage|p2a: Blissey|20/100
|-unboost|p1a: Aegislash|def|1
|-unboost|p1a: Aegislash|spd|1
|
|-heal|p1a: Aegislash|98/100|[from] item: Leftovers
|upkeep
|turn|20
|
|t:|1667686740
|move|p2a: Blissey|Shadow Ball|p1a: Aegislash
|-supereffective|p1a: Aegislash
|-damage|p1a: Aegislash|2/100
|move|p1a: Aegislash|Close Combat|p2a: Blissey
|-supereffective|p2a: Blissey
|-damage|p2a: Blissey|0 fnt
|-unboost|p1a: Aegislash|def|1
|-unboost|p1a: Aegislash|spd|1
|faint|p2a: Blissey
|
|-heal|p1a: Aegislash|8/100|[from] item: Leftovers
|upkeep
|
|t:|1667686745
|switch|p2a: Victini|Victini|94/100
|turn|21
|
|t:|1667686748
|-formechange|p1a: Aegislash|Aegislash||[from] ability: Stance Change
|move|p1a: Aegislash|King's Shield|p1a: Aegislash
|-singleturn|p1a: Aegislash|Protect
|move|p2a: Victini|V-create|p1a: Aegislash
|-activate|p1a: Aegislash|move: Protect
|-unboost|p2a: Victini|atk|1
|
|-heal|p1a: Aegislash|14/100|[from] item: Leftovers
|upkeep
|turn|22
|
|t:|1667686759
|switch|p1a: Gastrodon|Gastrodon, M|100/100
|-damage|p1a: Gastrodon|84/100|[from] Spikes
|move|p2a: Victini|V-create|p1a: Gastrodon
|-resisted|p1a: Gastrodon
|-damage|p1a: Gastrodon|66/100
|-unboost|p2a: Victini|spe|1
|-unboost|p2a: Victini|def|1
|-unboost|p2a: Victini|spd|1
|
|-heal|p1a: Gastrodon|72/100|[from] item: Leftovers
|upkeep
|turn|23
|
|t:|1667686776
|move|p2a: Victini|U-turn|p1a: Gastrodon
|-damage|p1a: Gastrodon|62/100
|
|t:|1667686778
|switch|p2a: Skarmory|Skarmory, M|100/100|[from]move: U-turn
|-damage|p2a: Skarmory|88/100|[from] Stealth Rock
|move|p1a: Gastrodon|Earthquake|p2a: Skarmory
|-immune|p2a: Skarmory
|
|-heal|p2a: Skarmory|94/100|[from] item: Leftovers
|-heal|p1a: Gastrodon|69/100|[from] item: Leftovers
|upkeep
|turn|24
|
|t:|1667686782
|move|p2a: Skarmory|Iron Defense|p2a: Skarmory
|-boost|p2a: Skarmory|def|2
|move|p1a: Gastrodon|Scald|p2a: Skarmory
|-damage|p2a: Skarmory|71/100
|
|-heal|p2a: Skarmory|77/100|[from] item: Leftovers
|-heal|p1a: Gastrodon|75/100|[from] item: Leftovers
|upkeep
|turn|25
|
|t:|1667686784
|move|p2a: Skarmory|Iron Defense|p2a: Skarmory
|-boost|p2a: Skarmory|def|2
|move|p1a: Gastrodon|Scald|p2a: Skarmory
|-damage|p2a: Skarmory|55/100
|
|-heal|p2a: Skarmory|61/100|[from] item: Leftovers
|-heal|p1a: Gastrodon|81/100|[from] item: Leftovers
|upkeep
|turn|26
|
|t:|1667686786
|move|p2a: Skarmory|Iron Defense|p2a: Skarmory
|-boost|p2a: Skarmory|def|2
|move|p1a: Gastrodon|Scald|p2a: Skarmory
|-damage|p2a: Skarmory|41/100
|
|-heal|p2a: Skarmory|47/100|[from] item: Leftovers
|-heal|p1a: Gastrodon|87/100|[from] item: Leftovers
|upkeep
|turn|27
|
|t:|1667686790
|move|p2a: Skarmory|Roost|p2a: Skarmory
|-heal|p2a: Skarmory|97/100
|-singleturn|p2a: Skarmory|move: Roost
|move|p1a: Gastrodon|Scald|p2a: Skarmory
|-damage|p2a: Skarmory|73/100
|
|-heal|p2a: Skarmory|79/100|[from] item: Leftovers
|-heal|p1a: Gastrodon|93/100|[from] item: Leftovers
|upkeep
|turn|28
|
|t:|1667686792
|move|p2a: Skarmory|Body Press|p1a: Gastrodon
|-damage|p1a: Gastrodon|19/100
|move|p1a: Gastrodon|Scald|p2a: Skarmory
|-damage|p2a: Skarmory|56/100
|
|-heal|p2a: Skarmory|62/100|[from] item: Leftovers
|-heal|p1a: Gastrodon|25/100|[from] item: Leftovers
|upkeep
|turn|29
|
|t:|1667686800
|switch|p1a: Aegislash|Aegislash, M|14/100
|-damage|p1a: Aegislash|0 fnt|[from] Spikes
|faint|p1a: Aegislash
|move|p2a: Skarmory|Body Press|p1: Aegislash|[notarget]
|-fail|p2a: Skarmory
|
|-heal|p2a: Skarmory|68/100|[from] item: Leftovers
|upkeep
|
|t:|1667686803
|switch|p1a: Ninetales|Ninetales-Alola, F|100/100
|-damage|p1a: Ninetales|84/100|[from] Spikes
|-weather|Hail|[from] ability: Snow Warning|[of] p1a: Ninetales
|turn|30
|
|t:|1667686811
|move|p1a: Ninetales|Blizzard|p2a: Skarmory
|-damage|p2a: Skarmory|28/100
|move|p2a: Skarmory|Body Press|p1a: Ninetales
|-damage|p1a: Ninetales|0 fnt
|faint|p1a: Ninetales
|
|-weather|Hail|[upkeep]
|-damage|p2a: Skarmory|22/100|[from] Hail
|-heal|p2a: Skarmory|28/100|[from] item: Leftovers
|upkeep
|
|t:|1667686816
|switch|p1a: Arctozolt|Arctozolt|100/100
|-damage|p1a: Arctozolt|84/100|[from] Spikes
|turn|31
|
|t:|1667686825
|switch|p2a: Garchomp|Garchomp, M|56/100
|-damage|p2a: Garchomp|49/100|[from] Stealth Rock
|-damage|p2a: Garchomp|37/100|[from] Spikes
|move|p1a: Arctozolt|Bolt Beak|p2a: Garchomp
|-immune|p2a: Garchomp
|
|-weather|Hail|[upkeep]
|-damage|p2a: Garchomp|31/100|[from] Hail
|-heal|p1a: Arctozolt|90/100|[from] item: Leftovers
|upkeep
|turn|32
|
|t:|1667686835
|switch|p2a: Victini|Victini|94/100
|move|p1a: Arctozolt|Blizzard|p2a: Victini
|-resisted|p2a: Victini
|-damage|p2a: Victini|74/100
|
|-weather|Hail|[upkeep]
|-damage|p2a: Victini|68/100|[from] Hail
|-heal|p1a: Arctozolt|96/100|[from] item: Leftovers
|upkeep
|turn|33
|
|t:|1667686838
|switch|p2a: Garchomp|Garchomp, M|31/100
|-damage|p2a: Garchomp|25/100|[from] Stealth Rock
|-damage|p2a: Garchomp|12/100|[from] Spikes
|move|p1a: Arctozolt|Substitute|p1a: Arctozolt
|-start|p1a: Arctozolt|Substitute
|-damage|p1a: Arctozolt|72/100
|
|-weather|Hail|[upkeep]
|-damage|p2a: Garchomp|6/100|[from] Hail
|-heal|p1a: Arctozolt|78/100|[from] item: Leftovers
|upkeep
|turn|34
|
|t:|1667686840
|move|p1a: Arctozolt|Freeze-Dry|p2a: Garchomp
|-supereffective|p2a: Garchomp
|-damage|p2a: Garchomp|0 fnt
|faint|p2a: Garchomp
|
|-weather|Hail|[upkeep]
|-heal|p1a: Arctozolt|84/100|[from] item: Leftovers
|upkeep
|
|t:|1667686875
|switch|p2a: Tapu Fini|Tapu Fini|100/100
|-damage|p2a: Tapu Fini|88/100|[from] Stealth Rock
|-damage|p2a: Tapu Fini|76/100|[from] Spikes
|-fieldstart|move: Misty Terrain|[from] ability: Misty Surge|[of] p2a: Tapu Fini
|turn|35
|
|t:|1667686879
|move|p2a: Tapu Fini|Moonblast|p1a: Arctozolt
|-end|p1a: Arctozolt|Substitute
|move|p1a: Arctozolt|Bolt Beak|p2a: Tapu Fini
|-supereffective|p2a: Tapu Fini
|-damage|p2a: Tapu Fini|0 fnt
|faint|p2a: Tapu Fini
|
|-weather|Hail|[upkeep]
|-heal|p1a: Arctozolt|90/100|[from] item: Leftovers
|upkeep
|
|t:|1667686882
|switch|p2a: Skarmory|Skarmory, M|28/100
|-damage|p2a: Skarmory|16/100|[from] Stealth Rock
|turn|36
|
|t:|1667686886
|move|p1a: Arctozolt|Bolt Beak|p2a: Skarmory
|-supereffective|p2a: Skarmory
|-damage|p2a: Skarmory|0 fnt
|faint|p2a: Skarmory
|
|-weather|Hail|[upkeep]
|-heal|p1a: Arctozolt|96/100|[from] item: Leftovers
|upkeep
|
|t:|1667686931
|switch|p2a: Victini|Victini|68/100
|turn|37
|
|t:|1667686934
|move|p1a: Arctozolt|Bolt Beak|p2a: Victini
|-damage|p2a: Victini|4/100
|move|p2a: Victini|V-create|p1a: Arctozolt
|-supereffective|p1a: Arctozolt
|-damage|p1a: Arctozolt|0 fnt
|-unboost|p2a: Victini|spe|1
|-unboost|p2a: Victini|def|1
|-unboost|p2a: Victini|spd|1
|faint|p1a: Arctozolt
|
|-weather|none
|upkeep
|
|t:|1667686954
|switch|p1a: Mandibuzz|Mandibuzz, F|89/100
|turn|38
|
|t:|1667686964
|move|p2a: Victini|Bolt Strike|p1a: Mandibuzz
|-supereffective|p1a: Mandibuzz
|-damage|p1a: Mandibuzz|49/100
|move|p1a: Mandibuzz|Defog|p2a: Victini
|-unboost|p2a: Victini|evasion|1
|-sideend|p2: order 66|Spikes|[from] move: Defog|[of] p1a: Mandibuzz
|-sideend|p2: order 66|Stealth Rock|[from] move: Defog|[of] p1a: Mandibuzz
|-sideend|p1: Jongruenwald|Spikes|[from] move: Defog|[of] p1a: Mandibuzz
|-fieldend|Misty Terrain
|
|upkeep
|turn|39
|
|t:|1667686971
|move|p2a: Victini|U-turn|p1a: Mandibuzz
|-damage|p1a: Mandibuzz|38/100
|
|t:|1667686973
|switch|p2a: Toxtricity|Toxtricity, F|76/100|[from]move: U-turn
|move|p1a: Mandibuzz|U-turn|p2a: Toxtricity
|-resisted|p2a: Toxtricity
|-damage|p2a: Toxtricity|67/100
|
|t:|1667686980
|switch|p1a: Skarmory|Skarmory, F|100/100 par|[from]move: U-turn
|
|upkeep
|turn|40
|
|t:|1667686983
|move|p2a: Toxtricity|Boomburst|p1a: Skarmory
|-resisted|p1a: Skarmory
|-damage|p1a: Skarmory|32/100 par
|move|p1a: Skarmory|Body Press|p2a: Toxtricity
|-resisted|p2a: Toxtricity
|-damage|p2a: Toxtricity|41/100
|
|upkeep
|turn|41
|
|t:|1667686987
|move|p2a: Toxtricity|Boomburst|p1a: Skarmory
|-resisted|p1a: Skarmory
|-damage|p1a: Skarmory|0 fnt
|faint|p1a: Skarmory
|
|upkeep
|
|t:|1667686989
|switch|p1a: Gastrodon|Gastrodon, M|25/100
|turn|42
|
|t:|1667686991
|move|p2a: Toxtricity|Boomburst|p1a: Gastrodon
|-damage|p1a: Gastrodon|0 fnt
|faint|p1a: Gastrodon
|
|upkeep
|
|t:|1667686993
|switch|p1a: Mandibuzz|Mandibuzz, F|38/100
|turn|43
|
|t:|1667686996
|move|p2a: Toxtricity|Boomburst|p1a: Mandibuzz
|-damage|p1a: Mandibuzz|0 fnt
|faint|p1a: Mandibuzz
|
|win|order 66
|raw|Jongruenwald's rating: 1773 &rarr; <strong>1746</strong><br />(-27 for losing)
|raw|order 66's rating: 1642 &rarr; <strong>1669</strong><br />(+27 for winning)
|c|☆Jongruenwald|Gg
|c|☆order 66|Gg
|l| Ctannn
||Ladder isn't responding, score probably updated but might not have (Request timeout).
