|raw|<div class="broadcast-blue"><strong>This battle is required to be public due to a player having a name starting with 'lt92pf'.</div>
|j|☆Hostile Takeovers
|j|☆LT92PF fardin
|t:|1660280783
|gametype|singles
|player|p1|Hostile Takeovers|giovanni-gen3|1798
|player|p2|LT92PF fardin|1|2039
|teamsize|p1|6
|teamsize|p2|6
|gen|8
|tier|[Gen 8] OU
|rated|
|rule|Sleep Clause Mod: Limit one foe put to sleep
|rule|Species Clause: Limit one of each Pokémon
|rule|OHKO Clause: OHKO moves are banned
|rule|Evasion Items Clause: Evasion items are banned
|rule|Evasion Moves Clause: Evasion moves are banned
|rule|Endless Battle Clause: Forcing endless battles is banned
|rule|HP Percentage Mod: HP is shown in percentages
|rule|Dynamax Clause: You cannot dynamax
|clearpoke
|poke|p1|Dragonite, F|
|poke|p1|Ferrothorn, F|
|poke|p1|Clefable, F|
|poke|p1|Heatran, F|
|poke|p1|Rillaboom, M|
|poke|p1|Zapdos|
|poke|p2|Tyranitar, F|
|poke|p2|Buzzwole|
|poke|p2|Quagsire, F|
|poke|p2|Corviknight, F|
|poke|p2|Clefable, F|
|poke|p2|Toxapex, M|
|teampreview
|inactive|Battle timer is ON: inactive players will automatically lose when time's up. (requested by LT92PF fardin)
|inactive|Hostile Takeovers also wants the timer to be on.
|j| DJ CRIB DEF
|j| rydeen ride
|j| Keblar
|j| LT92PF Fc
|j| Raichy
|j| lt92pf star
|j| LegendaryC26
|j| L9 motopapi
|l| LegendaryC26
|inactive|LT92PF fardin has 120 seconds left.
|
|t:|1660280823
|start
|switch|p1a: Clefable|Clefable, F|100/100
|switch|p2a: Clefable|Clefable, F|100/100
|turn|1
|j| Faultson‽
|l| L9 motopapi
|
|t:|1660280831
|move|p2a: Clefable|Knock Off|p1a: Clefable
|-resisted|p1a: Clefable
|-damage|p1a: Clefable|94/100
|-enditem|p1a: Clefable|Leftovers|[from] move: Knock Off|[of] p2a: Clefable
|move|p1a: Clefable|Thunder Wave|p2a: Clefable
|-status|p2a: Clefable|par
|
|upkeep
|turn|2
|
|t:|1660280837
|move|p1a: Clefable|Stealth Rock|p2a: Clefable
|-sidestart|p2: LT92PF fardin|move: Stealth Rock
|move|p2a: Clefable|Moonblast|p1a: Clefable
|-damage|p1a: Clefable|68/100
|
|upkeep
|turn|3
|j| Andyboy
|l| LT92PF Fc
|
|t:|1660280856
|switch|p2a: Tyranitar|Tyranitar, F|100/100
|-weather|Sandstorm|[from] ability: Sand Stream|[of] p2a: Tyranitar
|move|p1a: Clefable|Soft-Boiled|p1a: Clefable
|-heal|p1a: Clefable|100/100
|
|-weather|Sandstorm|[upkeep]
|upkeep
|turn|4
|j| Kate
|
|t:|1660280867
|move|p2a: Tyranitar|Stealth Rock|p1a: Clefable
|-sidestart|p1: Hostile Takeovers|move: Stealth Rock
|move|p1a: Clefable|Thunder Wave|p2a: Tyranitar|[miss]
|-miss|p1a: Clefable|p2a: Tyranitar
|
|-weather|Sandstorm|[upkeep]
|upkeep
|turn|5
|
|t:|1660280873
|switch|p2a: Toxapex|Toxapex, M|100/100
|move|p1a: Clefable|Thunder Wave|p2a: Toxapex
|-status|p2a: Toxapex|par
|
|-weather|Sandstorm|[upkeep]
|-damage|p2a: Toxapex|94/100 par|[from] Sandstorm
|upkeep
|turn|6
|
|t:|1660280881
|switch|p1a: Ferrothorn|Ferrothorn, F|100/100
|-damage|p1a: Ferrothorn|94/100|[from] Stealth Rock
|cant|p2a: Toxapex|par
|
|-weather|Sandstorm|[upkeep]
|-damage|p2a: Toxapex|88/100 par|[from] Sandstorm
|upkeep
|turn|7
|j| Burt Jarvis
|
|t:|1660280888
|move|p1a: Ferrothorn|Knock Off|p2a: Toxapex
|-damage|p2a: Toxapex|71/100 par
|-enditem|p2a: Toxapex|Heavy-Duty Boots|[from] move: Knock Off|[of] p1a: Ferrothorn
|move|p2a: Toxapex|Knock Off|p1a: Ferrothorn
|-damage|p1a: Ferrothorn|85/100
|-damage|p2a: Toxapex|58/100 par|[from] ability: Iron Barbs|[of] p1a: Ferrothorn
|-damage|p2a: Toxapex|42/100 par|[from] item: Rocky Helmet|[of] p1a: Ferrothorn
|-enditem|p1a: Ferrothorn|Rocky Helmet|[from] move: Knock Off|[of] p2a: Toxapex
|
|-weather|none
|upkeep
|turn|8
|
|t:|1660280899
|switch|p2a: Corviknight|Corviknight, F|100/100
|-damage|p2a: Corviknight|88/100|[from] Stealth Rock
|-ability|p2a: Corviknight|Pressure
|move|p1a: Ferrothorn|Spikes|p2a: Corviknight
|-sidestart|p2: LT92PF fardin|Spikes
|
|-heal|p2a: Corviknight|94/100|[from] item: Leftovers
|upkeep
|turn|9
|
|t:|1660280907
|switch|p2a: Clefable|Clefable, F|100/100 par
|switch|p1a: Heatran|Heatran, F|100/100
|-damage|p1a: Heatran|88/100|[from] Stealth Rock
|
|-heal|p1a: Heatran|94/100|[from] item: Leftovers
|upkeep
|turn|10
|j| LT92PF Mus
|j| lt92pf velcro
|j| I M prad yt
|
|t:|1660280916
|switch|p2a: Tyranitar|Tyranitar, F|100/100
|-weather|Sandstorm|[from] ability: Sand Stream|[of] p2a: Tyranitar
|move|p1a: Heatran|Magma Storm|p2a: Tyranitar
|-resisted|p2a: Tyranitar
|-damage|p2a: Tyranitar|92/100
|-activate|p2a: Tyranitar|move: Magma Storm|[of] p1a: Heatran
|
|-weather|Sandstorm|[upkeep]
|-heal|p1a: Heatran|100/100|[from] item: Leftovers
|-damage|p2a: Tyranitar|79/100|[from] move: Magma Storm|[partiallytrapped]
|upkeep
|turn|11
|
|t:|1660280927
|move|p1a: Heatran|Protect|p1a: Heatran
|-singleturn|p1a: Heatran|Protect
|move|p2a: Tyranitar|Earthquake|p1a: Heatran
|-activate|p1a: Heatran|move: Protect
|
|-weather|Sandstorm|[upkeep]
|-damage|p2a: Tyranitar|67/100|[from] move: Magma Storm|[partiallytrapped]
|upkeep
|turn|12
|
|t:|1660280935
|switch|p1a: Rillaboom|Rillaboom, M|100/100
|-damage|p1a: Rillaboom|88/100|[from] Stealth Rock
|-fieldstart|move: Grassy Terrain|[from] ability: Grassy Surge|[of] p1a: Rillaboom
|move|p2a: Tyranitar|Earthquake|p1a: Rillaboom
|-resisted|p1a: Rillaboom
|-damage|p1a: Rillaboom|79/100
|
|-weather|Sandstorm|[upkeep]
|-damage|p1a: Rillaboom|73/100|[from] Sandstorm
|-heal|p1a: Rillaboom|79/100|[from] Grassy Terrain
|-heal|p2a: Tyranitar|73/100|[from] Grassy Terrain
|-end|p2a: Tyranitar|Magma Storm|[partiallytrapped]|[silent]
|upkeep
|turn|13
|
|t:|1660280946
|switch|p2a: Buzzwole|Buzzwole|100/100
|move|p1a: Rillaboom|U-turn|p2a: Buzzwole
|-resisted|p2a: Buzzwole
|-damage|p2a: Buzzwole|91/100
|
|t:|1660280955
|switch|p1a: Zapdos|Zapdos|100/100|[from]move: U-turn
|-ability|p1a: Zapdos|Pressure
|
|-weather|Sandstorm|[upkeep]
|-damage|p1a: Zapdos|94/100|[from] Sandstorm
|-damage|p2a: Buzzwole|84/100|[from] Sandstorm
|-heal|p2a: Buzzwole|91/100|[from] Grassy Terrain
|upkeep
|turn|14
|
|t:|1660280963
|switch|p2a: Tyranitar|Tyranitar, F|73/100
|move|p1a: Zapdos|Toxic|p2a: Tyranitar
|-status|p2a: Tyranitar|tox
|
|-weather|none
|-heal|p2a: Tyranitar|79/100 tox|[from] Grassy Terrain
|-damage|p2a: Tyranitar|73/100 tox|[from] psn
|upkeep
|turn|15
|l| DJ CRIB DEF
|
|t:|1660280974
|switch|p1a: Clefable|Clefable, F|100/100
|switch|p2a: Quagsire|Quagsire, F|100/100
|-damage|p2a: Quagsire|94/100|[from] Stealth Rock
|-damage|p2a: Quagsire|82/100|[from] Spikes
|
|-heal|p2a: Quagsire|88/100|[from] Grassy Terrain
|-heal|p2a: Quagsire|94/100|[from] item: Leftovers
|upkeep
|turn|16
|
|t:|1660280987
|switch|p1a: Ferrothorn|Ferrothorn, F|85/100
|-damage|p1a: Ferrothorn|79/100|[from] Stealth Rock
|move|p2a: Quagsire|Seismic Toss|p1a: Ferrothorn
|-damage|p1a: Ferrothorn|50/100
|-damage|p2a: Quagsire|82/100|[from] ability: Iron Barbs|[of] p1a: Ferrothorn
|
|-heal|p2a: Quagsire|88/100|[from] Grassy Terrain
|-heal|p2a: Quagsire|94/100|[from] item: Leftovers
|-heal|p1a: Ferrothorn|57/100|[from] Grassy Terrain
|-fieldend|move: Grassy Terrain
|upkeep
|turn|17
|
|t:|1660280999
|switch|p2a: Clefable|Clefable, F|100/100 par
|move|p1a: Ferrothorn|Knock Off|p2a: Clefable
|-resisted|p2a: Clefable
|-damage|p2a: Clefable|92/100 par
|
|-damage|p1a: Ferrothorn|44/100|[from] item: Sticky Barb
|upkeep
|turn|18
|
|t:|1660281018
|switch|p2a: Corviknight|Corviknight, F|94/100
|-damage|p2a: Corviknight|82/100|[from] Stealth Rock
|-ability|p2a: Corviknight|Pressure
|switch|p1a: Clefable|Clefable, F|100/100
|
|-heal|p2a: Corviknight|88/100|[from] item: Leftovers
|upkeep
|turn|19
|
|t:|1660281027
|move|p2a: Corviknight|Defog|p1a: Clefable
|-unboost|p1a: Clefable|evasion|1
|-sideend|p1: Hostile Takeovers|Stealth Rock|[from] move: Defog|[of] p2a: Corviknight
|-sideend|p2: LT92PF fardin|Spikes|[from] move: Defog|[of] p2a: Corviknight
|-sideend|p2: LT92PF fardin|Stealth Rock|[from] move: Defog|[of] p2a: Corviknight
|move|p1a: Clefable|Thunder Wave|p2a: Corviknight
|-status|p2a: Corviknight|par
|
|-heal|p2a: Corviknight|94/100 par|[from] item: Leftovers
|upkeep
|turn|20
|
|t:|1660281036
|switch|p1a: Heatran|Heatran, F|100/100
|move|p2a: Corviknight|Defog|p1a: Heatran
|-unboost|p1a: Heatran|evasion|1
|
|-heal|p2a: Corviknight|100/100 par|[from] item: Leftovers
|upkeep
|turn|21
|
|t:|1660281043
|switch|p1a: Rillaboom|Rillaboom, M|79/100
|-fieldstart|move: Grassy Terrain|[from] ability: Grassy Surge|[of] p1a: Rillaboom
|switch|p2a: Quagsire|Quagsire, F|94/100
|
|-heal|p1a: Rillaboom|86/100|[from] Grassy Terrain
|-heal|p2a: Quagsire|99/100|[from] Grassy Terrain
|-heal|p2a: Quagsire|100/100|[from] item: Leftovers
|upkeep
|turn|22
|
|t:|1660281053
|switch|p2a: Buzzwole|Buzzwole|91/100
|move|p1a: Rillaboom|Knock Off|p2a: Buzzwole
|-resisted|p2a: Buzzwole
|-damage|p2a: Buzzwole|77/100
|-enditem|p2a: Buzzwole|Heavy-Duty Boots|[from] move: Knock Off|[of] p1a: Rillaboom
|
|-heal|p1a: Rillaboom|92/100|[from] Grassy Terrain
|-heal|p2a: Buzzwole|83/100|[from] Grassy Terrain
|upkeep
|turn|23
|
|t:|1660281062
|switch|p1a: Clefable|Clefable, F|100/100
|switch|p2a: Clefable|Clefable, F|92/100 par
|
|-heal|p2a: Clefable|98/100 par|[from] Grassy Terrain
|upkeep
|turn|24
|
|t:|1660281070
|move|p1a: Clefable|Stealth Rock|p2a: Clefable
|-sidestart|p2: LT92PF fardin|move: Stealth Rock
|move|p2a: Clefable|Heal Bell|p2a: Clefable
|-activate|p2a: Clefable|move: Heal Bell
|-curestatus|p2a: Clefable|par|[msg]
|-curestatus|p2: Tyranitar|tox|[msg]
|-curestatus|p2: Toxapex|par|[msg]
|-curestatus|p2: Corviknight|par|[msg]
|
|-heal|p2a: Clefable|100/100|[from] Grassy Terrain
|upkeep
|turn|25
|
|t:|1660281087
|switch|p2a: Quagsire|Quagsire, F|100/100
|-damage|p2a: Quagsire|94/100|[from] Stealth Rock
|move|p1a: Clefable|Thunder Wave|p2a: Quagsire
|-immune|p2a: Quagsire
|
|-heal|p2a: Quagsire|100/100|[from] Grassy Terrain
|-fieldend|move: Grassy Terrain
|upkeep
|turn|26
|
|t:|1660281096
|switch|p1a: Rillaboom|Rillaboom, M|92/100
|-fieldstart|move: Grassy Terrain|[from] ability: Grassy Surge|[of] p1a: Rillaboom
|move|p2a: Quagsire|Toxic|p1a: Rillaboom
|-status|p1a: Rillaboom|tox
|
|-heal|p1a: Rillaboom|98/100 tox|[from] Grassy Terrain
|-damage|p1a: Rillaboom|92/100 tox|[from] psn
|upkeep
|turn|27
|
|t:|1660281105
|switch|p2a: Corviknight|Corviknight, F|100/100
|-damage|p2a: Corviknight|88/100|[from] Stealth Rock
|-ability|p2a: Corviknight|Pressure
|move|p1a: Rillaboom|U-turn|p2a: Corviknight
|-resisted|p2a: Corviknight
|-damage|p2a: Corviknight|81/100
|j| vnhieu
|
|t:|1660281112
|switch|p1a: Zapdos|Zapdos|94/100|[from]move: U-turn
|-ability|p1a: Zapdos|Pressure
|
|-heal|p2a: Corviknight|87/100|[from] item: Leftovers
|upkeep
|turn|28
|
|t:|1660281119
|move|p2a: Corviknight|Protect|p2a: Corviknight
|-singleturn|p2a: Corviknight|Protect
|move|p1a: Zapdos|Hurricane|p2a: Corviknight
|-activate|p2a: Corviknight|move: Protect
|
|-heal|p2a: Corviknight|93/100|[from] item: Leftovers
|upkeep
|turn|29
|
|t:|1660281129
|move|p1a: Zapdos|Hurricane|p2a: Corviknight|[miss]
|-miss|p1a: Zapdos|p2a: Corviknight
|move|p2a: Corviknight|Roost|p2a: Corviknight
|-heal|p2a: Corviknight|100/100
|-singleturn|p2a: Corviknight|move: Roost
|
|upkeep
|turn|30
|
|t:|1660281141
|move|p2a: Corviknight|Protect|p2a: Corviknight
|-singleturn|p2a: Corviknight|Protect
|move|p1a: Zapdos|Thunderbolt|p2a: Corviknight
|-activate|p2a: Corviknight|move: Protect
|
|-fieldend|move: Grassy Terrain
|upkeep
|turn|31
|
|t:|1660281148
|move|p1a: Zapdos|Thunderbolt|p2a: Corviknight
|-supereffective|p2a: Corviknight
|-damage|p2a: Corviknight|37/100
|move|p2a: Corviknight|Roost|p2a: Corviknight
|-heal|p2a: Corviknight|87/100
|-singleturn|p2a: Corviknight|move: Roost
|
|-heal|p2a: Corviknight|94/100|[from] item: Leftovers
|upkeep
|turn|32
|
|t:|1660281161
|switch|p1a: Heatran|Heatran, F|100/100
|move|p2a: Corviknight|Defog|p1a: Heatran
|-unboost|p1a: Heatran|evasion|1
|-sideend|p2: LT92PF fardin|Stealth Rock|[from] move: Defog|[of] p2a: Corviknight
|
|-heal|p2a: Corviknight|99/100|[from] item: Leftovers
|upkeep
|turn|33
|
|t:|1660281170
|switch|p1a: Clefable|Clefable, F|100/100
|move|p2a: Corviknight|Protect||[still]
|-fail|p2a: Corviknight
|
|-heal|p2a: Corviknight|100/100|[from] item: Leftovers
|upkeep
|turn|34
|
|t:|1660281177
|move|p2a: Corviknight|Brave Bird|p1a: Clefable
|-damage|p1a: Clefable|67/100
|-damage|p2a: Corviknight|89/100|[from] Recoil
|move|p1a: Clefable|Stealth Rock|p2a: Corviknight
|-sidestart|p2: LT92PF fardin|move: Stealth Rock
|
|-heal|p2a: Corviknight|96/100|[from] item: Leftovers
|upkeep
|turn|35
|
|t:|1660281185
|move|p2a: Corviknight|Brave Bird|p1a: Clefable
|-damage|p1a: Clefable|33/100
|-damage|p2a: Corviknight|85/100|[from] Recoil
|move|p1a: Clefable|Thunder Wave|p2a: Corviknight
|-status|p2a: Corviknight|par
|
|-heal|p2a: Corviknight|91/100 par|[from] item: Leftovers
|upkeep
|turn|36
|
|t:|1660281193
|switch|p2a: Tyranitar|Tyranitar, F|73/100
|-weather|Sandstorm|[from] ability: Sand Stream|[of] p2a: Tyranitar
|move|p1a: Clefable|Soft-Boiled|p1a: Clefable
|-heal|p1a: Clefable|83/100
|
|-weather|Sandstorm|[upkeep]
|upkeep
|turn|37
|
|t:|1660281198
|move|p2a: Tyranitar|Stealth Rock|p1a: Clefable
|-sidestart|p1: Hostile Takeovers|move: Stealth Rock
|move|p1a: Clefable|Moonblast|p2a: Tyranitar
|-supereffective|p2a: Tyranitar
|-damage|p2a: Tyranitar|46/100
|
|-weather|Sandstorm|[upkeep]
|upkeep
|turn|38
|
|t:|1660281205
|move|p2a: Tyranitar|Rest|p2a: Tyranitar
|-status|p2a: Tyranitar|slp|[from] move: Rest
|-heal|p2a: Tyranitar|100/100 slp|[silent]
|move|p1a: Clefable|Soft-Boiled|p1a: Clefable
|-heal|p1a: Clefable|100/100
|
|-weather|Sandstorm|[upkeep]
|upkeep
|turn|39
|inactive|Hostile Takeovers has 120 seconds left.
|
|t:|1660281236
|cant|p2a: Tyranitar|slp
|move|p1a: Clefable|Moonblast|p2a: Tyranitar
|-supereffective|p2a: Tyranitar
|-damage|p2a: Tyranitar|73/100 slp
|
|-weather|Sandstorm|[upkeep]
|upkeep
|turn|40
|
|t:|1660281242
|switch|p2a: Toxapex|Toxapex, M|75/100
|-damage|p2a: Toxapex|63/100|[from] Stealth Rock
|move|p1a: Clefable|Moonblast|p2a: Toxapex
|-resisted|p2a: Toxapex
|-damage|p2a: Toxapex|53/100
|
|-weather|none
|upkeep
|turn|41
|
|t:|1660281257
|switch|p1a: Heatran|Heatran, F|100/100
|-damage|p1a: Heatran|88/100|[from] Stealth Rock
|move|p2a: Toxapex|Recover|p2a: Toxapex
|-heal|p2a: Toxapex|100/100
|
|-heal|p1a: Heatran|94/100|[from] item: Leftovers
|upkeep
|turn|42
|
|t:|1660281263
|switch|p1a: Ferrothorn|Ferrothorn, F|44/100
|-damage|p1a: Ferrothorn|38/100|[from] Stealth Rock
|switch|p2a: Quagsire|Quagsire, F|100/100
|-damage|p2a: Quagsire|94/100|[from] Stealth Rock
|
|-heal|p2a: Quagsire|100/100|[from] item: Leftovers
|-damage|p1a: Ferrothorn|25/100|[from] item: Sticky Barb
|upkeep
|turn|43
|inactive|Hostile Takeovers has 120 seconds left.
|
|t:|1660281285
|switch|p1a: Clefable|Clefable, F|100/100
|move|p2a: Quagsire|Seismic Toss|p1a: Clefable
|-damage|p1a: Clefable|75/100
|
|upkeep
|turn|44
|
|t:|1660281294
|switch|p1a: Rillaboom|Rillaboom, M|92/100 tox
|-damage|p1a: Rillaboom|79/100 tox|[from] Stealth Rock
|-fieldstart|move: Grassy Terrain|[from] ability: Grassy Surge|[of] p1a: Rillaboom
|move|p2a: Quagsire|Seismic Toss|p1a: Rillaboom
|-damage|p1a: Rillaboom|50/100 tox
|
|-heal|p1a: Rillaboom|56/100 tox|[from] Grassy Terrain
|-damage|p1a: Rillaboom|50/100 tox|[from] psn
|upkeep
|turn|45
|
|t:|1660281306
|switch|p2a: Buzzwole|Buzzwole|83/100
|-damage|p2a: Buzzwole|71/100|[from] Stealth Rock
|move|p1a: Rillaboom|U-turn|p2a: Buzzwole
|-resisted|p2a: Buzzwole
|-damage|p2a: Buzzwole|60/100
|inactive|Hostile Takeovers has 120 seconds left.
|
|t:|1660281319
|switch|p1a: Heatran|Heatran, F|94/100|[from]move: U-turn
|-damage|p1a: Heatran|82/100|[from] Stealth Rock
|
|-heal|p2a: Buzzwole|67/100|[from] Grassy Terrain
|-heal|p1a: Heatran|88/100|[from] Grassy Terrain
|-heal|p1a: Heatran|94/100|[from] item: Leftovers
|upkeep
|turn|46
|
|t:|1660281334
|switch|p2a: Toxapex|Toxapex, M|100/100
|-damage|p2a: Toxapex|88/100|[from] Stealth Rock
|move|p1a: Heatran|Magma Storm|p2a: Toxapex
|-resisted|p2a: Toxapex
|-damage|p2a: Toxapex|75/100
|-activate|p2a: Toxapex|move: Magma Storm|[of] p1a: Heatran
|
|-heal|p1a: Heatran|100/100|[from] Grassy Terrain
|-heal|p2a: Toxapex|81/100|[from] Grassy Terrain
|-damage|p2a: Toxapex|69/100|[from] move: Magma Storm|[partiallytrapped]
|upkeep
|turn|47
|
|t:|1660281344
|move|p1a: Heatran|Protect|p1a: Heatran
|-singleturn|p1a: Heatran|Protect
|move|p2a: Toxapex|Knock Off|p1a: Heatran
|-activate|p1a: Heatran|move: Protect
|
|-heal|p2a: Toxapex|75/100|[from] Grassy Terrain
|-damage|p2a: Toxapex|63/100|[from] move: Magma Storm|[partiallytrapped]
|upkeep
|turn|48
|
|t:|1660281352
|move|p1a: Heatran|Earth Power|p2a: Toxapex
|-supereffective|p2a: Toxapex
|-damage|p2a: Toxapex|30/100
|move|p2a: Toxapex|Recover|p2a: Toxapex
|-heal|p2a: Toxapex|80/100
|
|-heal|p2a: Toxapex|87/100|[from] Grassy Terrain
|-damage|p2a: Toxapex|74/100|[from] move: Magma Storm|[partiallytrapped]
|-fieldend|move: Grassy Terrain
|upkeep
|turn|49
|
|t:|1660281362
|move|p1a: Heatran|Earth Power|p2a: Toxapex
|-supereffective|p2a: Toxapex
|-damage|p2a: Toxapex|42/100
|move|p2a: Toxapex|Recover|p2a: Toxapex
|-heal|p2a: Toxapex|92/100
|
|-damage|p2a: Toxapex|79/100|[from] move: Magma Storm|[partiallytrapped]
|upkeep
|turn|50
|
|t:|1660281371
|move|p1a: Heatran|Earth Power|p2a: Toxapex
|-supereffective|p2a: Toxapex
|-damage|p2a: Toxapex|47/100
|move|p2a: Toxapex|Knock Off|p1a: Heatran
|-damage|p1a: Heatran|87/100
|-enditem|p1a: Heatran|Leftovers|[from] move: Knock Off|[of] p2a: Toxapex
|
|-damage|p2a: Toxapex|35/100|[from] move: Magma Storm|[partiallytrapped]
|upkeep
|turn|51
|
|t:|1660281379
|move|p1a: Heatran|Earth Power|p2a: Toxapex
|-supereffective|p2a: Toxapex
|-damage|p2a: Toxapex|0 fnt
|faint|p2a: Toxapex
|
|upkeep
|c|☆LT92PF fardin|F
|
|t:|1660281385
|switch|p2a: Quagsire|Quagsire, F|100/100
|-damage|p2a: Quagsire|94/100|[from] Stealth Rock
|turn|52
|
|t:|1660281391
|move|p1a: Heatran|Protect|p1a: Heatran
|-singleturn|p1a: Heatran|Protect
|move|p2a: Quagsire|Seismic Toss|p1a: Heatran
|-activate|p1a: Heatran|move: Protect
|
|-heal|p2a: Quagsire|100/100|[from] item: Leftovers
|upkeep
|turn|53
|
|t:|1660281398
|switch|p1a: Clefable|Clefable, F|75/100
|move|p2a: Quagsire|Seismic Toss|p1a: Clefable
|-damage|p1a: Clefable|50/100
|
|upkeep
|turn|54
|
|t:|1660281406
|move|p1a: Clefable|Soft-Boiled|p1a: Clefable
|-heal|p1a: Clefable|99/100
|move|p2a: Quagsire|Seismic Toss|p1a: Clefable
|-damage|p1a: Clefable|74/100
|
|upkeep
|turn|55
|
|t:|1660281419
|switch|p1a: Zapdos|Zapdos|94/100
|-ability|p1a: Zapdos|Pressure
|move|p2a: Quagsire|Seismic Toss|p1a: Zapdos
|-damage|p1a: Zapdos|63/100
|
|upkeep
|turn|56
|
|t:|1660281426
|move|p1a: Zapdos|Toxic|p2a: Quagsire
|-status|p2a: Quagsire|tox
|move|p2a: Quagsire|Toxic|p1a: Zapdos
|-status|p1a: Zapdos|tox
|
|-damage|p1a: Zapdos|57/100 tox|[from] psn
|-damage|p2a: Quagsire|94/100 tox|[from] psn
|upkeep
|turn|57
|
|t:|1660281435
|switch|p1a: Heatran|Heatran, F|87/100
|-damage|p1a: Heatran|75/100|[from] Stealth Rock
|switch|p2a: Tyranitar|Tyranitar, F|73/100 slp
|-weather|Sandstorm|[from] ability: Sand Stream|[of] p2a: Tyranitar
|
|-weather|Sandstorm|[upkeep]
|upkeep
|turn|58
|n| LT92PF Pachito|raichy
|
|t:|1660281447
|move|p1a: Heatran|Magma Storm|p2a: Tyranitar
|-resisted|p2a: Tyranitar
|-crit|p2a: Tyranitar
|-damage|p2a: Tyranitar|61/100 slp
|-activate|p2a: Tyranitar|move: Magma Storm|[of] p1a: Heatran
|cant|p2a: Tyranitar|slp
|
|-weather|Sandstorm|[upkeep]
|-damage|p2a: Tyranitar|48/100 slp|[from] move: Magma Storm|[partiallytrapped]
|upkeep
|turn|59
|j| LT92PF Ayt
|
|t:|1660281455
|move|p1a: Heatran|Protect|p1a: Heatran
|-singleturn|p1a: Heatran|Protect
|-curestatus|p2a: Tyranitar|slp|[msg]
|move|p2a: Tyranitar|Earthquake|p1a: Heatran
|-activate|p1a: Heatran|move: Protect
|
|-weather|Sandstorm|[upkeep]
|-damage|p2a: Tyranitar|36/100|[from] move: Magma Storm|[partiallytrapped]
|upkeep
|turn|60
|inactive|Hostile Takeovers has 120 seconds left.
|inactive|Hostile Takeovers has 90 seconds left.
|
|t:|1660281540
|move|p1a: Heatran|Heavy Slam|p2a: Tyranitar
|-supereffective|p2a: Tyranitar
|-damage|p2a: Tyranitar|7/100
|move|p2a: Tyranitar|Rest|p2a: Tyranitar
|-status|p2a: Tyranitar|slp|[from] move: Rest
|-heal|p2a: Tyranitar|100/100 slp|[silent]
|
|-weather|Sandstorm|[upkeep]
|-damage|p2a: Tyranitar|88/100 slp|[from] move: Magma Storm|[partiallytrapped]
|upkeep
|turn|61
|
|t:|1660281551
|move|p1a: Heatran|Heavy Slam|p2a: Tyranitar
|-supereffective|p2a: Tyranitar
|-damage|p2a: Tyranitar|58/100 slp
|cant|p2a: Tyranitar|slp
|
|-weather|none
|-damage|p2a: Tyranitar|46/100 slp|[from] move: Magma Storm|[partiallytrapped]
|upkeep
|turn|62
|
|t:|1660281559
|move|p1a: Heatran|Heavy Slam|p2a: Tyranitar
|-supereffective|p2a: Tyranitar
|-damage|p2a: Tyranitar|18/100 slp
|cant|p2a: Tyranitar|slp
|
|-damage|p2a: Tyranitar|6/100 slp|[from] move: Magma Storm|[partiallytrapped]
|upkeep
|turn|63
|c|☆LT92PF fardin|man
|j| PSaddict123
|
|t:|1660281569
|move|p1a: Heatran|Heavy Slam|p2a: Tyranitar
|-supereffective|p2a: Tyranitar
|-damage|p2a: Tyranitar|0 fnt
|faint|p2a: Tyranitar
|
|upkeep
|l| LT92PF Mus
|j| aaykk
|c|☆LT92PF fardin|gg
|l| vnhieu
|-message|LT92PF fardin forfeited.
|
|win|Hostile Takeovers
|raw|Hostile Takeovers's rating: 1798 &rarr; <strong>1830</strong><br />(+32 for winning)
|raw|LT92PF fardin's rating: 2039 &rarr; <strong>2007</strong><br />(-32 for losing)
|l|☆LT92PF fardin
|l|☆Hostile Takeovers
|l| Keblar
|l| LT92PF Ayt
|l| I M prad yt
|l| rydeen ride
