|j|☆user1_ou
|j|☆SpoonTheHarpoon
|t:|1663515031
|gametype|singles
|player|p1|user1_ou|eusine|1704
|player|p2|SpoonTheHarpoon|bugcatcher-gen4dp|1644
|teamsize|p1|6
|teamsize|p2|6
|gen|8
|tier|[Gen 8] OU
|rated|
|rule|Sleep Clause Mod: Limit one foe put to sleep
|rule|Species Clause: Limit one of each Pokémon
|rule|OHKO Clause: OHKO moves are banned
|rule|Evasion Items Clause: Evasion items are banned
|rule|Evasion Moves Clause: Evasion moves are banned
|rule|Endless Battle Clause: Forcing endless battles is banned
|rule|HP Percentage Mod: HP is shown in percentages
|rule|Dynamax Clause: You cannot dynamax
|clearpoke
|poke|p1|Gengar, F|
|poke|p1|Blacephalon|
|poke|p1|Dragapult, M|
|poke|p1|Rotom-Wash|
|poke|p1|Mandibuzz, F|
|poke|p1|Ferrothorn, M|
|poke|p2|Ninetales-Alola, M|
|poke|p2|Heatran, F|
|poke|p2|Dragapult, M|
|poke|p2|Scizor, M|
|poke|p2|Garchomp, M|
|poke|p2|Cloyster, M|
|teampreview
|
|t:|1663515046
|start
|switch|p1a: Gengar|Gengar, F|100/100
|switch|p2a: Heatran|Heatran, F|100/100
|-item|p2a: Heatran|Air Balloon
|turn|1
|
|t:|1663515053
|move|p1a: Gengar|Shadow Ball|p2a: Heatran
|-damage|p2a: Heatran|38/100
|-enditem|p2a: Heatran|Air Balloon
|move|p2a: Heatran|Earth Power|p1a: Gengar
|-supereffective|p1a: Gengar
|-damage|p1a: Gengar|0 fnt
|faint|p1a: Gengar
|
|upkeep
|
|t:|1663515055
|switch|p1a: Blacephalon|Blacephalon|100/100
|turn|2
|
|t:|1663515057
|move|p1a: Blacephalon|Shadow Ball|p2a: Heatran
|-damage|p2a: Heatran|0 fnt
|faint|p2a: Heatran
|-ability|p1a: Blacephalon|Beast Boost|boost
|-boost|p1a: Blacephalon|spa|1
|
|upkeep
|
|t:|1663515061
|switch|p2a: Scizor|Scizor, M|100/100
|turn|3
|
|t:|1663515062
|move|p1a: Blacephalon|Shadow Ball|p2a: Scizor
|-damage|p2a: Scizor|6/100
|move|p2a: Scizor|Knock Off|p1a: Blacephalon
|-supereffective|p1a: Blacephalon
|-damage|p1a: Blacephalon|0 fnt
|-enditem|p1a: Blacephalon|Choice Scarf|[from] move: Knock Off|[of] p2a: Scizor
|faint|p1a: Blacephalon
|
|-heal|p2a: Scizor|12/100|[from] item: Leftovers
|upkeep
|
|t:|1663515096
|switch|p1a: Rotom|Rotom-Wash|100/100
|turn|4
|
|t:|1663515105
|move|p1a: Rotom|Volt Switch|p2a: Scizor
|-damage|p2a: Scizor|0 fnt
|faint|p2a: Scizor
|
|t:|1663515110
|switch|p1a: Dragapult|Dragapult, M|100/100|[from]move: Volt Switch
|
|upkeep
|
|t:|1663515112
|switch|p2a: Ninetales|Ninetales-Alola, M|100/100
|-weather|Hail|[from] ability: Snow Warning|[of] p2a: Ninetales
|turn|5
|
|t:|1663515125
|move|p1a: Dragapult|U-turn|p2a: Ninetales
|-resisted|p2a: Ninetales
|-damage|p2a: Ninetales|78/100
|
|t:|1663515127
|switch|p1a: Ferrothorn|Ferrothorn, M|100/100|[from]move: U-turn
|move|p2a: Ninetales|Aurora Veil|p2a: Ninetales
|-sidestart|p2: SpoonTheHarpoon|move: Aurora Veil
|
|-weather|Hail|[upkeep]
|-damage|p1a: Ferrothorn|94/100|[from] Hail
|-heal|p1a: Ferrothorn|100/100|[from] item: Leftovers
|upkeep
|turn|6
|
|t:|1663515130
|move|p2a: Ninetales|Hypnosis|p1a: Ferrothorn
|-status|p1a: Ferrothorn|slp|[from] move: Hypnosis
|cant|p1a: Ferrothorn|slp
|
|-weather|Hail|[upkeep]
|-damage|p1a: Ferrothorn|94/100 slp|[from] Hail
|-heal|p1a: Ferrothorn|100/100 slp|[from] item: Leftovers
|upkeep
|turn|7
|
|t:|1663515141
|switch|p2a: Dragapult|Dragapult, M|100/100
|switch|p1a: Rotom|Rotom-Wash|100/100
|
|-weather|Hail|[upkeep]
|-damage|p2a: Dragapult|95/100|[from] Hail
|-damage|p1a: Rotom|94/100|[from] Hail
|-heal|p1a: Rotom|100/100|[from] item: Leftovers
|upkeep
|turn|8
|
|t:|1663515151
|move|p2a: Dragapult|Dragon Dance|p2a: Dragapult
|-boost|p2a: Dragapult|atk|1
|-boost|p2a: Dragapult|spe|1
|move|p1a: Rotom|Toxic|p2a: Dragapult
|-status|p2a: Dragapult|tox
|
|-weather|Hail|[upkeep]
|-damage|p2a: Dragapult|89/100 tox|[from] Hail
|-damage|p1a: Rotom|94/100|[from] Hail
|-heal|p1a: Rotom|100/100|[from] item: Leftovers
|-damage|p2a: Dragapult|83/100 tox|[from] psn
|upkeep
|turn|9
|
|t:|1663515165
|switch|p1a: Ferrothorn|Ferrothorn, M|100/100 slp
|move|p2a: Dragapult|Dragon Darts|p1a: Ferrothorn
|-resisted|p1a: Ferrothorn
|-damage|p1a: Ferrothorn|88/100 slp
|-anim|p2a: Dragapult|Dragon Darts|p1a: Ferrothorn
|-resisted|p1a: Ferrothorn
|-damage|p1a: Ferrothorn|77/100 slp
|
|-weather|none
|-heal|p1a: Ferrothorn|83/100 slp|[from] item: Leftovers
|-damage|p2a: Dragapult|71/100 tox|[from] psn
|upkeep
|turn|10
|
|t:|1663515183
|move|p2a: Dragapult|Flamethrower|p1a: Ferrothorn
|-supereffective|p1a: Ferrothorn
|-damage|p1a: Ferrothorn|19/100 slp
|-curestatus|p1a: Ferrothorn|slp|[msg]
|move|p1a: Ferrothorn|Stealth Rock|p2a: Dragapult
|-sidestart|p2: SpoonTheHarpoon|move: Stealth Rock
|
|-heal|p1a: Ferrothorn|25/100|[from] item: Leftovers
|-damage|p2a: Dragapult|53/100 tox|[from] psn
|upkeep
|turn|11
|
|t:|1663515188
|move|p2a: Dragapult|Dragon Darts|p1a: Ferrothorn
|-resisted|p1a: Ferrothorn
|-damage|p1a: Ferrothorn|13/100
|-anim|p2a: Dragapult|Dragon Darts|p1a: Ferrothorn
|-resisted|p1a: Ferrothorn
|-damage|p1a: Ferrothorn|2/100
|move|p1a: Ferrothorn|Spikes|p2a: Dragapult
|-sidestart|p2: SpoonTheHarpoon|Spikes
|
|-heal|p1a: Ferrothorn|8/100|[from] item: Leftovers
|-damage|p2a: Dragapult|29/100 tox|[from] psn
|upkeep
|turn|12
|
|t:|1663515190
|move|p2a: Dragapult|Dragon Darts|p1a: Ferrothorn
|-resisted|p1a: Ferrothorn
|-damage|p1a: Ferrothorn|0 fnt
|faint|p1a: Ferrothorn
|
|-damage|p2a: Dragapult|0 fnt|[from] psn
|faint|p2a: Dragapult
|-sideend|p2: SpoonTheHarpoon|move: Aurora Veil
|upkeep
|
|t:|1663515208
|switch|p2a: Ninetales|Ninetales-Alola, M|78/100
|switch|p1a: Rotom|Rotom-Wash|100/100
|-damage|p2a: Ninetales|53/100|[from] Stealth Rock
|-damage|p2a: Ninetales|41/100|[from] Spikes
|-weather|Hail|[from] ability: Snow Warning|[of] p2a: Ninetales
|turn|13
|c|☆SpoonTheHarpoon|Didn't think you'd stay in on that
|
|t:|1663515227
|move|p2a: Ninetales|Aurora Veil|p2a: Ninetales
|-sidestart|p2: SpoonTheHarpoon|move: Aurora Veil
|move|p1a: Rotom|Toxic|p2a: Ninetales
|-status|p2a: Ninetales|tox
|
|-weather|Hail|[upkeep]
|-damage|p1a: Rotom|94/100|[from] Hail
|-heal|p1a: Rotom|100/100|[from] item: Leftovers
|-damage|p2a: Ninetales|35/100 tox|[from] psn
|upkeep
|turn|14
|
|t:|1663515234
|switch|p1a: Mandibuzz|Mandibuzz, F|100/100
|move|p2a: Ninetales|Freeze-Dry|p1a: Mandibuzz
|-supereffective|p1a: Mandibuzz
|-damage|p1a: Mandibuzz|72/100
|-status|p1a: Mandibuzz|frz
|
|-weather|Hail|[upkeep]
|-damage|p2a: Ninetales|23/100 tox|[from] psn
|upkeep
|turn|15
|
|t:|1663515246
|switch|p2a: Cloyster|Cloyster, M|100/100
|switch|p1a: Rotom|Rotom-Wash|100/100
|
|-weather|Hail|[upkeep]
|-damage|p1a: Rotom|94/100|[from] Hail
|-heal|p1a: Rotom|100/100|[from] item: Leftovers
|upkeep
|turn|16
|
|t:|1663515249
|move|p2a: Cloyster|Shell Smash|p2a: Cloyster
|-unboost|p2a: Cloyster|def|1
|-unboost|p2a: Cloyster|spd|1
|-boost|p2a: Cloyster|atk|2
|-boost|p2a: Cloyster|spa|2
|-boost|p2a: Cloyster|spe|2
|move|p1a: Rotom|Toxic|p2a: Cloyster
|-status|p2a: Cloyster|tox
|
|-weather|Hail|[upkeep]
|-damage|p1a: Rotom|94/100|[from] Hail
|-heal|p1a: Rotom|100/100|[from] item: Leftovers
|-damage|p2a: Cloyster|94/100 tox|[from] psn
|upkeep
|turn|17
|
|t:|1663515252
|move|p2a: Cloyster|Rock Blast|p1a: Rotom
|-damage|p1a: Rotom|84/100
|-damage|p1a: Rotom|66/100
|-damage|p1a: Rotom|49/100
|-damage|p1a: Rotom|34/100
|-damage|p1a: Rotom|17/100
|-hitcount|p1a: Rotom|5
|move|p1a: Rotom|Volt Switch|p2a: Cloyster
|-supereffective|p2a: Cloyster
|-crit|p2a: Cloyster
|-damage|p2a: Cloyster|0 fnt
|faint|p2a: Cloyster
|
|t:|1663515255
|switch|p1a: Dragapult|Dragapult, M|100/100|[from]move: Volt Switch
|
|-weather|none
|upkeep
|
|t:|1663515258
|switch|p2a: Garchomp|Garchomp, M|100/100
|-damage|p2a: Garchomp|94/100|[from] Stealth Rock
|-damage|p2a: Garchomp|82/100|[from] Spikes
|turn|18
|
|t:|1663515265
|move|p1a: Dragapult|Dragon Darts|p2a: Garchomp
|-supereffective|p2a: Garchomp
|-damage|p2a: Garchomp|46/100
|-anim|p1a: Dragapult|Dragon Darts|p2a: Garchomp
|-supereffective|p2a: Garchomp
|-damage|p2a: Garchomp|9/100
|move|p2a: Garchomp|Scale Shot|p1a: Dragapult
|-supereffective|p1a: Dragapult
|-damage|p1a: Dragapult|70/100
|-supereffective|p1a: Dragapult
|-damage|p1a: Dragapult|36/100
|-supereffective|p1a: Dragapult
|-damage|p1a: Dragapult|1/100
|-hitcount|p1a: Dragapult|3
|-unboost|p2a: Garchomp|def|1
|-boost|p2a: Garchomp|spe|1
|
|-heal|p2a: Garchomp|16/100|[from] item: Leftovers
|upkeep
|turn|19
|
|t:|1663515270
|move|p2a: Garchomp|Earthquake|p1a: Dragapult
|-damage|p1a: Dragapult|0 fnt
|faint|p1a: Dragapult
|
|-heal|p2a: Garchomp|22/100|[from] item: Leftovers
|upkeep
|
|t:|1663515272
|switch|p1a: Mandibuzz|Mandibuzz, F|72/100 frz
|turn|20
|
|t:|1663515275
|move|p2a: Garchomp|Scale Shot|p1a: Mandibuzz
|-damage|p1a: Mandibuzz|64/100 frz
|-damage|p1a: Mandibuzz|56/100 frz
|-damage|p1a: Mandibuzz|47/100 frz
|-hitcount|p1a: Mandibuzz|3
|-unboost|p2a: Garchomp|def|1
|-boost|p2a: Garchomp|spe|1
|cant|p1a: Mandibuzz|frz
|
|-heal|p2a: Garchomp|28/100|[from] item: Leftovers
|-sideend|p2: SpoonTheHarpoon|move: Aurora Veil
|upkeep
|turn|21
|
|t:|1663515286
|move|p2a: Garchomp|Swords Dance|p2a: Garchomp
|-boost|p2a: Garchomp|atk|2
|cant|p1a: Mandibuzz|frz
|
|-heal|p2a: Garchomp|34/100|[from] item: Leftovers
|upkeep
|turn|22
|
|t:|1663515289
|move|p2a: Garchomp|Aqua Tail|p1a: Mandibuzz|[miss]
|-miss|p2a: Garchomp|p1a: Mandibuzz
|-curestatus|p1a: Mandibuzz|frz|[msg]
|move|p1a: Mandibuzz|Foul Play|p2a: Garchomp
|-damage|p2a: Garchomp|0 fnt
|-damage|p1a: Mandibuzz|35/100|[from] ability: Rough Skin|[of] p2a: Garchomp
|faint|p2a: Garchomp
|
|upkeep
|
|t:|1663515292
|switch|p2a: Ninetales|Ninetales-Alola, M|23/100 tox
|-damage|p2a: Ninetales|0 fnt|[from] Stealth Rock
|faint|p2a: Ninetales
|
|win|user1_ou
|raw|user1_ou's rating: 1704 &rarr; <strong>1721</strong><br />(+17 for winning)
|raw|SpoonTheHarpoon's rating: 1644 &rarr; <strong>1627</strong><br />(-17 for losing)
|c|☆SpoonTheHarpoon|gg
|l|☆user1_ou
||Ladder isn't responding, score probably updated but might not have (Request timeout).
|l|☆SpoonTheHarpoon
