|j|☆Vaporeon is OU
|j|☆ty-tyui↻
|t:|1665339554
|gametype|singles
|player|p1|Vaporeon is OU|will|1583
|player|p2|ty-tyui↻|kamado|1587
|teamsize|p1|6
|teamsize|p2|6
|gen|8
|tier|[Gen 8] OU
|rated|
|rule|Sleep Clause Mod: Limit one foe put to sleep
|rule|Species Clause: Limit one of each Pokémon
|rule|OHKO Clause: OHKO moves are banned
|rule|Evasion Items Clause: Evasion items are banned
|rule|Evasion Moves Clause: Evasion moves are banned
|rule|Endless Battle Clause: Forcing endless battles is banned
|rule|HP Percentage Mod: HP is shown in percentages
|rule|Dynamax Clause: You cannot dynamax
|clearpoke
|poke|p1|Runerigus, F|
|poke|p1|Slowbro, F|
|poke|p1|Stakataka|
|poke|p1|Vaporeon, M|
|poke|p1|Melmetal|
|poke|p1|Dragonite, F|
|poke|p2|Mienshao, F|
|poke|p2|Ninetales-Alola, M|
|poke|p2|Blacephalon|
|poke|p2|Landorus-Therian, M|
|poke|p2|Corviknight, M|
|poke|p2|Rotom-Wash|
|teampreview
|
|t:|1665339562
|start
|switch|p1a: Stakataka|Stakataka, shiny|100/100
|switch|p2a: Mienshao|Mienshao, F, shiny|100/100
|turn|1
|
|t:|1665339567
|switch|p1a: Slowbro|Slowbro, F|100/100
|move|p2a: Mienshao|Close Combat|p1a: Slowbro
|-resisted|p1a: Slowbro
|-damage|p1a: Slowbro|79/100
|-unboost|p2a: Mienshao|def|1
|-unboost|p2a: Mienshao|spd|1
|-damage|p2a: Mienshao|84/100|[from] item: Rocky Helmet|[of] p1a: Slowbro
|-damage|p2a: Mienshao|74/100|[from] item: Life Orb
|
|upkeep
|turn|2
|
|t:|1665339574
|move|p2a: Mienshao|Knock Off|p1a: Slowbro
|-supereffective|p1a: Slowbro
|-crit|p1a: Slowbro
|-damage|p1a: Slowbro|3/100
|-damage|p2a: Mienshao|57/100|[from] item: Rocky Helmet|[of] p1a: Slowbro
|-enditem|p1a: Slowbro|Rocky Helmet|[from] move: Knock Off|[of] p2a: Mienshao
|-damage|p2a: Mienshao|47/100|[from] item: Life Orb
|move|p1a: Slowbro|Trick Room|p1a: Slowbro
|-fieldstart|move: Trick Room|[of] p1a: Slowbro
|
|upkeep
|turn|3
|
|t:|1665339585
|switch|p2a: Rotom|Rotom-Wash|100/100
|move|p1a: Slowbro|Scald|p2a: Rotom
|-resisted|p2a: Rotom
|-damage|p2a: Rotom|89/100
|-status|p2a: Rotom|brn
|
|-heal|p2a: Rotom|95/100 brn|[from] item: Leftovers
|-damage|p2a: Rotom|89/100 brn|[from] brn
|upkeep
|turn|4
|
|t:|1665339589
|switch|p1a: Runerigus|Runerigus, F, shiny|100/100
|move|p2a: Rotom|Volt Switch|p1a: Runerigus
|-immune|p1a: Runerigus
|
|-heal|p2a: Rotom|95/100 brn|[from] item: Leftovers
|-damage|p2a: Rotom|89/100 brn|[from] brn
|upkeep
|turn|5
|
|t:|1665339596
|switch|p1a: Dragonite|Dragonite, F|100/100
|move|p2a: Rotom|Hydro Pump|p1a: Dragonite
|-resisted|p1a: Dragonite
|-damage|p1a: Dragonite|92/100
|
|-heal|p2a: Rotom|95/100 brn|[from] item: Leftovers
|-damage|p2a: Rotom|89/100 brn|[from] brn
|upkeep
|turn|6
|
|t:|1665339601
|move|p1a: Dragonite|Toxic||[still]
|-fail|p1a: Dragonite
|move|p2a: Rotom|Thunder Wave|p1a: Dragonite
|-status|p1a: Dragonite|par
|
|-heal|p2a: Rotom|95/100 brn|[from] item: Leftovers
|-damage|p2a: Rotom|89/100 brn|[from] brn
|-fieldend|move: Trick Room
|upkeep
|turn|7
|
|t:|1665339606
|move|p2a: Rotom|Volt Switch|p1a: Dragonite
|-damage|p1a: Dragonite|72/100 par
|
|t:|1665339609
|switch|p2a: Ninetales|Ninetales-Alola, M|100/100|[from]move: Volt Switch
|-weather|Hail|[from] ability: Snow Warning|[of] p2a: Ninetales
|move|p1a: Dragonite|Flamethrower|p2a: Ninetales
|-supereffective|p2a: Ninetales
|-crit|p2a: Ninetales
|-damage|p2a: Ninetales|28/100
|
|-weather|Hail|[upkeep]
|-damage|p1a: Dragonite|66/100 par|[from] Hail
|upkeep
|turn|8
|
|t:|1665339621
|switch|p1a: Stakataka|Stakataka, shiny|100/100
|move|p2a: Ninetales|Freeze-Dry|p1a: Stakataka
|-resisted|p1a: Stakataka
|-damage|p1a: Stakataka|81/100
|
|-weather|Hail|[upkeep]
|-damage|p1a: Stakataka|75/100|[from] Hail
|upkeep
|turn|9
|
|t:|1665339629
|switch|p2a: Landorus|Landorus-Therian, M|100/100
|-ability|p2a: Landorus|Intimidate|boost
|-unboost|p1a: Stakataka|atk|1
|move|p1a: Stakataka|Trick Room|p1a: Stakataka
|-fieldstart|move: Trick Room|[of] p1a: Stakataka
|
|-weather|Hail|[upkeep]
|-damage|p1a: Stakataka|68/100|[from] Hail
|-damage|p2a: Landorus|94/100|[from] Hail
|-heal|p2a: Landorus|100/100|[from] item: Leftovers
|upkeep
|turn|10
|j| Ran Kob
|
|t:|1665339652
|switch|p1a: Runerigus|Runerigus, F, shiny|100/100
|move|p2a: Landorus|Earthquake|p1a: Runerigus
|-damage|p1a: Runerigus|63/100
|
|-weather|Hail|[upkeep]
|-damage|p1a: Runerigus|57/100|[from] Hail
|-damage|p2a: Landorus|94/100|[from] Hail
|-heal|p1a: Runerigus|63/100|[from] item: Leftovers
|-heal|p2a: Landorus|100/100|[from] item: Leftovers
|upkeep
|turn|11
|
|t:|1665339679
|move|p1a: Runerigus|Stealth Rock|p2a: Landorus
|-sidestart|p2: ty-tyui↻|move: Stealth Rock
|move|p2a: Landorus|Toxic|p1a: Runerigus
|-status|p1a: Runerigus|tox
|
|-weather|none
|-heal|p1a: Runerigus|69/100 tox|[from] item: Leftovers
|-damage|p1a: Runerigus|63/100 tox|[from] psn
|upkeep
|turn|12
|
|t:|1665339692
|switch|p1a: Melmetal|Melmetal|100/100
|move|p2a: Landorus|Earthquake|p1a: Melmetal
|-supereffective|p1a: Melmetal
|-damage|p1a: Melmetal|47/100
|
|upkeep
|turn|13
|
|t:|1665339699
|switch|p2a: Rotom|Rotom-Wash|89/100 brn
|-damage|p2a: Rotom|76/100 brn|[from] Stealth Rock
|move|p1a: Melmetal|Double Iron Bash|p2a: Rotom
|-resisted|p2a: Rotom
|-damage|p2a: Rotom|62/100 brn
|-resisted|p2a: Rotom
|-damage|p2a: Rotom|46/100 brn
|-hitcount|p2a: Rotom|2
|-damage|p1a: Melmetal|37/100|[from] item: Life Orb
|
|-heal|p2a: Rotom|52/100 brn|[from] item: Leftovers
|-damage|p2a: Rotom|46/100 brn|[from] brn
|-fieldend|move: Trick Room
|upkeep
|turn|14
|
|t:|1665339712
|switch|p1a: Runerigus|Runerigus, F, shiny|63/100 tox
|move|p2a: Rotom|Hydro Pump|p1a: Runerigus
|-supereffective|p1a: Runerigus
|-damage|p1a: Runerigus|4/100 tox
|
|-heal|p2a: Rotom|52/100 brn|[from] item: Leftovers
|-heal|p1a: Runerigus|10/100 tox|[from] item: Leftovers
|-damage|p1a: Runerigus|4/100 tox|[from] psn
|-damage|p2a: Rotom|46/100 brn|[from] brn
|upkeep
|turn|15
|
|t:|1665339721
|switch|p1a: Dragonite|Dragonite, F|66/100 par
|move|p2a: Rotom|Hydro Pump|p1a: Dragonite
|-resisted|p1a: Dragonite
|-damage|p1a: Dragonite|50/100 par
|
|-heal|p2a: Rotom|52/100 brn|[from] item: Leftovers
|-damage|p2a: Rotom|46/100 brn|[from] brn
|upkeep
|turn|16
|
|t:|1665339726
|move|p2a: Rotom|Volt Switch|p1a: Dragonite
|-damage|p1a: Dragonite|27/100 par
|
|t:|1665339729
|switch|p2a: Corviknight|Corviknight, M|100/100|[from]move: Volt Switch
|-damage|p2a: Corviknight|88/100|[from] Stealth Rock
|-ability|p2a: Corviknight|Pressure
|move|p1a: Dragonite|Roost|p1a: Dragonite
|-heal|p1a: Dragonite|77/100 par
|-singleturn|p1a: Dragonite|move: Roost
|
|-heal|p2a: Corviknight|94/100|[from] item: Leftovers
|upkeep
|turn|17
|
|t:|1665339734
|switch|p1a: Slowbro|Slowbro, F|37/100
|move|p2a: Corviknight|Defog|p1a: Slowbro
|-unboost|p1a: Slowbro|evasion|1
|-sideend|p2: ty-tyui↻|Stealth Rock|[from] move: Defog|[of] p2a: Corviknight
|
|-heal|p2a: Corviknight|100/100|[from] item: Leftovers
|upkeep
|turn|18
|
|t:|1665339738
|move|p2a: Corviknight|U-turn|p1a: Slowbro
|-supereffective|p1a: Slowbro
|-damage|p1a: Slowbro|21/100
|
|t:|1665339741
|switch|p2a: Rotom|Rotom-Wash|46/100 brn|[from]move: U-turn
|move|p1a: Slowbro|Trick Room|p1a: Slowbro
|-fieldstart|move: Trick Room|[of] p1a: Slowbro
|
|-heal|p2a: Rotom|52/100 brn|[from] item: Leftovers
|-damage|p2a: Rotom|46/100 brn|[from] brn
|upkeep
|turn|19
|
|t:|1665339747
|switch|p1a: Runerigus|Runerigus, F, shiny|4/100 tox
|move|p2a: Rotom|Hydro Pump|p1a: Runerigus
|-supereffective|p1a: Runerigus
|-damage|p1a: Runerigus|0 fnt
|faint|p1a: Runerigus
|
|-heal|p2a: Rotom|52/100 brn|[from] item: Leftovers
|-damage|p2a: Rotom|46/100 brn|[from] brn
|upkeep
|
|t:|1665339759
|switch|p1a: Stakataka|Stakataka, shiny|68/100
|turn|20
|
|t:|1665339763
|switch|p2a: Landorus|Landorus-Therian, M|100/100
|-ability|p2a: Landorus|Intimidate|boost
|-unboost|p1a: Stakataka|atk|1
|move|p1a: Stakataka|Stone Edge|p2a: Landorus
|-damage|p2a: Landorus|51/100
|-damage|p1a: Stakataka|59/100|[from] item: Life Orb
|
|-heal|p2a: Landorus|57/100|[from] item: Leftovers
|upkeep
|turn|21
|
|t:|1665339776
|move|p1a: Stakataka|Stone Edge|p2a: Landorus
|-damage|p2a: Landorus|9/100
|-damage|p1a: Stakataka|49/100|[from] item: Life Orb
|move|p2a: Landorus|U-turn|p1a: Stakataka
|-resisted|p1a: Stakataka
|-damage|p1a: Stakataka|42/100
|
|t:|1665339780
|switch|p2a: Corviknight|Corviknight, M|100/100|[from]move: U-turn
|-ability|p2a: Corviknight|Pressure
|
|upkeep
|turn|22
|
|t:|1665339788
|switch|p1a: Slowbro|Slowbro, F|54/100
|move|p2a: Corviknight|U-turn|p1a: Slowbro
|-supereffective|p1a: Slowbro
|-crit|p1a: Slowbro
|-damage|p1a: Slowbro|31/100
|
|t:|1665339796
|switch|p2a: Blacephalon|Blacephalon, shiny|100/100|[from]move: U-turn
|
|-fieldend|move: Trick Room
|upkeep
|turn|23
|
|t:|1665339799
|switch|p1a: Vaporeon|Vaporeon, M, shiny|100/100
|move|p2a: Blacephalon|Shadow Ball|p1a: Vaporeon
|-damage|p1a: Vaporeon|72/100
|
|-heal|p1a: Vaporeon|78/100|[from] item: Leftovers
|upkeep
|turn|24
|
|t:|1665339807
|switch|p2a: Rotom|Rotom-Wash|46/100 brn
|move|p1a: Vaporeon|Heal Bell|p1a: Vaporeon
|-activate|p1a: Vaporeon|move: Heal Bell
|-curestatus|p1: Dragonite|par|[msg]
|
|-heal|p2a: Rotom|52/100 brn|[from] item: Leftovers
|-heal|p1a: Vaporeon|85/100|[from] item: Leftovers
|-damage|p2a: Rotom|46/100 brn|[from] brn
|upkeep
|turn|25
|
|t:|1665339810
|move|p1a: Vaporeon|Protect|p1a: Vaporeon
|-singleturn|p1a: Vaporeon|Protect
|move|p2a: Rotom|Pain Split|p1a: Vaporeon
|-activate|p1a: Vaporeon|move: Protect
|
|-heal|p2a: Rotom|52/100 brn|[from] item: Leftovers
|-heal|p1a: Vaporeon|91/100|[from] item: Leftovers
|-damage|p2a: Rotom|46/100 brn|[from] brn
|upkeep
|turn|26
|
|t:|1665339815
|move|p2a: Rotom|Pain Split|p1a: Vaporeon
|-sethp|p1a: Vaporeon|61/100|[from] move: Pain Split|[silent]
|-sethp|p2a: Rotom|92/100 brn|[from] move: Pain Split
|move|p1a: Vaporeon|Wish|p1a: Vaporeon
|
|-heal|p2a: Rotom|98/100 brn|[from] item: Leftovers
|-heal|p1a: Vaporeon|67/100|[from] item: Leftovers
|-damage|p2a: Rotom|92/100 brn|[from] brn
|upkeep
|turn|27
|
|t:|1665339822
|move|p2a: Rotom|Volt Switch|p1a: Vaporeon
|-supereffective|p1a: Vaporeon
|-damage|p1a: Vaporeon|39/100
|
|t:|1665339829
|switch|p2a: Corviknight|Corviknight, M|100/100|[from]move: Volt Switch
|-ability|p2a: Corviknight|Pressure
|move|p1a: Vaporeon|Flip Turn|p2a: Corviknight
|-damage|p2a: Corviknight|89/100
|
|t:|1665339836
|switch|p1a: Stakataka|Stakataka, shiny|42/100|[from]move: Flip Turn
|
|-heal|p1a: Stakataka|100/100|[from] move: Wish|[wisher] Vaporeon
|-heal|p2a: Corviknight|95/100|[from] item: Leftovers
|upkeep
|turn|28
|
|t:|1665339839
|switch|p1a: Slowbro|Slowbro, F|64/100
|move|p2a: Corviknight|U-turn|p1a: Slowbro
|-supereffective|p1a: Slowbro
|-damage|p1a: Slowbro|47/100
|
|t:|1665339843
|switch|p2a: Ninetales|Ninetales-Alola, M|28/100|[from]move: U-turn
|-weather|Hail|[from] ability: Snow Warning|[of] p2a: Ninetales
|
|-weather|Hail|[upkeep]
|-damage|p1a: Slowbro|41/100|[from] Hail
|upkeep
|turn|29
|
|t:|1665339847
|switch|p1a: Stakataka|Stakataka, shiny|100/100
|move|p2a: Ninetales|Freeze-Dry|p1a: Stakataka
|-resisted|p1a: Stakataka
|-damage|p1a: Stakataka|80/100
|
|-weather|Hail|[upkeep]
|-damage|p1a: Stakataka|74/100|[from] Hail
|upkeep
|turn|30
|
|t:|1665339852
|switch|p2a: Landorus|Landorus-Therian, M|9/100
|-ability|p2a: Landorus|Intimidate|boost
|-unboost|p1a: Stakataka|atk|1
|move|p1a: Stakataka|Trick Room|p1a: Stakataka
|-fieldstart|move: Trick Room|[of] p1a: Stakataka
|
|-weather|Hail|[upkeep]
|-damage|p1a: Stakataka|68/100|[from] Hail
|-damage|p2a: Landorus|3/100|[from] Hail
|-heal|p2a: Landorus|9/100|[from] item: Leftovers
|upkeep
|turn|31
|
|t:|1665339862
|move|p1a: Stakataka|Gyro Ball|p2a: Landorus
|-damage|p2a: Landorus|0 fnt
|faint|p2a: Landorus
|-ability|p1a: Stakataka|Beast Boost|boost
|-boost|p1a: Stakataka|atk|1
|-damage|p1a: Stakataka|58/100|[from] item: Life Orb
|
|-weather|Hail|[upkeep]
|-damage|p1a: Stakataka|52/100|[from] Hail
|upkeep
|
|t:|1665339866
|switch|p2a: Rotom|Rotom-Wash|92/100 brn
|turn|32
|l| Ran Kob
|
|t:|1665339873
|switch|p1a: Dragonite|Dragonite, F|77/100
|move|p2a: Rotom|Hydro Pump|p1a: Dragonite
|-resisted|p1a: Dragonite
|-damage|p1a: Dragonite|62/100
|
|-weather|none
|-heal|p2a: Rotom|98/100 brn|[from] item: Leftovers
|-damage|p2a: Rotom|92/100 brn|[from] brn
|upkeep
|turn|33
|
|t:|1665339880
|move|p1a: Dragonite|Roost|p1a: Dragonite
|-heal|p1a: Dragonite|100/100
|-singleturn|p1a: Dragonite|move: Roost
|move|p2a: Rotom|Thunder Wave|p1a: Dragonite
|-status|p1a: Dragonite|par
|
|-heal|p2a: Rotom|98/100 brn|[from] item: Leftovers
|-damage|p2a: Rotom|92/100 brn|[from] brn
|upkeep
|turn|34
|
|t:|1665339901
|cant|p1a: Dragonite|par
|move|p2a: Rotom|Volt Switch|p1a: Dragonite
|-damage|p1a: Dragonite|89/100 par
|
|t:|1665339908
|switch|p2a: Ninetales|Ninetales-Alola, M|28/100|[from]move: Volt Switch
|-weather|Hail|[from] ability: Snow Warning|[of] p2a: Ninetales
|
|-weather|Hail|[upkeep]
|-damage|p1a: Dragonite|83/100 par|[from] Hail
|-fieldend|move: Trick Room
|upkeep
|turn|35
|
|t:|1665339919
|switch|p1a: Stakataka|Stakataka, shiny|52/100
|move|p2a: Ninetales|Blizzard|p1a: Stakataka
|-resisted|p1a: Stakataka
|-damage|p1a: Stakataka|21/100
|
|-weather|Hail|[upkeep]
|-damage|p1a: Stakataka|15/100|[from] Hail
|upkeep
|turn|36
|
|t:|1665339932
|switch|p1a: Vaporeon|Vaporeon, M, shiny|39/100
|move|p2a: Ninetales|Blizzard|p1a: Vaporeon
|-resisted|p1a: Vaporeon
|-damage|p1a: Vaporeon|23/100
|
|-weather|Hail|[upkeep]
|-damage|p1a: Vaporeon|17/100|[from] Hail
|-heal|p1a: Vaporeon|23/100|[from] item: Leftovers
|upkeep
|turn|37
|
|t:|1665339942
|switch|p2a: Mienshao|Mienshao, F, shiny|81/100
|move|p1a: Vaporeon|Protect||[still]
|-fail|p1a: Vaporeon
|
|-weather|Hail|[upkeep]
|-damage|p2a: Mienshao|75/100|[from] Hail
|-damage|p1a: Vaporeon|17/100|[from] Hail
|-heal|p1a: Vaporeon|23/100|[from] item: Leftovers
|upkeep
|turn|38
|
|t:|1665339945
|move|p1a: Vaporeon|Protect|p1a: Vaporeon
|-singleturn|p1a: Vaporeon|Protect
|move|p2a: Mienshao|Close Combat|p1a: Vaporeon
|-activate|p1a: Vaporeon|move: Protect
|
|-weather|none
|-heal|p1a: Vaporeon|29/100|[from] item: Leftovers
|upkeep
|turn|39
|
|t:|1665339950
|move|p2a: Mienshao|Close Combat|p1a: Vaporeon
|-damage|p1a: Vaporeon|0 fnt
|-unboost|p2a: Mienshao|def|1
|-unboost|p2a: Mienshao|spd|1
|faint|p1a: Vaporeon
|-damage|p2a: Mienshao|65/100|[from] item: Life Orb
|
|upkeep
|
|t:|1665339952
|switch|p1a: Slowbro|Slowbro, F|75/100
|turn|40
|
|t:|1665339958
|move|p2a: Mienshao|U-turn|p1a: Slowbro
|-supereffective|p1a: Slowbro
|-damage|p1a: Slowbro|37/100
|-damage|p2a: Mienshao|55/100|[from] item: Life Orb
|
|t:|1665339962
|switch|p2a: Rotom|Rotom-Wash|92/100 brn|[from]move: U-turn
|move|p1a: Slowbro|Trick Room|p1a: Slowbro
|-fieldstart|move: Trick Room|[of] p1a: Slowbro
|
|-heal|p2a: Rotom|98/100 brn|[from] item: Leftovers
|-damage|p2a: Rotom|92/100 brn|[from] brn
|upkeep
|turn|41
|
|t:|1665339968
|move|p1a: Slowbro|Slack Off|p1a: Slowbro
|-heal|p1a: Slowbro|87/100
|move|p2a: Rotom|Volt Switch|p1a: Slowbro
|-supereffective|p1a: Slowbro
|-damage|p1a: Slowbro|36/100
|
|t:|1665339974
|switch|p2a: Mienshao|Mienshao, F, shiny|88/100|[from]move: Volt Switch
|
|upkeep
|turn|42
|
|t:|1665339978
|move|p2a: Mienshao|U-turn|p1a: Slowbro
|-supereffective|p1a: Slowbro
|-damage|p1a: Slowbro|0 fnt
|faint|p1a: Slowbro
|-damage|p2a: Mienshao|78/100|[from] item: Life Orb
|
|t:|1665339990
|switch|p2a: Rotom|Rotom-Wash|92/100 brn|[from]move: U-turn
|
|-heal|p2a: Rotom|98/100 brn|[from] item: Leftovers
|-damage|p2a: Rotom|92/100 brn|[from] brn
|upkeep
|
|t:|1665339993
|switch|p1a: Stakataka|Stakataka, shiny|15/100
|turn|43
|
|t:|1665340016
|move|p1a: Stakataka|Stone Edge|p2a: Rotom|[miss]
|-miss|p1a: Stakataka|p2a: Rotom
|move|p2a: Rotom|Volt Switch|p1a: Stakataka
|-damage|p1a: Stakataka|0 fnt
|faint|p1a: Stakataka
|
|t:|1665340022
|switch|p2a: Corviknight|Corviknight, M|95/100|[from]move: Volt Switch
|-ability|p2a: Corviknight|Pressure
|
|-heal|p2a: Corviknight|100/100|[from] item: Leftovers
|upkeep
|-message|Vaporeon is OU forfeited.
|
|win|ty-tyui↻
|raw|Vaporeon is OU's rating: 1583 &rarr; <strong>1563</strong><br />(-20 for losing)
|raw|ty-tyui↻'s rating: 1587 &rarr; <strong>1607</strong><br />(+20 for winning)
|l|☆Vaporeon is OU
|j| zReptar
|l| zReptar
||Ladder isn't responding, score probably updated but might not have (Request timeout).
