|j|☆wsdfg
|j|☆OUTW Sean
|t:|1613053713
|player|p1|wsdfg|burglar|1706
|player|p2|OUTW Sean|boarder|1727
|teamsize|p1|6
|teamsize|p2|6
|gametype|singles
|gen|8
|tier|[Gen 8] OU
|rated|
|clearpoke
|poke|p1|Cinderace, F|
|poke|p1|Volcarona, F|
|poke|p1|Swampert, M|
|poke|p1|Rillaboom, F|
|poke|p1|Dragapult, F|
|poke|p1|Kartana|
|poke|p2|Heatran, M|
|poke|p2|Hippowdon, M|
|poke|p2|Hydreigon, F|
|poke|p2|Rillaboom, F|
|poke|p2|Blacephalon|
|poke|p2|Corviknight, M|
|rule|Sleep Clause Mod: Limit one foe put to sleep
|rule|Species Clause: Limit one of each Pokémon
|rule|OHKO Clause: OHKO moves are banned
|rule|Evasion Moves Clause: Evasion moves are banned
|rule|Endless Battle Clause: Forcing endless battles is banned
|rule|HP Percentage Mod: HP is shown in percentages
|rule|Dynamax Clause: You cannot dynamax
|teampreview
|j| f8usebhdj
|
|t:|1613053726
|start
|switch|p1a: Swampert|Swampert, M|100/100
|switch|p2a: Rillaboom|Rillaboom, F|100/100
|-fieldstart|move: Grassy Terrain|[from] ability: Grassy Surge|[of] p2a: Rillaboom
|turn|1
|l| f8usebhdj
|
|t:|1613053734
|switch|p2a: Heatran|Heatran, M|100/100
|switch|p1a: Volcarona|Volcarona, F|100/100
|
|upkeep
|turn|2
|
|t:|1613053738
|switch|p1a: Swampert|Swampert, M|100/100
|move|p2a: Heatran|Stealth Rock|p1a: Swampert
|-sidestart|p1: wsdfg|move: Stealth Rock
|
|upkeep
|turn|3
|
|t:|1613053744
|switch|p2a: Hydreigon|Hydreigon, F|100/100
|move|p1a: Swampert|Stealth Rock|p2a: Hydreigon
|-sidestart|p2: OUTW Sean|move: Stealth Rock
|
|upkeep
|turn|4
|
|t:|1613053748
|move|p2a: Hydreigon|Nasty Plot|p2a: Hydreigon
|-boost|p2a: Hydreigon|spa|2
|move|p1a: Swampert|Flip Turn|p2a: Hydreigon
|-resisted|p2a: Hydreigon
|-damage|p2a: Hydreigon|87/100
|
|t:|1613053763
|switch|p1a: Cinderace|Cinderace, F|100/100|[from]move: Flip Turn
|
|-heal|p2a: Hydreigon|94/100|[from] item: Leftovers
|upkeep
|turn|5
|
|t:|1613053766
|switch|p2a: Hippowdon|Hippowdon, M|100/100
|-damage|p2a: Hippowdon|94/100|[from] Stealth Rock
|-weather|Sandstorm|[from] ability: Sand Stream|[of] p2a: Hippowdon
|move|p1a: Cinderace|High Jump Kick|p2a: Hippowdon
|-start|p1a: Cinderace|typechange|Fighting|[from] ability: Libero
|-damage|p2a: Hippowdon|42/100
|-damage|p1a: Cinderace|84/100|[from] item: Rocky Helmet|[of] p2a: Hippowdon
|
|-weather|Sandstorm|[upkeep]
|-damage|p1a: Cinderace|78/100|[from] Sandstorm
|-heal|p1a: Cinderace|84/100|[from] Grassy Terrain
|-heal|p2a: Hippowdon|48/100|[from] Grassy Terrain
|-fieldend|move: Grassy Terrain
|upkeep
|turn|6
|
|t:|1613053779
|switch|p2a: Corviknight|Corviknight, M|100/100
|-damage|p2a: Corviknight|88/100|[from] Stealth Rock
|-ability|p2a: Corviknight|Pressure
|move|p1a: Cinderace|Pyro Ball|p2a: Corviknight
|-start|p1a: Cinderace|typechange|Fire|[from] ability: Libero
|-supereffective|p2a: Corviknight
|-damage|p2a: Corviknight|18/100
|
|-weather|Sandstorm|[upkeep]
|-damage|p1a: Cinderace|78/100|[from] Sandstorm
|upkeep
|turn|7
|j| Shimeon91
|
|t:|1613053785
|move|p1a: Cinderace|Pyro Ball|p2a: Corviknight|[miss]
|-miss|p1a: Cinderace|p2a: Corviknight
|move|p2a: Corviknight|Brave Bird|p1a: Cinderace
|-damage|p1a: Cinderace|29/100
|-damage|p2a: Corviknight|6/100|[from] Recoil
|
|-weather|Sandstorm|[upkeep]
|-damage|p1a: Cinderace|23/100|[from] Sandstorm
|upkeep
|turn|8
|
|t:|1613053789
|move|p1a: Cinderace|Pyro Ball|p2a: Corviknight
|-supereffective|p2a: Corviknight
|-damage|p2a: Corviknight|0 fnt
|faint|p2a: Corviknight
|
|-weather|Sandstorm|[upkeep]
|-damage|p1a: Cinderace|17/100|[from] Sandstorm
|upkeep
|
|t:|1613053792
|switch|p2a: Rillaboom|Rillaboom, F|100/100
|-damage|p2a: Rillaboom|88/100|[from] Stealth Rock
|-fieldstart|move: Grassy Terrain|[from] ability: Grassy Surge|[of] p2a: Rillaboom
|turn|9
|
|t:|1613053797
|switch|p1a: Kartana|Kartana|100/100
|-damage|p1a: Kartana|94/100|[from] Stealth Rock
|move|p2a: Rillaboom|Grassy Glide|p1a: Kartana
|-resisted|p1a: Kartana
|-damage|p1a: Kartana|73/100
|
|-weather|none
|-heal|p1a: Kartana|79/100|[from] Grassy Terrain
|-heal|p2a: Rillaboom|94/100|[from] Grassy Terrain
|upkeep
|turn|10
|
|t:|1613053807
|switch|p2a: Hippowdon|Hippowdon, M|48/100
|-damage|p2a: Hippowdon|42/100|[from] Stealth Rock
|-weather|Sandstorm|[from] ability: Sand Stream|[of] p2a: Hippowdon
|move|p1a: Kartana|Knock Off|p2a: Hippowdon
|-damage|p2a: Hippowdon|5/100
|-damage|p1a: Kartana|63/100|[from] item: Rocky Helmet|[of] p2a: Hippowdon
|-enditem|p2a: Hippowdon|Rocky Helmet|[from] move: Knock Off|[of] p1a: Kartana
|-damage|p1a: Kartana|53/100|[from] item: Life Orb
|
|-weather|Sandstorm|[upkeep]
|-heal|p1a: Kartana|59/100|[from] Grassy Terrain
|-heal|p2a: Hippowdon|11/100|[from] Grassy Terrain
|upkeep
|turn|11
|
|t:|1613053814
|move|p1a: Kartana|Knock Off|p2a: Hippowdon
|-damage|p2a: Hippowdon|0 fnt
|-damage|p1a: Kartana|50/100|[from] item: Life Orb
|faint|p2a: Hippowdon
|-ability|p1a: Kartana|Beast Boost|boost
|-boost|p1a: Kartana|atk|1
|
|-weather|Sandstorm|[upkeep]
|-heal|p1a: Kartana|56/100|[from] Grassy Terrain
|upkeep
|
|t:|1613053817
|switch|p2a: Blacephalon|Blacephalon|100/100
|-damage|p2a: Blacephalon|75/100|[from] Stealth Rock
|turn|12
|j| sadopsopaiopa
|
|t:|1613053821
|switch|p1a: Swampert|Swampert, M|100/100
|-damage|p1a: Swampert|94/100|[from] Stealth Rock
|move|p2a: Blacephalon|Shadow Ball|p1a: Swampert
|-damage|p1a: Swampert|61/100
|-unboost|p1a: Swampert|spd|1
|
|-weather|Sandstorm|[upkeep]
|-damage|p2a: Blacephalon|69/100|[from] Sandstorm
|-heal|p2a: Blacephalon|75/100|[from] Grassy Terrain
|-heal|p1a: Swampert|67/100|[from] Grassy Terrain
|-heal|p1a: Swampert|73/100|[from] item: Leftovers
|upkeep
|turn|13
|
|t:|1613053824
|switch|p2a: Hydreigon|Hydreigon, F|94/100
|-damage|p2a: Hydreigon|81/100|[from] Stealth Rock
|move|p1a: Swampert|Flip Turn|p2a: Hydreigon
|-resisted|p2a: Hydreigon
|-damage|p2a: Hydreigon|69/100
|
|t:|1613053832
|switch|p1a: Cinderace|Cinderace, F|17/100|[from]move: Flip Turn
|
|-weather|Sandstorm|[upkeep]
|-damage|p1a: Cinderace|11/100|[from] Sandstorm
|-damage|p2a: Hydreigon|63/100|[from] Sandstorm
|-heal|p1a: Cinderace|17/100|[from] Grassy Terrain
|-heal|p2a: Hydreigon|69/100|[from] item: Leftovers
|-fieldend|move: Grassy Terrain
|upkeep
|turn|14
|
|t:|1613053837
|move|p1a: Cinderace|U-turn|p2a: Hydreigon
|-start|p1a: Cinderace|typechange|Bug|[from] ability: Libero
|-supereffective|p2a: Hydreigon
|-damage|p2a: Hydreigon|0 fnt
|faint|p2a: Hydreigon
|
|t:|1613053845
|switch|p1a: Rillaboom|Rillaboom, F|100/100|[from]move: U-turn
|-damage|p1a: Rillaboom|88/100|[from] Stealth Rock
|-fieldstart|move: Grassy Terrain|[from] ability: Grassy Surge|[of] p1a: Rillaboom
|
|-weather|none
|-heal|p1a: Rillaboom|94/100|[from] Grassy Terrain
|upkeep
|
|t:|1613053848
|switch|p2a: Heatran|Heatran, M|100/100
|-damage|p2a: Heatran|88/100|[from] Stealth Rock
|turn|15
|
|t:|1613053852
|move|p1a: Rillaboom|Knock Off|p2a: Heatran
|-damage|p2a: Heatran|46/100
|-enditem|p2a: Heatran|Leftovers|[from] move: Knock Off|[of] p1a: Rillaboom
|move|p2a: Heatran|Magma Storm|p1a: Rillaboom
|-supereffective|p1a: Rillaboom
|-damage|p1a: Rillaboom|0 fnt
|faint|p1a: Rillaboom
|
|-heal|p2a: Heatran|52/100|[from] Grassy Terrain
|upkeep
|
|t:|1613053855
|switch|p1a: Kartana|Kartana|56/100
|-damage|p1a: Kartana|50/100|[from] Stealth Rock
|turn|16
|
|t:|1613053860
|move|p1a: Kartana|Sacred Sword|p2a: Heatran
|-supereffective|p2a: Heatran
|-damage|p2a: Heatran|0 fnt
|-damage|p1a: Kartana|40/100|[from] item: Life Orb
|faint|p2a: Heatran
|-ability|p1a: Kartana|Beast Boost|boost
|-boost|p1a: Kartana|atk|1
|
|-heal|p1a: Kartana|46/100|[from] Grassy Terrain
|upkeep
|
|t:|1613053861
|switch|p2a: Blacephalon|Blacephalon|75/100
|-damage|p2a: Blacephalon|50/100|[from] Stealth Rock
|turn|17
|
|t:|1613053873
|move|p2a: Blacephalon|Shadow Ball|p1a: Kartana
|-damage|p1a: Kartana|0 fnt
|faint|p1a: Kartana
|-ability|p2a: Blacephalon|Beast Boost|boost
|-boost|p2a: Blacephalon|spa|1
|
|-heal|p2a: Blacephalon|57/100|[from] Grassy Terrain
|upkeep
|
|t:|1613053874
|switch|p1a: Swampert|Swampert, M|73/100
|-damage|p1a: Swampert|67/100|[from] Stealth Rock
|turn|18
|
|t:|1613053877
|switch|p2a: Rillaboom|Rillaboom, F|94/100
|-damage|p2a: Rillaboom|82/100|[from] Stealth Rock
|move|p1a: Swampert|Flip Turn|p2a: Rillaboom
|-resisted|p2a: Rillaboom
|-damage|p2a: Rillaboom|69/100
|
|t:|1613053881
|switch|p1a: Volcarona|Volcarona, F|100/100|[from]move: Flip Turn
|
|-heal|p2a: Rillaboom|75/100|[from] Grassy Terrain
|-fieldend|move: Grassy Terrain
|upkeep
|turn|19
|
|t:|1613053885
|move|p1a: Volcarona|Quiver Dance|p1a: Volcarona
|-boost|p1a: Volcarona|spa|1
|-boost|p1a: Volcarona|spd|1
|-boost|p1a: Volcarona|spe|1
|move|p2a: Rillaboom|Knock Off|p1a: Volcarona
|-damage|p1a: Volcarona|17/100
|-enditem|p1a: Volcarona|Heavy-Duty Boots|[from] move: Knock Off|[of] p2a: Rillaboom
|
|upkeep
|turn|20
|j| Agent Provokateur®
|
|t:|1613053891
|move|p1a: Volcarona|Fiery Dance|p2a: Rillaboom
|-supereffective|p2a: Rillaboom
|-damage|p2a: Rillaboom|0 fnt
|faint|p2a: Rillaboom
|
|upkeep
|
|t:|1613053893
|switch|p2a: Blacephalon|Blacephalon|57/100
|-damage|p2a: Blacephalon|32/100|[from] Stealth Rock
|turn|21
|
|t:|1613053896
|move|p2a: Blacephalon|Shadow Ball|p1a: Volcarona
|-damage|p1a: Volcarona|0 fnt
|faint|p1a: Volcarona
|-ability|p2a: Blacephalon|Beast Boost|boost
|-boost|p2a: Blacephalon|spa|1
|
|upkeep
|
|t:|1613053898
|switch|p1a: Swampert|Swampert, M|67/100
|-damage|p1a: Swampert|61/100|[from] Stealth Rock
|turn|22
|
|t:|1613053900
|move|p2a: Blacephalon|Shadow Ball|p1a: Swampert
|-damage|p1a: Swampert|12/100
|move|p1a: Swampert|Earthquake|p2a: Blacephalon
|-supereffective|p2a: Blacephalon
|-damage|p2a: Blacephalon|0 fnt
|faint|p2a: Blacephalon
|
|win|wsdfg
|c|☆OUTW Sean|gg
|l|☆OUTW Sean
|c|☆wsdfg|gg
|l|☆wsdfg
|l| Agent Provokateur®
