|html|<div class="broadcast-blue"><strong>[Gen 8] OU is currently suspecting Melmetal! For information on how to participate check out the <a href="https://www.smogon.com/forums/threads/np-ss-ou-suspect-process-round-12-monster-mash.3709234/">suspect thread</a>.</strong></div>
|j|☆nnqq
|j|☆Pinks1ip
|t:|1666209336
|gametype|singles
|player|p1|nnqq|koga-gen1|1498
|player|p2|Pinks1ip|skierf|1507
|teamsize|p1|6
|teamsize|p2|6
|gen|8
|tier|[Gen 8] OU
|rated|
|rule|Sleep Clause Mod: Limit one foe put to sleep
|rule|Species Clause: Limit one of each Pokémon
|rule|OHKO Clause: OHKO moves are banned
|rule|Evasion Items Clause: Evasion items are banned
|rule|Evasion Moves Clause: Evasion moves are banned
|rule|Endless Battle Clause: Forcing endless battles is banned
|rule|HP Percentage Mod: HP is shown in percentages
|rule|Dynamax Clause: You cannot dynamax
|clearpoke
|poke|p1|Weavile, M|
|poke|p1|Melmetal|
|poke|p1|Kartana|
|poke|p1|Volcanion|
|poke|p1|Zapdos|
|poke|p1|Landorus-Therian, M|
|poke|p2|Hydreigon, F|
|poke|p2|Aegislash, F|
|poke|p2|Slowking-Galar, F|
|poke|p2|Buzzwole|
|poke|p2|Tapu Fini|
|poke|p2|Garchomp, M|
|teampreview
|
|t:|1666209352
|start
|switch|p1a: Landorus|Landorus-Therian, M, shiny|100/100
|switch|p2a: Garchomp|Garchomp, M|100/100
|-ability|p1a: Landorus|Intimidate|boost
|-unboost|p2a: Garchomp|atk|1
|turn|1
|
|t:|1666209355
|move|p2a: Garchomp|Swords Dance|p2a: Garchomp
|-boost|p2a: Garchomp|atk|2
|move|p1a: Landorus|U-turn|p2a: Garchomp
|-damage|p2a: Garchomp|80/100
|-damage|p1a: Landorus|88/100|[from] ability: Rough Skin|[of] p2a: Garchomp
|
|t:|1666209357
|switch|p1a: Weavile|Weavile, M, shiny|100/100|[from]move: U-turn
|-ability|p1a: Weavile|Pressure
|
|-heal|p2a: Garchomp|86/100|[from] item: Leftovers
|upkeep
|turn|2
|
|t:|1666209361
|switch|p2a: Buzzwole|Buzzwole|100/100
|move|p1a: Weavile|Knock Off|p2a: Buzzwole
|-resisted|p2a: Buzzwole
|-damage|p2a: Buzzwole|80/100
|-damage|p1a: Weavile|84/100|[from] item: Rocky Helmet|[of] p2a: Buzzwole
|-enditem|p2a: Buzzwole|Rocky Helmet|[from] move: Knock Off|[of] p1a: Weavile
|
|upkeep
|turn|3
|
|t:|1666209368
|switch|p1a: Volcanion|Volcanion|100/100
|move|p2a: Buzzwole|Toxic|p1a: Volcanion
|-status|p1a: Volcanion|tox
|
|-damage|p1a: Volcanion|95/100 tox|[from] psn
|upkeep
|turn|4
|
|t:|1666209374
|switch|p2a: Hydreigon|Hydreigon, F|100/100
|move|p1a: Volcanion|Steam Eruption|p2a: Hydreigon
|-resisted|p2a: Hydreigon
|-damage|p2a: Hydreigon|55/100
|
|-damage|p1a: Volcanion|83/100 tox|[from] psn
|upkeep
|turn|5
|
|t:|1666209381
|switch|p1a: Landorus|Landorus-Therian, M, shiny|88/100
|-ability|p1a: Landorus|Intimidate|boost
|-unboost|p2a: Hydreigon|atk|1
|move|p2a: Hydreigon|Dark Pulse|p1a: Landorus
|-damage|p1a: Landorus|47/100
|-damage|p2a: Hydreigon|45/100|[from] item: Life Orb
|
|-heal|p1a: Landorus|53/100|[from] item: Leftovers
|upkeep
|turn|6
|
|t:|1666209389
|switch|p2a: Buzzwole|Buzzwole|80/100
|move|p1a: Landorus|U-turn|p2a: Buzzwole
|-resisted|p2a: Buzzwole
|-crit|p2a: Buzzwole
|-damage|p2a: Buzzwole|71/100
|
|t:|1666209391
|switch|p1a: Volcanion|Volcanion|83/100 tox|[from]move: U-turn
|
|-damage|p1a: Volcanion|77/100 tox|[from] psn
|upkeep
|turn|7
|
|t:|1666209395
|switch|p2a: Slowking|Slowking-Galar, F|100/100
|move|p1a: Volcanion|Steam Eruption|p2a: Slowking
|-damage|p2a: Slowking|62/100
|
|-damage|p1a: Volcanion|65/100 tox|[from] psn
|upkeep
|turn|8
|
|t:|1666209400
|move|p1a: Volcanion|Steam Eruption|p2a: Slowking
|-damage|p2a: Slowking|23/100
|move|p2a: Slowking|Sludge Bomb|p1a: Volcanion
|-damage|p1a: Volcanion|15/100 tox
|
|-damage|p1a: Volcanion|0 fnt|[from] psn
|faint|p1a: Volcanion
|upkeep
|
|t:|1666209408
|switch|p1a: Weavile|Weavile, M, shiny|84/100
|-ability|p1a: Weavile|Pressure
|turn|9
|
|t:|1666209414
|switch|p2a: Buzzwole|Buzzwole|71/100
|move|p1a: Weavile|Triple Axel|p2a: Buzzwole
|-damage|p2a: Buzzwole|63/100
|-damage|p2a: Buzzwole|47/100
|-damage|p2a: Buzzwole|21/100
|-hitcount|p2a: Buzzwole|3
|
|upkeep
|turn|10
|
|t:|1666209424
|switch|p2a: Tapu Fini|Tapu Fini|100/100
|-fieldstart|move: Misty Terrain|[from] ability: Misty Surge|[of] p2a: Tapu Fini
|move|p1a: Weavile|Triple Axel|p2a: Tapu Fini
|-resisted|p2a: Tapu Fini
|-damage|p2a: Tapu Fini|92/100
|-resisted|p2a: Tapu Fini
|-damage|p2a: Tapu Fini|75/100
|-resisted|p2a: Tapu Fini
|-damage|p2a: Tapu Fini|51/100
|-hitcount|p2a: Tapu Fini|3
|
|upkeep
|turn|11
|
|t:|1666209430
|switch|p1a: Landorus|Landorus-Therian, M, shiny|53/100
|-ability|p1a: Landorus|Intimidate|boost
|-unboost|p2a: Tapu Fini|atk|1
|move|p2a: Tapu Fini|Moonblast|p1a: Landorus
|-damage|p1a: Landorus|25/100
|
|-heal|p1a: Landorus|31/100|[from] item: Leftovers
|upkeep
|turn|12
|
|t:|1666209439
|switch|p2a: Buzzwole|Buzzwole|21/100
|move|p1a: Landorus|U-turn|p2a: Buzzwole
|-resisted|p2a: Buzzwole
|-damage|p2a: Buzzwole|15/100
|
|t:|1666209444
|switch|p1a: Weavile|Weavile, M, shiny|84/100|[from]move: U-turn
|-ability|p1a: Weavile|Pressure
|
|upkeep
|turn|13
|
|t:|1666209451
|move|p1a: Weavile|Beat Up|p2a: Buzzwole
|-resisted|p2a: Buzzwole
|-damage|p2a: Buzzwole|12/100
|-resisted|p2a: Buzzwole
|-damage|p2a: Buzzwole|8/100
|-resisted|p2a: Buzzwole
|-damage|p2a: Buzzwole|3/100
|-resisted|p2a: Buzzwole
|-damage|p2a: Buzzwole|0 fnt
|faint|p2a: Buzzwole
|-hitcount|p2: Buzzwole|4
|
|upkeep
|
|t:|1666209465
|switch|p2a: Tapu Fini|Tapu Fini|51/100
|turn|14
|
|t:|1666209473
|switch|p1a: Landorus|Landorus-Therian, M, shiny|31/100
|-ability|p1a: Landorus|Intimidate|boost
|-unboost|p2a: Tapu Fini|atk|1
|move|p2a: Tapu Fini|Moonblast|p1a: Landorus
|-damage|p1a: Landorus|2/100
|-unboost|p1a: Landorus|spa|1
|
|-heal|p1a: Landorus|8/100|[from] item: Leftovers
|-fieldend|Misty Terrain
|upkeep
|turn|15
|
|t:|1666209476
|switch|p1a: Melmetal|Melmetal, shiny|100/100
|move|p2a: Tapu Fini|Moonblast|p1a: Melmetal
|-resisted|p1a: Melmetal
|-damage|p1a: Melmetal|77/100
|-unboost|p1a: Melmetal|spa|1
|
|upkeep
|turn|16
|
|t:|1666209490
|switch|p2a: Garchomp|Garchomp, M|86/100
|move|p1a: Melmetal|Double Iron Bash|p2a: Garchomp
|-damage|p2a: Garchomp|20/100
|-damage|p1a: Melmetal|64/100|[from] ability: Rough Skin|[of] p2a: Garchomp
|-damage|p2a: Garchomp|0 fnt
|-damage|p1a: Melmetal|52/100|[from] ability: Rough Skin|[of] p2a: Garchomp
|faint|p2a: Garchomp
|-hitcount|p2: Garchomp|2
|
|upkeep
|
|t:|1666209503
|switch|p2a: Hydreigon|Hydreigon, F|45/100
|turn|17
|
|t:|1666209506
|switch|p1a: Landorus|Landorus-Therian, M, shiny|8/100
|-ability|p1a: Landorus|Intimidate|boost
|-unboost|p2a: Hydreigon|atk|1
|move|p2a: Hydreigon|Earth Power|p1a: Landorus
|-immune|p1a: Landorus
|
|-heal|p1a: Landorus|14/100|[from] item: Leftovers
|upkeep
|turn|18
|
|t:|1666209510
|move|p2a: Hydreigon|Dark Pulse|p1a: Landorus
|-damage|p1a: Landorus|0 fnt
|faint|p1a: Landorus
|-damage|p2a: Hydreigon|35/100|[from] item: Life Orb
|
|upkeep
|
|t:|1666209518
|switch|p1a: Weavile|Weavile, M, shiny|84/100
|-ability|p1a: Weavile|Pressure
|turn|19
|
|t:|1666209524
|move|p1a: Weavile|Knock Off|p2a: Hydreigon
|-resisted|p2a: Hydreigon
|-damage|p2a: Hydreigon|0 fnt
|-enditem|p2a: Hydreigon|Life Orb|[from] move: Knock Off|[of] p1a: Weavile
|faint|p2a: Hydreigon
|
|upkeep
|
|t:|1666209530
|switch|p2a: Tapu Fini|Tapu Fini|51/100
|-fieldstart|move: Misty Terrain|[from] ability: Misty Surge|[of] p2a: Tapu Fini
|turn|20
|
|t:|1666209534
|switch|p1a: Zapdos|Zapdos, shiny|100/100
|move|p2a: Tapu Fini|Surf|p1a: Zapdos
|-damage|p1a: Zapdos|58/100
|
|upkeep
|turn|21
|
|t:|1666209539
|switch|p2a: Aegislash|Aegislash, F|100/100
|move|p1a: Zapdos|Volt Switch|p2a: Aegislash
|-damage|p2a: Aegislash|81/100
|
|t:|1666209541
|switch|p1a: Weavile|Weavile, M, shiny|84/100|[from]move: Volt Switch
|-ability|p1a: Weavile|Pressure
|
|-heal|p2a: Aegislash|87/100|[from] item: Leftovers
|upkeep
|turn|22
|
|t:|1666209544
|move|p2a: Aegislash|King's Shield|p2a: Aegislash
|-singleturn|p2a: Aegislash|Protect
|move|p1a: Weavile|Beat Up|p2a: Aegislash
|-activate|p2a: Aegislash|move: Protect
|
|-heal|p2a: Aegislash|93/100|[from] item: Leftovers
|upkeep
|turn|23
|
|t:|1666209553
|switch|p2a: Tapu Fini|Tapu Fini|51/100
|move|p1a: Weavile|Beat Up|p2a: Tapu Fini
|-resisted|p2a: Tapu Fini
|-damage|p2a: Tapu Fini|43/100
|-resisted|p2a: Tapu Fini
|-damage|p2a: Tapu Fini|35/100
|-resisted|p2a: Tapu Fini
|-damage|p2a: Tapu Fini|25/100
|-resisted|p2a: Tapu Fini
|-damage|p2a: Tapu Fini|19/100
|-hitcount|p2a: Tapu Fini|4
|
|upkeep
|turn|24
|
|t:|1666209555
|switch|p1a: Zapdos|Zapdos, shiny|58/100
|move|p2a: Tapu Fini|Moonblast|p1a: Zapdos
|-damage|p1a: Zapdos|10/100
|-unboost|p1a: Zapdos|spa|1
|
|-fieldend|Misty Terrain
|upkeep
|turn|25
|
|t:|1666209560
|move|p2a: Tapu Fini|Moonblast|p1a: Zapdos
|-crit|p1a: Zapdos
|-damage|p1a: Zapdos|0 fnt
|faint|p1a: Zapdos
|
|upkeep
|
|t:|1666209568
|switch|p1a: Melmetal|Melmetal, shiny|52/100
|turn|26
|
|t:|1666209579
|switch|p2a: Aegislash|Aegislash, F|93/100
|move|p1a: Melmetal|Earthquake|p2a: Aegislash
|-supereffective|p2a: Aegislash
|-damage|p2a: Aegislash|0 fnt
|faint|p2a: Aegislash
|
|upkeep
|
|t:|1666209586
|switch|p2a: Slowking|Slowking-Galar, F|56/100
|turn|27
|
|t:|1666209588
|move|p1a: Melmetal|Earthquake|p2a: Slowking
|-supereffective|p2a: Slowking
|-damage|p2a: Slowking|0 fnt
|faint|p2a: Slowking
|
|upkeep
|
|t:|1666209590
|switch|p2a: Tapu Fini|Tapu Fini|19/100
|-fieldstart|move: Misty Terrain|[from] ability: Misty Surge|[of] p2a: Tapu Fini
|turn|28
|
|t:|1666209592
|move|p2a: Tapu Fini|Surf|p1a: Melmetal
|-damage|p1a: Melmetal|8/100
|move|p1a: Melmetal|Earthquake|p2a: Tapu Fini
|-damage|p2a: Tapu Fini|0 fnt
|faint|p2a: Tapu Fini
|
|win|nnqq
|raw|nnqq's rating: 1498 &rarr; <strong>1519</strong><br />(+21 for winning)
|raw|Pinks1ip's rating: 1507 &rarr; <strong>1486</strong><br />(-21 for losing)
