|j|☆Fyrox
|j|☆legitteambuilder
|inactive|Battle timer is ON: inactive players will automatically lose when time's up.
|t:|1613924982
|player|p1|Fyrox|wally|
|player|p2|legitteambuilder|lance|
|teamsize|p1|6
|teamsize|p2|6
|gametype|singles
|gen|8
|tier|[Gen 8] OU
|rated|Tournament battle
|clearpoke
|poke|p1|Tapu Fini|
|poke|p1|Heatran, M|
|poke|p1|Rillaboom, M|
|poke|p1|Nidoking, M|
|poke|p1|Zapdos|
|poke|p1|Blissey, F|
|poke|p2|Garchomp, M|
|poke|p2|Magearna|
|poke|p2|Cinderace, M|
|poke|p2|Landorus-Therian, M|
|poke|p2|Ferrothorn, F|
|poke|p2|Kartana|
|rule|Sleep Clause Mod: Limit one foe put to sleep
|rule|Species Clause: Limit one of each Pokémon
|rule|OHKO Clause: OHKO moves are banned
|rule|Evasion Moves Clause: Evasion moves are banned
|rule|Endless Battle Clause: Forcing endless battles is banned
|rule|HP Percentage Mod: HP is shown in percentages
|rule|Dynamax Clause: You cannot dynamax
|teampreview
|inactive|Fyrox also wants the timer to be on.
|c|☆Fyrox|hf
|c|☆legitteambuilder|u2
|j| Datsko
|
|t:|1613924998
|start
|switch|p1a: Blissey|Blissey, F|100/100
|switch|p2a: EARFQUAKE|Landorus-Therian, M, shiny|100/100
|-ability|p2a: EARFQUAKE|Intimidate|boost
|-unboost|p1a: Blissey|atk|1
|turn|1
|
|t:|1613925000
|move|p2a: EARFQUAKE|Knock Off|p1a: Blissey
|-damage|p1a: Blissey|52/100
|-enditem|p1a: Blissey|Heavy-Duty Boots|[from] move: Knock Off|[of] p2a: EARFQUAKE
|move|p1a: Blissey|Stealth Rock|p2a: EARFQUAKE
|-sidestart|p2: legitteambuilder|move: Stealth Rock
|
|upkeep
|turn|2
|j| salmonelephant
|j| Skill swapped
|
|t:|1613925007
|switch|p2a: Bella Thorn|Ferrothorn, F, shiny|100/100
|-damage|p2a: Bella Thorn|94/100|[from] Stealth Rock
|move|p1a: Blissey|Soft-Boiled|p1a: Blissey
|-heal|p1a: Blissey|100/100
|
|upkeep
|turn|3
|
|t:|1613925010
|move|p2a: Bella Thorn|Stealth Rock|p1a: Blissey
|-sidestart|p1: Fyrox|move: Stealth Rock
|move|p1a: Blissey|Teleport|p1a: Blissey
|j| maeve68
|j| still I fly
|
|t:|1613925015
|switch|p1a: Nidoking|Nidoking, M|100/100|[from]move: Teleport
|-damage|p1a: Nidoking|95/100|[from] Stealth Rock
|
|upkeep
|turn|4
|j| kanika_emo
|
|t:|1613925026
|move|p1a: Nidoking|Flamethrower|p2a: Bella Thorn
|-supereffective|p2a: Bella Thorn
|-damage|p2a: Bella Thorn|0 fnt
|faint|p2a: Bella Thorn
|
|upkeep
|
|t:|1613925029
|switch|p2a: OH U MAKE MY|Garchomp, M, shiny|100/100
|-damage|p2a: OH U MAKE MY|94/100|[from] Stealth Rock
|turn|5
|
|t:|1613925035
|switch|p1a: Tapu Fini|Tapu Fini|100/100
|-damage|p1a: Tapu Fini|88/100|[from] Stealth Rock
|-fieldstart|move: Misty Terrain|[from] ability: Misty Surge|[of] p1a: Tapu Fini
|move|p2a: OH U MAKE MY|Swords Dance|p2a: OH U MAKE MY
|-boost|p2a: OH U MAKE MY|atk|2
|
|upkeep
|turn|6
|c| kanika_emo|why?
|
|t:|1613925041
|move|p1a: Tapu Fini|Ice Beam|p2a: OH U MAKE MY
|-supereffective|p2a: OH U MAKE MY
|-damage|p2a: OH U MAKE MY|0 fnt
|faint|p2a: OH U MAKE MY
|
|upkeep
|
|t:|1613925044
|switch|p2a: Hammond|Magearna|100/100
|-damage|p2a: Hammond|94/100|[from] Stealth Rock
|turn|7
|c| kanika_emo|why you will use the green hair boy as an avatar?
|
|t:|1613925048
|switch|p1a: Nidoking|Nidoking, M|95/100
|-damage|p1a: Nidoking|89/100|[from] Stealth Rock
|move|p2a: Hammond|Volt Switch|p1a: Nidoking
|-immune|p1a: Nidoking
|
|upkeep
|turn|8
|c| kanika_emo|you scare me man
|-message|legitteambuilder forfeited.
|
|win|Fyrox
|n|☆Fyrox|fyrox
|n|☆legitteambuilder|legitteambuilder
|n| Datsko|datsko
|n| salmonelephant|salmonelephant
|n| Skill swapped|skillswapped
|n| maeve68|maeve68
|n| still I fly|stillifly
|n| kanika_emo|kanikaemo
|l|☆legitteambuilder
|c| kanika_emo|him too
|c| kanika_emo|you see
|l| Datsko
|l| salmonelephant
|l| Skill swapped
|l| maeve68
