|j|‽minimax_ai
|j|☆Pinks1ip
|t:|1667661114
|gametype|singles
|player|p1|minimax_ai|169|1534
|player|p2|Pinks1ip|skierf|1600
|teamsize|p1|6
|teamsize|p2|6
|gen|8
|tier|[Gen 8] OU
|rated|
|rule|Sleep Clause Mod: Limit one foe put to sleep
|rule|Species Clause: Limit one of each Pokémon
|rule|OHKO Clause: OHKO moves are banned
|rule|Evasion Items Clause: Evasion items are banned
|rule|Evasion Moves Clause: Evasion moves are banned
|rule|Endless Battle Clause: Forcing endless battles is banned
|rule|HP Percentage Mod: HP is shown in percentages
|rule|Dynamax Clause: You cannot dynamax
|clearpoke
|poke|p1|Rotom-Wash|
|poke|p1|Weavile, M|
|poke|p1|Landorus-Therian, M|
|poke|p1|Heatran, M|
|poke|p1|Tangrowth, F|
|poke|p1|Melmetal|
|poke|p2|Garchomp, F|
|poke|p2|Weavile, F|
|poke|p2|Blacephalon|
|poke|p2|Mew|
|poke|p2|Azumarill, F|
|poke|p2|Celesteela|
|teampreview
|inactive|Battle timer is ON: inactive players will automatically lose when time's up. (requested by minimax_ai)
|
|t:|1667661119
|start
|switch|p1a: Melmetal|Melmetal|100/100
|switch|p2a: Mew|Mew|100/100
|turn|1
|
|t:|1667661123
|move|p2a: Mew|Stealth Rock|p1a: Melmetal
|-sidestart|p1: minimax_ai|move: Stealth Rock
|move|p1a: Melmetal|Double Iron Bash|p2a: Mew
|-damage|p2a: Mew|68/100
|-damage|p2a: Mew|35/100
|-hitcount|p2a: Mew|2
|
|upkeep
|turn|2
|
|t:|1667661125
|move|p2a: Mew|Spikes|p1a: Melmetal
|-sidestart|p1: minimax_ai|Spikes
|move|p1a: Melmetal|Double Iron Bash|p2a: Mew
|-damage|p2a: Mew|0 fnt
|faint|p2a: Mew
|-hitcount|p2: Mew|1
|
|upkeep
|
|t:|1667661129
|switch|p2a: Celesteela|Celesteela|100/100
|turn|3
|
|t:|1667661130
|move|p2a: Celesteela|Autotomize|p2a: Celesteela
|-boost|p2a: Celesteela|spe|2
|-start|p2a: Celesteela|Autotomize
|move|p1a: Melmetal|Thunder Punch|p2a: Celesteela
|-supereffective|p2a: Celesteela
|-damage|p2a: Celesteela|33/100
|
|upkeep
|turn|4
|
|t:|1667661132
|move|p2a: Celesteela|Flamethrower|p1a: Melmetal
|-supereffective|p1a: Melmetal
|-damage|p1a: Melmetal|69/100
|move|p1a: Melmetal|Ice Punch|p2a: Celesteela
|-damage|p2a: Celesteela|0 fnt
|faint|p2a: Celesteela
|
|upkeep
|
|t:|1667661139
|switch|p2a: Garchomp|Garchomp, F|100/100
|turn|5
|
|t:|1667661141
|switch|p1a: Landorus|Landorus-Therian, M|100/100
|-damage|p1a: Landorus|88/100|[from] Stealth Rock
|-ability|p1a: Landorus|Intimidate|boost
|-unboost|p2a: Garchomp|atk|1
|move|p2a: Garchomp|Earthquake|p1a: Landorus
|-immune|p1a: Landorus
|
|-heal|p1a: Landorus|94/100|[from] item: Leftovers
|upkeep
|turn|6
|
|t:|1667661145
|move|p2a: Garchomp|Swords Dance|p2a: Garchomp
|-boost|p2a: Garchomp|atk|2
|move|p1a: Landorus|Defog|p2a: Garchomp
|-unboost|p2a: Garchomp|evasion|1
|-sideend|p1: minimax_ai|Spikes|[from] move: Defog|[of] p1a: Landorus
|-sideend|p1: minimax_ai|Stealth Rock|[from] move: Defog|[of] p1a: Landorus
|
|-heal|p1a: Landorus|99/100|[from] item: Leftovers
|upkeep
|turn|7
|
|t:|1667661150
|move|p2a: Garchomp|Scale Shot|p1a: Landorus
|-damage|p1a: Landorus|76/100
|-damage|p1a: Landorus|51/100
|-damage|p1a: Landorus|27/100
|-damage|p1a: Landorus|4/100
|-hitcount|p1a: Landorus|4
|-unboost|p2a: Garchomp|def|1
|-boost|p2a: Garchomp|spe|1
|-damage|p2a: Garchomp|91/100|[from] item: Life Orb
|move|p1a: Landorus|U-turn|p2a: Garchomp
|-crit|p2a: Garchomp
|-damage|p2a: Garchomp|37/100
|-damage|p1a: Landorus|0 fnt|[from] ability: Rough Skin|[of] p2a: Garchomp
|faint|p1a: Landorus
|
|upkeep
|
|t:|1667661150
|switch|p1a: Rotom|Rotom-Wash|100/100
|turn|8
|
|t:|1667661157
|move|p2a: Garchomp|Scale Shot|p1a: Rotom
|-damage|p1a: Rotom|75/100
|-damage|p1a: Rotom|47/100
|-damage|p1a: Rotom|17/100
|-hitcount|p1a: Rotom|3
|-unboost|p2a: Garchomp|def|1
|-boost|p2a: Garchomp|spe|1
|-damage|p2a: Garchomp|27/100|[from] item: Life Orb
|move|p1a: Rotom|Hydro Pump|p2a: Garchomp
|-damage|p2a: Garchomp|0 fnt
|faint|p2a: Garchomp
|
|-heal|p1a: Rotom|23/100|[from] item: Leftovers
|upkeep
|
|t:|1667661166
|switch|p2a: Blacephalon|Blacephalon|100/100
|turn|9
|
|t:|1667661167
|move|p2a: Blacephalon|Shadow Ball|p1a: Rotom
|-damage|p1a: Rotom|0 fnt
|faint|p1a: Rotom
|-ability|p2a: Blacephalon|Beast Boost|boost
|-boost|p2a: Blacephalon|spa|1
|
|upkeep
|
|t:|1667661167
|switch|p1a: Melmetal|Melmetal|69/100
|turn|10
|
|t:|1667661171
|move|p2a: Blacephalon|Shadow Ball|p1a: Melmetal
|-damage|p1a: Melmetal|30/100
|move|p1a: Melmetal|Earthquake|p2a: Blacephalon
|-supereffective|p2a: Blacephalon
|-damage|p2a: Blacephalon|0 fnt
|faint|p2a: Blacephalon
|
|upkeep
|
|t:|1667661174
|switch|p2a: Weavile|Weavile, F|100/100
|-ability|p2a: Weavile|Pressure
|turn|11
|
|t:|1667661175
|move|p2a: Weavile|Knock Off|p1a: Melmetal
|-damage|p1a: Melmetal|0 fnt
|-enditem|p1a: Melmetal|Assault Vest|[from] move: Knock Off|[of] p2a: Weavile
|faint|p1a: Melmetal
|-damage|p2a: Weavile|91/100|[from] item: Life Orb
|
|upkeep
|
|t:|1667661175
|switch|p1a: Heatran|Heatran, M|100/100
|-item|p1a: Heatran|Air Balloon
|turn|12
|
|t:|1667661178
|move|p2a: Weavile|Knock Off|p1a: Heatran
|-damage|p1a: Heatran|28/100
|-enditem|p1a: Heatran|Air Balloon
|-damage|p2a: Weavile|81/100|[from] item: Life Orb
|move|p1a: Heatran|Eruption|p2a: Weavile
|-supereffective|p2a: Weavile
|-crit|p2a: Weavile
|-damage|p2a: Weavile|0 fnt
|faint|p2a: Weavile
|
|upkeep
|
|t:|1667661182
|switch|p2a: Azumarill|Azumarill, F|100/100
|turn|13
|
|t:|1667661183
|move|p1a: Heatran|Magma Storm|p2a: Azumarill|[miss]
|-miss|p1a: Heatran|p2a: Azumarill
|move|p2a: Azumarill|Belly Drum|p2a: Azumarill
|-damage|p2a: Azumarill|50/100
|-setboost|p2a: Azumarill|atk|6|[from] move: Belly Drum
|-enditem|p2a: Azumarill|Sitrus Berry|[eat]
|-heal|p2a: Azumarill|75/100|[from] item: Sitrus Berry
|
|upkeep
|turn|14
|
|t:|1667661186
|move|p2a: Azumarill|Aqua Jet|p1a: Heatran
|-supereffective|p1a: Heatran
|-damage|p1a: Heatran|0 fnt
|faint|p1a: Heatran
|
|upkeep
|
|t:|1667661186
|switch|p1a: Tangrowth|Tangrowth, F|100/100
|turn|15
|
|t:|1667661187
|move|p2a: Azumarill|Knock Off|p1a: Tangrowth
|-damage|p1a: Tangrowth|21/100
|-damage|p2a: Azumarill|59/100|[from] item: Rocky Helmet|[of] p1a: Tangrowth
|-enditem|p1a: Tangrowth|Rocky Helmet|[from] move: Knock Off|[of] p2a: Azumarill
|move|p1a: Tangrowth|Giga Drain|p2a: Azumarill
|-supereffective|p2a: Azumarill
|-damage|p2a: Azumarill|0 fnt
|-heal|p1a: Tangrowth|46/100|[from] drain|[of] p2a: Azumarill
|faint|p2a: Azumarill
|
|win|minimax_ai
|raw|minimax_ai's rating: 1534 &rarr; <strong>1558</strong><br />(+24 for winning)
|raw|Pinks1ip's rating: 1600 &rarr; <strong>1576</strong><br />(-24 for losing)
