|j|☆Down$hift
|j|☆Geo13000
|t:|1664583311
|gametype|singles
|player|p1|Down$hift|teamrocket|1746
|player|p2|Geo13000|veteran|1721
|teamsize|p1|6
|teamsize|p2|6
|gen|8
|tier|[Gen 8] OU
|rated|
|rule|Sleep Clause Mod: Limit one foe put to sleep
|rule|Species Clause: Limit one of each Pokémon
|rule|OHKO Clause: OHKO moves are banned
|rule|Evasion Items Clause: Evasion items are banned
|rule|Evasion Moves Clause: Evasion moves are banned
|rule|Endless Battle Clause: Forcing endless battles is banned
|rule|HP Percentage Mod: HP is shown in percentages
|rule|Dynamax Clause: You cannot dynamax
|clearpoke
|poke|p1|Regigigas|
|poke|p1|Weezing-Galar, F|
|poke|p1|Landorus-Therian, M|
|poke|p1|Dragapult, F|
|poke|p1|Slowbro, F|
|poke|p1|Tapu Lele|
|poke|p2|Corviknight, F|
|poke|p2|Toxapex, F|
|poke|p2|Quagsire, F|
|poke|p2|Altaria, F|
|poke|p2|Blissey, F|
|poke|p2|Shedinja|
|teampreview
|c|☆Down$hift|hf
|inactive|Battle timer is ON: inactive players will automatically lose when time's up. (requested by Geo13000)
|c|☆Geo13000|u2
|
|t:|1664583333
|start
|switch|p1a: Dreepy Airlines|Dragapult, F|100/100
|switch|p2a: Altaria|Altaria, F|100/100
|turn|1
|c|☆Geo13000|looks like you know how to hf with gigas lmao
|
|t:|1664583343
|switch|p2a: Blissey|Blissey, F|100/100
|move|p1a: Dreepy Airlines|U-turn|p2a: Blissey
|-damage|p2a: Blissey|85/100
|
|t:|1664583346
|switch|p1a: BIacephaIon|Regigigas, shiny|100/100|[from]move: U-turn
|-start|p1a: BIacephaIon|ability: Slow Start
|
|-heal|p2a: Blissey|91/100|[from] item: Leftovers
|upkeep
|turn|2
|
|t:|1664583355
|move|p2a: Blissey|Stealth Rock|p1a: BIacephaIon
|-sidestart|p1: Down$hift|move: Stealth Rock
|move|p1a: BIacephaIon|Knock Off|p2a: Blissey
|-damage|p2a: Blissey|77/100
|-enditem|p2a: Blissey|Leftovers|[from] move: Knock Off|[of] p1a: BIacephaIon
|
|upkeep
|turn|3
|
|t:|1664583363
|switch|p2a: Corviknight|Corviknight, F|100/100
|-ability|p2a: Corviknight|Pressure
|move|p1a: BIacephaIon|Power-Up Punch|p2a: Corviknight
|-damage|p2a: Corviknight|96/100
|-boost|p1a: BIacephaIon|atk|1
|-damage|p1a: BIacephaIon|84/100|[from] item: Rocky Helmet|[of] p2a: Corviknight
|
|-heal|p1a: BIacephaIon|90/100|[from] item: Leftovers
|upkeep
|turn|4
|
|t:|1664583366
|move|p2a: Corviknight|Iron Defense|p2a: Corviknight
|-boost|p2a: Corviknight|def|2
|move|p1a: BIacephaIon|Knock Off|p2a: Corviknight
|-damage|p2a: Corviknight|88/100
|-damage|p1a: BIacephaIon|74/100|[from] item: Rocky Helmet|[of] p2a: Corviknight
|-enditem|p2a: Corviknight|Rocky Helmet|[from] move: Knock Off|[of] p1a: BIacephaIon
|
|-heal|p1a: BIacephaIon|80/100|[from] item: Leftovers
|upkeep
|turn|5
|
|t:|1664583371
|-end|p1a: BIacephaIon|Slow Start|[silent]
|switch|p1a: Dreepy Airlines|Dragapult, F|100/100
|move|p2a: Corviknight|Iron Defense|p2a: Corviknight
|-boost|p2a: Corviknight|def|2
|
|upkeep
|turn|6
|
|t:|1664583375
|switch|p2a: Blissey|Blissey, F|77/100
|move|p1a: Dreepy Airlines|Thunder Wave|p2a: Blissey
|-status|p2a: Blissey|par
|
|upkeep
|turn|7
|
|t:|1664583381
|move|p1a: Dreepy Airlines|Dragon Darts|p2a: Blissey
|-damage|p2a: Blissey|62/100 par
|-anim|p1a: Dreepy Airlines|Dragon Darts|p2a: Blissey
|-damage|p2a: Blissey|47/100 par
|cant|p2a: Blissey|par
|
|upkeep
|turn|8
|
|t:|1664583384
|move|p1a: Dreepy Airlines|Dragon Darts|p2a: Blissey
|-damage|p2a: Blissey|29/100 par
|-anim|p1a: Dreepy Airlines|Dragon Darts|p2a: Blissey
|-damage|p2a: Blissey|12/100 par
|move|p2a: Blissey|Soft-Boiled|p2a: Blissey
|-heal|p2a: Blissey|62/100 par
|
|upkeep
|turn|9
|
|t:|1664583388
|-curestatus|p2a: Blissey|par|[from] ability: Natural Cure
|switch|p2a: Quagsire|Quagsire, F|100/100
|move|p1a: Dreepy Airlines|Dragon Darts|p2a: Quagsire
|-damage|p2a: Quagsire|87/100
|-anim|p1a: Dreepy Airlines|Dragon Darts|p2a: Quagsire
|-damage|p2a: Quagsire|73/100
|
|-heal|p2a: Quagsire|79/100|[from] item: Leftovers
|upkeep
|turn|10
|
|t:|1664583391
|move|p1a: Dreepy Airlines|U-turn|p2a: Quagsire
|-damage|p2a: Quagsire|68/100
|
|t:|1664583394
|switch|p1a: Canned Calamari|Tapu Lele|100/100|[from]move: U-turn
|-damage|p1a: Canned Calamari|88/100|[from] Stealth Rock
|-fieldstart|move: Psychic Terrain|[from] ability: Psychic Surge|[of] p1a: Canned Calamari
|move|p2a: Quagsire|Toxic|p1a: Canned Calamari|[miss]
|-miss|p2a: Quagsire|p1a: Canned Calamari
|
|-heal|p2a: Quagsire|74/100|[from] item: Leftovers
|upkeep
|turn|11
|
|t:|1664583398
|switch|p1a: Dreepy Airlines|Dragapult, F|100/100
|switch|p2a: Shedinja|Shedinja|100/100
|
|upkeep
|turn|12
|
|t:|1664583404
|switch|p2a: Quagsire|Quagsire, F|74/100
|move|p1a: Dreepy Airlines|Dragon Darts|p2a: Quagsire
|-damage|p2a: Quagsire|61/100
|-anim|p1a: Dreepy Airlines|Dragon Darts|p2a: Quagsire
|-damage|p2a: Quagsire|47/100
|
|-heal|p2a: Quagsire|53/100|[from] item: Leftovers
|upkeep
|turn|13
|
|t:|1664583412
|move|p1a: Dreepy Airlines|U-turn|p2a: Quagsire
|-damage|p2a: Quagsire|41/100
|
|t:|1664583417
|switch|p1a: LandOUrus-T|Landorus-Therian, M|100/100|[from]move: U-turn
|-damage|p1a: LandOUrus-T|88/100|[from] Stealth Rock
|-ability|p1a: LandOUrus-T|Intimidate|boost
|-unboost|p2a: Quagsire|atk|1
|move|p2a: Quagsire|Recover|p2a: Quagsire
|-heal|p2a: Quagsire|91/100
|
|-heal|p1a: LandOUrus-T|94/100|[from] item: Leftovers
|-heal|p2a: Quagsire|97/100|[from] item: Leftovers
|upkeep
|turn|14
|
|t:|1664583421
|switch|p2a: Corviknight|Corviknight, F|88/100
|-ability|p2a: Corviknight|Pressure
|move|p1a: LandOUrus-T|Toxic|p2a: Corviknight
|-immune|p2a: Corviknight
|
|-heal|p1a: LandOUrus-T|99/100|[from] item: Leftovers
|-fieldend|move: Psychic Terrain
|upkeep
|turn|15
|
|t:|1664583426
|move|p1a: LandOUrus-T|Stealth Rock|p2a: Corviknight
|-sidestart|p2: Geo13000|move: Stealth Rock
|move|p2a: Corviknight|Iron Defense|p2a: Corviknight
|-boost|p2a: Corviknight|def|2
|
|-heal|p1a: LandOUrus-T|100/100|[from] item: Leftovers
|upkeep
|turn|16
|
|t:|1664583432
|switch|p1a: Dreepy Airlines|Dragapult, F|100/100
|move|p2a: Corviknight|Defog|p1a: Dreepy Airlines
|-unboost|p1a: Dreepy Airlines|evasion|1
|-sideend|p1: Down$hift|Stealth Rock|[from] move: Defog|[of] p2a: Corviknight
|-sideend|p2: Geo13000|Stealth Rock|[from] move: Defog|[of] p2a: Corviknight
|
|upkeep
|turn|17
|
|t:|1664583439
|switch|p2a: Quagsire|Quagsire, F|97/100
|move|p1a: Dreepy Airlines|U-turn|p2a: Quagsire
|-damage|p2a: Quagsire|86/100
|
|t:|1664583447
|switch|p1a: Dimmadome|Weezing-Galar, F|100/100|[from]move: U-turn
|
|-heal|p2a: Quagsire|92/100|[from] item: Leftovers
|upkeep
|turn|18
|
|t:|1664583454
|switch|p2a: Altaria|Altaria, F|100/100
|move|p1a: Dimmadome|Will-O-Wisp|p2a: Altaria
|-status|p2a: Altaria|brn
|
|-damage|p2a: Altaria|94/100 brn|[from] brn
|upkeep
|turn|19
|
|t:|1664583460
|-curestatus|p2a: Altaria|brn|[from] ability: Natural Cure
|switch|p2a: Blissey|Blissey, F|62/100
|move|p1a: Dimmadome|Strange Steam|p2a: Blissey
|-damage|p2a: Blissey|52/100
|-start|p2a: Blissey|confusion
|
|upkeep
|turn|20
|j| beergoggles
|
|t:|1664583468
|switch|p1a: Canned Calamari|Tapu Lele|88/100
|-fieldstart|move: Psychic Terrain|[from] ability: Psychic Surge|[of] p1a: Canned Calamari
|-activate|p2a: Blissey|confusion
|move|p2a: Blissey|Soft-Boiled|p2a: Blissey
|-heal|p2a: Blissey|100/100
|
|upkeep
|turn|21
|c|☆Down$hift|gg
|-message|Down$hift forfeited.
|
|win|Geo13000
|raw|Down$hift's rating: 1746 &rarr; <strong>1725</strong><br />(-21 for losing)
|raw|Geo13000's rating: 1721 &rarr; <strong>1742</strong><br />(+21 for winning)
|l|☆Down$hift
|l|☆Geo13000
||Ladder isn't responding, score probably updated but might not have (Request timeout).
