|j|☆wsdfg
|j|☆Dallyranks
|t:|1606171528
|player|p1|wsdfg|burglar|1894
|player|p2|Dallyranks|ltsurge|1848
|teamsize|p1|6
|teamsize|p2|6
|gametype|singles
|gen|8
|tier|[Gen 8] OU
|rated|
|clearpoke
|poke|p1|Kyurem|
|poke|p1|Suicune|
|poke|p1|Landorus-Therian, M|
|poke|p1|Moltres|
|poke|p1|Urshifu-*, M|
|poke|p1|Spectrier|
|poke|p2|Urshifu-*, M|
|poke|p2|Cinderace, F|
|poke|p2|Landorus-Therian, M|
|poke|p2|Slowbro, M|
|poke|p2|Magearna|
|poke|p2|Rillaboom, M|
|rule|Sleep Clause Mod: Limit one foe put to sleep
|rule|Species Clause: Limit one of each Pokémon
|rule|OHKO Clause: OHKO moves are banned
|rule|Evasion Moves Clause: Evasion moves are banned
|rule|Endless Battle Clause: Forcing endless battles is banned
|rule|HP Percentage Mod: HP is shown in percentages
|rule|Dynamax Clause: You cannot dynamax
|teampreview
|j| Jynx Nuggets
|j| znpp
|inactive|Battle timer is ON: inactive players will automatically lose when time's up. (requested by wsdfg)
|j| kinda sus ngl
|inactive|Dallyranks has 120 seconds left.
|inactive|Dallyranks has 90 seconds left.
|j| Limited_Toolkit
|
|t:|1606171639
|start
|switch|p1a: Spectrier|Spectrier|100/100
|switch|p2a: Urshifu|Urshifu, M|100/100
|turn|1
|j| JKongh
|j| jtaquille
|
|t:|1606171659
|switch|p1a: Urshifu|Urshifu, M|100/100
|move|p2a: Urshifu|Close Combat|p1a: Urshifu
|-supereffective|p1a: Urshifu
|-damage|p1a: Urshifu|0 fnt
|-unboost|p2a: Urshifu|def|1
|-unboost|p2a: Urshifu|spd|1
|faint|p1a: Urshifu
|
|upkeep
|
|t:|1606171663
|switch|p1a: Landorus|Landorus-Therian, M|100/100
|-ability|p1a: Landorus|Intimidate|boost
|-unboost|p2a: Urshifu|atk|1
|turn|2
|j| sorah01
|j| forsh ❀
|
|t:|1606171688
|switch|p2a: Landorus|Landorus-Therian, M|100/100
|-ability|p2a: Landorus|Intimidate|boost
|-unboost|p1a: Landorus|atk|1
|move|p1a: Landorus|Stealth Rock|p2a: Landorus
|-sidestart|p2: Dallyranks|move: Stealth Rock
|
|upkeep
|turn|3
|
|t:|1606171699
|move|p2a: Landorus|Knock Off|p1a: Landorus
|-damage|p1a: Landorus|65/100
|-enditem|p1a: Landorus|Leftovers|[from] move: Knock Off|[of] p2a: Landorus
|move|p1a: Landorus|Toxic|p2a: Landorus
|-status|p2a: Landorus|tox
|
|-damage|p2a: Landorus|95/100 tox|[from] psn
|upkeep
|turn|4
|
|t:|1606171709
|move|p2a: Landorus|Knock Off|p1a: Landorus
|-damage|p1a: Landorus|41/100
|move|p1a: Landorus|U-turn|p2a: Landorus
|-resisted|p2a: Landorus
|-damage|p2a: Landorus|87/100 tox
|
|t:|1606171719
|switch|p1a: Kyurem|Kyurem|100/100|[from]move: U-turn
|-ability|p1a: Kyurem|Pressure
|
|-damage|p2a: Landorus|75/100 tox|[from] psn
|upkeep
|turn|5
|
|t:|1606171727
|move|p2a: Landorus|Knock Off|p1a: Kyurem
|-damage|p1a: Kyurem|69/100
|-enditem|p1a: Kyurem|Leftovers|[from] move: Knock Off|[of] p2a: Landorus
|move|p1a: Kyurem|Substitute|p1a: Kyurem
|-start|p1a: Kyurem|Substitute
|-damage|p1a: Kyurem|44/100
|
|-damage|p2a: Landorus|57/100 tox|[from] psn
|upkeep
|turn|6
|j| TrailBlazer324
|l| TrailBlazer324
|
|t:|1606171748
|switch|p2a: Cinderace|Cinderace, F|100/100
|move|p1a: Kyurem|Roost|p1a: Kyurem
|-heal|p1a: Kyurem|94/100
|-singleturn|p1a: Kyurem|move: Roost
|
|upkeep
|turn|7
|
|t:|1606171755
|move|p2a: Cinderace|Pyro Ball|p1a: Kyurem
|-crit|p1a: Kyurem
|-end|p1a: Kyurem|Substitute
|move|p1a: Kyurem|Earth Power|p2a: Cinderace
|-supereffective|p2a: Cinderace
|-damage|p2a: Cinderace|0 fnt
|faint|p2a: Cinderace
|
|upkeep
|j| outu gezia
|l| outu gezia
|
|t:|1606171774
|switch|p2a: Rillaboom|Rillaboom, M|100/100
|-damage|p2a: Rillaboom|88/100|[from] Stealth Rock
|-fieldstart|move: Grassy Terrain|[from] ability: Grassy Surge|[of] p2a: Rillaboom
|turn|8
|j| outu gezia
|c|☆Dallyranks|Misclick lol
|inactive|Dallyranks has 120 seconds left.
|
|t:|1606171809
|move|p2a: Rillaboom|Grassy Glide|p1a: Kyurem
|-resisted|p1a: Kyurem
|-damage|p1a: Kyurem|68/100
|-damage|p2a: Rillaboom|78/100|[from] item: Life Orb
|move|p1a: Kyurem|Substitute|p1a: Kyurem
|-start|p1a: Kyurem|Substitute
|-damage|p1a: Kyurem|43/100
|
|-heal|p2a: Rillaboom|84/100|[from] Grassy Terrain
|-heal|p1a: Kyurem|49/100|[from] Grassy Terrain
|upkeep
|turn|9
|j| Vessev
|
|t:|1606171823
|move|p2a: Rillaboom|Grassy Glide|p1a: Kyurem
|-resisted|p1a: Kyurem
|-end|p1a: Kyurem|Substitute
|-damage|p2a: Rillaboom|74/100|[from] item: Life Orb
|move|p1a: Kyurem|Roost|p1a: Kyurem
|-heal|p1a: Kyurem|99/100
|-singleturn|p1a: Kyurem|move: Roost
|
|-heal|p2a: Rillaboom|81/100|[from] Grassy Terrain
|-heal|p1a: Kyurem|100/100|[from] Grassy Terrain
|upkeep
|turn|10
|j| 0zorcNecropHADES
|
|t:|1606171840
|switch|p2a: Landorus|Landorus-Therian, M|57/100 tox
|-damage|p2a: Landorus|45/100 tox|[from] Stealth Rock
|-ability|p2a: Landorus|Intimidate|boost
|-unboost|p1a: Kyurem|atk|1
|move|p1a: Kyurem|Freeze-Dry|p2a: Landorus
|-supereffective|p2a: Landorus
|-damage|p2a: Landorus|0 fnt
|faint|p2a: Landorus
|
|upkeep
|inactive|Dallyranks has 90 seconds left.
|
|t:|1606171854
|switch|p2a: Urshifu|Urshifu, M|100/100
|-damage|p2a: Urshifu|94/100|[from] Stealth Rock
|turn|11
|l| Limited_Toolkit
|
|t:|1606171862
|switch|p1a: Landorus|Landorus-Therian, M|41/100
|-ability|p1a: Landorus|Intimidate|boost
|-unboost|p2a: Urshifu|atk|1
|move|p2a: Urshifu|Wicked Blow|p1a: Landorus
|-crit|p1a: Landorus
|-damage|p1a: Landorus|0 fnt
|faint|p1a: Landorus
|
|-heal|p2a: Urshifu|100/100|[from] Grassy Terrain
|upkeep
|
|t:|1606171873
|switch|p1a: Kyurem|Kyurem|100/100
|-ability|p1a: Kyurem|Pressure
|turn|12
|
|t:|1606171878
|move|p2a: Urshifu|Wicked Blow|p1a: Kyurem
|-crit|p1a: Kyurem
|-damage|p1a: Kyurem|23/100
|move|p1a: Kyurem|Substitute|p1a: Kyurem
|-fail|p1a: Kyurem|move: Substitute|[weak]
|
|-heal|p1a: Kyurem|29/100|[from] Grassy Terrain
|-fieldend|move: Grassy Terrain
|upkeep
|turn|13
|c| 0zorcNecropHADES|no
|
|t:|1606171887
|move|p2a: Urshifu|Wicked Blow|p1a: Kyurem
|-crit|p1a: Kyurem
|-damage|p1a: Kyurem|0 fnt
|faint|p1a: Kyurem
|
|upkeep
|
|t:|1606171891
|switch|p1a: Suicune|Suicune|100/100
|-ability|p1a: Suicune|Pressure
|turn|14
|inactive|Dallyranks has 120 seconds left.
|
|t:|1606171901
|switch|p2a: Rillaboom|Rillaboom, M|81/100
|-damage|p2a: Rillaboom|68/100|[from] Stealth Rock
|-fieldstart|move: Grassy Terrain|[from] ability: Grassy Surge|[of] p2a: Rillaboom
|switch|p1a: Moltres|Moltres|100/100
|
|-heal|p2a: Rillaboom|74/100|[from] Grassy Terrain
|upkeep
|turn|15
|j| SKYBlueRanger
|inactive|Dallyranks has 120 seconds left.
|l| znpp
|
|t:|1606171918
|switch|p2a: Slowbro|Slowbro, M|100/100
|-damage|p2a: Slowbro|88/100|[from] Stealth Rock
|switch|p1a: Spectrier|Spectrier|100/100
|
|-heal|p2a: Slowbro|94/100|[from] Grassy Terrain
|upkeep
|turn|16
|j| oophyte
|inactive|Dallyranks has 120 seconds left.
|j| hipster garbage
|
|t:|1606171937
|switch|p2a: Magearna|Magearna|100/100
|-damage|p2a: Magearna|94/100|[from] Stealth Rock
|move|p1a: Spectrier|Shadow Ball|p2a: Magearna
|-crit|p2a: Magearna
|-damage|p2a: Magearna|5/100
|
|-heal|p2a: Magearna|11/100|[from] Grassy Terrain
|upkeep
|turn|17
|
|t:|1606171948
|move|p1a: Spectrier|Shadow Ball|p2a: Magearna
|-damage|p2a: Magearna|0 fnt
|faint|p2a: Magearna
|-ability|p1a: Spectrier|Grim Neigh|boost
|-boost|p1a: Spectrier|spa|1
|
|upkeep
|
|t:|1606171955
|switch|p2a: Urshifu|Urshifu, M|100/100
|-damage|p2a: Urshifu|94/100|[from] Stealth Rock
|turn|18
|
|t:|1606171961
|switch|p1a: Suicune|Suicune|100/100
|-ability|p1a: Suicune|Pressure
|move|p2a: Urshifu|Wicked Blow|p1a: Suicune
|-crit|p1a: Suicune
|-damage|p1a: Suicune|51/100
|
|-heal|p2a: Urshifu|100/100|[from] Grassy Terrain
|-heal|p1a: Suicune|57/100|[from] item: Leftovers
|-heal|p1a: Suicune|63/100|[from] Grassy Terrain
|-fieldend|move: Grassy Terrain
|upkeep
|turn|19
|inactive|Dallyranks has 120 seconds left.
|
|t:|1606171973
|switch|p2a: Rillaboom|Rillaboom, M|74/100
|-damage|p2a: Rillaboom|62/100|[from] Stealth Rock
|-fieldstart|move: Grassy Terrain|[from] ability: Grassy Surge|[of] p2a: Rillaboom
|move|p1a: Suicune|Scald|p2a: Rillaboom
|-resisted|p2a: Rillaboom
|-damage|p2a: Rillaboom|44/100
|
|-heal|p2a: Rillaboom|50/100|[from] Grassy Terrain
|-heal|p1a: Suicune|69/100|[from] item: Leftovers
|-heal|p1a: Suicune|75/100|[from] Grassy Terrain
|upkeep
|turn|20
|inactive|Dallyranks has 120 seconds left.
|j| znpp
|j| bpewn
|
|t:|1606171986
|switch|p1a: Moltres|Moltres|100/100
|move|p2a: Rillaboom|Leech Seed|p1a: Moltres
|-start|p1a: Moltres|move: Leech Seed
|
|-heal|p2a: Rillaboom|57/100|[from] Grassy Terrain
|-damage|p1a: Moltres|88/100|[from] Leech Seed|[of] p2a: Rillaboom
|-heal|p2a: Rillaboom|70/100|[silent]
|upkeep
|turn|21
|inactive|Dallyranks has 120 seconds left.
|l| bpewn
|
|t:|1606171997
|move|p2a: Rillaboom|Swords Dance|p2a: Rillaboom
|-boost|p2a: Rillaboom|atk|2
|move|p1a: Moltres|Roost|p1a: Moltres
|-heal|p1a: Moltres|100/100
|-singleturn|p1a: Moltres|move: Roost
|
|-heal|p2a: Rillaboom|76/100|[from] Grassy Terrain
|-damage|p1a: Moltres|88/100|[from] Leech Seed|[of] p2a: Rillaboom
|-heal|p2a: Rillaboom|90/100|[silent]
|upkeep
|turn|22
|inactive|Dallyranks has 120 seconds left.
|
|t:|1606172008
|switch|p2a: Slowbro|Slowbro, M|100/100
|-damage|p2a: Slowbro|88/100|[from] Stealth Rock
|move|p1a: Moltres|Flamethrower|p2a: Slowbro
|-resisted|p2a: Slowbro
|-crit|p2a: Slowbro
|-damage|p2a: Slowbro|57/100
|-status|p2a: Slowbro|brn
|
|-heal|p2a: Slowbro|63/100 brn|[from] Grassy Terrain
|-damage|p1a: Moltres|76/100|[from] Leech Seed|[of] p2a: Slowbro
|-heal|p2a: Slowbro|75/100 brn|[silent]
|-damage|p2a: Slowbro|69/100 brn|[from] brn
|upkeep
|turn|23
|inactive|Dallyranks has 120 seconds left.
|j| Glazou
|
|t:|1606172030
|switch|p1a: Spectrier|Spectrier|100/100
|move|p2a: Slowbro|Nasty Plot|p2a: Slowbro
|-boost|p2a: Slowbro|spa|2
|
|-heal|p2a: Slowbro|75/100 brn|[from] Grassy Terrain
|-fieldend|move: Grassy Terrain
|-damage|p2a: Slowbro|69/100 brn|[from] brn
|upkeep
|turn|24
|l| znpp
|inactive|Dallyranks has 90 seconds left.
|
|t:|1606172063
|switch|p2a: Urshifu|Urshifu, M|100/100
|-damage|p2a: Urshifu|94/100|[from] Stealth Rock
|move|p1a: Spectrier|Shadow Ball|p2a: Urshifu
|-resisted|p2a: Urshifu
|-crit|p2a: Urshifu
|-damage|p2a: Urshifu|17/100
|
|upkeep
|turn|25
|inactive|Dallyranks has 90 seconds left.
|c|☆Dallyranks|Crit burn
|c|☆Dallyranks|crit
|c|☆Dallyranks|crit
|c|☆Dallyranks|lol
|c|☆Dallyranks|gg
|j| wyul
|c| SKYBlueRanger|yeah
|-message|Dallyranks forfeited.
|
|win|wsdfg
|l|☆Dallyranks
|l|☆wsdfg
|l| hipster garbage
|l| SKYBlueRanger
|l| jtaquille
|l| oophyte
|l| kinda sus ngl
||Ladder (probably) updated, but score could not be retrieved (Request timeout).
|l| outu gezia
|l| wyul
|l| Jynx Nuggets
