|html|<div class="broadcast-blue"><strong>[Gen 8] OU is currently suspecting Spectrier! For information on how to participate check out the <a href="https://www.smogon.com/forums/threads/np-ss-ou-suspect-process-round-9-old-town-road.3676744/">suspect thread</a>.</strong></div>
|j|☆LolzMachine
|j|☆Le-Perpetrator
|t:|1611585973
|player|p1|LolzMachine|294|1807
|player|p2|Le-Perpetrator|265|1826
|teamsize|p1|6
|teamsize|p2|6
|gametype|singles
|gen|8
|tier|[Gen 8] OU
|rated|
|clearpoke
|poke|p1|Slowbro-Galar, M|
|poke|p1|Cloyster, M|
|poke|p1|Togekiss, M|
|poke|p1|Golurk|
|poke|p1|Sirfetch’d, F|
|poke|p1|Jirachi|
|poke|p2|Melmetal|
|poke|p2|Zapdos-Galar|
|poke|p2|Tapu Koko|
|poke|p2|Ferrothorn, M|
|poke|p2|Hatterene, F|
|poke|p2|Hydreigon, F|
|rule|Sleep Clause Mod: Limit one foe put to sleep
|rule|Species Clause: Limit one of each Pokémon
|rule|OHKO Clause: OHKO moves are banned
|rule|Evasion Moves Clause: Evasion moves are banned
|rule|Endless Battle Clause: Forcing endless battles is banned
|rule|HP Percentage Mod: HP is shown in percentages
|rule|Dynamax Clause: You cannot dynamax
|teampreview
|j| Dark crystal lamp
|
|t:|1611585981
|start
|switch|p1a: Golurk|Golurk|100/100
|switch|p2a: Hydreigon|Hydreigon, F|100/100
|turn|1
|
|t:|1611585986
|move|p2a: Hydreigon|Dark Pulse|p1a: Golurk
|-supereffective|p1a: Golurk
|-enditem|p1a: Golurk|Focus Sash
|-damage|p1a: Golurk|1/100
|move|p1a: Golurk|Dynamic Punch|p2a: Hydreigon
|-supereffective|p2a: Hydreigon
|-damage|p2a: Hydreigon|26/100
|-start|p2a: Hydreigon|confusion
|
|upkeep
|turn|2
|
|t:|1611585995
|-activate|p2a: Hydreigon|confusion
|-damage|p2a: Hydreigon|16/100|[from] confusion
|move|p1a: Golurk|Poltergeist|p2a: Hydreigon
|-activate|p2a: Hydreigon|move: Poltergeist|Choice Scarf
|-resisted|p2a: Hydreigon
|-damage|p2a: Hydreigon|0 fnt
|faint|p2a: Hydreigon
|
|upkeep
|j| Jiraiiya
|j| inb4 fblastmiss
|inactive|Battle timer is ON: inactive players will automatically lose when time's up. (requested by LolzMachine)
|
|t:|1611586034
|switch|p2a: Zapdos|Zapdos-Galar|100/100
|turn|3
|
|t:|1611586037
|move|p2a: Zapdos|Drill Peck|p1a: Golurk
|-damage|p1a: Golurk|0 fnt
|faint|p1a: Golurk
|
|upkeep
|
|t:|1611586040
|switch|p1a: Togekiss|Togekiss, M|100/100
|turn|4
|
|t:|1611586044
|switch|p2a: Tapu Koko|Tapu Koko|100/100
|-fieldstart|move: Electric Terrain|[from] ability: Electric Surge|[of] p2a: Tapu Koko
|move|p1a: Togekiss|Flamethrower|p2a: Tapu Koko
|-damage|p2a: Tapu Koko|58/100
|
|upkeep
|turn|5
|j| tyresepennywhistle
|
|t:|1611586051
|move|p1a: Togekiss|Flamethrower|p2a: Tapu Koko
|-damage|p2a: Tapu Koko|14/100
|move|p2a: Tapu Koko|Volt Switch|p1a: Togekiss
|-supereffective|p1a: Togekiss
|-damage|p1a: Togekiss|0 fnt
|faint|p1a: Togekiss
|j| ItsMehoe8732
|l| ItsMehoe8732
|
|t:|1611586071
|switch|p2a: Zapdos|Zapdos-Galar|100/100|[from]move: Volt Switch
|
|upkeep
|j| ItsMehoe8732
|
|t:|1611586075
|switch|p1a: Slowbro|Slowbro-Galar, M|100/100
|turn|6
|-activate|p1a: Slowbro|ability: Quick Draw
|
|t:|1611586085
|switch|p2a: Ferrothorn|Ferrothorn, M|100/100
|move|p1a: Slowbro|Fire Blast|p2a: Ferrothorn
|-supereffective|p2a: Ferrothorn
|-damage|p2a: Ferrothorn|4/100
|
|upkeep
|turn|7
|-activate|p1a: Slowbro|ability: Quick Draw
|
|t:|1611586092
|move|p1a: Slowbro|Psyshock|p2a: Ferrothorn
|-resisted|p2a: Ferrothorn
|-damage|p2a: Ferrothorn|0 fnt
|faint|p2a: Ferrothorn
|
|upkeep
|j| Cnfnmnt
|
|t:|1611586104
|switch|p2a: Melmetal|Melmetal|100/100
|turn|8
|l| Jiraiiya
|j| Tomkou
|j| Jiraiiya
|
|t:|1611586113
|switch|p1a: Cloyster|Cloyster, M|100/100
|move|p2a: Melmetal|Earthquake|p1a: Cloyster
|-damage|p1a: Cloyster|50/100
|
|-fieldend|move: Electric Terrain
|upkeep
|turn|9
|l| Jiraiiya
|
|t:|1611586119
|move|p1a: Cloyster|Icicle Spear|p2a: Melmetal
|-resisted|p2a: Melmetal
|-damage|p2a: Melmetal|97/100
|-resisted|p2a: Melmetal
|-damage|p2a: Melmetal|93/100
|-resisted|p2a: Melmetal
|-damage|p2a: Melmetal|89/100
|-resisted|p2a: Melmetal
|-damage|p2a: Melmetal|86/100
|-resisted|p2a: Melmetal
|-damage|p2a: Melmetal|82/100
|-hitcount|p2a: Melmetal|5
|cant|p2a: Melmetal|flinch
|
|upkeep
|turn|10
|j| youhuanbingshi
|
|t:|1611586129
|move|p1a: Cloyster|Icicle Spear|p2a: Melmetal
|-resisted|p2a: Melmetal
|-damage|p2a: Melmetal|78/100
|-resisted|p2a: Melmetal
|-damage|p2a: Melmetal|75/100
|-resisted|p2a: Melmetal
|-damage|p2a: Melmetal|72/100
|-resisted|p2a: Melmetal
|-damage|p2a: Melmetal|68/100
|-resisted|p2a: Melmetal
|-damage|p2a: Melmetal|64/100
|-hitcount|p2a: Melmetal|5
|move|p2a: Melmetal|Earthquake|p1a: Cloyster
|-damage|p1a: Cloyster|1/100
|
|upkeep
|turn|11
|
|t:|1611586141
|move|p1a: Cloyster|Icicle Spear|p2a: Melmetal
|-resisted|p2a: Melmetal
|-damage|p2a: Melmetal|61/100
|-resisted|p2a: Melmetal
|-damage|p2a: Melmetal|57/100
|-resisted|p2a: Melmetal
|-crit|p2a: Melmetal
|-damage|p2a: Melmetal|52/100
|-resisted|p2a: Melmetal
|-damage|p2a: Melmetal|48/100
|-resisted|p2a: Melmetal
|-damage|p2a: Melmetal|45/100
|-hitcount|p2a: Melmetal|5
|cant|p2a: Melmetal|flinch
|
|upkeep
|turn|12
|
|t:|1611586152
|move|p1a: Cloyster|Icicle Spear|p2a: Melmetal
|-resisted|p2a: Melmetal
|-damage|p2a: Melmetal|41/100
|-resisted|p2a: Melmetal
|-damage|p2a: Melmetal|38/100
|-resisted|p2a: Melmetal
|-damage|p2a: Melmetal|34/100
|-resisted|p2a: Melmetal
|-damage|p2a: Melmetal|31/100
|-resisted|p2a: Melmetal
|-damage|p2a: Melmetal|27/100
|-hitcount|p2a: Melmetal|5
|cant|p2a: Melmetal|flinch
|
|upkeep
|turn|13
|
|t:|1611586162
|move|p1a: Cloyster|Icicle Spear|p2a: Melmetal
|-resisted|p2a: Melmetal
|-damage|p2a: Melmetal|24/100
|-resisted|p2a: Melmetal
|-damage|p2a: Melmetal|20/100
|-resisted|p2a: Melmetal
|-damage|p2a: Melmetal|17/100
|-resisted|p2a: Melmetal
|-damage|p2a: Melmetal|13/100
|-resisted|p2a: Melmetal
|-damage|p2a: Melmetal|10/100
|-hitcount|p2a: Melmetal|5
|cant|p2a: Melmetal|flinch
|
|upkeep
|turn|14
|
|t:|1611586173
|move|p1a: Cloyster|Icicle Spear|p2a: Melmetal
|-resisted|p2a: Melmetal
|-damage|p2a: Melmetal|7/100
|-resisted|p2a: Melmetal
|-damage|p2a: Melmetal|3/100
|-resisted|p2a: Melmetal
|-damage|p2a: Melmetal|0 fnt
|-hitcount|p2a: Melmetal|3
|faint|p2a: Melmetal
|
|upkeep
|
|t:|1611586180
|switch|p2a: Zapdos|Zapdos-Galar|100/100
|turn|15
|c| ItsMehoe8732|Lol
|
|t:|1611586183
|move|p1a: Cloyster|Ice Shard|p2a: Zapdos
|-supereffective|p2a: Zapdos
|-damage|p2a: Zapdos|61/100
|move|p2a: Zapdos|Drill Peck|p1a: Cloyster
|-damage|p1a: Cloyster|0 fnt
|faint|p1a: Cloyster
|
|-heal|p2a: Zapdos|67/100|[from] item: Leftovers
|upkeep
|
|t:|1611586187
|switch|p1a: Slowbro|Slowbro-Galar, M|100/100
|turn|16
|
|t:|1611586196
|move|p2a: Zapdos|Thunderous Kick|p1a: Slowbro
|-resisted|p1a: Slowbro
|-damage|p1a: Slowbro|89/100
|-unboost|p1a: Slowbro|def|1
|move|p1a: Slowbro|Psyshock|p2a: Zapdos
|-supereffective|p2a: Zapdos
|-damage|p2a: Zapdos|0 fnt
|faint|p2a: Zapdos
|
|upkeep
|
|t:|1611586203
|switch|p2a: Tapu Koko|Tapu Koko|14/100
|-fieldstart|move: Electric Terrain|[from] ability: Electric Surge|[of] p2a: Tapu Koko
|turn|17
|
|t:|1611586208
|move|p2a: Tapu Koko|Volt Switch|p1a: Slowbro
|-damage|p1a: Slowbro|10/100
|
|t:|1611586210
|switch|p2a: Hatterene|Hatterene, F|100/100|[from]move: Volt Switch
|move|p1a: Slowbro|Shell Side Arm|p2a: Hatterene
|-supereffective|p2a: Hatterene
|-damage|p2a: Hatterene|7/100
|-hint|Special Shell Side Arm
|
|upkeep
|turn|18
|-activate|p1a: Slowbro|ability: Quick Draw
|
|t:|1611586217
|move|p1a: Slowbro|Shell Side Arm|p2a: Hatterene
|-supereffective|p2a: Hatterene
|-crit|p2a: Hatterene
|-damage|p2a: Hatterene|0 fnt
|-hint|Special Shell Side Arm
|faint|p2a: Hatterene
|
|upkeep
|c|☆LolzMachine|my pokemon are well trained what can i say
|
|t:|1611586223
|switch|p2a: Tapu Koko|Tapu Koko|14/100
|turn|19
|
|t:|1611586226
|move|p2a: Tapu Koko|Thunderbolt|p1a: Slowbro
|-damage|p1a: Slowbro|0 fnt
|faint|p1a: Slowbro
|
|upkeep
|
|t:|1611586228
|switch|p1a: Sirfetch’d|Sirfetch’d, F|100/100
|turn|20
|
|t:|1611586231
|move|p1a: Sirfetch’d|First Impression|p2a: Tapu Koko
|-resisted|p2a: Tapu Koko
|-damage|p2a: Tapu Koko|0 fnt
|faint|p2a: Tapu Koko
|
|win|LolzMachine
|l|☆Le-Perpetrator
|l| Cnfnmnt
|l| ItsMehoe8732
|l| tyresepennywhistle
||Ladder (probably) updated, but score could not be retrieved (Request timeout).
|l|☆LolzMachine
|l| youhuanbingshi
