|j|☆AJ∯Bolt∯HJ∯
|j|☆Kazt_5
|inactive|Battle timer is ON: inactive players will automatically lose when time's up.
|t:|1614463119
|player|p1|AJ∯Bolt∯HJ∯|gladion|
|player|p2|Kazt_5|dawn|
|teamsize|p1|6
|teamsize|p2|6
|gametype|singles
|gen|8
|tier|[Gen 8] OU
|rated|Tournament battle
|clearpoke
|poke|p1|Electivire, M|
|poke|p1|Lucario, M|
|poke|p1|Zoroark, F|
|poke|p1|Lycanroc-Dusk, M|
|poke|p1|Salamence, M|
|poke|p1|Gengar, M|
|poke|p2|Tapu Lele|
|poke|p2|Slowking-Galar, M|
|poke|p2|Urshifu-*, F|
|poke|p2|Corviknight, M|
|poke|p2|Dragapult, F|
|poke|p2|Swampert, M|
|rule|Sleep Clause Mod: Limit one foe put to sleep
|rule|Species Clause: Limit one of each Pokémon
|rule|OHKO Clause: OHKO moves are banned
|rule|Evasion Moves Clause: Evasion moves are banned
|rule|Endless Battle Clause: Forcing endless battles is banned
|rule|HP Percentage Mod: HP is shown in percentages
|rule|Dynamax Clause: You cannot dynamax
|teampreview
|j| ScruffyNerfHerdier
|c|☆Kazt_5|cursed name
|c|☆Kazt_5|hf
|inactive|Kazt_5 has 120 seconds left.
|c|☆AJ∯Bolt∯HJ∯|u2
|c|☆Kazt_5|fuck this isnt the team i wanted to use
|j| GreaterPlays
|inactive|AJ∯Bolt∯HJ∯ has 120 seconds left.
|l|☆Kazt_5
|inactive|Kazt_5 disconnected and has a minute to reconnect!
|player|p2|
|
|t:|1614463179
|start
|switch|p1a: Electro Bolt|Electivire, M|100/100
|switch|p2a: Dragapult|Dragapult, F|100/100
|turn|1
|j|☆Kazt_5
|inactive|Kazt_5 reconnected and has 145 seconds left.
|player|p2|Kazt_5|dawn
|
|t:|1614463197
|move|p2a: Dragapult|U-turn|p1a: Electro Bolt
|-supereffective|p1a: Electro Bolt
|-damage|p1a: Electro Bolt|6/100
|replace|p1a: Night Shadow|Zoroark, F
|-end|p1a: Night Shadow|Illusion
|
|t:|1614463203
|switch|p2a: Swampert|Swampert, M|100/100|[from]move: U-turn
|move|p1a: Night Shadow|Night Daze|p2a: Swampert
|-damage|p2a: Swampert|63/100
|-unboost|p2a: Swampert|accuracy|1
|-damage|p1a: Night Shadow|0 fnt|[from] item: Life Orb
|faint|p1a: Night Shadow
|
|-heal|p2a: Swampert|69/100|[from] item: Leftovers
|upkeep
|j| Pepinilloroxo
|
|t:|1614463223
|switch|p1a: Dragon Meteor|Salamence, M|100/100
|turn|2
|
|t:|1614463234
|switch|p2a: Dragapult|Dragapult, F|100/100
|move|p1a: Dragon Meteor|Dragon Claw|p2a: Dragapult
|-supereffective|p2a: Dragapult
|-damage|p2a: Dragapult|0 fnt
|faint|p2a: Dragapult
|-ability|p1a: Dragon Meteor|Moxie|boost
|-boost|p1a: Dragon Meteor|atk|1
|
|upkeep
|
|t:|1614463239
|switch|p2a: Swampert|Swampert, M|69/100
|turn|3
|
|t:|1614463248
|move|p1a: Dragon Meteor|Dragon Claw|p2a: Swampert
|-damage|p2a: Swampert|6/100
|move|p2a: Swampert|Toxic|p1a: Dragon Meteor
|-status|p1a: Dragon Meteor|tox
|
|-heal|p2a: Swampert|12/100|[from] item: Leftovers
|-damage|p1a: Dragon Meteor|94/100 tox|[from] psn
|upkeep
|turn|4
|
|t:|1614463261
|switch|p2a: Corviknight|Corviknight, M|100/100
|-ability|p2a: Corviknight|Pressure
|move|p1a: Dragon Meteor|Earthquake|p2a: Corviknight
|-immune|p2a: Corviknight
|
|-heal|p1a: Dragon Meteor|100/100 tox|[from] item: Leftovers
|-damage|p1a: Dragon Meteor|88/100 tox|[from] psn
|upkeep
|turn|5
|
|t:|1614463271
|switch|p1a: Lycan Edge|Lycanroc-Dusk, M|100/100
|move|p2a: Corviknight|Brave Bird|p1a: Lycan Edge
|-resisted|p1a: Lycan Edge
|-damage|p1a: Lycan Edge|68/100
|-damage|p2a: Corviknight|93/100|[from] Recoil
|
|upkeep
|turn|6
|
|t:|1614463281
|move|p1a: Lycan Edge|Close Combat|p2a: Corviknight
|-damage|p2a: Corviknight|52/100
|-unboost|p1a: Lycan Edge|def|1
|-unboost|p1a: Lycan Edge|spd|1
|-damage|p1a: Lycan Edge|51/100|[from] item: Rocky Helmet|[of] p2a: Corviknight
|-damage|p1a: Lycan Edge|41/100|[from] item: Life Orb
|move|p2a: Corviknight|U-turn|p1a: Lycan Edge
|-damage|p1a: Lycan Edge|7/100
|
|t:|1614463290
|switch|p2a: Urshifu|Urshifu-Rapid-Strike, F|100/100|[from]move: U-turn
|
|upkeep
|turn|7
|
|t:|1614463300
|move|p2a: Urshifu|Aqua Jet|p1a: Lycan Edge
|-supereffective|p1a: Lycan Edge
|-damage|p1a: Lycan Edge|0 fnt
|faint|p1a: Lycan Edge
|
|upkeep
|
|t:|1614463307
|switch|p1a: Dragon Meteor|Salamence, M|88/100 tox
|turn|8
|
|t:|1614463311
|switch|p2a: Corviknight|Corviknight, M|52/100
|-ability|p2a: Corviknight|Pressure
|move|p1a: Dragon Meteor|Dragon Claw|p2a: Corviknight
|-resisted|p2a: Corviknight
|-damage|p2a: Corviknight|40/100
|-damage|p1a: Dragon Meteor|72/100 tox|[from] item: Rocky Helmet|[of] p2a: Corviknight
|
|-heal|p1a: Dragon Meteor|78/100 tox|[from] item: Leftovers
|-damage|p1a: Dragon Meteor|72/100 tox|[from] psn
|upkeep
|turn|9
|
|t:|1614463315
|switch|p1a: Cario|Lucario, M|100/100
|move|p2a: Corviknight|Roost|p2a: Corviknight
|-heal|p2a: Corviknight|90/100
|-singleturn|p2a: Corviknight|move: Roost
|
|upkeep
|turn|10
|
|t:|1614463320
|move|p1a: Cario|Aura Sphere|p2a: Corviknight
|-damage|p2a: Corviknight|48/100
|-damage|p1a: Cario|91/100|[from] item: Life Orb
|move|p2a: Corviknight|U-turn|p1a: Cario
|-resisted|p1a: Cario
|-damage|p1a: Cario|83/100
|
|t:|1614463327
|switch|p2a: Urshifu|Urshifu-Rapid-Strike, F|100/100|[from]move: U-turn
|
|upkeep
|turn|11
|
|t:|1614463331
|switch|p1a: Dragon Meteor|Salamence, M|72/100 tox
|move|p2a: Urshifu|Surging Strikes|p1a: Dragon Meteor
|-resisted|p1a: Dragon Meteor
|-crit|p1a: Dragon Meteor
|-damage|p1a: Dragon Meteor|54/100 tox
|-resisted|p1a: Dragon Meteor
|-crit|p1a: Dragon Meteor
|-damage|p1a: Dragon Meteor|37/100 tox
|-resisted|p1a: Dragon Meteor
|-crit|p1a: Dragon Meteor
|-damage|p1a: Dragon Meteor|20/100 tox
|-hitcount|p1a: Dragon Meteor|3
|
|-heal|p1a: Dragon Meteor|26/100 tox|[from] item: Leftovers
|-damage|p1a: Dragon Meteor|20/100 tox|[from] psn
|upkeep
|turn|12
|
|t:|1614463339
|switch|p2a: Corviknight|Corviknight, M|48/100
|-ability|p2a: Corviknight|Pressure
|move|p1a: Dragon Meteor|Dragon Claw|p2a: Corviknight
|-resisted|p2a: Corviknight
|-damage|p2a: Corviknight|35/100
|-damage|p1a: Dragon Meteor|3/100 tox|[from] item: Rocky Helmet|[of] p2a: Corviknight
|
|-heal|p1a: Dragon Meteor|9/100 tox|[from] item: Leftovers
|-damage|p1a: Dragon Meteor|0 fnt|[from] psn
|faint|p1a: Dragon Meteor
|upkeep
|
|t:|1614463344
|switch|p1a: Shadow Ghost|Gengar, M|100/100
|turn|13
|
|t:|1614463355
|move|p1a: Shadow Ghost|Shadow Ball|p2a: Corviknight
|-damage|p2a: Corviknight|0 fnt
|-damage|p1a: Shadow Ghost|91/100|[from] item: Life Orb
|faint|p2a: Corviknight
|
|upkeep
|
|t:|1614463368
|switch|p2a: Slowking|Slowking-Galar, M|100/100
|turn|14
|
|t:|1614463374
|switch|p1a: Cario|Lucario, M|83/100
|move|p2a: Slowking|Future Sight|p1a: Cario
|-start|p2a: Slowking|move: Future Sight
|
|upkeep
|turn|15
|l| GreaterPlays
|
|t:|1614463387
|switch|p2a: Swampert|Swampert, M|12/100
|move|p1a: Cario|Earthquake|p2a: Swampert
|-damage|p2a: Swampert|0 fnt
|-damage|p1a: Cario|73/100|[from] item: Life Orb
|faint|p2a: Swampert
|
|upkeep
|
|t:|1614463391
|switch|p2a: Urshifu|Urshifu-Rapid-Strike, F|100/100
|turn|16
|
|t:|1614463394
|move|p2a: Urshifu|Surging Strikes|p1a: Cario
|-crit|p1a: Cario
|-damage|p1a: Cario|18/100
|-crit|p1a: Cario
|-damage|p1a: Cario|0 fnt
|-hitcount|p1a: Cario|2
|faint|p1a: Cario
|
|-hint|Future Sight did not hit because the target is fainted.
|upkeep
|
|t:|1614463401
|switch|p1a: Shadow Ghost|Gengar, M|91/100
|turn|17
|inactive|Kazt_5 has 120 seconds left.
|
|t:|1614463443
|move|p1a: Shadow Ghost|Thunderbolt|p2a: Urshifu
|-supereffective|p2a: Urshifu
|-damage|p2a: Urshifu|0 fnt
|-damage|p1a: Shadow Ghost|81/100|[from] item: Life Orb
|faint|p2a: Urshifu
|
|upkeep
|
|t:|1614463453
|switch|p2a: Slowking|Slowking-Galar, M|100/100
|turn|18
|
|t:|1614463461
|move|p1a: Shadow Ghost|Shadow Ball|p2a: Slowking
|-supereffective|p2a: Slowking
|-damage|p2a: Slowking|48/100
|-unboost|p2a: Slowking|spd|1
|-damage|p1a: Shadow Ghost|71/100|[from] item: Life Orb
|move|p2a: Slowking|Surf|p1a: Shadow Ghost
|-crit|p1a: Shadow Ghost
|-damage|p1a: Shadow Ghost|0 fnt
|-start|p2a: Slowking|Disable|Surf|[from] ability: Cursed Body|[of] p1a: Shadow Ghost
|faint|p1a: Shadow Ghost
|
|upkeep
|
|t:|1614463468
|switch|p1a: Electro Bolt|Electivire, M|100/100
|turn|19
|
|t:|1614463472
|move|p1a: Electro Bolt|Wild Charge|p2a: Slowking
|-damage|p2a: Slowking|0 fnt
|-damage|p1a: Electro Bolt|86/100|[from] Recoil
|-damage|p1a: Electro Bolt|76/100|[from] item: Life Orb
|faint|p2a: Slowking
|
|upkeep
|
|t:|1614463476
|switch|p2a: Tapu Lele|Tapu Lele|100/100
|-fieldstart|move: Psychic Terrain|[from] ability: Psychic Surge|[of] p2a: Tapu Lele
|turn|20
|c|☆AJ∯Bolt∯HJ∯|gg
|inactive|Kazt_5 has 120 seconds left.
|l| ScruffyNerfHerdier
|
|t:|1614463516
|move|p2a: Tapu Lele|Psyshock|p1a: Electro Bolt
|-damage|p1a: Electro Bolt|0 fnt
|faint|p1a: Electro Bolt
|
|win|Kazt_5
|n|☆AJ∯Bolt∯HJ∯|ajbolthj
|n|☆Kazt_5|kazt5
|n| Pepinilloroxo|pepinilloroxo
|c|☆Kazt_5|gg
|l|☆Kazt_5
