|raw|<div class="broadcast-blue"><strong>This battle is required to be public due to a player having a name starting with 'lt82zw'.</div>
|j|☆LT82ZW spooky
|j|☆BestixL
|t:|1626108263
|gametype|singles
|player|p1|LT82ZW spooky|#spookyz|1850
|player|p2|BestixL|dawn-gen4pt|1782
|teamsize|p1|6
|teamsize|p2|6
|gen|8
|tier|[Gen 8] OU
|rated|
|rule|Sleep Clause Mod: Limit one foe put to sleep
|rule|Species Clause: Limit one of each Pokémon
|rule|OHKO Clause: OHKO moves are banned
|rule|Evasion Moves Clause: Evasion moves are banned
|rule|Endless Battle Clause: Forcing endless battles is banned
|rule|HP Percentage Mod: HP is shown in percentages
|rule|Dynamax Clause: You cannot dynamax
|clearpoke
|poke|p1|Venusaur, M|
|poke|p1|Keldeo-Resolute|
|poke|p1|Skarmory, M|
|poke|p1|Blissey, F|
|poke|p1|Heatran, F|
|poke|p1|Bisharp, M|
|poke|p2|Slowking-Galar, M|
|poke|p2|Weavile, F|
|poke|p2|Landorus-Therian, M|
|poke|p2|Toxapex, M|
|poke|p2|Tapu Fini|
|poke|p2|Corviknight, M|
|teampreview
|j| Remote Revenge
|inactive|Battle timer is ON: inactive players will automatically lose when time's up. (requested by BestixL)
|j| Triplo Seed
|j| LT81YL Yelo
|inactive|BestixL has 120 seconds left.
|j| LT82ZW keval
|
|t:|1626108302
|start
|switch|p1a: Venusaur|Venusaur, M|100/100
|switch|p2a: no space|Landorus-Therian, M|100/100
|-ability|p2a: no space|Intimidate|boost
|-unboost|p1a: Venusaur|atk|1
|turn|1
|
|t:|1626108311
|move|p1a: Venusaur|Knock Off|p2a: no space
|-damage|p2a: no space|86/100
|-enditem|p2a: no space|Leftovers|[from] move: Knock Off|[of] p1a: Venusaur
|move|p2a: no space|Knock Off|p1a: Venusaur
|-damage|p1a: Venusaur|58/100
|-enditem|p1a: Venusaur|Black Sludge|[from] move: Knock Off|[of] p2a: no space
|
|upkeep
|turn|2
|
|t:|1626108317
|switch|p1a: Skarmory|Skarmory, M|100/100
|move|p2a: no space|Earthquake|p1a: Skarmory
|-immune|p1a: Skarmory
|
|upkeep
|turn|3
|
|t:|1626108330
|move|p2a: no space|Knock Off|p1a: Skarmory
|-damage|p1a: Skarmory|82/100
|-damage|p2a: no space|69/100|[from] item: Rocky Helmet|[of] p1a: Skarmory
|-enditem|p1a: Skarmory|Rocky Helmet|[from] move: Knock Off|[of] p2a: no space
|move|p1a: Skarmory|Spikes|p2a: no space
|-sidestart|p2: BestixL|Spikes
|
|upkeep
|turn|4
|
|t:|1626108336
|move|p2a: no space|U-turn|p1a: Skarmory
|-resisted|p1a: Skarmory
|-damage|p1a: Skarmory|79/100
|
|t:|1626108338
|switch|p2a: the reaper|Corviknight, M|100/100|[from]move: U-turn
|-ability|p2a: the reaper|Pressure
|move|p1a: Skarmory|Body Press|p2a: the reaper
|-damage|p2a: the reaper|82/100
|
|-heal|p2a: the reaper|88/100|[from] item: Leftovers
|upkeep
|turn|5
|j| LT82ZW MimikyuStar
|
|t:|1626108346
|switch|p1a: Heatran|Heatran, F|100/100
|move|p2a: the reaper|Body Press|p1a: Heatran
|-supereffective|p1a: Heatran
|-damage|p1a: Heatran|57/100
|
|-heal|p1a: Heatran|63/100|[from] item: Leftovers
|-heal|p2a: the reaper|94/100|[from] item: Leftovers
|upkeep
|turn|6
|l| Triplo Seed
|
|t:|1626108352
|switch|p2a: 2 soon|Slowking-Galar, M|100/100
|-damage|p2a: 2 soon|88/100|[from] Spikes
|move|p1a: Heatran|Stealth Rock|p2a: 2 soon
|-sidestart|p2: BestixL|move: Stealth Rock
|
|-heal|p1a: Heatran|69/100|[from] item: Leftovers
|upkeep
|turn|7
|
|t:|1626108365
|switch|p1a: Bisharp|Bisharp, M|100/100
|move|p2a: 2 soon|Earthquake|p1a: Bisharp
|-supereffective|p1a: Bisharp
|-damage|p1a: Bisharp|69/100
|
|-heal|p1a: Bisharp|75/100|[from] item: Leftovers
|upkeep
|turn|8
|c| LT82ZW MimikyuStar|spooky really used wk
|
|t:|1626108377
|switch|p2a: the reaper|Corviknight, M|94/100
|-damage|p2a: the reaper|82/100|[from] Stealth Rock
|-ability|p2a: the reaper|Pressure
|move|p1a: Bisharp|Knock Off|p2a: the reaper
|-damage|p2a: the reaper|50/100
|-enditem|p2a: the reaper|Leftovers|[from] move: Knock Off|[of] p1a: Bisharp
|
|-heal|p1a: Bisharp|81/100|[from] item: Leftovers
|upkeep
|turn|9
|j| itzb
|
|t:|1626108383
|switch|p1a: Heatran|Heatran, F|69/100
|move|p2a: the reaper|Roost|p2a: the reaper
|-heal|p2a: the reaper|99/100
|-singleturn|p2a: the reaper|move: Roost
|
|-heal|p1a: Heatran|75/100|[from] item: Leftovers
|upkeep
|turn|10
|c| itzb|dayum
|
|t:|1626108402
|switch|p2a: 2 soon|Slowking-Galar, M|100/100
|-damage|p2a: 2 soon|88/100|[from] Spikes
|-damage|p2a: 2 soon|76/100|[from] Stealth Rock
|move|p1a: Heatran|Lava Plume|p2a: 2 soon
|-damage|p2a: 2 soon|60/100
|-status|p2a: 2 soon|brn
|
|-heal|p1a: Heatran|82/100|[from] item: Leftovers
|-damage|p2a: 2 soon|54/100 brn|[from] brn
|upkeep
|turn|11
|
|t:|1626108426
|switch|p1a: Blissey|Blissey, F|100/100
|switch|p2a: Itsuki|Tapu Fini|100/100
|-damage|p2a: Itsuki|88/100|[from] Spikes
|-damage|p2a: Itsuki|76/100|[from] Stealth Rock
|-fieldstart|move: Misty Terrain|[from] ability: Misty Surge|[of] p2a: Itsuki
|
|-heal|p2a: Itsuki|82/100|[from] item: Leftovers
|upkeep
|turn|12
|
|t:|1626108437
|switch|p2a: just friends|Toxapex, M|100/100
|-damage|p2a: just friends|88/100|[from] Stealth Rock
|-damage|p2a: just friends|75/100|[from] Spikes
|switch|p1a: Venusaur|Venusaur, M|58/100
|
|upkeep
|turn|13
|
|t:|1626108445
|switch|p1a: Blissey|Blissey, F|100/100
|switch|p2a: the reaper|Corviknight, M|99/100
|-damage|p2a: the reaper|88/100|[from] Stealth Rock
|-ability|p2a: the reaper|Pressure
|
|upkeep
|turn|14
|
|t:|1626108449
|move|p2a: the reaper|Defog|p1a: Blissey
|-unboost|p1a: Blissey|evasion|1
|-sideend|p2: BestixL|Spikes|[from] move: Defog|[of] p2a: the reaper
|-sideend|p2: BestixL|Stealth Rock|[from] move: Defog|[of] p2a: the reaper
|-fieldend|Misty Terrain
|move|p1a: Blissey|Thunder Wave|p2a: the reaper
|-status|p2a: the reaper|par
|
|upkeep
|turn|15
|j| LT82ZW Ayante
|
|t:|1626108473
|switch|p1a: Heatran|Heatran, F|82/100
|move|p2a: the reaper|Body Press|p1a: Heatran
|-supereffective|p1a: Heatran
|-damage|p1a: Heatran|34/100
|
|-heal|p1a: Heatran|40/100|[from] item: Leftovers
|upkeep
|turn|16
|inactive|BestixL has 120 seconds left.
|
|t:|1626108495
|move|p1a: Heatran|Lava Plume|p2a: the reaper
|-supereffective|p2a: the reaper
|-damage|p2a: the reaper|26/100 par
|move|p2a: the reaper|Body Press|p1a: Heatran
|-supereffective|p1a: Heatran
|-damage|p1a: Heatran|0 fnt
|faint|p1a: Heatran
|
|upkeep
|
|t:|1626108502
|switch|p1a: Keldeo|Keldeo-Resolute|100/100
|turn|17
|
|t:|1626108513
|switch|p2a: Itsuki|Tapu Fini|82/100
|-fieldstart|move: Misty Terrain|[from] ability: Misty Surge|[of] p2a: Itsuki
|move|p1a: Keldeo|Scald|p2a: Itsuki
|-resisted|p2a: Itsuki
|-damage|p2a: Itsuki|66/100
|
|-heal|p2a: Itsuki|73/100|[from] item: Leftovers
|upkeep
|turn|18
|l| LT82ZW Ayante
|
|t:|1626108521
|switch|p1a: Blissey|Blissey, F|100/100
|move|p2a: Itsuki|Calm Mind|p2a: Itsuki
|-boost|p2a: Itsuki|spa|1
|-boost|p2a: Itsuki|spd|1
|
|-heal|p2a: Itsuki|79/100|[from] item: Leftovers
|upkeep
|turn|19
|
|t:|1626108548
|switch|p2a: just friends|Toxapex, M|100/100
|move|p1a: Blissey|Seismic Toss|p2a: just friends
|-damage|p2a: just friends|68/100
|-damage|p1a: Blissey|84/100|[from] item: Rocky Helmet|[of] p2a: just friends
|
|upkeep
|turn|20
|
|t:|1626108556
|move|p1a: Blissey|Seismic Toss|p2a: just friends
|-damage|p2a: just friends|35/100
|-damage|p1a: Blissey|67/100|[from] item: Rocky Helmet|[of] p2a: just friends
|move|p2a: just friends|Knock Off|p1a: Blissey
|-damage|p1a: Blissey|53/100
|-enditem|p1a: Blissey|Heavy-Duty Boots|[from] move: Knock Off|[of] p2a: just friends
|
|upkeep
|turn|21
|
|t:|1626108561
|move|p1a: Blissey|Soft-Boiled|p1a: Blissey
|-heal|p1a: Blissey|100/100
|move|p2a: just friends|Recover|p2a: just friends
|-heal|p2a: just friends|85/100
|
|-fieldend|Misty Terrain
|upkeep
|turn|22
|
|t:|1626108572
|move|p1a: Blissey|Thunder Wave|p2a: just friends
|-status|p2a: just friends|par
|move|p2a: just friends|Scald|p1a: Blissey
|-damage|p1a: Blissey|94/100
|
|upkeep
|turn|23
|j| ShadowXwodahS
|j| chatchatchamaracas
|
|t:|1626108593
|move|p1a: Blissey|Seismic Toss|p2a: just friends
|-damage|p2a: just friends|52/100 par
|-damage|p1a: Blissey|78/100|[from] item: Rocky Helmet|[of] p2a: just friends
|move|p2a: just friends|Scald|p1a: Blissey
|-damage|p1a: Blissey|72/100
|
|upkeep
|turn|24
|
|t:|1626108599
|switch|p1a: Venusaur|Venusaur, M|58/100
|move|p2a: just friends|Recover|p2a: just friends
|-heal|p2a: just friends|100/100 par
|
|upkeep
|turn|25
|
|t:|1626108602
|move|p1a: Venusaur|Swords Dance|p1a: Venusaur
|-boost|p1a: Venusaur|atk|2
|move|p2a: just friends|Scald|p1a: Venusaur
|-resisted|p1a: Venusaur
|-damage|p1a: Venusaur|49/100
|
|upkeep
|turn|26
|
|t:|1626108608
|move|p1a: Venusaur|Earthquake|p2a: just friends
|-supereffective|p2a: just friends
|-damage|p2a: just friends|18/100 par
|move|p2a: just friends|Haze|p2a: just friends
|-clearallboost
|
|upkeep
|turn|27
|
|t:|1626108612
|switch|p2a: the reaper|Corviknight, M|26/100 par
|-ability|p2a: the reaper|Pressure
|move|p1a: Venusaur|Power Whip|p2a: the reaper
|-resisted|p2a: the reaper
|-damage|p2a: the reaper|18/100 par
|
|upkeep
|turn|28
|
|t:|1626108615
|move|p1a: Venusaur|Swords Dance|p1a: Venusaur
|-boost|p1a: Venusaur|atk|2
|move|p2a: the reaper|Roost|p2a: the reaper
|-heal|p2a: the reaper|68/100 par
|-singleturn|p2a: the reaper|move: Roost
|
|upkeep
|turn|29
|
|t:|1626108617
|move|p1a: Venusaur|Knock Off|p2a: the reaper
|-damage|p2a: the reaper|45/100 par
|move|p2a: the reaper|Iron Defense|p2a: the reaper
|-boost|p2a: the reaper|def|2
|
|upkeep
|turn|30
|
|t:|1626108622
|switch|p1a: Keldeo|Keldeo-Resolute|100/100
|cant|p2a: the reaper|par
|
|upkeep
|turn|31
|
|t:|1626108630
|switch|p1a: Bisharp|Bisharp, M|81/100
|switch|p2a: Itsuki|Tapu Fini|79/100
|-fieldstart|move: Misty Terrain|[from] ability: Misty Surge|[of] p2a: Itsuki
|
|-heal|p2a: Itsuki|85/100|[from] item: Leftovers
|-heal|p1a: Bisharp|87/100|[from] item: Leftovers
|upkeep
|turn|32
|j| LT82ZW stareal
|c| itzb|sd venu goat set
|inactive|BestixL has 120 seconds left.
|n| hodoku|hodoku
|l| hodoku
|inactive|BestixL has 90 seconds left.
|
|t:|1626108695
|switch|p2a: the reaper|Corviknight, M|45/100 par
|-ability|p2a: the reaper|Pressure
|move|p1a: Bisharp|Swords Dance|p1a: Bisharp
|-boost|p1a: Bisharp|atk|2
|
|-heal|p1a: Bisharp|93/100|[from] item: Leftovers
|upkeep
|turn|33
|l| LT82ZW keval
|
|t:|1626108712
|move|p1a: Bisharp|Sucker Punch|p2a: the reaper
|-crit|p2a: the reaper
|-damage|p2a: the reaper|0 fnt
|faint|p2a: the reaper
|
|-heal|p1a: Bisharp|99/100|[from] item: Leftovers
|upkeep
|l| chatchatchamaracas
|c|☆BestixL|yo
|l| LT82ZW stareal
|inactive|BestixL has 90 seconds left.
|l| LT81YL Yelo
|
|t:|1626108745
|switch|p2a: no space|Landorus-Therian, M|69/100
|-ability|p2a: no space|Intimidate|boost
|-unboost|p1a: Bisharp|atk|1
|-ability|p1a: Bisharp|Defiant
|-boost|p1a: Bisharp|atk|2
|turn|34
|
|t:|1626108756
|move|p1a: Bisharp|Sucker Punch||[still]
|-fail|p1a: Bisharp
|move|p2a: no space|Stealth Rock|p1a: Bisharp
|-sidestart|p1: LT82ZW spooky|move: Stealth Rock
|
|-heal|p1a: Bisharp|100/100|[from] item: Leftovers
|upkeep
|turn|35
|
|t:|1626108772
|move|p2a: no space|Stealth Rock||[still]
|-fail|p2a: no space
|move|p1a: Bisharp|Knock Off|p2a: no space
|-damage|p2a: no space|0 fnt
|faint|p2a: no space
|
|-fieldend|Misty Terrain
|upkeep
|inactive|BestixL has 60 seconds left.
|
|t:|1626108815
|switch|p2a: Yotsuba|Weavile, F|100/100
|-ability|p2a: Yotsuba|Pressure
|turn|36
|
|t:|1626108820
|move|p2a: Yotsuba|Knock Off|p1a: Bisharp
|-resisted|p1a: Bisharp
|-damage|p1a: Bisharp|75/100
|-enditem|p1a: Bisharp|Leftovers|[from] move: Knock Off|[of] p2a: Yotsuba
|move|p1a: Bisharp|Iron Head|p2a: Yotsuba
|-supereffective|p2a: Yotsuba
|-damage|p2a: Yotsuba|0 fnt
|faint|p2a: Yotsuba
|
|upkeep
|
|t:|1626108824
|switch|p2a: Itsuki|Tapu Fini|85/100
|-fieldstart|move: Misty Terrain|[from] ability: Misty Surge|[of] p2a: Itsuki
|turn|37
|inactive|BestixL has 60 seconds left.
|
|t:|1626108835
|move|p2a: Itsuki|Scald|p1a: Bisharp
|-crit|p1a: Bisharp
|-damage|p1a: Bisharp|22/100
|move|p1a: Bisharp|Iron Head|p2a: Itsuki
|-damage|p2a: Itsuki|6/100
|
|-heal|p2a: Itsuki|12/100|[from] item: Leftovers
|upkeep
|turn|38
|inactive|BestixL has 60 seconds left.
|
|t:|1626108850
|move|p2a: Itsuki|Scald|p1a: Bisharp
|-damage|p1a: Bisharp|0 fnt
|faint|p1a: Bisharp
|
|-heal|p2a: Itsuki|18/100|[from] item: Leftovers
|upkeep
|
|t:|1626108857
|switch|p1a: Venusaur|Venusaur, M|49/100
|-damage|p1a: Venusaur|36/100|[from] Stealth Rock
|turn|39
|
|t:|1626108863
|move|p1a: Venusaur|Swords Dance|p1a: Venusaur
|-boost|p1a: Venusaur|atk|2
|move|p2a: Itsuki|Calm Mind|p2a: Itsuki
|-boost|p2a: Itsuki|spa|1
|-boost|p2a: Itsuki|spd|1
|
|-heal|p2a: Itsuki|24/100|[from] item: Leftovers
|upkeep
|turn|40
|-message|BestixL forfeited.
|
|win|LT82ZW spooky
|raw|LT82ZW spooky's rating: 1841 &rarr; <strong>1858</strong><br />(+17 for winning)
|raw|BestixL's rating: 1781 &rarr; <strong>1764</strong><br />(-17 for losing)
|l|☆BestixL
|l| itzb
||Ladder isn't responding, score probably updated but might not have (Request timeout).
