|j|☆Testing Voltage
|j|☆shiawasenostory
|t:|1663550600
|gametype|singles
|player|p1|Testing Voltage|juggler|1772
|player|p2|shiawasenostory|265|1828
|teamsize|p1|6
|teamsize|p2|6
|gen|8
|tier|[Gen 8] OU
|rated|
|rule|Sleep Clause Mod: Limit one foe put to sleep
|rule|Species Clause: Limit one of each Pokémon
|rule|OHKO Clause: OHKO moves are banned
|rule|Evasion Items Clause: Evasion items are banned
|rule|Evasion Moves Clause: Evasion moves are banned
|rule|Endless Battle Clause: Forcing endless battles is banned
|rule|HP Percentage Mod: HP is shown in percentages
|rule|Dynamax Clause: You cannot dynamax
|clearpoke
|poke|p1|Garchomp, M|
|poke|p1|Mandibuzz, F|
|poke|p1|Ferrothorn, M|
|poke|p1|Slowking-Galar, F|
|poke|p1|Raichu-Alola, F|
|poke|p1|Tapu Koko|
|poke|p2|Rillaboom, F|
|poke|p2|Tornadus-Therian, M|
|poke|p2|Blaziken, M|
|poke|p2|Melmetal|
|poke|p2|Garchomp, M|
|poke|p2|Slowbro, M|
|teampreview
|j| Smash Time steez
|l| Smash Time steez
|
|t:|1663550614
|start
|switch|p1a: Booker|Tapu Koko|100/100
|switch|p2a: Rillaboom|Rillaboom, F|100/100
|-fieldstart|move: Electric Terrain|[from] ability: Electric Surge|[of] p1a: Booker
|-fieldstart|move: Grassy Terrain|[from] ability: Grassy Surge|[of] p2a: Rillaboom
|turn|1
|
|t:|1663550626
|switch|p1a: Croft|Mandibuzz, F|100/100
|move|p2a: Rillaboom|Knock Off|p1a: Croft
|-resisted|p1a: Croft
|-damage|p1a: Croft|89/100
|-enditem|p1a: Croft|Heavy-Duty Boots|[from] move: Knock Off|[of] p2a: Rillaboom
|
|upkeep
|turn|2
|
|t:|1663550630
|switch|p2a: Tornadus|Tornadus-Therian, M|100/100
|move|p1a: Croft|U-turn|p2a: Tornadus
|-resisted|p2a: Tornadus
|-damage|p2a: Tornadus|94/100
|
|t:|1663550632
|switch|p1a: Booker|Tapu Koko|100/100|[from]move: U-turn
|-fieldstart|move: Electric Terrain|[from] ability: Electric Surge|[of] p1a: Booker
|
|upkeep
|turn|3
|j| GaryStan
|
|t:|1663550662
|switch|p2a: Rillaboom|Rillaboom, F|100/100
|-fieldstart|move: Grassy Terrain|[from] ability: Grassy Surge|[of] p2a: Rillaboom
|move|p1a: Booker|U-turn|p2a: Rillaboom
|-supereffective|p2a: Rillaboom
|-damage|p2a: Rillaboom|69/100
|
|t:|1663550665
|switch|p1a: Croft|Mandibuzz, F|89/100|[from]move: U-turn
|
|-heal|p2a: Rillaboom|76/100|[from] Grassy Terrain
|-heal|p2a: Rillaboom|82/100|[from] item: Leftovers
|upkeep
|turn|4
|
|t:|1663550669
|switch|p2a: Slowbro|Slowbro, M|100/100
|move|p1a: Croft|U-turn|p2a: Slowbro
|-supereffective|p2a: Slowbro
|-damage|p2a: Slowbro|87/100
|-damage|p1a: Croft|72/100|[from] item: Rocky Helmet|[of] p2a: Slowbro
|
|t:|1663550671
|switch|p1a: Booker|Tapu Koko|100/100|[from]move: U-turn
|-fieldstart|move: Electric Terrain|[from] ability: Electric Surge|[of] p1a: Booker
|
|upkeep
|turn|5
|
|t:|1663550676
|switch|p2a: Garchomp|Garchomp, M|100/100
|move|p1a: Booker|Dazzling Gleam|p2a: Garchomp
|-supereffective|p2a: Garchomp
|-damage|p2a: Garchomp|54/100
|
|-heal|p2a: Garchomp|61/100|[from] item: Leftovers
|upkeep
|turn|6
|
|t:|1663550695
|switch|p1a: Croft|Mandibuzz, F|72/100
|move|p2a: Garchomp|Protect||[still]
|-fail|p2a: Garchomp
|
|-heal|p2a: Garchomp|67/100|[from] item: Leftovers
|upkeep
|turn|7
|
|t:|1663550700
|switch|p2a: Slowbro|Slowbro, M|100/100
|move|p1a: Croft|Roost|p1a: Croft
|-heal|p1a: Croft|100/100
|-singleturn|p1a: Croft|move: Roost
|
|upkeep
|turn|8
|
|t:|1663550712
|move|p1a: Croft|Foul Play|p2a: Slowbro
|-supereffective|p2a: Slowbro
|-damage|p2a: Slowbro|73/100
|-damage|p1a: Croft|84/100|[from] item: Rocky Helmet|[of] p2a: Slowbro
|move|p2a: Slowbro|Toxic|p1a: Croft
|-status|p1a: Croft|tox
|
|-damage|p1a: Croft|78/100 tox|[from] psn
|upkeep
|turn|9
|
|t:|1663550717
|switch|p1a: Booker|Tapu Koko|100/100
|move|p2a: Slowbro|Teleport|p2a: Slowbro
|
|t:|1663550719
|switch|p2a: Rillaboom|Rillaboom, F|82/100|[from]move: Teleport
|-fieldstart|move: Grassy Terrain|[from] ability: Grassy Surge|[of] p2a: Rillaboom
|
|-heal|p2a: Rillaboom|88/100|[from] Grassy Terrain
|-heal|p2a: Rillaboom|94/100|[from] item: Leftovers
|upkeep
|turn|10
|
|t:|1663550728
|move|p2a: Rillaboom|Grassy Glide|p1a: Booker
|-damage|p1a: Booker|29/100
|move|p1a: Booker|U-turn|p2a: Rillaboom
|-supereffective|p2a: Rillaboom
|-damage|p2a: Rillaboom|65/100
|
|t:|1663550734
|switch|p1a: Croft|Mandibuzz, F|78/100 tox|[from]move: U-turn
|
|-heal|p2a: Rillaboom|72/100|[from] Grassy Terrain
|-heal|p2a: Rillaboom|78/100|[from] item: Leftovers
|-damage|p1a: Croft|72/100 tox|[from] psn
|upkeep
|turn|11
|
|t:|1663550742
|switch|p2a: Tornadus|Tornadus-Therian, M|100/100
|switch|p1a: Booker|Tapu Koko|29/100
|-fieldstart|move: Electric Terrain|[from] ability: Electric Surge|[of] p1a: Booker
|
|upkeep
|turn|12
|
|t:|1663550763
|switch|p2a: Garchomp|Garchomp, M|67/100
|move|p1a: Booker|Roost|p1a: Booker
|-heal|p1a: Booker|79/100
|-singleturn|p1a: Booker|move: Roost
|
|-heal|p2a: Garchomp|73/100|[from] item: Leftovers
|upkeep
|turn|13
|j| darkcloud1986
|
|t:|1663550772
|switch|p1a: Crane|Garchomp, M|100/100
|move|p2a: Garchomp|Stealth Rock|p1a: Crane
|-sidestart|p1: Testing Voltage|move: Stealth Rock
|
|-heal|p2a: Garchomp|79/100|[from] item: Leftovers
|upkeep
|turn|14
|
|t:|1663550777
|switch|p2a: Rillaboom|Rillaboom, F|78/100
|-fieldstart|move: Grassy Terrain|[from] ability: Grassy Surge|[of] p2a: Rillaboom
|move|p1a: Crane|Stealth Rock|p2a: Rillaboom
|-sidestart|p2: shiawasenostory|move: Stealth Rock
|
|-heal|p2a: Rillaboom|84/100|[from] Grassy Terrain
|-heal|p2a: Rillaboom|90/100|[from] item: Leftovers
|upkeep
|turn|15
|
|t:|1663550786
|switch|p2a: Tornadus|Tornadus-Therian, M|100/100
|move|p1a: Crane|Stone Edge|p2a: Tornadus|[miss]
|-miss|p1a: Crane|p2a: Tornadus
|
|upkeep
|turn|16
|
|t:|1663550793
|move|p2a: Tornadus|U-turn|p1a: Crane
|-damage|p1a: Crane|86/100
|-damage|p2a: Tornadus|88/100|[from] ability: Rough Skin|[of] p1a: Crane
|
|t:|1663550802
|switch|p2a: Melmetal|Melmetal|100/100|[from]move: U-turn
|-damage|p2a: Melmetal|94/100|[from] Stealth Rock
|move|p1a: Crane|Swords Dance|p1a: Crane
|-boost|p1a: Crane|atk|2
|
|-heal|p1a: Crane|92/100|[from] Grassy Terrain
|-heal|p2a: Melmetal|100/100|[from] Grassy Terrain
|upkeep
|turn|17
|
|t:|1663550811
|move|p1a: Crane|Earthquake|p2a: Melmetal
|-supereffective|p2a: Melmetal
|-damage|p2a: Melmetal|34/100
|move|p2a: Melmetal|Double Iron Bash|p1a: Crane
|-damage|p1a: Crane|48/100
|-damage|p2a: Melmetal|21/100|[from] ability: Rough Skin|[of] p1a: Crane
|-damage|p1a: Crane|5/100
|-damage|p2a: Melmetal|9/100|[from] ability: Rough Skin|[of] p1a: Crane
|-hitcount|p1a: Crane|2
|
|-heal|p1a: Crane|11/100|[from] Grassy Terrain
|-heal|p2a: Melmetal|15/100|[from] Grassy Terrain
|-heal|p2a: Melmetal|21/100|[from] item: Leftovers
|upkeep
|turn|18
|
|t:|1663550828
|switch|p2a: Tornadus|Tornadus-Therian, M|100/100
|move|p1a: Crane|Stone Edge|p2a: Tornadus
|-supereffective|p2a: Tornadus
|-crit|p2a: Tornadus
|-damage|p2a: Tornadus|0 fnt
|faint|p2a: Tornadus
|
|-heal|p1a: Crane|18/100|[from] Grassy Terrain
|-fieldend|move: Grassy Terrain
|upkeep
|-message|shiawasenostory forfeited.
|
|win|Testing Voltage
|raw|Testing Voltage's rating: 1772 &rarr; <strong>1795</strong><br />(+23 for winning)
|raw|shiawasenostory's rating: 1828 &rarr; <strong>1805</strong><br />(-23 for losing)
|l|☆shiawasenostory
||Ladder isn't responding, score probably updated but might not have (Request timeout).
