|j|☆demgeilem
|j|‽testingbot42o
|t:|1667901555
|gametype|singles
|player|p1|demgeilem|ethan-masters|1388
|player|p2|testingbot42o|2|1331
|teamsize|p1|6
|teamsize|p2|6
|gen|8
|tier|[Gen 8] OU
|rated|
|rule|Sleep Clause Mod: Limit one foe put to sleep
|rule|Species Clause: Limit one of each Pokémon
|rule|OHKO Clause: OHKO moves are banned
|rule|Evasion Items Clause: Evasion items are banned
|rule|Evasion Moves Clause: Evasion moves are banned
|rule|Endless Battle Clause: Forcing endless battles is banned
|rule|HP Percentage Mod: HP is shown in percentages
|rule|Dynamax Clause: You cannot dynamax
|clearpoke
|poke|p1|Melmetal|
|poke|p1|Dragapult, F|
|poke|p1|Slowbro, M|
|poke|p1|Clefable, M|
|poke|p1|Landorus-Therian, M|
|poke|p1|Buzzwole|
|poke|p2|Clefable, F|
|poke|p2|Corviknight, F|
|poke|p2|Hydreigon, M|
|poke|p2|Rotom-Wash|
|poke|p2|Hippowdon, M|
|poke|p2|Excadrill, F|
|teampreview
|inactive|Battle timer is ON: inactive players will automatically lose when time's up. (requested by testingbot42o)
|
|t:|1667901568
|start
|switch|p1a: Clefable|Clefable, M|100/100
|switch|p2a: Rotom|Rotom-Wash|100/100
|turn|1
|
|t:|1667901572
|move|p2a: Rotom|Volt Switch|p1a: Clefable
|-damage|p1a: Clefable|77/100
|
|t:|1667901573
|switch|p2a: Hippowdon|Hippowdon, M|100/100|[from]move: Volt Switch
|-weather|Sandstorm|[from] ability: Sand Stream|[of] p2a: Hippowdon
|move|p1a: Clefable|Stealth Rock|p2a: Hippowdon
|-sidestart|p2: testingbot42o|move: Stealth Rock
|
|-weather|Sandstorm|[upkeep]
|-heal|p1a: Clefable|83/100|[from] item: Leftovers
|upkeep
|turn|2
|
|t:|1667901581
|switch|p1a: Slowbro|Slowbro, M, shiny|100/100
|move|p2a: Hippowdon|Stealth Rock|p1a: Slowbro
|-sidestart|p1: demgeilem|move: Stealth Rock
|
|-weather|Sandstorm|[upkeep]
|-damage|p1a: Slowbro|94/100|[from] Sandstorm
|upkeep
|turn|3
|
|t:|1667901587
|switch|p2a: Corviknight|Corviknight, F|100/100
|-damage|p2a: Corviknight|88/100|[from] Stealth Rock
|-ability|p2a: Corviknight|Pressure
|move|p1a: Slowbro|Scald|p2a: Corviknight
|-damage|p2a: Corviknight|60/100
|
|-weather|Sandstorm|[upkeep]
|-damage|p1a: Slowbro|88/100|[from] Sandstorm
|-heal|p2a: Corviknight|66/100|[from] item: Leftovers
|upkeep
|turn|4
|
|t:|1667901595
|move|p2a: Corviknight|Roost|p2a: Corviknight
|-heal|p2a: Corviknight|100/100
|-singleturn|p2a: Corviknight|move: Roost
|move|p1a: Slowbro|Scald|p2a: Corviknight
|-damage|p2a: Corviknight|73/100
|-status|p2a: Corviknight|brn
|
|-weather|Sandstorm|[upkeep]
|-damage|p1a: Slowbro|82/100|[from] Sandstorm
|-heal|p2a: Corviknight|79/100 brn|[from] item: Leftovers
|-damage|p2a: Corviknight|73/100 brn|[from] brn
|upkeep
|turn|5
|
|t:|1667901599
|move|p2a: Corviknight|Roost|p2a: Corviknight
|-heal|p2a: Corviknight|100/100 brn
|-singleturn|p2a: Corviknight|move: Roost
|move|p1a: Slowbro|Future Sight|p2a: Corviknight
|-start|p1a: Slowbro|move: Future Sight
|
|-weather|Sandstorm|[upkeep]
|-damage|p1a: Slowbro|76/100|[from] Sandstorm
|-damage|p2a: Corviknight|94/100 brn|[from] brn
|upkeep
|turn|6
|
|t:|1667901603
|move|p2a: Corviknight|Bulk Up|p2a: Corviknight
|-boost|p2a: Corviknight|atk|1
|-boost|p2a: Corviknight|def|1
|move|p1a: Slowbro|Teleport|p1a: Slowbro
|
|t:|1667901607
|switch|p1a: Dragapult|Dragapult, F|100/100|[from]move: Teleport
|-damage|p1a: Dragapult|88/100|[from] Stealth Rock
|
|-weather|Sandstorm|[upkeep]
|-damage|p1a: Dragapult|82/100|[from] Sandstorm
|-heal|p2a: Corviknight|100/100 brn|[from] item: Leftovers
|-damage|p2a: Corviknight|94/100 brn|[from] brn
|upkeep
|turn|7
|
|t:|1667901613
|move|p1a: Dragapult|Shadow Ball|p2a: Corviknight
|-damage|p2a: Corviknight|39/100 brn
|move|p2a: Corviknight|Roost|p2a: Corviknight
|-heal|p2a: Corviknight|89/100 brn
|-singleturn|p2a: Corviknight|move: Roost
|
|-weather|Sandstorm|[upkeep]
|-damage|p1a: Dragapult|76/100|[from] Sandstorm
|-end|p2a: Corviknight|move: Future Sight
|-resisted|p2a: Corviknight
|-damage|p2a: Corviknight|68/100 brn
|-heal|p2a: Corviknight|75/100 brn|[from] item: Leftovers
|-damage|p2a: Corviknight|68/100 brn|[from] brn
|upkeep
|turn|8
|
|t:|1667901617
|move|p1a: Dragapult|Shadow Ball|p2a: Corviknight
|-damage|p2a: Corviknight|11/100 brn
|move|p2a: Corviknight|Roost|p2a: Corviknight
|-heal|p2a: Corviknight|61/100 brn
|-singleturn|p2a: Corviknight|move: Roost
|
|-weather|none
|-heal|p2a: Corviknight|68/100 brn|[from] item: Leftovers
|-damage|p2a: Corviknight|61/100 brn|[from] brn
|upkeep
|turn|9
|
|t:|1667901621
|move|p1a: Dragapult|Shadow Ball|p2a: Corviknight
|-damage|p2a: Corviknight|6/100 brn
|move|p2a: Corviknight|Roost|p2a: Corviknight
|-heal|p2a: Corviknight|56/100 brn
|-singleturn|p2a: Corviknight|move: Roost
|
|-heal|p2a: Corviknight|62/100 brn|[from] item: Leftovers
|-damage|p2a: Corviknight|56/100 brn|[from] brn
|upkeep
|turn|10
|
|t:|1667901625
|move|p1a: Dragapult|Shadow Ball|p2a: Corviknight
|-damage|p2a: Corviknight|0 fnt
|faint|p2a: Corviknight
|
|upkeep
|
|t:|1667901625
|switch|p2a: Hydreigon|Hydreigon, M|100/100
|-damage|p2a: Hydreigon|88/100|[from] Stealth Rock
|turn|11
|
|t:|1667901629
|switch|p1a: Clefable|Clefable, M|83/100
|move|p2a: Hydreigon|Substitute|p2a: Hydreigon
|-start|p2a: Hydreigon|Substitute
|-damage|p2a: Hydreigon|63/100
|
|-heal|p2a: Hydreigon|69/100|[from] item: Leftovers
|-heal|p1a: Clefable|89/100|[from] item: Leftovers
|upkeep
|turn|12
|
|t:|1667901633
|move|p2a: Hydreigon|Flash Cannon|p1a: Clefable
|-supereffective|p1a: Clefable
|-crit|p1a: Clefable
|-damage|p1a: Clefable|31/100
|move|p1a: Clefable|Moonblast|p2a: Hydreigon
|-supereffective|p2a: Hydreigon
|-end|p2a: Hydreigon|Substitute
|
|-heal|p2a: Hydreigon|76/100|[from] item: Leftovers
|-heal|p1a: Clefable|37/100|[from] item: Leftovers
|upkeep
|turn|13
|
|t:|1667901638
|switch|p2a: Excadrill|Excadrill, F|100/100
|-damage|p2a: Excadrill|97/100|[from] Stealth Rock
|move|p1a: Clefable|Soft-Boiled|p1a: Clefable
|-heal|p1a: Clefable|87/100
|
|-heal|p1a: Clefable|93/100|[from] item: Leftovers
|upkeep
|turn|14
|
|t:|1667901643
|switch|p1a: Landorus|Landorus-Therian, M|100/100
|-damage|p1a: Landorus|88/100|[from] Stealth Rock
|-ability|p1a: Landorus|Intimidate|boost
|-unboost|p2a: Excadrill|atk|1
|move|p2a: Excadrill|Earthquake|p1a: Landorus
|-immune|p1a: Landorus
|
|-heal|p1a: Landorus|94/100|[from] item: Leftovers
|upkeep
|turn|15
|
|t:|1667901647
|switch|p2a: Hippowdon|Hippowdon, M|100/100
|-damage|p2a: Hippowdon|94/100|[from] Stealth Rock
|-weather|Sandstorm|[from] ability: Sand Stream|[of] p2a: Hippowdon
|move|p1a: Landorus|Knock Off|p2a: Hippowdon
|-damage|p2a: Hippowdon|77/100
|-enditem|p2a: Hippowdon|Smooth Rock|[from] move: Knock Off|[of] p1a: Landorus
|
|-weather|Sandstorm|[upkeep]
|-heal|p1a: Landorus|99/100|[from] item: Leftovers
|upkeep
|turn|16
|
|t:|1667901652
|move|p1a: Landorus|U-turn|p2a: Hippowdon
|-damage|p2a: Hippowdon|65/100
|
|t:|1667901655
|switch|p1a: Slowbro|Slowbro, M, shiny|100/100|[from]move: U-turn
|-damage|p1a: Slowbro|88/100|[from] Stealth Rock
|move|p2a: Hippowdon|Slack Off|p2a: Hippowdon
|-heal|p2a: Hippowdon|100/100
|
|-weather|Sandstorm|[upkeep]
|-damage|p1a: Slowbro|82/100|[from] Sandstorm
|upkeep
|turn|17
|
|t:|1667901657
|move|p2a: Hippowdon|Earthquake|p1a: Slowbro
|-damage|p1a: Slowbro|61/100
|move|p1a: Slowbro|Scald|p2a: Hippowdon
|-supereffective|p2a: Hippowdon
|-damage|p2a: Hippowdon|41/100
|-status|p2a: Hippowdon|brn
|
|-weather|Sandstorm|[upkeep]
|-damage|p1a: Slowbro|55/100|[from] Sandstorm
|-damage|p2a: Hippowdon|35/100 brn|[from] brn
|upkeep
|turn|18
|
|t:|1667901663
|move|p2a: Hippowdon|Slack Off|p2a: Hippowdon
|-heal|p2a: Hippowdon|85/100 brn
|move|p1a: Slowbro|Scald|p2a: Hippowdon
|-supereffective|p2a: Hippowdon
|-damage|p2a: Hippowdon|25/100 brn
|
|-weather|Sandstorm|[upkeep]
|-damage|p1a: Slowbro|48/100|[from] Sandstorm
|-damage|p2a: Hippowdon|19/100 brn|[from] brn
|upkeep
|turn|19
|
|t:|1667901666
|move|p2a: Hippowdon|Slack Off|p2a: Hippowdon
|-heal|p2a: Hippowdon|69/100 brn
|move|p1a: Slowbro|Scald|p2a: Hippowdon
|-supereffective|p2a: Hippowdon
|-damage|p2a: Hippowdon|7/100 brn
|
|-weather|Sandstorm|[upkeep]
|-damage|p1a: Slowbro|42/100|[from] Sandstorm
|-damage|p2a: Hippowdon|1/100 brn|[from] brn
|upkeep
|turn|20
|
|t:|1667901669
|move|p2a: Hippowdon|Slack Off|p2a: Hippowdon
|-heal|p2a: Hippowdon|51/100 brn
|move|p1a: Slowbro|Scald|p2a: Hippowdon
|-supereffective|p2a: Hippowdon
|-damage|p2a: Hippowdon|0 fnt
|faint|p2a: Hippowdon
|
|-weather|Sandstorm|[upkeep]
|-damage|p1a: Slowbro|36/100|[from] Sandstorm
|upkeep
|
|t:|1667901669
|switch|p2a: Hydreigon|Hydreigon, M|76/100
|-damage|p2a: Hydreigon|63/100|[from] Stealth Rock
|turn|21
|
|t:|1667901673
|switch|p1a: Clefable|Clefable, M|93/100
|move|p2a: Hydreigon|Dark Pulse|p1a: Clefable
|-resisted|p1a: Clefable
|-damage|p1a: Clefable|79/100
|
|-weather|Sandstorm|[upkeep]
|-damage|p2a: Hydreigon|57/100|[from] Sandstorm
|-heal|p2a: Hydreigon|63/100|[from] item: Leftovers
|-heal|p1a: Clefable|86/100|[from] item: Leftovers
|upkeep
|turn|22
|
|t:|1667901678
|move|p2a: Hydreigon|Substitute|p2a: Hydreigon
|-start|p2a: Hydreigon|Substitute
|-damage|p2a: Hydreigon|38/100
|move|p1a: Clefable|Moonblast|p2a: Hydreigon
|-supereffective|p2a: Hydreigon
|-crit|p2a: Hydreigon
|-end|p2a: Hydreigon|Substitute
|
|-weather|none
|-heal|p2a: Hydreigon|44/100|[from] item: Leftovers
|-heal|p1a: Clefable|92/100|[from] item: Leftovers
|upkeep
|turn|23
|
|t:|1667901680
|switch|p2a: Excadrill|Excadrill, F|97/100
|-damage|p2a: Excadrill|94/100|[from] Stealth Rock
|move|p1a: Clefable|Moonblast|p2a: Excadrill
|-resisted|p2a: Excadrill
|-damage|p2a: Excadrill|75/100
|-unboost|p2a: Excadrill|spa|1
|
|-heal|p1a: Clefable|98/100|[from] item: Leftovers
|upkeep
|turn|24
|
|t:|1667901684
|switch|p1a: Landorus|Landorus-Therian, M|99/100
|-damage|p1a: Landorus|88/100|[from] Stealth Rock
|-ability|p1a: Landorus|Intimidate|boost
|-unboost|p2a: Excadrill|atk|1
|move|p2a: Excadrill|Iron Head|p1a: Landorus
|-damage|p1a: Landorus|50/100
|-damage|p2a: Excadrill|65/100|[from] item: Life Orb
|
|-heal|p1a: Landorus|56/100|[from] item: Leftovers
|upkeep
|turn|25
|
|t:|1667901689
|switch|p2a: Rotom|Rotom-Wash|100/100
|-damage|p2a: Rotom|88/100|[from] Stealth Rock
|move|p1a: Landorus|Knock Off|p2a: Rotom
|-damage|p2a: Rotom|50/100
|-enditem|p2a: Rotom|Choice Scarf|[from] move: Knock Off|[of] p1a: Landorus
|
|-heal|p1a: Landorus|62/100|[from] item: Leftovers
|upkeep
|turn|26
|
|t:|1667901695
|switch|p1a: Clefable|Clefable, M|98/100
|move|p2a: Rotom|Hydro Pump|p1a: Clefable
|-damage|p1a: Clefable|62/100
|
|-heal|p1a: Clefable|68/100|[from] item: Leftovers
|upkeep
|turn|27
|
|t:|1667901701
|move|p2a: Rotom|Volt Switch|p1a: Clefable
|-damage|p1a: Clefable|44/100
|
|t:|1667901702
|switch|p2a: Excadrill|Excadrill, F|65/100|[from]move: Volt Switch
|-damage|p2a: Excadrill|62/100|[from] Stealth Rock
|move|p1a: Clefable|Wish|p1a: Clefable
|
|-heal|p1a: Clefable|50/100|[from] item: Leftovers
|upkeep
|turn|28
|
|t:|1667901710
|switch|p1a: Buzzwole|Buzzwole|100/100
|-damage|p1a: Buzzwole|88/100|[from] Stealth Rock
|move|p2a: Excadrill|Earthquake|p1a: Buzzwole
|-resisted|p1a: Buzzwole
|-damage|p1a: Buzzwole|61/100
|-damage|p2a: Excadrill|52/100|[from] item: Life Orb
|
|-heal|p1a: Buzzwole|100/100|[from] move: Wish|[wisher] Clefable
|upkeep
|turn|29
|
|t:|1667901715
|switch|p2a: Hydreigon|Hydreigon, M|44/100
|-damage|p2a: Hydreigon|32/100|[from] Stealth Rock
|move|p1a: Buzzwole|Close Combat|p2a: Hydreigon
|-supereffective|p2a: Hydreigon
|-damage|p2a: Hydreigon|0 fnt
|-unboost|p1a: Buzzwole|def|1
|-unboost|p1a: Buzzwole|spd|1
|faint|p2a: Hydreigon
|-ability|p1a: Buzzwole|Beast Boost|boost
|-boost|p1a: Buzzwole|atk|1
|
|upkeep
|
|t:|1667901716
|switch|p2a: Clefable|Clefable, F|100/100
|turn|30
|
|t:|1667901721
|switch|p1a: Melmetal|Melmetal|100/100
|-damage|p1a: Melmetal|94/100|[from] Stealth Rock
|move|p2a: Clefable|Flamethrower|p1a: Melmetal
|-supereffective|p1a: Melmetal
|-damage|p1a: Melmetal|11/100
|-status|p1a: Melmetal|brn
|
|-damage|p1a: Melmetal|5/100 brn|[from] brn
|upkeep
|turn|31
|
|t:|1667901727
|move|p2a: Clefable|Moonblast|p1a: Melmetal
|-resisted|p1a: Melmetal
|-damage|p1a: Melmetal|0 fnt
|faint|p1a: Melmetal
|
|upkeep
|
|t:|1667901734
|switch|p1a: Slowbro|Slowbro, M, shiny|70/100
|-damage|p1a: Slowbro|57/100|[from] Stealth Rock
|turn|32
|
|t:|1667901736
|move|p2a: Clefable|Moonblast|p1a: Slowbro
|-damage|p1a: Slowbro|0 fnt
|faint|p1a: Slowbro
|
|upkeep
|
|t:|1667901742
|switch|p1a: Landorus|Landorus-Therian, M|62/100
|-damage|p1a: Landorus|50/100|[from] Stealth Rock
|-ability|p1a: Landorus|Intimidate|boost
|-unboost|p2a: Clefable|atk|1
|turn|33
|
|t:|1667901743
|move|p2a: Clefable|Moonlight|p2a: Clefable
|-fail|p2a: Clefable|heal
|move|p1a: Landorus|Earthquake|p2a: Clefable
|-damage|p2a: Clefable|35/100
|
|-heal|p1a: Landorus|56/100|[from] item: Leftovers
|upkeep
|turn|34
|
|t:|1667901749
|move|p2a: Clefable|Moonlight|p2a: Clefable
|-heal|p2a: Clefable|85/100
|move|p1a: Landorus|Earthquake|p2a: Clefable
|-damage|p2a: Clefable|28/100
|
|-heal|p1a: Landorus|62/100|[from] item: Leftovers
|upkeep
|turn|35
|
|t:|1667901751
|move|p2a: Clefable|Moonlight|p2a: Clefable
|-heal|p2a: Clefable|78/100
|move|p1a: Landorus|Earthquake|p2a: Clefable
|-damage|p2a: Clefable|12/100
|
|-heal|p1a: Landorus|68/100|[from] item: Leftovers
|upkeep
|turn|36
|
|t:|1667901754
|move|p2a: Clefable|Moonblast|p1a: Landorus
|-damage|p1a: Landorus|26/100
|move|p1a: Landorus|Earthquake|p2a: Clefable
|-damage|p2a: Clefable|0 fnt
|faint|p2a: Clefable
|
|-heal|p1a: Landorus|32/100|[from] item: Leftovers
|upkeep
|
|t:|1667901754
|switch|p2a: Rotom|Rotom-Wash|50/100
|-damage|p2a: Rotom|38/100|[from] Stealth Rock
|turn|37
|
|t:|1667901762
|switch|p1a: Clefable|Clefable, M|50/100
|move|p2a: Rotom|Will-O-Wisp|p1a: Clefable
|-status|p1a: Clefable|brn
|
|-heal|p1a: Clefable|56/100 brn|[from] item: Leftovers
|upkeep
|turn|38
|
|t:|1667901766
|move|p2a: Rotom|Volt Switch|p1a: Clefable
|-damage|p1a: Clefable|31/100 brn
|
|t:|1667901766
|switch|p2a: Excadrill|Excadrill, F|52/100|[from]move: Volt Switch
|-damage|p2a: Excadrill|49/100|[from] Stealth Rock
|move|p1a: Clefable|Moonblast|p2a: Excadrill
|-resisted|p2a: Excadrill
|-damage|p2a: Excadrill|29/100
|-unboost|p2a: Excadrill|spa|1
|
|-heal|p1a: Clefable|38/100 brn|[from] item: Leftovers
|upkeep
|turn|39
|
|t:|1667901770
|switch|p1a: Buzzwole|Buzzwole|100/100
|-damage|p1a: Buzzwole|88/100|[from] Stealth Rock
|move|p2a: Excadrill|Earthquake|p1a: Buzzwole
|-resisted|p1a: Buzzwole
|-damage|p1a: Buzzwole|64/100
|-damage|p2a: Excadrill|19/100|[from] item: Life Orb
|
|upkeep
|turn|40
|
|t:|1667901775
|move|p1a: Buzzwole|Close Combat|p2a: Excadrill
|-supereffective|p2a: Excadrill
|-damage|p2a: Excadrill|0 fnt
|-unboost|p1a: Buzzwole|def|1
|-unboost|p1a: Buzzwole|spd|1
|faint|p2a: Excadrill
|-ability|p1a: Buzzwole|Beast Boost|boost
|-boost|p1a: Buzzwole|atk|1
|
|upkeep
|
|t:|1667901775
|switch|p2a: Rotom|Rotom-Wash|38/100
|-damage|p2a: Rotom|25/100|[from] Stealth Rock
|turn|41
|
|t:|1667901777
|move|p1a: Buzzwole|Close Combat|p2a: Rotom
|-damage|p2a: Rotom|0 fnt
|-unboost|p1a: Buzzwole|def|1
|-unboost|p1a: Buzzwole|spd|1
|faint|p2a: Rotom
|
|win|demgeilem
|raw|demgeilem's rating: 1388 &rarr; <strong>1405</strong><br />(+17 for winning)
|raw|testingbot42o's rating: 1331 &rarr; <strong>1314</strong><br />(-17 for losing)
|l|‽testingbot42o
