|raw|<div class="broadcast-blue"><strong>This battle is required to be public due to a player having a name starting with 'lt91bb'.</div>
|j|☆Pinkacross
|j|☆lt91bb bj
|t:|1658980838
|gametype|singles
|player|p1|Pinkacross|artist|1999
|player|p2|lt91bb bj|colress|1691
|teamsize|p1|6
|teamsize|p2|6
|gen|8
|tier|[Gen 8] OU
|rated|
|rule|Sleep Clause Mod: Limit one foe put to sleep
|rule|Species Clause: Limit one of each Pokémon
|rule|OHKO Clause: OHKO moves are banned
|rule|Evasion Moves Clause: Evasion moves are banned
|rule|Endless Battle Clause: Forcing endless battles is banned
|rule|HP Percentage Mod: HP is shown in percentages
|rule|Dynamax Clause: You cannot dynamax
|clearpoke
|poke|p1|Landorus-Therian, M|
|poke|p1|Clefable, F|
|poke|p1|Heracross, F|
|poke|p1|Tapu Koko|
|poke|p1|Ferrothorn, M|
|poke|p1|Dragapult, M|
|poke|p2|Weavile, M|
|poke|p2|Ferrothorn, M|
|poke|p2|Urshifu-*, M|
|poke|p2|Slowking-Galar, F|
|poke|p2|Landorus-Therian, M|
|poke|p2|Tornadus-Therian, M|
|teampreview
|j| confusien
|inactive|Battle timer is ON: inactive players will automatically lose when time's up. (requested by lt91bb bj)
|j| LT91BB Tace
|j| LT91BB pop smoke
|l| LT91BB Tace
|j|+spoo
|j| OMICORIO
|j| lt91bb gray
|j| LT91BBEZ
|j| top 10 on main
|j| outz freebandz
|inactive|Pinkacross has 120 seconds left.
|l| OMICORIO
|
|t:|1658980900
|start
|switch|p1a: Ferrothorn|Ferrothorn, M|100/100
|switch|p2a: Slowking|Slowking-Galar, F, shiny|100/100
|turn|1
|j| Cryofield
|
|t:|1658980906
|switch|p1a: Landorus|Landorus-Therian, M|100/100
|-ability|p1a: Landorus|Intimidate|boost
|-unboost|p2a: Slowking|atk|1
|move|p2a: Slowking|Flamethrower|p1a: Landorus
|-damage|p1a: Landorus|73/100
|
|-heal|p1a: Landorus|79/100|[from] item: Leftovers
|upkeep
|turn|2
|
|t:|1658980908
|move|p1a: Landorus|U-turn|p2a: Slowking
|-damage|p2a: Slowking|79/100
|
|t:|1658980914
|switch|p1a: Heracross|Heracross, F, shiny|100/100|[from]move: U-turn
|move|p2a: Slowking|Ice Beam|p1a: Heracross
|-damage|p1a: Heracross|71/100
|
|-status|p1a: Heracross|brn|[from] item: Flame Orb
|upkeep
|turn|3
|
|t:|1658980922
|switch|p2a: Ferrothorn|Ferrothorn, M|100/100
|move|p1a: Heracross|Knock Off|p2a: Ferrothorn
|-damage|p2a: Ferrothorn|70/100
|-damage|p1a: Heracross|59/100 brn|[from] ability: Iron Barbs|[of] p2a: Ferrothorn
|-enditem|p2a: Ferrothorn|Leftovers|[from] move: Knock Off|[of] p1a: Heracross
|
|-damage|p1a: Heracross|53/100 brn|[from] brn
|upkeep
|turn|4
|
|t:|1658980926
|switch|p2a: Landorus|Landorus-Therian, M|100/100
|-ability|p2a: Landorus|Intimidate|boost
|-unboost|p1a: Heracross|atk|1
|move|p1a: Heracross|Close Combat|p2a: Landorus
|-resisted|p2a: Landorus
|-damage|p2a: Landorus|70/100
|-unboost|p1a: Heracross|def|1
|-unboost|p1a: Heracross|spd|1
|
|-heal|p2a: Landorus|76/100|[from] item: Leftovers
|-damage|p1a: Heracross|47/100 brn|[from] brn
|upkeep
|turn|5
|
|t:|1658980930
|switch|p2a: Ferrothorn|Ferrothorn, M|70/100
|move|p1a: Heracross|Knock Off|p2a: Ferrothorn
|-damage|p2a: Ferrothorn|56/100
|-damage|p1a: Heracross|35/100 brn|[from] ability: Iron Barbs|[of] p2a: Ferrothorn
|
|-damage|p1a: Heracross|29/100 brn|[from] brn
|upkeep
|turn|6
|
|t:|1658980940
|switch|p2a: Tornadus|Tornadus-Therian, M|100/100
|move|p1a: Heracross|Knock Off|p2a: Tornadus
|-damage|p2a: Tornadus|66/100
|-enditem|p2a: Tornadus|Heavy-Duty Boots|[from] move: Knock Off|[of] p1a: Heracross
|
|-damage|p1a: Heracross|23/100 brn|[from] brn
|upkeep
|turn|7
|l| Cryofield
|
|t:|1658980951
|switch|p1a: Tapu Koko|Tapu Koko|100/100
|-fieldstart|move: Electric Terrain|[from] ability: Electric Surge|[of] p1a: Tapu Koko
|move|p2a: Tornadus|U-turn|p1a: Tapu Koko
|-resisted|p1a: Tapu Koko
|-damage|p1a: Tapu Koko|91/100
|j| brutalist city
|
|t:|1658980953
|switch|p2a: Landorus|Landorus-Therian, M|76/100|[from]move: U-turn
|-ability|p2a: Landorus|Intimidate|boost
|-unboost|p1a: Tapu Koko|atk|1
|
|-heal|p2a: Landorus|82/100|[from] item: Leftovers
|upkeep
|turn|8
|
|t:|1658980955
|move|p1a: Tapu Koko|U-turn|p2a: Landorus
|-resisted|p2a: Landorus
|-damage|p2a: Landorus|77/100
|
|t:|1658980957
|switch|p1a: Landorus|Landorus-Therian, M|79/100|[from]move: U-turn
|-ability|p1a: Landorus|Intimidate|boost
|-unboost|p2a: Landorus|atk|1
|move|p2a: Landorus|Stealth Rock|p1a: Landorus
|-sidestart|p1: Pinkacross|move: Stealth Rock
|
|-heal|p1a: Landorus|85/100|[from] item: Leftovers
|-heal|p2a: Landorus|83/100|[from] item: Leftovers
|upkeep
|turn|9
|
|t:|1658980961
|move|p1a: Landorus|Defog|p2a: Landorus
|-unboost|p2a: Landorus|evasion|1
|-sideend|p1: Pinkacross|Stealth Rock|[from] move: Defog|[of] p1a: Landorus
|-fieldend|move: Electric Terrain
|move|p2a: Landorus|Knock Off|p1a: Landorus
|-damage|p1a: Landorus|66/100
|-enditem|p1a: Landorus|Leftovers|[from] move: Knock Off|[of] p2a: Landorus
|
|-heal|p2a: Landorus|89/100|[from] item: Leftovers
|upkeep
|turn|10
|l| brutalist city
|
|t:|1658980963
|switch|p2a: Ferrothorn|Ferrothorn, M|56/100
|move|p1a: Landorus|Toxic|p2a: Ferrothorn
|-immune|p2a: Ferrothorn
|
|upkeep
|turn|11
|
|t:|1658980966
|move|p1a: Landorus|Earthquake|p2a: Ferrothorn
|-damage|p2a: Ferrothorn|30/100
|move|p2a: Ferrothorn|Spikes|p1a: Landorus
|-sidestart|p1: Pinkacross|Spikes
|
|upkeep
|turn|12
|
|t:|1658980970
|move|p1a: Landorus|Defog|p2a: Ferrothorn
|-unboost|p2a: Ferrothorn|evasion|1
|-sideend|p1: Pinkacross|Spikes|[from] move: Defog|[of] p1a: Landorus
|move|p2a: Ferrothorn|Leech Seed|p1a: Landorus
|-start|p1a: Landorus|move: Leech Seed
|
|-damage|p1a: Landorus|53/100|[from] Leech Seed|[of] p2a: Ferrothorn
|-heal|p2a: Ferrothorn|43/100|[silent]
|upkeep
|turn|13
|
|t:|1658980973
|switch|p2a: Landorus|Landorus-Therian, M|89/100
|-ability|p2a: Landorus|Intimidate|boost
|-unboost|p1a: Landorus|atk|1
|move|p1a: Landorus|U-turn|p2a: Landorus
|-resisted|p2a: Landorus
|-damage|p2a: Landorus|82/100
|j| LT91BB Tace
|
|t:|1658980977
|switch|p1a: Ferrothorn|Ferrothorn, M|100/100|[from]move: U-turn
|
|-heal|p2a: Landorus|88/100|[from] item: Leftovers
|upkeep
|turn|14
|j| jade marutina
|
|t:|1658980988
|move|p2a: Landorus|U-turn|p1a: Ferrothorn
|-damage|p1a: Ferrothorn|88/100
|-damage|p2a: Landorus|75/100|[from] ability: Iron Barbs|[of] p1a: Ferrothorn
|
|t:|1658980989
|switch|p2a: Tornadus|Tornadus-Therian, M|99/100|[from]move: U-turn
|move|p1a: Ferrothorn|Stealth Rock|p2a: Tornadus
|-sidestart|p2: lt91bb bj|move: Stealth Rock
|
|-heal|p1a: Ferrothorn|94/100|[from] item: Leftovers
|upkeep
|turn|15
|
|t:|1658980993
|move|p2a: Tornadus|Defog|p1a: Ferrothorn
|-unboost|p1a: Ferrothorn|evasion|1
|-sideend|p2: lt91bb bj|Stealth Rock|[from] move: Defog|[of] p2a: Tornadus
|move|p1a: Ferrothorn|Thunder Wave|p2a: Tornadus|[miss]
|-miss|p1a: Ferrothorn|p2a: Tornadus
|
|-heal|p1a: Ferrothorn|99/100|[from] item: Leftovers
|upkeep
|turn|16
|j| vkhss
|c|☆lt91bb bj|mb
|c|☆Pinkacross|all good
|
|t:|1658981004
|move|p2a: Tornadus|Heat Wave|p1a: Ferrothorn
|-supereffective|p1a: Ferrothorn
|-damage|p1a: Ferrothorn|22/100
|move|p1a: Ferrothorn|Stealth Rock|p2a: Tornadus
|-sidestart|p2: lt91bb bj|move: Stealth Rock
|
|-heal|p1a: Ferrothorn|28/100|[from] item: Leftovers
|upkeep
|turn|17
|l| top 10 on main
|
|t:|1658981007
|switch|p1a: Tapu Koko|Tapu Koko|91/100
|-fieldstart|move: Electric Terrain|[from] ability: Electric Surge|[of] p1a: Tapu Koko
|move|p2a: Tornadus|Heat Wave|p1a: Tapu Koko
|-damage|p1a: Tapu Koko|52/100
|
|upkeep
|turn|18
|
|t:|1658981011
|move|p1a: Tapu Koko|U-turn|p2a: Tornadus
|-resisted|p2a: Tornadus
|-damage|p2a: Tornadus|92/100
|
|t:|1658981012
|switch|p1a: Clefable|Clefable, F|100/100|[from]move: U-turn
|move|p2a: Tornadus|Defog|p1a: Clefable
|-unboost|p1a: Clefable|evasion|1
|-sideend|p2: lt91bb bj|Stealth Rock|[from] move: Defog|[of] p2a: Tornadus
|-fieldend|move: Electric Terrain
|
|upkeep
|turn|19
|
|t:|1658981014
|move|p2a: Tornadus|U-turn|p1a: Clefable
|-resisted|p1a: Clefable
|-damage|p1a: Clefable|93/100
|
|t:|1658981017
|switch|p2a: Ferrothorn|Ferrothorn, M|43/100|[from]move: U-turn
|move|p1a: Clefable|Wish|p1a: Clefable
|
|-heal|p1a: Clefable|99/100|[from] item: Leftovers
|upkeep
|turn|20
|
|t:|1658981021
|move|p2a: Ferrothorn|Iron Head|p1a: Clefable
|-supereffective|p1a: Clefable
|-damage|p1a: Clefable|35/100
|cant|p1a: Clefable|flinch
|
|-heal|p1a: Clefable|85/100|[from] move: Wish|[wisher] Clefable
|-heal|p1a: Clefable|91/100|[from] item: Leftovers
|upkeep
|turn|21
|j| AlIoutdragadarts
|j| Mendeez
|c|☆lt91bb bj|that sucks too
|c|☆Pinkacross|all good
|
|t:|1658981041
|switch|p2a: Slowking|Slowking-Galar, F, shiny|100/100
|move|p1a: Clefable|Wish|p1a: Clefable
|
|-heal|p1a: Clefable|97/100|[from] item: Leftovers
|upkeep
|turn|22
|l| Mendeez
|
|t:|1658981048
|move|p2a: Slowking|Future Sight|p1a: Clefable
|-start|p2a: Slowking|move: Future Sight
|move|p1a: Clefable|Teleport|p1a: Clefable
|
|t:|1658981050
|switch|p1a: Heracross|Heracross, F, shiny|23/100 brn|[from]move: Teleport
|
|-heal|p1a: Heracross|88/100 brn|[from] move: Wish|[wisher] Clefable
|-damage|p1a: Heracross|82/100 brn|[from] brn
|upkeep
|turn|23
|
|t:|1658981056
|switch|p1a: Clefable|Clefable, F|97/100
|switch|p2a: Ferrothorn|Ferrothorn, M|43/100
|
|-heal|p1a: Clefable|100/100|[from] item: Leftovers
|upkeep
|turn|24
|j| 4funaccount
|
|t:|1658981070
|move|p1a: Clefable|Protect|p1a: Clefable
|-singleturn|p1a: Clefable|Protect
|move|p2a: Ferrothorn|Spikes|p1a: Clefable
|-sidestart|p1: Pinkacross|Spikes
|
|-end|p1a: Clefable|move: Future Sight
|-damage|p1a: Clefable|64/100
|-heal|p1a: Clefable|70/100|[from] item: Leftovers
|upkeep
|turn|25
|
|t:|1658981074
|switch|p1a: Heracross|Heracross, F, shiny|82/100 brn
|-damage|p1a: Heracross|70/100 brn|[from] Spikes
|switch|p2a: Slowking|Slowking-Galar, F, shiny|100/100
|
|-damage|p1a: Heracross|64/100 brn|[from] brn
|upkeep
|turn|26
|j| top 10 on main
|
|t:|1658981082
|switch|p2a: Tornadus|Tornadus-Therian, M|100/100
|move|p1a: Heracross|Knock Off|p2a: Tornadus
|-damage|p2a: Tornadus|65/100
|
|-damage|p1a: Heracross|58/100 brn|[from] brn
|upkeep
|turn|27
|j| wcup mexas
|
|t:|1658981089
|switch|p1a: Tapu Koko|Tapu Koko|52/100
|-fieldstart|move: Electric Terrain|[from] ability: Electric Surge|[of] p1a: Tapu Koko
|move|p2a: Tornadus|U-turn|p1a: Tapu Koko
|-resisted|p1a: Tapu Koko
|-damage|p1a: Tapu Koko|43/100
|
|t:|1658981092
|switch|p2a: Landorus|Landorus-Therian, M|75/100|[from]move: U-turn
|-ability|p2a: Landorus|Intimidate|boost
|-unboost|p1a: Tapu Koko|atk|1
|
|-heal|p2a: Landorus|81/100|[from] item: Leftovers
|upkeep
|turn|28
|j|+baconeatinassassin
|
|t:|1658981098
|move|p1a: Tapu Koko|Dazzling Gleam|p2a: Landorus
|-damage|p2a: Landorus|58/100
|move|p2a: Landorus|Earthquake|p1a: Tapu Koko
|-supereffective|p1a: Tapu Koko
|-damage|p1a: Tapu Koko|0 fnt
|faint|p1a: Tapu Koko
|
|-heal|p2a: Landorus|64/100|[from] item: Leftovers
|upkeep
|
|t:|1658981100
|switch|p1a: Heracross|Heracross, F, shiny|58/100 brn
|-damage|p1a: Heracross|46/100 brn|[from] Spikes
|turn|29
|j| Nmnert
|
|t:|1658981105
|switch|p2a: Ferrothorn|Ferrothorn, M|43/100
|move|p1a: Heracross|Facade|p2a: Ferrothorn
|-resisted|p2a: Ferrothorn
|-damage|p2a: Ferrothorn|19/100
|-damage|p1a: Heracross|33/100 brn|[from] ability: Iron Barbs|[of] p2a: Ferrothorn
|
|-damage|p1a: Heracross|27/100 brn|[from] brn
|upkeep
|turn|30
|j| Lunala
|
|t:|1658981116
|switch|p2a: Tornadus|Tornadus-Therian, M|99/100
|move|p1a: Heracross|Facade|p2a: Tornadus
|-damage|p2a: Tornadus|24/100
|
|-damage|p1a: Heracross|21/100 brn|[from] brn
|upkeep
|turn|31
|
|t:|1658981121
|move|p2a: Tornadus|U-turn|p1a: Heracross
|-resisted|p1a: Heracross
|-crit|p1a: Heracross
|-damage|p1a: Heracross|5/100 brn
|
|t:|1658981123
|switch|p2a: Ferrothorn|Ferrothorn, M|19/100|[from]move: U-turn
|move|p1a: Heracross|Facade|p2a: Ferrothorn
|-resisted|p2a: Ferrothorn
|-damage|p2a: Ferrothorn|0 fnt
|-damage|p1a: Heracross|0 fnt|[from] ability: Iron Barbs|[of] p2a: Ferrothorn
|faint|p2a: Ferrothorn
|faint|p1a: Heracross
|
|-fieldend|move: Electric Terrain
|upkeep
|j| pinkdragontamer
|j| The1&OnlyKing
|l| LT91BBEZ
|
|t:|1658981135
|switch|p1a: Dragapult|Dragapult, M|100/100
|switch|p2a: Slowking|Slowking-Galar, F, shiny|100/100
|-damage|p1a: Dragapult|88/100|[from] Spikes
|turn|32
|l| pinkdragontamer
|
|t:|1658981139
|move|p1a: Dragapult|Shadow Ball|p2a: Slowking
|-supereffective|p2a: Slowking
|-damage|p2a: Slowking|48/100
|-unboost|p2a: Slowking|spd|1
|move|p2a: Slowking|Ice Beam|p1a: Dragapult
|-supereffective|p1a: Dragapult
|-damage|p1a: Dragapult|24/100
|
|upkeep
|turn|33
|j| LT91BB Eclipse
|
|t:|1658981143
|switch|p2a: Weavile|Weavile, M|100/100
|-ability|p2a: Weavile|Pressure
|move|p1a: Dragapult|Shadow Ball|p2a: Weavile
|-resisted|p2a: Weavile
|-damage|p2a: Weavile|58/100
|-unboost|p2a: Weavile|spd|1
|
|upkeep
|turn|34
|j| Kirigon
|
|t:|1658981149
|switch|p1a: Clefable|Clefable, F|70/100
|switch|p2a: Slowking|Slowking-Galar, F, shiny|81/100
|
|-heal|p1a: Clefable|76/100|[from] item: Leftovers
|upkeep
|turn|35
|
|t:|1658981152
|move|p1a: Clefable|Wish|p1a: Clefable
|move|p2a: Slowking|Future Sight|p1a: Clefable
|-start|p2a: Slowking|move: Future Sight
|
|-heal|p1a: Clefable|82/100|[from] item: Leftovers
|upkeep
|turn|36
|c| The1&OnlyKing|Pinkacross with the heat as usual
|
|t:|1658981159
|switch|p1a: Landorus|Landorus-Therian, M|53/100
|-ability|p1a: Landorus|Intimidate|boost
|-unboost|p2a: Slowking|atk|1
|move|p2a: Slowking|Ice Beam|p1a: Landorus
|-supereffective|p1a: Landorus
|-damage|p1a: Landorus|0 fnt
|faint|p1a: Landorus
|
|upkeep
|j| isza
|c| Kirigon|lo
|
|t:|1658981168
|switch|p1a: Clefable|Clefable, F|82/100
|turn|37
|c| Kirigon|lol
|
|t:|1658981171
|move|p1a: Clefable|Wish|p1a: Clefable
|move|p2a: Slowking|Sludge Bomb|p1a: Clefable
|-supereffective|p1a: Clefable
|-damage|p1a: Clefable|32/100
|-status|p1a: Clefable|psn
|
|-end|p1a: Clefable|move: Future Sight
|-damage|p1a: Clefable|0 fnt
|faint|p1a: Clefable
|upkeep
|
|t:|1658981173
|switch|p1a: Dragapult|Dragapult, M|24/100
|-damage|p1a: Dragapult|12/100|[from] Spikes
|turn|38
|
|t:|1658981178
|move|p1a: Dragapult|Shadow Ball|p2a: Slowking
|-supereffective|p2a: Slowking
|-damage|p2a: Slowking|31/100
|move|p2a: Slowking|Ice Beam|p1a: Dragapult
|-supereffective|p1a: Dragapult
|-damage|p1a: Dragapult|0 fnt
|faint|p1a: Dragapult
|
|upkeep
|c|☆Pinkacross|gg
|-message|Pinkacross forfeited.
|
|win|lt91bb bj
|raw|Pinkacross's rating: 1999 &rarr; <strong>1965</strong><br />(-34 for losing)
|raw|lt91bb bj's rating: 1691 &rarr; <strong>1725</strong><br />(+34 for winning)
|l|☆Pinkacross
|c|☆lt91bb bj|gg sorry i lucked
