|raw|<div class="broadcast-blue"><strong>This battle is required to be public due to a player having a name starting with 'lt93oq'.</div>
|j|☆Redemption
|j|☆LT93OQ im garbage
|t:|1660422755
|gametype|singles
|player|p1|Redemption|#redemption|1696
|player|p2|LT93OQ im garbage|265|1896
|teamsize|p1|6
|teamsize|p2|6
|gen|8
|tier|[Gen 8] OU
|rated|
|rule|Sleep Clause Mod: Limit one foe put to sleep
|rule|Species Clause: Limit one of each Pokémon
|rule|OHKO Clause: OHKO moves are banned
|rule|Evasion Items Clause: Evasion items are banned
|rule|Evasion Moves Clause: Evasion moves are banned
|rule|Endless Battle Clause: Forcing endless battles is banned
|rule|HP Percentage Mod: HP is shown in percentages
|rule|Dynamax Clause: You cannot dynamax
|clearpoke
|poke|p1|Blastoise, M|
|poke|p1|Magnezone|
|poke|p1|Tapu Koko|
|poke|p1|Gastrodon-East, M|
|poke|p1|Xatu, F|
|poke|p1|Scizor, F|
|poke|p2|Tyranitar, F|
|poke|p2|Buzzwole|
|poke|p2|Quagsire, F|
|poke|p2|Corviknight, F|
|poke|p2|Clefable, F|
|poke|p2|Toxapex, F|
|teampreview
|inactive|Battle timer is ON: inactive players will automatically lose when time's up. (requested by LT93OQ im garbage)
|inactive|Redemption has 120 seconds left.
|
|t:|1660422793
|start
|switch|p1a: De Vinci|Gastrodon-East, M|100/100
|switch|p2a: Clefable|Clefable, F|100/100
|turn|1
|
|t:|1660422801
|move|p2a: Clefable|Knock Off|p1a: De Vinci
|-damage|p1a: De Vinci|85/100
|-activate|p1a: De Vinci|ability: Sticky Hold
|-enditem|p1a: De Vinci|Eject Button
|j| Drunkensailer
|j| just nimmemja
|c|☆LT93OQ im garbage|is that how it works
|j| FactoryGoat
|inactive|Redemption has 120 seconds left.
|j| santiago bernabeu
|j|@ironwater
|j| Escobarraskewda
|
|t:|1660422845
|switch|p1a: Magnetoi !|Magnezone|100/100
|
|upkeep
|turn|2
|j| Smash Time steez
|inactive|LT93OQ im garbage has 120 seconds left.
|inactive|Redemption has 90 seconds left.
|
|t:|1660422901
|switch|p2a: Tyranitar|Tyranitar, F|100/100
|-weather|Sandstorm|[from] ability: Sand Stream|[of] p2a: Tyranitar
|move|p1a: Magnetoi !|Toxic|p2a: Tyranitar
|-status|p2a: Tyranitar|tox
|
|-weather|Sandstorm|[upkeep]
|-damage|p2a: Tyranitar|94/100 tox|[from] psn
|upkeep
|turn|3
|inactive|LT93OQ im garbage has 120 seconds left.
|
|t:|1660422918
|switch|p2a: Toxapex|Toxapex, F|100/100
|move|p1a: Magnetoi !|Body Press|p2a: Toxapex
|-resisted|p2a: Toxapex
|-damage|p2a: Toxapex|91/100
|
|-weather|Sandstorm|[upkeep]
|-damage|p2a: Toxapex|85/100|[from] Sandstorm
|upkeep
|turn|4
|
|t:|1660422921
|move|p1a: Magnetoi !|Thunderbolt|p2a: Toxapex
|-supereffective|p2a: Toxapex
|-damage|p2a: Toxapex|34/100
|-status|p2a: Toxapex|par
|move|p2a: Toxapex|Knock Off|p1a: Magnetoi !
|-damage|p1a: Magnetoi !|88/100
|-enditem|p1a: Magnetoi !|Leftovers|[from] move: Knock Off|[of] p2a: Toxapex
|
|-weather|Sandstorm|[upkeep]
|-damage|p2a: Toxapex|27/100 par|[from] Sandstorm
|upkeep
|turn|5
|inactive|Redemption has 90 seconds left.
|
|t:|1660422936
|switch|p2a: Quagsire|Quagsire, F|100/100
|move|p1a: Magnetoi !|Thunderbolt|p2a: Quagsire
|-immune|p2a: Quagsire
|
|-weather|Sandstorm|[upkeep]
|upkeep
|turn|6
|
|t:|1660422955
|move|p1a: Magnetoi !|Toxic|p2a: Quagsire
|-status|p2a: Quagsire|tox
|move|p2a: Quagsire|Earthquake|p1a: Magnetoi !
|-supereffective|p1a: Magnetoi !
|-damage|p1a: Magnetoi !|0 fnt
|faint|p1a: Magnetoi !
|
|-weather|none
|-damage|p2a: Quagsire|94/100 tox|[from] psn
|upkeep
|
|t:|1660422963
|switch|p1a: Koko l'asticot|Tapu Koko|100/100
|-fieldstart|move: Electric Terrain|[from] ability: Electric Surge|[of] p1a: Koko l'asticot
|turn|7
|
|t:|1660422966
|switch|p2a: Clefable|Clefable, F|100/100
|move|p1a: Koko l'asticot|U-turn|p2a: Clefable
|-resisted|p2a: Clefable
|-damage|p2a: Clefable|94/100
|
|t:|1660422972
|switch|p1a: Tank Schrader|Blastoise, M|100/100|[from]move: U-turn
|
|upkeep
|turn|8
|
|t:|1660422977
|move|p1a: Tank Schrader|Shell Smash|p1a: Tank Schrader
|-unboost|p1a: Tank Schrader|def|1
|-unboost|p1a: Tank Schrader|spd|1
|-boost|p1a: Tank Schrader|atk|2
|-boost|p1a: Tank Schrader|spa|2
|-boost|p1a: Tank Schrader|spe|2
|-enditem|p1a: Tank Schrader|White Herb
|-clearnegativeboost|p1a: Tank Schrader|[silent]
|move|p2a: Clefable|Heal Bell|p2a: Clefable
|-activate|p2a: Clefable|move: Heal Bell
|-curestatus|p2: Toxapex|par|[msg]
|-curestatus|p2: Quagsire|tox|[msg]
|-curestatus|p2: Tyranitar|tox|[msg]
|
|upkeep
|turn|9
|inactive|Redemption has 120 seconds left.
|
|t:|1660422988
|move|p1a: Tank Schrader|Surf|p2a: Clefable
|-damage|p2a: Clefable|26/100
|move|p2a: Clefable|Moonblast|p1a: Tank Schrader
|-damage|p1a: Tank Schrader|65/100
|
|upkeep
|turn|10
|
|t:|1660422995
|switch|p2a: Toxapex|Toxapex, F|61/100
|move|p1a: Tank Schrader|Surf|p2a: Toxapex
|-resisted|p2a: Toxapex
|-damage|p2a: Toxapex|36/100
|
|upkeep
|turn|11
|
|t:|1660423001
|switch|p2a: Clefable|Clefable, F|26/100
|move|p1a: Tank Schrader|Terrain Pulse|p2a: Clefable
|-damage|p2a: Clefable|0 fnt
|faint|p2a: Clefable
|
|upkeep
|j| blooclipse
|
|t:|1660423021
|switch|p2a: Quagsire|Quagsire, F|94/100
|turn|12
|
|t:|1660423025
|move|p1a: Tank Schrader|Surf|p2a: Quagsire
|-damage|p2a: Quagsire|55/100
|move|p2a: Quagsire|Recover|p2a: Quagsire
|-heal|p2a: Quagsire|100/100
|
|upkeep
|turn|13
|
|t:|1660423033
|move|p1a: Tank Schrader|Ice Beam|p2a: Quagsire
|-damage|p2a: Quagsire|73/100
|move|p2a: Quagsire|Earthquake|p1a: Tank Schrader
|-damage|p1a: Tank Schrader|28/100
|
|-heal|p2a: Quagsire|79/100|[from] item: Leftovers
|upkeep
|turn|14
|
|t:|1660423053
|move|p1a: Tank Schrader|Surf|p2a: Quagsire
|-damage|p2a: Quagsire|12/100
|move|p2a: Quagsire|Recover|p2a: Quagsire
|-heal|p2a: Quagsire|62/100
|
|-heal|p2a: Quagsire|68/100|[from] item: Leftovers
|-fieldend|move: Electric Terrain
|upkeep
|turn|15
|
|t:|1660423068
|switch|p2a: Buzzwole|Buzzwole|100/100
|move|p1a: Tank Schrader|Surf|p2a: Buzzwole
|-damage|p2a: Buzzwole|0 fnt
|faint|p2a: Buzzwole
|
|upkeep
|
|t:|1660423069
|switch|p2a: Corviknight|Corviknight, F|100/100
|-ability|p2a: Corviknight|Pressure
|turn|16
|
|t:|1660423076
|move|p1a: Tank Schrader|Surf|p2a: Corviknight
|-damage|p2a: Corviknight|15/100
|move|p2a: Corviknight|Brave Bird|p1a: Tank Schrader
|-damage|p1a: Tank Schrader|0 fnt
|faint|p1a: Tank Schrader
|-damage|p2a: Corviknight|8/100|[from] Recoil
|
|upkeep
|inactive|Redemption has 120 seconds left.
|
|t:|1660423127
|switch|p1a: Koko l'asticot|Tapu Koko|100/100
|-fieldstart|move: Electric Terrain|[from] ability: Electric Surge|[of] p1a: Koko l'asticot
|turn|17
|
|t:|1660423137
|move|p2a: Corviknight|Protect|p2a: Corviknight
|-singleturn|p2a: Corviknight|Protect
|move|p1a: Koko l'asticot|Thunderbolt|p2a: Corviknight
|-activate|p2a: Corviknight|move: Protect
|
|upkeep
|turn|18
|
|t:|1660423150
|move|p1a: Koko l'asticot|Dazzling Gleam|p2a: Corviknight
|-resisted|p2a: Corviknight
|-damage|p2a: Corviknight|0 fnt
|faint|p2a: Corviknight
|
|upkeep
|
|t:|1660423155
|switch|p2a: Quagsire|Quagsire, F|68/100
|turn|19
|
|t:|1660423172
|move|p1a: Koko l'asticot|Dazzling Gleam|p2a: Quagsire
|-damage|p2a: Quagsire|31/100
|move|p2a: Quagsire|Recover|p2a: Quagsire
|-heal|p2a: Quagsire|81/100
|
|-heal|p2a: Quagsire|87/100|[from] item: Leftovers
|upkeep
|turn|20
|inactive|LT93OQ im garbage has 120 seconds left.
|l| Escobarraskewda
|inactive|LT93OQ im garbage has 90 seconds left.
|
|t:|1660423233
|move|p1a: Koko l'asticot|U-turn|p2a: Quagsire
|-damage|p2a: Quagsire|74/100
|
|t:|1660423235
|switch|p1a: XaTUE|Xatu, F|100/100|[from]move: U-turn
|move|p2a: Quagsire|Scald|p1a: XaTUE
|-damage|p1a: XaTUE|74/100
|-status|p1a: XaTUE|brn
|
|-heal|p2a: Quagsire|81/100|[from] item: Leftovers
|-damage|p1a: XaTUE|68/100 brn|[from] brn
|upkeep
|turn|21
|inactive|LT93OQ im garbage has 90 seconds left.
|inactive|Redemption has 90 seconds left.
|j| shafofficiel
|inactive|Redemption has 60 seconds left.
|
|t:|1660423297
|switch|p2a: Toxapex|Toxapex, F|70/100
|move|p1a: XaTUE|Teleport|p1a: XaTUE
|inactive|Redemption has 60 seconds left.
|
|t:|1660423302
|switch|p1a: Koko l'asticot|Tapu Koko|100/100|[from]move: Teleport
|
|upkeep
|turn|22
|
|t:|1660423310
|switch|p2a: Quagsire|Quagsire, F|81/100
|move|p1a: Koko l'asticot|Thunderbolt|p2a: Quagsire
|-immune|p2a: Quagsire
|
|-heal|p2a: Quagsire|87/100|[from] item: Leftovers
|upkeep
|turn|23
|
|t:|1660423315
|switch|p2a: Toxapex|Toxapex, F|100/100
|move|p1a: Koko l'asticot|U-turn|p2a: Toxapex
|-resisted|p2a: Toxapex
|-damage|p2a: Toxapex|95/100
|
|t:|1660423321
|switch|p1a: XaTUE|Xatu, F|68/100 brn|[from]move: U-turn
|
|-damage|p1a: XaTUE|62/100 brn|[from] brn
|upkeep
|turn|24
|inactive|LT93OQ im garbage has 90 seconds left.
|inactive|LT93OQ im garbage has 60 seconds left.
|
|t:|1660423365
|switch|p2a: Tyranitar|Tyranitar, F|94/100
|-weather|Sandstorm|[from] ability: Sand Stream|[of] p2a: Tyranitar
|move|p1a: XaTUE|Roost|p1a: XaTUE
|-heal|p1a: XaTUE|100/100 brn
|-singleturn|p1a: XaTUE|move: Roost
|
|-weather|Sandstorm|[upkeep]
|-damage|p1a: XaTUE|95/100 brn|[from] Sandstorm
|-damage|p1a: XaTUE|89/100 brn|[from] brn
|-fieldend|move: Electric Terrain
|upkeep
|turn|25
|
|t:|1660423375
|switch|p1a: Cizationnel|Scizor, F|100/100
|move|p2a: Tyranitar|Stealth Rock|p1a: Cizationnel
|-sidestart|p1: Redemption|move: Stealth Rock
|
|-weather|Sandstorm|[upkeep]
|upkeep
|turn|26
|j| AppellemoiJames
|inactive|Redemption has 90 seconds left.
|
|t:|1660423384
|switch|p2a: Toxapex|Toxapex, F|100/100
|move|p1a: Cizationnel|U-turn|p2a: Toxapex
|-resisted|p2a: Toxapex
|-damage|p2a: Toxapex|90/100
|
|t:|1660423387
|switch|p1a: XaTUE|Xatu, F|89/100 brn|[from]move: U-turn
|-damage|p1a: XaTUE|64/100 brn|[from] Stealth Rock
|
|-weather|Sandstorm|[upkeep]
|-damage|p1a: XaTUE|58/100 brn|[from] Sandstorm
|-damage|p2a: Toxapex|83/100|[from] Sandstorm
|-damage|p1a: XaTUE|52/100 brn|[from] brn
|upkeep
|turn|27
|inactive|LT93OQ im garbage has 90 seconds left.
|j| Fared
|
|t:|1660423401
|move|p1a: XaTUE|Roost|p1a: XaTUE
|-heal|p1a: XaTUE|100/100 brn
|-singleturn|p1a: XaTUE|move: Roost
|move|p2a: Toxapex|Knock Off|p1a: XaTUE
|-supereffective|p1a: XaTUE
|-enditem|p1a: XaTUE|Colbur Berry|[eat]
|-enditem|p1a: XaTUE|Colbur Berry|[weaken]
|-damage|p1a: XaTUE|85/100 brn
|
|-weather|Sandstorm|[upkeep]
|-damage|p1a: XaTUE|79/100 brn|[from] Sandstorm
|-damage|p2a: Toxapex|77/100|[from] Sandstorm
|-damage|p1a: XaTUE|73/100 brn|[from] brn
|upkeep
|turn|28
|j| jaytop31
|
|t:|1660423406
|move|p1a: XaTUE|Defog|p2a: Toxapex
|-unboost|p2a: Toxapex|evasion|1
|-sideend|p1: Redemption|Stealth Rock|[from] move: Defog|[of] p1a: XaTUE
|move|p2a: Toxapex|Knock Off|p1a: XaTUE
|-supereffective|p1a: XaTUE
|-damage|p1a: XaTUE|53/100 brn
|
|-weather|none
|-damage|p1a: XaTUE|47/100 brn|[from] brn
|upkeep
|turn|29
|
|t:|1660423410
|switch|p2a: Tyranitar|Tyranitar, F|94/100
|-weather|Sandstorm|[from] ability: Sand Stream|[of] p2a: Tyranitar
|move|p1a: XaTUE|Roost|p1a: XaTUE
|-heal|p1a: XaTUE|97/100 brn
|-singleturn|p1a: XaTUE|move: Roost
|
|-weather|Sandstorm|[upkeep]
|-damage|p1a: XaTUE|91/100 brn|[from] Sandstorm
|-damage|p1a: XaTUE|85/100 brn|[from] brn
|upkeep
|turn|30
|inactive|Redemption has 120 seconds left.
|l| jaytop31
|inactive|LT93OQ im garbage has 90 seconds left.
|
|t:|1660423448
|switch|p1a: Cizationnel|Scizor, F|100/100
|move|p2a: Tyranitar|Rock Blast|p1a: Cizationnel
|-damage|p1a: Cizationnel|93/100
|-damage|p1a: Cizationnel|84/100
|-damage|p1a: Cizationnel|76/100
|-hitcount|p1a: Cizationnel|3
|
|-weather|Sandstorm|[upkeep]
|-heal|p1a: Cizationnel|82/100|[from] item: Leftovers
|upkeep
|turn|31
|
|t:|1660423452
|switch|p2a: Toxapex|Toxapex, F|100/100
|move|p1a: Cizationnel|U-turn|p2a: Toxapex
|-resisted|p2a: Toxapex
|-damage|p2a: Toxapex|89/100
|
|t:|1660423455
|switch|p1a: Koko l'asticot|Tapu Koko|100/100|[from]move: U-turn
|-fieldstart|move: Electric Terrain|[from] ability: Electric Surge|[of] p1a: Koko l'asticot
|
|-weather|Sandstorm|[upkeep]
|-damage|p1a: Koko l'asticot|94/100|[from] Sandstorm
|-damage|p2a: Toxapex|83/100|[from] Sandstorm
|upkeep
|turn|32
|inactive|LT93OQ im garbage has 90 seconds left.
|inactive|Redemption has 120 seconds left.
|inactive|LT93OQ im garbage has 60 seconds left.
|j| SailingFaster974
|
|t:|1660423518
|switch|p2a: Quagsire|Quagsire, F|87/100
|move|p1a: Koko l'asticot|U-turn|p2a: Quagsire
|-damage|p2a: Quagsire|74/100
|
|t:|1660423523
|switch|p1a: De Vinci|Gastrodon-East, M|85/100|[from]move: U-turn
|
|-weather|Sandstorm|[upkeep]
|-heal|p2a: Quagsire|80/100|[from] item: Leftovers
|upkeep
|turn|33
|l| SailingFaster974
|inactive|Redemption has 120 seconds left.
|inactive|LT93OQ im garbage has 30 seconds left.
|l| blooclipse
|
|t:|1660423558
|switch|p2a: Toxapex|Toxapex, F|100/100
|move|p1a: De Vinci|Scald|p2a: Toxapex
|-resisted|p2a: Toxapex
|-damage|p2a: Toxapex|92/100
|-status|p2a: Toxapex|brn
|
|-weather|none
|-damage|p2a: Toxapex|85/100 brn|[from] brn
|upkeep
|turn|34
|inactive|Redemption has 90 seconds left.
|
|t:|1660423606
|switch|p2a: Tyranitar|Tyranitar, F|94/100
|-weather|Sandstorm|[from] ability: Sand Stream|[of] p2a: Tyranitar
|switch|p1a: XaTUE|Xatu, F|85/100 brn
|
|-weather|Sandstorm|[upkeep]
|-damage|p1a: XaTUE|79/100 brn|[from] Sandstorm
|-damage|p1a: XaTUE|73/100 brn|[from] brn
|upkeep
|turn|35
|
|t:|1660423619
|move|p2a: Tyranitar|Rock Blast|p1a: XaTUE
|-supereffective|p1a: XaTUE
|-damage|p1a: XaTUE|53/100 brn
|-supereffective|p1a: XaTUE
|-damage|p1a: XaTUE|32/100 brn
|-supereffective|p1a: XaTUE
|-damage|p1a: XaTUE|10/100 brn
|-hitcount|p1a: XaTUE|3
|move|p1a: XaTUE|Teleport|p1a: XaTUE
|inactive|Redemption has 60 seconds left.
|
|t:|1660423650
|switch|p1a: De Vinci|Gastrodon-East, M|85/100|[from]move: Teleport
|
|-weather|Sandstorm|[upkeep]
|upkeep
|turn|36
|inactive|Redemption has 30 seconds left.
|inactive|Redemption has 20 seconds left.
|inactive|Redemption has 15 seconds left.
|inactive|Redemption has 10 seconds left.
|inactive|Redemption has 5 seconds left.
|-message|Redemption lost due to inactivity.
|
|win|LT93OQ im garbage
|raw|Redemption's rating: 1696 &rarr; <strong>1686</strong><br />(-10 for losing)
|raw|LT93OQ im garbage's rating: 1896 &rarr; <strong>1906</strong><br />(+10 for winning)
|j| gr0ny
|l| Drunkensailer
|l|☆LT93OQ im garbage
|l| Fared
|j| Fared
|l| Fared
||Ladder isn't responding, score probably updated but might not have (Request timeout).
|l| gr0ny
|j| Fared
|j| jaytop31
|l| jaytop31
|l| Fared
|l|☆Redemption
