|j|☆310YM4N74N3R0
|j|☆crescendoww
|t:|1667755397
|gametype|singles
|player|p1|310YM4N74N3R0|gambler|1626
|player|p2|crescendoww|falkner|1648
|teamsize|p1|6
|teamsize|p2|6
|gen|8
|tier|[Gen 8] OU
|rated|
|rule|Sleep Clause Mod: Limit one foe put to sleep
|rule|Species Clause: Limit one of each Pokémon
|rule|OHKO Clause: OHKO moves are banned
|rule|Evasion Items Clause: Evasion items are banned
|rule|Evasion Moves Clause: Evasion moves are banned
|rule|Endless Battle Clause: Forcing endless battles is banned
|rule|HP Percentage Mod: HP is shown in percentages
|rule|Dynamax Clause: You cannot dynamax
|clearpoke
|poke|p1|Tapu Lele|
|poke|p1|Landorus-Therian, M|
|poke|p1|Rillaboom, M|
|poke|p1|Blaziken, F|
|poke|p1|Blastoise, F|
|poke|p1|Tyranitar, F|
|poke|p2|Volcarona, F|
|poke|p2|Zygarde-10%|
|poke|p2|Jirachi|
|poke|p2|Rillaboom, F|
|poke|p2|Tornadus-Therian, M|
|poke|p2|Bisharp, M|
|teampreview
|inactive|Battle timer is ON: inactive players will automatically lose when time's up. (requested by 310YM4N74N3R0)
|inactive|crescendoww has 120 seconds left.
|
|t:|1667755432
|start
|switch|p1a: Blastoise|Blastoise, F|100/100
|switch|p2a: Tornadus|Tornadus-Therian, M|100/100
|turn|1
|
|t:|1667755438
|move|p2a: Tornadus|Hurricane|p1a: Blastoise
|-damage|p1a: Blastoise|59/100
|move|p1a: Blastoise|Shell Smash|p1a: Blastoise
|-unboost|p1a: Blastoise|def|1
|-unboost|p1a: Blastoise|spd|1
|-boost|p1a: Blastoise|atk|2
|-boost|p1a: Blastoise|spa|2
|-boost|p1a: Blastoise|spe|2
|
|upkeep
|turn|2
|
|t:|1667755446
|switch|p2a: Jirachi|Jirachi|100/100
|move|p1a: Blastoise|Ice Beam|p2a: Jirachi
|-resisted|p2a: Jirachi
|-damage|p2a: Jirachi|85/100
|
|-heal|p2a: Jirachi|91/100|[from] item: Leftovers
|upkeep
|turn|3
|
|t:|1667755449
|switch|p2a: Rillaboom|Rillaboom, F|100/100
|-fieldstart|move: Grassy Terrain|[from] ability: Grassy Surge|[of] p2a: Rillaboom
|move|p1a: Blastoise|Hydro Pump|p2a: Rillaboom
|-resisted|p2a: Rillaboom
|-damage|p2a: Rillaboom|43/100
|
|-heal|p1a: Blastoise|65/100|[from] Grassy Terrain
|-heal|p2a: Rillaboom|49/100|[from] Grassy Terrain
|-heal|p2a: Rillaboom|55/100|[from] item: Leftovers
|upkeep
|turn|4
|
|t:|1667755456
|switch|p1a: Landorus|Landorus-Therian, M|100/100
|-ability|p1a: Landorus|Intimidate|boost
|-unboost|p2a: Rillaboom|atk|1
|move|p2a: Rillaboom|Grassy Glide|p1a: Landorus
|-damage|p1a: Landorus|84/100
|-damage|p2a: Rillaboom|38/100|[from] item: Rocky Helmet|[of] p1a: Landorus
|
|-heal|p2a: Rillaboom|45/100|[from] Grassy Terrain
|-heal|p2a: Rillaboom|51/100|[from] item: Leftovers
|upkeep
|turn|5
|
|t:|1667755462
|switch|p2a: Tornadus|Tornadus-Therian, M|100/100
|move|p1a: Landorus|Stealth Rock|p2a: Tornadus
|-sidestart|p2: crescendoww|move: Stealth Rock
|
|upkeep
|turn|6
|
|t:|1667755465
|move|p2a: Tornadus|Defog|p1a: Landorus
|-unboost|p1a: Landorus|evasion|1
|-sideend|p2: crescendoww|Stealth Rock|[from] move: Defog|[of] p2a: Tornadus
|-fieldend|move: Grassy Terrain
|move|p1a: Landorus|Rock Tomb|p2a: Tornadus
|-supereffective|p2a: Tornadus
|-damage|p2a: Tornadus|57/100
|-unboost|p2a: Tornadus|spe|1
|
|upkeep
|turn|7
|
|t:|1667755472
|move|p2a: Tornadus|Hurricane|p1a: Landorus
|-damage|p1a: Landorus|37/100
|move|p1a: Landorus|Stealth Rock|p2a: Tornadus
|-sidestart|p2: crescendoww|move: Stealth Rock
|
|upkeep
|turn|8
|
|t:|1667755480
|switch|p1a: Blastoise|Blastoise, F|65/100
|move|p2a: Tornadus|Defog|p1a: Blastoise
|-unboost|p1a: Blastoise|evasion|1
|-sideend|p2: crescendoww|Stealth Rock|[from] move: Defog|[of] p2a: Tornadus
|
|upkeep
|turn|9
|
|t:|1667755487
|switch|p2a: Bisharp|Bisharp, M|100/100
|move|p1a: Blastoise|Ice Beam|p2a: Bisharp
|-resisted|p2a: Bisharp
|-damage|p2a: Bisharp|88/100
|
|-heal|p2a: Bisharp|94/100|[from] item: Leftovers
|upkeep
|turn|10
|
|t:|1667755492
|move|p1a: Blastoise|Hydro Pump|p2a: Bisharp
|-damage|p2a: Bisharp|49/100
|move|p2a: Bisharp|Knock Off|p1a: Blastoise
|-damage|p1a: Blastoise|22/100
|-enditem|p1a: Blastoise|Wacan Berry|[from] move: Knock Off|[of] p2a: Bisharp
|
|-heal|p2a: Bisharp|55/100|[from] item: Leftovers
|upkeep
|turn|11
|
|t:|1667755499
|move|p1a: Blastoise|Yawn|p2a: Bisharp
|-start|p2a: Bisharp|move: Yawn|[of] p1a: Blastoise
|move|p2a: Bisharp|Stealth Rock|p1a: Blastoise
|-sidestart|p1: 310YM4N74N3R0|move: Stealth Rock
|
|-heal|p2a: Bisharp|61/100|[from] item: Leftovers
|upkeep
|turn|12
|
|t:|1667755504
|switch|p2a: Tornadus|Tornadus-Therian, M|90/100
|move|p1a: Blastoise|Shell Smash|p1a: Blastoise
|-unboost|p1a: Blastoise|def|1
|-unboost|p1a: Blastoise|spd|1
|-boost|p1a: Blastoise|atk|2
|-boost|p1a: Blastoise|spa|2
|-boost|p1a: Blastoise|spe|2
|
|upkeep
|turn|13
|
|t:|1667755516
|move|p1a: Blastoise|Ice Beam|p2a: Tornadus
|-supereffective|p2a: Tornadus
|-damage|p2a: Tornadus|0 fnt
|faint|p2a: Tornadus
|
|upkeep
|
|t:|1667755518
|switch|p2a: Rillaboom|Rillaboom, F|51/100
|-fieldstart|move: Grassy Terrain|[from] ability: Grassy Surge|[of] p2a: Rillaboom
|turn|14
|
|t:|1667755521
|move|p2a: Rillaboom|Grassy Glide|p1a: Blastoise
|-supereffective|p1a: Blastoise
|-damage|p1a: Blastoise|0 fnt
|faint|p1a: Blastoise
|
|-heal|p2a: Rillaboom|57/100|[from] Grassy Terrain
|-heal|p2a: Rillaboom|63/100|[from] item: Leftovers
|upkeep
|
|t:|1667755524
|switch|p1a: Blaziken|Blaziken, F|100/100
|-damage|p1a: Blaziken|88/100|[from] Stealth Rock
|turn|15
|
|t:|1667755530
|move|p2a: Rillaboom|Grassy Glide|p1a: Blaziken
|-resisted|p1a: Blaziken
|-damage|p1a: Blaziken|62/100
|move|p1a: Blaziken|Swords Dance|p1a: Blaziken
|-boost|p1a: Blaziken|atk|2
|
|-heal|p1a: Blaziken|68/100|[from] Grassy Terrain
|-heal|p2a: Rillaboom|69/100|[from] Grassy Terrain
|-heal|p2a: Rillaboom|76/100|[from] item: Leftovers
|-ability|p1a: Blaziken|Speed Boost|boost
|-boost|p1a: Blaziken|spe|1
|upkeep
|turn|16
|
|t:|1667755540
|move|p2a: Rillaboom|Grassy Glide|p1a: Blaziken
|-resisted|p1a: Blaziken
|-damage|p1a: Blaziken|37/100
|move|p1a: Blaziken|Flare Blitz|p2a: Rillaboom
|-supereffective|p2a: Rillaboom
|-damage|p2a: Rillaboom|0 fnt
|faint|p2a: Rillaboom
|-damage|p1a: Blaziken|3/100|[from] Recoil
|
|-heal|p1a: Blaziken|9/100|[from] Grassy Terrain
|-ability|p1a: Blaziken|Speed Boost|boost
|-boost|p1a: Blaziken|spe|1
|upkeep
|
|t:|1667755543
|switch|p2a: 孙笑川|Zygarde-10%|100/100
|-ability|p2a: 孙笑川|Aura Break
|turn|17
|
|t:|1667755546
|switch|p1a: Tapu Lele|Tapu Lele|100/100
|-damage|p1a: Tapu Lele|88/100|[from] Stealth Rock
|-fieldstart|move: Psychic Terrain|[from] ability: Psychic Surge|[of] p1a: Tapu Lele
|move|p2a: 孙笑川|Extreme Speed|p1a: Tapu Lele
|-activate|p1a: Tapu Lele|move: Psychic Terrain
|
|upkeep
|turn|18
|
|t:|1667755549
|switch|p2a: Jirachi|Jirachi|91/100
|move|p1a: Tapu Lele|Moonblast|p2a: Jirachi
|-resisted|p2a: Jirachi
|-damage|p2a: Jirachi|73/100
|
|-heal|p2a: Jirachi|80/100|[from] item: Leftovers
|upkeep
|turn|19
|
|t:|1667755558
|switch|p1a: Landorus|Landorus-Therian, M|37/100
|-damage|p1a: Landorus|25/100|[from] Stealth Rock
|-ability|p1a: Landorus|Intimidate|boost
|-unboost|p2a: Jirachi|atk|1
|move|p2a: Jirachi|Aura Sphere|p1a: Landorus
|-resisted|p1a: Landorus
|-damage|p1a: Landorus|15/100
|
|-heal|p2a: Jirachi|86/100|[from] item: Leftovers
|upkeep
|turn|20
|
|t:|1667755563
|move|p2a: Jirachi|Stored Power|p1a: Landorus
|-damage|p1a: Landorus|5/100
|move|p1a: Landorus|Stealth Rock|p2a: Jirachi
|-sidestart|p2: crescendoww|move: Stealth Rock
|
|-heal|p2a: Jirachi|92/100|[from] item: Leftovers
|upkeep
|turn|21
|
|t:|1667755571
|move|p2a: Jirachi|Stored Power|p1a: Landorus
|-damage|p1a: Landorus|0 fnt
|faint|p1a: Landorus
|
|-heal|p2a: Jirachi|98/100|[from] item: Leftovers
|-fieldend|move: Psychic Terrain
|upkeep
|
|t:|1667755574
|switch|p1a: Tyranitar|Tyranitar, F, shiny|100/100
|-damage|p1a: Tyranitar|88/100|[from] Stealth Rock
|-weather|Sandstorm|[from] ability: Sand Stream|[of] p1a: Tyranitar
|turn|22
|
|t:|1667755581
|switch|p2a: Bisharp|Bisharp, M|61/100
|-damage|p2a: Bisharp|55/100|[from] Stealth Rock
|move|p1a: Tyranitar|Dragon Dance|p1a: Tyranitar
|-boost|p1a: Tyranitar|atk|1
|-boost|p1a: Tyranitar|spe|1
|
|-weather|Sandstorm|[upkeep]
|-heal|p2a: Bisharp|61/100|[from] item: Leftovers
|upkeep
|turn|23
|
|t:|1667755590
|move|p1a: Tyranitar|Earthquake|p2a: Bisharp
|-supereffective|p2a: Bisharp
|-damage|p2a: Bisharp|0 fnt
|faint|p2a: Bisharp
|-damage|p1a: Tyranitar|78/100|[from] item: Life Orb
|
|-weather|Sandstorm|[upkeep]
|upkeep
|
|t:|1667755595
|switch|p2a: 孙笑川|Zygarde-10%|100/100
|-damage|p2a: 孙笑川|94/100|[from] Stealth Rock
|-ability|p2a: 孙笑川|Aura Break
|turn|24
|
|t:|1667755602
|switch|p1a: Blaziken|Blaziken, F|9/100
|-damage|p1a: Blaziken|0 fnt|[from] Stealth Rock
|faint|p1a: Blaziken
|move|p2a: 孙笑川|Thousand Arrows|p1: Blaziken|[notarget]
|-fail|p2a: 孙笑川
|
|-weather|Sandstorm|[upkeep]
|upkeep
|
|t:|1667755612
|switch|p1a: Tapu Lele|Tapu Lele|88/100
|-damage|p1a: Tapu Lele|76/100|[from] Stealth Rock
|-fieldstart|move: Psychic Terrain|[from] ability: Psychic Surge|[of] p1a: Tapu Lele
|turn|25
|
|t:|1667755616
|switch|p2a: Volcarona|Volcarona, F|100/100
|move|p1a: Tapu Lele|Moonblast|p2a: Volcarona
|-resisted|p2a: Volcarona
|-damage|p2a: Volcarona|78/100
|-unboost|p2a: Volcarona|spa|1
|
|-weather|Sandstorm|[upkeep]
|-damage|p1a: Tapu Lele|70/100|[from] Sandstorm
|-damage|p2a: Volcarona|72/100|[from] Sandstorm
|upkeep
|turn|26
|
|t:|1667755623
|move|p1a: Tapu Lele|Moonblast|p2a: Volcarona
|-resisted|p2a: Volcarona
|-damage|p2a: Volcarona|46/100
|move|p2a: Volcarona|Will-O-Wisp|p1a: Tapu Lele
|-status|p1a: Tapu Lele|brn
|
|-weather|none
|-damage|p1a: Tapu Lele|63/100 brn|[from] brn
|upkeep
|turn|27
|j| Jongruenwald
|
|t:|1667755630
|move|p1a: Tapu Lele|Moonblast|p2a: Volcarona
|-resisted|p2a: Volcarona
|-damage|p2a: Volcarona|24/100
|-unboost|p2a: Volcarona|spa|1
|move|p2a: Volcarona|Roost|p2a: Volcarona
|-heal|p2a: Volcarona|74/100
|-singleturn|p2a: Volcarona|move: Roost
|
|-damage|p1a: Tapu Lele|57/100 brn|[from] brn
|upkeep
|turn|28
|
|t:|1667755637
|switch|p1a: Tyranitar|Tyranitar, F, shiny|78/100
|-damage|p1a: Tyranitar|66/100|[from] Stealth Rock
|-weather|Sandstorm|[from] ability: Sand Stream|[of] p1a: Tyranitar
|move|p2a: Volcarona|Roost|p2a: Volcarona
|-heal|p2a: Volcarona|100/100
|-singleturn|p2a: Volcarona|move: Roost
|
|-weather|Sandstorm|[upkeep]
|-damage|p2a: Volcarona|94/100|[from] Sandstorm
|upkeep
|turn|29
|
|t:|1667755642
|move|p2a: Volcarona|Will-O-Wisp|p1a: Tyranitar
|-status|p1a: Tyranitar|brn
|move|p1a: Tyranitar|Stone Edge|p2a: Volcarona
|-supereffective|p2a: Volcarona
|-damage|p2a: Volcarona|0 fnt
|faint|p2a: Volcarona
|-damage|p1a: Tyranitar|56/100 brn|[from] item: Life Orb
|
|-weather|Sandstorm|[upkeep]
|-damage|p1a: Tyranitar|50/100 brn|[from] brn
|-fieldend|move: Psychic Terrain
|upkeep
|
|t:|1667755650
|switch|p2a: Jirachi|Jirachi|98/100
|-damage|p2a: Jirachi|92/100|[from] Stealth Rock
|turn|30
|
|t:|1667755652
|move|p2a: Jirachi|Cosmic Power|p2a: Jirachi
|-boost|p2a: Jirachi|def|1
|-boost|p2a: Jirachi|spd|1
|move|p1a: Tyranitar|Earthquake|p2a: Jirachi
|-supereffective|p2a: Jirachi
|-damage|p2a: Jirachi|63/100
|-damage|p1a: Tyranitar|40/100 brn|[from] item: Life Orb
|
|-weather|Sandstorm|[upkeep]
|-heal|p2a: Jirachi|69/100|[from] item: Leftovers
|-damage|p1a: Tyranitar|34/100 brn|[from] brn
|upkeep
|turn|31
|
|t:|1667755661
|move|p2a: Jirachi|Cosmic Power|p2a: Jirachi
|-boost|p2a: Jirachi|def|1
|-boost|p2a: Jirachi|spd|1
|move|p1a: Tyranitar|Dragon Dance|p1a: Tyranitar
|-boost|p1a: Tyranitar|atk|1
|-boost|p1a: Tyranitar|spe|1
|
|-weather|Sandstorm|[upkeep]
|-heal|p2a: Jirachi|75/100|[from] item: Leftovers
|-damage|p1a: Tyranitar|27/100 brn|[from] brn
|upkeep
|turn|32
|j| RedRusher
|l| RedRusher
|
|t:|1667755674
|move|p1a: Tyranitar|Earthquake|p2a: Jirachi
|-supereffective|p2a: Jirachi
|-damage|p2a: Jirachi|43/100
|-damage|p1a: Tyranitar|18/100 brn|[from] item: Life Orb
|move|p2a: Jirachi|Aura Sphere|p1a: Tyranitar
|-supereffective|p1a: Tyranitar
|-damage|p1a: Tyranitar|0 fnt
|faint|p1a: Tyranitar
|
|-weather|none
|-heal|p2a: Jirachi|49/100|[from] item: Leftovers
|upkeep
|
|t:|1667755681
|switch|p1a: Rillaboom|Rillaboom, M|100/100
|-damage|p1a: Rillaboom|88/100|[from] Stealth Rock
|-fieldstart|move: Grassy Terrain|[from] ability: Grassy Surge|[of] p1a: Rillaboom
|-enditem|p1a: Rillaboom|Grassy Seed
|-boost|p1a: Rillaboom|def|1|[from] item: Grassy Seed
|turn|33
|j| RedRusher
|
|t:|1667755687
|move|p1a: Rillaboom|Swords Dance|p1a: Rillaboom
|-boost|p1a: Rillaboom|atk|2
|move|p2a: Jirachi|Stored Power|p1a: Rillaboom
|-damage|p1a: Rillaboom|40/100
|
|-heal|p1a: Rillaboom|46/100|[from] Grassy Terrain
|-heal|p2a: Jirachi|55/100|[from] Grassy Terrain
|-heal|p2a: Jirachi|62/100|[from] item: Leftovers
|upkeep
|turn|34
|
|t:|1667755694
|move|p1a: Rillaboom|Superpower|p2a: Jirachi
|-damage|p2a: Jirachi|22/100
|-unboost|p1a: Rillaboom|atk|1
|-unboost|p1a: Rillaboom|def|1
|move|p2a: Jirachi|Stored Power|p1a: Rillaboom
|-damage|p1a: Rillaboom|0 fnt
|faint|p1a: Rillaboom
|
|-heal|p2a: Jirachi|29/100|[from] Grassy Terrain
|-heal|p2a: Jirachi|35/100|[from] item: Leftovers
|upkeep
|
|t:|1667755699
|switch|p1a: Tapu Lele|Tapu Lele|57/100 brn
|-damage|p1a: Tapu Lele|45/100 brn|[from] Stealth Rock
|-fieldstart|move: Psychic Terrain|[from] ability: Psychic Surge|[of] p1a: Tapu Lele
|turn|35
|
|t:|1667755704
|move|p1a: Tapu Lele|Moonblast|p2a: Jirachi
|-resisted|p2a: Jirachi
|-damage|p2a: Jirachi|27/100
|move|p2a: Jirachi|Stored Power|p1a: Tapu Lele
|-resisted|p1a: Tapu Lele
|-damage|p1a: Tapu Lele|21/100 brn
|
|-heal|p2a: Jirachi|33/100|[from] item: Leftovers
|-damage|p1a: Tapu Lele|15/100 brn|[from] brn
|upkeep
|turn|36
|
|t:|1667755710
|move|p1a: Tapu Lele|Moonblast|p2a: Jirachi
|-resisted|p2a: Jirachi
|-damage|p2a: Jirachi|24/100
|-unboost|p2a: Jirachi|spa|1
|move|p2a: Jirachi|Stored Power|p1a: Tapu Lele
|-resisted|p1a: Tapu Lele
|-damage|p1a: Tapu Lele|0 fnt
|faint|p1a: Tapu Lele
|
|win|crescendoww
|raw|310YM4N74N3R0's rating: 1626 &rarr; <strong>1607</strong><br />(-19 for losing)
|raw|crescendoww's rating: 1648 &rarr; <strong>1667</strong><br />(+19 for winning)
|l|☆310YM4N74N3R0
|l| RedRusher
