|j|☆Le-Perpetrator
|j|☆lebanesestinker
|t:|1627580553
|gametype|singles
|player|p1|Le-Perpetrator|266|1722
|player|p2|lebanesestinker|policeman|1759
|teamsize|p1|6
|teamsize|p2|6
|gen|8
|tier|[Gen 8] OU
|rated|
|rule|Sleep Clause Mod: Limit one foe put to sleep
|rule|Species Clause: Limit one of each Pokémon
|rule|OHKO Clause: OHKO moves are banned
|rule|Evasion Moves Clause: Evasion moves are banned
|rule|Endless Battle Clause: Forcing endless battles is banned
|rule|HP Percentage Mod: HP is shown in percentages
|rule|Dynamax Clause: You cannot dynamax
|clearpoke
|poke|p1|Hatterene, F|
|poke|p1|Ferrothorn, M|
|poke|p1|Crawdaunt, F|
|poke|p1|Kyurem|
|poke|p1|Tapu Koko|
|poke|p1|Landorus-Therian, M|
|poke|p2|Zapdos|
|poke|p2|Kyurem|
|poke|p2|Swampert, M|
|poke|p2|Blissey, F|
|poke|p2|Tapu Lele|
|poke|p2|Magnezone|
|teampreview
|j| FattyGuapo
|c| FattyGuapo|damn
|l| FattyGuapo
|
|t:|1627580611
|start
|switch|p1a: Kyurem|Kyurem|100/100
|switch|p2a: Zapdos|Zapdos|100/100
|-ability|p1a: Kyurem|Pressure
|turn|1
|j| Morningmatch
|
|t:|1627580629
|switch|p2a: Blissey|Blissey, F|100/100
|move|p1a: Kyurem|Ice Beam|p2a: Blissey
|-damage|p2a: Blissey|73/100
|
|upkeep
|turn|2
|
|t:|1627580635
|switch|p1a: Hatterene|Hatterene, F|100/100
|move|p2a: Blissey|Soft-Boiled|p2a: Blissey
|-heal|p2a: Blissey|100/100
|
|upkeep
|turn|3
|
|t:|1627580640
|move|p2a: Blissey|Seismic Toss|p1a: Hatterene
|-damage|p1a: Hatterene|69/100
|move|p1a: Hatterene|Psyshock|p2a: Blissey
|-damage|p2a: Blissey|42/100
|
|upkeep
|turn|4
|
|t:|1627580659
|switch|p2a: Zapdos|Zapdos|100/100
|move|p1a: Hatterene|Psyshock|p2a: Zapdos
|-damage|p2a: Zapdos|47/100
|
|upkeep
|turn|5
|
|t:|1627580668
|move|p2a: Zapdos|Roost|p2a: Zapdos
|-heal|p2a: Zapdos|97/100
|-singleturn|p2a: Zapdos|move: Roost
|move|p1a: Hatterene|Psyshock|p2a: Zapdos
|-damage|p2a: Zapdos|46/100
|
|upkeep
|turn|6
|
|t:|1627580699
|switch|p1a: Kyurem|Kyurem|100/100
|-ability|p1a: Kyurem|Pressure
|move|p2a: Zapdos|Volt Switch|p1a: Kyurem
|-resisted|p1a: Kyurem
|-damage|p1a: Kyurem|86/100
|l| Morningmatch
|
|t:|1627580725
|switch|p2a: Blissey|Blissey, F|42/100|[from]move: Volt Switch
|
|upkeep
|turn|7
|
|t:|1627580730
|switch|p1a: Crawdaunt|Crawdaunt, F|100/100
|switch|p2a: Tapu Lele|Tapu Lele|100/100
|-fieldstart|move: Psychic Terrain|[from] ability: Psychic Surge|[of] p2a: Tapu Lele
|
|upkeep
|turn|8
|
|t:|1627580737
|switch|p1a: Ferrothorn|Ferrothorn, M|100/100
|move|p2a: Tapu Lele|Moonblast|p1a: Ferrothorn
|-resisted|p1a: Ferrothorn
|-damage|p1a: Ferrothorn|74/100
|
|upkeep
|turn|9
|
|t:|1627580743
|switch|p2a: Magnezone|Magnezone|100/100
|move|p1a: Ferrothorn|Stealth Rock|p2a: Magnezone
|-sidestart|p2: lebanesestinker|move: Stealth Rock
|
|upkeep
|turn|10
|
|t:|1627580747
|move|p2a: Magnezone|Iron Defense|p2a: Magnezone
|-boost|p2a: Magnezone|def|2
|move|p1a: Ferrothorn|Leech Seed|p2a: Magnezone
|-start|p2a: Magnezone|move: Leech Seed
|
|-damage|p2a: Magnezone|88/100|[from] Leech Seed|[of] p1a: Ferrothorn
|-heal|p1a: Ferrothorn|84/100|[silent]
|upkeep
|turn|11
|
|t:|1627580767
|move|p2a: Magnezone|Iron Defense|p2a: Magnezone
|-boost|p2a: Magnezone|def|2
|move|p1a: Ferrothorn|Spikes|p2a: Magnezone
|-sidestart|p2: lebanesestinker|Spikes
|
|-damage|p2a: Magnezone|76/100|[from] Leech Seed|[of] p1a: Ferrothorn
|-heal|p1a: Ferrothorn|94/100|[silent]
|-fieldend|move: Psychic Terrain
|upkeep
|turn|12
|
|t:|1627580773
|move|p2a: Magnezone|Body Press|p1a: Ferrothorn
|-supereffective|p1a: Ferrothorn
|-damage|p1a: Ferrothorn|0 fnt
|-damage|p2a: Magnezone|63/100|[from] ability: Iron Barbs|[of] p1a: Ferrothorn
|-damage|p2a: Magnezone|47/100|[from] item: Rocky Helmet|[of] p1a: Ferrothorn
|faint|p1a: Ferrothorn
|
|upkeep
|
|t:|1627580792
|switch|p1a: Tapu Koko|Tapu Koko|100/100
|-fieldstart|move: Electric Terrain|[from] ability: Electric Surge|[of] p1a: Tapu Koko
|turn|13
|inactive|Battle timer is ON: inactive players will automatically lose when time's up. (requested by lebanesestinker)
|
|t:|1627580798
|move|p1a: Tapu Koko|Volt Switch|p2a: Magnezone
|-resisted|p2a: Magnezone
|-damage|p2a: Magnezone|7/100
|
|t:|1627580802
|switch|p1a: Hatterene|Hatterene, F|69/100|[from]move: Volt Switch
|move|p2a: Magnezone|Flash Cannon|p1a: Hatterene
|-supereffective|p1a: Hatterene
|-damage|p1a: Hatterene|0 fnt
|faint|p1a: Hatterene
|
|upkeep
|
|t:|1627580813
|switch|p1a: Kyurem|Kyurem|86/100
|-ability|p1a: Kyurem|Pressure
|turn|14
|
|t:|1627580821
|move|p1a: Kyurem|Ice Beam|p2a: Magnezone
|-resisted|p2a: Magnezone
|-damage|p2a: Magnezone|0 fnt
|faint|p2a: Magnezone
|
|upkeep
|
|t:|1627580828
|switch|p2a: Blissey|Blissey, F|42/100
|turn|15
|
|t:|1627580831
|switch|p1a: Crawdaunt|Crawdaunt, F|100/100
|move|p2a: Blissey|Soft-Boiled|p2a: Blissey
|-heal|p2a: Blissey|92/100
|
|upkeep
|turn|16
|inactive|lebanesestinker has 120 seconds left.
|
|t:|1627580867
|switch|p2a: Swampert|Swampert, M|100/100
|-damage|p2a: Swampert|94/100|[from] Stealth Rock
|-damage|p2a: Swampert|82/100|[from] Spikes
|move|p1a: Crawdaunt|Knock Off|p2a: Swampert
|-damage|p2a: Swampert|0 fnt
|-enditem|p2a: Swampert|Leftovers|[from] move: Knock Off|[of] p1a: Crawdaunt
|faint|p2a: Swampert
|
|upkeep
|
|t:|1627580874
|switch|p2a: Tapu Lele|Tapu Lele|100/100
|-damage|p2a: Tapu Lele|88/100|[from] Stealth Rock
|-damage|p2a: Tapu Lele|76/100|[from] Spikes
|-fieldstart|move: Psychic Terrain|[from] ability: Psychic Surge|[of] p2a: Tapu Lele
|turn|17
|
|t:|1627580882
|switch|p1a: Landorus|Landorus-Therian, M|100/100
|-ability|p1a: Landorus|Intimidate|boost
|-unboost|p2a: Tapu Lele|atk|1
|move|p2a: Tapu Lele|Moonblast|p1a: Landorus
|-damage|p1a: Landorus|0 fnt
|faint|p1a: Landorus
|
|upkeep
|
|t:|1627580892
|switch|p1a: Tapu Koko|Tapu Koko|100/100
|-fieldstart|move: Electric Terrain|[from] ability: Electric Surge|[of] p1a: Tapu Koko
|turn|18
|
|t:|1627580904
|switch|p2a: Blissey|Blissey, F|92/100
|move|p1a: Tapu Koko|Thunderbolt|p2a: Blissey
|-damage|p2a: Blissey|67/100
|
|upkeep
|turn|19
|
|t:|1627580911
|move|p1a: Tapu Koko|Thunderbolt|p2a: Blissey
|-damage|p2a: Blissey|39/100
|move|p2a: Blissey|Teleport|p2a: Blissey
|
|t:|1627580935
|switch|p2a: Kyurem|Kyurem, shiny|100/100|[from]move: Teleport
|-damage|p2a: Kyurem|76/100|[from] Stealth Rock
|-damage|p2a: Kyurem|63/100|[from] Spikes
|-ability|p2a: Kyurem|Pressure
|
|upkeep
|turn|20
|
|t:|1627580942
|switch|p1a: Kyurem|Kyurem|86/100
|-ability|p1a: Kyurem|Pressure
|move|p2a: Kyurem|Earth Power|p1a: Kyurem
|-damage|p1a: Kyurem|58/100
|
|upkeep
|turn|21
|inactive|lebanesestinker has 120 seconds left.
|
|t:|1627580988
|switch|p2a: Zapdos|Zapdos|46/100
|move|p1a: Kyurem|Ice Beam|p2a: Zapdos
|-supereffective|p2a: Zapdos
|-damage|p2a: Zapdos|0 fnt
|faint|p2a: Zapdos
|
|upkeep
|
|t:|1627580992
|switch|p2a: Blissey|Blissey, F|39/100
|turn|22
|
|t:|1627580997
|switch|p1a: Crawdaunt|Crawdaunt, F|100/100
|move|p2a: Blissey|Soft-Boiled|p2a: Blissey
|-heal|p2a: Blissey|89/100
|
|-fieldend|move: Electric Terrain
|upkeep
|turn|23
|inactive|lebanesestinker has 120 seconds left.
|
|t:|1627581004
|move|p1a: Crawdaunt|Knock Off|p2a: Blissey
|-damage|p2a: Blissey|0 fnt
|-enditem|p2a: Blissey|Heavy-Duty Boots|[from] move: Knock Off|[of] p1a: Crawdaunt
|faint|p2a: Blissey
|
|upkeep
|
|t:|1627581006
|switch|p2a: Tapu Lele|Tapu Lele|76/100
|-damage|p2a: Tapu Lele|63/100|[from] Spikes
|-damage|p2a: Tapu Lele|51/100|[from] Stealth Rock
|-fieldstart|move: Psychic Terrain|[from] ability: Psychic Surge|[of] p2a: Tapu Lele
|turn|24
|
|t:|1627581013
|move|p2a: Tapu Lele|Moonblast|p1a: Crawdaunt
|-supereffective|p1a: Crawdaunt
|-damage|p1a: Crawdaunt|0 fnt
|faint|p1a: Crawdaunt
|
|upkeep
|
|t:|1627581018
|switch|p1a: Tapu Koko|Tapu Koko|100/100
|-fieldstart|move: Electric Terrain|[from] ability: Electric Surge|[of] p1a: Tapu Koko
|turn|25
|
|t:|1627581022
|move|p1a: Tapu Koko|Volt Switch|p2a: Tapu Lele
|-crit|p2a: Tapu Lele
|-damage|p2a: Tapu Lele|0 fnt
|faint|p2a: Tapu Lele
|
|t:|1627581026
|switch|p1a: Kyurem|Kyurem|58/100|[from]move: Volt Switch
|-ability|p1a: Kyurem|Pressure
|
|upkeep
|
|t:|1627581037
|switch|p2a: Kyurem|Kyurem, shiny|63/100
|-damage|p2a: Kyurem|39/100|[from] Stealth Rock
|-damage|p2a: Kyurem|26/100|[from] Spikes
|-ability|p2a: Kyurem|Pressure
|turn|26
|
|t:|1627581043
|move|p2a: Kyurem|Ice Beam|p1a: Kyurem
|-damage|p1a: Kyurem|10/100
|move|p1a: Kyurem|Ice Beam|p2a: Kyurem
|-damage|p2a: Kyurem|0 fnt
|faint|p2a: Kyurem
|
|win|Le-Perpetrator
|raw|Le-Perpetrator's rating: 1722 &rarr; <strong>1744</strong><br />(+22 for winning)
|raw|lebanesestinker's rating: 1759 &rarr; <strong>1737</strong><br />(-22 for losing)
|l|☆lebanesestinker
