|html|<div class="broadcast-blue"><strong>[Gen 8] OU is currently suspecting Melmetal! For information on how to participate check out the <a href="https://www.smogon.com/forums/threads/np-ss-ou-suspect-process-round-12-monster-mash.3709234/">suspect thread</a>.</strong></div>
|j|☆maxmoefoe pokemon
|j|☆ty-tyui↻
|t:|1665936806
|gametype|singles
|player|p1|maxmoefoe pokemon|2|1678
|player|p2|ty-tyui↻|grace|1712
|teamsize|p1|6
|teamsize|p2|6
|gen|8
|tier|[Gen 8] OU
|rated|
|rule|Sleep Clause Mod: Limit one foe put to sleep
|rule|Species Clause: Limit one of each Pokémon
|rule|OHKO Clause: OHKO moves are banned
|rule|Evasion Items Clause: Evasion items are banned
|rule|Evasion Moves Clause: Evasion moves are banned
|rule|Endless Battle Clause: Forcing endless battles is banned
|rule|HP Percentage Mod: HP is shown in percentages
|rule|Dynamax Clause: You cannot dynamax
|clearpoke
|poke|p1|Aron, L1, M|
|poke|p1|Tyranitar, F|
|poke|p1|Excadrill, M|
|poke|p1|Dracozolt|
|poke|p1|Tapu Fini|
|poke|p1|Tangrowth, M|
|poke|p2|Mienshao, F|
|poke|p2|Ninetales-Alola, M|
|poke|p2|Blacephalon|
|poke|p2|Landorus-Therian, M|
|poke|p2|Corviknight, M|
|poke|p2|Rotom-Wash|
|teampreview
|
|t:|1665936814
|start
|switch|p1a: Aron|Aron, L1, M|100/100
|switch|p2a: Mienshao|Mienshao, F, shiny|100/100
|turn|1
|
|t:|1665936817
|move|p1a: Aron|Protect|p1a: Aron
|-singleturn|p1a: Aron|Protect
|move|p2a: Mienshao|Knock Off|p1a: Aron
|-activate|p1a: Aron|move: Protect
|
|upkeep
|turn|2
|
|t:|1665936823
|move|p2a: Mienshao|Knock Off|p1a: Aron
|-ability|p1a: Aron|Sturdy
|-damage|p1a: Aron|9/100
|-enditem|p1a: Aron|Shell Bell|[from] move: Knock Off|[of] p2a: Mienshao
|-damage|p2a: Mienshao|91/100|[from] item: Life Orb
|move|p1a: Aron|Toxic|p2a: Mienshao
|-status|p2a: Mienshao|tox
|
|-damage|p2a: Mienshao|84/100 tox|[from] psn
|upkeep
|turn|3
|
|t:|1665936829
|move|p1a: Aron|Protect|p1a: Aron
|-singleturn|p1a: Aron|Protect
|move|p2a: Mienshao|U-turn|p1a: Aron
|-activate|p1a: Aron|move: Protect
|
|-damage|p2a: Mienshao|72/100 tox|[from] psn
|upkeep
|turn|4
|
|t:|1665936835
|switch|p1a: Tangrowth|Tangrowth, M|100/100
|move|p2a: Mienshao|Knock Off|p1a: Tangrowth
|-damage|p1a: Tangrowth|79/100
|-damage|p2a: Mienshao|55/100 tox|[from] item: Rocky Helmet|[of] p1a: Tangrowth
|-enditem|p1a: Tangrowth|Rocky Helmet|[from] move: Knock Off|[of] p2a: Mienshao
|-damage|p2a: Mienshao|45/100 tox|[from] item: Life Orb
|
|-damage|p2a: Mienshao|27/100 tox|[from] psn
|upkeep
|turn|5
|
|t:|1665936841
|move|p2a: Mienshao|U-turn|p1a: Tangrowth
|-supereffective|p1a: Tangrowth
|-damage|p1a: Tangrowth|48/100
|-damage|p2a: Mienshao|17/100 tox|[from] item: Life Orb
|
|t:|1665936846
|switch|p2a: Corviknight|Corviknight, M|100/100|[from]move: U-turn
|-ability|p2a: Corviknight|Pressure
|move|p1a: Tangrowth|Sleep Powder|p2a: Corviknight
|-status|p2a: Corviknight|slp|[from] move: Sleep Powder
|
|upkeep
|turn|6
|
|t:|1665936850
|cant|p2a: Corviknight|slp
|move|p1a: Tangrowth|Leech Seed|p2a: Corviknight|[miss]
|-miss|p1a: Tangrowth|p2a: Corviknight
|
|upkeep
|turn|7
|
|t:|1665936853
|cant|p2a: Corviknight|slp
|move|p1a: Tangrowth|Leech Seed|p2a: Corviknight
|-start|p2a: Corviknight|move: Leech Seed
|
|-damage|p2a: Corviknight|88/100 slp|[from] Leech Seed|[of] p1a: Tangrowth
|-heal|p1a: Tangrowth|60/100|[silent]
|upkeep
|turn|8
|
|t:|1665936855
|switch|p1a: Aron|Aron, L1, M|9/100
|cant|p2a: Corviknight|slp
|
|-damage|p2a: Corviknight|75/100 slp|[from] Leech Seed|[of] p1a: Aron
|-heal|p1a: Aron|100/100|[silent]
|upkeep
|turn|9
|
|t:|1665936862
|-curestatus|p2a: Corviknight|slp|[msg]
|move|p2a: Corviknight|U-turn|p1a: Aron
|-resisted|p1a: Aron
|-ability|p1a: Aron|Sturdy
|-damage|p1a: Aron|9/100
|
|t:|1665936868
|switch|p2a: Blacephalon|Blacephalon, shiny|100/100|[from]move: U-turn
|move|p1a: Aron|Endeavor|p2a: Blacephalon
|-immune|p2a: Blacephalon
|
|upkeep
|turn|10
|
|t:|1665936873
|switch|p2a: Mienshao|Mienshao, F, shiny|50/100 tox
|switch|p1a: Tyranitar|Tyranitar, F|100/100
|-weather|Sandstorm|[from] ability: Sand Stream|[of] p1a: Tyranitar
|
|-weather|Sandstorm|[upkeep]
|-damage|p2a: Mienshao|44/100 tox|[from] Sandstorm
|-damage|p2a: Mienshao|37/100 tox|[from] psn
|upkeep
|turn|11
|
|t:|1665936877
|switch|p1a: Aron|Aron, L1, M|9/100
|move|p2a: Mienshao|Close Combat|p1a: Aron
|-supereffective|p1a: Aron
|-crit|p1a: Aron
|-damage|p1a: Aron|0 fnt
|-unboost|p2a: Mienshao|def|1
|-unboost|p2a: Mienshao|spd|1
|faint|p1a: Aron
|-damage|p2a: Mienshao|27/100 tox|[from] item: Life Orb
|
|-weather|Sandstorm|[upkeep]
|-damage|p2a: Mienshao|21/100 tox|[from] Sandstorm
|-damage|p2a: Mienshao|9/100 tox|[from] psn
|upkeep
|
|t:|1665936884
|switch|p1a: Excadrill|Excadrill, M|100/100
|-item|p1a: Excadrill|Air Balloon
|turn|12
|
|t:|1665936887
|switch|p2a: Landorus|Landorus-Therian, M|100/100
|-ability|p2a: Landorus|Intimidate|boost
|-unboost|p1a: Excadrill|atk|1
|move|p1a: Excadrill|Swords Dance|p1a: Excadrill
|-boost|p1a: Excadrill|atk|2
|
|-weather|Sandstorm|[upkeep]
|upkeep
|turn|13
|
|t:|1665936890
|move|p1a: Excadrill|Swords Dance|p1a: Excadrill
|-boost|p1a: Excadrill|atk|2
|move|p2a: Landorus|U-turn|p1a: Excadrill
|-resisted|p1a: Excadrill
|-damage|p1a: Excadrill|84/100
|-enditem|p1a: Excadrill|Air Balloon
|
|t:|1665936894
|switch|p2a: Ninetales|Ninetales-Alola, M|100/100|[from]move: U-turn
|-weather|Hail|[from] ability: Snow Warning|[of] p2a: Ninetales
|
|-weather|Hail|[upkeep]
|-damage|p1a: Excadrill|78/100|[from] Hail
|upkeep
|turn|14
|
|t:|1665936898
|move|p2a: Ninetales|Blizzard|p1a: Excadrill
|-damage|p1a: Excadrill|2/100
|move|p1a: Excadrill|Rapid Spin|p2a: Ninetales
|-damage|p2a: Ninetales|33/100
|-boost|p1a: Excadrill|spe|1
|
|-weather|Hail|[upkeep]
|-damage|p1a: Excadrill|0 fnt|[from] Hail
|faint|p1a: Excadrill
|upkeep
|
|t:|1665936903
|switch|p1a: Tyranitar|Tyranitar, F|100/100
|-weather|Sandstorm|[from] ability: Sand Stream|[of] p1a: Tyranitar
|turn|15
|
|t:|1665936908
|switch|p2a: Landorus|Landorus-Therian, M|100/100
|-ability|p2a: Landorus|Intimidate|boost
|-unboost|p1a: Tyranitar|atk|1
|move|p1a: Tyranitar|Stealth Rock|p2a: Landorus
|-sidestart|p2: ty-tyui↻|move: Stealth Rock
|
|-weather|Sandstorm|[upkeep]
|upkeep
|turn|16
|
|t:|1665936911
|move|p2a: Landorus|Earthquake|p1a: Tyranitar
|-supereffective|p1a: Tyranitar
|-damage|p1a: Tyranitar|28/100
|move|p1a: Tyranitar|Ice Beam|p2a: Landorus
|-supereffective|p2a: Landorus
|-damage|p2a: Landorus|43/100
|
|-weather|Sandstorm|[upkeep]
|-heal|p2a: Landorus|49/100|[from] item: Leftovers
|upkeep
|turn|17
|
|t:|1665936917
|switch|p1a: Tangrowth|Tangrowth, M|93/100
|move|p2a: Landorus|U-turn|p1a: Tangrowth
|-supereffective|p1a: Tangrowth
|-damage|p1a: Tangrowth|68/100
|
|t:|1665936918
|switch|p2a: Blacephalon|Blacephalon, shiny|100/100|[from]move: U-turn
|-damage|p2a: Blacephalon|76/100|[from] Stealth Rock
|
|-weather|Sandstorm|[upkeep]
|-damage|p2a: Blacephalon|70/100|[from] Sandstorm
|-damage|p1a: Tangrowth|61/100|[from] Sandstorm
|upkeep
|turn|18
|
|t:|1665936925
|switch|p1a: Tapu Fini|Tapu Fini|100/100
|-fieldstart|move: Misty Terrain|[from] ability: Misty Surge|[of] p1a: Tapu Fini
|move|p2a: Blacephalon|Shadow Ball|p1a: Tapu Fini
|-damage|p1a: Tapu Fini|65/100
|
|-weather|Sandstorm|[upkeep]
|-damage|p2a: Blacephalon|64/100|[from] Sandstorm
|-damage|p1a: Tapu Fini|59/100|[from] Sandstorm
|-heal|p1a: Tapu Fini|65/100|[from] item: Leftovers
|upkeep
|turn|19
|
|t:|1665936933
|switch|p2a: Rotom|Rotom-Wash|100/100
|-damage|p2a: Rotom|88/100|[from] Stealth Rock
|move|p1a: Tapu Fini|Calm Mind|p1a: Tapu Fini
|-boost|p1a: Tapu Fini|spa|1
|-boost|p1a: Tapu Fini|spd|1
|
|-weather|Sandstorm|[upkeep]
|-damage|p2a: Rotom|82/100|[from] Sandstorm
|-damage|p1a: Tapu Fini|59/100|[from] Sandstorm
|-heal|p2a: Rotom|88/100|[from] item: Leftovers
|-heal|p1a: Tapu Fini|65/100|[from] item: Leftovers
|upkeep
|turn|20
|
|t:|1665936937
|move|p2a: Rotom|Volt Switch|p1a: Tapu Fini
|-supereffective|p1a: Tapu Fini
|-damage|p1a: Tapu Fini|41/100
|
|t:|1665936952
|switch|p2a: Landorus|Landorus-Therian, M|49/100|[from]move: Volt Switch
|-damage|p2a: Landorus|37/100|[from] Stealth Rock
|-ability|p2a: Landorus|Intimidate|boost
|-unboost|p1a: Tapu Fini|atk|1
|move|p1a: Tapu Fini|Draining Kiss|p2a: Landorus
|-damage|p2a: Landorus|18/100
|-heal|p1a: Tapu Fini|57/100|[from] drain|[of] p2a: Landorus
|
|-weather|Sandstorm|[upkeep]
|-damage|p1a: Tapu Fini|51/100|[from] Sandstorm
|-heal|p1a: Tapu Fini|57/100|[from] item: Leftovers
|-heal|p2a: Landorus|24/100|[from] item: Leftovers
|upkeep
|turn|21
|
|t:|1665936962
|move|p1a: Tapu Fini|Draining Kiss|p2a: Landorus
|-damage|p2a: Landorus|4/100
|-heal|p1a: Tapu Fini|73/100|[from] drain|[of] p2a: Landorus
|move|p2a: Landorus|Earthquake|p1a: Tapu Fini
|-damage|p1a: Tapu Fini|39/100
|
|-weather|Sandstorm|[upkeep]
|-damage|p1a: Tapu Fini|33/100|[from] Sandstorm
|-heal|p1a: Tapu Fini|39/100|[from] item: Leftovers
|-heal|p2a: Landorus|10/100|[from] item: Leftovers
|upkeep
|turn|22
|
|t:|1665936968
|move|p1a: Tapu Fini|Draining Kiss|p2a: Landorus
|-damage|p2a: Landorus|0 fnt
|-heal|p1a: Tapu Fini|47/100|[from] drain|[of] p2a: Landorus
|faint|p2a: Landorus
|
|-weather|none
|-heal|p1a: Tapu Fini|53/100|[from] item: Leftovers
|-fieldend|Misty Terrain
|upkeep
|
|t:|1665936974
|switch|p2a: Mienshao|Mienshao, F, shiny|42/100 tox
|-damage|p2a: Mienshao|35/100 tox|[from] Stealth Rock
|turn|23
|
|t:|1665936976
|move|p2a: Mienshao|Poison Jab|p1a: Tapu Fini
|-supereffective|p1a: Tapu Fini
|-damage|p1a: Tapu Fini|3/100
|-damage|p2a: Mienshao|25/100 tox|[from] item: Life Orb
|move|p1a: Tapu Fini|Draining Kiss|p2a: Mienshao
|-supereffective|p2a: Mienshao
|-crit|p2a: Mienshao
|-damage|p2a: Mienshao|0 fnt
|-heal|p1a: Tapu Fini|17/100|[from] drain|[of] p2a: Mienshao
|faint|p2a: Mienshao
|
|-heal|p1a: Tapu Fini|23/100|[from] item: Leftovers
|upkeep
|
|t:|1665936988
|switch|p2a: Rotom|Rotom-Wash|88/100
|-damage|p2a: Rotom|75/100|[from] Stealth Rock
|turn|24
|
|t:|1665936997
|switch|p1a: Tangrowth|Tangrowth, M|95/100
|move|p2a: Rotom|Volt Switch|p1a: Tangrowth
|-resisted|p1a: Tangrowth
|-damage|p1a: Tangrowth|77/100
|
|t:|1665937002
|switch|p2a: Corviknight|Corviknight, M|75/100|[from]move: Volt Switch
|-damage|p2a: Corviknight|63/100|[from] Stealth Rock
|-ability|p2a: Corviknight|Pressure
|
|upkeep
|turn|25
|
|t:|1665937007
|move|p2a: Corviknight|Defog|p1a: Tangrowth
|-unboost|p1a: Tangrowth|evasion|1
|-sideend|p2: ty-tyui↻|Stealth Rock|[from] move: Defog|[of] p2a: Corviknight
|move|p1a: Tangrowth|Leech Seed|p2a: Corviknight
|-start|p2a: Corviknight|move: Leech Seed
|
|-damage|p2a: Corviknight|50/100|[from] Leech Seed|[of] p1a: Tangrowth
|-heal|p1a: Tangrowth|89/100|[silent]
|upkeep
|turn|26
|
|t:|1665937013
|move|p2a: Corviknight|Roost|p2a: Corviknight
|-heal|p2a: Corviknight|100/100
|-singleturn|p2a: Corviknight|move: Roost
|move|p1a: Tangrowth|Sleep Powder|p2a: Corviknight
|-status|p2a: Corviknight|slp|[from] move: Sleep Powder
|
|-damage|p2a: Corviknight|88/100 slp|[from] Leech Seed|[of] p1a: Tangrowth
|-heal|p1a: Tangrowth|100/100|[silent]
|upkeep
|turn|27
|
|t:|1665937018
|switch|p2a: Ninetales|Ninetales-Alola, M|33/100
|-weather|Hail|[from] ability: Snow Warning|[of] p2a: Ninetales
|switch|p1a: Tapu Fini|Tapu Fini|23/100
|-fieldstart|move: Misty Terrain|[from] ability: Misty Surge|[of] p1a: Tapu Fini
|
|-weather|Hail|[upkeep]
|-damage|p1a: Tapu Fini|17/100|[from] Hail
|-heal|p1a: Tapu Fini|23/100|[from] item: Leftovers
|upkeep
|turn|28
|
|t:|1665937026
|move|p2a: Ninetales|Moonblast|p1a: Tapu Fini
|-damage|p1a: Tapu Fini|0 fnt
|faint|p1a: Tapu Fini
|
|-weather|Hail|[upkeep]
|upkeep
|
|t:|1665937028
|switch|p1a: Tyranitar|Tyranitar, F|28/100
|-weather|Sandstorm|[from] ability: Sand Stream|[of] p1a: Tyranitar
|turn|29
|
|t:|1665937048
|move|p2a: Ninetales|Moonblast|p1a: Tyranitar
|-supereffective|p1a: Tyranitar
|-damage|p1a: Tyranitar|0 fnt
|faint|p1a: Tyranitar
|
|-weather|Sandstorm|[upkeep]
|-damage|p2a: Ninetales|27/100|[from] Sandstorm
|upkeep
|
|t:|1665937050
|switch|p1a: Dracozolt|Dracozolt|100/100
|turn|30
|
|t:|1665937057
|switch|p2a: Rotom|Rotom-Wash|75/100
|move|p1a: Dracozolt|Bolt Beak|p2a: Rotom
|-damage|p2a: Rotom|0 fnt
|faint|p2a: Rotom
|-damage|p1a: Dracozolt|91/100|[from] item: Life Orb
|
|-weather|Sandstorm|[upkeep]
|upkeep
|
|t:|1665937059
|switch|p2a: Ninetales|Ninetales-Alola, M|27/100
|-weather|Hail|[from] ability: Snow Warning|[of] p2a: Ninetales
|turn|31
|c|☆ty-tyui↻|gg
|
|t:|1665937066
|move|p2a: Ninetales|Blizzard|p1a: Dracozolt
|-supereffective|p1a: Dracozolt
|-damage|p1a: Dracozolt|0 fnt
|faint|p1a: Dracozolt
|
|-weather|Hail|[upkeep]
|-fieldend|Misty Terrain
|upkeep
|-message|maxmoefoe pokemon forfeited.
|
|win|ty-tyui↻
|raw|maxmoefoe pokemon's rating: 1678 &rarr; <strong>1660</strong><br />(-18 for losing)
|raw|ty-tyui↻'s rating: 1712 &rarr; <strong>1730</strong><br />(+18 for winning)
|l|☆maxmoefoe pokemon
||Ladder isn't responding, score probably updated but might not have (Request timeout).
