|j|☆Makuryu
|j|☆ninjadouche
|t:|1657226969
|gametype|singles
|player|p1|Makuryu|koga|1696
|player|p2|ninjadouche|burglar|1646
|teamsize|p1|6
|teamsize|p2|6
|gen|8
|tier|[Gen 8] OU
|rated|
|rule|Sleep Clause Mod: Limit one foe put to sleep
|rule|Species Clause: Limit one of each Pokémon
|rule|OHKO Clause: OHKO moves are banned
|rule|Evasion Moves Clause: Evasion moves are banned
|rule|Endless Battle Clause: Forcing endless battles is banned
|rule|HP Percentage Mod: HP is shown in percentages
|rule|Dynamax Clause: You cannot dynamax
|clearpoke
|poke|p1|Nihilego|
|poke|p1|Zapdos-Galar|
|poke|p1|Kartana|
|poke|p1|Celesteela|
|poke|p1|Garchomp, F|
|poke|p1|Tapu Fini|
|poke|p2|Marowak-Alola, M|
|poke|p2|Ninetales, F|
|poke|p2|Rotom-Wash|
|poke|p2|Snorlax, F|
|poke|p2|Shiftry, M|
|poke|p2|Aggron, M|
|teampreview
|inactive|Battle timer is ON: inactive players will automatically lose when time's up. (requested by Makuryu)
|
|t:|1657226985
|start
|switch|p1a: Garchomp|Garchomp, F|100/100
|switch|p2a: Rotom|Rotom-Wash|100/100
|turn|1
|
|t:|1657226989
|move|p1a: Garchomp|Stealth Rock|p2a: Rotom
|-sidestart|p2: ninjadouche|move: Stealth Rock
|move|p2a: Rotom|Will-O-Wisp|p1a: Garchomp
|-status|p1a: Garchomp|brn
|
|-damage|p1a: Garchomp|94/100 brn|[from] brn
|upkeep
|turn|2
|
|t:|1657226995
|move|p1a: Garchomp|Toxic|p2a: Rotom
|-status|p2a: Rotom|tox
|move|p2a: Rotom|Defog|p1a: Garchomp
|-unboost|p1a: Garchomp|evasion|1
|-sideend|p2: ninjadouche|Stealth Rock|[from] move: Defog|[of] p2a: Rotom
|
|-damage|p2a: Rotom|95/100 tox|[from] psn
|-damage|p1a: Garchomp|88/100 brn|[from] brn
|upkeep
|turn|3
|
|t:|1657227004
|move|p1a: Garchomp|Stealth Rock|p2a: Rotom
|-sidestart|p2: ninjadouche|move: Stealth Rock
|move|p2a: Rotom|Hydro Pump|p1a: Garchomp
|-damage|p1a: Garchomp|54/100 brn
|
|-heal|p2a: Rotom|100/100 tox|[from] item: Leftovers
|-damage|p2a: Rotom|89/100 tox|[from] psn
|-damage|p1a: Garchomp|48/100 brn|[from] brn
|upkeep
|turn|4
|j| playinq
|
|t:|1657227012
|switch|p1a: Zapdos|Zapdos-Galar|100/100
|move|p2a: Rotom|Will-O-Wisp|p1a: Zapdos|[miss]
|-miss|p2a: Rotom|p1a: Zapdos
|
|-heal|p2a: Rotom|95/100 tox|[from] item: Leftovers
|-damage|p2a: Rotom|77/100 tox|[from] psn
|upkeep
|turn|5
|
|t:|1657227020
|move|p1a: Zapdos|Close Combat|p2a: Rotom
|-damage|p2a: Rotom|0 fnt
|-unboost|p1a: Zapdos|def|1
|-unboost|p1a: Zapdos|spd|1
|faint|p2a: Rotom
|
|upkeep
|
|t:|1657227023
|switch|p2a: Marowak|Marowak-Alola, M|100/100
|-damage|p2a: Marowak|76/100|[from] Stealth Rock
|turn|6
|
|t:|1657227029
|switch|p1a: Garchomp|Garchomp, F|48/100 brn
|move|p2a: Marowak|Poltergeist|p1a: Garchomp|[miss]
|-miss|p2a: Marowak|p1a: Garchomp
|
|-damage|p1a: Garchomp|41/100 brn|[from] brn
|upkeep
|turn|7
|
|t:|1657227036
|move|p1a: Garchomp|Earthquake|p2a: Marowak
|-supereffective|p2a: Marowak
|-damage|p2a: Marowak|28/100
|move|p2a: Marowak|Poltergeist|p1a: Garchomp|[miss]
|-miss|p2a: Marowak|p1a: Garchomp
|
|-damage|p1a: Garchomp|35/100 brn|[from] brn
|upkeep
|turn|8
|c|☆ninjadouche|ur team is badass bro
|c|☆ninjadouche|3 dodges
|c|☆ninjadouche|gg
|-message|ninjadouche forfeited.
|
|win|Makuryu
|raw|Makuryu's rating: 1696 &rarr; <strong>1713</strong><br />(+17 for winning)
|raw|ninjadouche's rating: 1646 &rarr; <strong>1629</strong><br />(-17 for losing)
|l|☆Makuryu
