|j|☆GGeorgie
|j|☆gaenisalbino
|t:|1647069402
|gametype|singles
|player|p1|GGeorgie|hiker-gen2|1814
|player|p2|gaenisalbino|blue|1778
|teamsize|p1|6
|teamsize|p2|6
|gen|8
|tier|[Gen 8] OU
|rated|
|rule|Sleep Clause Mod: Limit one foe put to sleep
|rule|Species Clause: Limit one of each Pokémon
|rule|OHKO Clause: OHKO moves are banned
|rule|Evasion Moves Clause: Evasion moves are banned
|rule|Endless Battle Clause: Forcing endless battles is banned
|rule|HP Percentage Mod: HP is shown in percentages
|rule|Dynamax Clause: You cannot dynamax
|clearpoke
|poke|p1|Zeraora|
|poke|p1|Landorus-Therian, M|
|poke|p1|Toxapex, M|
|poke|p1|Xatu, F|
|poke|p1|Kommo-o, M|
|poke|p1|Moltres-Galar|
|poke|p2|Toxtricity, M|
|poke|p2|Tapu Fini|
|poke|p2|Tornadus-Therian, M|
|poke|p2|Urshifu-*, M|
|poke|p2|Landorus-Therian, M|
|poke|p2|Ferrothorn, M|
|teampreview
|inactive|Battle timer is ON: inactive players will automatically lose when time's up. (requested by GGeorgie)
|
|t:|1647069428
|start
|switch|p1a: Landorus|Landorus-Therian, M|100/100
|switch|p2a: Dogo|Landorus-Therian, M, shiny|100/100
|-ability|p1a: Landorus|Intimidate|boost
|-unboost|p2a: Dogo|atk|1
|-ability|p2a: Dogo|Intimidate|boost
|-unboost|p1a: Landorus|atk|1
|turn|1
|j| nimiLW
|
|t:|1647069440
|move|p1a: Landorus|Knock Off|p2a: Dogo
|-damage|p2a: Dogo|68/100
|-enditem|p2a: Dogo|Leftovers|[from] move: Knock Off|[of] p1a: Landorus
|move|p2a: Dogo|U-turn|p1a: Landorus
|-resisted|p1a: Landorus
|-damage|p1a: Landorus|91/100
|
|t:|1647069445
|switch|p2a: Bruce Lee|Urshifu-Rapid-Strike, M|100/100|[from]move: U-turn
|
|upkeep
|turn|2
|j| eiurkjdfgsdfg
|j| SkipTheDripBayless
|
|t:|1647069454
|switch|p1a: Toxapex|Toxapex, M, shiny|100/100
|move|p2a: Bruce Lee|U-turn|p1a: Toxapex
|-resisted|p1a: Toxapex
|-damage|p1a: Toxapex|93/100
|
|t:|1647069457
|switch|p2a: Freddy|Toxtricity, M, shiny|100/100|[from]move: U-turn
|
|upkeep
|turn|3
|
|t:|1647069459
|move|p1a: Toxapex|Baneful Bunker|p1a: Toxapex
|-singleturn|p1a: Toxapex|move: Protect
|move|p2a: Freddy|Boomburst|p1a: Toxapex
|-activate|p1a: Toxapex|move: Protect
|
|upkeep
|turn|4
|
|t:|1647069464
|move|p2a: Freddy|Boomburst|p1a: Toxapex
|-damage|p1a: Toxapex|20/100
|move|p1a: Toxapex|Scald|p2a: Freddy
|-damage|p2a: Freddy|73/100
|
|upkeep
|turn|5
|
|t:|1647069469
|move|p1a: Toxapex|Baneful Bunker|p1a: Toxapex
|-singleturn|p1a: Toxapex|move: Protect
|move|p2a: Freddy|Boomburst|p1a: Toxapex
|-activate|p1a: Toxapex|move: Protect
|
|upkeep
|turn|6
|
|t:|1647069472
|switch|p1a: Xatu|Xatu, F|100/100
|move|p2a: Freddy|Boomburst|p1a: Xatu
|-damage|p1a: Xatu|16/100
|
|-damage|p1a: Xatu|3/100|[from] item: Sticky Barb
|upkeep
|turn|7
|
|t:|1647069480
|switch|p2a: Birb|Tornadus-Therian, M, shiny|100/100
|move|p1a: Xatu|Night Shade|p2a: Birb
|-damage|p2a: Birb|73/100
|
|-damage|p1a: Xatu|0 fnt|[from] item: Sticky Barb
|faint|p1a: Xatu
|upkeep
|
|t:|1647069482
|switch|p1a: Zeraora|Zeraora, shiny|100/100
|turn|8
|j| Fitzcarraldo
|c| SkipTheDripBayless|bro
|c| SkipTheDripBayless|did barb kill u again
|c|☆GGeorgie|no I died
|c|☆gaenisalbino|Denn
|inactive|gaenisalbino has 120 seconds left.
|
|t:|1647069518
|switch|p2a: Dogo|Landorus-Therian, M, shiny|68/100
|-ability|p2a: Dogo|Intimidate|boost
|-unboost|p1a: Zeraora|atk|1
|move|p1a: Zeraora|Close Combat|p2a: Dogo
|-resisted|p2a: Dogo
|-damage|p2a: Dogo|51/100
|-unboost|p1a: Zeraora|def|1
|-unboost|p1a: Zeraora|spd|1
|
|upkeep
|turn|9
|inactive|gaenisalbino has 120 seconds left.
|
|t:|1647069527
|switch|p1a: Landorus|Landorus-Therian, M|91/100
|-ability|p1a: Landorus|Intimidate|boost
|-unboost|p2a: Dogo|atk|1
|move|p2a: Dogo|U-turn|p1a: Landorus
|-resisted|p1a: Landorus
|-damage|p1a: Landorus|82/100
|inactive|gaenisalbino has 120 seconds left.
|
|t:|1647069535
|switch|p2a: Bruce Lee|Urshifu-Rapid-Strike, M|100/100|[from]move: U-turn
|
|upkeep
|turn|10
|
|t:|1647069538
|switch|p1a: Kommo-o|Kommo-o, M|100/100
|move|p2a: Bruce Lee|Surging Strikes|p1a: Kommo-o
|-resisted|p1a: Kommo-o
|-crit|p1a: Kommo-o
|-damage|p1a: Kommo-o|94/100
|-damage|p2a: Bruce Lee|84/100|[from] item: Rocky Helmet|[of] p1a: Kommo-o
|-resisted|p1a: Kommo-o
|-crit|p1a: Kommo-o
|-damage|p1a: Kommo-o|88/100
|-damage|p2a: Bruce Lee|68/100|[from] item: Rocky Helmet|[of] p1a: Kommo-o
|-resisted|p1a: Kommo-o
|-crit|p1a: Kommo-o
|-damage|p1a: Kommo-o|82/100
|-damage|p2a: Bruce Lee|51/100|[from] item: Rocky Helmet|[of] p1a: Kommo-o
|-hitcount|p1a: Kommo-o|3
|
|upkeep
|turn|11
|
|t:|1647069544
|switch|p2a: Raven|Tapu Fini, shiny|100/100
|-fieldstart|move: Misty Terrain|[from] ability: Misty Surge|[of] p2a: Raven
|move|p1a: Kommo-o|Stealth Rock|p2a: Raven
|-sidestart|p2: gaenisalbino|move: Stealth Rock
|
|upkeep
|turn|12
|
|t:|1647069549
|switch|p1a: Zeraora|Zeraora, shiny|100/100
|move|p2a: Raven|Moonblast|p1a: Zeraora
|-damage|p1a: Zeraora|61/100
|-unboost|p1a: Zeraora|spa|1
|
|upkeep
|turn|13
|
|t:|1647069558
|switch|p2a: Hugs for Free|Ferrothorn, M, shiny|100/100
|-damage|p2a: Hugs for Free|94/100|[from] Stealth Rock
|move|p1a: Zeraora|Close Combat|p2a: Hugs for Free
|-supereffective|p2a: Hugs for Free
|-damage|p2a: Hugs for Free|24/100
|-unboost|p1a: Zeraora|def|1
|-unboost|p1a: Zeraora|spd|1
|-damage|p1a: Zeraora|49/100|[from] ability: Iron Barbs|[of] p2a: Hugs for Free
|
|-heal|p2a: Hugs for Free|30/100|[from] item: Leftovers
|upkeep
|turn|14
|j| Nesnot
|
|t:|1647069562
|switch|p2a: Dogo|Landorus-Therian, M, shiny|51/100
|-damage|p2a: Dogo|39/100|[from] Stealth Rock
|-ability|p2a: Dogo|Intimidate|boost
|-unboost|p1a: Zeraora|atk|1
|move|p1a: Zeraora|Close Combat|p2a: Dogo
|-resisted|p2a: Dogo
|-damage|p2a: Dogo|24/100
|-unboost|p1a: Zeraora|def|1
|-unboost|p1a: Zeraora|spd|1
|
|upkeep
|turn|15
|
|t:|1647069569
|switch|p1a: Darkness|Moltres-Galar|100/100
|move|p2a: Dogo|U-turn|p1a: Darkness
|-damage|p1a: Darkness|72/100
|
|t:|1647069599
|switch|p2a: Raven|Tapu Fini, shiny|100/100|[from]move: U-turn
|-damage|p2a: Raven|88/100|[from] Stealth Rock
|
|-heal|p1a: Darkness|79/100|[from] item: Leftovers
|-heal|p2a: Raven|94/100|[from] item: Leftovers
|-fieldend|Misty Terrain
|upkeep
|turn|16
|
|t:|1647069605
|move|p1a: Darkness|Nasty Plot|p1a: Darkness
|-boost|p1a: Darkness|spa|2
|move|p2a: Raven|Moonblast|p1a: Darkness
|-supereffective|p1a: Darkness
|-damage|p1a: Darkness|19/100
|-ability|p1a: Darkness|Berserk|boost
|-boost|p1a: Darkness|spa|1
|
|-heal|p1a: Darkness|25/100|[from] item: Leftovers
|-heal|p2a: Raven|100/100|[from] item: Leftovers
|upkeep
|turn|17
|
|t:|1647069624
|switch|p2a: Dogo|Landorus-Therian, M, shiny|24/100
|-damage|p2a: Dogo|11/100|[from] Stealth Rock
|-ability|p2a: Dogo|Intimidate|boost
|-unboost|p1a: Darkness|atk|1
|move|p1a: Darkness|Hurricane|p2a: Dogo
|-damage|p2a: Dogo|0 fnt
|faint|p2a: Dogo
|
|-heal|p1a: Darkness|31/100|[from] item: Leftovers
|upkeep
|
|t:|1647069630
|switch|p2a: Bruce Lee|Urshifu-Rapid-Strike, M|51/100
|-damage|p2a: Bruce Lee|45/100|[from] Stealth Rock
|turn|18
|
|t:|1647069635
|switch|p1a: Toxapex|Toxapex, M, shiny|53/100
|move|p2a: Bruce Lee|Close Combat|p1a: Toxapex
|-resisted|p1a: Toxapex
|-damage|p1a: Toxapex|33/100
|-unboost|p2a: Bruce Lee|def|1
|-unboost|p2a: Bruce Lee|spd|1
|
|upkeep
|turn|19
|
|t:|1647069640
|switch|p2a: Freddy|Toxtricity, M, shiny|73/100
|-damage|p2a: Freddy|60/100|[from] Stealth Rock
|move|p1a: Toxapex|Recover|p1a: Toxapex
|-heal|p1a: Toxapex|83/100
|
|upkeep
|turn|20
|
|t:|1647069647
|switch|p1a: Darkness|Moltres-Galar|31/100
|move|p2a: Freddy|Boomburst|p1a: Darkness
|-damage|p1a: Darkness|0 fnt
|faint|p1a: Darkness
|
|upkeep
|
|t:|1647069650
|switch|p1a: Zeraora|Zeraora, shiny|49/100
|turn|21
|
|t:|1647069657
|switch|p2a: Hugs for Free|Ferrothorn, M, shiny|30/100
|-damage|p2a: Hugs for Free|24/100|[from] Stealth Rock
|move|p1a: Zeraora|Plasma Fists|p2a: Hugs for Free
|-resisted|p2a: Hugs for Free
|-damage|p2a: Hugs for Free|2/100
|-fieldactivate|move: Ion Deluge
|-hint|Normal-type moves become Electric-type after using Plasma Fists.
|-damage|p1a: Zeraora|37/100|[from] ability: Iron Barbs|[of] p2a: Hugs for Free
|
|-heal|p2a: Hugs for Free|8/100|[from] item: Leftovers
|upkeep
|turn|22
|
|t:|1647069668
|move|p1a: Zeraora|Plasma Fists|p2a: Hugs for Free
|-resisted|p2a: Hugs for Free
|-damage|p2a: Hugs for Free|0 fnt
|-fieldactivate|move: Ion Deluge
|-hint|Normal-type moves become Electric-type after using Plasma Fists.
|-damage|p1a: Zeraora|24/100|[from] ability: Iron Barbs|[of] p2a: Hugs for Free
|faint|p2a: Hugs for Free
|
|upkeep
|
|t:|1647069674
|switch|p2a: Bruce Lee|Urshifu-Rapid-Strike, M|45/100
|-damage|p2a: Bruce Lee|39/100|[from] Stealth Rock
|turn|23
|
|t:|1647069679
|switch|p1a: Kommo-o|Kommo-o, M|82/100
|move|p2a: Bruce Lee|Close Combat|p1a: Kommo-o
|-damage|p1a: Kommo-o|42/100
|-unboost|p2a: Bruce Lee|def|1
|-unboost|p2a: Bruce Lee|spd|1
|-damage|p2a: Bruce Lee|22/100|[from] item: Rocky Helmet|[of] p1a: Kommo-o
|
|upkeep
|turn|24
|j| Funny Mud Pee
|inactive|gaenisalbino has 120 seconds left.
|c|☆gaenisalbino|I don't have the balls to click it again on the double lol
|c|☆GGeorgie|I don't have the balls to double either
|
|t:|1647069737
|switch|p2a: Raven|Tapu Fini, shiny|100/100
|-damage|p2a: Raven|88/100|[from] Stealth Rock
|-fieldstart|move: Misty Terrain|[from] ability: Misty Surge|[of] p2a: Raven
|move|p1a: Kommo-o|Toxic|p2a: Raven
|-activate|p2a: Raven|move: Misty Terrain
|
|-heal|p2a: Raven|94/100|[from] item: Leftovers
|upkeep
|turn|25
|j| zttyt
|inactive|GGeorgie has 120 seconds left.
|inactive|gaenisalbino has 90 seconds left.
|
|t:|1647069758
|switch|p1a: Landorus|Landorus-Therian, M|82/100
|-ability|p1a: Landorus|Intimidate|boost
|-unboost|p2a: Raven|atk|1
|move|p2a: Raven|Moonblast|p1a: Landorus
|-damage|p1a: Landorus|40/100
|-unboost|p1a: Landorus|spa|1
|
|-heal|p2a: Raven|100/100|[from] item: Leftovers
|upkeep
|turn|26
|inactive|gaenisalbino has 90 seconds left.
|
|t:|1647069764
|switch|p2a: Birb|Tornadus-Therian, M, shiny|100/100
|move|p1a: Landorus|Earthquake|p2a: Birb
|-immune|p2a: Birb
|
|upkeep
|turn|27
|
|t:|1647069768
|move|p2a: Birb|U-turn|p1a: Landorus
|-resisted|p1a: Landorus
|-crit|p1a: Landorus
|-damage|p1a: Landorus|26/100
|
|t:|1647069776
|switch|p2a: Raven|Tapu Fini, shiny|100/100|[from]move: U-turn
|-damage|p2a: Raven|88/100|[from] Stealth Rock
|move|p1a: Landorus|Earthquake|p2a: Raven
|-damage|p2a: Raven|19/100
|
|-heal|p2a: Raven|25/100|[from] item: Leftovers
|upkeep
|turn|28
|c|☆gaenisalbino|Shit
|
|t:|1647069787
|switch|p2a: Birb|Tornadus-Therian, M, shiny|100/100
|move|p1a: Landorus|Earthquake|p2a: Birb
|-immune|p2a: Birb
|
|-fieldend|Misty Terrain
|upkeep
|turn|29
|
|t:|1647069790
|move|p2a: Birb|Knock Off|p1a: Landorus
|-damage|p1a: Landorus|3/100
|-enditem|p1a: Landorus|Choice Band|[from] move: Knock Off|[of] p2a: Birb
|move|p1a: Landorus|Earthquake|p2a: Birb
|-immune|p2a: Birb
|
|upkeep
|turn|30
|
|t:|1647069793
|move|p2a: Birb|U-turn|p1a: Landorus
|-resisted|p1a: Landorus
|-damage|p1a: Landorus|0 fnt
|faint|p1a: Landorus
|
|t:|1647069798
|switch|p2a: Bruce Lee|Urshifu-Rapid-Strike, M|22/100|[from]move: U-turn
|-damage|p2a: Bruce Lee|16/100|[from] Stealth Rock
|
|upkeep
|
|t:|1647069801
|switch|p1a: Kommo-o|Kommo-o, M|42/100
|turn|31
|c| SkipTheDripBayless|the 50/50
|
|t:|1647069813
|switch|p2a: Birb|Tornadus-Therian, M, shiny|100/100
|move|p1a: Kommo-o|Body Press|p2a: Birb
|-resisted|p2a: Birb
|-damage|p2a: Birb|75/100
|
|upkeep
|turn|32
|c|☆GGeorgie|oh I forgor
|
|t:|1647069821
|switch|p1a: Toxapex|Toxapex, M, shiny|100/100
|move|p2a: Birb|Knock Off|p1a: Toxapex
|-damage|p1a: Toxapex|87/100
|-enditem|p1a: Toxapex|Shed Shell|[from] move: Knock Off|[of] p2a: Birb
|
|upkeep
|turn|33
|
|t:|1647069825
|move|p1a: Toxapex|Baneful Bunker|p1a: Toxapex
|-singleturn|p1a: Toxapex|move: Protect
|move|p2a: Birb|Defog|p1a: Toxapex
|-activate|p1a: Toxapex|move: Protect
|
|upkeep
|turn|34
|
|t:|1647069831
|move|p2a: Birb|Defog|p1a: Toxapex
|-unboost|p1a: Toxapex|evasion|1
|-sideend|p2: gaenisalbino|Stealth Rock|[from] move: Defog|[of] p2a: Birb
|move|p1a: Toxapex|Scald|p2a: Birb
|-damage|p2a: Birb|58/100
|
|upkeep
|turn|35
|c| SkipTheDripBayless|bro
|c| SkipTheDripBayless|u should of went
|c| SkipTheDripBayless|into the demon
|n|!GGeorgie|ggeorgie
|l| eiurkjdfgsdfg
|c|☆gaenisalbino|I need to keep shifu healthy bro
|c| SkipTheDripBayless|not u
|
|t:|1647069857
|move|p2a: Birb|U-turn|p1a: Toxapex
|-resisted|p1a: Toxapex
|-crit|p1a: Toxapex
|-damage|p1a: Toxapex|80/100
|
|t:|1647069859
|switch|p2a: Freddy|Toxtricity, M, shiny|60/100|[from]move: U-turn
|move|p1a: Toxapex|Scald|p2a: Freddy
|-damage|p2a: Freddy|36/100
|
|upkeep
|turn|36
|
|t:|1647069864
|move|p1a: Toxapex|Baneful Bunker|p1a: Toxapex
|-singleturn|p1a: Toxapex|move: Protect
|move|p2a: Freddy|Boomburst|p1a: Toxapex
|-activate|p1a: Toxapex|move: Protect
|
|upkeep
|turn|37
|
|t:|1647069869
|move|p2a: Freddy|Boomburst|p1a: Toxapex
|-damage|p1a: Toxapex|13/100
|move|p1a: Toxapex|Scald|p2a: Freddy
|-damage|p2a: Freddy|9/100
|-status|p2a: Freddy|brn
|
|-damage|p2a: Freddy|3/100 brn|[from] brn
|upkeep
|turn|38
|
|t:|1647069875
|move|p1a: Toxapex|Baneful Bunker|p1a: Toxapex
|-singleturn|p1a: Toxapex|move: Protect
|move|p2a: Freddy|Boomburst|p1a: Toxapex
|-activate|p1a: Toxapex|move: Protect
|
|-damage|p2a: Freddy|0 fnt|[from] brn
|faint|p2a: Freddy
|upkeep
|c| SkipTheDripBayless|based pex
|
|t:|1647069880
|switch|p2a: Raven|Tapu Fini, shiny|25/100
|-fieldstart|move: Misty Terrain|[from] ability: Misty Surge|[of] p2a: Raven
|turn|39
|
|t:|1647069888
|move|p2a: Raven|Moonblast|p1a: Toxapex
|-resisted|p1a: Toxapex
|-damage|p1a: Toxapex|0 fnt
|faint|p1a: Toxapex
|
|-heal|p2a: Raven|31/100|[from] item: Leftovers
|upkeep
|c| Nesnot|This is ×hy Toxapex is cancerous
|
|t:|1647069890
|switch|p1a: Zeraora|Zeraora, shiny|24/100
|turn|40
|c| Nesnot|It does more defensively than offensive mons
|c|☆gaenisalbino|Now it's all mind games
|c| SkipTheDripBayless|ye
|inactive|gaenisalbino has 120 seconds left.
|c| SkipTheDripBayless|it's all based of this next turn
|c|☆gaenisalbino|Not this turn tbh
|inactive|gaenisalbino has 90 seconds left.
|c|☆gaenisalbino|The turn where I go urshifu
|c|☆gaenisalbino|He stays in or doubles
|j| Swagataka
|j| Mimikyu Stardust
|c| SkipTheDripBayless|well
|j| light brown hash
|c| SkipTheDripBayless|ye
|c| SkipTheDripBayless|thats the next turn
|c| SkipTheDripBayless|lol
|inactive|gaenisalbino has 60 seconds left.
|c|☆gaenisalbino|Lol ight
|
|t:|1647069992
|switch|p2a: Birb|Tornadus-Therian, M, shiny|91/100
|move|p1a: Zeraora|Plasma Fists|p2a: Birb
|-supereffective|p2a: Birb
|-damage|p2a: Birb|0 fnt
|-fieldactivate|move: Ion Deluge
|-hint|Normal-type moves become Electric-type after using Plasma Fists.
|faint|p2a: Birb
|
|upkeep
|
|t:|1647070001
|switch|p2a: Bruce Lee|Urshifu-Rapid-Strike, M|16/100
|turn|41
|j| B0R3D0M
|j| YUNG GOAT
|c| Nesnot|Doesn't really seem like anything besides a guess
|j| Zoroark The Master
|c|☆gaenisalbino|Yeah
|c| SkipTheDripBayless|thats
|c| SkipTheDripBayless|mons
|l| Funny Mud Pee
|c| SkipTheDripBayless|for ya
|c|☆gaenisalbino|I could have played the endgame better
|c|☆gaenisalbino|Gotten in tox safely and all
|c| SkipTheDripBayless|just play it better
|c| SkipTheDripBayless|right now
|inactive|gaenisalbino has 30 seconds left.
|inactive|GGeorgie has 120 seconds left.
|c|☆gaenisalbino|It's guesses now lol
|inactive|gaenisalbino has 20 seconds left.
|c| SkipTheDripBayless|be the better guesser
|inactive|gaenisalbino has 15 seconds left.
|inactive|gaenisalbino has 10 seconds left.
|
|t:|1647070053
|switch|p2a: Raven|Tapu Fini, shiny|31/100
|move|p1a: Zeraora|Plasma Fists|p2a: Raven
|-supereffective|p2a: Raven
|-damage|p2a: Raven|0 fnt
|-fieldactivate|move: Ion Deluge
|-hint|Normal-type moves become Electric-type after using Plasma Fists.
|faint|p2a: Raven
|
|upkeep
|inactive|gaenisalbino has 15 seconds left this turn.
|c| Nesnot|Mega evolve
|c|☆gaenisalbino|Ah gg
|inactive|gaenisalbino has 10 seconds left.
|
|t:|1647070060
|switch|p2a: Bruce Lee|Urshifu-Rapid-Strike, M|16/100
|turn|42
|inactive|gaenisalbino has 20 seconds left this turn.
|l| Nesnot
|c| Zoroark The Master|lol
|
|t:|1647070062
|switch|p1a: Kommo-o|Kommo-o, M|42/100
|move|p2a: Bruce Lee|Ice Punch|p1a: Kommo-o
|-supereffective|p1a: Kommo-o
|-damage|p1a: Kommo-o|9/100
|-damage|p2a: Bruce Lee|0 fnt|[from] item: Rocky Helmet|[of] p1a: Kommo-o
|faint|p2a: Bruce Lee
|
|win|GGeorgie
|inactive|gaenisalbino has 25 seconds left this turn.
|raw|GGeorgie's rating: 1814 &rarr; <strong>1832</strong><br />(+18 for winning)
|raw|gaenisalbino's rating: 1778 &rarr; <strong>1760</strong><br />(-18 for losing)
|n| B0R3D0M|b0r3d0m
|c| Swagataka|hes definitely not switching to escavalier, i can say that much
|j| julian113
