|j|☆Meroz
|j|☆minimax_ai
|t:|1663145556
|gametype|singles
|player|p1|Meroz|palmer|1654
|player|p2|minimax_ai|lusamine-nihilego|1615
|teamsize|p1|6
|teamsize|p2|6
|gen|8
|tier|[Gen 8] OU
|rated|
|rule|Sleep Clause Mod: Limit one foe put to sleep
|rule|Species Clause: Limit one of each Pokémon
|rule|OHKO Clause: OHKO moves are banned
|rule|Evasion Items Clause: Evasion items are banned
|rule|Evasion Moves Clause: Evasion moves are banned
|rule|Endless Battle Clause: Forcing endless battles is banned
|rule|HP Percentage Mod: HP is shown in percentages
|rule|Dynamax Clause: You cannot dynamax
|clearpoke
|poke|p1|Kartana|
|poke|p1|Tapu Lele|
|poke|p1|Tornadus-Therian, M|
|poke|p1|Hippowdon, M|
|poke|p1|Umbreon, M|
|poke|p1|Toxapex, M|
|poke|p2|Rotom-Wash|
|poke|p2|Weavile, F|
|poke|p2|Landorus-Therian, M|
|poke|p2|Heatran, M|
|poke|p2|Tangrowth, M|
|poke|p2|Melmetal|
|teampreview
|c|☆minimax_ai|hf
|inactive|Battle timer is ON: inactive players will automatically lose when time's up. (requested by minimax_ai)
|
|t:|1663145573
|start
|switch|p1a: Tapu Lele|Tapu Lele|100/100
|switch|p2a: Heatran|Heatran, M|100/100
|-fieldstart|move: Psychic Terrain|[from] ability: Psychic Surge|[of] p1a: Tapu Lele
|-item|p2a: Heatran|Air Balloon
|turn|1
|
|t:|1663145577
|switch|p2a: Melmetal|Melmetal|100/100
|move|p1a: Tapu Lele|Focus Blast|p2a: Melmetal
|-supereffective|p2a: Melmetal
|-damage|p2a: Melmetal|28/100
|
|upkeep
|turn|2
|
|t:|1663145583
|switch|p1a: Hippowdon|Hippowdon, M|100/100
|-weather|Sandstorm|[from] ability: Sand Stream|[of] p1a: Hippowdon
|switch|p2a: landorustherian|Landorus-Therian, M|100/100
|-ability|p2a: landorustherian|Intimidate|boost
|-unboost|p1a: Hippowdon|atk|1
|
|-weather|Sandstorm|[upkeep]
|upkeep
|turn|3
|
|t:|1663145585
|move|p2a: landorustherian|Toxic|p1a: Hippowdon
|-status|p1a: Hippowdon|tox
|move|p1a: Hippowdon|Toxic|p2a: landorustherian
|-status|p2a: landorustherian|tox
|
|-weather|Sandstorm|[upkeep]
|-damage|p2a: landorustherian|94/100 tox|[from] psn
|-damage|p1a: Hippowdon|94/100 tox|[from] psn
|upkeep
|turn|4
|
|t:|1663145588
|move|p2a: landorustherian|Earthquake|p1a: Hippowdon
|-damage|p1a: Hippowdon|64/100 tox
|move|p1a: Hippowdon|Stealth Rock|p2a: landorustherian
|-sidestart|p2: minimax_ai|move: Stealth Rock
|
|-weather|Sandstorm|[upkeep]
|-heal|p2a: landorustherian|100/100 tox|[from] item: Leftovers
|-heal|p1a: Hippowdon|70/100 tox|[from] item: Leftovers
|-damage|p2a: landorustherian|88/100 tox|[from] psn
|-damage|p1a: Hippowdon|57/100 tox|[from] psn
|upkeep
|turn|5
|
|t:|1663145592
|move|p2a: landorustherian|Defog|p1a: Hippowdon
|-unboost|p1a: Hippowdon|evasion|1
|-sideend|p2: minimax_ai|Stealth Rock|[from] move: Defog|[of] p2a: landorustherian
|-fieldend|move: Psychic Terrain
|move|p1a: Hippowdon|Slack Off|p1a: Hippowdon
|-heal|p1a: Hippowdon|100/100 tox
|
|-weather|Sandstorm|[upkeep]
|-heal|p2a: landorustherian|94/100 tox|[from] item: Leftovers
|-damage|p2a: landorustherian|76/100 tox|[from] psn
|-damage|p1a: Hippowdon|82/100 tox|[from] psn
|upkeep
|turn|6
|
|t:|1663145595
|switch|p1a: Umbreon|Umbreon, M|100/100
|move|p2a: landorustherian|Earthquake|p1a: Umbreon
|-damage|p1a: Umbreon|72/100
|
|-weather|none
|-heal|p2a: landorustherian|82/100 tox|[from] item: Leftovers
|-heal|p1a: Umbreon|78/100|[from] item: Leftovers
|-damage|p2a: landorustherian|58/100 tox|[from] psn
|upkeep
|turn|7
|
|t:|1663145600
|move|p2a: landorustherian|U-turn|p1a: Umbreon
|-supereffective|p1a: Umbreon
|-damage|p1a: Umbreon|54/100
|
|t:|1663145600
|switch|p2a: Heatran|Heatran, M|100/100|[from]move: U-turn
|-item|p2a: Heatran|Air Balloon
|move|p1a: Umbreon|Wish|p1a: Umbreon
|
|-heal|p1a: Umbreon|60/100|[from] item: Leftovers
|upkeep
|turn|8
|
|t:|1663145620
|switch|p1a: Toxapex|Toxapex, M|100/100
|move|p2a: Heatran|Stealth Rock|p1a: Toxapex
|-sidestart|p1: Meroz|move: Stealth Rock
|
|upkeep
|turn|9
|
|t:|1663145627
|switch|p1a: Umbreon|Umbreon, M|60/100
|-damage|p1a: Umbreon|47/100|[from] Stealth Rock
|move|p2a: Heatran|Magma Storm|p1a: Umbreon
|-damage|p1a: Umbreon|9/100
|-activate|p1a: Umbreon|move: Magma Storm|[of] p2a: Heatran
|
|-heal|p1a: Umbreon|15/100|[from] item: Leftovers
|-damage|p1a: Umbreon|3/100|[from] move: Magma Storm|[partiallytrapped]
|upkeep
|turn|10
|
|t:|1663145631
|move|p2a: Heatran|Eruption|p1a: Umbreon
|-damage|p1a: Umbreon|0 fnt
|faint|p1a: Umbreon
|
|upkeep
|
|t:|1663145635
|switch|p1a: Kartana|Kartana|100/100
|-damage|p1a: Kartana|94/100|[from] Stealth Rock
|turn|11
|
|t:|1663145639
|switch|p1a: Tapu Lele|Tapu Lele|100/100
|-damage|p1a: Tapu Lele|88/100|[from] Stealth Rock
|-fieldstart|move: Psychic Terrain|[from] ability: Psychic Surge|[of] p1a: Tapu Lele
|switch|p2a: Tangrowth|Tangrowth, M|100/100
|
|upkeep
|turn|12
|
|t:|1663145647
|switch|p2a: Melmetal|Melmetal|28/100
|move|p1a: Tapu Lele|Moonblast|p2a: Melmetal
|-resisted|p2a: Melmetal
|-damage|p2a: Melmetal|6/100
|-unboost|p2a: Melmetal|spa|1
|
|upkeep
|turn|13
|
|t:|1663145650
|switch|p2a: Heatran|Heatran, M|100/100
|-item|p2a: Heatran|Air Balloon
|move|p1a: Tapu Lele|Moonblast|p2a: Heatran
|-resisted|p2a: Heatran
|-damage|p2a: Heatran|80/100
|-enditem|p2a: Heatran|Air Balloon
|
|upkeep
|turn|14
|
|t:|1663145654
|switch|p1a: Toxapex|Toxapex, M|100/100
|-damage|p1a: Toxapex|88/100|[from] Stealth Rock
|move|p2a: Heatran|Magma Storm|p1a: Toxapex
|-resisted|p1a: Toxapex
|-damage|p1a: Toxapex|66/100
|-activate|p1a: Toxapex|move: Magma Storm|[of] p2a: Heatran
|
|-damage|p1a: Toxapex|53/100|[from] move: Magma Storm|[partiallytrapped]
|upkeep
|turn|15
|
|t:|1663145659
|switch|p1a: Tornadus|Tornadus-Therian, M, shiny|100/100
|move|p2a: Heatran|Eruption|p1a: Tornadus
|-damage|p1a: Tornadus|35/100
|
|-fieldend|move: Psychic Terrain
|upkeep
|turn|16
|
|t:|1663145664
|move|p1a: Tornadus|U-turn|p2a: Heatran
|-resisted|p2a: Heatran
|-damage|p2a: Heatran|76/100
|
|t:|1663145666
|switch|p1a: Toxapex|Toxapex, M|87/100|[from]move: U-turn
|-damage|p1a: Toxapex|74/100|[from] Stealth Rock
|move|p2a: Heatran|Eruption|p1a: Toxapex
|-resisted|p1a: Toxapex
|-damage|p1a: Toxapex|51/100
|
|upkeep
|turn|17
|
|t:|1663145671
|move|p2a: Heatran|Eruption|p1a: Toxapex
|-resisted|p1a: Toxapex
|-damage|p1a: Toxapex|26/100
|move|p1a: Toxapex|Scald|p2a: Heatran
|-supereffective|p2a: Heatran
|-damage|p2a: Heatran|48/100
|
|upkeep
|turn|18
|
|t:|1663145682
|switch|p1a: Tornadus|Tornadus-Therian, M, shiny|68/100
|move|p2a: Heatran|Magma Storm|p1a: Tornadus
|-damage|p1a: Tornadus|16/100
|-activate|p1a: Tornadus|move: Magma Storm|[of] p2a: Heatran
|
|-damage|p1a: Tornadus|4/100|[from] move: Magma Storm|[partiallytrapped]
|upkeep
|turn|19
|
|t:|1663145686
|move|p1a: Tornadus|Hurricane|p2a: Heatran
|-resisted|p2a: Heatran
|-damage|p2a: Heatran|27/100
|-start|p2a: Heatran|confusion
|-activate|p2a: Heatran|confusion
|move|p2a: Heatran|Magma Storm|p1a: Tornadus
|-damage|p1a: Tornadus|0 fnt
|faint|p1a: Tornadus
|
|upkeep
|
|t:|1663145692
|switch|p1a: Hippowdon|Hippowdon, M|82/100 tox
|-damage|p1a: Hippowdon|76/100 tox|[from] Stealth Rock
|-weather|Sandstorm|[from] ability: Sand Stream|[of] p1a: Hippowdon
|turn|20
|
|t:|1663145694
|switch|p2a: Weavile|Weavile, F|100/100
|-ability|p2a: Weavile|Pressure
|move|p1a: Hippowdon|Stealth Rock|p2a: Weavile
|-sidestart|p2: minimax_ai|move: Stealth Rock
|
|-weather|Sandstorm|[upkeep]
|-damage|p2a: Weavile|94/100|[from] Sandstorm
|-heal|p1a: Hippowdon|82/100 tox|[from] item: Leftovers
|-damage|p1a: Hippowdon|76/100 tox|[from] psn
|upkeep
|turn|21
|
|t:|1663145702
|move|p2a: Weavile|Triple Axel|p1a: Hippowdon
|-supereffective|p1a: Hippowdon
|-damage|p1a: Hippowdon|54/100 tox
|-hitcount|p1a: Hippowdon|1
|move|p1a: Hippowdon|Toxic|p2a: Weavile
|-status|p2a: Weavile|tox
|
|-weather|Sandstorm|[upkeep]
|-damage|p2a: Weavile|88/100 tox|[from] Sandstorm
|-heal|p1a: Hippowdon|60/100 tox|[from] item: Leftovers
|-damage|p2a: Weavile|82/100 tox|[from] psn
|-damage|p1a: Hippowdon|48/100 tox|[from] psn
|upkeep
|turn|22
|
|t:|1663145707
|move|p2a: Weavile|Triple Axel|p1a: Hippowdon
|-supereffective|p1a: Hippowdon
|-damage|p1a: Hippowdon|27/100 tox
|-supereffective|p1a: Hippowdon
|-damage|p1a: Hippowdon|0 fnt
|faint|p1a: Hippowdon
|-hitcount|p1: Hippowdon|2
|
|-weather|Sandstorm|[upkeep]
|-damage|p2a: Weavile|76/100 tox|[from] Sandstorm
|-damage|p2a: Weavile|64/100 tox|[from] psn
|upkeep
|
|t:|1663145710
|switch|p1a: Toxapex|Toxapex, M|59/100
|-damage|p1a: Toxapex|47/100|[from] Stealth Rock
|turn|23
|
|t:|1663145712
|switch|p2a: Tangrowth|Tangrowth, M|100/100
|-damage|p2a: Tangrowth|88/100|[from] Stealth Rock
|move|p1a: Toxapex|Recover|p1a: Toxapex
|-heal|p1a: Toxapex|97/100
|
|-weather|Sandstorm|[upkeep]
|-damage|p2a: Tangrowth|82/100|[from] Sandstorm
|-damage|p1a: Toxapex|91/100|[from] Sandstorm
|upkeep
|turn|24
|
|t:|1663145717
|switch|p1a: Kartana|Kartana|94/100
|-damage|p1a: Kartana|88/100|[from] Stealth Rock
|move|p2a: Tangrowth|Sleep Powder|p1a: Kartana
|-immune|p1a: Kartana
|
|-weather|none
|upkeep
|turn|25
|
|t:|1663145720
|switch|p1a: Tapu Lele|Tapu Lele|88/100
|-damage|p1a: Tapu Lele|76/100|[from] Stealth Rock
|-fieldstart|move: Psychic Terrain|[from] ability: Psychic Surge|[of] p1a: Tapu Lele
|move|p2a: Tangrowth|Sleep Powder|p1a: Tapu Lele
|-status|p1a: Tapu Lele|slp|[from] move: Sleep Powder
|
|upkeep
|turn|26
|-message|Meroz forfeited.
|
|win|minimax_ai
|raw|Meroz's rating: 1654 &rarr; <strong>1632</strong><br />(-22 for losing)
|raw|minimax_ai's rating: 1615 &rarr; <strong>1637</strong><br />(+22 for winning)
|c|☆minimax_ai|gg
|l|☆Meroz
