|raw|<div class="broadcast-blue"><strong>This battle is required to be public due to a player having a name starting with 'lt94je'.</div>
|j|☆LT94JE Lio
|j|☆bramitoboy
|t:|1661382938
|gametype|singles
|player|p1|LT94JE Lio|266|1850
|player|p2|bramitoboy|170|1825
|teamsize|p1|6
|teamsize|p2|6
|gen|8
|tier|[Gen 8] OU
|rated|
|rule|Sleep Clause Mod: Limit one foe put to sleep
|rule|Species Clause: Limit one of each Pokémon
|rule|OHKO Clause: OHKO moves are banned
|rule|Evasion Items Clause: Evasion items are banned
|rule|Evasion Moves Clause: Evasion moves are banned
|rule|Endless Battle Clause: Forcing endless battles is banned
|rule|HP Percentage Mod: HP is shown in percentages
|rule|Dynamax Clause: You cannot dynamax
|clearpoke
|poke|p1|Tapu Lele|
|poke|p1|Kartana|
|poke|p1|Weavile, F|
|poke|p1|Heatran, M|
|poke|p1|Toxapex, M|
|poke|p1|Landorus-Therian, M|
|poke|p2|Zarude-Dada|
|poke|p2|Keldeo-Resolute|
|poke|p2|Tapu Lele|
|poke|p2|Tapu Koko|
|poke|p2|Heatran, M|
|poke|p2|Landorus-Therian, M|
|teampreview
|
|t:|1661382954
|start
|switch|p1a: Kartana|Kartana|100/100
|switch|p2a: Keldeo|Keldeo-Resolute|100/100
|turn|1
|
|t:|1661382959
|switch|p1a: Toxapex|Toxapex, M|100/100
|switch|p2a: Landorus|Landorus-Therian, M|100/100
|-ability|p2a: Landorus|Intimidate|boost
|-unboost|p1a: Toxapex|atk|1
|
|upkeep
|turn|2
|
|t:|1661382966
|move|p2a: Landorus|Swords Dance|p2a: Landorus
|-boost|p2a: Landorus|atk|2
|move|p1a: Toxapex|Scald|p2a: Landorus
|-supereffective|p2a: Landorus
|-damage|p2a: Landorus|66/100
|
|upkeep
|turn|3
|
|t:|1661382974
|switch|p1a: Landorus|Landorus-Therian, M|100/100
|-ability|p1a: Landorus|Intimidate|boost
|-unboost|p2a: Landorus|atk|1
|move|p2a: Landorus|Knock Off|p1a: Landorus
|-damage|p1a: Landorus|66/100
|-enditem|p1a: Landorus|Leftovers|[from] move: Knock Off|[of] p2a: Landorus
|
|upkeep
|turn|4
|
|t:|1661382979
|move|p2a: Landorus|Knock Off|p1a: Landorus
|-damage|p1a: Landorus|44/100
|move|p1a: Landorus|U-turn|p2a: Landorus
|-resisted|p2a: Landorus
|-damage|p2a: Landorus|58/100
|-damage|p1a: Landorus|27/100|[from] item: Rocky Helmet|[of] p2a: Landorus
|
|t:|1661382981
|switch|p1a: Kartana|Kartana|100/100|[from]move: U-turn
|
|upkeep
|turn|5
|j| inteleonenduser
|
|t:|1661382987
|switch|p2a: Heatran|Heatran, M|100/100
|-item|p2a: Heatran|Air Balloon
|move|p1a: Kartana|Knock Off|p2a: Heatran
|-damage|p2a: Heatran|49/100
|-enditem|p2a: Heatran|Air Balloon
|
|upkeep
|turn|6
|
|t:|1661382996
|switch|p1a: Heatran|Heatran, M|100/100
|-item|p1a: Heatran|Air Balloon
|move|p2a: Heatran|Magma Storm|p1a: Heatran
|-start|p1a: Heatran|ability: Flash Fire
|
|upkeep
|turn|7
|j| egal★vanc
|
|t:|1661383000
|move|p1a: Heatran|Stealth Rock|p2a: Heatran
|-sidestart|p2: bramitoboy|move: Stealth Rock
|move|p2a: Heatran|Stealth Rock|p1a: Heatran
|-sidestart|p1: LT94JE Lio|move: Stealth Rock
|
|upkeep
|turn|8
|
|t:|1661383005
|switch|p2a: Landorus|Landorus-Therian, M|58/100
|-damage|p2a: Landorus|46/100|[from] Stealth Rock
|-ability|p2a: Landorus|Intimidate|boost
|-unboost|p1a: Heatran|atk|1
|move|p1a: Heatran|Eruption|p2a: Landorus
|-damage|p2a: Landorus|0 fnt
|faint|p2a: Landorus
|
|upkeep
|
|t:|1661383009
|switch|p2a: Keldeo|Keldeo-Resolute|100/100
|-damage|p2a: Keldeo|94/100|[from] Stealth Rock
|turn|9
|
|t:|1661383012
|-end|p1a: Heatran|ability: Flash Fire|[silent]
|switch|p1a: Toxapex|Toxapex, M|100/100
|-damage|p1a: Toxapex|88/100|[from] Stealth Rock
|move|p2a: Keldeo|Substitute|p2a: Keldeo
|-start|p2a: Keldeo|Substitute
|-damage|p2a: Keldeo|69/100
|
|-heal|p2a: Keldeo|75/100|[from] item: Leftovers
|upkeep
|turn|10
|
|t:|1661383017
|move|p2a: Keldeo|Calm Mind|p2a: Keldeo
|-boost|p2a: Keldeo|spa|1
|-boost|p2a: Keldeo|spd|1
|move|p1a: Toxapex|Haze|p1a: Toxapex
|-clearallboost
|
|-heal|p2a: Keldeo|82/100|[from] item: Leftovers
|upkeep
|turn|11
|
|t:|1661383023
|move|p2a: Keldeo|Scald|p1a: Toxapex
|-resisted|p1a: Toxapex
|-damage|p1a: Toxapex|72/100
|-status|p1a: Toxapex|brn
|-enditem|p1a: Toxapex|Eject Button
|
|t:|1661383027
|switch|p1a: Tapu Lele|Tapu Lele|100/100
|-damage|p1a: Tapu Lele|88/100|[from] Stealth Rock
|-fieldstart|move: Psychic Terrain|[from] ability: Psychic Surge|[of] p1a: Tapu Lele
|
|-heal|p2a: Keldeo|88/100|[from] item: Leftovers
|upkeep
|turn|12
|
|t:|1661383030
|move|p1a: Tapu Lele|Psychic|p2a: Keldeo
|-supereffective|p2a: Keldeo
|-end|p2a: Keldeo|Substitute
|move|p2a: Keldeo|Scald|p1a: Tapu Lele
|-damage|p1a: Tapu Lele|45/100
|
|-heal|p2a: Keldeo|94/100|[from] item: Leftovers
|upkeep
|turn|13
|
|t:|1661383042
|switch|p1a: Kartana|Kartana|100/100
|-damage|p1a: Kartana|94/100|[from] Stealth Rock
|move|p2a: Keldeo|Secret Sword|p1a: Kartana
|-supereffective|p1a: Kartana
|-damage|p1a: Kartana|6/100
|
|-heal|p2a: Keldeo|99/100|[from] item: Leftovers
|upkeep
|turn|14
|j| lt94je nick
|j| LT94JE scorcha
|
|t:|1661383055
|switch|p2a: Heatran|Heatran, M|49/100
|-damage|p2a: Heatran|37/100|[from] Stealth Rock
|move|p1a: Kartana|Sacred Sword|p2a: Heatran
|-supereffective|p2a: Heatran
|-damage|p2a: Heatran|0 fnt
|faint|p2a: Heatran
|-ability|p1a: Kartana|Beast Boost|boost
|-boost|p1a: Kartana|atk|1
|
|upkeep
|l| LT94JE scorcha
|
|t:|1661383067
|switch|p2a: Tapu Koko|Tapu Koko|100/100
|-damage|p2a: Tapu Koko|88/100|[from] Stealth Rock
|-fieldstart|move: Electric Terrain|[from] ability: Electric Surge|[of] p2a: Tapu Koko
|turn|15
|
|t:|1661383077
|move|p2a: Tapu Koko|Volt Switch|p1a: Kartana
|-resisted|p1a: Kartana
|-damage|p1a: Kartana|0 fnt
|faint|p1a: Kartana
|j| Momentary Life
|
|t:|1661383085
|switch|p2a: Tapu Lele|Tapu Lele|100/100|[from]move: Volt Switch
|-damage|p2a: Tapu Lele|88/100|[from] Stealth Rock
|-fieldstart|move: Psychic Terrain|[from] ability: Psychic Surge|[of] p2a: Tapu Lele
|
|upkeep
|
|t:|1661383094
|switch|p1a: Heatran|Heatran, M|100/100
|-damage|p1a: Heatran|88/100|[from] Stealth Rock
|-item|p1a: Heatran|Air Balloon
|turn|16
|
|t:|1661383099
|move|p2a: Tapu Lele|Focus Blast|p1a: Heatran
|-supereffective|p1a: Heatran
|-damage|p1a: Heatran|0 fnt
|-enditem|p1a: Heatran|Air Balloon
|faint|p1a: Heatran
|
|upkeep
|j| SunTeamPupil
|
|t:|1661383103
|switch|p1a: Tapu Lele|Tapu Lele|45/100
|-damage|p1a: Tapu Lele|33/100|[from] Stealth Rock
|turn|17
|j| LT94JE Ahsan
|
|t:|1661383107
|move|p1a: Tapu Lele|Moonblast|p2a: Tapu Lele
|-damage|p2a: Tapu Lele|54/100
|-unboost|p2a: Tapu Lele|spa|1
|move|p2a: Tapu Lele|Moonblast|p1a: Tapu Lele
|-damage|p1a: Tapu Lele|0 fnt
|faint|p1a: Tapu Lele
|
|upkeep
|
|t:|1661383111
|switch|p1a: Weavile|Weavile, F|100/100
|-damage|p1a: Weavile|76/100|[from] Stealth Rock
|-ability|p1a: Weavile|Pressure
|turn|18
|-message|LT94JE Lio forfeited.
|
|win|bramitoboy
|raw|LT94JE Lio's rating: 1850 &rarr; <strong>1829</strong><br />(-21 for losing)
|raw|bramitoboy's rating: 1825 &rarr; <strong>1846</strong><br />(+21 for winning)
|l|☆LT94JE Lio
|l| egal★vanc
|l| Momentary Life
||Ladder isn't responding, score probably updated but might not have (Request timeout).
