|raw|<div class="broadcast-blue"><strong>This battle is required to be public due to a player having a name starting with 'lt91bb'.</div>
|j|☆Barracades
|j|☆LT91BB animefan
|t:|1658960534
|gametype|singles
|player|p1|Barracades|roark|1898
|player|p2|LT91BB animefan|170|1931
|teamsize|p1|6
|teamsize|p2|6
|gen|8
|tier|[Gen 8] OU
|rated|
|rule|Sleep Clause Mod: Limit one foe put to sleep
|rule|Species Clause: Limit one of each Pokémon
|rule|OHKO Clause: OHKO moves are banned
|rule|Evasion Moves Clause: Evasion moves are banned
|rule|Endless Battle Clause: Forcing endless battles is banned
|rule|HP Percentage Mod: HP is shown in percentages
|rule|Dynamax Clause: You cannot dynamax
|clearpoke
|poke|p1|Latios, M|
|poke|p1|Magnezone|
|poke|p1|Melmetal|
|poke|p1|Pelipper, M|
|poke|p1|Seismitoad, M|
|poke|p1|Weavile, M|
|poke|p2|Bronzong|
|poke|p2|Clefable, F|
|poke|p2|Tangrowth, F|
|poke|p2|Toxapex, M|
|poke|p2|Zapdos|
|poke|p2|Tyranitar, F|
|teampreview
|inactive|Battle timer is ON: inactive players will automatically lose when time's up. (requested by LT91BB animefan)
|c|☆LT91BB animefan|hf
|c|☆Barracades|hfhf
|j| Jynn
|
|t:|1658960555
|start
|switch|p1a: Celestine|Latios, M, shiny|100/100
|switch|p2a: Bronzong|Bronzong|100/100
|turn|1
|
|t:|1658960560
|switch|p1a: UFO|Magnezone, shiny|100/100
|-item|p1a: UFO|Air Balloon
|move|p2a: Bronzong|Stealth Rock|p1a: UFO
|-sidestart|p1: Barracades|move: Stealth Rock
|
|upkeep
|turn|2
|j| Nancy J McDonie
|j| MPEKAS
|
|t:|1658960564
|move|p1a: UFO|Iron Defense|p1a: UFO
|-boost|p1a: UFO|def|2
|move|p2a: Bronzong|Toxic|p1a: UFO
|-immune|p1a: UFO
|
|upkeep
|turn|3
|
|t:|1658960570
|move|p1a: UFO|Iron Defense|p1a: UFO
|-boost|p1a: UFO|def|2
|move|p2a: Bronzong|Toxic|p1a: UFO
|-immune|p1a: UFO
|
|upkeep
|turn|4
|
|t:|1658960572
|move|p1a: UFO|Iron Defense|p1a: UFO
|-boost|p1a: UFO|def|2
|move|p2a: Bronzong|Earthquake|p1a: UFO
|-immune|p1a: UFO
|
|upkeep
|turn|5
|
|t:|1658960576
|move|p2a: Bronzong|Protect|p2a: Bronzong
|-singleturn|p2a: Bronzong|Protect
|move|p1a: UFO|Body Press|p2a: Bronzong
|-activate|p2a: Bronzong|move: Protect
|
|upkeep
|turn|6
|
|t:|1658960578
|move|p2a: Bronzong|Protect||[still]
|-fail|p2a: Bronzong
|move|p1a: UFO|Body Press|p2a: Bronzong
|-damage|p2a: Bronzong|1/100
|
|-heal|p2a: Bronzong|7/100|[from] item: Leftovers
|upkeep
|turn|7
|j| noudle soop
|j| picket wicket
|j| CALL THE CREW
|j| LT91BB Lou
|j| irgendwasmitmeeem
|
|t:|1658960581
|move|p2a: Bronzong|Protect|p2a: Bronzong
|-singleturn|p2a: Bronzong|Protect
|move|p1a: UFO|Discharge|p2a: Bronzong
|-activate|p2a: Bronzong|move: Protect
|
|-heal|p2a: Bronzong|14/100|[from] item: Leftovers
|upkeep
|turn|8
|
|t:|1658960583
|move|p2a: Bronzong|Protect||[still]
|-fail|p2a: Bronzong
|move|p1a: UFO|Body Press|p2a: Bronzong
|-damage|p2a: Bronzong|0 fnt
|faint|p2a: Bronzong
|
|upkeep
|
|t:|1658960584
|switch|p2a: Clefable|Clefable, F|100/100
|turn|9
|j| LT91BB Tace
|j| LT91BB xray
|j| ValentinoPercento
|
|t:|1658960587
|move|p1a: UFO|Discharge|p2a: Clefable
|-damage|p2a: Clefable|68/100
|move|p2a: Clefable|Flamethrower|p1a: UFO
|-supereffective|p1a: UFO
|-damage|p1a: UFO|45/100
|-enditem|p1a: UFO|Air Balloon
|
|upkeep
|turn|10
|j| LT91BB Raizen
|
|t:|1658960591
|move|p1a: UFO|Discharge|p2a: Clefable
|-damage|p2a: Clefable|33/100
|-status|p2a: Clefable|par
|move|p2a: Clefable|Soft-Boiled|p2a: Clefable
|-heal|p2a: Clefable|83/100 par
|
|upkeep
|turn|11
|
|t:|1658960595
|switch|p1a: Messenger|Pelipper, M, shiny|100/100
|-damage|p1a: Messenger|76/100|[from] Stealth Rock
|-weather|RainDance|[from] ability: Drizzle|[of] p1a: Messenger
|move|p2a: Clefable|Flamethrower|p1a: Messenger
|-resisted|p1a: Messenger
|-damage|p1a: Messenger|70/100
|
|-weather|RainDance|[upkeep]
|upkeep
|turn|12
|j| LT91BB EclipseY
|j| BALOOR
|
|t:|1658960601
|switch|p2a: Tyranitar|Tyranitar, F|100/100
|-weather|Sandstorm|[from] ability: Sand Stream|[of] p2a: Tyranitar
|move|p1a: Messenger|Defog|p2a: Tyranitar
|-unboost|p2a: Tyranitar|evasion|1
|-sideend|p1: Barracades|Stealth Rock|[from] move: Defog|[of] p1a: Messenger
|
|-weather|Sandstorm|[upkeep]
|-damage|p1a: Messenger|64/100|[from] Sandstorm
|upkeep
|turn|13
|
|t:|1658960607
|switch|p1a: UFO|Magnezone, shiny|45/100
|move|p2a: Tyranitar|Rock Blast|p1a: UFO
|-resisted|p1a: UFO
|-damage|p1a: UFO|41/100
|-resisted|p1a: UFO
|-damage|p1a: UFO|37/100
|-hitcount|p1a: UFO|2
|
|-weather|Sandstorm|[upkeep]
|upkeep
|turn|14
|
|t:|1658960611
|switch|p2a: Zapdos|Zapdos|100/100
|-ability|p2a: Zapdos|Pressure
|move|p1a: UFO|Body Press|p2a: Zapdos
|-resisted|p2a: Zapdos
|-crit|p2a: Zapdos
|-damage|p2a: Zapdos|79/100
|
|-weather|Sandstorm|[upkeep]
|-damage|p2a: Zapdos|73/100|[from] Sandstorm
|upkeep
|turn|15
|
|t:|1658960615
|switch|p1a: Celestine|Latios, M, shiny|100/100
|move|p2a: Zapdos|Hurricane|p1a: Celestine|[miss]
|-miss|p2a: Zapdos|p1a: Celestine
|
|-weather|Sandstorm|[upkeep]
|-damage|p1a: Celestine|95/100|[from] Sandstorm
|-damage|p2a: Zapdos|67/100|[from] Sandstorm
|upkeep
|turn|16
|
|t:|1658960623
|switch|p2a: Clefable|Clefable, F|83/100 par
|move|p1a: Celestine|Trick|p2a: Clefable
|-activate|p1a: Celestine|move: Trick|[of] p2a: Clefable
|-item|p2a: Clefable|Choice Scarf|[from] move: Trick
|-item|p1a: Celestine|Life Orb|[from] move: Trick
|
|-weather|none
|upkeep
|turn|17
|j| LT91BB Leru
|
|t:|1658960628
|move|p1a: Celestine|Future Sight|p2a: Clefable
|-start|p1a: Celestine|move: Future Sight
|cant|p2a: Clefable|par
|
|upkeep
|turn|18
|l| LT91BB EclipseY
|j| Skyrio
|
|t:|1658960633
|switch|p1a: Fate|Melmetal, shiny|100/100
|move|p2a: Clefable|Moonblast|p1a: Fate
|-resisted|p1a: Fate
|-crit|p1a: Fate
|-damage|p1a: Fate|83/100
|
|-heal|p1a: Fate|89/100|[from] item: Leftovers
|upkeep
|turn|19
|j| RNN YasuKe
|
|t:|1658960638
|move|p2a: Clefable|Moonblast|p1a: Fate
|-resisted|p1a: Fate
|-damage|p1a: Fate|78/100
|move|p1a: Fate|Double Iron Bash|p2a: Clefable
|-supereffective|p2a: Clefable
|-damage|p2a: Clefable|28/100 par
|-supereffective|p2a: Clefable
|-damage|p2a: Clefable|0 fnt
|faint|p2a: Clefable
|-hitcount|p2: Clefable|2
|
|-hint|Future Sight did not hit because the target is fainted.
|-heal|p1a: Fate|84/100|[from] item: Leftovers
|upkeep
|j| jhehehehe
|
|t:|1658960641
|switch|p2a: Tangrowth|Tangrowth, F|100/100
|turn|20
|
|t:|1658960647
|switch|p2a: Toxapex|Toxapex, M|100/100
|switch|p1a: Celestine|Latios, M, shiny|95/100
|
|upkeep
|turn|21
|
|t:|1658960651
|move|p1a: Celestine|Future Sight|p2a: Toxapex
|-start|p1a: Celestine|move: Future Sight
|move|p2a: Toxapex|Knock Off|p1a: Celestine
|-supereffective|p1a: Celestine
|-damage|p1a: Celestine|55/100
|-enditem|p1a: Celestine|Life Orb|[from] move: Knock Off|[of] p2a: Toxapex
|
|upkeep
|turn|22
|j| LT91BB EclipseY
|j| Trannos
|j|+heroictobias
|
|t:|1658960660
|switch|p1a: Fate|Melmetal, shiny|84/100
|move|p2a: Toxapex|Knock Off|p1a: Fate
|-damage|p1a: Fate|76/100
|-enditem|p1a: Fate|Leftovers|[from] move: Knock Off|[of] p2a: Toxapex
|
|upkeep
|turn|23
|j| Pokemh
|l| Trannos
|n| Akany|skyrio
|
|t:|1658960668
|switch|p2a: Zapdos|Zapdos|67/100
|-ability|p2a: Zapdos|Pressure
|move|p1a: Fate|Earthquake|p2a: Zapdos
|-immune|p2a: Zapdos
|
|-end|p2a: Zapdos|move: Future Sight
|-damage|p2a: Zapdos|21/100
|upkeep
|turn|24
|
|t:|1658960673
|move|p2a: Zapdos|Volt Switch|p1a: Fate
|-damage|p1a: Fate|56/100
|j| Trannos
|
|t:|1658960675
|switch|p2a: Toxapex|Toxapex, M|100/100|[from]move: Volt Switch
|move|p1a: Fate|Toxic|p2a: Toxapex
|-immune|p2a: Toxapex
|
|upkeep
|turn|25
|
|t:|1658960678
|switch|p1a: Celestine|Latios, M, shiny|55/100
|switch|p2a: Tangrowth|Tangrowth, F|100/100
|
|upkeep
|turn|26
|
|t:|1658960682
|switch|p2a: Tyranitar|Tyranitar, F|100/100
|-weather|Sandstorm|[from] ability: Sand Stream|[of] p2a: Tyranitar
|move|p1a: Celestine|Ice Beam|p2a: Tyranitar
|-damage|p2a: Tyranitar|87/100
|
|-weather|Sandstorm|[upkeep]
|-damage|p1a: Celestine|49/100|[from] Sandstorm
|upkeep
|turn|27
|j| Cryofield
|
|t:|1658960684
|move|p1a: Celestine|Future Sight|p2a: Tyranitar
|-start|p1a: Celestine|move: Future Sight
|move|p2a: Tyranitar|Rock Blast|p1a: Celestine
|-damage|p1a: Celestine|34/100
|-damage|p1a: Celestine|19/100
|-damage|p1a: Celestine|4/100
|-damage|p1a: Celestine|0 fnt
|faint|p1a: Celestine
|-hitcount|p1: Celestine|4
|
|-weather|Sandstorm|[upkeep]
|upkeep
|
|t:|1658960687
|switch|p1a: Fate|Melmetal, shiny|56/100
|turn|28
|
|t:|1658960692
|switch|p2a: Toxapex|Toxapex, M|100/100
|move|p1a: Fate|Double Iron Bash|p2a: Toxapex
|-resisted|p2a: Toxapex
|-damage|p2a: Toxapex|91/100
|-damage|p1a: Fate|40/100|[from] item: Rocky Helmet|[of] p2a: Toxapex
|-resisted|p2a: Toxapex
|-damage|p2a: Toxapex|81/100
|-damage|p1a: Fate|23/100|[from] item: Rocky Helmet|[of] p2a: Toxapex
|-hitcount|p2a: Toxapex|2
|
|-weather|Sandstorm|[upkeep]
|-damage|p2a: Toxapex|75/100|[from] Sandstorm
|upkeep
|turn|29
|j| CallMePrimal
|j| RowzerXT
|l| Trannos
|j| derpyboi
|
|t:|1658960712
|switch|p2a: Zapdos|Zapdos|21/100
|-ability|p2a: Zapdos|Pressure
|move|p1a: Fate|Earthquake|p2a: Zapdos
|-immune|p2a: Zapdos
|
|-weather|Sandstorm|[upkeep]
|-damage|p2a: Zapdos|15/100|[from] Sandstorm
|-end|p2a: Zapdos|move: Future Sight
|-damage|p2a: Zapdos|0 fnt
|faint|p2a: Zapdos
|upkeep
|
|t:|1658960715
|switch|p2a: Tangrowth|Tangrowth, F|100/100
|turn|30
|
|t:|1658960718
|move|p1a: Fate|Protect|p1a: Fate
|-singleturn|p1a: Fate|Protect
|move|p2a: Tangrowth|Focus Blast|p1a: Fate
|-activate|p1a: Fate|move: Protect
|
|-weather|none
|upkeep
|turn|31
|j| Trannos
|
|t:|1658960724
|switch|p1a: Messenger|Pelipper, M, shiny|64/100
|-weather|RainDance|[from] ability: Drizzle|[of] p1a: Messenger
|move|p2a: Tangrowth|Toxic|p1a: Messenger
|-status|p1a: Messenger|tox
|
|-weather|RainDance|[upkeep]
|-damage|p1a: Messenger|57/100 tox|[from] psn
|upkeep
|turn|32
|
|t:|1658960730
|move|p2a: Tangrowth|Focus Blast|p1a: Messenger|[miss]
|-miss|p2a: Tangrowth|p1a: Messenger
|move|p1a: Messenger|U-turn|p2a: Tangrowth
|-supereffective|p2a: Tangrowth
|-damage|p2a: Tangrowth|90/100
|-damage|p1a: Messenger|41/100 tox|[from] item: Rocky Helmet|[of] p2a: Tangrowth
|c|☆LT91BB animefan|so slow
|
|t:|1658960741
|switch|p1a: Globox|Seismitoad, M, shiny|100/100|[from]move: U-turn
|
|-weather|RainDance|[upkeep]
|upkeep
|turn|33
|
|t:|1658960744
|switch|p2a: Tyranitar|Tyranitar, F|87/100
|-weather|Sandstorm|[from] ability: Sand Stream|[of] p2a: Tyranitar
|move|p1a: Globox|Sludge Wave|p2a: Tyranitar
|-resisted|p2a: Tyranitar
|-damage|p2a: Tyranitar|80/100
|-damage|p1a: Globox|91/100|[from] item: Life Orb
|
|-weather|Sandstorm|[upkeep]
|upkeep
|turn|34
|
|t:|1658960749
|move|p1a: Globox|Earth Power|p2a: Tyranitar
|-supereffective|p2a: Tyranitar
|-damage|p2a: Tyranitar|37/100
|-damage|p1a: Globox|81/100|[from] item: Life Orb
|move|p2a: Tyranitar|Earthquake|p1a: Globox
|-damage|p1a: Globox|46/100
|
|-weather|Sandstorm|[upkeep]
|upkeep
|turn|35
|
|t:|1658960753
|switch|p2a: Tangrowth|Tangrowth, F|100/100
|move|p1a: Globox|Earth Power|p2a: Tangrowth
|-resisted|p2a: Tangrowth
|-damage|p2a: Tangrowth|65/100
|-damage|p1a: Globox|36/100|[from] item: Life Orb
|
|-weather|Sandstorm|[upkeep]
|-damage|p2a: Tangrowth|59/100|[from] Sandstorm
|upkeep
|turn|36
|
|t:|1658960764
|switch|p2a: Toxapex|Toxapex, M|100/100
|move|p1a: Globox|Sludge Wave|p2a: Toxapex
|-resisted|p2a: Toxapex
|-damage|p2a: Toxapex|86/100
|-damage|p1a: Globox|26/100|[from] item: Life Orb
|
|-weather|Sandstorm|[upkeep]
|-damage|p2a: Toxapex|80/100|[from] Sandstorm
|upkeep
|turn|37
|
|t:|1658960768
|switch|p2a: Tangrowth|Tangrowth, F|92/100
|move|p1a: Globox|Earth Power|p2a: Tangrowth
|-resisted|p2a: Tangrowth
|-damage|p2a: Tangrowth|56/100
|-damage|p1a: Globox|16/100|[from] item: Life Orb
|
|-weather|none
|upkeep
|turn|38
|
|t:|1658960773
|switch|p2a: Toxapex|Toxapex, M|100/100
|move|p1a: Globox|Stealth Rock|p2a: Toxapex
|-sidestart|p2: LT91BB animefan|move: Stealth Rock
|
|upkeep
|turn|39
|j| chokst du
|
|t:|1658960778
|move|p1a: Globox|Earth Power|p2a: Toxapex
|-supereffective|p2a: Toxapex
|-damage|p2a: Toxapex|20/100
|-damage|p1a: Globox|6/100|[from] item: Life Orb
|move|p2a: Toxapex|Recover|p2a: Toxapex
|-heal|p2a: Toxapex|70/100
|
|upkeep
|turn|40
|l| chokst du
|
|t:|1658960784
|switch|p2a: Tyranitar|Tyranitar, F|37/100
|-weather|Sandstorm|[from] ability: Sand Stream|[of] p2a: Tyranitar
|move|p1a: Globox|Earth Power|p2a: Tyranitar
|-supereffective|p2a: Tyranitar
|-damage|p2a: Tyranitar|0 fnt
|faint|p2a: Tyranitar
|-damage|p1a: Globox|0 fnt|[from] item: Life Orb
|faint|p1a: Globox
|
|-weather|Sandstorm|[upkeep]
|upkeep
|
|t:|1658960789
|switch|p1a: Messenger|Pelipper, M, shiny|41/100 tox
|switch|p2a: Tangrowth|Tangrowth, F|89/100
|-damage|p2a: Tangrowth|77/100|[from] Stealth Rock
|-weather|RainDance|[from] ability: Drizzle|[of] p1a: Messenger
|turn|41
|j| marsandback
|
|t:|1658960792
|move|p2a: Tangrowth|Giga Drain|p1a: Messenger
|-damage|p1a: Messenger|14/100 tox
|-heal|p2a: Tangrowth|88/100|[from] drain|[of] p1a: Messenger
|move|p1a: Messenger|Hurricane|p2a: Tangrowth
|-supereffective|p2a: Tangrowth
|-damage|p2a: Tangrowth|0 fnt
|faint|p2a: Tangrowth
|
|-weather|RainDance|[upkeep]
|-damage|p1a: Messenger|8/100 tox|[from] psn
|upkeep
|c|☆LT91BB animefan|gg
|c|☆Barracades|Gg
|-message|LT91BB animefan forfeited.
|
|win|Barracades
|raw|Barracades's rating: 1898 &rarr; <strong>1920</strong><br />(+22 for winning)
|raw|LT91BB animefan's rating: 1931 &rarr; <strong>1909</strong><br />(-22 for losing)
|l|☆LT91BB animefan
|l| LT91BB Tace
|l| irgendwasmitmeeem
|l| LT91BB xray
|l| noudle soop
|l|☆Barracades
|l| ValentinoPercento
|l| CallMePrimal
|l|+heroictobias
|l| Nancy J McDonie
|l| Trannos
|l| Jynn
||Ladder isn't responding, score probably updated but might not have (Request timeout).
|l| jhehehehe
|j| Wee Hours
|l| Wee Hours
|l| Cryofield
|l| LT91BB EclipseY
|l| Akany
|l| BALOOR
|l| LT91BB Raizen
|l| derpyboi
|l| RowzerXT
|l| marsandback
|j| LT91BBez
|l| LT91BB Lou
|l| MPEKAS
