|j|☆Livin' Nightmare
|j|☆GaijinEagle
|t:|1596464392
|player|p1|Livin' Nightmare|265|1258
|player|p2|GaijinEagle|101|1224
|teamsize|p1|6
|teamsize|p2|6
|gametype|singles
|gen|8
|tier|[Gen 8] OU
|rated|
|html|<div class="broadcast-blue"><strong>OU is currently suspecting Magearna! For information on how to participate check out the <a href="https://www.smogon.com/forums/threads/3667669/">suspect thread</a>.</strong></div>
|clearpoke
|poke|p1|Skarmory, F|
|poke|p1|Cinderace, F|
|poke|p1|Rillaboom, F|
|poke|p1|Togekiss, M|
|poke|p1|Primarina, M|
|poke|p1|Excadrill, F|
|poke|p2|Shuckle, F|
|poke|p2|Urshifu-*, F|
|poke|p2|Lycanroc-Dusk, M|
|poke|p2|Alakazam, F|
|poke|p2|Cinderace, M|
|poke|p2|Dragapult, F|
|rule|Sleep Clause Mod: Limit one foe put to sleep
|rule|Species Clause: Limit one of each Pokémon
|rule|OHKO Clause: OHKO moves are banned
|rule|Evasion Moves Clause: Evasion moves are banned
|rule|Endless Battle Clause: Forcing endless battles is banned
|rule|HP Percentage Mod: HP is shown in percentages
|rule|Dynamax Clause: You cannot dynamax
|teampreview
|inactive|Battle timer is ON: inactive players will automatically lose when time's up. (requested by GaijinEagle)
|inactive|GaijinEagle has 120 seconds left.
|inactive|GaijinEagle has 90 seconds left.
|inactive|GaijinEagle has 60 seconds left.
|inactive|GaijinEagle has 30 seconds left.
|inactiveoff|Battle timer is now OFF.
|
|t:|1596464521
|start
|switch|p1a: Skarmory|Skarmory, F|100/100
|switch|p2a: Shuckle|Shuckle, F|100/100
|turn|1
|
|t:|1596464527
|move|p1a: Skarmory|Stealth Rock|p2a: Shuckle
|-sidestart|p2: GaijinEagle|move: Stealth Rock
|move|p2a: Shuckle|Sticky Web|p1a: Skarmory
|-sidestart|p1: Livin' Nightmare|move: Sticky Web
|
|upkeep
|turn|2
|
|t:|1596464532
|move|p1a: Skarmory|Spikes|p2a: Shuckle
|-sidestart|p2: GaijinEagle|Spikes
|move|p2a: Shuckle|Encore|p1a: Skarmory
|-start|p1a: Skarmory|Encore
|
|upkeep
|turn|3
|
|t:|1596464537
|move|p1a: Skarmory|Spikes|p2a: Shuckle
|-sidestart|p2: GaijinEagle|Spikes
|move|p2a: Shuckle|Stealth Rock|p1a: Skarmory
|-sidestart|p1: Livin' Nightmare|move: Stealth Rock
|
|upkeep
|turn|4
|
|t:|1596464542
|move|p1a: Skarmory|Spikes|p2a: Shuckle
|-sidestart|p2: GaijinEagle|Spikes
|move|p2a: Shuckle|Final Gambit|p1a: Skarmory
|-damage|p1a: Skarmory|28/100
|faint|p2a: Shuckle
|
|-heal|p1a: Skarmory|34/100|[from] item: Leftovers
|upkeep
|
|t:|1596464553
|switch|p2a: Lycanroc|Lycanroc-Dusk, M|100/100
|-damage|p2a: Lycanroc|76/100|[from] Spikes
|-damage|p2a: Lycanroc|63/100|[from] Stealth Rock
|turn|5
|
|t:|1596464570
|move|p2a: Lycanroc|Close Combat|p1a: Skarmory
|-damage|p1a: Skarmory|0 fnt
|-unboost|p2a: Lycanroc|def|1
|-unboost|p2a: Lycanroc|spd|1
|-damage|p2a: Lycanroc|53/100|[from] item: Life Orb
|faint|p1a: Skarmory
|
|upkeep
|
|t:|1596464581
|switch|p1a: Rillaboom|Rillaboom, F|100/100
|-damage|p1a: Rillaboom|88/100|[from] Stealth Rock
|-activate|p1a: Rillaboom|move: Sticky Web
|-unboost|p1a: Rillaboom|spe|1
|-fieldstart|move: Grassy Terrain|[from] ability: Grassy Surge|[of] p1a: Rillaboom
|-enditem|p1a: Rillaboom|Grassy Seed
|-boost|p1a: Rillaboom|def|1|[from] item: Grassy Seed
|turn|6
|
|t:|1596464594
|move|p2a: Lycanroc|Accelerock|p1a: Rillaboom
|-damage|p1a: Rillaboom|64/100
|-damage|p2a: Lycanroc|43/100|[from] item: Life Orb
|move|p1a: Rillaboom|Grassy Glide|p2a: Lycanroc
|-supereffective|p2a: Lycanroc
|-damage|p2a: Lycanroc|0 fnt
|faint|p2a: Lycanroc
|
|-heal|p1a: Rillaboom|70/100|[from] Grassy Terrain
|upkeep
|
|t:|1596464608
|switch|p2a: Urshifu|Urshifu, F|100/100
|-damage|p2a: Urshifu|94/100|[from] Stealth Rock
|-damage|p2a: Urshifu|69/100|[from] Spikes
|turn|7
|
|t:|1596464629
|move|p1a: Rillaboom|Grassy Glide|p2a: Urshifu
|-damage|p2a: Urshifu|23/100
|move|p2a: Urshifu|Wicked Blow|p1a: Rillaboom
|-crit|p1a: Rillaboom
|-damage|p1a: Rillaboom|0 fnt
|-damage|p2a: Urshifu|13/100|[from] item: Life Orb
|faint|p1a: Rillaboom
|
|-heal|p2a: Urshifu|20/100|[from] Grassy Terrain
|upkeep
|
|t:|1596464640
|switch|p1a: Togekiss|Togekiss, M|100/100
|-damage|p1a: Togekiss|76/100|[from] Stealth Rock
|turn|8
|
|t:|1596464656
|move|p1a: Togekiss|Air Slash|p2a: Urshifu
|-supereffective|p2a: Urshifu
|-damage|p2a: Urshifu|0 fnt
|faint|p2a: Urshifu
|
|upkeep
|
|t:|1596464676
|switch|p2a: Cinderace|Cinderace, M|100/100
|turn|9
|
|t:|1596464687
|switch|p1a: Excadrill|Excadrill, F|100/100
|-ability|p1a: Excadrill|Mold Breaker
|move|p2a: Cinderace|Pyro Ball|p1a: Excadrill
|-supereffective|p1a: Excadrill
|-damage|p1a: Excadrill|0 fnt
|faint|p1a: Excadrill
|
|upkeep
|
|t:|1596464692
|switch|p1a: Primarina|Primarina, M|100/100
|-activate|p1a: Primarina|move: Sticky Web
|-unboost|p1a: Primarina|spe|1
|-damage|p1a: Primarina|88/100|[from] Stealth Rock
|turn|10
|
|t:|1596464705
|move|p2a: Cinderace|Zen Headbutt|p1a: Primarina
|-start|p2a: Cinderace|typechange|Psychic|[from] ability: Libero
|-damage|p1a: Primarina|39/100
|cant|p1a: Primarina|flinch
|
|-heal|p1a: Primarina|45/100|[from] Grassy Terrain
|-fieldend|move: Grassy Terrain
|upkeep
|turn|11
|
|t:|1596464709
|move|p2a: Cinderace|Zen Headbutt|p1a: Primarina
|-damage|p1a: Primarina|0 fnt
|faint|p1a: Primarina
|
|upkeep
|
|t:|1596464712
|switch|p1a: Cinderace|Cinderace, F|100/100
|-activate|p1a: Cinderace|move: Sticky Web
|-unboost|p1a: Cinderace|spe|1
|-damage|p1a: Cinderace|76/100|[from] Stealth Rock
|turn|12
|
|t:|1596464728
|move|p1a: Cinderace|Sucker Punch|p2a: Cinderace
|-start|p1a: Cinderace|typechange|Dark|[from] ability: Libero
|-supereffective|p2a: Cinderace
|-damage|p2a: Cinderace|0 fnt
|faint|p2a: Cinderace
|
|upkeep
|
|t:|1596464741
|switch|p2a: Dragapult|Dragapult, F|100/100
|-damage|p2a: Dragapult|76/100|[from] Spikes
|-damage|p2a: Dragapult|63/100|[from] Stealth Rock
|turn|13
|
|t:|1596464747
|move|p1a: Cinderace|Sucker Punch|p2a: Dragapult
|-supereffective|p2a: Dragapult
|-damage|p2a: Dragapult|0 fnt
|faint|p2a: Dragapult
|
|upkeep
|
|t:|1596464750
|switch|p2a: Alakazam|Alakazam, F|100/100
|turn|14
|
|t:|1596464753
|move|p1a: Cinderace|Sucker Punch||[still]
|-fail|p1a: Cinderace
|move|p2a: Alakazam|Nasty Plot|p2a: Alakazam
|-boost|p2a: Alakazam|spa|2
|
|upkeep
|turn|15
|
|t:|1596464772
|move|p1a: Cinderace|Sucker Punch||[still]
|-fail|p1a: Cinderace
|move|p2a: Alakazam|Nasty Plot|p2a: Alakazam
|-boost|p2a: Alakazam|spa|2
|
|upkeep
|turn|16
|
|t:|1596464782
|move|p1a: Cinderace|Sucker Punch||[still]
|-fail|p1a: Cinderace
|move|p2a: Alakazam|Nasty Plot|p2a: Alakazam
|-boost|p2a: Alakazam|spa|2
|
|upkeep
|turn|17
|
|t:|1596464792
|move|p1a: Cinderace|Sucker Punch||[still]
|-fail|p1a: Cinderace
|move|p2a: Alakazam|Nasty Plot|p2a: Alakazam
|-boost|p2a: Alakazam|spa|0
|
|upkeep
|turn|18
|
|t:|1596464813
|move|p1a: Cinderace|Sucker Punch|p2a: Alakazam
|-supereffective|p2a: Alakazam
|-enditem|p2a: Alakazam|Focus Sash
|-damage|p2a: Alakazam|1/100
|move|p2a: Alakazam|Psychic|p1a: Cinderace
|-immune|p1a: Cinderace
|
|upkeep
|turn|19
|
|t:|1596464827
|move|p2a: Alakazam|Nasty Plot|p2a: Alakazam
|-boost|p2a: Alakazam|spa|0
|move|p1a: Cinderace|Pyro Ball|p2a: Alakazam
|-start|p1a: Cinderace|typechange|Fire|[from] ability: Libero
|-damage|p2a: Alakazam|0 fnt
|faint|p2a: Alakazam
|
|win|Livin' Nightmare
|c|☆GaijinEagle|gg
|l|☆Livin' Nightmare
|raw|Livin&apos; Nightmare's rating: 1235 &rarr; <strong>1259</strong><br />(+24 for winning)
|raw|GaijinEagle's rating: 1224 &rarr; <strong>1200</strong><br />(-24 for losing)
