|j|☆Mr Beam
|j|☆Huskothy
|t:|1667235604
|gametype|singles
|player|p1|Mr Beam|n|1524
|player|p2|Huskothy|lucas|1597
|teamsize|p1|6
|teamsize|p2|6
|gen|8
|tier|[Gen 8] OU
|rated|
|rule|Sleep Clause Mod: Limit one foe put to sleep
|rule|Species Clause: Limit one of each Pokémon
|rule|OHKO Clause: OHKO moves are banned
|rule|Evasion Items Clause: Evasion items are banned
|rule|Evasion Moves Clause: Evasion moves are banned
|rule|Endless Battle Clause: Forcing endless battles is banned
|rule|HP Percentage Mod: HP is shown in percentages
|rule|Dynamax Clause: You cannot dynamax
|clearpoke
|poke|p1|Dragapult, M|
|poke|p1|Urshifu-*, M|
|poke|p1|Tapu Lele|
|poke|p1|Landorus-Therian, M|
|poke|p1|Zapdos|
|poke|p1|Melmetal|
|poke|p2|Copperajah, F|
|poke|p2|Rillaboom, F|
|poke|p2|Rotom-Wash|
|poke|p2|Garchomp, F|
|poke|p2|Buzzwole|
|poke|p2|Zapdos|
|teampreview
|
|t:|1667235635
|start
|switch|p1a: Zapdos|Zapdos|100/100
|switch|p2a: Rotom|Rotom-Wash|100/100
|turn|1
|
|t:|1667235640
|move|p1a: Zapdos|Volt Switch|p2a: Rotom
|-damage|p2a: Rotom|74/100
|
|t:|1667235642
|switch|p1a: Landorus|Landorus-Therian, M|100/100|[from]move: Volt Switch
|-ability|p1a: Landorus|Intimidate|boost
|-unboost|p2a: Rotom|atk|1
|move|p2a: Rotom|Volt Switch|p1a: Landorus
|-immune|p1a: Landorus
|
|-heal|p2a: Rotom|80/100|[from] item: Leftovers
|upkeep
|turn|2
|
|t:|1667235645
|switch|p1a: Dragapult|Dragapult, M|100/100
|move|p2a: Rotom|Hydro Pump|p1a: Dragapult
|-resisted|p1a: Dragapult
|-damage|p1a: Dragapult|74/100
|
|-heal|p2a: Rotom|86/100|[from] item: Leftovers
|upkeep
|turn|3
|
|t:|1667235657
|move|p1a: Dragapult|Draco Meteor|p2a: Rotom
|-damage|p2a: Rotom|16/100
|-unboost|p1a: Dragapult|spa|2
|move|p2a: Rotom|Thunder Wave|p1a: Dragapult|[miss]
|-miss|p2a: Rotom|p1a: Dragapult
|
|-heal|p2a: Rotom|22/100|[from] item: Leftovers
|upkeep
|turn|4
|
|t:|1667235664
|switch|p2a: Copperajah|Copperajah, F|100/100
|move|p1a: Dragapult|Draco Meteor|p2a: Copperajah
|-resisted|p2a: Copperajah
|-crit|p2a: Copperajah
|-damage|p2a: Copperajah|58/100
|-unboost|p1a: Dragapult|spa|2
|
|upkeep
|turn|5
|
|t:|1667235678
|switch|p1a: Landorus|Landorus-Therian, M|100/100
|-ability|p1a: Landorus|Intimidate|boost
|-unboost|p2a: Copperajah|atk|1
|switch|p2a: Garchomp|Garchomp, F|100/100
|
|upkeep
|turn|6
|
|t:|1667235683
|move|p2a: Garchomp|Swords Dance|p2a: Garchomp
|-boost|p2a: Garchomp|atk|2
|move|p1a: Landorus|Knock Off|p2a: Garchomp
|-damage|p2a: Garchomp|67/100
|-damage|p1a: Landorus|88/100|[from] ability: Rough Skin|[of] p2a: Garchomp
|-enditem|p2a: Garchomp|Scope Lens|[from] move: Knock Off|[of] p1a: Landorus
|
|-heal|p1a: Landorus|94/100|[from] item: Leftovers
|upkeep
|turn|7
|
|t:|1667235687
|switch|p1a: Tapu Lele|Tapu Lele|100/100
|-fieldstart|move: Psychic Terrain|[from] ability: Psychic Surge|[of] p1a: Tapu Lele
|move|p2a: Garchomp|Stone Edge|p1a: Tapu Lele|[miss]
|-miss|p2a: Garchomp|p1a: Tapu Lele
|
|upkeep
|turn|8
|
|t:|1667235697
|switch|p2a: Copperajah|Copperajah, F|58/100
|move|p1a: Tapu Lele|Moonblast|p2a: Copperajah
|-resisted|p2a: Copperajah
|-damage|p2a: Copperajah|39/100
|
|upkeep
|turn|9
|
|t:|1667235707
|switch|p1a: Landorus|Landorus-Therian, M|94/100
|-ability|p1a: Landorus|Intimidate|boost
|-unboost|p2a: Copperajah|atk|1
|switch|p2a: Buzzwole|Buzzwole|100/100
|
|-heal|p1a: Landorus|99/100|[from] item: Leftovers
|upkeep
|turn|10
|
|t:|1667235711
|move|p2a: Buzzwole|Ice Punch|p1a: Landorus
|-supereffective|p1a: Landorus
|-damage|p1a: Landorus|0 fnt
|faint|p1a: Landorus
|-ability|p2a: Buzzwole|Beast Boost|boost
|-boost|p2a: Buzzwole|atk|1
|
|upkeep
|
|t:|1667235713
|switch|p1a: Zapdos|Zapdos|100/100
|turn|11
|
|t:|1667235716
|move|p2a: Buzzwole|Ice Punch|p1a: Zapdos
|-supereffective|p1a: Zapdos
|-damage|p1a: Zapdos|9/100
|move|p1a: Zapdos|Hurricane|p2a: Buzzwole|[miss]
|-miss|p1a: Zapdos|p2a: Buzzwole
|
|-fieldend|move: Psychic Terrain
|upkeep
|turn|12
|
|t:|1667235719
|switch|p1a: Melmetal|Melmetal|100/100
|move|p2a: Buzzwole|Ice Punch|p1a: Melmetal
|-resisted|p1a: Melmetal
|-damage|p1a: Melmetal|88/100
|
|-heal|p1a: Melmetal|94/100|[from] item: Leftovers
|upkeep
|turn|13
|
|t:|1667235723
|switch|p2a: Zapdos|Zapdos|100/100
|move|p1a: Melmetal|Toxic|p2a: Zapdos
|-status|p2a: Zapdos|tox
|
|-heal|p1a: Melmetal|99/100|[from] item: Leftovers
|-damage|p2a: Zapdos|94/100 tox|[from] psn
|upkeep
|turn|14
|
|t:|1667235730
|switch|p2a: Rotom|Rotom-Wash|22/100
|move|p1a: Melmetal|Protect||[still]
|-fail|p1a: Melmetal
|
|-heal|p2a: Rotom|28/100|[from] item: Leftovers
|-heal|p1a: Melmetal|100/100|[from] item: Leftovers
|upkeep
|turn|15
|
|t:|1667235732
|switch|p1a: Zapdos|Zapdos|9/100
|move|p2a: Rotom|Volt Switch|p1a: Zapdos
|-damage|p1a: Zapdos|0 fnt
|faint|p1a: Zapdos
|
|t:|1667235740
|switch|p2a: Copperajah|Copperajah, F|39/100|[from]move: Volt Switch
|
|upkeep
|
|t:|1667235744
|switch|p1a: Dragapult|Dragapult, M|74/100
|turn|16
|
|t:|1667235746
|move|p1a: Dragapult|Shadow Ball|p2a: Copperajah
|-damage|p2a: Copperajah|6/100
|move|p2a: Copperajah|Heavy Slam|p1a: Dragapult
|-damage|p1a: Dragapult|0 fnt
|faint|p1a: Dragapult
|
|upkeep
|
|t:|1667235753
|switch|p1a: Urshifu|Urshifu-Rapid-Strike, M|100/100
|turn|17
|
|t:|1667235758
|move|p1a: Urshifu|U-turn|p2a: Copperajah
|-resisted|p2a: Copperajah
|-damage|p2a: Copperajah|0 fnt
|faint|p2a: Copperajah
|
|t:|1667235761
|switch|p1a: Melmetal|Melmetal|100/100|[from]move: U-turn
|
|upkeep
|
|t:|1667235767
|switch|p2a: Rotom|Rotom-Wash|28/100
|turn|18
|
|t:|1667235769
|move|p2a: Rotom|Pain Split|p1a: Melmetal
|-sethp|p1a: Melmetal|61/100|[from] move: Pain Split|[silent]
|-sethp|p2a: Rotom|82/100|[from] move: Pain Split
|move|p1a: Melmetal|Double Iron Bash|p2a: Rotom
|-resisted|p2a: Rotom
|-damage|p2a: Rotom|70/100
|-resisted|p2a: Rotom
|-damage|p2a: Rotom|57/100
|-hitcount|p2a: Rotom|2
|
|-heal|p2a: Rotom|63/100|[from] item: Leftovers
|-heal|p1a: Melmetal|67/100|[from] item: Leftovers
|upkeep
|turn|19
|
|t:|1667235773
|move|p1a: Melmetal|Protect|p1a: Melmetal
|-singleturn|p1a: Melmetal|Protect
|move|p2a: Rotom|Volt Switch|p1a: Melmetal
|-activate|p1a: Melmetal|move: Protect
|
|-heal|p2a: Rotom|69/100|[from] item: Leftovers
|-heal|p1a: Melmetal|73/100|[from] item: Leftovers
|upkeep
|turn|20
|
|t:|1667235779
|switch|p1a: Tapu Lele|Tapu Lele|100/100
|-fieldstart|move: Psychic Terrain|[from] ability: Psychic Surge|[of] p1a: Tapu Lele
|move|p2a: Rotom|Hydro Pump|p1a: Tapu Lele
|-damage|p1a: Tapu Lele|54/100
|
|-heal|p2a: Rotom|75/100|[from] item: Leftovers
|upkeep
|turn|21
|
|t:|1667235787
|move|p1a: Tapu Lele|Future Sight|p2a: Rotom
|-start|p1a: Tapu Lele|move: Future Sight
|move|p2a: Rotom|Thunder Wave|p1a: Tapu Lele|[miss]
|-miss|p2a: Rotom|p1a: Tapu Lele
|
|-heal|p2a: Rotom|82/100|[from] item: Leftovers
|upkeep
|turn|22
|
|t:|1667235793
|switch|p1a: Urshifu|Urshifu-Rapid-Strike, M|100/100
|move|p2a: Rotom|Volt Switch|p1a: Urshifu
|-supereffective|p1a: Urshifu
|-damage|p1a: Urshifu|30/100
|
|t:|1667235795
|switch|p2a: Zapdos|Zapdos|94/100 tox|[from]move: Volt Switch
|
|-damage|p2a: Zapdos|88/100 tox|[from] psn
|upkeep
|turn|23
|
|t:|1667235801
|move|p1a: Urshifu|Surging Strikes|p2a: Zapdos
|-crit|p2a: Zapdos
|-damage|p2a: Zapdos|64/100 tox
|-crit|p2a: Zapdos
|-damage|p2a: Zapdos|39/100 tox
|-status|p1a: Urshifu|par|[from] ability: Static|[of] p2a: Zapdos
|-crit|p2a: Zapdos
|-damage|p2a: Zapdos|17/100 tox
|-hitcount|p2a: Zapdos|3
|move|p2a: Zapdos|Volt Switch|p1a: Urshifu
|-supereffective|p1a: Urshifu
|-damage|p1a: Urshifu|0 fnt
|faint|p1a: Urshifu
|
|t:|1667235804
|switch|p2a: Garchomp|Garchomp, F|67/100|[from]move: Volt Switch
|
|-end|p2a: Garchomp|move: Future Sight
|-damage|p2a: Garchomp|0 fnt
|faint|p2a: Garchomp
|upkeep
|
|t:|1667235812
|switch|p2a: Rotom|Rotom-Wash|82/100
|switch|p1a: Tapu Lele|Tapu Lele|54/100
|turn|24
|
|t:|1667235817
|move|p1a: Tapu Lele|Future Sight|p2a: Rotom
|-start|p1a: Tapu Lele|move: Future Sight
|move|p2a: Rotom|Thunder Wave|p1a: Tapu Lele|[miss]
|-miss|p2a: Rotom|p1a: Tapu Lele
|
|-heal|p2a: Rotom|88/100|[from] item: Leftovers
|-fieldend|move: Psychic Terrain
|upkeep
|turn|25
|
|t:|1667235823
|switch|p1a: Melmetal|Melmetal|73/100
|move|p2a: Rotom|Hydro Pump|p1a: Melmetal|[miss]
|-miss|p2a: Rotom|p1a: Melmetal
|
|-heal|p2a: Rotom|94/100|[from] item: Leftovers
|-heal|p1a: Melmetal|79/100|[from] item: Leftovers
|upkeep
|turn|26
|
|t:|1667235830
|move|p2a: Rotom|Volt Switch|p1a: Melmetal
|-damage|p1a: Melmetal|54/100
|
|t:|1667235832
|switch|p2a: Zapdos|Zapdos|17/100 tox|[from]move: Volt Switch
|move|p1a: Melmetal|Double Iron Bash|p2a: Zapdos
|-resisted|p2a: Zapdos
|-damage|p2a: Zapdos|0 fnt
|faint|p2a: Zapdos
|-hitcount|p2: Zapdos|1
|
|-hint|Future Sight did not hit because the target is fainted.
|-heal|p1a: Melmetal|60/100|[from] item: Leftovers
|upkeep
|
|t:|1667235836
|switch|p2a: Rotom|Rotom-Wash|94/100
|turn|27
|
|t:|1667235839
|move|p1a: Melmetal|Protect|p1a: Melmetal
|-singleturn|p1a: Melmetal|Protect
|move|p2a: Rotom|Hydro Pump|p1a: Melmetal
|-activate|p1a: Melmetal|move: Protect
|
|-heal|p2a: Rotom|100/100|[from] item: Leftovers
|-heal|p1a: Melmetal|66/100|[from] item: Leftovers
|upkeep
|turn|28
|
|t:|1667235841
|move|p2a: Rotom|Hydro Pump|p1a: Melmetal|[miss]
|-miss|p2a: Rotom|p1a: Melmetal
|move|p1a: Melmetal|Toxic|p2a: Rotom
|-status|p2a: Rotom|tox
|
|-heal|p1a: Melmetal|72/100|[from] item: Leftovers
|-damage|p2a: Rotom|94/100 tox|[from] psn
|upkeep
|turn|29
|
|t:|1667235848
|move|p1a: Melmetal|Protect|p1a: Melmetal
|-singleturn|p1a: Melmetal|Protect
|move|p2a: Rotom|Volt Switch|p1a: Melmetal
|-activate|p1a: Melmetal|move: Protect
|
|-heal|p2a: Rotom|100/100 tox|[from] item: Leftovers
|-heal|p1a: Melmetal|78/100|[from] item: Leftovers
|-damage|p2a: Rotom|88/100 tox|[from] psn
|upkeep
|turn|30
|
|t:|1667235853
|move|p2a: Rotom|Thunder Wave|p1a: Melmetal
|-status|p1a: Melmetal|par
|move|p1a: Melmetal|Toxic|p2a: Rotom
|-fail|p2a: Rotom|tox
|
|-heal|p2a: Rotom|94/100 tox|[from] item: Leftovers
|-heal|p1a: Melmetal|84/100 par|[from] item: Leftovers
|-damage|p2a: Rotom|75/100 tox|[from] psn
|upkeep
|turn|31
|
|t:|1667235857
|move|p2a: Rotom|Volt Switch|p1a: Melmetal
|-damage|p1a: Melmetal|61/100 par
|
|t:|1667235861
|switch|p2a: Buzzwole|Buzzwole|100/100|[from]move: Volt Switch
|cant|p1a: Melmetal|par
|
|-heal|p1a: Melmetal|67/100 par|[from] item: Leftovers
|upkeep
|turn|32
|
|t:|1667235865
|cant|p1a: Melmetal|par
|move|p2a: Buzzwole|Close Combat|p1a: Melmetal
|-supereffective|p1a: Melmetal
|-damage|p1a: Melmetal|0 fnt
|-unboost|p2a: Buzzwole|def|1
|-unboost|p2a: Buzzwole|spd|1
|faint|p1a: Melmetal
|-ability|p2a: Buzzwole|Beast Boost|boost
|-boost|p2a: Buzzwole|atk|1
|
|upkeep
|
|t:|1667235867
|switch|p1a: Tapu Lele|Tapu Lele|54/100
|-fieldstart|move: Psychic Terrain|[from] ability: Psychic Surge|[of] p1a: Tapu Lele
|turn|33
|
|t:|1667235873
|move|p1a: Tapu Lele|Psyshock|p2a: Buzzwole
|-supereffective|p2a: Buzzwole
|-crit|p2a: Buzzwole
|-damage|p2a: Buzzwole|0 fnt
|faint|p2a: Buzzwole
|
|upkeep
|
|t:|1667235875
|switch|p2a: Rotom|Rotom-Wash|75/100 tox
|turn|34
|
|t:|1667235877
|move|p1a: Tapu Lele|Psyshock|p2a: Rotom
|-damage|p2a: Rotom|9/100 tox
|move|p2a: Rotom|Volt Switch|p1a: Tapu Lele
|-damage|p1a: Tapu Lele|27/100
|
|t:|1667235879
|switch|p2a: Rillaboom|Rillaboom, F|100/100|[from]move: Volt Switch
|-fieldstart|move: Grassy Terrain|[from] ability: Grassy Surge|[of] p2a: Rillaboom
|
|-heal|p1a: Tapu Lele|33/100|[from] Grassy Terrain
|upkeep
|turn|35
|c|☆Huskothy|gg
|
|t:|1667235883
|move|p2a: Rillaboom|Grassy Glide|p1a: Tapu Lele
|-damage|p1a: Tapu Lele|0 fnt
|faint|p1a: Tapu Lele
|
|win|Huskothy
|raw|Mr Beam's rating: 1524 &rarr; <strong>1508</strong><br />(-16 for losing)
|raw|Huskothy's rating: 1597 &rarr; <strong>1613</strong><br />(+16 for winning)
|l|☆Mr Beam
||Ladder isn't responding, score probably updated but might not have (Request timeout).
