|html|<div class="broadcast-blue"><strong>[Gen 8] OU is currently suspecting Melmetal! For information on how to participate check out the <a href="https://www.smogon.com/forums/threads/np-ss-ou-suspect-process-round-12-monster-mash.3709234/">suspect thread</a>.</strong></div>
|j|☆minimax_ai
|j|☆Elite4donovan
|t:|1666798242
|gametype|singles
|player|p1|minimax_ai|266|1544
|player|p2|Elite4donovan|lucas|1606
|teamsize|p1|6
|teamsize|p2|6
|gen|8
|tier|[Gen 8] OU
|rated|
|rule|Sleep Clause Mod: Limit one foe put to sleep
|rule|Species Clause: Limit one of each Pokémon
|rule|OHKO Clause: OHKO moves are banned
|rule|Evasion Items Clause: Evasion items are banned
|rule|Evasion Moves Clause: Evasion moves are banned
|rule|Endless Battle Clause: Forcing endless battles is banned
|rule|HP Percentage Mod: HP is shown in percentages
|rule|Dynamax Clause: You cannot dynamax
|clearpoke
|poke|p1|Rotom-Wash|
|poke|p1|Weavile, M|
|poke|p1|Landorus-Therian, M|
|poke|p1|Heatran, M|
|poke|p1|Tangrowth, F|
|poke|p1|Melmetal|
|poke|p2|Gyarados, M|
|poke|p2|Tapu Lele|
|poke|p2|Landorus-Therian, M|
|poke|p2|Heatran, M|
|poke|p2|Dragapult, F|
|poke|p2|Zarude-Dada|
|teampreview
|c|☆minimax_ai|hf
|inactive|Battle timer is ON: inactive players will automatically lose when time's up. (requested by minimax_ai)
|c|☆Elite4donovan|u2
|
|t:|1666798253
|start
|switch|p1a: Melmetal|Melmetal|100/100
|switch|p2a: Zarude|Zarude-Dada|100/100
|turn|1
|
|t:|1666798258
|switch|p2a: Landorus|Landorus-Therian, M|100/100
|-ability|p2a: Landorus|Intimidate|boost
|-unboost|p1a: Melmetal|atk|1
|move|p1a: Melmetal|Double Iron Bash|p2a: Landorus
|-damage|p2a: Landorus|73/100
|-damage|p2a: Landorus|48/100
|-hitcount|p2a: Landorus|2
|
|-heal|p2a: Landorus|54/100|[from] item: Leftovers
|upkeep
|turn|2
|
|t:|1666798260
|move|p2a: Landorus|U-turn|p1a: Melmetal
|-resisted|p1a: Melmetal
|-damage|p1a: Melmetal|94/100
|
|t:|1666798261
|switch|p2a: Heatran|Heatran, M|100/100|[from]move: U-turn
|-item|p2a: Heatran|Air Balloon
|move|p1a: Melmetal|Ice Punch|p2a: Heatran
|-resisted|p2a: Heatran
|-damage|p2a: Heatran|95/100
|-enditem|p2a: Heatran|Air Balloon
|
|upkeep
|turn|3
|
|t:|1666798263
|switch|p1a: rotomwash|Rotom-Wash|100/100
|move|p2a: Heatran|Stealth Rock|p1a: rotomwash
|-sidestart|p1: minimax_ai|move: Stealth Rock
|
|upkeep
|turn|4
|
|t:|1666798271
|switch|p2a: Zarude|Zarude-Dada|100/100
|move|p1a: rotomwash|Thunderbolt|p2a: Zarude
|-resisted|p2a: Zarude
|-damage|p2a: Zarude|84/100
|-status|p2a: Zarude|par
|
|upkeep
|turn|5
|
|t:|1666798277
|switch|p1a: landorustherian|Landorus-Therian, M|100/100
|-damage|p1a: landorustherian|88/100|[from] Stealth Rock
|-ability|p1a: landorustherian|Intimidate|boost
|-unboost|p2a: Zarude|atk|1
|move|p2a: Zarude|U-turn|p1a: landorustherian
|-resisted|p1a: landorustherian
|-damage|p1a: landorustherian|81/100
|
|t:|1666798280
|switch|p2a: Gyarados|Gyarados, M|100/100|[from]move: U-turn
|-ability|p2a: Gyarados|Intimidate|boost
|-unboost|p1a: landorustherian|atk|1
|
|-heal|p1a: landorustherian|87/100|[from] item: Leftovers
|upkeep
|turn|6
|
|t:|1666798282
|switch|p1a: Melmetal|Melmetal|94/100
|-damage|p1a: Melmetal|88/100|[from] Stealth Rock
|move|p2a: Gyarados|Power Whip|p1a: Melmetal
|-resisted|p1a: Melmetal
|-damage|p1a: Melmetal|69/100
|
|upkeep
|turn|7
|
|t:|1666798288
|switch|p2a: Heatran|Heatran, M|95/100
|move|p1a: Melmetal|Double Iron Bash|p2a: Heatran
|-resisted|p2a: Heatran
|-damage|p2a: Heatran|85/100
|-resisted|p2a: Heatran
|-crit|p2a: Heatran
|-damage|p2a: Heatran|69/100
|-hitcount|p2a: Heatran|2
|
|upkeep
|turn|8
|
|t:|1666798292
|switch|p2a: Gyarados|Gyarados, M|100/100
|-ability|p2a: Gyarados|Intimidate|boost
|-unboost|p1a: Melmetal|atk|1
|move|p1a: Melmetal|Earthquake|p2a: Gyarados
|-immune|p2a: Gyarados
|
|upkeep
|turn|9
|
|t:|1666798294
|move|p2a: Gyarados|Earthquake|p1a: Melmetal
|-supereffective|p1a: Melmetal
|-damage|p1a: Melmetal|16/100
|move|p1a: Melmetal|Thunder Punch|p2a: Gyarados
|-supereffective|p2a: Gyarados
|-damage|p2a: Gyarados|0 fnt
|faint|p2a: Gyarados
|
|upkeep
|
|t:|1666798300
|switch|p2a: Dragapult|Dragapult, F|100/100
|turn|10
|
|t:|1666798305
|move|p2a: Dragapult|Shadow Ball|p1a: Melmetal
|-damage|p1a: Melmetal|0 fnt
|faint|p1a: Melmetal
|
|upkeep
|
|t:|1666798305
|switch|p1a: Weavile|Weavile, M|100/100
|-damage|p1a: Weavile|76/100|[from] Stealth Rock
|-ability|p1a: Weavile|Pressure
|turn|11
|
|t:|1666798307
|move|p2a: Dragapult|Flamethrower|p1a: Weavile
|-supereffective|p1a: Weavile
|-damage|p1a: Weavile|0 fnt
|faint|p1a: Weavile
|
|upkeep
|
|t:|1666798307
|switch|p1a: landorustherian|Landorus-Therian, M|87/100
|-damage|p1a: landorustherian|75/100|[from] Stealth Rock
|-ability|p1a: landorustherian|Intimidate|boost
|-unboost|p2a: Dragapult|atk|1
|turn|12
|
|t:|1666798311
|move|p2a: Dragapult|Hydro Pump|p1a: landorustherian
|-supereffective|p1a: landorustherian
|-damage|p1a: landorustherian|13/100
|move|p1a: landorustherian|Defog|p2a: Dragapult
|-unboost|p2a: Dragapult|evasion|1
|-sideend|p1: minimax_ai|Stealth Rock|[from] move: Defog|[of] p1a: landorustherian
|
|-heal|p1a: landorustherian|19/100|[from] item: Leftovers
|upkeep
|turn|13
|
|t:|1666798314
|switch|p1a: rotomwash|Rotom-Wash|100/100
|move|p2a: Dragapult|Shadow Ball|p1a: rotomwash
|-damage|p1a: rotomwash|64/100
|
|-heal|p1a: rotomwash|70/100|[from] item: Leftovers
|upkeep
|turn|14
|
|t:|1666798316
|move|p2a: Dragapult|Shadow Ball|p1a: rotomwash
|-damage|p1a: rotomwash|32/100
|move|p1a: rotomwash|Pain Split|p2a: Dragapult
|-sethp|p2a: Dragapult|66/100|[from] move: Pain Split|[silent]
|-sethp|p1a: rotomwash|69/100|[from] move: Pain Split
|
|-heal|p1a: rotomwash|75/100|[from] item: Leftovers
|upkeep
|turn|15
|
|t:|1666798317
|move|p2a: Dragapult|Shadow Ball|p1a: rotomwash
|-damage|p1a: rotomwash|38/100
|-unboost|p1a: rotomwash|spd|1
|move|p1a: rotomwash|Pain Split|p2a: Dragapult
|-sethp|p2a: Dragapult|51/100|[from] move: Pain Split|[silent]
|-sethp|p1a: rotomwash|53/100|[from] move: Pain Split
|
|-heal|p1a: rotomwash|60/100|[from] item: Leftovers
|upkeep
|turn|16
|
|t:|1666798320
|switch|p1a: landorustherian|Landorus-Therian, M|19/100
|-ability|p1a: landorustherian|Intimidate|boost
|-unboost|p2a: Dragapult|atk|1
|move|p2a: Dragapult|Draco Meteor|p1a: landorustherian
|-damage|p1a: landorustherian|0 fnt
|-unboost|p2a: Dragapult|spa|2
|faint|p1a: landorustherian
|
|upkeep
|
|t:|1666798320
|switch|p1a: rotomwash|Rotom-Wash|60/100
|turn|17
|
|t:|1666798322
|switch|p2a: Zarude|Zarude-Dada|84/100 par
|move|p1a: rotomwash|Pain Split|p2a: Zarude
|-sethp|p2a: Zarude|68/100 par|[from] move: Pain Split|[silent]
|-sethp|p1a: rotomwash|78/100|[from] move: Pain Split
|
|-heal|p1a: rotomwash|84/100|[from] item: Leftovers
|upkeep
|turn|18
|
|t:|1666798325
|switch|p1a: Heatran|Heatran, M|100/100
|-item|p1a: Heatran|Air Balloon
|move|p2a: Zarude|U-turn|p1a: Heatran
|-resisted|p1a: Heatran
|-damage|p1a: Heatran|95/100
|-enditem|p1a: Heatran|Air Balloon
|
|t:|1666798330
|switch|p2a: Landorus|Landorus-Therian, M|54/100|[from]move: U-turn
|-ability|p2a: Landorus|Intimidate|boost
|-unboost|p1a: Heatran|atk|1
|
|-heal|p2a: Landorus|60/100|[from] item: Leftovers
|upkeep
|turn|19
|
|t:|1666798331
|switch|p1a: rotomwash|Rotom-Wash|84/100
|move|p2a: Landorus|Knock Off|p1a: rotomwash
|-damage|p1a: rotomwash|51/100
|-enditem|p1a: rotomwash|Leftovers|[from] move: Knock Off|[of] p2a: Landorus
|
|-heal|p2a: Landorus|66/100|[from] item: Leftovers
|upkeep
|turn|20
|
|t:|1666798335
|switch|p2a: Zarude|Zarude-Dada|68/100 par
|move|p1a: rotomwash|Pain Split|p2a: Zarude
|-sethp|p2a: Zarude|56/100 par|[from] move: Pain Split|[silent]
|-sethp|p1a: rotomwash|65/100|[from] move: Pain Split
|
|upkeep
|turn|21
|
|t:|1666798337
|move|p1a: rotomwash|Thunderbolt|p2a: Zarude
|-resisted|p2a: Zarude
|-damage|p2a: Zarude|38/100 par
|move|p2a: Zarude|U-turn|p1a: rotomwash
|-damage|p1a: rotomwash|40/100
|
|t:|1666798339
|switch|p2a: Tapu Lele|Tapu Lele|100/100|[from]move: U-turn
|-fieldstart|move: Psychic Terrain|[from] ability: Psychic Surge|[of] p2a: Tapu Lele
|
|upkeep
|turn|22
|
|t:|1666798341
|move|p2a: Tapu Lele|Psyshock|p1a: rotomwash
|-crit|p1a: rotomwash
|-damage|p1a: rotomwash|0 fnt
|faint|p1a: rotomwash
|
|upkeep
|
|t:|1666798341
|switch|p1a: Heatran|Heatran, M|95/100
|turn|23
|
|t:|1666798344
|move|p2a: Tapu Lele|Focus Blast|p1a: Heatran
|-supereffective|p1a: Heatran
|-damage|p1a: Heatran|8/100
|-unboost|p1a: Heatran|spd|1
|move|p1a: Heatran|Magma Storm|p2a: Tapu Lele|[miss]
|-miss|p1a: Heatran|p2a: Tapu Lele
|
|upkeep
|turn|24
|
|t:|1666798347
|move|p2a: Tapu Lele|Moonblast|p1a: Heatran
|-resisted|p1a: Heatran
|-damage|p1a: Heatran|0 fnt
|faint|p1a: Heatran
|
|upkeep
|
|t:|1666798347
|switch|p1a: Tangrowth|Tangrowth, F|100/100
|turn|25
|
|t:|1666798349
|move|p2a: Tapu Lele|Moonblast|p1a: Tangrowth
|-damage|p1a: Tangrowth|17/100
|move|p1a: Tangrowth|Sleep Powder|p2a: Tapu Lele
|-status|p2a: Tapu Lele|slp|[from] move: Sleep Powder
|
|-fieldend|move: Psychic Terrain
|upkeep
|turn|26
|
|t:|1666798351
|switch|p2a: Heatran|Heatran, M|69/100
|move|p1a: Tangrowth|Knock Off|p2a: Heatran
|-damage|p2a: Heatran|53/100
|
|upkeep
|turn|27
|
|t:|1666798353
|move|p2a: Heatran|Earth Power|p1a: Tangrowth
|-resisted|p1a: Tangrowth
|-damage|p1a: Tangrowth|0 fnt
|faint|p1a: Tangrowth
|
|win|Elite4donovan
|raw|minimax_ai's rating: 1544 &rarr; <strong>1528</strong><br />(-16 for losing)
|raw|Elite4donovan's rating: 1606 &rarr; <strong>1622</strong><br />(+16 for winning)
|c|☆minimax_ai|gg
