|j|☆El Pipi 37
|j|☆winter lanterns
|t:|1599954899
|player|p1|El Pipi 37|lucas|1703
|player|p2|winter lanterns|266|1612
|teamsize|p1|6
|teamsize|p2|6
|gametype|singles
|gen|8
|tier|[Gen 8] OU
|rated|
|clearpoke
|poke|p1|Primarina, F|
|poke|p1|Zeraora|
|poke|p1|Scizor, M|
|poke|p1|Weavile, M|
|poke|p1|Mew|
|poke|p1|Rillaboom, F|
|poke|p2|Zarude|
|poke|p2|Togekiss, F|
|poke|p2|Volcarona, M|
|poke|p2|Dragapult, M|
|poke|p2|Zeraora|
|poke|p2|Skarmory, F|
|rule|Sleep Clause Mod: Limit one foe put to sleep
|rule|Species Clause: Limit one of each Pokémon
|rule|OHKO Clause: OHKO moves are banned
|rule|Evasion Moves Clause: Evasion moves are banned
|rule|Endless Battle Clause: Forcing endless battles is banned
|rule|HP Percentage Mod: HP is shown in percentages
|rule|Dynamax Clause: You cannot dynamax
|teampreview
|
|t:|1599954904
|start
|switch|p1a: Mew|Mew|100/100
|switch|p2a: Zeraora|Zeraora|100/100
|turn|1
|
|t:|1599954910
|move|p2a: Zeraora|Knock Off|p1a: Mew
|-supereffective|p1a: Mew
|-damage|p1a: Mew|37/100
|-enditem|p1a: Mew|Focus Sash|[from] move: Knock Off|[of] p2a: Zeraora
|move|p1a: Mew|Psychic|p2a: Zeraora
|-damage|p2a: Zeraora|46/100
|
|upkeep
|turn|2
|
|t:|1599954915
|move|p2a: Zeraora|Knock Off|p1a: Mew
|-supereffective|p1a: Mew
|-damage|p1a: Mew|0 fnt
|faint|p1a: Mew
|
|upkeep
|
|t:|1599954921
|switch|p1a: Rillaboom|Rillaboom, F|100/100
|-fieldstart|move: Grassy Terrain|[from] ability: Grassy Surge|[of] p1a: Rillaboom
|turn|3
|
|t:|1599954926
|switch|p2a: Skarmory|Skarmory, F|100/100
|move|p1a: Rillaboom|Swords Dance|p1a: Rillaboom
|-boost|p1a: Rillaboom|atk|2
|
|upkeep
|turn|4
|
|t:|1599954931
|move|p1a: Rillaboom|Superpower|p2a: Skarmory
|-damage|p2a: Skarmory|22/100
|-unboost|p1a: Rillaboom|atk|1
|-unboost|p1a: Rillaboom|def|1
|-damage|p1a: Rillaboom|91/100|[from] item: Life Orb
|move|p2a: Skarmory|Stealth Rock|p1a: Rillaboom
|-sidestart|p1: El Pipi 37|move: Stealth Rock
|
|-heal|p1a: Rillaboom|97/100|[from] Grassy Terrain
|-heal|p2a: Skarmory|28/100|[from] item: Leftovers
|upkeep
|turn|5
|
|t:|1599954940
|move|p1a: Rillaboom|Grassy Glide|p2a: Skarmory
|-resisted|p2a: Skarmory
|-damage|p2a: Skarmory|11/100
|-damage|p1a: Rillaboom|87/100|[from] item: Life Orb
|move|p2a: Skarmory|Spikes|p1a: Rillaboom
|-sidestart|p1: El Pipi 37|Spikes
|
|-heal|p1a: Rillaboom|93/100|[from] Grassy Terrain
|-heal|p2a: Skarmory|17/100|[from] item: Leftovers
|upkeep
|turn|6
|
|t:|1599954952
|move|p1a: Rillaboom|Superpower|p2a: Skarmory
|-damage|p2a: Skarmory|0 fnt
|-unboost|p1a: Rillaboom|atk|1
|-unboost|p1a: Rillaboom|def|1
|-damage|p1a: Rillaboom|83/100|[from] item: Life Orb
|faint|p2a: Skarmory
|
|-heal|p1a: Rillaboom|89/100|[from] Grassy Terrain
|upkeep
|
|t:|1599954957
|switch|p2a: Zarude|Zarude|100/100
|turn|7
|
|t:|1599954966
|switch|p1a: Scizor|Scizor, M|100/100
|-damage|p1a: Scizor|88/100|[from] Stealth Rock
|-damage|p1a: Scizor|75/100|[from] Spikes
|move|p2a: Zarude|Darkest Lariat|p1a: Scizor
|-damage|p1a: Scizor|14/100
|
|-heal|p1a: Scizor|20/100|[from] Grassy Terrain
|-fieldend|move: Grassy Terrain
|upkeep
|turn|8
|
|t:|1599954979
|move|p1a: Scizor|Bullet Punch|p2a: Zarude
|-damage|p2a: Zarude|52/100
|move|p2a: Zarude|Darkest Lariat|p1a: Scizor
|-damage|p1a: Scizor|0 fnt
|faint|p1a: Scizor
|
|upkeep
|
|t:|1599954987
|switch|p1a: Weavile|Weavile, M|100/100
|-damage|p1a: Weavile|76/100|[from] Stealth Rock
|-damage|p1a: Weavile|63/100|[from] Spikes
|-ability|p1a: Weavile|Pressure
|turn|9
|inactive|Battle timer is ON: inactive players will automatically lose when time's up. (requested by El Pipi 37)
|
|t:|1599955020
|switch|p2a: Dragapult|Dragapult, M|100/100
|move|p1a: Weavile|Swords Dance|p1a: Weavile
|-boost|p1a: Weavile|atk|2
|
|upkeep
|turn|10
|
|t:|1599955025
|move|p1a: Weavile|Ice Shard|p2a: Dragapult
|-supereffective|p2a: Dragapult
|-damage|p2a: Dragapult|0 fnt
|-damage|p1a: Weavile|53/100|[from] item: Life Orb
|faint|p2a: Dragapult
|
|upkeep
|
|t:|1599955039
|switch|p2a: Zeraora|Zeraora|46/100
|turn|11
|
|t:|1599955042
|switch|p2a: Volcarona|Volcarona, M|100/100
|move|p1a: Weavile|Ice Shard|p2a: Volcarona
|-resisted|p2a: Volcarona
|-damage|p2a: Volcarona|55/100
|-damage|p1a: Weavile|43/100|[from] item: Life Orb
|
|upkeep
|turn|12
|
|t:|1599955046
|switch|p2a: Togekiss|Togekiss, F|100/100
|move|p1a: Weavile|Knock Off|p2a: Togekiss
|-resisted|p2a: Togekiss
|-damage|p2a: Togekiss|29/100
|-enditem|p2a: Togekiss|Leftovers|[from] move: Knock Off|[of] p1a: Weavile
|-damage|p1a: Weavile|33/100|[from] item: Life Orb
|
|upkeep
|turn|13
|
|t:|1599955052
|move|p1a: Weavile|Ice Shard|p2a: Togekiss
|-supereffective|p2a: Togekiss
|-damage|p2a: Togekiss|0 fnt
|-damage|p1a: Weavile|23/100|[from] item: Life Orb
|faint|p2a: Togekiss
|
|upkeep
|
|t:|1599955055
|switch|p2a: Volcarona|Volcarona, M|55/100
|turn|14
|
|t:|1599955059
|move|p1a: Weavile|Knock Off|p2a: Volcarona
|-damage|p2a: Volcarona|0 fnt
|-enditem|p2a: Volcarona|Heavy-Duty Boots|[from] move: Knock Off|[of] p1a: Weavile
|-damage|p1a: Weavile|13/100|[from] item: Life Orb
|faint|p2a: Volcarona
|
|upkeep
|-message|winter lanterns forfeited.
|
|win|El Pipi 37
|l|☆winter lanterns
|raw|El Pipi 37's rating: 1679 &rarr; <strong>1695</strong><br />(+16 for winning)
|raw|winter lanterns's rating: 1612 &rarr; <strong>1596</strong><br />(-16 for losing)
