|raw|<div class="broadcast-blue"><strong>This battle is required to be public due to a player having a name prefixed by 'LT72MS'.</div>
|j|☆relic stone
|j|☆LT72MS Ricardo
|t:|1597980064
|player|p1|relic stone|lusamine-nihilego|1915
|player|p2|LT72MS Ricardo|lucas|1860
|teamsize|p1|6
|teamsize|p2|6
|gametype|singles
|gen|8
|tier|[Gen 8] OU
|rated|
|clearpoke
|poke|p1|Torkoal, M|
|poke|p1|Venusaur, M|
|poke|p1|Excadrill, M|
|poke|p1|Shiftry, M|
|poke|p1|Togekiss, M|
|poke|p1|Kyurem|
|poke|p2|Clefable, F|
|poke|p2|Jirachi|
|poke|p2|Gastrodon-East, M|
|poke|p2|Mandibuzz, F|
|poke|p2|Zeraora|
|poke|p2|Indeedee, M|
|rule|Sleep Clause Mod: Limit one foe put to sleep
|rule|Species Clause: Limit one of each Pokémon
|rule|OHKO Clause: OHKO moves are banned
|rule|Evasion Moves Clause: Evasion moves are banned
|rule|Endless Battle Clause: Forcing endless battles is banned
|rule|HP Percentage Mod: HP is shown in percentages
|rule|Dynamax Clause: You cannot dynamax
|teampreview
|c|☆relic stone|hf
|c|☆LT72MS Ricardo|have fun
|
|t:|1597980078
|start
|switch|p1a: Mt. Ember|Torkoal, M|100/100
|switch|p2a: Indeedee|Indeedee, M|100/100
|-fieldstart|move: Psychic Terrain|[from] ability: Psychic Surge|[of] p2a: Indeedee
|-weather|SunnyDay|[from] ability: Drought|[of] p1a: Mt. Ember
|turn|1
|
|t:|1597980097
|switch|p1a: Impaler|Excadrill, M, shiny|100/100
|-ability|p1a: Impaler|Mold Breaker
|move|p2a: Indeedee|Mystical Fire|p1a: Impaler
|-supereffective|p1a: Impaler
|-damage|p1a: Impaler|0 fnt
|faint|p1a: Impaler
|
|-weather|SunnyDay|[upkeep]
|upkeep
|
|t:|1597980105
|switch|p1a: Predator|Shiftry, M|100/100
|turn|2
|
|t:|1597980108
|switch|p2a: Mandibuzz|Mandibuzz, F|100/100
|move|p1a: Predator|Leaf Blade|p2a: Mandibuzz
|-resisted|p2a: Mandibuzz
|-damage|p2a: Mandibuzz|85/100
|-damage|p1a: Predator|91/100|[from] item: Life Orb
|
|-weather|SunnyDay|[upkeep]
|upkeep
|turn|3
|
|t:|1597980114
|switch|p1a: Cloud n1n3|Togekiss, M|100/100
|move|p2a: Mandibuzz|U-turn|p1a: Cloud n1n3
|-resisted|p1a: Cloud n1n3
|-damage|p1a: Cloud n1n3|97/100
|
|t:|1597980119
|switch|p2a: Zeraora|Zeraora|100/100|[from]move: U-turn
|
|-weather|SunnyDay|[upkeep]
|upkeep
|turn|4
|
|t:|1597980122
|move|p1a: Cloud n1n3|Flamethrower|p2a: Zeraora
|-damage|p2a: Zeraora|46/100
|move|p2a: Zeraora|Volt Switch|p1a: Cloud n1n3
|-supereffective|p1a: Cloud n1n3
|-damage|p1a: Cloud n1n3|54/100
|j| reymaki
|
|t:|1597980128
|switch|p2a: Indeedee|Indeedee, M|100/100|[from]move: Volt Switch
|
|-weather|SunnyDay|[upkeep]
|upkeep
|turn|5
|
|t:|1597980130
|move|p1a: Cloud n1n3|Flamethrower|p2a: Indeedee
|-damage|p2a: Indeedee|42/100
|move|p2a: Indeedee|Hyper Voice|p1a: Cloud n1n3
|-damage|p1a: Cloud n1n3|0 fnt
|faint|p1a: Cloud n1n3
|
|-weather|SunnyDay|[upkeep]
|-fieldend|move: Psychic Terrain
|upkeep
|
|t:|1597980134
|switch|p1a: Rex|Venusaur, M|100/100
|turn|6
|
|t:|1597980145
|switch|p2a: Mandibuzz|Mandibuzz, F|85/100
|move|p1a: Rex|Weather Ball|p2a: Mandibuzz
|-damage|p2a: Mandibuzz|36/100
|-damage|p1a: Rex|91/100|[from] item: Life Orb
|
|-weather|SunnyDay|[upkeep]
|upkeep
|turn|7
|
|t:|1597980154
|switch|p2a: Gastrodon|Gastrodon-East, M|100/100
|move|p1a: Rex|Weather Ball|p2a: Gastrodon
|-resisted|p2a: Gastrodon
|-damage|p2a: Gastrodon|79/100
|-damage|p1a: Rex|81/100|[from] item: Life Orb
|
|-weather|SunnyDay|[upkeep]
|-heal|p2a: Gastrodon|85/100|[from] item: Leftovers
|upkeep
|turn|8
|
|t:|1597980159
|switch|p2a: Jirachi|Jirachi|100/100
|move|p1a: Rex|Giga Drain|p2a: Jirachi
|-resisted|p2a: Jirachi
|-crit|p2a: Jirachi
|-damage|p2a: Jirachi|73/100
|-heal|p1a: Rex|99/100|[from] drain|[of] p2a: Jirachi
|-damage|p1a: Rex|89/100|[from] item: Life Orb
|
|-weather|none
|-heal|p2a: Jirachi|79/100|[from] item: Leftovers
|upkeep
|turn|9
|
|t:|1597980163
|switch|p2a: Indeedee|Indeedee, M|42/100
|-fieldstart|move: Psychic Terrain|[from] ability: Psychic Surge|[of] p2a: Indeedee
|switch|p1a: Mt. Ember|Torkoal, M|100/100
|-weather|SunnyDay|[from] ability: Drought|[of] p1a: Mt. Ember
|
|-weather|SunnyDay|[upkeep]
|upkeep
|turn|10
|
|t:|1597980169
|switch|p1a: Predator|Shiftry, M|91/100
|move|p2a: Indeedee|Hyper Voice|p1a: Predator
|-damage|p1a: Predator|0 fnt
|faint|p1a: Predator
|
|-weather|SunnyDay|[upkeep]
|upkeep
|
|t:|1597980171
|switch|p1a: Rex|Venusaur, M|89/100
|turn|11
|
|t:|1597980179
|move|p1a: Rex|Giga Drain|p2a: Indeedee
|-damage|p2a: Indeedee|0 fnt
|-heal|p1a: Rex|100/100|[from] drain|[of] p2a: Indeedee
|-damage|p1a: Rex|91/100|[from] item: Life Orb
|faint|p2a: Indeedee
|
|-weather|SunnyDay|[upkeep]
|upkeep
|
|t:|1597980185
|switch|p2a: Jirachi|Jirachi|79/100
|turn|12
|
|t:|1597980188
|switch|p2a: Gastrodon|Gastrodon-East, M|85/100
|move|p1a: Rex|Weather Ball|p2a: Gastrodon
|-resisted|p2a: Gastrodon
|-damage|p2a: Gastrodon|63/100
|-damage|p1a: Rex|81/100|[from] item: Life Orb
|
|-weather|SunnyDay|[upkeep]
|-heal|p2a: Gastrodon|69/100|[from] item: Leftovers
|upkeep
|turn|13
|
|t:|1597980196
|switch|p2a: Clefable|Clefable, F|100/100
|move|p1a: Rex|Weather Ball|p2a: Clefable
|-damage|p2a: Clefable|38/100
|-damage|p1a: Rex|71/100|[from] item: Life Orb
|
|-weather|SunnyDay|[upkeep]
|-heal|p2a: Clefable|44/100|[from] item: Leftovers
|-fieldend|move: Psychic Terrain
|upkeep
|turn|14
|
|t:|1597980201
|switch|p2a: Zeraora|Zeraora|46/100
|move|p1a: Rex|Weather Ball|p2a: Zeraora
|-damage|p2a: Zeraora|0 fnt
|-damage|p1a: Rex|61/100|[from] item: Life Orb
|faint|p2a: Zeraora
|
|-weather|SunnyDay|[upkeep]
|upkeep
|
|t:|1597980205
|switch|p2a: Mandibuzz|Mandibuzz, F|36/100
|turn|15
|
|t:|1597980209
|switch|p2a: Gastrodon|Gastrodon-East, M|69/100
|move|p1a: Rex|Giga Drain|p2a: Gastrodon
|-supereffective|p2a: Gastrodon
|-damage|p2a: Gastrodon|0 fnt
|-heal|p1a: Rex|100/100|[from] drain|[of] p2a: Gastrodon
|-damage|p1a: Rex|91/100|[from] item: Life Orb
|faint|p2a: Gastrodon
|
|-weather|SunnyDay|[upkeep]
|upkeep
|
|t:|1597980213
|switch|p2a: Clefable|Clefable, F|44/100
|turn|16
|
|t:|1597980217
|switch|p2a: Jirachi|Jirachi|79/100
|move|p1a: Rex|Growth|p1a: Rex
|-boost|p1a: Rex|atk|2
|-boost|p1a: Rex|spa|2
|
|-weather|none
|-heal|p2a: Jirachi|86/100|[from] item: Leftovers
|upkeep
|turn|17
|
|t:|1597980220
|move|p2a: Jirachi|Iron Head|p1a: Rex
|-damage|p1a: Rex|50/100
|cant|p1a: Rex|flinch
|
|-heal|p2a: Jirachi|92/100|[from] item: Leftovers
|upkeep
|turn|18
|
|t:|1597980224
|switch|p1a: Mt. Ember|Torkoal, M|100/100
|-weather|SunnyDay|[from] ability: Drought|[of] p1a: Mt. Ember
|move|p2a: Jirachi|Iron Head|p1a: Mt. Ember
|-resisted|p1a: Mt. Ember
|-damage|p1a: Mt. Ember|92/100
|
|-weather|SunnyDay|[upkeep]
|-heal|p2a: Jirachi|98/100|[from] item: Leftovers
|upkeep
|turn|19
|j| Piyush21
|
|t:|1597980227
|move|p2a: Jirachi|Wish|p2a: Jirachi
|move|p1a: Mt. Ember|Lava Plume|p2a: Jirachi
|-supereffective|p2a: Jirachi
|-damage|p2a: Jirachi|36/100
|
|-weather|SunnyDay|[upkeep]
|-heal|p2a: Jirachi|42/100|[from] item: Leftovers
|upkeep
|turn|20
|
|t:|1597980231
|switch|p2a: Mandibuzz|Mandibuzz, F|36/100
|switch|p1a: Rex|Venusaur, M|50/100
|
|-weather|SunnyDay|[upkeep]
|-heal|p2a: Mandibuzz|84/100|[from] move: Wish|[wisher] Jirachi
|upkeep
|turn|21
|
|t:|1597980234
|switch|p1a: Kyotaro|Kyurem, shiny|100/100
|-ability|p1a: Kyotaro|Pressure
|move|p2a: Mandibuzz|Foul Play|p1a: Kyotaro
|-damage|p1a: Kyotaro|68/100
|
|-weather|SunnyDay|[upkeep]
|upkeep
|turn|22
|
|t:|1597980239
|switch|p2a: Clefable|Clefable, F|44/100
|move|p1a: Kyotaro|Ice Beam|p2a: Clefable
|-damage|p2a: Clefable|0 fnt
|faint|p2a: Clefable
|
|-weather|SunnyDay|[upkeep]
|upkeep
|
|t:|1597980241
|switch|p2a: Jirachi|Jirachi|42/100
|turn|23
|
|t:|1597980245
|switch|p1a: Rex|Venusaur, M|50/100
|move|p2a: Jirachi|Fire Punch|p1a: Rex
|-supereffective|p1a: Rex
|-damage|p1a: Rex|0 fnt
|faint|p1a: Rex
|
|-weather|SunnyDay|[upkeep]
|-heal|p2a: Jirachi|48/100|[from] item: Leftovers
|upkeep
|
|t:|1597980248
|switch|p1a: Mt. Ember|Torkoal, M|92/100
|turn|24
|
|t:|1597980251
|switch|p2a: Mandibuzz|Mandibuzz, F|84/100
|move|p1a: Mt. Ember|Lava Plume|p2a: Mandibuzz
|-damage|p2a: Mandibuzz|53/100
|
|-weather|SunnyDay|[upkeep]
|upkeep
|turn|25
|
|t:|1597980254
|move|p2a: Mandibuzz|U-turn|p1a: Mt. Ember
|-resisted|p1a: Mt. Ember
|-damage|p1a: Mt. Ember|89/100
|
|t:|1597980255
|switch|p2a: Jirachi|Jirachi|48/100|[from]move: U-turn
|move|p1a: Mt. Ember|Lava Plume|p2a: Jirachi
|-supereffective|p2a: Jirachi
|-damage|p2a: Jirachi|0 fnt
|faint|p2a: Jirachi
|
|-weather|none
|upkeep
|-message|LT72MS Ricardo forfeited.
|
|win|relic stone
|l|☆LT72MS Ricardo
|c|☆relic stone|gg
|raw|relic stone's rating: 1915 &rarr; <strong>1932</strong><br />(+17 for winning)
|raw|LT72MS Ricardo's rating: 1860 &rarr; <strong>1843</strong><br />(-17 for losing)
