|html|<div class="broadcast-blue"><strong>[Gen 8] OU is currently suspecting Melmetal! For information on how to participate check out the <a href="https://www.smogon.com/forums/threads/np-ss-ou-suspect-process-round-12-monster-mash.3709234/">suspect thread</a>.</strong></div>
|j|☆Rex Rei
|j|☆Bunch24
|t:|1666850791
|gametype|singles
|player|p1|Rex Rei|veteran|1771
|player|p2|Bunch24|2|1746
|teamsize|p1|6
|teamsize|p2|6
|gen|8
|tier|[Gen 8] OU
|rated|
|rule|Sleep Clause Mod: Limit one foe put to sleep
|rule|Species Clause: Limit one of each Pokémon
|rule|OHKO Clause: OHKO moves are banned
|rule|Evasion Items Clause: Evasion items are banned
|rule|Evasion Moves Clause: Evasion moves are banned
|rule|Endless Battle Clause: Forcing endless battles is banned
|rule|HP Percentage Mod: HP is shown in percentages
|rule|Dynamax Clause: You cannot dynamax
|clearpoke
|poke|p1|Torkoal, F|
|poke|p1|Venusaur, F|
|poke|p1|Charizard, F|
|poke|p1|Corviknight, F|
|poke|p1|Entei|
|poke|p1|Garchomp, F|
|poke|p2|Tyranitar, M|
|poke|p2|Urshifu-*, M|
|poke|p2|Excadrill, F|
|poke|p2|Corviknight, F|
|poke|p2|Tornadus-Therian, M|
|poke|p2|Dragapult, F|
|teampreview
|
|t:|1666850808
|start
|switch|p1a: Torkoal|Torkoal, F|100/100
|switch|p2a: Urshifu|Urshifu-Rapid-Strike, M|100/100
|-weather|SunnyDay|[from] ability: Drought|[of] p1a: Torkoal
|turn|1
|
|t:|1666850814
|switch|p1a: Corviknight|Corviknight, F|100/100
|-ability|p1a: Corviknight|Pressure
|move|p2a: Urshifu|U-turn|p1a: Corviknight
|-resisted|p1a: Corviknight
|-damage|p1a: Corviknight|97/100
|
|t:|1666850822
|switch|p2a: Dragapult|Dragapult, F|100/100|[from]move: U-turn
|
|-weather|SunnyDay|[upkeep]
|-heal|p1a: Corviknight|100/100|[from] item: Leftovers
|upkeep
|turn|2
|
|t:|1666850827
|move|p2a: Dragapult|Flamethrower|p1a: Corviknight
|-supereffective|p1a: Corviknight
|-damage|p1a: Corviknight|1/100
|-status|p1a: Corviknight|brn
|move|p1a: Corviknight|U-turn|p2a: Dragapult
|-resisted|p2a: Dragapult
|-damage|p2a: Dragapult|96/100
|
|t:|1666850833
|switch|p1a: Garchomp|Garchomp, F|100/100|[from]move: U-turn
|
|-weather|SunnyDay|[upkeep]
|upkeep
|turn|3
|
|t:|1666850836
|move|p2a: Dragapult|Will-O-Wisp|p1a: Garchomp
|-status|p1a: Garchomp|brn
|move|p1a: Garchomp|Swords Dance|p1a: Garchomp
|-boost|p1a: Garchomp|atk|2
|
|-weather|SunnyDay|[upkeep]
|-damage|p1a: Garchomp|94/100 brn|[from] brn
|upkeep
|turn|4
|inactive|Battle timer is ON: inactive players will automatically lose when time's up. (requested by Rex Rei)
|
|t:|1666850852
|switch|p2a: Urshifu|Urshifu-Rapid-Strike, M|100/100
|move|p1a: Garchomp|Scale Shot|p2a: Urshifu
|-crit|p2a: Urshifu
|-damage|p2a: Urshifu|75/100
|-damage|p2a: Urshifu|58/100
|-hitcount|p2a: Urshifu|2
|-unboost|p1a: Garchomp|def|1
|-boost|p1a: Garchomp|spe|1
|-damage|p1a: Garchomp|85/100 brn|[from] item: Life Orb
|
|-weather|SunnyDay|[upkeep]
|-damage|p1a: Garchomp|78/100 brn|[from] brn
|upkeep
|turn|5
|j| rdieu
|
|t:|1666850861
|switch|p2a: Corviknight|Corviknight, F|100/100
|-ability|p2a: Corviknight|Pressure
|move|p1a: Garchomp|Earthquake|p2a: Corviknight
|-immune|p2a: Corviknight
|
|-weather|SunnyDay|[upkeep]
|-damage|p1a: Garchomp|72/100 brn|[from] brn
|upkeep
|turn|6
|
|t:|1666850864
|move|p1a: Garchomp|Swords Dance|p1a: Garchomp
|-boost|p1a: Garchomp|atk|2
|move|p2a: Corviknight|Body Press|p1a: Garchomp
|-damage|p1a: Garchomp|33/100 brn
|-damage|p2a: Corviknight|88/100|[from] ability: Rough Skin|[of] p1a: Garchomp
|
|-weather|SunnyDay|[upkeep]
|-damage|p1a: Garchomp|27/100 brn|[from] brn
|upkeep
|turn|7
|
|t:|1666850868
|move|p1a: Garchomp|Fire Fang|p2a: Corviknight
|-supereffective|p2a: Corviknight
|-damage|p2a: Corviknight|14/100
|-damage|p1a: Garchomp|10/100 brn|[from] item: Rocky Helmet|[of] p2a: Corviknight
|-damage|p1a: Garchomp|0 fnt|[from] item: Life Orb
|faint|p1a: Garchomp
|cant|p2a: Corviknight|flinch
|
|-weather|SunnyDay|[upkeep]
|upkeep
|
|t:|1666850883
|switch|p1a: Entei|Entei|100/100
|turn|8
|
|t:|1666850887
|move|p1a: Entei|Sacred Fire|p2a: Corviknight|[miss]
|-miss|p1a: Entei|p2a: Corviknight
|move|p2a: Corviknight|Body Press|p1a: Entei
|-damage|p1a: Entei|71/100
|
|-weather|none
|upkeep
|turn|9
|l| rdieu
|
|t:|1666850893
|move|p1a: Entei|Sacred Fire|p2a: Corviknight
|-supereffective|p2a: Corviknight
|-damage|p2a: Corviknight|0 fnt
|faint|p2a: Corviknight
|
|upkeep
|j| EncoreShot
|
|t:|1666850904
|switch|p2a: Urshifu|Urshifu-Rapid-Strike, M|58/100
|turn|10
|
|t:|1666850907
|switch|p1a: Corviknight|Corviknight, F|1/100 brn
|-ability|p1a: Corviknight|Pressure
|move|p2a: Urshifu|Close Combat|p1a: Corviknight
|-damage|p1a: Corviknight|0 fnt
|-unboost|p2a: Urshifu|def|1
|-unboost|p2a: Urshifu|spd|1
|faint|p1a: Corviknight
|
|upkeep
|
|t:|1666850910
|switch|p1a: Torkoal|Torkoal, F|100/100
|-weather|SunnyDay|[from] ability: Drought|[of] p1a: Torkoal
|turn|11
|
|t:|1666850913
|switch|p1a: Venusaur|Venusaur, F|100/100
|move|p2a: Urshifu|U-turn|p1a: Venusaur
|-damage|p1a: Venusaur|67/100
|
|t:|1666850916
|switch|p2a: Dragapult|Dragapult, F|96/100|[from]move: U-turn
|
|-weather|SunnyDay|[upkeep]
|upkeep
|turn|12
|
|t:|1666850921
|move|p1a: Venusaur|Earth Power|p2a: Dragapult
|-damage|p2a: Dragapult|41/100
|-damage|p1a: Venusaur|57/100|[from] item: Life Orb
|move|p2a: Dragapult|Flamethrower|p1a: Venusaur
|-supereffective|p1a: Venusaur
|-damage|p1a: Venusaur|0 fnt
|faint|p1a: Venusaur
|
|-weather|SunnyDay|[upkeep]
|upkeep
|
|t:|1666850924
|switch|p1a: Entei|Entei|71/100
|turn|13
|
|t:|1666850937
|switch|p2a: Tornadus|Tornadus-Therian, M|100/100
|move|p1a: Entei|Sacred Fire|p2a: Tornadus
|-damage|p2a: Tornadus|0 fnt
|faint|p2a: Tornadus
|
|-weather|SunnyDay|[upkeep]
|upkeep
|
|t:|1666850943
|switch|p2a: Tyranitar|Tyranitar, M|100/100
|-weather|Sandstorm|[from] ability: Sand Stream|[of] p2a: Tyranitar
|turn|14
|j| cypherstest
|
|t:|1666850947
|move|p1a: Entei|Sacred Fire|p2a: Tyranitar
|-resisted|p2a: Tyranitar
|-damage|p2a: Tyranitar|70/100
|-status|p2a: Tyranitar|brn
|move|p2a: Tyranitar|Earthquake|p1a: Entei
|-supereffective|p1a: Entei
|-damage|p1a: Entei|43/100
|
|-weather|Sandstorm|[upkeep]
|-damage|p1a: Entei|36/100|[from] Sandstorm
|-damage|p2a: Tyranitar|64/100 brn|[from] brn
|upkeep
|turn|15
|
|t:|1666850955
|switch|p1a: Torkoal|Torkoal, F|100/100
|-weather|SunnyDay|[from] ability: Drought|[of] p1a: Torkoal
|switch|p2a: Urshifu|Urshifu-Rapid-Strike, M|58/100
|
|-weather|SunnyDay|[upkeep]
|upkeep
|turn|16
|
|t:|1666850961
|move|p2a: Urshifu|Close Combat|p1a: Torkoal
|-damage|p1a: Torkoal|68/100
|-unboost|p2a: Urshifu|def|1
|-unboost|p2a: Urshifu|spd|1
|move|p1a: Torkoal|Stealth Rock|p2a: Urshifu
|-sidestart|p2: Bunch24|move: Stealth Rock
|
|-weather|SunnyDay|[upkeep]
|upkeep
|turn|17
|
|t:|1666850965
|move|p2a: Urshifu|U-turn|p1a: Torkoal
|-resisted|p1a: Torkoal
|-damage|p1a: Torkoal|62/100
|
|t:|1666850966
|switch|p2a: Dragapult|Dragapult, F|41/100|[from]move: U-turn
|-damage|p2a: Dragapult|29/100|[from] Stealth Rock
|move|p1a: Torkoal|Lava Plume|p2a: Dragapult
|-resisted|p2a: Dragapult
|-damage|p2a: Dragapult|5/100
|
|-weather|SunnyDay|[upkeep]
|upkeep
|turn|18
|
|t:|1666850969
|move|p2a: Dragapult|Hex|p1a: Torkoal
|-damage|p1a: Torkoal|23/100
|move|p1a: Torkoal|Lava Plume|p2a: Dragapult
|-resisted|p2a: Dragapult
|-damage|p2a: Dragapult|0 fnt
|faint|p2a: Dragapult
|
|-weather|SunnyDay|[upkeep]
|upkeep
|
|t:|1666850974
|switch|p2a: Urshifu|Urshifu-Rapid-Strike, M|58/100
|-damage|p2a: Urshifu|52/100|[from] Stealth Rock
|turn|19
|
|t:|1666850979
|switch|p1a: Entei|Entei|36/100
|move|p2a: Urshifu|Surging Strikes|p1a: Entei
|-supereffective|p1a: Entei
|-crit|p1a: Entei
|-damage|p1a: Entei|16/100
|-supereffective|p1a: Entei
|-crit|p1a: Entei
|-damage|p1a: Entei|0 fnt
|faint|p1a: Entei
|-hitcount|p1: Entei|2
|
|-weather|SunnyDay|[upkeep]
|upkeep
|
|t:|1666850980
|switch|p1a: Charizard|Charizard, F|100/100
|turn|20
|
|t:|1666850987
|move|p1a: Charizard|Focus Blast|p2a: Urshifu
|-damage|p2a: Urshifu|0 fnt
|faint|p2a: Urshifu
|
|-weather|SunnyDay|[upkeep]
|-damage|p1a: Charizard|88/100|[from] ability: Solar Power|[of] p1a: Charizard
|upkeep
|
|t:|1666850990
|switch|p2a: Tyranitar|Tyranitar, M|64/100 brn
|-damage|p2a: Tyranitar|52/100 brn|[from] Stealth Rock
|-weather|Sandstorm|[from] ability: Sand Stream|[of] p2a: Tyranitar
|turn|21
|
|t:|1666850998
|move|p1a: Charizard|Focus Blast|p2a: Tyranitar
|-supereffective|p2a: Tyranitar
|-damage|p2a: Tyranitar|0 fnt
|faint|p2a: Tyranitar
|
|-weather|Sandstorm|[upkeep]
|-damage|p1a: Charizard|82/100|[from] Sandstorm
|upkeep
|
|t:|1666851000
|switch|p2a: Excadrill|Excadrill, F|100/100
|-damage|p2a: Excadrill|97/100|[from] Stealth Rock
|turn|22
|
|t:|1666851003
|switch|p1a: Torkoal|Torkoal, F|23/100
|-weather|SunnyDay|[from] ability: Drought|[of] p1a: Torkoal
|move|p2a: Excadrill|Rock Slide|p1a: Torkoal
|-supereffective|p1a: Torkoal
|-damage|p1a: Torkoal|0 fnt
|faint|p1a: Torkoal
|
|-weather|SunnyDay|[upkeep]
|-heal|p2a: Excadrill|100/100|[from] item: Leftovers
|upkeep
|
|t:|1666851005
|switch|p1a: Charizard|Charizard, F|82/100
|turn|23
|
|t:|1666851006
|move|p1a: Charizard|Weather Ball|p2a: Excadrill
|-supereffective|p2a: Excadrill
|-damage|p2a: Excadrill|0 fnt
|faint|p2a: Excadrill
|
|win|Rex Rei
|raw|Rex Rei's rating: 1771 &rarr; <strong>1790</strong><br />(+19 for winning)
|raw|Bunch24's rating: 1746 &rarr; <strong>1727</strong><br />(-19 for losing)
