|raw|<div class="broadcast-blue"><strong>This battle is required to be public due to a player having a name starting with 'lt92pf'.</div>
|j|☆LT92Pfizer
|j|☆Flashybee
|t:|1659799591
|gametype|singles
|player|p1|LT92Pfizer|preschooler|1612
|player|p2|Flashybee|266|1611
|teamsize|p1|6
|teamsize|p2|6
|gen|8
|tier|[Gen 8] OU
|rated|
|rule|Sleep Clause Mod: Limit one foe put to sleep
|rule|Species Clause: Limit one of each Pokémon
|rule|OHKO Clause: OHKO moves are banned
|rule|Evasion Items Clause: Evasion items are banned
|rule|Evasion Moves Clause: Evasion moves are banned
|rule|Endless Battle Clause: Forcing endless battles is banned
|rule|HP Percentage Mod: HP is shown in percentages
|rule|Dynamax Clause: You cannot dynamax
|clearpoke
|poke|p1|Dragapult, M|
|poke|p1|Clefable, M|
|poke|p1|Tyranitar, M|
|poke|p1|Buzzwole|
|poke|p1|Slowking, M|
|poke|p1|Excadrill, M|
|poke|p2|Blacephalon|
|poke|p2|Klefki, M|
|poke|p2|Tyranitar, F|
|poke|p2|Tapu Koko|
|poke|p2|Victini|
|poke|p2|Excadrill, F|
|teampreview
|c|☆LT92Pfizer|hf hf
|inactive|Battle timer is ON: inactive players will automatically lose when time's up. (requested by LT92Pfizer)
|c|☆Flashybee|u2
|inactive|LT92Pfizer has 120 seconds left.
|
|t:|1659799633
|start
|switch|p1a: dune surfer|Tyranitar, M|100/100
|switch|p2a: Blacephalon|Blacephalon|100/100
|-weather|Sandstorm|[from] ability: Sand Stream|[of] p1a: dune surfer
|turn|1
|
|t:|1659799636
|move|p2a: Blacephalon|Trick|p1a: dune surfer
|-activate|p2a: Blacephalon|move: Trick|[of] p1a: dune surfer
|-item|p1a: dune surfer|Choice Scarf|[from] move: Trick
|-item|p2a: Blacephalon|Leftovers|[from] move: Trick
|move|p1a: dune surfer|Stealth Rock|p2a: Blacephalon
|-sidestart|p2: Flashybee|move: Stealth Rock
|
|-weather|Sandstorm|[upkeep]
|-damage|p2a: Blacephalon|94/100|[from] Sandstorm
|-heal|p2a: Blacephalon|100/100|[from] item: Leftovers
|upkeep
|turn|2
|c|☆LT92Pfizer|SCARFED STEALTH ROCK
|
|t:|1659799648
|switch|p2a: Tapu Koko|Tapu Koko|100/100
|-fieldstart|move: Electric Terrain|[from] ability: Electric Surge|[of] p2a: Tapu Koko
|move|p1a: dune surfer|Stealth Rock||[still]
|-fail|p1a: dune surfer
|
|-weather|Sandstorm|[upkeep]
|-damage|p2a: Tapu Koko|94/100|[from] Sandstorm
|upkeep
|turn|3
|c|☆Flashybee|lol
|
|t:|1659799663
|switch|p1a: knows the drill|Excadrill, M|100/100
|move|p2a: Tapu Koko|U-turn|p1a: knows the drill
|-resisted|p1a: knows the drill
|-damage|p1a: knows the drill|90/100
|
|t:|1659799665
|switch|p2a: Excadrill|Excadrill, F|100/100|[from]move: U-turn
|-damage|p2a: Excadrill|97/100|[from] Stealth Rock
|
|-weather|Sandstorm|[upkeep]
|-heal|p1a: knows the drill|96/100|[from] item: Leftovers
|-heal|p2a: Excadrill|100/100|[from] item: Leftovers
|upkeep
|turn|4
|c|☆Flashybee|run the speed tie u wont
|c|☆LT92Pfizer|u wanna race with me
|c|☆LT92Pfizer|i wont
|
|t:|1659799684
|switch|p1a: new kid|Buzzwole|100/100
|move|p2a: Excadrill|Earthquake|p1a: new kid
|-resisted|p1a: new kid
|-damage|p1a: new kid|81/100
|
|-weather|Sandstorm|[upkeep]
|-damage|p1a: new kid|75/100|[from] Sandstorm
|upkeep
|turn|5
|c|☆Flashybee|smh no guts
|c|☆LT92Pfizer|imma keep the one mon that 6-0's
|c|☆Flashybee|shhhhh
|c|☆LT92Pfizer|ofc no guts
|
|t:|1659799708
|switch|p2a: Blacephalon|Blacephalon|100/100
|-damage|p2a: Blacephalon|76/100|[from] Stealth Rock
|move|p1a: new kid|Roost|p1a: new kid
|-heal|p1a: new kid|100/100
|-singleturn|p1a: new kid|move: Roost
|
|-weather|none
|-heal|p2a: Blacephalon|82/100|[from] item: Leftovers
|upkeep
|turn|6
|
|t:|1659799715
|switch|p1a: dune surfer|Tyranitar, M|100/100
|-weather|Sandstorm|[from] ability: Sand Stream|[of] p1a: dune surfer
|move|p2a: Blacephalon|Flamethrower|p1a: dune surfer
|-resisted|p1a: dune surfer
|-damage|p1a: dune surfer|89/100
|
|-weather|Sandstorm|[upkeep]
|-damage|p2a: Blacephalon|76/100|[from] Sandstorm
|-heal|p2a: Blacephalon|82/100|[from] item: Leftovers
|-fieldend|move: Electric Terrain
|upkeep
|turn|7
|c|☆LT92Pfizer|scarf eq
|c|☆LT92Pfizer|stop me if u can
|
|t:|1659799728
|move|p2a: Blacephalon|Flamethrower|p1a: dune surfer
|-resisted|p1a: dune surfer
|-damage|p1a: dune surfer|78/100
|move|p1a: dune surfer|Earthquake|p2a: Blacephalon
|-supereffective|p2a: Blacephalon
|-damage|p2a: Blacephalon|0 fnt
|faint|p2a: Blacephalon
|
|-weather|Sandstorm|[upkeep]
|upkeep
|c|☆Flashybee|bruh
|
|t:|1659799739
|switch|p2a: Klefki|Klefki, M|100/100
|-damage|p2a: Klefki|95/100|[from] Stealth Rock
|turn|8
|
|t:|1659799746
|switch|p1a: shellfish turban|Slowking, M|100/100
|move|p2a: Klefki|Fairy Lock|p2a: Klefki
|-fieldactivate|move: Fairy Lock
|
|-weather|Sandstorm|[upkeep]
|-damage|p1a: shellfish turban|94/100|[from] Sandstorm
|upkeep
|turn|9
|
|t:|1659799754
|move|p2a: Klefki|Spikes|p1a: shellfish turban
|-sidestart|p1: LT92Pfizer|Spikes
|move|p1a: shellfish turban|Scald|p2a: Klefki
|-damage|p2a: Klefki|63/100
|-enditem|p2a: Klefki|Eject Button
|c|☆LT92Pfizer|dang
|c|☆LT92Pfizer|not even magnet rise
|c|☆LT92Pfizer|i'm disappointed
|
|t:|1659799774
|switch|p2a: Tapu Koko|Tapu Koko|94/100
|-fieldstart|move: Electric Terrain|[from] ability: Electric Surge|[of] p2a: Tapu Koko
|
|-weather|Sandstorm|[upkeep]
|-damage|p2a: Tapu Koko|88/100|[from] Sandstorm
|-damage|p1a: shellfish turban|88/100|[from] Sandstorm
|upkeep
|turn|10
|
|t:|1659799784
|move|p2a: Tapu Koko|Thunderbolt|p1a: shellfish turban
|-supereffective|p1a: shellfish turban
|-damage|p1a: shellfish turban|20/100
|-status|p1a: shellfish turban|par
|cant|p1a: shellfish turban|par
|
|-weather|none
|upkeep
|turn|11
|
|t:|1659799791
|switch|p1a: dune surfer|Tyranitar, M|78/100
|-damage|p1a: dune surfer|66/100|[from] Spikes
|-weather|Sandstorm|[from] ability: Sand Stream|[of] p1a: dune surfer
|move|p2a: Tapu Koko|Thunderbolt|p1a: dune surfer
|-damage|p1a: dune surfer|45/100
|
|-weather|Sandstorm|[upkeep]
|-damage|p2a: Tapu Koko|82/100|[from] Sandstorm
|upkeep
|turn|12
|c|☆LT92Pfizer|tell me this is a new team of yours
|inactive|Flashybee has 120 seconds left.
|c|☆Flashybee|wdym
|
|t:|1659799835
|move|p2a: Tapu Koko|Thunderbolt|p1a: dune surfer
|-damage|p1a: dune surfer|23/100
|move|p1a: dune surfer|Earthquake|p2a: Tapu Koko
|-supereffective|p2a: Tapu Koko
|-damage|p2a: Tapu Koko|2/100
|
|-weather|Sandstorm|[upkeep]
|-damage|p2a: Tapu Koko|0 fnt|[from] Sandstorm
|faint|p2a: Tapu Koko
|upkeep
|c|☆LT92Pfizer|no way you laddered to 1500 and beyond with a team of 6 pokemon weak to ground
|
|t:|1659799854
|switch|p2a: Klefki|Klefki, M|63/100
|-damage|p2a: Klefki|57/100|[from] Stealth Rock
|turn|13
|c|☆LT92Pfizer|i mean
|c|☆LT92Pfizer|respect if you did
|c|☆Flashybee|dw about it
|
|t:|1659799879
|switch|p1a: knows the drill|Excadrill, M|96/100
|-damage|p1a: knows the drill|84/100|[from] Spikes
|move|p2a: Klefki|Fairy Lock|p2a: Klefki
|-fieldactivate|move: Fairy Lock
|
|-weather|Sandstorm|[upkeep]
|-heal|p1a: knows the drill|90/100|[from] item: Leftovers
|-fieldend|move: Electric Terrain
|upkeep
|turn|14
|c|☆LT92Pfizer|i'm defs worying
|c|☆Flashybee|u win this one
|c|☆LT92Pfizer|gg lol
|c|☆Flashybee|This is a gimmik team
|c|☆Flashybee|its meant to be weak to ground
|c|☆Flashybee|lemme
|c|☆Flashybee|explain
|c|☆LT92Pfizer|ok
|inactive|Flashybee has 90 seconds left.
|c|☆Flashybee|Basically I trick scarf onto something that eqs
|c|☆Flashybee|and then fairy lock with klef
|c|☆Flashybee|and then drangon dance with block ballon ttar
|c|☆Flashybee|I cant kill buzzwole tho
|c|☆Flashybee|even at +6
|inactive|Flashybee has 60 seconds left.
|c|☆LT92Pfizer|ah
|c|☆LT92Pfizer|i see
|c|☆Flashybee|so yeah I can never win this one
|
|t:|1659799950
|move|p2a: Klefki|Spikes|p1a: knows the drill
|-sidestart|p1: LT92Pfizer|Spikes
|move|p1a: knows the drill|Earthquake|p2a: Klefki
|-supereffective|p2a: Klefki
|-damage|p2a: Klefki|0 fnt
|faint|p2a: Klefki
|
|-weather|Sandstorm|[upkeep]
|-heal|p1a: knows the drill|96/100|[from] item: Leftovers
|upkeep
|c|☆LT92Pfizer|alll to make ttar sweep
|c|☆Flashybee|yeah
|c|☆Flashybee|ggs
|c|☆LT92Pfizer|+6 252+ Atk Tyranitar Stone Edge vs. 152 HP / 0 Def Buzzwole: 552-649 (140.4 - 165.1%) -- guaranteed OHKO
|-message|Flashybee forfeited.
|
|win|LT92Pfizer
|raw|LT92Pfizer's rating: 1612 &rarr; <strong>1632</strong><br />(+20 for winning)
|raw|Flashybee's rating: 1611 &rarr; <strong>1591</strong><br />(-20 for losing)
|l|☆Flashybee
||Ladder isn't responding, score probably updated but might not have (Request timeout).
