|raw|<div class="broadcast-blue"><strong>This battle is required to be public due to a player having a name starting with 'lt93oq'.</div>
|j|☆Wish kisser
|j|‽LT93OQ O
|t:|1660334760
|gametype|singles
|player|p1|Wish kisser|preschooler-gen6|1676
|player|p2|LT93OQ O|169|1627
|teamsize|p1|6
|teamsize|p2|6
|gen|8
|tier|[Gen 8] OU
|rated|
|rule|Sleep Clause Mod: Limit one foe put to sleep
|rule|Species Clause: Limit one of each Pokémon
|rule|OHKO Clause: OHKO moves are banned
|rule|Evasion Items Clause: Evasion items are banned
|rule|Evasion Moves Clause: Evasion moves are banned
|rule|Endless Battle Clause: Forcing endless battles is banned
|rule|HP Percentage Mod: HP is shown in percentages
|rule|Dynamax Clause: You cannot dynamax
|clearpoke
|poke|p1|Rillaboom, F|
|poke|p1|Tornadus-Therian, M|
|poke|p1|Blaziken, M|
|poke|p1|Melmetal|
|poke|p1|Garchomp, F|
|poke|p1|Slowbro, F|
|poke|p2|Rillaboom, M|
|poke|p2|Tornadus-Therian, M|
|poke|p2|Blaziken, M|
|poke|p2|Melmetal|
|poke|p2|Garchomp, F|
|poke|p2|Slowbro, M|
|teampreview
|inactive|Battle timer is ON: inactive players will automatically lose when time's up. (requested by LT93OQ O)
|
|t:|1660334770
|start
|switch|p1a: Slowbro|Slowbro, F|100/100
|switch|p2a: Garchomp|Garchomp, F|100/100
|turn|1
|
|t:|1660334775
|switch|p2a: Slowbro|Slowbro, M|100/100
|move|p1a: Slowbro|Toxic|p2a: Slowbro
|-status|p2a: Slowbro|tox
|
|-damage|p2a: Slowbro|94/100 tox|[from] psn
|upkeep
|turn|2
|
|t:|1660334779
|move|p2a: Slowbro|Toxic|p1a: Slowbro
|-status|p1a: Slowbro|tox
|move|p1a: Slowbro|Teleport|p1a: Slowbro
|
|t:|1660334791
|switch|p1a: Melmetal|Melmetal|100/100|[from]move: Teleport
|
|-damage|p2a: Slowbro|82/100 tox|[from] psn
|upkeep
|turn|3
|
|t:|1660334795
|move|p1a: Melmetal|Double Iron Bash|p2a: Slowbro
|-resisted|p2a: Slowbro
|-damage|p2a: Slowbro|69/100 tox
|-damage|p1a: Melmetal|84/100|[from] item: Rocky Helmet|[of] p2a: Slowbro
|-resisted|p2a: Slowbro
|-damage|p2a: Slowbro|56/100 tox
|-damage|p1a: Melmetal|67/100|[from] item: Rocky Helmet|[of] p2a: Slowbro
|-hitcount|p2a: Slowbro|2
|move|p2a: Slowbro|Scald|p1a: Melmetal
|-damage|p1a: Melmetal|43/100
|
|-heal|p1a: Melmetal|50/100|[from] item: Leftovers
|-damage|p2a: Slowbro|37/100 tox|[from] psn
|upkeep
|turn|4
|
|t:|1660334803
|switch|p2a: Garchomp|Garchomp, F|100/100
|move|p1a: Melmetal|Thunder Punch|p2a: Garchomp
|-immune|p2a: Garchomp
|
|-heal|p1a: Melmetal|56/100|[from] item: Leftovers
|upkeep
|turn|5
|
|t:|1660334816
|switch|p1a: Slowbro|Slowbro, F|100/100 tox
|move|p2a: Garchomp|Earthquake|p1a: Slowbro
|-damage|p1a: Slowbro|75/100 tox
|
|-damage|p1a: Slowbro|69/100 tox|[from] psn
|upkeep
|turn|6
|
|t:|1660334823
|move|p2a: Garchomp|Stealth Rock|p1a: Slowbro
|-sidestart|p1: Wish kisser|move: Stealth Rock
|move|p1a: Slowbro|Teleport|p1a: Slowbro
|
|t:|1660334825
|switch|p1a: Tornadus|Tornadus-Therian, M|100/100|[from]move: Teleport
|
|upkeep
|turn|7
|
|t:|1660334842
|switch|p1a: Slowbro|Slowbro, F|100/100 tox
|-damage|p1a: Slowbro|88/100 tox|[from] Stealth Rock
|move|p2a: Garchomp|Toxic|p1a: Slowbro
|-fail|p1a: Slowbro|tox
|
|-damage|p1a: Slowbro|82/100 tox|[from] psn
|upkeep
|turn|8
|
|t:|1660334861
|move|p2a: Garchomp|Earthquake|p1a: Slowbro
|-damage|p1a: Slowbro|55/100 tox
|move|p1a: Slowbro|Toxic|p2a: Garchomp|[miss]
|-miss|p1a: Slowbro|p2a: Garchomp
|
|-damage|p1a: Slowbro|43/100 tox|[from] psn
|upkeep
|turn|9
|
|t:|1660334877
|switch|p2a: Slowbro|Slowbro, M|71/100 tox
|move|p1a: Slowbro|Toxic|p2a: Slowbro
|-fail|p2a: Slowbro|tox
|
|-damage|p2a: Slowbro|64/100 tox|[from] psn
|-damage|p1a: Slowbro|25/100 tox|[from] psn
|upkeep
|turn|10
|
|t:|1660334882
|move|p2a: Slowbro|Future Sight|p1a: Slowbro
|-start|p2a: Slowbro|move: Future Sight
|move|p1a: Slowbro|Teleport|p1a: Slowbro
|j| LT93OQ SABVRIS
|
|t:|1660334891
|switch|p1a: Tornadus|Tornadus-Therian, M|100/100|[from]move: Teleport
|
|-damage|p2a: Slowbro|52/100 tox|[from] psn
|upkeep
|turn|11
|
|t:|1660334894
|move|p1a: Tornadus|Defog|p2a: Slowbro
|-unboost|p2a: Slowbro|evasion|1
|-sideend|p1: Wish kisser|Stealth Rock|[from] move: Defog|[of] p1a: Tornadus
|move|p2a: Slowbro|Toxic|p1a: Tornadus
|-status|p1a: Tornadus|tox
|
|-damage|p1a: Tornadus|94/100 tox|[from] psn
|-damage|p2a: Slowbro|34/100 tox|[from] psn
|upkeep
|turn|12
|l| LT93OQ SABVRIS
|
|t:|1660334907
|switch|p2a: Garchomp|Garchomp, F|100/100
|move|p1a: Tornadus|U-turn|p2a: Garchomp
|-damage|p2a: Garchomp|89/100
|-damage|p1a: Tornadus|82/100 tox|[from] ability: Rough Skin|[of] p2a: Garchomp
|
|t:|1660334922
|switch|p1a: Slowbro|Slowbro, F|58/100 tox|[from]move: U-turn
|
|-end|p1a: Slowbro|move: Future Sight
|-resisted|p1a: Slowbro
|-damage|p1a: Slowbro|36/100 tox
|-heal|p2a: Garchomp|95/100|[from] item: Leftovers
|-damage|p1a: Slowbro|30/100 tox|[from] psn
|upkeep
|turn|13
|
|t:|1660334928
|switch|p1a: Tornadus|Tornadus-Therian, M|100/100 tox
|move|p2a: Garchomp|Earthquake|p1a: Tornadus
|-immune|p1a: Tornadus
|
|-heal|p2a: Garchomp|100/100|[from] item: Leftovers
|-damage|p1a: Tornadus|94/100 tox|[from] psn
|upkeep
|turn|14
|
|t:|1660334935
|switch|p2a: Tornadus|Tornadus-Therian, M|100/100
|move|p1a: Tornadus|Knock Off|p2a: Tornadus
|-damage|p2a: Tornadus|80/100
|-enditem|p2a: Tornadus|Heavy-Duty Boots|[from] move: Knock Off|[of] p1a: Tornadus
|
|-damage|p1a: Tornadus|82/100 tox|[from] psn
|upkeep
|turn|15
|
|t:|1660334949
|move|p2a: Tornadus|Knock Off|p1a: Tornadus
|-damage|p1a: Tornadus|61/100 tox
|-enditem|p1a: Tornadus|Heavy-Duty Boots|[from] move: Knock Off|[of] p2a: Tornadus
|move|p1a: Tornadus|U-turn|p2a: Tornadus
|-resisted|p2a: Tornadus
|-damage|p2a: Tornadus|72/100
|
|t:|1660334956
|switch|p1a: Blaziken|Blaziken, M|100/100|[from]move: U-turn
|
|upkeep
|turn|16
|
|t:|1660334962
|move|p2a: Tornadus|U-turn|p1a: Blaziken
|-resisted|p1a: Blaziken
|-damage|p1a: Blaziken|96/100
|
|t:|1660334965
|switch|p2a: Slowbro|Slowbro, M|67/100 tox|[from]move: U-turn
|move|p1a: Blaziken|Swords Dance|p1a: Blaziken
|-boost|p1a: Blaziken|atk|2
|
|-heal|p1a: Blaziken|100/100|[from] item: Leftovers
|-damage|p2a: Slowbro|61/100 tox|[from] psn
|-ability|p1a: Blaziken|Speed Boost|boost
|-boost|p1a: Blaziken|spe|1
|upkeep
|turn|17
|
|t:|1660334976
|move|p1a: Blaziken|Flare Blitz|p2a: Slowbro
|-resisted|p2a: Slowbro
|-damage|p2a: Slowbro|24/100 tox
|-damage|p1a: Blaziken|84/100|[from] item: Rocky Helmet|[of] p2a: Slowbro
|-damage|p1a: Blaziken|69/100|[from] Recoil
|move|p2a: Slowbro|Future Sight|p1a: Blaziken
|-start|p2a: Slowbro|move: Future Sight
|
|-heal|p1a: Blaziken|76/100|[from] item: Leftovers
|-damage|p2a: Slowbro|12/100 tox|[from] psn
|-ability|p1a: Blaziken|Speed Boost|boost
|-boost|p1a: Blaziken|spe|1
|upkeep
|turn|18
|
|t:|1660334987
|switch|p2a: Tornadus|Tornadus-Therian, M|100/100
|move|p1a: Blaziken|Close Combat|p2a: Tornadus
|-resisted|p2a: Tornadus
|-damage|p2a: Tornadus|34/100
|-unboost|p1a: Blaziken|def|1
|-unboost|p1a: Blaziken|spd|1
|
|-heal|p1a: Blaziken|82/100|[from] item: Leftovers
|-ability|p1a: Blaziken|Speed Boost|boost
|-boost|p1a: Blaziken|spe|1
|upkeep
|turn|19
|
|t:|1660335002
|switch|p1a: Tornadus|Tornadus-Therian, M|94/100 tox
|switch|p2a: Slowbro|Slowbro, M|45/100 tox
|
|-end|p1a: Tornadus|move: Future Sight
|-damage|p1a: Tornadus|55/100 tox
|-damage|p1a: Tornadus|49/100 tox|[from] psn
|-damage|p2a: Slowbro|39/100 tox|[from] psn
|upkeep
|turn|20
|
|t:|1660335012
|move|p1a: Tornadus|U-turn|p2a: Slowbro
|-supereffective|p2a: Slowbro
|-damage|p2a: Slowbro|21/100 tox
|-damage|p1a: Tornadus|32/100 tox|[from] item: Rocky Helmet|[of] p2a: Slowbro
|
|t:|1660335015
|switch|p1a: Garchomp|Garchomp, F|100/100|[from]move: U-turn
|move|p2a: Slowbro|Teleport|p2a: Slowbro
|
|t:|1660335018
|switch|p2a: Garchomp|Garchomp, F|100/100|[from]move: Teleport
|
|upkeep
|turn|21
|
|t:|1660335027
|switch|p1a: Slowbro|Slowbro, F|63/100 tox
|move|p2a: Garchomp|Toxic|p1a: Slowbro
|-fail|p1a: Slowbro|tox
|
|-damage|p1a: Slowbro|57/100 tox|[from] psn
|upkeep
|turn|22
|
|t:|1660335036
|move|p2a: Garchomp|Stealth Rock|p1a: Slowbro
|-sidestart|p1: Wish kisser|move: Stealth Rock
|move|p1a: Slowbro|Toxic|p2a: Garchomp|[miss]
|-miss|p1a: Slowbro|p2a: Garchomp
|
|-damage|p1a: Slowbro|45/100 tox|[from] psn
|upkeep
|turn|23
|
|t:|1660335060
|switch|p1a: Rillaboom|Rillaboom, F|100/100
|-damage|p1a: Rillaboom|88/100|[from] Stealth Rock
|-fieldstart|move: Grassy Terrain|[from] ability: Grassy Surge|[of] p1a: Rillaboom
|move|p2a: Garchomp|Protect||[still]
|-fail|p2a: Garchomp
|
|-heal|p1a: Rillaboom|94/100|[from] Grassy Terrain
|-heal|p1a: Rillaboom|100/100|[from] item: Leftovers
|upkeep
|turn|24
|
|t:|1660335063
|switch|p1a: Slowbro|Slowbro, F|78/100 tox
|-damage|p1a: Slowbro|66/100 tox|[from] Stealth Rock
|move|p2a: Garchomp|Toxic|p1a: Slowbro
|-fail|p1a: Slowbro|tox
|
|-heal|p1a: Slowbro|72/100 tox|[from] Grassy Terrain
|-damage|p1a: Slowbro|66/100 tox|[from] psn
|upkeep
|turn|25
|c|☆Wish kisser|Its so cancer
|
|t:|1660335072
|switch|p2a: Slowbro|Slowbro, M|54/100 tox
|move|p1a: Slowbro|Toxic|p2a: Slowbro
|-fail|p2a: Slowbro|tox
|
|-heal|p2a: Slowbro|60/100 tox|[from] Grassy Terrain
|-heal|p1a: Slowbro|72/100 tox|[from] Grassy Terrain
|-damage|p1a: Slowbro|60/100 tox|[from] psn
|-damage|p2a: Slowbro|54/100 tox|[from] psn
|upkeep
|turn|26
|
|t:|1660335081
|move|p2a: Slowbro|Future Sight|p1a: Slowbro
|-start|p2a: Slowbro|move: Future Sight
|move|p1a: Slowbro|Teleport|p1a: Slowbro
|
|t:|1660335094
|switch|p1a: Melmetal|Melmetal|56/100|[from]move: Teleport
|-damage|p1a: Melmetal|50/100|[from] Stealth Rock
|
|-heal|p1a: Melmetal|56/100|[from] Grassy Terrain
|-heal|p1a: Melmetal|62/100|[from] item: Leftovers
|-heal|p2a: Slowbro|60/100 tox|[from] Grassy Terrain
|-damage|p2a: Slowbro|48/100 tox|[from] psn
|upkeep
|turn|27
|
|t:|1660335100
|switch|p2a: Garchomp|Garchomp, F|100/100
|move|p1a: Melmetal|Thunder Punch|p2a: Garchomp
|-immune|p2a: Garchomp
|
|-heal|p1a: Melmetal|68/100|[from] Grassy Terrain
|-heal|p1a: Melmetal|75/100|[from] item: Leftovers
|-fieldend|move: Grassy Terrain
|upkeep
|turn|28
|
|t:|1660335108
|move|p1a: Melmetal|Protect|p1a: Melmetal
|-singleturn|p1a: Melmetal|Protect
|move|p2a: Garchomp|Earthquake|p1a: Melmetal
|-activate|p1a: Melmetal|move: Protect
|
|-end|p1a: Melmetal|move: Future Sight
|-resisted|p1a: Melmetal
|-damage|p1a: Melmetal|56/100
|-heal|p1a: Melmetal|62/100|[from] item: Leftovers
|upkeep
|turn|29
|
|t:|1660335120
|switch|p1a: Slowbro|Slowbro, F|93/100 tox
|-damage|p1a: Slowbro|81/100 tox|[from] Stealth Rock
|move|p2a: Garchomp|Toxic|p1a: Slowbro
|-fail|p1a: Slowbro|tox
|
|-damage|p1a: Slowbro|75/100 tox|[from] psn
|upkeep
|turn|30
|
|t:|1660335123
|switch|p2a: Slowbro|Slowbro, M|81/100 tox
|move|p1a: Slowbro|Toxic|p2a: Slowbro|[miss]
|-miss|p1a: Slowbro|p2a: Slowbro
|
|-damage|p1a: Slowbro|62/100 tox|[from] psn
|-damage|p2a: Slowbro|75/100 tox|[from] psn
|upkeep
|turn|31
|
|t:|1660335131
|move|p1a: Slowbro|Teleport|p1a: Slowbro
|
|t:|1660335140
|switch|p1a: Rillaboom|Rillaboom, F|100/100|[from]move: Teleport
|-damage|p1a: Rillaboom|88/100|[from] Stealth Rock
|-fieldstart|move: Grassy Terrain|[from] ability: Grassy Surge|[of] p1a: Rillaboom
|move|p2a: Slowbro|Teleport|p2a: Slowbro
|
|t:|1660335143
|switch|p2a: Blaziken|Blaziken, M|100/100|[from]move: Teleport
|
|-heal|p1a: Rillaboom|94/100|[from] Grassy Terrain
|-heal|p1a: Rillaboom|100/100|[from] item: Leftovers
|upkeep
|turn|32
|
|t:|1660335158
|switch|p2a: Tornadus|Tornadus-Therian, M|67/100
|switch|p1a: Slowbro|Slowbro, F|96/100 tox
|-damage|p1a: Slowbro|83/100 tox|[from] Stealth Rock
|
|-heal|p1a: Slowbro|89/100 tox|[from] Grassy Terrain
|-damage|p1a: Slowbro|83/100 tox|[from] psn
|upkeep
|turn|33
|
|t:|1660335170
|switch|p1a: Tornadus|Tornadus-Therian, M|65/100 tox
|-damage|p1a: Tornadus|41/100 tox|[from] Stealth Rock
|move|p2a: Tornadus|Knock Off|p1a: Tornadus
|-damage|p1a: Tornadus|25/100 tox
|
|-damage|p1a: Tornadus|19/100 tox|[from] psn
|upkeep
|turn|34
|
|t:|1660335182
|move|p1a: Tornadus|U-turn|p2a: Tornadus
|-resisted|p2a: Tornadus
|-damage|p2a: Tornadus|59/100
|
|t:|1660335190
|switch|p1a: Blaziken|Blaziken, M|82/100|[from]move: U-turn
|-damage|p1a: Blaziken|69/100|[from] Stealth Rock
|move|p2a: Tornadus|Heat Wave|p1a: Blaziken|[miss]
|-miss|p2a: Tornadus|p1a: Blaziken
|
|-heal|p1a: Blaziken|76/100|[from] Grassy Terrain
|-heal|p1a: Blaziken|82/100|[from] item: Leftovers
|upkeep
|turn|35
|
|t:|1660335195
|move|p2a: Tornadus|U-turn|p1a: Blaziken
|-resisted|p1a: Blaziken
|-damage|p1a: Blaziken|77/100
|
|t:|1660335197
|switch|p2a: Slowbro|Slowbro, M|100/100 tox|[from]move: U-turn
|move|p1a: Blaziken|Swords Dance|p1a: Blaziken
|-boost|p1a: Blaziken|atk|2
|
|-heal|p1a: Blaziken|84/100|[from] Grassy Terrain
|-heal|p1a: Blaziken|90/100|[from] item: Leftovers
|-damage|p2a: Slowbro|94/100 tox|[from] psn
|-fieldend|move: Grassy Terrain
|-ability|p1a: Blaziken|Speed Boost|boost
|-boost|p1a: Blaziken|spe|1
|upkeep
|turn|36
|
|t:|1660335205
|move|p1a: Blaziken|Swords Dance|p1a: Blaziken
|-boost|p1a: Blaziken|atk|2
|move|p2a: Slowbro|Scald|p1a: Blaziken
|-supereffective|p1a: Blaziken
|-damage|p1a: Blaziken|8/100
|
|-heal|p1a: Blaziken|14/100|[from] item: Leftovers
|-damage|p2a: Slowbro|82/100 tox|[from] psn
|-ability|p1a: Blaziken|Speed Boost|boost
|-boost|p1a: Blaziken|spe|1
|upkeep
|turn|37
|
|t:|1660335212
|move|p1a: Blaziken|Protect|p1a: Blaziken
|-singleturn|p1a: Blaziken|Protect
|move|p2a: Slowbro|Teleport|p2a: Slowbro
|
|t:|1660335218
|switch|p2a: Rillaboom|Rillaboom, M|100/100|[from]move: Teleport
|-fieldstart|move: Grassy Terrain|[from] ability: Grassy Surge|[of] p2a: Rillaboom
|
|-heal|p1a: Blaziken|20/100|[from] Grassy Terrain
|-heal|p1a: Blaziken|27/100|[from] item: Leftovers
|-ability|p1a: Blaziken|Speed Boost|boost
|-boost|p1a: Blaziken|spe|1
|upkeep
|turn|38
|
|t:|1660335243
|switch|p2a: Slowbro|Slowbro, M|100/100 tox
|move|p1a: Blaziken|Protect||[still]
|-fail|p1a: Blaziken
|
|-heal|p1a: Blaziken|33/100|[from] Grassy Terrain
|-heal|p1a: Blaziken|39/100|[from] item: Leftovers
|-damage|p2a: Slowbro|94/100 tox|[from] psn
|-ability|p1a: Blaziken|Speed Boost|boost
|-boost|p1a: Blaziken|spe|1
|upkeep
|turn|39
|
|t:|1660335252
|move|p1a: Blaziken|Protect|p1a: Blaziken
|-singleturn|p1a: Blaziken|Protect
|move|p2a: Slowbro|Future Sight|p1a: Blaziken
|-start|p2a: Slowbro|move: Future Sight
|
|-heal|p1a: Blaziken|45/100|[from] Grassy Terrain
|-heal|p1a: Blaziken|52/100|[from] item: Leftovers
|-heal|p2a: Slowbro|100/100 tox|[from] Grassy Terrain
|-damage|p2a: Slowbro|88/100 tox|[from] psn
|-ability|p1a: Blaziken|Speed Boost|boost
|-boost|p1a: Blaziken|spe|1
|upkeep
|turn|40
|
|t:|1660335258
|switch|p1a: Slowbro|Slowbro, F|100/100 tox
|-damage|p1a: Slowbro|88/100 tox|[from] Stealth Rock
|move|p2a: Slowbro|Teleport|p2a: Slowbro
|
|t:|1660335260
|switch|p2a: Rillaboom|Rillaboom, M|100/100|[from]move: Teleport
|
|-heal|p1a: Slowbro|94/100 tox|[from] Grassy Terrain
|-damage|p1a: Slowbro|88/100 tox|[from] psn
|upkeep
|turn|41
|
|t:|1660335267
|move|p2a: Rillaboom|Grassy Glide|p1a: Slowbro
|-supereffective|p1a: Slowbro
|-damage|p1a: Slowbro|27/100 tox
|-damage|p2a: Rillaboom|84/100|[from] item: Rocky Helmet|[of] p1a: Slowbro
|move|p1a: Slowbro|Teleport|p1a: Slowbro
|
|t:|1660335274
|switch|p1a: Garchomp|Garchomp, F|100/100|[from]move: Teleport
|-damage|p1a: Garchomp|94/100|[from] Stealth Rock
|
|-end|p1a: Garchomp|move: Future Sight
|-damage|p1a: Garchomp|68/100
|-heal|p1a: Garchomp|74/100|[from] Grassy Terrain
|-heal|p1a: Garchomp|80/100|[from] item: Leftovers
|-heal|p2a: Rillaboom|90/100|[from] Grassy Terrain
|-heal|p2a: Rillaboom|96/100|[from] item: Leftovers
|-fieldend|move: Grassy Terrain
|upkeep
|turn|42
|
|t:|1660335278
|move|p1a: Garchomp|Stealth Rock|p2a: Rillaboom
|-sidestart|p2: LT93OQ O|move: Stealth Rock
|move|p2a: Rillaboom|Knock Off|p1a: Garchomp
|-damage|p1a: Garchomp|50/100
|-damage|p2a: Rillaboom|84/100|[from] ability: Rough Skin|[of] p1a: Garchomp
|-enditem|p1a: Garchomp|Leftovers|[from] move: Knock Off|[of] p2a: Rillaboom
|
|-heal|p2a: Rillaboom|90/100|[from] item: Leftovers
|upkeep
|turn|43
|
|t:|1660335286
|switch|p1a: Rillaboom|Rillaboom, F|100/100
|-damage|p1a: Rillaboom|88/100|[from] Stealth Rock
|-fieldstart|move: Grassy Terrain|[from] ability: Grassy Surge|[of] p1a: Rillaboom
|switch|p2a: Slowbro|Slowbro, M|100/100 tox
|-damage|p2a: Slowbro|88/100 tox|[from] Stealth Rock
|
|-heal|p1a: Rillaboom|94/100|[from] Grassy Terrain
|-heal|p1a: Rillaboom|100/100|[from] item: Leftovers
|-heal|p2a: Slowbro|94/100 tox|[from] Grassy Terrain
|-damage|p2a: Slowbro|88/100 tox|[from] psn
|upkeep
|turn|44
|
|t:|1660335300
|move|p1a: Rillaboom|Swords Dance|p1a: Rillaboom
|-boost|p1a: Rillaboom|atk|2
|move|p2a: Slowbro|Teleport|p2a: Slowbro
|
|t:|1660335302
|switch|p2a: Blaziken|Blaziken, M|100/100|[from]move: Teleport
|-damage|p2a: Blaziken|88/100|[from] Stealth Rock
|
|-heal|p2a: Blaziken|94/100|[from] Grassy Terrain
|-heal|p2a: Blaziken|100/100|[from] item: Leftovers
|upkeep
|turn|45
|inactive|Wish kisser has 120 seconds left.
|
|t:|1660335333
|switch|p1a: Slowbro|Slowbro, F|60/100 tox
|-damage|p1a: Slowbro|48/100 tox|[from] Stealth Rock
|move|p2a: Blaziken|Flare Blitz|p1a: Slowbro
|-resisted|p1a: Slowbro
|-damage|p1a: Slowbro|30/100 tox
|-damage|p2a: Blaziken|84/100|[from] item: Rocky Helmet|[of] p1a: Slowbro
|-damage|p2a: Blaziken|77/100|[from] Recoil
|
|-heal|p2a: Blaziken|83/100|[from] Grassy Terrain
|-heal|p2a: Blaziken|90/100|[from] item: Leftovers
|-heal|p1a: Slowbro|36/100 tox|[from] Grassy Terrain
|-damage|p1a: Slowbro|30/100 tox|[from] psn
|-ability|p2a: Blaziken|Speed Boost|boost
|-boost|p2a: Blaziken|spe|1
|upkeep
|turn|46
|
|t:|1660335338
|switch|p2a: Rillaboom|Rillaboom, M|90/100
|-damage|p2a: Rillaboom|78/100|[from] Stealth Rock
|move|p1a: Slowbro|Teleport|p1a: Slowbro
|
|t:|1660335344
|switch|p1a: Blaziken|Blaziken, M|52/100|[from]move: Teleport
|-damage|p1a: Blaziken|39/100|[from] Stealth Rock
|
|-heal|p1a: Blaziken|45/100|[from] Grassy Terrain
|-heal|p1a: Blaziken|52/100|[from] item: Leftovers
|-heal|p2a: Rillaboom|84/100|[from] Grassy Terrain
|-heal|p2a: Rillaboom|90/100|[from] item: Leftovers
|upkeep
|turn|47
|
|t:|1660335351
|switch|p2a: Slowbro|Slowbro, M|100/100 tox
|-damage|p2a: Slowbro|88/100 tox|[from] Stealth Rock
|move|p1a: Blaziken|Close Combat|p2a: Slowbro
|-resisted|p2a: Slowbro
|-damage|p2a: Slowbro|68/100 tox
|-unboost|p1a: Blaziken|def|1
|-unboost|p1a: Blaziken|spd|1
|-damage|p1a: Blaziken|35/100|[from] item: Rocky Helmet|[of] p2a: Slowbro
|
|-heal|p1a: Blaziken|41/100|[from] Grassy Terrain
|-heal|p1a: Blaziken|47/100|[from] item: Leftovers
|-heal|p2a: Slowbro|74/100 tox|[from] Grassy Terrain
|-damage|p2a: Slowbro|68/100 tox|[from] psn
|-fieldend|move: Grassy Terrain
|-ability|p1a: Blaziken|Speed Boost|boost
|-boost|p1a: Blaziken|spe|1
|upkeep
|turn|48
|
|t:|1660335358
|move|p1a: Blaziken|Protect|p1a: Blaziken
|-singleturn|p1a: Blaziken|Protect
|move|p2a: Slowbro|Teleport|p2a: Slowbro
|
|t:|1660335361
|switch|p2a: Garchomp|Garchomp, F|100/100|[from]move: Teleport
|-damage|p2a: Garchomp|94/100|[from] Stealth Rock
|
|-heal|p1a: Blaziken|54/100|[from] item: Leftovers
|-heal|p2a: Garchomp|100/100|[from] item: Leftovers
|-ability|p1a: Blaziken|Speed Boost|boost
|-boost|p1a: Blaziken|spe|1
|upkeep
|turn|49
|
|t:|1660335369
|switch|p1a: Rillaboom|Rillaboom, F|100/100
|-damage|p1a: Rillaboom|88/100|[from] Stealth Rock
|-fieldstart|move: Grassy Terrain|[from] ability: Grassy Surge|[of] p1a: Rillaboom
|move|p2a: Garchomp|Earthquake|p1a: Rillaboom
|-resisted|p1a: Rillaboom
|-damage|p1a: Rillaboom|77/100
|
|-heal|p1a: Rillaboom|84/100|[from] Grassy Terrain
|-heal|p1a: Rillaboom|90/100|[from] item: Leftovers
|upkeep
|turn|50
|
|t:|1660335380
|switch|p1a: Slowbro|Slowbro, F|63/100 tox
|-damage|p1a: Slowbro|51/100 tox|[from] Stealth Rock
|move|p2a: Garchomp|Toxic|p1a: Slowbro
|-fail|p1a: Slowbro|tox
|
|-heal|p1a: Slowbro|57/100 tox|[from] Grassy Terrain
|-damage|p1a: Slowbro|51/100 tox|[from] psn
|upkeep
|turn|51
|
|t:|1660335387
|switch|p2a: Slowbro|Slowbro, M|100/100 tox
|-damage|p2a: Slowbro|88/100 tox|[from] Stealth Rock
|move|p1a: Slowbro|Teleport|p1a: Slowbro
|
|t:|1660335398
|switch|p1a: Rillaboom|Rillaboom, F|90/100|[from]move: Teleport
|-damage|p1a: Rillaboom|77/100|[from] Stealth Rock
|
|-heal|p1a: Rillaboom|84/100|[from] Grassy Terrain
|-heal|p1a: Rillaboom|90/100|[from] item: Leftovers
|-heal|p2a: Slowbro|94/100 tox|[from] Grassy Terrain
|-damage|p2a: Slowbro|88/100 tox|[from] psn
|upkeep
|turn|52
|
|t:|1660335403
|move|p1a: Rillaboom|Grassy Glide|p2a: Slowbro
|-supereffective|p2a: Slowbro
|-damage|p2a: Slowbro|24/100 tox
|-damage|p1a: Rillaboom|73/100|[from] item: Rocky Helmet|[of] p2a: Slowbro
|move|p2a: Slowbro|Toxic|p1a: Rillaboom
|-status|p1a: Rillaboom|tox
|
|-heal|p1a: Rillaboom|80/100 tox|[from] Grassy Terrain
|-heal|p1a: Rillaboom|86/100 tox|[from] item: Leftovers
|-heal|p2a: Slowbro|30/100 tox|[from] Grassy Terrain
|-damage|p1a: Rillaboom|80/100 tox|[from] psn
|-damage|p2a: Slowbro|18/100 tox|[from] psn
|upkeep
|turn|53
|
|t:|1660335412
|switch|p1a: Blaziken|Blaziken, M|54/100
|-damage|p1a: Blaziken|41/100|[from] Stealth Rock
|switch|p2a: Tornadus|Tornadus-Therian, M|92/100
|-damage|p2a: Tornadus|68/100|[from] Stealth Rock
|
|-heal|p1a: Blaziken|47/100|[from] Grassy Terrain
|-heal|p1a: Blaziken|54/100|[from] item: Leftovers
|-fieldend|move: Grassy Terrain
|upkeep
|turn|54
|
|t:|1660335417
|move|p2a: Tornadus|Knock Off|p1a: Blaziken
|-resisted|p1a: Blaziken
|-damage|p1a: Blaziken|41/100
|-enditem|p1a: Blaziken|Leftovers|[from] move: Knock Off|[of] p2a: Tornadus
|move|p1a: Blaziken|Swords Dance|p1a: Blaziken
|-boost|p1a: Blaziken|atk|2
|
|-ability|p1a: Blaziken|Speed Boost|boost
|-boost|p1a: Blaziken|spe|1
|upkeep
|turn|55
|
|t:|1660335427
|switch|p2a: Garchomp|Garchomp, F|100/100
|-damage|p2a: Garchomp|94/100|[from] Stealth Rock
|move|p1a: Blaziken|Swords Dance|p1a: Blaziken
|-boost|p1a: Blaziken|atk|2
|
|-heal|p2a: Garchomp|100/100|[from] item: Leftovers
|-ability|p1a: Blaziken|Speed Boost|boost
|-boost|p1a: Blaziken|spe|1
|upkeep
|turn|56
|
|t:|1660335431
|move|p1a: Blaziken|Close Combat|p2a: Garchomp
|-damage|p2a: Garchomp|0 fnt
|-unboost|p1a: Blaziken|def|1
|-unboost|p1a: Blaziken|spd|1
|-damage|p1a: Blaziken|28/100|[from] ability: Rough Skin|[of] p2a: Garchomp
|faint|p2a: Garchomp
|
|-ability|p1a: Blaziken|Speed Boost|boost
|-boost|p1a: Blaziken|spe|1
|upkeep
|
|t:|1660335436
|switch|p2a: Rillaboom|Rillaboom, M|90/100
|-damage|p2a: Rillaboom|78/100|[from] Stealth Rock
|-fieldstart|move: Grassy Terrain|[from] ability: Grassy Surge|[of] p2a: Rillaboom
|turn|57
|
|t:|1660335444
|switch|p1a: Melmetal|Melmetal|62/100
|-damage|p1a: Melmetal|56/100|[from] Stealth Rock
|move|p2a: Rillaboom|Swords Dance|p2a: Rillaboom
|-boost|p2a: Rillaboom|atk|2
|
|-heal|p2a: Rillaboom|84/100|[from] Grassy Terrain
|-heal|p2a: Rillaboom|90/100|[from] item: Leftovers
|-heal|p1a: Melmetal|62/100|[from] Grassy Terrain
|-heal|p1a: Melmetal|68/100|[from] item: Leftovers
|upkeep
|turn|58
|
|t:|1660335446
|move|p1a: Melmetal|Protect|p1a: Melmetal
|-singleturn|p1a: Melmetal|Protect
|move|p2a: Rillaboom|Drain Punch|p1a: Melmetal
|-activate|p1a: Melmetal|move: Protect
|
|-heal|p2a: Rillaboom|96/100|[from] Grassy Terrain
|-heal|p2a: Rillaboom|100/100|[from] item: Leftovers
|-heal|p1a: Melmetal|75/100|[from] Grassy Terrain
|-heal|p1a: Melmetal|81/100|[from] item: Leftovers
|upkeep
|turn|59
|
|t:|1660335450
|move|p2a: Rillaboom|Knock Off|p1a: Melmetal
|-damage|p1a: Melmetal|39/100
|-enditem|p1a: Melmetal|Leftovers|[from] move: Knock Off|[of] p2a: Rillaboom
|move|p1a: Melmetal|Double Iron Bash|p2a: Rillaboom
|-damage|p2a: Rillaboom|61/100
|-damage|p2a: Rillaboom|19/100
|-hitcount|p2a: Rillaboom|2
|
|-heal|p2a: Rillaboom|25/100|[from] Grassy Terrain
|-heal|p2a: Rillaboom|31/100|[from] item: Leftovers
|-heal|p1a: Melmetal|45/100|[from] Grassy Terrain
|upkeep
|turn|60
|
|t:|1660335455
|move|p1a: Melmetal|Protect|p1a: Melmetal
|-singleturn|p1a: Melmetal|Protect
|move|p2a: Rillaboom|Swords Dance|p2a: Rillaboom
|-boost|p2a: Rillaboom|atk|2
|
|-heal|p2a: Rillaboom|38/100|[from] Grassy Terrain
|-heal|p2a: Rillaboom|44/100|[from] item: Leftovers
|-heal|p1a: Melmetal|52/100|[from] Grassy Terrain
|upkeep
|turn|61
|
|t:|1660335462
|move|p2a: Rillaboom|Grassy Glide|p1a: Melmetal
|-resisted|p1a: Melmetal
|-damage|p1a: Melmetal|7/100
|move|p1a: Melmetal|Double Iron Bash|p2a: Rillaboom
|-damage|p2a: Rillaboom|2/100
|-damage|p2a: Rillaboom|0 fnt
|faint|p2a: Rillaboom
|-hitcount|p2: Rillaboom|2
|
|-heal|p1a: Melmetal|14/100|[from] Grassy Terrain
|-fieldend|move: Grassy Terrain
|upkeep
|
|t:|1660335470
|switch|p2a: Tornadus|Tornadus-Therian, M|100/100
|-damage|p2a: Tornadus|76/100|[from] Stealth Rock
|turn|62
|
|t:|1660335478
|switch|p1a: Slowbro|Slowbro, F|84/100 tox
|-damage|p1a: Slowbro|72/100 tox|[from] Stealth Rock
|move|p2a: Tornadus|Heat Wave|p1a: Slowbro|[miss]
|-miss|p2a: Tornadus|p1a: Slowbro
|
|-damage|p1a: Slowbro|66/100 tox|[from] psn
|upkeep
|turn|63
|
|t:|1660335481
|move|p2a: Tornadus|Knock Off|p1a: Slowbro
|-supereffective|p1a: Slowbro
|-damage|p1a: Slowbro|40/100 tox
|-damage|p2a: Tornadus|59/100|[from] item: Rocky Helmet|[of] p1a: Slowbro
|-enditem|p1a: Slowbro|Rocky Helmet|[from] move: Knock Off|[of] p2a: Tornadus
|move|p1a: Slowbro|Teleport|p1a: Slowbro
|
|t:|1660335486
|switch|p1a: Rillaboom|Rillaboom, F|80/100 tox|[from]move: Teleport
|-damage|p1a: Rillaboom|67/100 tox|[from] Stealth Rock
|-fieldstart|move: Grassy Terrain|[from] ability: Grassy Surge|[of] p1a: Rillaboom
|
|-heal|p1a: Rillaboom|73/100 tox|[from] Grassy Terrain
|-heal|p1a: Rillaboom|80/100 tox|[from] item: Leftovers
|-damage|p1a: Rillaboom|73/100 tox|[from] psn
|upkeep
|turn|64
|
|t:|1660335498
|switch|p1a: Slowbro|Slowbro, F|73/100 tox
|-damage|p1a: Slowbro|61/100 tox|[from] Stealth Rock
|move|p2a: Tornadus|Heat Wave|p1a: Slowbro|[miss]
|-miss|p2a: Tornadus|p1a: Slowbro
|
|-heal|p1a: Slowbro|67/100 tox|[from] Grassy Terrain
|-damage|p1a: Slowbro|61/100 tox|[from] psn
|upkeep
|turn|65
|
|t:|1660335503
|move|p2a: Tornadus|Knock Off|p1a: Slowbro
|-supereffective|p1a: Slowbro
|-damage|p1a: Slowbro|44/100 tox
|move|p1a: Slowbro|Teleport|p1a: Slowbro
|
|t:|1660335511
|switch|p1a: Garchomp|Garchomp, F|50/100|[from]move: Teleport
|-damage|p1a: Garchomp|43/100|[from] Stealth Rock
|
|-heal|p1a: Garchomp|50/100|[from] Grassy Terrain
|upkeep
|turn|66
|
|t:|1660335518
|move|p2a: Tornadus|Knock Off|p1a: Garchomp
|-damage|p1a: Garchomp|39/100
|-damage|p2a: Tornadus|47/100|[from] ability: Rough Skin|[of] p1a: Garchomp
|move|p1a: Garchomp|Earthquake|p2a: Tornadus
|-immune|p2a: Tornadus
|
|-heal|p1a: Garchomp|45/100|[from] Grassy Terrain
|upkeep
|turn|67
|
|t:|1660335523
|switch|p2a: Slowbro|Slowbro, M|51/100 tox
|-damage|p2a: Slowbro|38/100 tox|[from] Stealth Rock
|move|p1a: Garchomp|Earthquake|p2a: Slowbro
|-damage|p2a: Slowbro|26/100 tox
|
|-heal|p1a: Garchomp|51/100|[from] Grassy Terrain
|-heal|p2a: Slowbro|32/100 tox|[from] Grassy Terrain
|-damage|p2a: Slowbro|26/100 tox|[from] psn
|-fieldend|move: Grassy Terrain
|upkeep
|turn|68
|
|t:|1660335538
|move|p1a: Garchomp|Toxic|p2a: Slowbro
|-fail|p2a: Slowbro|tox
|move|p2a: Slowbro|Teleport|p2a: Slowbro
|
|t:|1660335542
|switch|p2a: Melmetal|Melmetal|100/100|[from]move: Teleport
|-damage|p2a: Melmetal|94/100|[from] Stealth Rock
|
|-heal|p2a: Melmetal|100/100|[from] item: Leftovers
|upkeep
|turn|69
|
|t:|1660335560
|move|p1a: Garchomp|Earthquake|p2a: Melmetal
|-supereffective|p2a: Melmetal
|-damage|p2a: Melmetal|49/100
|move|p2a: Melmetal|Double Iron Bash|p1a: Garchomp
|-damage|p1a: Garchomp|14/100
|-damage|p2a: Melmetal|36/100|[from] ability: Rough Skin|[of] p1a: Garchomp
|-damage|p1a: Garchomp|0 fnt
|-damage|p2a: Melmetal|24/100|[from] ability: Rough Skin|[of] p1a: Garchomp
|faint|p1a: Garchomp
|-hitcount|p1: Garchomp|2
|
|-heal|p2a: Melmetal|30/100|[from] item: Leftovers
|upkeep
|
|t:|1660335564
|switch|p1a: Blaziken|Blaziken, M|28/100
|-damage|p1a: Blaziken|16/100|[from] Stealth Rock
|turn|70
|
|t:|1660335569
|switch|p2a: Slowbro|Slowbro, M|59/100 tox
|-damage|p2a: Slowbro|47/100 tox|[from] Stealth Rock
|move|p1a: Blaziken|Close Combat|p2a: Slowbro
|-resisted|p2a: Slowbro
|-damage|p2a: Slowbro|27/100 tox
|-unboost|p1a: Blaziken|def|1
|-unboost|p1a: Blaziken|spd|1
|-damage|p1a: Blaziken|0 fnt|[from] item: Rocky Helmet|[of] p2a: Slowbro
|faint|p1a: Blaziken
|
|-damage|p2a: Slowbro|21/100 tox|[from] psn
|upkeep
|
|t:|1660335579
|switch|p1a: Rillaboom|Rillaboom, F|73/100 tox
|-damage|p1a: Rillaboom|61/100 tox|[from] Stealth Rock
|-fieldstart|move: Grassy Terrain|[from] ability: Grassy Surge|[of] p1a: Rillaboom
|turn|71
|
|t:|1660335585
|move|p1a: Rillaboom|Grassy Glide|p2a: Slowbro
|-supereffective|p2a: Slowbro
|-damage|p2a: Slowbro|0 fnt
|-damage|p1a: Rillaboom|44/100 tox|[from] item: Rocky Helmet|[of] p2a: Slowbro
|faint|p2a: Slowbro
|
|-heal|p1a: Rillaboom|51/100 tox|[from] Grassy Terrain
|-heal|p1a: Rillaboom|57/100 tox|[from] item: Leftovers
|-damage|p1a: Rillaboom|51/100 tox|[from] psn
|upkeep
|
|t:|1660335587
|switch|p2a: Tornadus|Tornadus-Therian, M|80/100
|-damage|p2a: Tornadus|55/100|[from] Stealth Rock
|turn|72
|
|t:|1660335590
|switch|p1a: Slowbro|Slowbro, F|78/100 tox
|-damage|p1a: Slowbro|65/100 tox|[from] Stealth Rock
|move|p2a: Tornadus|Heat Wave|p1a: Slowbro
|-resisted|p1a: Slowbro
|-damage|p1a: Slowbro|53/100 tox
|
|-heal|p1a: Slowbro|59/100 tox|[from] Grassy Terrain
|-damage|p1a: Slowbro|53/100 tox|[from] psn
|upkeep
|turn|73
|
|t:|1660335596
|move|p2a: Tornadus|Defog|p1a: Slowbro
|-unboost|p1a: Slowbro|evasion|1
|-sideend|p1: Wish kisser|Stealth Rock|[from] move: Defog|[of] p2a: Tornadus
|-sideend|p2: LT93OQ O|Stealth Rock|[from] move: Defog|[of] p2a: Tornadus
|-fieldend|move: Grassy Terrain
|move|p1a: Slowbro|Toxic|p2a: Tornadus
|-status|p2a: Tornadus|tox
|
|-damage|p2a: Tornadus|49/100 tox|[from] psn
|-damage|p1a: Slowbro|40/100 tox|[from] psn
|upkeep
|turn|74
|
|t:|1660335603
|move|p2a: Tornadus|U-turn|p1a: Slowbro
|-supereffective|p1a: Slowbro
|-damage|p1a: Slowbro|23/100 tox
|
|t:|1660335605
|switch|p2a: Blaziken|Blaziken, M|90/100|[from]move: U-turn
|move|p1a: Slowbro|Teleport|p1a: Slowbro
|
|t:|1660335614
|switch|p1a: Melmetal|Melmetal|14/100|[from]move: Teleport
|
|-heal|p2a: Blaziken|96/100|[from] item: Leftovers
|upkeep
|turn|75
|
|t:|1660335623
|move|p2a: Blaziken|Swords Dance|p2a: Blaziken
|-boost|p2a: Blaziken|atk|2
|move|p1a: Melmetal|Superpower|p2a: Blaziken
|-damage|p2a: Blaziken|35/100
|-unboost|p1a: Melmetal|atk|1
|-unboost|p1a: Melmetal|def|1
|
|-heal|p2a: Blaziken|41/100|[from] item: Leftovers
|-ability|p2a: Blaziken|Speed Boost|boost
|-boost|p2a: Blaziken|spe|1
|upkeep
|turn|76
|
|t:|1660335648
|move|p2a: Blaziken|Swords Dance|p2a: Blaziken
|-boost|p2a: Blaziken|atk|2
|move|p1a: Melmetal|Double Iron Bash|p2a: Blaziken
|-resisted|p2a: Blaziken
|-damage|p2a: Blaziken|23/100
|-resisted|p2a: Blaziken
|-damage|p2a: Blaziken|4/100
|-hitcount|p2a: Blaziken|2
|
|-heal|p2a: Blaziken|10/100|[from] item: Leftovers
|-ability|p2a: Blaziken|Speed Boost|boost
|-boost|p2a: Blaziken|spe|1
|upkeep
|turn|77
|
|t:|1660335655
|move|p2a: Blaziken|Close Combat|p1a: Melmetal
|-supereffective|p1a: Melmetal
|-damage|p1a: Melmetal|0 fnt
|-unboost|p2a: Blaziken|def|1
|-unboost|p2a: Blaziken|spd|1
|faint|p1a: Melmetal
|
|-heal|p2a: Blaziken|16/100|[from] item: Leftovers
|-ability|p2a: Blaziken|Speed Boost|boost
|-boost|p2a: Blaziken|spe|1
|upkeep
|
|t:|1660335658
|switch|p1a: Rillaboom|Rillaboom, F|51/100 tox
|-fieldstart|move: Grassy Terrain|[from] ability: Grassy Surge|[of] p1a: Rillaboom
|turn|78
|
|t:|1660335661
|switch|p2a: Tornadus|Tornadus-Therian, M|82/100 tox
|move|p1a: Rillaboom|Grassy Glide|p2a: Tornadus
|-resisted|p2a: Tornadus
|-damage|p2a: Tornadus|53/100 tox
|
|-heal|p1a: Rillaboom|57/100 tox|[from] Grassy Terrain
|-heal|p1a: Rillaboom|63/100 tox|[from] item: Leftovers
|-damage|p2a: Tornadus|47/100 tox|[from] psn
|-damage|p1a: Rillaboom|57/100 tox|[from] psn
|upkeep
|turn|79
|
|t:|1660335673
|switch|p1a: Slowbro|Slowbro, F|56/100 tox
|move|p2a: Tornadus|U-turn|p1a: Slowbro
|-supereffective|p1a: Slowbro
|-damage|p1a: Slowbro|39/100 tox
|
|t:|1660335675
|switch|p2a: Melmetal|Melmetal|30/100|[from]move: U-turn
|
|-heal|p2a: Melmetal|36/100|[from] Grassy Terrain
|-heal|p2a: Melmetal|42/100|[from] item: Leftovers
|-heal|p1a: Slowbro|45/100 tox|[from] Grassy Terrain
|-damage|p1a: Slowbro|39/100 tox|[from] psn
|upkeep
|turn|80
|
|t:|1660335682
|move|p2a: Melmetal|Thunder Punch|p1a: Slowbro
|-supereffective|p1a: Slowbro
|-damage|p1a: Slowbro|0 fnt
|faint|p1a: Slowbro
|
|-heal|p2a: Melmetal|49/100|[from] Grassy Terrain
|-heal|p2a: Melmetal|55/100|[from] item: Leftovers
|upkeep
|
|t:|1660335686
|switch|p1a: Tornadus|Tornadus-Therian, M|52/100 tox
|turn|81
|
|t:|1660335689
|move|p2a: Melmetal|Protect|p2a: Melmetal
|-singleturn|p2a: Melmetal|Protect
|move|p1a: Tornadus|Heat Wave|p2a: Melmetal
|-activate|p2a: Melmetal|move: Protect
|
|-heal|p2a: Melmetal|61/100|[from] Grassy Terrain
|-heal|p2a: Melmetal|67/100|[from] item: Leftovers
|-damage|p1a: Tornadus|46/100 tox|[from] psn
|upkeep
|turn|82
|-message|Wish kisser forfeited.
|
|win|LT93OQ O
|raw|Wish kisser's rating: 1654 &rarr; <strong>1632</strong><br />(-22 for losing)
|raw|LT93OQ O's rating: 1627 &rarr; <strong>1649</strong><br />(+22 for winning)
|l|☆Wish kisser
||Ladder isn't responding, score probably updated but might not have (Request timeout).
