|raw|<div class="broadcast-blue"><strong>This battle is required to be public due to a player having a name starting with 'lt81yl'.</div>
|j|☆The Last Hero
|j|☆LT81YL Dasmer
|t:|1625311695
|gametype|singles
|player|p1|The Last Hero|acetrainersnow|1739
|player|p2|LT81YL Dasmer|lance-gen2|1735
|teamsize|p1|6
|teamsize|p2|6
|gen|8
|tier|[Gen 8] OU
|rated|
|rule|Sleep Clause Mod: Limit one foe put to sleep
|rule|Species Clause: Limit one of each Pokémon
|rule|OHKO Clause: OHKO moves are banned
|rule|Evasion Moves Clause: Evasion moves are banned
|rule|Endless Battle Clause: Forcing endless battles is banned
|rule|HP Percentage Mod: HP is shown in percentages
|rule|Dynamax Clause: You cannot dynamax
|clearpoke
|poke|p1|Pelipper, M|
|poke|p1|Blissey, F|
|poke|p1|Slowbro, M|
|poke|p1|Landorus-Therian, M|
|poke|p1|Scizor, M|
|poke|p1|Weavile, F|
|poke|p2|Weavile, M|
|poke|p2|Corviknight, F|
|poke|p2|Zeraora|
|poke|p2|Heatran, M|
|poke|p2|Tangrowth, F|
|poke|p2|Slowking, F|
|teampreview
|
|t:|1625311709
|start
|switch|p1a: Landlord|Landorus-Therian, M|100/100
|switch|p2a: Corviknight|Corviknight, F|100/100
|-ability|p1a: Landlord|Intimidate|boost
|-unboost|p2a: Corviknight|atk|1
|-ability|p2a: Corviknight|Pressure
|turn|1
|
|t:|1625311724
|switch|p1a: Slow Pr0|Slowbro, M|100/100
|move|p2a: Corviknight|Brave Bird|p1a: Slow Pr0
|-damage|p1a: Slow Pr0|85/100
|-damage|p2a: Corviknight|95/100|[from] Recoil
|
|-heal|p2a: Corviknight|100/100|[from] item: Leftovers
|upkeep
|turn|2
|
|t:|1625311730
|move|p2a: Corviknight|U-turn|p1a: Slow Pr0
|-supereffective|p1a: Slow Pr0
|-damage|p1a: Slow Pr0|73/100
|
|t:|1625311731
|switch|p2a: Slowking|Slowking, F|100/100|[from]move: U-turn
|move|p1a: Slow Pr0|Teleport|p1a: Slow Pr0
|
|t:|1625311734
|switch|p1a: Comaligna|Weavile, F|100/100|[from]move: Teleport
|-ability|p1a: Comaligna|Pressure
|
|upkeep
|turn|3
|
|t:|1625311737
|switch|p2a: Tangrowth|Tangrowth, F|100/100
|move|p1a: Comaligna|Knock Off|p2a: Tangrowth
|-damage|p2a: Tangrowth|65/100
|-enditem|p2a: Tangrowth|Heavy-Duty Boots|[from] move: Knock Off|[of] p1a: Comaligna
|
|upkeep
|turn|4
|
|t:|1625311742
|switch|p1a: Bliss|Blissey, F|100/100
|move|p2a: Tangrowth|Sleep Powder|p1a: Bliss
|-status|p1a: Bliss|slp|[from] move: Sleep Powder
|
|upkeep
|turn|5
|
|t:|1625311750
|move|p2a: Tangrowth|Sleep Powder|p1a: Bliss
|-fail|p1a: Bliss|slp
|cant|p1a: Bliss|slp
|
|upkeep
|turn|6
|j| Mangoverde4
|
|t:|1625311754
|move|p2a: Tangrowth|Knock Off|p1a: Bliss
|-damage|p1a: Bliss|80/100 slp
|-enditem|p1a: Bliss|Heavy-Duty Boots|[from] move: Knock Off|[of] p2a: Tangrowth
|-curestatus|p1a: Bliss|slp|[msg]
|move|p1a: Bliss|Teleport|p1a: Bliss
|
|t:|1625311757
|switch|p1a: Pelicano|Pelipper, M|100/100|[from]move: Teleport
|-weather|RainDance|[from] ability: Drizzle|[of] p1a: Pelicano
|
|-weather|RainDance|[upkeep]
|upkeep
|turn|7
|
|t:|1625311760
|switch|p2a: Slowking|Slowking, F|100/100
|move|p1a: Pelicano|Scald|p2a: Slowking
|-resisted|p2a: Slowking
|-damage|p2a: Slowking|76/100
|
|-weather|RainDance|[upkeep]
|upkeep
|turn|8
|
|t:|1625311762
|move|p1a: Pelicano|Scald|p2a: Slowking
|-resisted|p2a: Slowking
|-damage|p2a: Slowking|52/100
|move|p2a: Slowking|Teleport|p2a: Slowking
|
|t:|1625311764
|switch|p2a: Zeraora|Zeraora|100/100|[from]move: Teleport
|
|-weather|RainDance|[upkeep]
|upkeep
|turn|9
|
|t:|1625311766
|switch|p1a: Sr. Recortes|Scizor, M|100/100
|move|p2a: Zeraora|Knock Off|p1a: Sr. Recortes
|-damage|p1a: Sr. Recortes|77/100
|-enditem|p1a: Sr. Recortes|Leftovers|[from] move: Knock Off|[of] p2a: Zeraora
|
|-weather|RainDance|[upkeep]
|upkeep
|turn|10
|
|t:|1625311772
|switch|p2a: Heatran|Heatran, M|100/100
|move|p1a: Sr. Recortes|U-turn|p2a: Heatran
|-resisted|p2a: Heatran
|-damage|p2a: Heatran|94/100
|
|t:|1625311774
|switch|p1a: Landlord|Landorus-Therian, M|100/100|[from]move: U-turn
|-ability|p1a: Landlord|Intimidate|boost
|-unboost|p2a: Heatran|atk|1
|
|-weather|none
|-heal|p2a: Heatran|100/100|[from] item: Leftovers
|upkeep
|turn|11
|
|t:|1625311779
|switch|p2a: Corviknight|Corviknight, F|100/100
|-ability|p2a: Corviknight|Pressure
|move|p1a: Landlord|U-turn|p2a: Corviknight
|-resisted|p2a: Corviknight
|-damage|p2a: Corviknight|96/100
|
|t:|1625311782
|switch|p1a: Pelicano|Pelipper, M|100/100|[from]move: U-turn
|-weather|RainDance|[from] ability: Drizzle|[of] p1a: Pelicano
|
|-weather|RainDance|[upkeep]
|-heal|p2a: Corviknight|100/100|[from] item: Leftovers
|upkeep
|turn|12
|
|t:|1625311786
|switch|p2a: Slowking|Slowking, F|85/100
|move|p1a: Pelicano|Scald|p2a: Slowking
|-resisted|p2a: Slowking
|-damage|p2a: Slowking|60/100
|
|-weather|RainDance|[upkeep]
|upkeep
|turn|13
|
|t:|1625311789
|move|p1a: Pelicano|Scald|p2a: Slowking
|-resisted|p2a: Slowking
|-damage|p2a: Slowking|36/100
|-status|p2a: Slowking|brn
|move|p2a: Slowking|Teleport|p2a: Slowking
|
|t:|1625311792
|switch|p2a: Zeraora|Zeraora|100/100|[from]move: Teleport
|
|-weather|RainDance|[upkeep]
|upkeep
|turn|14
|
|t:|1625311796
|switch|p1a: Sr. Recortes|Scizor, M|77/100
|move|p2a: Zeraora|Knock Off|p1a: Sr. Recortes
|-crit|p1a: Sr. Recortes
|-damage|p1a: Sr. Recortes|56/100
|
|-weather|RainDance|[upkeep]
|upkeep
|turn|15
|
|t:|1625311799
|move|p2a: Zeraora|Plasma Fists|p1a: Sr. Recortes
|-damage|p1a: Sr. Recortes|21/100
|move|p1a: Sr. Recortes|Roost|p1a: Sr. Recortes
|-heal|p1a: Sr. Recortes|72/100
|-singleturn|p1a: Sr. Recortes|move: Roost
|
|-weather|none
|upkeep
|turn|16
|
|t:|1625311803
|switch|p2a: Heatran|Heatran, M|100/100
|switch|p1a: Landlord|Landorus-Therian, M|100/100
|-ability|p1a: Landlord|Intimidate|boost
|-unboost|p2a: Heatran|atk|1
|
|upkeep
|turn|17
|
|t:|1625311806
|switch|p2a: Corviknight|Corviknight, F|100/100
|-ability|p2a: Corviknight|Pressure
|move|p1a: Landlord|U-turn|p2a: Corviknight
|-resisted|p2a: Corviknight
|-damage|p2a: Corviknight|96/100
|
|t:|1625311808
|switch|p1a: Pelicano|Pelipper, M|100/100|[from]move: U-turn
|-weather|RainDance|[from] ability: Drizzle|[of] p1a: Pelicano
|
|-weather|RainDance|[upkeep]
|-heal|p2a: Corviknight|100/100|[from] item: Leftovers
|upkeep
|turn|18
|
|t:|1625311815
|move|p1a: Pelicano|Weather Ball|p2a: Corviknight
|-damage|p2a: Corviknight|29/100
|move|p2a: Corviknight|U-turn|p1a: Pelicano
|-resisted|p1a: Pelicano
|-damage|p1a: Pelicano|92/100
|
|t:|1625311820
|switch|p2a: Slowking|Slowking, F|69/100 brn|[from]move: U-turn
|
|-weather|RainDance|[upkeep]
|-damage|p2a: Slowking|63/100 brn|[from] brn
|upkeep
|turn|19
|
|t:|1625311825
|move|p1a: Pelicano|Weather Ball|p2a: Slowking
|-resisted|p2a: Slowking
|-damage|p2a: Slowking|35/100 brn
|move|p2a: Slowking|Teleport|p2a: Slowking
|
|t:|1625311828
|switch|p2a: Zeraora|Zeraora|100/100|[from]move: Teleport
|
|-weather|RainDance|[upkeep]
|upkeep
|turn|20
|
|t:|1625311832
|switch|p1a: Landlord|Landorus-Therian, M|100/100
|-ability|p1a: Landlord|Intimidate|boost
|-unboost|p2a: Zeraora|atk|1
|move|p2a: Zeraora|Plasma Fists|p1a: Landlord
|-immune|p1a: Landlord
|
|-weather|RainDance|[upkeep]
|upkeep
|turn|21
|
|t:|1625311837
|move|p2a: Zeraora|Knock Off|p1a: Landlord
|-damage|p1a: Landlord|81/100
|-enditem|p1a: Landlord|Leftovers|[from] move: Knock Off|[of] p2a: Zeraora
|move|p1a: Landlord|Earthquake|p2a: Zeraora
|-supereffective|p2a: Zeraora
|-damage|p2a: Zeraora|0 fnt
|faint|p2a: Zeraora
|
|-weather|none
|upkeep
|-message|LT81YL Dasmer forfeited.
|
|win|The Last Hero
|raw|The Last Hero's rating: 1739 &rarr; <strong>1759</strong><br />(+20 for winning)
|raw|LT81YL Dasmer's rating: 1735 &rarr; <strong>1715</strong><br />(-20 for losing)
|l|☆LT81YL Dasmer
