|j|☆brettfavreguilty
|j|☆p5666ycho
|t:|1665012422
|gametype|singles
|player|p1|brettfavreguilty|harlequin|1386
|player|p2|p5666ycho|brycenman|1343
|teamsize|p1|6
|teamsize|p2|6
|gen|8
|tier|[Gen 8] OU
|rated|
|rule|Sleep Clause Mod: Limit one foe put to sleep
|rule|Species Clause: Limit one of each Pokémon
|rule|OHKO Clause: OHKO moves are banned
|rule|Evasion Items Clause: Evasion items are banned
|rule|Evasion Moves Clause: Evasion moves are banned
|rule|Endless Battle Clause: Forcing endless battles is banned
|rule|HP Percentage Mod: HP is shown in percentages
|rule|Dynamax Clause: You cannot dynamax
|clearpoke
|poke|p1|Landorus-Therian, M|
|poke|p1|Silvally-*|
|poke|p1|Cursola, F|
|poke|p1|Ferrothorn, M|
|poke|p1|Kartana|
|poke|p1|Tyranitar, M|
|poke|p2|Mew|
|poke|p2|Tapu Koko|
|poke|p2|Blacephalon|
|poke|p2|Garchomp, M|
|poke|p2|Hawlucha, F|
|poke|p2|Bisharp, M|
|teampreview
|inactive|Battle timer is ON: inactive players will automatically lose when time's up. (requested by p5666ycho)
|inactive|brettfavreguilty also wants the timer to be on.
|
|t:|1665012435
|start
|switch|p1a: Tyranitar|Tyranitar, M|100/100
|switch|p2a: DONDE?|Mew, shiny|100/100
|-weather|Sandstorm|[from] ability: Sand Stream|[of] p1a: Tyranitar
|turn|1
|
|t:|1665012449
|move|p2a: DONDE?|Stealth Rock|p1a: Tyranitar
|-sidestart|p1: brettfavreguilty|move: Stealth Rock
|move|p1a: Tyranitar|Crunch|p2a: DONDE?
|-supereffective|p2a: DONDE?
|-damage|p2a: DONDE?|0 fnt
|faint|p2a: DONDE?
|
|-weather|Sandstorm|[upkeep]
|upkeep
|
|t:|1665012459
|switch|p2a: Total Bruiser|Bisharp, M|100/100
|turn|2
|
|t:|1665012468
|switch|p1a: Kartana|Kartana|100/100
|-damage|p1a: Kartana|94/100|[from] Stealth Rock
|move|p2a: Total Bruiser|Swords Dance|p2a: Total Bruiser
|-boost|p2a: Total Bruiser|atk|2
|
|-weather|Sandstorm|[upkeep]
|upkeep
|turn|3
|
|t:|1665012475
|move|p2a: Total Bruiser|Sucker Punch|p1a: Kartana
|-damage|p1a: Kartana|26/100
|move|p1a: Kartana|Sacred Sword|p2a: Total Bruiser
|-supereffective|p2a: Total Bruiser
|-damage|p2a: Total Bruiser|0 fnt
|faint|p2a: Total Bruiser
|-ability|p1a: Kartana|Beast Boost|boost
|-boost|p1a: Kartana|spe|1
|-damage|p1a: Kartana|16/100|[from] item: Life Orb
|
|-weather|Sandstorm|[upkeep]
|upkeep
|
|t:|1665012480
|switch|p2a: Violin|Tapu Koko, shiny|100/100
|-fieldstart|move: Electric Terrain|[from] ability: Electric Surge|[of] p2a: Violin
|turn|4
|
|t:|1665012490
|move|p1a: Kartana|Leaf Blade|p2a: Violin
|-damage|p2a: Violin|25/100
|-damage|p1a: Kartana|6/100|[from] item: Life Orb
|move|p2a: Violin|Volt Switch|p1a: Kartana
|-resisted|p1a: Kartana
|-crit|p1a: Kartana
|-damage|p1a: Kartana|0 fnt
|faint|p1a: Kartana
|
|t:|1665012508
|switch|p2a: Captain Insano|Hawlucha, F, shiny|100/100|[from]move: Volt Switch
|-enditem|p2a: Captain Insano|Electric Seed
|-boost|p2a: Captain Insano|def|1|[from] item: Electric Seed
|
|-weather|Sandstorm|[upkeep]
|-damage|p2a: Captain Insano|94/100|[from] Sandstorm
|upkeep
|
|t:|1665012516
|switch|p1a: Silvally|Silvally-Fairy|100/100
|-damage|p1a: Silvally|88/100|[from] Stealth Rock
|turn|5
|inactive|p5666ycho has 120 seconds left.
|
|t:|1665012551
|switch|p2a: Ace-phalon|Blacephalon, shiny|100/100
|move|p1a: Silvally|Multi-Attack|p2a: Ace-phalon
|-resisted|p2a: Ace-phalon
|-damage|p2a: Ace-phalon|41/100
|
|-weather|none
|upkeep
|turn|6
|
|t:|1665012561
|switch|p1a: Tyranitar|Tyranitar, M|100/100
|-damage|p1a: Tyranitar|88/100|[from] Stealth Rock
|-weather|Sandstorm|[from] ability: Sand Stream|[of] p1a: Tyranitar
|move|p2a: Ace-phalon|Mind Blown|p1a: Tyranitar
|-resisted|p1a: Tyranitar
|-damage|p1a: Tyranitar|62/100
|-damage|p2a: Ace-phalon|0 fnt|[from] mindblown
|faint|p2a: Ace-phalon
|
|-weather|Sandstorm|[upkeep]
|upkeep
|inactive|p5666ycho has 120 seconds left.
|
|t:|1665012589
|switch|p2a: Captain Insano|Hawlucha, F, shiny|94/100
|turn|7
|
|t:|1665012604
|move|p2a: Captain Insano|Swords Dance|p2a: Captain Insano
|-boost|p2a: Captain Insano|atk|2
|move|p1a: Tyranitar|Crunch|p2a: Captain Insano
|-resisted|p2a: Captain Insano
|-damage|p2a: Captain Insano|48/100
|
|-weather|Sandstorm|[upkeep]
|-damage|p2a: Captain Insano|42/100|[from] Sandstorm
|upkeep
|turn|8
|
|t:|1665012614
|switch|p1a: Landorus|Landorus-Therian, M|100/100
|-damage|p1a: Landorus|88/100|[from] Stealth Rock
|-ability|p1a: Landorus|Intimidate|boost
|-unboost|p2a: Captain Insano|atk|1
|move|p2a: Captain Insano|Close Combat|p1a: Landorus
|-resisted|p1a: Landorus
|-damage|p1a: Landorus|49/100
|-unboost|p2a: Captain Insano|def|1
|-unboost|p2a: Captain Insano|spd|1
|-damage|p2a: Captain Insano|25/100|[from] item: Rocky Helmet|[of] p1a: Landorus
|
|-weather|Sandstorm|[upkeep]
|-damage|p2a: Captain Insano|19/100|[from] Sandstorm
|-fieldend|move: Electric Terrain
|upkeep
|turn|9
|
|t:|1665012629
|move|p2a: Captain Insano|Acrobatics|p1a: Landorus
|-damage|p1a: Landorus|0 fnt
|-damage|p2a: Captain Insano|3/100|[from] item: Rocky Helmet|[of] p1a: Landorus
|faint|p1a: Landorus
|
|-weather|Sandstorm|[upkeep]
|-damage|p2a: Captain Insano|0 fnt|[from] Sandstorm
|faint|p2a: Captain Insano
|upkeep
|
|t:|1665012643
|switch|p2a: Street Shark|Garchomp, M|100/100
|switch|p1a: Cursola|Cursola, F|100/100
|-damage|p1a: Cursola|88/100|[from] Stealth Rock
|turn|10
|
|t:|1665012649
|move|p2a: Street Shark|Earthquake|p1a: Cursola
|-damage|p1a: Cursola|0 fnt
|faint|p1a: Cursola
|
|-weather|none
|upkeep
|
|t:|1665012659
|switch|p1a: Silvally|Silvally-Fairy|88/100
|-damage|p1a: Silvally|76/100|[from] Stealth Rock
|turn|11
|
|t:|1665012661
|move|p2a: Street Shark|Earthquake|p1a: Silvally
|-damage|p1a: Silvally|0 fnt
|faint|p1a: Silvally
|
|upkeep
|
|t:|1665012665
|switch|p1a: Ferrothorn|Ferrothorn, M|100/100
|-damage|p1a: Ferrothorn|95/100|[from] Stealth Rock
|turn|12
|
|t:|1665012669
|move|p2a: Street Shark|Earthquake|p1a: Ferrothorn
|-damage|p1a: Ferrothorn|28/100
|move|p1a: Ferrothorn|Leech Seed|p2a: Street Shark
|-start|p2a: Street Shark|move: Leech Seed
|
|-damage|p2a: Street Shark|88/100|[from] Leech Seed|[of] p1a: Ferrothorn
|-heal|p1a: Ferrothorn|40/100|[silent]
|upkeep
|turn|13
|
|t:|1665012676
|move|p2a: Street Shark|Earthquake|p1a: Ferrothorn
|-damage|p1a: Ferrothorn|0 fnt
|faint|p1a: Ferrothorn
|
|upkeep
|-message|brettfavreguilty forfeited.
|
|win|p5666ycho
|raw|brettfavreguilty's rating: 1386 &rarr; <strong>1364</strong><br />(-22 for losing)
|raw|p5666ycho's rating: 1343 &rarr; <strong>1365</strong><br />(+22 for winning)
|l|☆brettfavreguilty
||Ladder isn't responding, score probably updated but might not have (Request timeout).
