|j|☆Fusien
|j|☆Commando 55
|t:|1602372191
|player|p1|Fusien|roxie|1711
|player|p2|Commando 55|iris-gen5bw2|1708
|teamsize|p1|6
|teamsize|p2|6
|gametype|singles
|gen|8
|tier|[Gen 8] OU
|rated|
|clearpoke
|poke|p1|Dragapult, M|
|poke|p1|Haxorus, M|
|poke|p1|Lycanroc-Dusk, F|
|poke|p1|Rillaboom, M|
|poke|p1|Primarina, M|
|poke|p1|Scizor, F|
|poke|p2|Zarude|
|poke|p2|Clefable, M|
|poke|p2|Rillaboom, F|
|poke|p2|Dragapult, M|
|poke|p2|Rotom-Heat|
|poke|p2|Hippowdon, M|
|rule|Sleep Clause Mod: Limit one foe put to sleep
|rule|Species Clause: Limit one of each Pokémon
|rule|OHKO Clause: OHKO moves are banned
|rule|Evasion Moves Clause: Evasion moves are banned
|rule|Endless Battle Clause: Forcing endless battles is banned
|rule|HP Percentage Mod: HP is shown in percentages
|rule|Dynamax Clause: You cannot dynamax
|teampreview
|j| lastmagic
|inactive|Battle timer is ON: inactive players will automatically lose when time's up. (requested by Commando 55)
|j| AquaVanilla
|j| otaalk
|
|t:|1602372248
|start
|switch|p1a: Lycanroc|Lycanroc-Dusk, F, shiny|100/100
|switch|p2a: Rillaboom|Rillaboom, F|100/100
|-fieldstart|move: Grassy Terrain|[from] ability: Grassy Surge|[of] p2a: Rillaboom
|turn|1
|
|t:|1602372261
|move|p1a: Lycanroc|Stealth Rock|p2a: Rillaboom
|-sidestart|p2: Commando 55|move: Stealth Rock
|move|p2a: Rillaboom|Knock Off|p1a: Lycanroc
|-damage|p1a: Lycanroc|55/100
|-enditem|p1a: Lycanroc|Focus Sash|[from] move: Knock Off|[of] p2a: Rillaboom
|
|-heal|p1a: Lycanroc|61/100|[from] Grassy Terrain
|upkeep
|turn|2
|
|t:|1602372264
|switch|p1a: Scizor|Scizor, F|100/100
|move|p2a: Rillaboom|Drum Beating|p1a: Scizor
|-resisted|p1a: Scizor
|-damage|p1a: Scizor|89/100
|-unboost|p1a: Scizor|spe|1
|
|-heal|p1a: Scizor|95/100|[from] Grassy Terrain
|upkeep
|turn|3
|
|t:|1602372269
|switch|p1a: Lycanroc|Lycanroc-Dusk, F, shiny|61/100
|move|p2a: Rillaboom|Protect||[still]
|-fail|p2a: Rillaboom
|
|-heal|p1a: Lycanroc|68/100|[from] Grassy Terrain
|upkeep
|turn|4
|
|t:|1602372276
|switch|p1a: Scizor|Scizor, F|95/100
|move|p2a: Rillaboom|Drum Beating|p1a: Scizor
|-resisted|p1a: Scizor
|-damage|p1a: Scizor|83/100
|-unboost|p1a: Scizor|spe|1
|
|-heal|p1a: Scizor|89/100|[from] Grassy Terrain
|upkeep
|turn|5
|
|t:|1602372284
|switch|p2a: Rotom|Rotom-Heat|100/100
|move|p1a: Scizor|Swords Dance|p1a: Scizor
|-boost|p1a: Scizor|atk|2
|
|-heal|p1a: Scizor|95/100|[from] Grassy Terrain
|upkeep
|turn|6
|
|t:|1602372291
|switch|p1a: Lycanroc|Lycanroc-Dusk, F, shiny|68/100
|move|p2a: Rotom|Volt Switch|p1a: Lycanroc
|-damage|p1a: Lycanroc|25/100
|
|t:|1602372296
|switch|p2a: Dragapult|Dragapult, M|100/100|[from]move: Volt Switch
|-damage|p2a: Dragapult|88/100|[from] Stealth Rock
|
|-heal|p2a: Dragapult|94/100|[from] Grassy Terrain
|-heal|p1a: Lycanroc|31/100|[from] Grassy Terrain
|upkeep
|turn|7
|
|t:|1602372304
|move|p1a: Lycanroc|Accelerock|p2a: Dragapult
|-damage|p2a: Dragapult|60/100
|move|p2a: Dragapult|Shadow Ball|p1a: Lycanroc
|-damage|p1a: Lycanroc|0 fnt
|faint|p1a: Lycanroc
|
|-heal|p2a: Dragapult|66/100|[from] Grassy Terrain
|upkeep
|
|t:|1602372310
|switch|p1a: Primarina|Primarina, M|100/100
|turn|8
|
|t:|1602372315
|switch|p2a: Rillaboom|Rillaboom, F|100/100
|-damage|p2a: Rillaboom|88/100|[from] Stealth Rock
|move|p1a: Primarina|Draining Kiss|p2a: Rillaboom
|-damage|p2a: Rillaboom|63/100
|
|-heal|p2a: Rillaboom|69/100|[from] Grassy Terrain
|-fieldend|move: Grassy Terrain
|upkeep
|turn|9
|
|t:|1602372321
|switch|p1a: Scizor|Scizor, F|95/100
|move|p2a: Rillaboom|Leech Seed|p1a: Scizor
|-start|p1a: Scizor|move: Leech Seed
|
|-damage|p1a: Scizor|83/100|[from] Leech Seed|[of] p2a: Rillaboom
|-heal|p2a: Rillaboom|78/100|[silent]
|upkeep
|turn|10
|
|t:|1602372339
|switch|p1a: shiny boi|Dragapult, M, shiny|100/100
|switch|p2a: Rotom|Rotom-Heat|100/100
|
|upkeep
|turn|11
|
|t:|1602372347
|switch|p2a: Clefable|Clefable, M|100/100
|move|p1a: shiny boi|Substitute|p1a: shiny boi
|-start|p1a: shiny boi|Substitute
|-damage|p1a: shiny boi|76/100
|
|upkeep
|turn|12
|
|t:|1602372349
|move|p1a: shiny boi|Dragon Dance|p1a: shiny boi
|-boost|p1a: shiny boi|atk|1
|-boost|p1a: shiny boi|spe|1
|move|p2a: Clefable|Moonblast|p1a: shiny boi
|-supereffective|p1a: shiny boi
|-end|p1a: shiny boi|Substitute
|
|upkeep
|turn|13
|
|t:|1602372352
|move|p1a: shiny boi|Phantom Force||[still]
|-prepare|p1a: shiny boi|Phantom Force
|move|p2a: Clefable|Moonblast|p1a: shiny boi|[miss]
|-miss|p2a: Clefable|p1a: shiny boi
|
|upkeep
|turn|14
|
|t:|1602372356
|move|p1a: shiny boi|Phantom Force|p2a: Clefable|[from]lockedmove
|-damage|p2a: Clefable|32/100
|-damage|p1a: shiny boi|66/100|[from] item: Life Orb
|move|p2a: Clefable|Moonblast|p1a: shiny boi
|-supereffective|p1a: shiny boi
|-damage|p1a: shiny boi|0 fnt
|faint|p1a: shiny boi
|
|-heal|p2a: Clefable|38/100|[from] item: Leftovers
|upkeep
|
|t:|1602372359
|switch|p1a: Rillaboom|Rillaboom, M|100/100
|-fieldstart|move: Grassy Terrain|[from] ability: Grassy Surge|[of] p1a: Rillaboom
|turn|15
|
|t:|1602372364
|move|p1a: Rillaboom|High Horsepower|p2a: Clefable
|-damage|p2a: Clefable|5/100
|-damage|p1a: Rillaboom|91/100|[from] item: Life Orb
|move|p2a: Clefable|Teleport|p2a: Clefable
|c|☆Fusien|Misclick
|
|t:|1602372373
|switch|p2a: Rotom|Rotom-Heat|100/100|[from]move: Teleport
|
|-heal|p1a: Rillaboom|97/100|[from] Grassy Terrain
|upkeep
|turn|16
|
|t:|1602372381
|switch|p1a: Axel|Haxorus, M, shiny|100/100
|-ability|p1a: Axel|Mold Breaker
|move|p2a: Rotom|Defog|p1a: Axel
|-unboost|p1a: Axel|evasion|1
|-sideend|p2: Commando 55|Stealth Rock|[from] move: Defog|[of] p2a: Rotom
|-fieldend|move: Grassy Terrain
|
|upkeep
|turn|17
|
|t:|1602372388
|move|p1a: Axel|Scale Shot|p2a: Rotom
|-damage|p2a: Rotom|81/100
|-damage|p2a: Rotom|60/100
|-damage|p2a: Rotom|38/100
|-hitcount|p2a: Rotom|3
|-unboost|p1a: Axel|def|1
|-boost|p1a: Axel|spe|1
|-damage|p1a: Axel|91/100|[from] item: Life Orb
|move|p2a: Rotom|Volt Switch|p1a: Axel
|-resisted|p1a: Axel
|-damage|p1a: Axel|73/100
|
|t:|1602372398
|switch|p2a: Zarude|Zarude|100/100|[from]move: Volt Switch
|
|upkeep
|turn|18
|
|t:|1602372400
|move|p1a: Axel|Close Combat|p2a: Zarude
|-supereffective|p2a: Zarude
|-damage|p2a: Zarude|0 fnt
|-unboost|p1a: Axel|def|1
|-unboost|p1a: Axel|spd|1
|-damage|p1a: Axel|63/100|[from] item: Life Orb
|faint|p2a: Zarude
|
|upkeep
|
|t:|1602372404
|switch|p2a: Hippowdon|Hippowdon, M|100/100
|-weather|Sandstorm|[from] ability: Sand Stream|[of] p2a: Hippowdon
|turn|19
|
|t:|1602372412
|switch|p1a: Rillaboom|Rillaboom, M|97/100
|-fieldstart|move: Grassy Terrain|[from] ability: Grassy Surge|[of] p1a: Rillaboom
|move|p2a: Hippowdon|High Horsepower|p1a: Rillaboom
|-resisted|p1a: Rillaboom
|-damage|p1a: Rillaboom|76/100
|
|-weather|Sandstorm|[upkeep]
|-damage|p1a: Rillaboom|70/100|[from] Sandstorm
|-heal|p1a: Rillaboom|76/100|[from] Grassy Terrain
|upkeep
|turn|20
|
|t:|1602372415
|move|p1a: Rillaboom|Swords Dance|p1a: Rillaboom
|-boost|p1a: Rillaboom|atk|2
|move|p2a: Hippowdon|Toxic|p1a: Rillaboom
|-status|p1a: Rillaboom|tox
|
|-weather|Sandstorm|[upkeep]
|-damage|p1a: Rillaboom|70/100 tox|[from] Sandstorm
|-heal|p1a: Rillaboom|76/100 tox|[from] Grassy Terrain
|-damage|p1a: Rillaboom|70/100 tox|[from] psn
|upkeep
|turn|21
|
|t:|1602372422
|switch|p2a: Clefable|Clefable, M|5/100
|move|p1a: Rillaboom|Grassy Glide|p2a: Clefable
|-damage|p2a: Clefable|0 fnt
|-damage|p1a: Rillaboom|60/100 tox|[from] item: Life Orb
|faint|p2a: Clefable
|
|-weather|Sandstorm|[upkeep]
|-damage|p1a: Rillaboom|54/100 tox|[from] Sandstorm
|-heal|p1a: Rillaboom|60/100 tox|[from] Grassy Terrain
|-damage|p1a: Rillaboom|48/100 tox|[from] psn
|upkeep
|
|t:|1602372426
|switch|p2a: Rillaboom|Rillaboom, F|78/100
|turn|22
|
|t:|1602372433
|move|p2a: Rillaboom|Protect|p2a: Rillaboom
|-singleturn|p2a: Rillaboom|Protect
|move|p1a: Rillaboom|Superpower|p2a: Rillaboom
|-activate|p2a: Rillaboom|move: Protect
|
|-weather|Sandstorm|[upkeep]
|-damage|p1a: Rillaboom|42/100 tox|[from] Sandstorm
|-damage|p2a: Rillaboom|72/100|[from] Sandstorm
|-heal|p1a: Rillaboom|48/100 tox|[from] Grassy Terrain
|-heal|p2a: Rillaboom|78/100|[from] Grassy Terrain
|-damage|p1a: Rillaboom|29/100 tox|[from] psn
|upkeep
|turn|23
|
|t:|1602372454
|switch|p2a: Hippowdon|Hippowdon, M|100/100
|move|p1a: Rillaboom|Grassy Glide|p2a: Hippowdon
|-supereffective|p2a: Hippowdon
|-damage|p2a: Hippowdon|0 fnt
|-damage|p1a: Rillaboom|19/100 tox|[from] item: Life Orb
|faint|p2a: Hippowdon
|
|-weather|none
|-heal|p1a: Rillaboom|25/100 tox|[from] Grassy Terrain
|-fieldend|move: Grassy Terrain
|-damage|p1a: Rillaboom|1/100 tox|[from] psn
|upkeep
|
|t:|1602372465
|switch|p2a: Dragapult|Dragapult, M|66/100
|turn|24
|
|t:|1602372474
|move|p2a: Dragapult|Shadow Ball|p1a: Rillaboom
|-damage|p1a: Rillaboom|0 fnt
|faint|p1a: Rillaboom
|
|upkeep
|
|t:|1602372477
|switch|p1a: Primarina|Primarina, M|100/100
|turn|25
|
|t:|1602372480
|switch|p2a: Rillaboom|Rillaboom, F|78/100
|-fieldstart|move: Grassy Terrain|[from] ability: Grassy Surge|[of] p2a: Rillaboom
|move|p1a: Primarina|Draining Kiss|p2a: Rillaboom
|-damage|p2a: Rillaboom|55/100
|
|-heal|p2a: Rillaboom|61/100|[from] Grassy Terrain
|upkeep
|turn|26
|
|t:|1602372488
|switch|p1a: Scizor|Scizor, F|83/100
|move|p2a: Rillaboom|Knock Off|p1a: Scizor
|-damage|p1a: Scizor|52/100
|-enditem|p1a: Scizor|Life Orb|[from] move: Knock Off|[of] p2a: Rillaboom
|
|-heal|p1a: Scizor|59/100|[from] Grassy Terrain
|-heal|p2a: Rillaboom|67/100|[from] Grassy Terrain
|upkeep
|turn|27
|
|t:|1602372502
|move|p1a: Scizor|Bullet Punch|p2a: Rillaboom
|-damage|p2a: Rillaboom|46/100
|move|p2a: Rillaboom|Leech Seed|p1a: Scizor
|-start|p1a: Scizor|move: Leech Seed
|
|-heal|p1a: Scizor|65/100|[from] Grassy Terrain
|-heal|p2a: Rillaboom|52/100|[from] Grassy Terrain
|-damage|p1a: Scizor|52/100|[from] Leech Seed|[of] p2a: Rillaboom
|-heal|p2a: Rillaboom|61/100|[silent]
|upkeep
|turn|28
|
|t:|1602372507
|switch|p1a: Axel|Haxorus, M, shiny|63/100
|-ability|p1a: Axel|Mold Breaker
|switch|p2a: Rotom|Rotom-Heat|38/100
|
|-heal|p1a: Axel|69/100|[from] Grassy Terrain
|upkeep
|turn|29
|
|t:|1602372517
|move|p1a: Axel|Scale Shot|p2a: Rotom
|-damage|p2a: Rotom|18/100
|-damage|p2a: Rotom|0 fnt
|-hitcount|p2a: Rotom|2
|-unboost|p1a: Axel|def|1
|-boost|p1a: Axel|spe|1
|-damage|p1a: Axel|59/100|[from] item: Life Orb
|faint|p2a: Rotom
|
|-heal|p1a: Axel|65/100|[from] Grassy Terrain
|upkeep
|
|t:|1602372519
|switch|p2a: Rillaboom|Rillaboom, F|61/100
|turn|30
|
|t:|1602372522
|move|p2a: Rillaboom|Protect|p2a: Rillaboom
|-singleturn|p2a: Rillaboom|Protect
|move|p1a: Axel|Poison Jab|p2a: Rillaboom
|-activate|p2a: Rillaboom|move: Protect
|
|-heal|p1a: Axel|71/100|[from] Grassy Terrain
|-heal|p2a: Rillaboom|67/100|[from] Grassy Terrain
|upkeep
|turn|31
|j| sdgdgsadgs
|
|t:|1602372528
|move|p1a: Axel|Poison Jab|p2a: Rillaboom
|-supereffective|p2a: Rillaboom
|-damage|p2a: Rillaboom|15/100
|-damage|p1a: Axel|61/100|[from] item: Life Orb
|move|p2a: Rillaboom|Drum Beating|p1a: Axel
|-resisted|p1a: Axel
|-damage|p1a: Axel|19/100
|-unboost|p1a: Axel|spe|1
|
|-heal|p1a: Axel|25/100|[from] Grassy Terrain
|-heal|p2a: Rillaboom|21/100|[from] Grassy Terrain
|upkeep
|turn|32
|
|t:|1602372538
|move|p2a: Rillaboom|Protect|p2a: Rillaboom
|-singleturn|p2a: Rillaboom|Protect
|move|p1a: Axel|Scale Shot|p2a: Rillaboom
|-activate|p2a: Rillaboom|move: Protect
|
|-heal|p1a: Axel|31/100|[from] Grassy Terrain
|-heal|p2a: Rillaboom|27/100|[from] Grassy Terrain
|-fieldend|move: Grassy Terrain
|upkeep
|turn|33
|
|t:|1602372541
|move|p1a: Axel|Scale Shot|p2a: Rillaboom
|-damage|p2a: Rillaboom|14/100
|-damage|p2a: Rillaboom|2/100
|-damage|p2a: Rillaboom|0 fnt
|-hitcount|p2a: Rillaboom|3
|-unboost|p1a: Axel|def|1
|-boost|p1a: Axel|spe|1
|-damage|p1a: Axel|21/100|[from] item: Life Orb
|faint|p2a: Rillaboom
|
|upkeep
|c|☆Commando 55|Gg
|c|☆Fusien|Gg
|c| AquaVanilla|axel such a champ
|c| AquaVanilla|holy shit
|
|t:|1602372565
|switch|p2a: Dragapult|Dragapult, M|66/100
|turn|34
|j| tungulus
|inactive|Fusien has 120 seconds left.
|
|t:|1602372613
|move|p1a: Axel|Scale Shot|p2a: Dragapult
|-supereffective|p2a: Dragapult
|-damage|p2a: Dragapult|14/100
|-supereffective|p2a: Dragapult
|-damage|p2a: Dragapult|0 fnt
|-hitcount|p2a: Dragapult|2
|-unboost|p1a: Axel|def|1
|-boost|p1a: Axel|spe|1
|-damage|p1a: Axel|11/100|[from] item: Life Orb
|faint|p2a: Dragapult
|
|win|Fusien
|c| sdgdgsadgs|how does this team deal with the metal birds fuisen
|l|☆Commando 55
|raw|Fusien's rating: 1711 &rarr; <strong>1730</strong><br />(+19 for winning)
|raw|Commando 55's rating: 1708 &rarr; <strong>1688</strong><br />(-20 for losing)
|c|☆Fusien|Idk tbh lol
|c| AquaVanilla|lol
|c| sdgdgsadgs|lol
|c| AquaVanilla|fusien
|c|☆Fusien|Hope we over power them I fies
|c|☆Fusien|*guess
|c|☆Fusien|Ye?
|c| AquaVanilla|accept :)
|l| sdgdgsadgs
|l| tungulus
|l| lastmagic
|l|☆Fusien
|l| AquaVanilla
|j|☆Fusien
|player|p1|Fusien|roxie
|l| otaalk
