|j|☆calyforniarex
|j|☆X-Wing Fighter
|inactive|Battle timer is ON: inactive players will automatically lose when time's up.
|t:|1604152625
|player|p1|calyforniarex|169|
|player|p2|X-Wing Fighter|hilbert|
|teamsize|p1|6
|teamsize|p2|6
|gametype|singles
|gen|8
|tier|[Gen 8] OU
|rated|Tournament battle
|clearpoke
|poke|p1|Melmetal|
|poke|p1|Slowbro, M|
|poke|p1|Mandibuzz, F|
|poke|p1|Zygarde|
|poke|p1|Clefable, F|
|poke|p1|Spectrier|
|poke|p2|Barraskewda, F|
|poke|p2|Volcanion|
|poke|p2|Pelipper, F|
|poke|p2|Tornadus-Therian, M|
|poke|p2|Magearna|
|poke|p2|Seismitoad, F|
|rule|Sleep Clause Mod: Limit one foe put to sleep
|rule|Species Clause: Limit one of each Pokémon
|rule|OHKO Clause: OHKO moves are banned
|rule|Evasion Moves Clause: Evasion moves are banned
|rule|Endless Battle Clause: Forcing endless battles is banned
|rule|HP Percentage Mod: HP is shown in percentages
|rule|Dynamax Clause: You cannot dynamax
|teampreview
|j| abejas
|c|☆calyforniarex|hf
|c|☆X-Wing Fighter|u2 man
|j| Supersam10001
|j| palomares.j
|j| Katy
|
|t:|1604152649
|start
|switch|p1a: Zygarde|Zygarde|100/100
|switch|p2a: Pelipper|Pelipper, F|100/100
|-ability|p1a: Zygarde|Aura Break
|-weather|RainDance|[from] ability: Drizzle|[of] p2a: Pelipper
|turn|1
|j| fal19
|j| punset07
|j| A Green Yes
|inactive|X-Wing Fighter has 120 seconds left.
|j| Metrona
|
|t:|1604152692
|switch|p2a: Seismitoad|Seismitoad, F|100/100
|move|p1a: Zygarde|Substitute|p1a: Zygarde
|-start|p1a: Zygarde|Substitute
|-damage|p1a: Zygarde|76/100
|
|-weather|RainDance|[upkeep]
|-heal|p1a: Zygarde|82/100|[from] item: Leftovers
|upkeep
|turn|2
|
|t:|1604152697
|move|p2a: Seismitoad|Surf|p1a: Zygarde
|-end|p1a: Zygarde|Substitute
|move|p1a: Zygarde|Glare|p2a: Seismitoad
|-status|p2a: Seismitoad|par
|
|-weather|RainDance|[upkeep]
|-heal|p1a: Zygarde|88/100|[from] item: Leftovers
|upkeep
|turn|3
|
|t:|1604152702
|switch|p1a: Slowbro|Slowbro, M|100/100
|move|p2a: Seismitoad|Surf|p1a: Slowbro
|-resisted|p1a: Slowbro
|-damage|p1a: Slowbro|71/100
|
|-weather|RainDance|[upkeep]
|upkeep
|turn|4
|l| Metrona
|
|t:|1604152707
|switch|p2a: Magearna|Magearna|100/100
|move|p1a: Slowbro|Teleport|p1a: Slowbro
|
|t:|1604152716
|switch|p1a: Melmetal|Melmetal|100/100|[from]move: Teleport
|
|-weather|RainDance|[upkeep]
|upkeep
|turn|5
|j| Krypton Xenon
|
|t:|1604152735
|switch|p2a: Seismitoad|Seismitoad, F|100/100 par
|move|p1a: Melmetal|Double Iron Bash|p2a: Seismitoad
|-resisted|p2a: Seismitoad
|-damage|p2a: Seismitoad|57/100 par
|-resisted|p2a: Seismitoad
|-damage|p2a: Seismitoad|17/100 par
|-hitcount|p2a: Seismitoad|2
|
|-weather|RainDance|[upkeep]
|upkeep
|turn|6
|c| Krypton Xenon|Good luck :D
|
|t:|1604152744
|switch|p1a: Mandibuzz|Mandibuzz, F|100/100
|move|p2a: Seismitoad|Earth Power|p1a: Mandibuzz
|-immune|p1a: Mandibuzz
|
|-weather|RainDance|[upkeep]
|upkeep
|turn|7
|
|t:|1604152753
|switch|p2a: Volcanion|Volcanion|100/100
|move|p1a: Mandibuzz|U-turn|p2a: Volcanion
|-resisted|p2a: Volcanion
|-damage|p2a: Volcanion|95/100
|
|t:|1604152762
|switch|p1a: Spectrier|Spectrier|100/100|[from]move: U-turn
|
|-weather|RainDance|[upkeep]
|upkeep
|turn|8
|
|t:|1604152768
|switch|p2a: Magearna|Magearna|100/100
|move|p1a: Spectrier|Shadow Ball|p2a: Magearna
|-damage|p2a: Magearna|69/100
|
|-weather|none
|upkeep
|turn|9
|
|t:|1604152774
|move|p1a: Spectrier|Shadow Ball|p2a: Magearna
|-damage|p2a: Magearna|39/100
|-unboost|p2a: Magearna|spd|1
|move|p2a: Magearna|Flash Cannon|p1a: Spectrier
|-damage|p1a: Spectrier|62/100
|
|upkeep
|turn|10
|l| Krypton Xenon
|
|t:|1604152803
|switch|p2a: Seismitoad|Seismitoad, F|17/100 par
|move|p1a: Spectrier|Shadow Ball|p2a: Seismitoad
|-damage|p2a: Seismitoad|0 fnt
|faint|p2a: Seismitoad
|-ability|p1a: Spectrier|Grim Neigh|boost
|-boost|p1a: Spectrier|spa|1
|
|upkeep
|
|t:|1604152805
|switch|p2a: Pelipper|Pelipper, F|100/100
|-weather|RainDance|[from] ability: Drizzle|[of] p2a: Pelipper
|turn|11
|
|t:|1604152809
|switch|p2a: Magearna|Magearna|39/100
|move|p1a: Spectrier|Shadow Ball|p2a: Magearna
|-damage|p2a: Magearna|0 fnt
|faint|p2a: Magearna
|-ability|p1a: Spectrier|Grim Neigh|boost
|-boost|p1a: Spectrier|spa|1
|
|-weather|RainDance|[upkeep]
|upkeep
|
|t:|1604152811
|switch|p2a: Barraskewda|Barraskewda, F|100/100
|turn|12
|
|t:|1604152821
|switch|p1a: Slowbro|Slowbro, M|100/100
|move|p2a: Barraskewda|Flip Turn|p1a: Slowbro
|-resisted|p1a: Slowbro
|-damage|p1a: Slowbro|79/100
|
|t:|1604152824
|switch|p2a: Volcanion|Volcanion|95/100|[from]move: Flip Turn
|
|-weather|RainDance|[upkeep]
|upkeep
|turn|13
|
|t:|1604152831
|switch|p1a: Clefable|Clefable, F|100/100
|move|p2a: Volcanion|Steam Eruption|p1a: Clefable
|-damage|p1a: Clefable|0 fnt
|faint|p1a: Clefable
|
|-weather|RainDance|[upkeep]
|upkeep
|
|t:|1604152840
|switch|p1a: Spectrier|Spectrier|62/100
|turn|14
|
|t:|1604152842
|move|p1a: Spectrier|Mud Shot|p2a: Volcanion
|-supereffective|p2a: Volcanion
|-damage|p2a: Volcanion|18/100
|-unboost|p2a: Volcanion|spe|1
|move|p2a: Volcanion|Steam Eruption|p1a: Spectrier
|-damage|p1a: Spectrier|0 fnt
|faint|p1a: Spectrier
|
|-weather|RainDance|[upkeep]
|upkeep
|
|t:|1604152849
|switch|p1a: Zygarde|Zygarde|88/100
|-ability|p1a: Zygarde|Aura Break
|turn|15
|
|t:|1604152851
|move|p1a: Zygarde|Thousand Arrows|p2a: Volcanion
|-supereffective|p2a: Volcanion
|-damage|p2a: Volcanion|0 fnt
|faint|p2a: Volcanion
|
|-weather|RainDance|[upkeep]
|-heal|p1a: Zygarde|94/100|[from] item: Leftovers
|upkeep
|
|t:|1604152856
|switch|p2a: Barraskewda|Barraskewda, F|100/100
|turn|16
|
|t:|1604152859
|switch|p1a: Slowbro|Slowbro, M|100/100
|move|p2a: Barraskewda|Flip Turn|p1a: Slowbro
|-resisted|p1a: Slowbro
|-damage|p1a: Slowbro|79/100
|
|t:|1604152861
|switch|p2a: Tornadus|Tornadus-Therian, M|100/100|[from]move: Flip Turn
|
|-weather|RainDance|[upkeep]
|upkeep
|turn|17
|
|t:|1604152864
|switch|p1a: Mandibuzz|Mandibuzz, F|100/100
|move|p2a: Tornadus|Nasty Plot|p2a: Tornadus
|-boost|p2a: Tornadus|spa|2
|
|-weather|RainDance|[upkeep]
|upkeep
|turn|18
|j| GW
|
|t:|1604152867
|move|p2a: Tornadus|Hurricane|p1a: Mandibuzz
|-damage|p1a: Mandibuzz|29/100
|move|p1a: Mandibuzz|U-turn|p2a: Tornadus
|-resisted|p2a: Tornadus
|-damage|p2a: Tornadus|92/100
|
|t:|1604152877
|switch|p1a: Zygarde|Zygarde|94/100|[from]move: U-turn
|-ability|p1a: Zygarde|Aura Break
|
|-weather|none
|-heal|p1a: Zygarde|100/100|[from] item: Leftovers
|upkeep
|turn|19
|
|t:|1604152880
|move|p2a: Tornadus|Hurricane|p1a: Zygarde
|-damage|p1a: Zygarde|33/100
|move|p1a: Zygarde|Glare|p2a: Tornadus
|-status|p2a: Tornadus|par
|
|-heal|p1a: Zygarde|39/100|[from] item: Leftovers
|upkeep
|turn|20
|
|t:|1604152888
|switch|p1a: Mandibuzz|Mandibuzz, F|29/100
|switch|p2a: Pelipper|Pelipper, F|100/100
|-weather|RainDance|[from] ability: Drizzle|[of] p2a: Pelipper
|
|-weather|RainDance|[upkeep]
|upkeep
|turn|21
|
|t:|1604152893
|move|p1a: Mandibuzz|Roost|p1a: Mandibuzz
|-heal|p1a: Mandibuzz|79/100
|-singleturn|p1a: Mandibuzz|move: Roost
|move|p2a: Pelipper|U-turn|p1a: Mandibuzz
|-supereffective|p1a: Mandibuzz
|-damage|p1a: Mandibuzz|64/100
|
|t:|1604152895
|switch|p2a: Barraskewda|Barraskewda, F|100/100|[from]move: U-turn
|
|-weather|RainDance|[upkeep]
|upkeep
|turn|22
|
|t:|1604152899
|switch|p1a: Slowbro|Slowbro, M|100/100
|move|p2a: Barraskewda|Flip Turn|p1a: Slowbro
|-resisted|p1a: Slowbro
|-damage|p1a: Slowbro|79/100
|
|t:|1604152902
|switch|p2a: Tornadus|Tornadus-Therian, M|100/100 par|[from]move: Flip Turn
|
|-weather|RainDance|[upkeep]
|upkeep
|turn|23
|
|t:|1604152909
|switch|p1a: Mandibuzz|Mandibuzz, F|64/100
|move|p2a: Tornadus|Hurricane|p1a: Mandibuzz
|-damage|p1a: Mandibuzz|32/100
|-start|p1a: Mandibuzz|confusion
|
|-weather|RainDance|[upkeep]
|upkeep
|turn|24
|
|t:|1604152916
|-activate|p1a: Mandibuzz|confusion
|-damage|p1a: Mandibuzz|27/100|[from] confusion
|cant|p2a: Tornadus|par
|
|-weather|RainDance|[upkeep]
|upkeep
|turn|25
|
|t:|1604152920
|-end|p1a: Mandibuzz|confusion
|move|p1a: Mandibuzz|Roost|p1a: Mandibuzz
|-heal|p1a: Mandibuzz|77/100
|-singleturn|p1a: Mandibuzz|move: Roost
|cant|p2a: Tornadus|par
|
|-weather|RainDance|[upkeep]
|upkeep
|turn|26
|
|t:|1604152929
|move|p1a: Mandibuzz|Foul Play|p2a: Tornadus
|-crit|p2a: Tornadus
|-damage|p2a: Tornadus|50/100 par
|cant|p2a: Tornadus|par
|
|-weather|RainDance|[upkeep]
|upkeep
|turn|27
|
|t:|1604152936
|switch|p2a: Pelipper|Pelipper, F|100/100
|move|p1a: Mandibuzz|Foul Play|p2a: Pelipper
|-damage|p2a: Pelipper|87/100
|
|-weather|none
|upkeep
|turn|28
|c|☆calyforniarex|:s
|j| Doctor Scranton
|
|t:|1604152943
|move|p1a: Mandibuzz|U-turn|p2a: Pelipper
|-resisted|p2a: Pelipper
|-damage|p2a: Pelipper|82/100
|
|t:|1604152947
|switch|p1a: Slowbro|Slowbro, M|100/100|[from]move: U-turn
|move|p2a: Pelipper|U-turn|p1a: Slowbro
|-supereffective|p1a: Slowbro
|-damage|p1a: Slowbro|90/100
|
|t:|1604152950
|switch|p2a: Tornadus|Tornadus-Therian, M|83/100 par|[from]move: U-turn
|
|upkeep
|turn|29
|c| Doctor Scranton|Wait ten seconds.....
|
|t:|1604152955
|move|p2a: Tornadus|Nasty Plot|p2a: Tornadus
|-boost|p2a: Tornadus|spa|2
|move|p1a: Slowbro|Future Sight|p2a: Tornadus
|-start|p1a: Slowbro|move: Future Sight
|
|upkeep
|turn|30
|
|t:|1604152959
|switch|p1a: Mandibuzz|Mandibuzz, F|77/100
|move|p2a: Tornadus|Hurricane|p1a: Mandibuzz
|-damage|p1a: Mandibuzz|10/100
|
|upkeep
|turn|31
|l| GW
|
|t:|1604152968
|switch|p2a: Pelipper|Pelipper, F|82/100
|-weather|RainDance|[from] ability: Drizzle|[of] p2a: Pelipper
|move|p1a: Mandibuzz|Roost|p1a: Mandibuzz
|-heal|p1a: Mandibuzz|61/100
|-singleturn|p1a: Mandibuzz|move: Roost
|
|-weather|RainDance|[upkeep]
|-end|p2a: Pelipper|move: Future Sight
|-damage|p2a: Pelipper|26/100
|upkeep
|turn|32
|
|t:|1604152972
|move|p1a: Mandibuzz|Roost|p1a: Mandibuzz
|-heal|p1a: Mandibuzz|100/100
|-singleturn|p1a: Mandibuzz|move: Roost
|move|p2a: Pelipper|Roost|p2a: Pelipper
|-heal|p2a: Pelipper|76/100
|-singleturn|p2a: Pelipper|move: Roost
|
|-weather|RainDance|[upkeep]
|upkeep
|turn|33
|j| Mega Zygarde-100%
|
|t:|1604152976
|move|p1a: Mandibuzz|Foul Play|p2a: Pelipper
|-damage|p2a: Pelipper|61/100
|move|p2a: Pelipper|U-turn|p1a: Mandibuzz
|-damage|p1a: Mandibuzz|93/100
|
|t:|1604152980
|switch|p2a: Barraskewda|Barraskewda, F|100/100|[from]move: U-turn
|
|-weather|RainDance|[upkeep]
|upkeep
|turn|34
|
|t:|1604152983
|switch|p1a: Slowbro|Slowbro, M|100/100
|move|p2a: Barraskewda|Flip Turn|p1a: Slowbro
|-resisted|p1a: Slowbro
|-damage|p1a: Slowbro|78/100
|
|t:|1604152985
|switch|p2a: Tornadus|Tornadus-Therian, M|100/100 par|[from]move: Flip Turn
|
|-weather|RainDance|[upkeep]
|upkeep
|turn|35
|
|t:|1604152989
|move|p2a: Tornadus|Nasty Plot|p2a: Tornadus
|-boost|p2a: Tornadus|spa|2
|move|p1a: Slowbro|Scald|p2a: Tornadus
|-damage|p2a: Tornadus|52/100 par
|
|-weather|RainDance|[upkeep]
|upkeep
|turn|36
|
|t:|1604152996
|switch|p1a: Mandibuzz|Mandibuzz, F|93/100
|cant|p2a: Tornadus|par
|
|-weather|RainDance|[upkeep]
|upkeep
|turn|37
|
|t:|1604153000
|move|p1a: Mandibuzz|Foul Play|p2a: Tornadus
|-damage|p2a: Tornadus|15/100 par
|move|p2a: Tornadus|Hurricane|p1a: Mandibuzz
|-damage|p1a: Mandibuzz|30/100
|
|-weather|RainDance|[upkeep]
|upkeep
|turn|38
|
|t:|1604153006
|switch|p2a: Pelipper|Pelipper, F|61/100
|move|p1a: Mandibuzz|Foul Play|p2a: Pelipper
|-damage|p2a: Pelipper|46/100
|
|-weather|none
|upkeep
|turn|39
|
|t:|1604153009
|move|p1a: Mandibuzz|Roost|p1a: Mandibuzz
|-heal|p1a: Mandibuzz|80/100
|-singleturn|p1a: Mandibuzz|move: Roost
|move|p2a: Pelipper|U-turn|p1a: Mandibuzz
|-supereffective|p1a: Mandibuzz
|-damage|p1a: Mandibuzz|66/100
|
|t:|1604153012
|switch|p2a: Barraskewda|Barraskewda, F|100/100|[from]move: U-turn
|
|upkeep
|turn|40
|
|t:|1604153015
|switch|p1a: Slowbro|Slowbro, M|100/100
|move|p2a: Barraskewda|Flip Turn|p1a: Slowbro
|-resisted|p1a: Slowbro
|-damage|p1a: Slowbro|85/100
|
|t:|1604153021
|switch|p2a: Tornadus|Tornadus-Therian, M|48/100 par|[from]move: Flip Turn
|
|upkeep
|turn|41
|
|t:|1604153024
|cant|p2a: Tornadus|par
|move|p1a: Slowbro|Future Sight|p2a: Tornadus
|-start|p1a: Slowbro|move: Future Sight
|
|upkeep
|turn|42
|
|t:|1604153031
|switch|p2a: Pelipper|Pelipper, F|46/100
|-weather|RainDance|[from] ability: Drizzle|[of] p2a: Pelipper
|switch|p1a: Mandibuzz|Mandibuzz, F|66/100
|
|-weather|RainDance|[upkeep]
|upkeep
|turn|43
|j| Holy moly crabby
|
|t:|1604153035
|move|p1a: Mandibuzz|Foul Play|p2a: Pelipper
|-damage|p2a: Pelipper|31/100
|move|p2a: Pelipper|Roost|p2a: Pelipper
|-heal|p2a: Pelipper|81/100
|-singleturn|p2a: Pelipper|move: Roost
|
|-weather|RainDance|[upkeep]
|-end|p2a: Pelipper|move: Future Sight
|-damage|p2a: Pelipper|22/100
|upkeep
|turn|44
|
|t:|1604153040
|move|p1a: Mandibuzz|Roost|p1a: Mandibuzz
|-heal|p1a: Mandibuzz|100/100
|-singleturn|p1a: Mandibuzz|move: Roost
|move|p2a: Pelipper|Roost|p2a: Pelipper
|-heal|p2a: Pelipper|72/100
|-singleturn|p2a: Pelipper|move: Roost
|
|-weather|RainDance|[upkeep]
|upkeep
|turn|45
|
|t:|1604153047
|move|p1a: Mandibuzz|U-turn|p2a: Pelipper
|-resisted|p2a: Pelipper
|-damage|p2a: Pelipper|67/100
|
|t:|1604153049
|switch|p1a: Slowbro|Slowbro, M|100/100|[from]move: U-turn
|move|p2a: Pelipper|U-turn|p1a: Slowbro
|-supereffective|p1a: Slowbro
|-damage|p1a: Slowbro|89/100
|
|t:|1604153053
|switch|p2a: Tornadus|Tornadus-Therian, M|81/100 par|[from]move: U-turn
|
|-weather|RainDance|[upkeep]
|upkeep
|turn|46
|l| punset07
|
|t:|1604153056
|move|p2a: Tornadus|Hurricane|p1a: Slowbro
|-damage|p1a: Slowbro|35/100
|move|p1a: Slowbro|Future Sight|p2a: Tornadus
|-start|p1a: Slowbro|move: Future Sight
|
|-weather|RainDance|[upkeep]
|upkeep
|turn|47
|
|t:|1604153063
|switch|p1a: Mandibuzz|Mandibuzz, F|100/100
|move|p2a: Tornadus|Weather Ball|p1a: Mandibuzz
|-damage|p1a: Mandibuzz|68/100
|
|-weather|RainDance|[upkeep]
|upkeep
|turn|48
|
|t:|1604153070
|switch|p2a: Pelipper|Pelipper, F|67/100
|move|p1a: Mandibuzz|Foul Play|p2a: Pelipper
|-damage|p2a: Pelipper|53/100
|
|-weather|RainDance|[upkeep]
|-end|p2a: Pelipper|move: Future Sight
|-damage|p2a: Pelipper|0 fnt
|upkeep
|faint|p2a: Pelipper
|
|t:|1604153074
|switch|p2a: Barraskewda|Barraskewda, F|100/100
|turn|49
|c| Doctor Scranton|Now we are going PP stalling.....
|c|☆X-Wing Fighter|gg
|j| 5thTimesTheCharm
|l| 5thTimesTheCharm
|c| Doctor Scranton|Oooohhh
|
|t:|1604153088
|switch|p1a: Slowbro|Slowbro, M|68/100
|move|p2a: Barraskewda|Flip Turn|p1a: Slowbro
|-resisted|p1a: Slowbro
|-damage|p1a: Slowbro|47/100
|
|t:|1604153090
|switch|p2a: Tornadus|Tornadus-Therian, M|100/100 par|[from]move: Flip Turn
|
|-weather|none
|upkeep
|turn|50
|
|t:|1604153093
|switch|p1a: Mandibuzz|Mandibuzz, F|68/100
|move|p2a: Tornadus|Nasty Plot|p2a: Tornadus
|-boost|p2a: Tornadus|spa|2
|
|upkeep
|turn|51
|c| A Green Yes|rain can't win everything
|
|t:|1604153099
|move|p1a: Mandibuzz|Roost|p1a: Mandibuzz
|-heal|p1a: Mandibuzz|100/100
|-singleturn|p1a: Mandibuzz|move: Roost
|cant|p2a: Tornadus|par
|
|upkeep
|turn|52
|c| A Green Yes|kekw
|
|t:|1604153105
|move|p1a: Mandibuzz|Foul Play|p2a: Tornadus
|-damage|p2a: Tornadus|68/100 par
|move|p2a: Tornadus|Nasty Plot|p2a: Tornadus
|-boost|p2a: Tornadus|spa|2
|
|upkeep
|turn|53
|
|t:|1604153108
|move|p1a: Mandibuzz|Foul Play|p2a: Tornadus
|-damage|p2a: Tornadus|33/100 par
|cant|p2a: Tornadus|par
|
|upkeep
|turn|54
|c|☆X-Wing Fighter|bro
|c|☆calyforniarex|gg
|c|☆X-Wing Fighter|the hax
|c| A Green Yes|gg
|c|☆calyforniarex|sorry for excesive hax
|c| A Green Yes|???
|
|t:|1604153130
|switch|p2a: Barraskewda|Barraskewda, F|100/100
|move|p1a: Mandibuzz|Foul Play|p2a: Barraskewda
|-damage|p2a: Barraskewda|4/100
|
|upkeep
|turn|55
|
|t:|1604153135
|switch|p1a: Slowbro|Slowbro, M|80/100
|move|p2a: Barraskewda|Liquidation|p1a: Slowbro
|-resisted|p1a: Slowbro
|-damage|p1a: Slowbro|62/100
|
|upkeep
|turn|56
|
|t:|1604153138
|switch|p2a: Tornadus|Tornadus-Therian, M|66/100 par
|move|p1a: Slowbro|Future Sight|p2a: Tornadus
|-start|p1a: Slowbro|move: Future Sight
|
|upkeep
|turn|57
|c| A Green Yes|he had  25% chance and nasty ploted thats just life bro
|
|t:|1604153148
|switch|p1a: Mandibuzz|Mandibuzz, F|100/100
|move|p2a: Tornadus|Nasty Plot|p2a: Tornadus
|-boost|p2a: Tornadus|spa|2
|
|upkeep
|turn|58
|
|t:|1604153151
|move|p1a: Mandibuzz|Foul Play|p2a: Tornadus
|-damage|p2a: Tornadus|34/100 par
|move|p2a: Tornadus|Hurricane|p1a: Mandibuzz|[miss]
|-miss|p2a: Tornadus|p1a: Mandibuzz
|
|-end|p2a: Tornadus|move: Future Sight
|-damage|p2a: Tornadus|0 fnt
|upkeep
|faint|p2a: Tornadus
|c|☆X-Wing Fighter|ofc
|
|t:|1604153160
|switch|p2a: Barraskewda|Barraskewda, F|4/100
|turn|59
|c| A Green Yes|didn't matter
|c| A Green Yes|gg
|
|t:|1604153164
|move|p2a: Barraskewda|Liquidation|p1a: Mandibuzz
|-damage|p1a: Mandibuzz|47/100
|move|p1a: Mandibuzz|U-turn|p2a: Barraskewda
|-damage|p2a: Barraskewda|0 fnt
|faint|p2a: Barraskewda
|
|win|calyforniarex
|l|☆calyforniarex
|l| Supersam10001
|l| Mega Zygarde-100%
|l| Holy moly crabby
|l|☆X-Wing Fighter
|j| gollopingkebab
|j| Mega Zygarde-100%
|l| Mega Zygarde-100%
|l| fal19
|l| abejas
|l| palomares.j
|j| Sparkesque
