|j|☆Rorschach I
|j|☆Lord of SWSH
|player|p1|Rorschach I|cynthia|1861
|player|p2|Lord of SWSH|102|1817
|teamsize|p1|6
|teamsize|p2|6
|gametype|singles
|gen|8
|tier|[Gen 8] OU
|rated|
|clearpoke
|poke|p1|Terrakion|
|poke|p1|Aegislash, M|
|poke|p1|Crawdaunt, F|
|poke|p1|Zeraora|
|poke|p1|Kyurem|
|poke|p1|Togekiss, M|
|poke|p2|Clefable, F|
|poke|p2|Excadrill, F|
|poke|p2|Dragapult, F|
|poke|p2|Hydreigon, F|
|poke|p2|Toxapex, F|
|poke|p2|Hippowdon, M|
|rule|Sleep Clause Mod: Limit one foe put to sleep
|rule|Species Clause: Limit one of each Pokémon
|rule|OHKO Clause: OHKO moves are banned
|rule|Evasion Moves Clause: Evasion moves are banned
|rule|Endless Battle Clause: Forcing endless battles is banned
|rule|HP Percentage Mod: HP is shown in percentages
|rule|Dynamax Clause: You cannot dynamax
|teampreview
|
|start
|switch|p1a: Terrakion|Terrakion|100/100
|switch|p2a: Dragapult|Dragapult, F|100/100
|turn|1
|
|move|p2a: Dragapult|Shadow Ball|p1a: Terrakion
|-crit|p1a: Terrakion
|-damage|p1a: Terrakion|15/100
|move|p1a: Terrakion|Stealth Rock|p2a: Dragapult
|-sidestart|p2: Lord of SWSH|move: Stealth Rock
|
|upkeep
|turn|2
|inactive|Battle timer is ON: inactive players will automatically lose when time's up. (requested by Lord of SWSH)
|
|move|p2a: Dragapult|Shadow Ball|p1a: Terrakion
|-damage|p1a: Terrakion|0 fnt
|faint|p1a: Terrakion
|
|upkeep
|
|switch|p1a: Crawdaunt|Crawdaunt, F|100/100
|turn|3
|
|switch|p2a: Hydreigon|Hydreigon, F|100/100
|-damage|p2a: Hydreigon|88/100|[from] Stealth Rock
|move|p1a: Crawdaunt|Knock Off|p2a: Hydreigon
|-resisted|p2a: Hydreigon
|-damage|p2a: Hydreigon|38/100
|-enditem|p2a: Hydreigon|Life Orb|[from] move: Knock Off|[of] p1a: Crawdaunt
|-damage|p1a: Crawdaunt|91/100|[from] item: Life Orb
|
|upkeep
|turn|4
|
|switch|p1a: Togekiss|Togekiss, M|100/100
|move|p2a: Hydreigon|Draco Meteor|p1a: Togekiss
|-immune|p1a: Togekiss
|
|upkeep
|turn|5
|
|switch|p2a: Dragapult|Dragapult, F|100/100
|-damage|p2a: Dragapult|88/100|[from] Stealth Rock
|move|p1a: Togekiss|Air Slash|p2a: Dragapult
|-damage|p2a: Dragapult|40/100
|
|upkeep
|turn|6
|
|move|p1a: Togekiss|Air Slash|p2a: Dragapult
|-damage|p2a: Dragapult|0 fnt
|faint|p2a: Dragapult
|
|upkeep
|
|switch|p2a: Toxapex|Toxapex, F|100/100
|-damage|p2a: Toxapex|88/100|[from] Stealth Rock
|turn|7
|
|move|p1a: Togekiss|Air Slash|p2a: Toxapex
|-damage|p2a: Toxapex|58/100
|move|p2a: Toxapex|Toxic Spikes|p1a: Togekiss
|-sidestart|p1: Rorschach I|move: Toxic Spikes
|
|-heal|p2a: Toxapex|64/100|[from] item: Black Sludge
|upkeep
|turn|8
|
|switch|p2a: Clefable|Clefable, F|100/100
|move|p1a: Togekiss|Air Slash|p2a: Clefable
|-damage|p2a: Clefable|77/100
|
|-heal|p2a: Clefable|83/100|[from] item: Leftovers
|upkeep
|turn|9
|
|move|p1a: Togekiss|Air Slash|p2a: Clefable|[miss]
|-miss|p1a: Togekiss|p2a: Clefable
|move|p2a: Clefable|Wish|p2a: Clefable
|
|-heal|p2a: Clefable|90/100|[from] item: Leftovers
|upkeep
|turn|10
|
|move|p1a: Togekiss|Air Slash|p2a: Clefable
|-damage|p2a: Clefable|63/100
|cant|p2a: Clefable|flinch
|
|-heal|p2a: Clefable|100/100|[from] move: Wish|[wisher] Clefable
|upkeep
|turn|11
|inactive|Rorschach I has 120 seconds left.
|j| AlcachofaFeede
|
|move|p1a: Togekiss|Air Slash|p2a: Clefable
|-damage|p2a: Clefable|77/100
|cant|p2a: Clefable|flinch
|
|-heal|p2a: Clefable|83/100|[from] item: Leftovers
|upkeep
|turn|12
|inactive|Rorschach I has 120 seconds left.
|
|switch|p1a: Aegislash|Aegislash, M|100/100
|-item|p1a: Aegislash|Air Balloon
|move|p2a: Clefable|Wish|p2a: Clefable
|
|-heal|p2a: Clefable|89/100|[from] item: Leftovers
|upkeep
|turn|13
|
|switch|p2a: Toxapex|Toxapex, F|98/100
|-damage|p2a: Toxapex|85/100|[from] Stealth Rock
|-formechange|p1a: Aegislash|Aegislash-Blade||[from] ability: Stance Change
|move|p1a: Aegislash|Iron Head|p2a: Toxapex
|-resisted|p2a: Toxapex
|-crit|p2a: Toxapex
|-damage|p2a: Toxapex|62/100
|
|-heal|p2a: Toxapex|100/100|[from] move: Wish|[wisher] Clefable
|upkeep
|turn|14
|inactive|Rorschach I has 120 seconds left.
|
|switch|p1a: Kyurem|Kyurem|100/100
|-status|p1a: Kyurem|psn
|-ability|p1a: Kyurem|Pressure
|move|p2a: Toxapex|Scald|p1a: Kyurem
|-resisted|p1a: Kyurem
|-damage|p1a: Kyurem|93/100 psn
|
|-damage|p1a: Kyurem|81/100 psn|[from] psn
|upkeep
|turn|15
|
|switch|p2a: Clefable|Clefable, F|89/100
|move|p1a: Kyurem|Freeze-Dry|p2a: Clefable
|-damage|p2a: Clefable|53/100
|
|-heal|p2a: Clefable|59/100|[from] item: Leftovers
|-damage|p1a: Kyurem|68/100 psn|[from] psn
|upkeep
|turn|16
|
|move|p1a: Kyurem|Freeze-Dry|p2a: Clefable
|-crit|p2a: Clefable
|-damage|p2a: Clefable|1/100
|move|p2a: Clefable|Wish|p2a: Clefable
|
|-heal|p2a: Clefable|7/100|[from] item: Leftovers
|-damage|p1a: Kyurem|56/100 psn|[from] psn
|upkeep
|turn|17
|j| not saas
|
|switch|p1a: Crawdaunt|Crawdaunt, F|91/100
|-status|p1a: Crawdaunt|psn
|move|p2a: Clefable|Protect||[still]
|-fail|p2a: Clefable
|
|-heal|p2a: Clefable|57/100|[from] move: Wish|[wisher] Clefable
|-heal|p2a: Clefable|63/100|[from] item: Leftovers
|-damage|p1a: Crawdaunt|78/100 psn|[from] psn
|upkeep
|turn|18
|
|move|p1a: Crawdaunt|Crabhammer|p2a: Clefable|[miss]
|-miss|p1a: Crawdaunt|p2a: Clefable
|move|p2a: Clefable|Moonblast|p1a: Crawdaunt
|-supereffective|p1a: Crawdaunt
|-damage|p1a: Crawdaunt|0 fnt
|faint|p1a: Crawdaunt
|
|-heal|p2a: Clefable|69/100|[from] item: Leftovers
|upkeep
|c|☆Lord of SWSH|sucks
|inactive|Rorschach I has 120 seconds left.
|j| jirt
|c| jirt|lol that was bad
|c| AlcachofaFeede|lol
|inactive|Rorschach I has 90 seconds left.
|
|switch|p1a: Togekiss|Togekiss, M|100/100
|turn|19
|
|move|p2a: Clefable|Protect|p2a: Clefable
|-singleturn|p2a: Clefable|Protect
|move|p1a: Togekiss|Trick|p2a: Clefable
|-activate|p2a: Clefable|move: Protect
|
|-heal|p2a: Clefable|75/100|[from] item: Leftovers
|upkeep
|turn|20
|inactive|Rorschach I has 90 seconds left.
|
|switch|p2a: Hydreigon|Hydreigon, F|38/100
|-damage|p2a: Hydreigon|25/100|[from] Stealth Rock
|move|p1a: Togekiss|Trick|p2a: Hydreigon
|-activate|p1a: Togekiss|move: Trick|[of] p2a: Hydreigon
|-item|p2a: Hydreigon|Choice Scarf|[from] move: Trick
|-enditem|p1a: Togekiss|Choice Scarf|[silent]|[from] move: Trick
|
|upkeep
|turn|21
|inactive|Rorschach I has 90 seconds left.
|
|switch|p2a: Excadrill|Excadrill, F|100/100
|-damage|p2a: Excadrill|97/100|[from] Stealth Rock
|move|p1a: Togekiss|Air Slash|p2a: Excadrill
|-resisted|p2a: Excadrill
|-damage|p2a: Excadrill|71/100
|
|-heal|p2a: Excadrill|77/100|[from] item: Leftovers
|upkeep
|turn|22
|inactive|Rorschach I has 90 seconds left.
|
|switch|p2a: Hippowdon|Hippowdon, M|100/100
|-damage|p2a: Hippowdon|94/100|[from] Stealth Rock
|-weather|Sandstorm|[from] ability: Sand Stream|[of] p2a: Hippowdon
|switch|p1a: Zeraora|Zeraora|100/100
|-status|p1a: Zeraora|psn
|
|-weather|Sandstorm|[upkeep]
|-damage|p1a: Zeraora|95/100 psn|[from] Sandstorm
|-damage|p1a: Zeraora|82/100 psn|[from] psn
|upkeep
|turn|23
|inactive|Rorschach I has 90 seconds left.
|
|switch|p1a: Togekiss|Togekiss, M|100/100
|move|p2a: Hippowdon|Stealth Rock|p1a: Togekiss
|-sidestart|p1: Rorschach I|move: Stealth Rock
|
|-weather|Sandstorm|[upkeep]
|-damage|p1a: Togekiss|94/100|[from] Sandstorm
|upkeep
|turn|24
|inactive|Rorschach I has 90 seconds left.
|
|switch|p2a: Hydreigon|Hydreigon, F|25/100
|-damage|p2a: Hydreigon|13/100|[from] Stealth Rock
|move|p1a: Togekiss|Flamethrower|p2a: Hydreigon
|-resisted|p2a: Hydreigon
|-damage|p2a: Hydreigon|0 fnt
|faint|p2a: Hydreigon
|
|-weather|Sandstorm|[upkeep]
|-damage|p1a: Togekiss|88/100|[from] Sandstorm
|upkeep
|j| 75 sb
|
|switch|p2a: Excadrill|Excadrill, F|77/100
|-damage|p2a: Excadrill|74/100|[from] Stealth Rock
|turn|25
|j| doomcent
|
|switch|p1a: Zeraora|Zeraora|82/100 psn
|-damage|p1a: Zeraora|70/100 psn|[from] Stealth Rock
|move|p2a: Excadrill|Iron Head|p1a: Zeraora
|-resisted|p1a: Zeraora
|-damage|p1a: Zeraora|42/100 psn
|
|-weather|Sandstorm|[upkeep]
|-damage|p1a: Zeraora|36/100 psn|[from] Sandstorm
|-heal|p2a: Excadrill|80/100|[from] item: Leftovers
|-damage|p1a: Zeraora|24/100 psn|[from] psn
|upkeep
|turn|26
|j| ALICANTINO
|
|move|p2a: Excadrill|Iron Head|p1a: Zeraora
|-resisted|p1a: Zeraora
|-damage|p1a: Zeraora|0 fnt
|faint|p1a: Zeraora
|
|-weather|none
|-heal|p2a: Excadrill|86/100|[from] item: Leftovers
|upkeep
|inactive|Rorschach I has 90 seconds left.
|
|switch|p1a: Kyurem|Kyurem|56/100 psn
|-damage|p1a: Kyurem|31/100 psn|[from] Stealth Rock
|-ability|p1a: Kyurem|Pressure
|turn|27
|inactive|Rorschach I has 90 seconds left.
|
|switch|p2a: Clefable|Clefable, F|75/100
|move|p1a: Kyurem|Freeze-Dry|p2a: Clefable
|-damage|p2a: Clefable|39/100
|-status|p2a: Clefable|frz
|
|-heal|p2a: Clefable|45/100 frz|[from] item: Leftovers
|-damage|p1a: Kyurem|19/100 psn|[from] psn
|upkeep
|turn|28
|c| AlcachofaFeede|lol
|
|cant|p2a: Clefable|frz
|move|p1a: Kyurem|Freeze-Dry|p2a: Clefable
|-damage|p2a: Clefable|6/100 frz
|
|-heal|p2a: Clefable|12/100 frz|[from] item: Leftovers
|-damage|p1a: Kyurem|7/100 psn|[from] psn
|upkeep
|turn|29
|
|cant|p2a: Clefable|frz
|move|p1a: Kyurem|Freeze-Dry|p2a: Clefable
|-damage|p2a: Clefable|0 fnt
|faint|p2a: Clefable
|
|-damage|p1a: Kyurem|0 fnt|[from] psn
|faint|p1a: Kyurem
|upkeep
|c| jirt|to late maybe
|c| jirt|too
|
|switch|p1a: Togekiss|Togekiss, M|88/100
|switch|p2a: Toxapex|Toxapex, F|100/100
|-damage|p1a: Togekiss|64/100|[from] Stealth Rock
|-damage|p2a: Toxapex|88/100|[from] Stealth Rock
|turn|30
|
|switch|p2a: Hippowdon|Hippowdon, M|94/100
|-damage|p2a: Hippowdon|88/100|[from] Stealth Rock
|-weather|Sandstorm|[from] ability: Sand Stream|[of] p2a: Hippowdon
|move|p1a: Togekiss|Air Slash|p2a: Hippowdon
|-damage|p2a: Hippowdon|49/100
|
|-weather|Sandstorm|[upkeep]
|-damage|p1a: Togekiss|57/100|[from] Sandstorm
|upkeep
|turn|31
|inactive|Rorschach I has 120 seconds left.
|j| Z the Ultimate
|inactive|Rorschach I has 90 seconds left.
|l| jirt
|
|move|p1a: Togekiss|Flamethrower|p2a: Hippowdon
|-damage|p2a: Hippowdon|14/100
|-status|p2a: Hippowdon|brn
|move|p2a: Hippowdon|Whirlwind|p1a: Togekiss
|drag|p1a: Aegislash|Aegislash, M|100/100
|-damage|p1a: Aegislash|94/100|[from] Stealth Rock
|-item|p1a: Aegislash|Air Balloon
|
|-weather|Sandstorm|[upkeep]
|-damage|p2a: Hippowdon|8/100 brn|[from] brn
|upkeep
|turn|32
|
|move|p1a: Aegislash|Swords Dance|p1a: Aegislash
|-boost|p1a: Aegislash|atk|2
|move|p2a: Hippowdon|Whirlwind|p1a: Aegislash
|drag|p1a: Togekiss|Togekiss, M|57/100
|-damage|p1a: Togekiss|33/100|[from] Stealth Rock
|
|-weather|Sandstorm|[upkeep]
|-damage|p1a: Togekiss|27/100|[from] Sandstorm
|-damage|p2a: Hippowdon|2/100 brn|[from] brn
|upkeep
|turn|33
|inactive|Rorschach I has 60 seconds left.
|
|move|p1a: Togekiss|Air Slash|p2a: Hippowdon
|-damage|p2a: Hippowdon|0 fnt
|faint|p2a: Hippowdon
|
|-weather|Sandstorm|[upkeep]
|-damage|p1a: Togekiss|20/100|[from] Sandstorm
|upkeep
|
|switch|p2a: Excadrill|Excadrill, F|86/100
|-damage|p2a: Excadrill|83/100|[from] Stealth Rock
|turn|34
|
|move|p2a: Excadrill|Iron Head|p1a: Togekiss
|-supereffective|p1a: Togekiss
|-damage|p1a: Togekiss|0 fnt
|faint|p1a: Togekiss
|
|-weather|none
|-heal|p2a: Excadrill|89/100|[from] item: Leftovers
|upkeep
|
|switch|p1a: Aegislash|Aegislash, M|94/100
|-damage|p1a: Aegislash|88/100|[from] Stealth Rock
|-item|p1a: Aegislash|Air Balloon
|turn|35
|
|move|p2a: Excadrill|Iron Head|p1a: Aegislash
|-resisted|p1a: Aegislash
|-damage|p1a: Aegislash|66/100
|-enditem|p1a: Aegislash|Air Balloon
|move|p1a: Aegislash|Swords Dance|p1a: Aegislash
|-boost|p1a: Aegislash|atk|2
|
|-heal|p2a: Excadrill|95/100|[from] item: Leftovers
|upkeep
|turn|36
|
|-formechange|p1a: Aegislash|Aegislash-Blade||[from] ability: Stance Change
|move|p1a: Aegislash|Shadow Sneak|p2a: Excadrill
|-damage|p2a: Excadrill|24/100
|move|p2a: Excadrill|Earthquake|p1a: Aegislash
|-supereffective|p1a: Aegislash
|-damage|p1a: Aegislash|0 fnt
|faint|p1a: Aegislash
|
|win|Lord of SWSH
|l|☆Rorschach I
|l| AlcachofaFeede
|raw|Rorschach I's rating: 1836 &rarr; <strong>1817</strong><br />(-19 for losing)
|raw|Lord of SWSH's rating: 1851 &rarr; <strong>1870</strong><br />(+19 for winning)
|l|☆Lord of SWSH
|l| 75 sb
