|j|☆LolzMachine
|j|☆dogsitter
|t:|1610291359
|player|p1|LolzMachine|294|1814
|player|p2|dogsitter|266|1676
|teamsize|p1|6
|teamsize|p2|6
|gametype|singles
|gen|8
|tier|[Gen 8] OU
|rated|
|clearpoke
|poke|p1|Aggron, M|
|poke|p1|Araquanid, F|
|poke|p1|Garchomp, F|
|poke|p1|Zapdos-Galar|
|poke|p1|Obstagoon, F|
|poke|p1|Regieleki|
|poke|p2|Rotom-Wash|
|poke|p2|Clefable, M|
|poke|p2|Heatran, F|
|poke|p2|Rillaboom, F|
|poke|p2|Mandibuzz, F|
|poke|p2|Landorus-Therian, M|
|rule|Sleep Clause Mod: Limit one foe put to sleep
|rule|Species Clause: Limit one of each Pokémon
|rule|OHKO Clause: OHKO moves are banned
|rule|Evasion Moves Clause: Evasion moves are banned
|rule|Endless Battle Clause: Forcing endless battles is banned
|rule|HP Percentage Mod: HP is shown in percentages
|rule|Dynamax Clause: You cannot dynamax
|teampreview
|j| 0zorcNecropHADES
|c| 0zorcNecropHADES|aggron
|
|t:|1610291393
|start
|switch|p1a: Garchomp|Garchomp, F|100/100
|switch|p2a: Rotom|Rotom-Wash|100/100
|turn|1
|
|t:|1610291399
|switch|p1a: Obstagoon|Obstagoon, F|100/100
|move|p2a: Rotom|Trick|p1a: Obstagoon
|-activate|p2a: Rotom|move: Trick|[of] p1a: Obstagoon
|-item|p1a: Obstagoon|Choice Scarf|[from] move: Trick
|-item|p2a: Rotom|Flame Orb|[from] move: Trick
|
|-status|p2a: Rotom|brn|[from] item: Flame Orb
|upkeep
|turn|2
|
|t:|1610291407
|move|p1a: Obstagoon|Knock Off|p2a: Rotom
|-damage|p2a: Rotom|44/100 brn
|-enditem|p2a: Rotom|Flame Orb|[from] move: Knock Off|[of] p1a: Obstagoon
|move|p2a: Rotom|Volt Switch|p1a: Obstagoon
|-damage|p1a: Obstagoon|64/100
|j| allo-oui-bijour
|
|t:|1610291418
|switch|p2a: Landorus|Landorus-Therian, M|100/100|[from]move: Volt Switch
|-ability|p2a: Landorus|Intimidate|boost
|-unboost|p1a: Obstagoon|atk|1
|
|upkeep
|turn|3
|
|t:|1610291421
|move|p1a: Obstagoon|Knock Off|p2a: Landorus
|-crit|p2a: Landorus
|-damage|p2a: Landorus|28/100
|-enditem|p2a: Landorus|Choice Scarf|[from] move: Knock Off|[of] p1a: Obstagoon
|move|p2a: Landorus|U-turn|p1a: Obstagoon
|-supereffective|p1a: Obstagoon
|-damage|p1a: Obstagoon|8/100
|
|t:|1610291428
|switch|p2a: Rillaboom|Rillaboom, F|100/100|[from]move: U-turn
|-fieldstart|move: Grassy Terrain|[from] ability: Grassy Surge|[of] p2a: Rillaboom
|
|-heal|p1a: Obstagoon|14/100|[from] Grassy Terrain
|upkeep
|turn|4
|
|t:|1610291432
|move|p2a: Rillaboom|Grassy Glide|p1a: Obstagoon
|-damage|p1a: Obstagoon|0 fnt
|faint|p1a: Obstagoon
|
|upkeep
|
|t:|1610291433
|switch|p1a: Zapdos|Zapdos-Galar|100/100
|turn|5
|
|t:|1610291439
|switch|p2a: Clefable|Clefable, M|100/100
|move|p1a: Zapdos|Bulk Up|p1a: Zapdos
|-boost|p1a: Zapdos|atk|1
|-boost|p1a: Zapdos|def|1
|
|upkeep
|turn|6
|
|t:|1610291442
|move|p1a: Zapdos|Brave Bird|p2a: Clefable
|-damage|p2a: Clefable|34/100
|-damage|p1a: Zapdos|74/100|[from] Recoil
|move|p2a: Clefable|Moonblast|p1a: Zapdos
|-supereffective|p1a: Zapdos
|-damage|p1a: Zapdos|3/100
|
|-heal|p1a: Zapdos|9/100|[from] item: Leftovers
|-heal|p2a: Clefable|40/100|[from] Grassy Terrain
|-heal|p2a: Clefable|46/100|[from] item: Leftovers
|upkeep
|turn|7
|
|t:|1610291448
|switch|p2a: Rotom|Rotom-Wash|44/100 brn
|move|p1a: Zapdos|Brave Bird|p2a: Rotom
|-resisted|p2a: Rotom
|-damage|p2a: Rotom|0 fnt
|-damage|p1a: Zapdos|0 fnt|[from] Recoil
|faint|p2a: Rotom
|faint|p1a: Zapdos
|
|-fieldend|move: Grassy Terrain
|upkeep
|
|t:|1610291455
|switch|p1a: Garchomp|Garchomp, F|100/100
|switch|p2a: Clefable|Clefable, M|46/100
|turn|8
|
|t:|1610291457
|move|p1a: Garchomp|Earthquake|p2a: Clefable
|-damage|p2a: Clefable|14/100
|move|p2a: Clefable|Soft-Boiled|p2a: Clefable
|-heal|p2a: Clefable|64/100
|
|-heal|p2a: Clefable|70/100|[from] item: Leftovers
|upkeep
|turn|9
|
|t:|1610291463
|switch|p1a: Aggron|Aggron, M|100/100
|switch|p2a: Mandibuzz|Mandibuzz, F|100/100
|
|upkeep
|turn|10
|
|t:|1610291465
|move|p1a: Aggron|Head Smash|p2a: Mandibuzz
|-supereffective|p2a: Mandibuzz
|-damage|p2a: Mandibuzz|0 fnt
|faint|p2a: Mandibuzz
|
|upkeep
|
|t:|1610291470
|switch|p2a: Landorus|Landorus-Therian, M|28/100
|-ability|p2a: Landorus|Intimidate|boost
|-unboost|p1a: Aggron|atk|1
|turn|11
|
|t:|1610291472
|switch|p1a: Garchomp|Garchomp, F|100/100
|move|p2a: Landorus|Earthquake|p1a: Garchomp
|-damage|p1a: Garchomp|52/100
|
|upkeep
|turn|12
|
|t:|1610291476
|move|p1a: Garchomp|Stealth Rock|p2a: Landorus
|-sidestart|p2: dogsitter|move: Stealth Rock
|move|p2a: Landorus|Earthquake|p1a: Garchomp
|-damage|p1a: Garchomp|3/100
|
|upkeep
|turn|13
|
|t:|1610291480
|switch|p2a: Rillaboom|Rillaboom, F|100/100
|-damage|p2a: Rillaboom|88/100|[from] Stealth Rock
|-fieldstart|move: Grassy Terrain|[from] ability: Grassy Surge|[of] p2a: Rillaboom
|move|p1a: Garchomp|Fire Blast|p2a: Rillaboom|[miss]
|-miss|p1a: Garchomp|p2a: Rillaboom
|
|-heal|p1a: Garchomp|9/100|[from] Grassy Terrain
|-heal|p2a: Rillaboom|94/100|[from] Grassy Terrain
|upkeep
|turn|14
|
|t:|1610291485
|move|p2a: Rillaboom|Grassy Glide|p1a: Garchomp
|-damage|p1a: Garchomp|0 fnt
|-damage|p2a: Rillaboom|82/100|[from] ability: Rough Skin|[of] p1a: Garchomp
|-damage|p2a: Rillaboom|66/100|[from] item: Rocky Helmet|[of] p1a: Garchomp
|faint|p1a: Garchomp
|
|-heal|p2a: Rillaboom|72/100|[from] Grassy Terrain
|upkeep
|c| 0zorcNecropHADES|sry
|j| BritiSh MisTy
|
|t:|1610291538
|switch|p1a: Araquanid|Araquanid, F|100/100
|turn|15
|
|t:|1610291547
|switch|p2a: Heatran|Heatran, F|100/100
|-damage|p2a: Heatran|88/100|[from] Stealth Rock
|move|p1a: Araquanid|Leech Life|p2a: Heatran
|-resisted|p2a: Heatran
|-damage|p2a: Heatran|82/100
|
|-heal|p2a: Heatran|88/100|[from] Grassy Terrain
|-heal|p2a: Heatran|95/100|[from] item: Leftovers
|upkeep
|turn|16
|
|t:|1610291551
|move|p2a: Heatran|Toxic|p1a: Araquanid
|-status|p1a: Araquanid|tox
|move|p1a: Araquanid|Liquidation|p2a: Heatran
|-supereffective|p2a: Heatran
|-damage|p2a: Heatran|0 fnt
|faint|p2a: Heatran
|
|-damage|p1a: Araquanid|94/100 tox|[from] psn
|upkeep
|
|t:|1610291554
|switch|p2a: Clefable|Clefable, M|70/100
|turn|17
|
|t:|1610291558
|switch|p1a: Aggron|Aggron, M|100/100
|move|p2a: Clefable|Soft-Boiled|p2a: Clefable
|-heal|p2a: Clefable|100/100
|
|-fieldend|move: Grassy Terrain
|upkeep
|turn|18
|
|t:|1610291565
|move|p1a: Aggron|Heavy Slam|p2a: Clefable
|-supereffective|p2a: Clefable
|-damage|p2a: Clefable|0 fnt
|faint|p2a: Clefable
|
|upkeep
|
|t:|1610291568
|switch|p2a: Landorus|Landorus-Therian, M|28/100
|-damage|p2a: Landorus|16/100|[from] Stealth Rock
|-ability|p2a: Landorus|Intimidate|boost
|-unboost|p1a: Aggron|atk|1
|turn|19
|
|t:|1610291570
|switch|p1a: Araquanid|Araquanid, F|94/100 tox
|move|p2a: Landorus|Earthquake|p1a: Araquanid
|-resisted|p1a: Araquanid
|-damage|p1a: Araquanid|58/100 tox
|
|-damage|p1a: Araquanid|52/100 tox|[from] psn
|upkeep
|turn|20
|
|t:|1610291574
|move|p2a: Landorus|Stone Edge|p1a: Araquanid|[miss]
|-miss|p2a: Landorus|p1a: Araquanid
|move|p1a: Araquanid|Leech Life|p2a: Landorus
|-resisted|p2a: Landorus
|-damage|p2a: Landorus|0 fnt
|-heal|p1a: Araquanid|60/100 tox|[from] drain|[of] p2a: Landorus
|faint|p2a: Landorus
|
|-damage|p1a: Araquanid|48/100 tox|[from] psn
|upkeep
|
|t:|1610291577
|switch|p2a: Rillaboom|Rillaboom, F|72/100
|-damage|p2a: Rillaboom|59/100|[from] Stealth Rock
|-fieldstart|move: Grassy Terrain|[from] ability: Grassy Surge|[of] p2a: Rillaboom
|turn|21
|
|t:|1610291579
|move|p2a: Rillaboom|Grassy Glide|p1a: Araquanid
|-damage|p1a: Araquanid|0 fnt
|faint|p1a: Araquanid
|
|-heal|p2a: Rillaboom|66/100|[from] Grassy Terrain
|upkeep
|
|t:|1610291581
|switch|p1a: Aggron|Aggron, M|100/100
|turn|22
|
|t:|1610291587
|move|p2a: Rillaboom|Grassy Glide|p1a: Aggron
|-damage|p1a: Aggron|54/100
|move|p1a: Aggron|Fire Punch|p2a: Rillaboom
|-supereffective|p2a: Rillaboom
|-damage|p2a: Rillaboom|0 fnt
|faint|p2a: Rillaboom
|
|win|LolzMachine
|l|☆dogsitter
|raw|LolzMachine's rating: 1804 &rarr; <strong>1817</strong><br />(+13 for winning)
|raw|dogsitter's rating: 1676 &rarr; <strong>1663</strong><br />(-13 for losing)
|l| allo-oui-bijour
