|html|<div class="broadcast-blue"><strong>[Gen 8] OU is currently suspecting Melmetal! For information on how to participate check out the <a href="https://www.smogon.com/forums/threads/np-ss-ou-suspect-process-round-12-monster-mash.3709234/">suspect thread</a>.</strong></div>
|j|☆minimax_ai
|j|☆ghecisbestvillain
|t:|1666164580
|gametype|singles
|player|p1|minimax_ai|lusamine-nihilego|1597
|player|p2|ghecisbestvillain|scientist-gen4|1780
|teamsize|p1|6
|teamsize|p2|6
|gen|8
|tier|[Gen 8] OU
|rated|
|rule|Sleep Clause Mod: Limit one foe put to sleep
|rule|Species Clause: Limit one of each Pokémon
|rule|OHKO Clause: OHKO moves are banned
|rule|Evasion Items Clause: Evasion items are banned
|rule|Evasion Moves Clause: Evasion moves are banned
|rule|Endless Battle Clause: Forcing endless battles is banned
|rule|HP Percentage Mod: HP is shown in percentages
|rule|Dynamax Clause: You cannot dynamax
|clearpoke
|poke|p1|Rotom-Wash|
|poke|p1|Weavile, M|
|poke|p1|Landorus-Therian, M|
|poke|p1|Heatran, M|
|poke|p1|Tangrowth, F|
|poke|p1|Melmetal|
|poke|p2|Chansey, F|
|poke|p2|Toxapex, M|
|poke|p2|Buzzwole|
|poke|p2|Heatran, M|
|poke|p2|Landorus-Therian, M|
|poke|p2|Slowking-Galar, M|
|teampreview
|c|☆minimax_ai|hf
|inactive|Battle timer is ON: inactive players will automatically lose when time's up. (requested by minimax_ai)
|
|t:|1666164590
|start
|switch|p1a: Heatran|Heatran, M|100/100
|switch|p2a: Naruto garbage|Landorus-Therian, M|100/100
|-item|p1a: Heatran|Air Balloon
|-ability|p2a: Naruto garbage|Intimidate|boost
|-unboost|p1a: Heatran|atk|1
|turn|1
|
|t:|1666164598
|move|p1a: Heatran|Magma Storm|p2a: Naruto garbage
|-damage|p2a: Naruto garbage|40/100
|-activate|p2a: Naruto garbage|move: Magma Storm|[of] p1a: Heatran
|move|p2a: Naruto garbage|Knock Off|p1a: Heatran
|-damage|p1a: Heatran|72/100
|-enditem|p1a: Heatran|Air Balloon
|
|-heal|p2a: Naruto garbage|46/100|[from] item: Leftovers
|-damage|p2a: Naruto garbage|33/100|[from] move: Magma Storm|[partiallytrapped]
|upkeep
|turn|2
|
|t:|1666164607
|move|p1a: Heatran|Magma Storm|p2a: Naruto garbage
|-damage|p2a: Naruto garbage|0 fnt
|faint|p2a: Naruto garbage
|
|upkeep
|
|t:|1666164611
|switch|p2a: Evangelion boring|Slowking-Galar, M|100/100
|turn|3
|
|t:|1666164614
|switch|p1a: Melmetal|Melmetal|100/100
|move|p2a: Evangelion boring|Mud Shot|p1a: Melmetal|[miss]
|-miss|p2a: Evangelion boring|p1a: Melmetal
|
|upkeep
|turn|4
|
|t:|1666164621
|switch|p2a: Evangelion trashy|Toxapex, M|100/100
|move|p1a: Melmetal|Double Iron Bash|p2a: Evangelion trashy
|-resisted|p2a: Evangelion trashy
|-damage|p2a: Evangelion trashy|88/100
|-damage|p1a: Melmetal|84/100|[from] item: Rocky Helmet|[of] p2a: Evangelion trashy
|-resisted|p2a: Evangelion trashy
|-damage|p2a: Evangelion trashy|76/100
|-damage|p1a: Melmetal|67/100|[from] item: Rocky Helmet|[of] p2a: Evangelion trashy
|-hitcount|p2a: Evangelion trashy|2
|
|upkeep
|turn|5
|
|t:|1666164635
|move|p1a: Melmetal|Double Iron Bash|p2a: Evangelion trashy
|-resisted|p2a: Evangelion trashy
|-damage|p2a: Evangelion trashy|65/100
|-damage|p1a: Melmetal|51/100|[from] item: Rocky Helmet|[of] p2a: Evangelion trashy
|-resisted|p2a: Evangelion trashy
|-damage|p2a: Evangelion trashy|53/100
|-damage|p1a: Melmetal|34/100|[from] item: Rocky Helmet|[of] p2a: Evangelion trashy
|-hitcount|p2a: Evangelion trashy|2
|cant|p2a: Evangelion trashy|flinch
|
|upkeep
|turn|6
|
|t:|1666164644
|move|p1a: Melmetal|Double Iron Bash|p2a: Evangelion trashy
|-resisted|p2a: Evangelion trashy
|-damage|p2a: Evangelion trashy|40/100
|-damage|p1a: Melmetal|18/100|[from] item: Rocky Helmet|[of] p2a: Evangelion trashy
|-resisted|p2a: Evangelion trashy
|-damage|p2a: Evangelion trashy|28/100
|-damage|p1a: Melmetal|1/100|[from] item: Rocky Helmet|[of] p2a: Evangelion trashy
|-hitcount|p2a: Evangelion trashy|2
|move|p2a: Evangelion trashy|Knock Off|p1a: Melmetal
|-damage|p1a: Melmetal|0 fnt
|-enditem|p1a: Melmetal|Assault Vest|[from] move: Knock Off|[of] p2a: Evangelion trashy
|faint|p1a: Melmetal
|
|upkeep
|
|t:|1666164644
|switch|p1a: Heatran|Heatran, M|72/100
|turn|7
|
|t:|1666164657
|switch|p2a: Evangelion boring|Slowking-Galar, M|100/100
|move|p1a: Heatran|Stealth Rock|p2a: Evangelion boring
|-sidestart|p2: ghecisbestvillain|move: Stealth Rock
|
|upkeep
|turn|8
|
|t:|1666164661
|move|p1a: Heatran|Magma Storm|p2a: Evangelion boring|[miss]
|-miss|p1a: Heatran|p2a: Evangelion boring
|move|p2a: Evangelion boring|Future Sight|p1a: Heatran
|-start|p2a: Evangelion boring|move: Future Sight
|
|upkeep
|turn|9
|
|t:|1666164666
|move|p1a: Heatran|Magma Storm|p2a: Evangelion boring
|-damage|p2a: Evangelion boring|80/100
|-activate|p2a: Evangelion boring|move: Magma Storm|[of] p1a: Heatran
|move|p2a: Evangelion boring|Mud Shot|p1a: Heatran
|-supereffective|p1a: Heatran
|-damage|p1a: Heatran|17/100
|-unboost|p1a: Heatran|spe|1
|
|-damage|p2a: Evangelion boring|67/100|[from] move: Magma Storm|[partiallytrapped]
|upkeep
|turn|10
|
|t:|1666164676
|move|p1a: Heatran|Earth Power|p2a: Evangelion boring
|-supereffective|p2a: Evangelion boring
|-damage|p2a: Evangelion boring|43/100
|move|p2a: Evangelion boring|Mud Shot|p1a: Heatran
|-supereffective|p1a: Heatran
|-damage|p1a: Heatran|0 fnt
|faint|p1a: Heatran
|
|-hint|Future Sight did not hit because the target is fainted.
|-end|p2a: Evangelion boring|Magma Storm|[partiallytrapped]|[silent]
|upkeep
|
|t:|1666164676
|switch|p1a: Weavile|Weavile, M|100/100
|-ability|p1a: Weavile|Pressure
|turn|11
|
|t:|1666164687
|switch|p2a: DB Super shoddy|Buzzwole|100/100
|move|p1a: Weavile|Triple Axel|p2a: DB Super shoddy
|-damage|p2a: DB Super shoddy|94/100
|-damage|p2a: DB Super shoddy|80/100
|-damage|p2a: DB Super shoddy|61/100
|-hitcount|p2a: DB Super shoddy|3
|
|upkeep
|turn|12
|
|t:|1666164696
|switch|p1a: Tangrowth|Tangrowth, F|100/100
|move|p2a: DB Super shoddy|Roost|p2a: DB Super shoddy
|-heal|p2a: DB Super shoddy|100/100
|-singleturn|p2a: DB Super shoddy|move: Roost
|
|upkeep
|turn|13
|
|t:|1666164703
|switch|p2a: HXH is overrated|Chansey, F|100/100
|-damage|p2a: HXH is overrated|88/100|[from] Stealth Rock
|move|p1a: Tangrowth|Sleep Powder|p2a: HXH is overrated
|-status|p2a: HXH is overrated|slp|[from] move: Sleep Powder
|
|upkeep
|turn|14
|
|t:|1666164710
|cant|p2a: HXH is overrated|slp
|move|p1a: Tangrowth|Sleep Powder|p2a: HXH is overrated
|-fail|p2a: HXH is overrated|slp
|
|upkeep
|turn|15
|
|t:|1666164715
|-curestatus|p2a: HXH is overrated|slp|[msg]
|move|p2a: HXH is overrated|Stealth Rock|p1a: Tangrowth
|-sidestart|p1: minimax_ai|move: Stealth Rock
|move|p1a: Tangrowth|Sleep Powder|p2a: HXH is overrated
|-status|p2a: HXH is overrated|slp|[from] move: Sleep Powder
|
|upkeep
|turn|16
|
|t:|1666164722
|cant|p2a: HXH is overrated|slp
|move|p1a: Tangrowth|Sleep Powder|p2a: HXH is overrated
|-fail|p2a: HXH is overrated|slp
|
|upkeep
|turn|17
|
|t:|1666164726
|cant|p2a: HXH is overrated|slp
|move|p1a: Tangrowth|Sleep Powder|p2a: HXH is overrated
|-fail|p2a: HXH is overrated|slp
|
|upkeep
|turn|18
|
|t:|1666164732
|cant|p2a: HXH is overrated|slp
|move|p1a: Tangrowth|Sleep Powder|p2a: HXH is overrated|[miss]
|-miss|p1a: Tangrowth|p2a: HXH is overrated
|
|upkeep
|turn|19
|
|t:|1666164737
|-curestatus|p2a: HXH is overrated|slp|[msg]
|move|p2a: HXH is overrated|Seismic Toss|p1a: Tangrowth
|-damage|p1a: Tangrowth|76/100
|-damage|p2a: HXH is overrated|71/100|[from] item: Rocky Helmet|[of] p1a: Tangrowth
|move|p1a: Tangrowth|Sleep Powder|p2a: HXH is overrated
|-status|p2a: HXH is overrated|slp|[from] move: Sleep Powder
|
|upkeep
|turn|20
|
|t:|1666164745
|cant|p2a: HXH is overrated|slp
|move|p1a: Tangrowth|Sleep Powder|p2a: HXH is overrated
|-fail|p2a: HXH is overrated|slp
|
|upkeep
|turn|21
|
|t:|1666164750
|-curestatus|p2a: HXH is overrated|slp|[msg]
|move|p2a: HXH is overrated|Soft-Boiled|p2a: HXH is overrated
|-heal|p2a: HXH is overrated|100/100
|move|p1a: Tangrowth|Sleep Powder|p2a: HXH is overrated
|-status|p2a: HXH is overrated|slp|[from] move: Sleep Powder
|
|upkeep
|turn|22
|
|t:|1666164758
|cant|p2a: HXH is overrated|slp
|move|p1a: Tangrowth|Sleep Powder|p2a: HXH is overrated
|-fail|p2a: HXH is overrated|slp
|
|upkeep
|turn|23
|
|t:|1666164763
|-curestatus|p2a: HXH is overrated|slp|[msg]
|move|p2a: HXH is overrated|Seismic Toss|p1a: Tangrowth
|-damage|p1a: Tangrowth|51/100
|-damage|p2a: HXH is overrated|84/100|[from] item: Rocky Helmet|[of] p1a: Tangrowth
|move|p1a: Tangrowth|Sleep Powder|p2a: HXH is overrated
|-status|p2a: HXH is overrated|slp|[from] move: Sleep Powder
|
|upkeep
|turn|24
|
|t:|1666164771
|switch|p1a: rotomwash|Rotom-Wash|100/100
|-damage|p1a: rotomwash|88/100|[from] Stealth Rock
|cant|p2a: HXH is overrated|slp
|
|-heal|p1a: rotomwash|94/100|[from] item: Leftovers
|upkeep
|turn|25
|
|t:|1666164779
|-curestatus|p2a: HXH is overrated|slp|[from] ability: Natural Cure
|switch|p2a: Evangelion boring|Slowking-Galar, M|76/100
|-damage|p2a: Evangelion boring|64/100|[from] Stealth Rock
|move|p1a: rotomwash|Nasty Plot|p1a: rotomwash
|-boost|p1a: rotomwash|spa|2
|
|-heal|p1a: rotomwash|100/100|[from] item: Leftovers
|upkeep
|turn|26
|
|t:|1666164788
|move|p1a: rotomwash|Nasty Plot|p1a: rotomwash
|-boost|p1a: rotomwash|spa|2
|move|p2a: Evangelion boring|Sludge Bomb|p1a: rotomwash
|-damage|p1a: rotomwash|67/100
|
|-heal|p1a: rotomwash|73/100|[from] item: Leftovers
|upkeep
|turn|27
|
|t:|1666164795
|move|p1a: rotomwash|Thunderbolt|p2a: Evangelion boring
|-damage|p2a: Evangelion boring|22/100
|move|p2a: Evangelion boring|Sludge Bomb|p1a: rotomwash
|-damage|p1a: rotomwash|38/100
|
|-heal|p1a: rotomwash|45/100|[from] item: Leftovers
|upkeep
|turn|28
|
|t:|1666164803
|switch|p2a: Evangelion trashy|Toxapex, M|61/100
|-damage|p2a: Evangelion trashy|49/100|[from] Stealth Rock
|move|p1a: rotomwash|Thunderbolt|p2a: Evangelion trashy
|-supereffective|p2a: Evangelion trashy
|-damage|p2a: Evangelion trashy|0 fnt
|faint|p2a: Evangelion trashy
|
|-heal|p1a: rotomwash|51/100|[from] item: Leftovers
|upkeep
|
|t:|1666164814
|switch|p2a: Evangelion boring|Slowking-Galar, M|55/100
|-damage|p2a: Evangelion boring|43/100|[from] Stealth Rock
|turn|29
|
|t:|1666164818
|move|p1a: rotomwash|Thunderbolt|p2a: Evangelion boring
|-damage|p2a: Evangelion boring|2/100
|move|p2a: Evangelion boring|Sludge Bomb|p1a: rotomwash
|-damage|p1a: rotomwash|18/100
|-status|p1a: rotomwash|psn
|
|-heal|p1a: rotomwash|24/100 psn|[from] item: Leftovers
|-damage|p1a: rotomwash|12/100 psn|[from] psn
|upkeep
|turn|30
|
|t:|1666164827
|switch|p2a: HXH is overrated|Chansey, F|84/100
|-damage|p2a: HXH is overrated|71/100|[from] Stealth Rock
|move|p1a: rotomwash|Thunderbolt|p2a: HXH is overrated
|-damage|p2a: HXH is overrated|43/100
|
|-heal|p1a: rotomwash|18/100 psn|[from] item: Leftovers
|-damage|p1a: rotomwash|5/100 psn|[from] psn
|upkeep
|turn|31
|
|t:|1666164837
|move|p1a: rotomwash|Pain Split|p2a: HXH is overrated
|-sethp|p2a: HXH is overrated|23/100|[from] move: Pain Split|[silent]
|-sethp|p1a: rotomwash|51/100 psn|[from] move: Pain Split
|move|p2a: HXH is overrated|Soft-Boiled|p2a: HXH is overrated
|-heal|p2a: HXH is overrated|73/100
|
|-heal|p1a: rotomwash|58/100 psn|[from] item: Leftovers
|-damage|p1a: rotomwash|45/100 psn|[from] psn
|upkeep
|turn|32
|
|t:|1666164845
|move|p1a: rotomwash|Pain Split|p2a: HXH is overrated
|-sethp|p2a: HXH is overrated|46/100|[from] move: Pain Split|[silent]
|-sethp|p1a: rotomwash|100/100 psn|[from] move: Pain Split
|move|p2a: HXH is overrated|Seismic Toss|p1a: rotomwash
|-damage|p1a: rotomwash|68/100 psn
|
|-heal|p1a: rotomwash|74/100 psn|[from] item: Leftovers
|-damage|p1a: rotomwash|61/100 psn|[from] psn
|upkeep
|turn|33
|
|t:|1666164854
|move|p1a: rotomwash|Pain Split|p2a: HXH is overrated
|-sethp|p2a: HXH is overrated|37/100|[from] move: Pain Split|[silent]
|-sethp|p1a: rotomwash|83/100 psn|[from] move: Pain Split
|move|p2a: HXH is overrated|Soft-Boiled|p2a: HXH is overrated
|-heal|p2a: HXH is overrated|87/100
|
|-heal|p1a: rotomwash|89/100 psn|[from] item: Leftovers
|-damage|p1a: rotomwash|77/100 psn|[from] psn
|upkeep
|turn|34
|
|t:|1666164863
|move|p1a: rotomwash|Thunderbolt|p2a: HXH is overrated
|-damage|p2a: HXH is overrated|58/100
|move|p2a: HXH is overrated|Seismic Toss|p1a: rotomwash
|-damage|p1a: rotomwash|44/100 psn
|
|-heal|p1a: rotomwash|50/100 psn|[from] item: Leftovers
|-damage|p1a: rotomwash|38/100 psn|[from] psn
|upkeep
|turn|35
|
|t:|1666164870
|move|p1a: rotomwash|Pain Split|p2a: HXH is overrated
|-sethp|p2a: HXH is overrated|37/100|[from] move: Pain Split|[silent]
|-sethp|p1a: rotomwash|84/100 psn|[from] move: Pain Split
|move|p2a: HXH is overrated|Soft-Boiled|p2a: HXH is overrated
|-heal|p2a: HXH is overrated|87/100
|
|-heal|p1a: rotomwash|90/100 psn|[from] item: Leftovers
|-damage|p1a: rotomwash|78/100 psn|[from] psn
|upkeep
|turn|36
|
|t:|1666164882
|move|p1a: rotomwash|Thunderbolt|p2a: HXH is overrated
|-damage|p2a: HXH is overrated|58/100
|move|p2a: HXH is overrated|Seismic Toss|p1a: rotomwash
|-damage|p1a: rotomwash|45/100 psn
|
|-heal|p1a: rotomwash|51/100 psn|[from] item: Leftovers
|-damage|p1a: rotomwash|39/100 psn|[from] psn
|upkeep
|turn|37
|
|t:|1666164890
|move|p1a: rotomwash|Pain Split|p2a: HXH is overrated
|-sethp|p2a: HXH is overrated|38/100|[from] move: Pain Split|[silent]
|-sethp|p1a: rotomwash|85/100 psn|[from] move: Pain Split
|move|p2a: HXH is overrated|Soft-Boiled|p2a: HXH is overrated
|-heal|p2a: HXH is overrated|88/100
|
|-heal|p1a: rotomwash|91/100 psn|[from] item: Leftovers
|-damage|p1a: rotomwash|79/100 psn|[from] psn
|upkeep
|turn|38
|
|t:|1666164899
|move|p1a: rotomwash|Thunderbolt|p2a: HXH is overrated
|-damage|p2a: HXH is overrated|60/100
|move|p2a: HXH is overrated|Seismic Toss|p1a: rotomwash
|-damage|p1a: rotomwash|46/100 psn
|
|-heal|p1a: rotomwash|52/100 psn|[from] item: Leftovers
|-damage|p1a: rotomwash|40/100 psn|[from] psn
|upkeep
|turn|39
|
|t:|1666164908
|move|p1a: rotomwash|Pain Split|p2a: HXH is overrated
|-sethp|p2a: HXH is overrated|39/100|[from] move: Pain Split|[silent]
|-sethp|p1a: rotomwash|88/100 psn|[from] move: Pain Split
|move|p2a: HXH is overrated|Soft-Boiled|p2a: HXH is overrated
|-heal|p2a: HXH is overrated|89/100
|
|-heal|p1a: rotomwash|94/100 psn|[from] item: Leftovers
|-damage|p1a: rotomwash|82/100 psn|[from] psn
|upkeep
|turn|40
|
|t:|1666164916
|move|p1a: rotomwash|Thunderbolt|p2a: HXH is overrated
|-damage|p2a: HXH is overrated|61/100
|move|p2a: HXH is overrated|Seismic Toss|p1a: rotomwash
|-damage|p1a: rotomwash|49/100 psn
|
|-heal|p1a: rotomwash|55/100 psn|[from] item: Leftovers
|-damage|p1a: rotomwash|43/100 psn|[from] psn
|upkeep
|turn|41
|
|t:|1666164924
|move|p1a: rotomwash|Pain Split|p2a: HXH is overrated
|-sethp|p2a: HXH is overrated|40/100|[from] move: Pain Split|[silent]
|-sethp|p1a: rotomwash|90/100 psn|[from] move: Pain Split
|move|p2a: HXH is overrated|Soft-Boiled|p2a: HXH is overrated
|-heal|p2a: HXH is overrated|90/100
|
|-heal|p1a: rotomwash|96/100 psn|[from] item: Leftovers
|-damage|p1a: rotomwash|84/100 psn|[from] psn
|upkeep
|turn|42
|
|t:|1666164934
|move|p1a: rotomwash|Thunderbolt|p2a: HXH is overrated
|-damage|p2a: HXH is overrated|59/100
|move|p2a: HXH is overrated|Seismic Toss|p1a: rotomwash
|-damage|p1a: rotomwash|51/100 psn
|
|-heal|p1a: rotomwash|57/100 psn|[from] item: Leftovers
|-damage|p1a: rotomwash|45/100 psn|[from] psn
|upkeep
|turn|43
|
|t:|1666164943
|move|p1a: rotomwash|Pain Split|p2a: HXH is overrated
|-sethp|p2a: HXH is overrated|39/100|[from] move: Pain Split|[silent]
|-sethp|p1a: rotomwash|89/100 psn|[from] move: Pain Split
|move|p2a: HXH is overrated|Seismic Toss|p1a: rotomwash
|-damage|p1a: rotomwash|56/100 psn
|
|-heal|p1a: rotomwash|62/100 psn|[from] item: Leftovers
|-damage|p1a: rotomwash|50/100 psn|[from] psn
|upkeep
|turn|44
|
|t:|1666164954
|move|p1a: rotomwash|Pain Split|p2a: HXH is overrated
|-sethp|p2a: HXH is overrated|31/100|[from] move: Pain Split|[silent]
|-sethp|p1a: rotomwash|69/100 psn|[from] move: Pain Split
|move|p2a: HXH is overrated|Soft-Boiled|p2a: HXH is overrated
|-heal|p2a: HXH is overrated|81/100
|
|-heal|p1a: rotomwash|75/100 psn|[from] item: Leftovers
|-damage|p1a: rotomwash|63/100 psn|[from] psn
|upkeep
|turn|45
|
|t:|1666164962
|switch|p2a: Evangelion boring|Slowking-Galar, M|35/100
|-damage|p2a: Evangelion boring|22/100|[from] Stealth Rock
|move|p1a: rotomwash|Pain Split|p2a: Evangelion boring
|-sethp|p2a: Evangelion boring|36/100|[from] move: Pain Split|[silent]
|-sethp|p1a: rotomwash|46/100 psn|[from] move: Pain Split
|
|-heal|p1a: rotomwash|52/100 psn|[from] item: Leftovers
|-damage|p1a: rotomwash|40/100 psn|[from] psn
|upkeep
|turn|46
|
|t:|1666164974
|switch|p2a: One Piece shitty|Heatran, M|100/100
|-damage|p2a: One Piece shitty|88/100|[from] Stealth Rock
|move|p1a: rotomwash|Thunderbolt|p2a: One Piece shitty
|-damage|p2a: One Piece shitty|18/100
|
|-heal|p1a: rotomwash|46/100 psn|[from] item: Leftovers
|-heal|p2a: One Piece shitty|24/100|[from] item: Leftovers
|-damage|p1a: rotomwash|33/100 psn|[from] psn
|upkeep
|turn|47
|
|t:|1666164984
|switch|p2a: Evangelion boring|Slowking-Galar, M|69/100
|-damage|p2a: Evangelion boring|56/100|[from] Stealth Rock
|move|p1a: rotomwash|Thunderbolt|p2a: Evangelion boring
|-damage|p2a: Evangelion boring|14/100
|
|-heal|p1a: rotomwash|40/100 psn|[from] item: Leftovers
|-damage|p1a: rotomwash|27/100 psn|[from] psn
|upkeep
|turn|48
|
|t:|1666164994
|switch|p2a: One Piece shitty|Heatran, M|24/100
|-damage|p2a: One Piece shitty|12/100|[from] Stealth Rock
|move|p1a: rotomwash|Thunderbolt|p2a: One Piece shitty
|-damage|p2a: One Piece shitty|0 fnt
|faint|p2a: One Piece shitty
|
|-heal|p1a: rotomwash|33/100 psn|[from] item: Leftovers
|-damage|p1a: rotomwash|21/100 psn|[from] psn
|upkeep
|
|t:|1666165006
|switch|p2a: HXH is overrated|Chansey, F|81/100
|-damage|p2a: HXH is overrated|68/100|[from] Stealth Rock
|turn|49
|
|t:|1666165010
|switch|p2a: Evangelion boring|Slowking-Galar, M|48/100
|-damage|p2a: Evangelion boring|35/100|[from] Stealth Rock
|move|p1a: rotomwash|Pain Split|p2a: Evangelion boring
|-sethp|p2a: Evangelion boring|26/100|[from] move: Pain Split|[silent]
|-sethp|p1a: rotomwash|33/100 psn|[from] move: Pain Split
|
|-heal|p1a: rotomwash|39/100 psn|[from] item: Leftovers
|-damage|p1a: rotomwash|27/100 psn|[from] psn
|upkeep
|turn|50
|
|t:|1666165020
|switch|p2a: HXH is overrated|Chansey, F|68/100
|-damage|p2a: HXH is overrated|56/100|[from] Stealth Rock
|move|p1a: rotomwash|Thunderbolt|p2a: HXH is overrated
|-crit|p2a: HXH is overrated
|-damage|p2a: HXH is overrated|14/100
|
|-heal|p1a: rotomwash|33/100 psn|[from] item: Leftovers
|-damage|p1a: rotomwash|21/100 psn|[from] psn
|upkeep
|turn|51
|
|t:|1666165032
|switch|p2a: Evangelion boring|Slowking-Galar, M|59/100
|-damage|p2a: Evangelion boring|47/100|[from] Stealth Rock
|move|p1a: rotomwash|Thunderbolt|p2a: Evangelion boring
|-damage|p2a: Evangelion boring|2/100
|
|-heal|p1a: rotomwash|27/100 psn|[from] item: Leftovers
|-damage|p1a: rotomwash|14/100 psn|[from] psn
|upkeep
|turn|52
|
|t:|1666165040
|switch|p2a: HXH is overrated|Chansey, F|14/100
|-damage|p2a: HXH is overrated|2/100|[from] Stealth Rock
|move|p1a: rotomwash|Thunderbolt|p2a: HXH is overrated
|-damage|p2a: HXH is overrated|0 fnt
|faint|p2a: HXH is overrated
|
|-heal|p1a: rotomwash|21/100 psn|[from] item: Leftovers
|-damage|p1a: rotomwash|8/100 psn|[from] psn
|upkeep
|
|t:|1666165057
|switch|p2a: Evangelion boring|Slowking-Galar, M|35/100
|-damage|p2a: Evangelion boring|22/100|[from] Stealth Rock
|turn|53
|
|t:|1666165064
|move|p1a: rotomwash|Thunderbolt|p2a: Evangelion boring
|-damage|p2a: Evangelion boring|0 fnt
|faint|p2a: Evangelion boring
|
|-heal|p1a: rotomwash|14/100 psn|[from] item: Leftovers
|-damage|p1a: rotomwash|2/100 psn|[from] psn
|upkeep
|
|t:|1666165070
|switch|p2a: DB Super shoddy|Buzzwole|100/100
|turn|54
|
|t:|1666165072
|move|p1a: rotomwash|Pain Split|p2a: DB Super shoddy
|-sethp|p2a: DB Super shoddy|51/100|[from] move: Pain Split|[silent]
|-sethp|p1a: rotomwash|70/100 psn|[from] move: Pain Split
|move|p2a: DB Super shoddy|Leech Life|p1a: rotomwash
|-damage|p1a: rotomwash|31/100 psn
|-heal|p2a: DB Super shoddy|65/100|[from] drain|[of] p1a: rotomwash
|
|-heal|p1a: rotomwash|37/100 psn|[from] item: Leftovers
|-damage|p1a: rotomwash|25/100 psn|[from] psn
|upkeep
|turn|55
|
|t:|1666165082
|move|p1a: rotomwash|Thunderbolt|p2a: DB Super shoddy
|-damage|p2a: DB Super shoddy|0 fnt
|faint|p2a: DB Super shoddy
|
|win|minimax_ai
|raw|minimax_ai's rating: 1597 &rarr; <strong>1627</strong><br />(+30 for winning)
|raw|ghecisbestvillain's rating: 1780 &rarr; <strong>1750</strong><br />(-30 for losing)
|c|☆minimax_ai|gg
