|raw|<div class="broadcast-blue"><strong>This battle is required to be public due to a player having a name starting with 'lt91bb'.</div>
|j|☆2(H2O)
|j|☆LT91BB Tun
|t:|1658981535
|gametype|singles
|player|p1|2(H2O)|chase|1518
|player|p2|LT91BB Tun|hiker-gen4|1580
|teamsize|p1|6
|teamsize|p2|6
|gen|8
|tier|[Gen 8] OU
|rated|
|rule|Sleep Clause Mod: Limit one foe put to sleep
|rule|Species Clause: Limit one of each Pokémon
|rule|OHKO Clause: OHKO moves are banned
|rule|Evasion Moves Clause: Evasion moves are banned
|rule|Endless Battle Clause: Forcing endless battles is banned
|rule|HP Percentage Mod: HP is shown in percentages
|rule|Dynamax Clause: You cannot dynamax
|clearpoke
|poke|p1|Weavile, M|
|poke|p1|Landorus-Therian, M|
|poke|p1|Tyranitar, M|
|poke|p1|Corviknight, M|
|poke|p1|Kartana|
|poke|p1|Slowbro, M|
|poke|p2|Weavile, M|
|poke|p2|Garchomp, F|
|poke|p2|Corviknight, F|
|poke|p2|Slowking-Galar, F|
|poke|p2|Urshifu-*, F|
|poke|p2|Melmetal|
|teampreview
|inactive|Battle timer is ON: inactive players will automatically lose when time's up. (requested by 2(H2O))
|
|t:|1658981551
|start
|switch|p1a: Slowbro|Slowbro, M|100/100
|switch|p2a: Urshifu|Urshifu-Rapid-Strike, F|100/100
|turn|1
|
|t:|1658981556
|move|p2a: Urshifu|U-turn|p1a: Slowbro
|-supereffective|p1a: Slowbro
|-damage|p1a: Slowbro|54/100
|
|t:|1658981558
|switch|p2a: Weavile|Weavile, M|100/100|[from]move: U-turn
|-ability|p2a: Weavile|Pressure
|move|p1a: Slowbro|Future Sight|p2a: Weavile
|-start|p1a: Slowbro|move: Future Sight
|
|upkeep
|turn|2
|
|t:|1658981563
|switch|p1a: Corviknight|Corviknight, M|100/100
|-ability|p1a: Corviknight|Pressure
|move|p2a: Weavile|Knock Off|p1a: Corviknight
|-damage|p1a: Corviknight|67/100
|-enditem|p1a: Corviknight|Heavy-Duty Boots|[from] move: Knock Off|[of] p2a: Weavile
|
|upkeep
|turn|3
|
|t:|1658981579
|switch|p2a: Corviknight|Corviknight, F|100/100
|-ability|p2a: Corviknight|Pressure
|move|p1a: Corviknight|Roost|p1a: Corviknight
|-heal|p1a: Corviknight|100/100
|-singleturn|p1a: Corviknight|move: Roost
|
|-end|p2a: Corviknight|move: Future Sight
|-resisted|p2a: Corviknight
|-damage|p2a: Corviknight|81/100
|upkeep
|turn|4
|
|t:|1658981585
|switch|p1a: Landorus|Landorus-Therian, M|100/100
|-ability|p1a: Landorus|Intimidate|boost
|-unboost|p2a: Corviknight|atk|1
|move|p2a: Corviknight|U-turn|p1a: Landorus
|-resisted|p1a: Landorus
|-damage|p1a: Landorus|96/100
|
|t:|1658981602
|switch|p2a: Weavile|Weavile, M|100/100|[from]move: U-turn
|-ability|p2a: Weavile|Pressure
|
|-heal|p1a: Landorus|100/100|[from] item: Leftovers
|upkeep
|turn|5
|inactive|2(H2O) has 120 seconds left.
|inactive|2(H2O) has 90 seconds left.
|
|t:|1658981664
|switch|p2a: Slowking|Slowking-Galar, F|100/100
|switch|p1a: Corviknight|Corviknight, M|100/100
|-ability|p1a: Corviknight|Pressure
|
|upkeep
|turn|6
|
|t:|1658981669
|move|p1a: Corviknight|U-turn|p2a: Slowking
|-damage|p2a: Slowking|85/100
|
|t:|1658981684
|switch|p1a: Landorus|Landorus-Therian, M|100/100|[from]move: U-turn
|-ability|p1a: Landorus|Intimidate|boost
|-unboost|p2a: Slowking|atk|1
|move|p2a: Slowking|Future Sight|p1a: Landorus
|-start|p2a: Slowking|move: Future Sight
|
|upkeep
|turn|7
|
|t:|1658981702
|move|p1a: Landorus|Stealth Rock|p2a: Slowking
|-sidestart|p2: LT91BB Tun|move: Stealth Rock
|move|p2a: Slowking|Scald|p1a: Landorus
|-supereffective|p1a: Landorus
|-damage|p1a: Landorus|61/100
|
|-heal|p1a: Landorus|67/100|[from] item: Leftovers
|upkeep
|turn|8
|inactive|2(H2O) has 90 seconds left.
|inactive|2(H2O) has 60 seconds left.
|
|t:|1658981772
|switch|p2a: Corviknight|Corviknight, F|81/100
|-damage|p2a: Corviknight|69/100|[from] Stealth Rock
|-ability|p2a: Corviknight|Pressure
|move|p1a: Landorus|U-turn|p2a: Corviknight
|-resisted|p2a: Corviknight
|-damage|p2a: Corviknight|65/100
|-damage|p1a: Landorus|50/100|[from] item: Rocky Helmet|[of] p2a: Corviknight
|
|t:|1658981777
|switch|p1a: Slowbro|Slowbro, M|87/100|[from]move: U-turn
|
|-end|p1a: Slowbro|move: Future Sight
|-resisted|p1a: Slowbro
|-damage|p1a: Slowbro|55/100
|upkeep
|turn|9
|
|t:|1658981783
|move|p2a: Corviknight|Defog|p1a: Slowbro
|-unboost|p1a: Slowbro|evasion|1
|-sideend|p2: LT91BB Tun|Stealth Rock|[from] move: Defog|[of] p2a: Corviknight
|move|p1a: Slowbro|Scald|p2a: Corviknight
|-damage|p2a: Corviknight|41/100
|
|upkeep
|turn|10
|
|t:|1658981790
|move|p2a: Corviknight|Roost|p2a: Corviknight
|-heal|p2a: Corviknight|91/100
|-singleturn|p2a: Corviknight|move: Roost
|move|p1a: Slowbro|Scald|p2a: Corviknight
|-damage|p2a: Corviknight|68/100
|-status|p2a: Corviknight|brn
|
|-damage|p2a: Corviknight|62/100 brn|[from] brn
|upkeep
|turn|11
|inactive|2(H2O) has 60 seconds left.
|
|t:|1658981823
|move|p2a: Corviknight|U-turn|p1a: Slowbro
|-supereffective|p1a: Slowbro
|-damage|p1a: Slowbro|47/100
|
|t:|1658981827
|switch|p2a: Slowking|Slowking-Galar, F|100/100|[from]move: U-turn
|move|p1a: Slowbro|Teleport|p1a: Slowbro
|
|t:|1658981852
|switch|p1a: Kartana|Kartana|100/100|[from]move: Teleport
|
|upkeep
|turn|12
|
|t:|1658981858
|switch|p2a: Corviknight|Corviknight, F|62/100 brn
|-ability|p2a: Corviknight|Pressure
|move|p1a: Kartana|Knock Off|p2a: Corviknight
|-damage|p2a: Corviknight|34/100 brn
|-damage|p1a: Kartana|84/100|[from] item: Rocky Helmet|[of] p2a: Corviknight
|-enditem|p2a: Corviknight|Rocky Helmet|[from] move: Knock Off|[of] p1a: Kartana
|
|-damage|p2a: Corviknight|28/100 brn|[from] brn
|upkeep
|turn|13
|
|t:|1658981863
|switch|p1a: Landorus|Landorus-Therian, M|50/100
|-ability|p1a: Landorus|Intimidate|boost
|-unboost|p2a: Corviknight|atk|1
|move|p2a: Corviknight|Roost|p2a: Corviknight
|-heal|p2a: Corviknight|78/100 brn
|-singleturn|p2a: Corviknight|move: Roost
|
|-heal|p1a: Landorus|56/100|[from] item: Leftovers
|-damage|p2a: Corviknight|72/100 brn|[from] brn
|upkeep
|turn|14
|
|t:|1658981877
|move|p1a: Landorus|Stealth Rock|p2a: Corviknight
|-sidestart|p2: LT91BB Tun|move: Stealth Rock
|move|p2a: Corviknight|Roost|p2a: Corviknight
|-heal|p2a: Corviknight|100/100 brn
|-singleturn|p2a: Corviknight|move: Roost
|
|-heal|p1a: Landorus|62/100|[from] item: Leftovers
|-damage|p2a: Corviknight|94/100 brn|[from] brn
|upkeep
|turn|15
|
|t:|1658981881
|switch|p1a: Slowbro|Slowbro, M|80/100
|move|p2a: Corviknight|Defog|p1a: Slowbro
|-unboost|p1a: Slowbro|evasion|1
|-sideend|p2: LT91BB Tun|Stealth Rock|[from] move: Defog|[of] p2a: Corviknight
|
|-damage|p2a: Corviknight|88/100 brn|[from] brn
|upkeep
|turn|16
|
|t:|1658981902
|move|p2a: Corviknight|U-turn|p1a: Slowbro
|-supereffective|p1a: Slowbro
|-damage|p1a: Slowbro|74/100
|
|t:|1658981905
|switch|p2a: Weavile|Weavile, M|100/100|[from]move: U-turn
|-ability|p2a: Weavile|Pressure
|move|p1a: Slowbro|Teleport|p1a: Slowbro
|inactive|2(H2O) has 60 seconds left.
|
|t:|1658981935
|switch|p1a: Corviknight|Corviknight, M|100/100|[from]move: Teleport
|-ability|p1a: Corviknight|Pressure
|
|upkeep
|turn|17
|
|t:|1658981948
|switch|p2a: Corviknight|Corviknight, F|88/100 brn
|-ability|p2a: Corviknight|Pressure
|move|p1a: Corviknight|U-turn|p2a: Corviknight
|-resisted|p2a: Corviknight
|-damage|p2a: Corviknight|86/100 brn
|
|t:|1658981955
|switch|p1a: Slowbro|Slowbro, M|100/100|[from]move: U-turn
|
|-damage|p2a: Corviknight|80/100 brn|[from] brn
|upkeep
|turn|18
|
|t:|1658981962
|move|p2a: Corviknight|U-turn|p1a: Slowbro
|-supereffective|p1a: Slowbro
|-damage|p1a: Slowbro|92/100
|
|t:|1658981964
|switch|p2a: Weavile|Weavile, M|100/100|[from]move: U-turn
|-ability|p2a: Weavile|Pressure
|move|p1a: Slowbro|Teleport|p1a: Slowbro
|
|t:|1658981976
|switch|p1a: Kartana|Kartana|84/100|[from]move: Teleport
|
|upkeep
|turn|19
|
|t:|1658981981
|switch|p1a: Corviknight|Corviknight, M|100/100
|-ability|p1a: Corviknight|Pressure
|switch|p2a: Corviknight|Corviknight, F|80/100 brn
|-ability|p2a: Corviknight|Pressure
|
|-damage|p2a: Corviknight|74/100 brn|[from] brn
|upkeep
|turn|20
|
|t:|1658981985
|move|p1a: Corviknight|U-turn|p2a: Corviknight
|-resisted|p2a: Corviknight
|-damage|p2a: Corviknight|72/100 brn
|
|t:|1658981987
|switch|p1a: Landorus|Landorus-Therian, M|62/100|[from]move: U-turn
|-ability|p1a: Landorus|Intimidate|boost
|-unboost|p2a: Corviknight|atk|1
|move|p2a: Corviknight|U-turn|p1a: Landorus
|-resisted|p1a: Landorus
|-damage|p1a: Landorus|60/100
|
|t:|1658981993
|switch|p2a: Weavile|Weavile, M|100/100|[from]move: U-turn
|-ability|p2a: Weavile|Pressure
|
|-heal|p1a: Landorus|66/100|[from] item: Leftovers
|upkeep
|turn|21
|
|t:|1658981996
|switch|p1a: Corviknight|Corviknight, M|100/100
|-ability|p1a: Corviknight|Pressure
|move|p2a: Weavile|Triple Axel|p1a: Corviknight
|-damage|p1a: Corviknight|94/100
|-damage|p1a: Corviknight|79/100
|-damage|p1a: Corviknight|60/100
|-hitcount|p1a: Corviknight|3
|
|upkeep
|turn|22
|
|t:|1658982002
|switch|p2a: Slowking|Slowking-Galar, F|100/100
|move|p1a: Corviknight|U-turn|p2a: Slowking
|-damage|p2a: Slowking|84/100
|
|t:|1658982004
|switch|p1a: Weavile|Weavile, M|100/100|[from]move: U-turn
|-ability|p1a: Weavile|Pressure
|
|upkeep
|turn|23
|
|t:|1658982012
|switch|p2a: Corviknight|Corviknight, F|72/100 brn
|-ability|p2a: Corviknight|Pressure
|move|p1a: Weavile|Swords Dance|p1a: Weavile
|-boost|p1a: Weavile|atk|2
|
|-damage|p2a: Corviknight|66/100 brn|[from] brn
|upkeep
|turn|24
|
|t:|1658982015
|move|p1a: Weavile|Triple Axel|p2a: Corviknight
|-damage|p2a: Corviknight|49/100 brn
|-damage|p2a: Corviknight|11/100 brn
|-damage|p2a: Corviknight|0 fnt
|faint|p2a: Corviknight
|-hitcount|p2: Corviknight|3
|-damage|p1a: Weavile|91/100|[from] item: Life Orb
|
|upkeep
|
|t:|1658982017
|switch|p2a: Melmetal|Melmetal|100/100
|turn|25
|
|t:|1658982020
|move|p1a: Weavile|Low Kick|p2a: Melmetal
|-supereffective|p2a: Melmetal
|-damage|p2a: Melmetal|0 fnt
|faint|p2a: Melmetal
|-damage|p1a: Weavile|81/100|[from] item: Life Orb
|
|upkeep
|
|t:|1658982023
|switch|p2a: Urshifu|Urshifu-Rapid-Strike, F|100/100
|turn|26
|
|t:|1658982025
|switch|p1a: Slowbro|Slowbro, M|100/100
|move|p2a: Urshifu|Surging Strikes|p1a: Slowbro
|-resisted|p1a: Slowbro
|-crit|p1a: Slowbro
|-damage|p1a: Slowbro|92/100
|-resisted|p1a: Slowbro
|-crit|p1a: Slowbro
|-damage|p1a: Slowbro|83/100
|-resisted|p1a: Slowbro
|-crit|p1a: Slowbro
|-damage|p1a: Slowbro|74/100
|-hitcount|p1a: Slowbro|3
|
|upkeep
|turn|27
|-message|LT91BB Tun forfeited.
|
|win|2(H2O)
|raw|2(H2O)'s rating: 1518 &rarr; <strong>1540</strong><br />(+22 for winning)
|raw|LT91BB Tun's rating: 1561 &rarr; <strong>1539</strong><br />(-22 for losing)
|l|☆LT91BB Tun
|l|☆2(H2O)
|j|☆2(H2O)
|player|p1|2(H2O)|chase
