|j|☆PQPP214
|j|☆Ajollybagel
|t:|1645498068
|gametype|singles
|player|p1|PQPP214|266|1409
|player|p2|Ajollybagel|1|1449
|teamsize|p1|6
|teamsize|p2|6
|gen|8
|tier|[Gen 8] OU
|rated|
|rule|Sleep Clause Mod: Limit one foe put to sleep
|rule|Species Clause: Limit one of each Pokémon
|rule|OHKO Clause: OHKO moves are banned
|rule|Evasion Moves Clause: Evasion moves are banned
|rule|Endless Battle Clause: Forcing endless battles is banned
|rule|HP Percentage Mod: HP is shown in percentages
|rule|Dynamax Clause: You cannot dynamax
|clearpoke
|poke|p1|Landorus-Therian, M|
|poke|p1|Tornadus-Therian, M|
|poke|p1|Zeraora|
|poke|p1|Zapdos-Galar|
|poke|p1|Jirachi|
|poke|p1|Toxapex, M|
|poke|p2|Dragapult, F|
|poke|p2|Urshifu-*, F|
|poke|p2|Tapu Lele|
|poke|p2|Zapdos|
|poke|p2|Ferrothorn, M|
|poke|p2|Landorus-Therian, M|
|teampreview
|inactive|Battle timer is ON: inactive players will automatically lose when time's up. (requested by Ajollybagel)
|inactive|Ajollybagel has 120 seconds left.
|
|t:|1645498116
|start
|switch|p1a: Landorus|Landorus-Therian, M, shiny|100/100
|switch|p2a: Landorus|Landorus-Therian, M|100/100
|-ability|p2a: Landorus|Intimidate|boost
|-unboost|p1a: Landorus|atk|1
|-ability|p1a: Landorus|Intimidate|boost
|-unboost|p2a: Landorus|atk|1
|turn|1
|
|t:|1645498121
|move|p2a: Landorus|Toxic|p1a: Landorus
|-status|p1a: Landorus|tox
|move|p1a: Landorus|Toxic|p2a: Landorus
|-status|p2a: Landorus|tox
|
|-damage|p2a: Landorus|94/100 tox|[from] psn
|-damage|p1a: Landorus|94/100 tox|[from] psn
|upkeep
|turn|2
|
|t:|1645498126
|move|p2a: Landorus|Stealth Rock|p1a: Landorus
|-sidestart|p1: PQPP214|move: Stealth Rock
|move|p1a: Landorus|U-turn|p2a: Landorus
|-resisted|p2a: Landorus
|-damage|p2a: Landorus|87/100 tox
|
|t:|1645498132
|switch|p1a: Tornadus|Tornadus-Therian, M, shiny|100/100|[from]move: U-turn
|
|-heal|p2a: Landorus|93/100 tox|[from] item: Leftovers
|-damage|p2a: Landorus|81/100 tox|[from] psn
|upkeep
|turn|3
|
|t:|1645498150
|switch|p2a: Dragapult|Dragapult, F|100/100
|move|p1a: Tornadus|Knock Off|p2a: Dragapult
|-supereffective|p2a: Dragapult
|-damage|p2a: Dragapult|44/100
|-enditem|p2a: Dragapult|Choice Specs|[from] move: Knock Off|[of] p1a: Tornadus
|
|upkeep
|turn|4
|
|t:|1645498157
|move|p2a: Dragapult|Draco Meteor|p1a: Tornadus
|-damage|p1a: Tornadus|39/100
|-unboost|p2a: Dragapult|spa|2
|move|p1a: Tornadus|U-turn|p2a: Dragapult
|-resisted|p2a: Dragapult
|-damage|p2a: Dragapult|34/100
|
|t:|1645498164
|switch|p1a: Landorus|Landorus-Therian, M, shiny|94/100 tox|[from]move: U-turn
|-damage|p1a: Landorus|82/100 tox|[from] Stealth Rock
|-ability|p1a: Landorus|Intimidate|boost
|-unboost|p2a: Dragapult|atk|1
|
|-heal|p1a: Landorus|88/100 tox|[from] item: Leftovers
|-damage|p1a: Landorus|82/100 tox|[from] psn
|upkeep
|turn|5
|
|t:|1645498175
|move|p2a: Dragapult|U-turn|p1a: Landorus
|-resisted|p1a: Landorus
|-damage|p1a: Landorus|77/100 tox
|
|t:|1645498178
|switch|p2a: Landorus|Landorus-Therian, M|81/100 tox|[from]move: U-turn
|-ability|p2a: Landorus|Intimidate|boost
|-unboost|p1a: Landorus|atk|1
|move|p1a: Landorus|Defog|p2a: Landorus
|-unboost|p2a: Landorus|evasion|1
|-sideend|p1: PQPP214|Stealth Rock|[from] move: Defog|[of] p1a: Landorus
|
|-heal|p2a: Landorus|87/100 tox|[from] item: Leftovers
|-heal|p1a: Landorus|83/100 tox|[from] item: Leftovers
|-damage|p2a: Landorus|81/100 tox|[from] psn
|-damage|p1a: Landorus|71/100 tox|[from] psn
|upkeep
|turn|6
|
|t:|1645498186
|move|p2a: Landorus|Stealth Rock|p1a: Landorus
|-sidestart|p1: PQPP214|move: Stealth Rock
|move|p1a: Landorus|U-turn|p2a: Landorus
|-resisted|p2a: Landorus
|-damage|p2a: Landorus|73/100 tox
|
|t:|1645498191
|switch|p1a: Tornadus|Tornadus-Therian, M, shiny|72/100|[from]move: U-turn
|
|-heal|p2a: Landorus|79/100 tox|[from] item: Leftovers
|-damage|p2a: Landorus|67/100 tox|[from] psn
|upkeep
|turn|7
|
|t:|1645498205
|move|p1a: Tornadus|Knock Off|p2a: Landorus
|-damage|p2a: Landorus|47/100 tox
|-enditem|p2a: Landorus|Leftovers|[from] move: Knock Off|[of] p1a: Tornadus
|move|p2a: Landorus|U-turn|p1a: Tornadus
|-resisted|p1a: Tornadus
|-damage|p1a: Tornadus|61/100
|
|t:|1645498225
|switch|p2a: Dragapult|Dragapult, F|34/100|[from]move: U-turn
|
|upkeep
|turn|8
|
|t:|1645498232
|switch|p1a: Toxapex|Toxapex, M, shiny|100/100
|-damage|p1a: Toxapex|88/100|[from] Stealth Rock
|move|p2a: Dragapult|Draco Meteor|p1a: Toxapex
|-damage|p1a: Toxapex|40/100
|-unboost|p2a: Dragapult|spa|2
|-enditem|p1a: Toxapex|Eject Button
|
|t:|1645498243
|switch|p1a: Zeraora|Zeraora, shiny|100/100
|
|upkeep
|turn|9
|
|t:|1645498258
|switch|p2a: Landorus|Landorus-Therian, M|47/100 tox
|-ability|p2a: Landorus|Intimidate|boost
|-unboost|p1a: Zeraora|atk|1
|move|p1a: Zeraora|Knock Off|p2a: Landorus
|-damage|p2a: Landorus|34/100 tox
|
|-damage|p2a: Landorus|28/100 tox|[from] psn
|upkeep
|turn|10
|
|t:|1645498267
|switch|p1a: Tornadus|Tornadus-Therian, M, shiny|94/100
|move|p2a: Landorus|U-turn|p1a: Tornadus
|-resisted|p1a: Tornadus
|-damage|p1a: Tornadus|82/100
|inactive|Ajollybagel has 120 seconds left.
|
|t:|1645498313
|switch|p2a: Zapdos|Zapdos|100/100|[from]move: U-turn
|
|upkeep
|turn|11
|
|t:|1645498320
|switch|p1a: Landorus|Landorus-Therian, M, shiny|71/100 tox
|-damage|p1a: Landorus|59/100 tox|[from] Stealth Rock
|-ability|p1a: Landorus|Intimidate|boost
|-unboost|p2a: Zapdos|atk|1
|move|p2a: Zapdos|Hurricane|p1a: Landorus|[miss]
|-miss|p2a: Zapdos|p1a: Landorus
|
|-heal|p1a: Landorus|65/100 tox|[from] item: Leftovers
|-damage|p1a: Landorus|59/100 tox|[from] psn
|upkeep
|turn|12
|
|t:|1645498330
|move|p2a: Zapdos|Hurricane|p1a: Landorus
|-damage|p1a: Landorus|22/100 tox
|-start|p1a: Landorus|confusion
|-activate|p1a: Landorus|confusion
|move|p1a: Landorus|Defog|p2a: Zapdos
|-unboost|p2a: Zapdos|evasion|1
|-sideend|p1: PQPP214|Stealth Rock|[from] move: Defog|[of] p1a: Landorus
|
|-heal|p1a: Landorus|28/100 tox|[from] item: Leftovers
|-damage|p1a: Landorus|16/100 tox|[from] psn
|upkeep
|turn|13
|inactive|Ajollybagel has 120 seconds left.
|
|t:|1645498345
|switch|p1a: Toxapex|Toxapex, M, shiny|73/100
|move|p2a: Zapdos|Hurricane|p1a: Toxapex
|-damage|p1a: Toxapex|37/100
|
|upkeep
|turn|14
|
|t:|1645498353
|switch|p1a: Landorus|Landorus-Therian, M, shiny|16/100 tox
|-ability|p1a: Landorus|Intimidate|boost
|-unboost|p2a: Zapdos|atk|1
|move|p2a: Zapdos|Hurricane|p1a: Landorus|[miss]
|-miss|p2a: Zapdos|p1a: Landorus
|
|-heal|p1a: Landorus|22/100 tox|[from] item: Leftovers
|-damage|p1a: Landorus|16/100 tox|[from] psn
|upkeep
|turn|15
|
|t:|1645498359
|move|p2a: Zapdos|Hurricane|p1a: Landorus
|-damage|p1a: Landorus|0 fnt
|faint|p1a: Landorus
|
|upkeep
|
|t:|1645498365
|switch|p1a: Zeraora|Zeraora, shiny|100/100
|turn|16
|
|t:|1645498381
|switch|p2a: Ferrothorn|Ferrothorn, M|100/100
|move|p1a: Zeraora|Knock Off|p2a: Ferrothorn
|-damage|p2a: Ferrothorn|82/100
|-damage|p1a: Zeraora|88/100|[from] ability: Iron Barbs|[of] p2a: Ferrothorn
|-enditem|p2a: Ferrothorn|Leftovers|[from] move: Knock Off|[of] p1a: Zeraora
|
|upkeep
|turn|17
|
|t:|1645498390
|switch|p1a: Tornadus|Tornadus-Therian, M, shiny|100/100
|move|p2a: Ferrothorn|Spikes|p1a: Tornadus
|-sidestart|p1: PQPP214|Spikes
|
|upkeep
|turn|18
|
|t:|1645498407
|switch|p2a: Zapdos|Zapdos|100/100
|move|p1a: Tornadus|Heat Wave|p2a: Zapdos
|-damage|p2a: Zapdos|79/100
|
|upkeep
|turn|19
|
|t:|1645498416
|move|p1a: Tornadus|Knock Off|p2a: Zapdos
|-damage|p2a: Zapdos|62/100
|-enditem|p2a: Zapdos|Heavy-Duty Boots|[from] move: Knock Off|[of] p1a: Tornadus
|move|p2a: Zapdos|Hurricane|p1a: Tornadus|[miss]
|-miss|p2a: Zapdos|p1a: Tornadus
|
|upkeep
|turn|20
|
|t:|1645498425
|switch|p1a: Jirachi|Jirachi, shiny|100/100
|-damage|p1a: Jirachi|88/100|[from] Spikes
|move|p2a: Zapdos|Roost|p2a: Zapdos
|-heal|p2a: Zapdos|100/100
|-singleturn|p2a: Zapdos|move: Roost
|
|-heal|p1a: Jirachi|94/100|[from] item: Leftovers
|upkeep
|turn|21
|
|t:|1645498431
|move|p2a: Zapdos|Volt Switch|p1a: Jirachi
|-damage|p1a: Jirachi|76/100
|
|t:|1645498444
|switch|p2a: Landorus|Landorus-Therian, M|28/100 tox|[from]move: Volt Switch
|-ability|p2a: Landorus|Intimidate|boost
|-unboost|p1a: Jirachi|atk|1
|move|p1a: Jirachi|Stealth Rock|p2a: Landorus
|-sidestart|p2: Ajollybagel|move: Stealth Rock
|
|-heal|p1a: Jirachi|82/100|[from] item: Leftovers
|-damage|p2a: Landorus|22/100 tox|[from] psn
|upkeep
|turn|22
|
|t:|1645498450
|switch|p1a: Tornadus|Tornadus-Therian, M, shiny|100/100
|move|p2a: Landorus|Stealth Rock|p1a: Tornadus
|-sidestart|p1: PQPP214|move: Stealth Rock
|
|-damage|p2a: Landorus|10/100 tox|[from] psn
|upkeep
|turn|23
|
|t:|1645498459
|move|p1a: Tornadus|Knock Off|p2a: Landorus
|-damage|p2a: Landorus|0 fnt
|faint|p2a: Landorus
|
|upkeep
|inactive|Ajollybagel has 120 seconds left.
|
|t:|1645498492
|switch|p2a: Dragapult|Dragapult, F|34/100
|-damage|p2a: Dragapult|22/100|[from] Stealth Rock
|turn|24
|
|t:|1645498500
|switch|p1a: Toxapex|Toxapex, M, shiny|70/100
|-damage|p1a: Toxapex|58/100|[from] Stealth Rock
|-damage|p1a: Toxapex|46/100|[from] Spikes
|move|p2a: Dragapult|Draco Meteor|p1a: Toxapex
|-damage|p1a: Toxapex|0 fnt
|-unboost|p2a: Dragapult|spa|2
|faint|p1a: Toxapex
|
|upkeep
|
|t:|1645498507
|switch|p1a: Zeraora|Zeraora, shiny|88/100
|turn|25
|
|t:|1645498520
|move|p1a: Zeraora|Bulk Up|p1a: Zeraora
|-boost|p1a: Zeraora|atk|1
|-boost|p1a: Zeraora|def|1
|move|p2a: Dragapult|U-turn|p1a: Zeraora
|-damage|p1a: Zeraora|72/100
|
|t:|1645498525
|switch|p2a: Tapu Lele|Tapu Lele|100/100|[from]move: U-turn
|-damage|p2a: Tapu Lele|88/100|[from] Stealth Rock
|-fieldstart|move: Psychic Terrain|[from] ability: Psychic Surge|[of] p2a: Tapu Lele
|
|upkeep
|turn|26
|
|t:|1645498530
|switch|p1a: Jirachi|Jirachi, shiny|82/100
|-damage|p1a: Jirachi|70/100|[from] Spikes
|-damage|p1a: Jirachi|64/100|[from] Stealth Rock
|move|p2a: Tapu Lele|Psychic|p1a: Jirachi
|-resisted|p1a: Jirachi
|-damage|p1a: Jirachi|54/100
|
|-heal|p1a: Jirachi|61/100|[from] item: Leftovers
|upkeep
|turn|27
|
|t:|1645498544
|switch|p2a: Zapdos|Zapdos|100/100
|-damage|p2a: Zapdos|76/100|[from] Stealth Rock
|move|p1a: Jirachi|U-turn|p2a: Zapdos
|-resisted|p2a: Zapdos
|-damage|p2a: Zapdos|69/100
|-status|p1a: Jirachi|par|[from] ability: Static|[of] p2a: Zapdos
|
|t:|1645498552
|switch|p1a: Zeraora|Zeraora, shiny|72/100|[from]move: U-turn
|
|upkeep
|turn|28
|
|t:|1645498572
|switch|p2a: Ferrothorn|Ferrothorn, M|82/100
|-damage|p2a: Ferrothorn|76/100|[from] Stealth Rock
|move|p1a: Zeraora|Plasma Fists|p2a: Ferrothorn
|-resisted|p2a: Ferrothorn
|-damage|p2a: Ferrothorn|62/100
|-fieldactivate|move: Ion Deluge
|-hint|Normal-type moves become Electric-type after using Plasma Fists.
|-damage|p1a: Zeraora|60/100|[from] ability: Iron Barbs|[of] p2a: Ferrothorn
|
|upkeep
|turn|29
|
|t:|1645498590
|switch|p1a: Tornadus|Tornadus-Therian, M, shiny|100/100
|move|p2a: Ferrothorn|Power Whip|p1a: Tornadus
|-resisted|p1a: Tornadus
|-damage|p1a: Tornadus|79/100
|
|-fieldend|move: Psychic Terrain
|upkeep
|turn|30
|
|t:|1645498602
|switch|p2a: Zapdos|Zapdos|69/100
|-damage|p2a: Zapdos|44/100|[from] Stealth Rock
|move|p1a: Tornadus|Heat Wave|p2a: Zapdos
|-damage|p2a: Zapdos|22/100
|
|upkeep
|turn|31
|
|t:|1645498611
|move|p1a: Tornadus|Heat Wave|p2a: Zapdos
|-damage|p2a: Zapdos|0 fnt
|faint|p2a: Zapdos
|
|upkeep
|
|t:|1645498614
|switch|p2a: Tapu Lele|Tapu Lele|88/100
|-damage|p2a: Tapu Lele|76/100|[from] Stealth Rock
|-fieldstart|move: Psychic Terrain|[from] ability: Psychic Surge|[of] p2a: Tapu Lele
|turn|32
|
|t:|1645498620
|switch|p1a: Jirachi|Jirachi, shiny|61/100 par
|-damage|p1a: Jirachi|54/100 par|[from] Stealth Rock
|-damage|p1a: Jirachi|42/100 par|[from] Spikes
|move|p2a: Tapu Lele|Focus Blast|p1a: Jirachi
|-damage|p1a: Jirachi|15/100 par
|
|-heal|p1a: Jirachi|21/100 par|[from] item: Leftovers
|upkeep
|turn|33
|
|t:|1645498639
|switch|p1a: Tornadus|Tornadus-Therian, M, shiny|100/100
|move|p2a: Tapu Lele|Focus Blast|p1a: Tornadus
|-resisted|p1a: Tornadus
|-damage|p1a: Tornadus|78/100
|
|upkeep
|turn|34
|
|t:|1645498651
|switch|p2a: Dragapult|Dragapult, F|22/100
|-damage|p2a: Dragapult|9/100|[from] Stealth Rock
|move|p1a: Tornadus|Hurricane|p2a: Dragapult
|-damage|p2a: Dragapult|0 fnt
|faint|p2a: Dragapult
|
|upkeep
|
|t:|1645498656
|switch|p2a: Tapu Lele|Tapu Lele|76/100
|-damage|p2a: Tapu Lele|63/100|[from] Stealth Rock
|turn|35
|
|t:|1645498661
|switch|p1a: Jirachi|Jirachi, shiny|21/100 par
|-damage|p1a: Jirachi|9/100 par|[from] Spikes
|-damage|p1a: Jirachi|3/100 par|[from] Stealth Rock
|move|p2a: Tapu Lele|Moonblast|p1a: Jirachi
|-resisted|p1a: Jirachi
|-damage|p1a: Jirachi|0 fnt
|faint|p1a: Jirachi
|
|upkeep
|
|t:|1645498672
|switch|p1a: Tornadus|Tornadus-Therian, M, shiny|100/100
|turn|36
|
|t:|1645498694
|switch|p2a: Ferrothorn|Ferrothorn, M|62/100
|-damage|p2a: Ferrothorn|56/100|[from] Stealth Rock
|move|p1a: Tornadus|Knock Off|p2a: Ferrothorn
|-damage|p2a: Ferrothorn|47/100
|-damage|p1a: Tornadus|88/100|[from] ability: Iron Barbs|[of] p2a: Ferrothorn
|
|-fieldend|move: Psychic Terrain
|upkeep
|turn|37
|
|t:|1645498701
|move|p1a: Tornadus|Heat Wave|p2a: Ferrothorn
|-supereffective|p2a: Ferrothorn
|-damage|p2a: Ferrothorn|0 fnt
|faint|p2a: Ferrothorn
|
|upkeep
|inactive|Ajollybagel has 120 seconds left.
|
|t:|1645498743
|switch|p2a: Tapu Lele|Tapu Lele|63/100
|-damage|p2a: Tapu Lele|51/100|[from] Stealth Rock
|-fieldstart|move: Psychic Terrain|[from] ability: Psychic Surge|[of] p2a: Tapu Lele
|turn|38
|
|t:|1645498767
|switch|p1a: Zapdos|Zapdos-Galar|100/100
|-damage|p1a: Zapdos|88/100|[from] Stealth Rock
|move|p2a: Tapu Lele|Psychic|p1a: Zapdos
|-supereffective|p1a: Zapdos
|-damage|p1a: Zapdos|0 fnt
|faint|p1a: Zapdos
|
|upkeep
|
|t:|1645498774
|switch|p1a: Tornadus|Tornadus-Therian, M, shiny|100/100
|turn|39
|inactive|Ajollybagel has 120 seconds left.
|
|t:|1645498783
|move|p2a: Tapu Lele|Psychic|p1a: Tornadus
|-damage|p1a: Tornadus|37/100
|move|p1a: Tornadus|Knock Off|p2a: Tapu Lele
|-damage|p2a: Tapu Lele|21/100
|-enditem|p2a: Tapu Lele|Choice Scarf|[from] move: Knock Off|[of] p1a: Tornadus
|
|upkeep
|turn|40
|
|t:|1645498789
|move|p1a: Tornadus|Knock Off|p2a: Tapu Lele
|-damage|p2a: Tapu Lele|0 fnt
|faint|p2a: Tapu Lele
|
|upkeep
|
|t:|1645498791
|switch|p2a: Urshifu|Urshifu-Rapid-Strike, F|100/100
|-damage|p2a: Urshifu|94/100|[from] Stealth Rock
|turn|41
|
|t:|1645498795
|move|p1a: Tornadus|Hurricane|p2a: Urshifu
|-supereffective|p2a: Urshifu
|-damage|p2a: Urshifu|0 fnt
|faint|p2a: Urshifu
|
|win|PQPP214
|raw|PQPP214's rating: 1409 &rarr; <strong>1431</strong><br />(+22 for winning)
|raw|Ajollybagel's rating: 1449 &rarr; <strong>1427</strong><br />(-22 for losing)
|l|☆Ajollybagel
