|j|☆Run For Me Plz
|j|☆Ugaming
|t:|1643996202
|gametype|singles
|player|p1|Run For Me Plz|evelyn|1617
|player|p2|Ugaming|n|1656
|teamsize|p1|6
|teamsize|p2|6
|gen|8
|tier|[Gen 8] OU
|rated|
|rule|Sleep Clause Mod: Limit one foe put to sleep
|rule|Species Clause: Limit one of each Pokémon
|rule|OHKO Clause: OHKO moves are banned
|rule|Evasion Moves Clause: Evasion moves are banned
|rule|Endless Battle Clause: Forcing endless battles is banned
|rule|HP Percentage Mod: HP is shown in percentages
|rule|Dynamax Clause: You cannot dynamax
|clearpoke
|poke|p1|Dragapult, M|
|poke|p1|Toxapex, F|
|poke|p1|Blissey, F|
|poke|p1|Corviknight, F|
|poke|p1|Hippowdon, F|
|poke|p1|Clefable, F|
|poke|p2|Haxorus, M|
|poke|p2|Kartana|
|poke|p2|Araquanid, F|
|poke|p2|Zapdos-Galar|
|poke|p2|Dragonite, M|
|poke|p2|Nidoqueen, F|
|teampreview
|inactive|Battle timer is ON: inactive players will automatically lose when time's up. (requested by Run For Me Plz)
|j| choise band
|inactive|Ugaming has 120 seconds left.
|j| 0SiegeWarfare
|
|t:|1643996270
|start
|switch|p1a: Tanjiro|Dragapult, M, shiny|100/100
|switch|p2a: Araquanid|Araquanid, F|100/100
|turn|1
|
|t:|1643996273
|move|p1a: Tanjiro|Will-O-Wisp|p2a: Araquanid
|-immune|p2a: Araquanid|[from] ability: Water Bubble
|move|p2a: Araquanid|Sticky Web|p1a: Tanjiro
|-sidestart|p1: Run For Me Plz|move: Sticky Web
|
|upkeep
|turn|2
|
|t:|1643996277
|move|p1a: Tanjiro|U-turn|p2a: Araquanid
|-damage|p2a: Araquanid|81/100
|c| 0SiegeWarfare|what
|
|t:|1643996279
|switch|p1a: Excalibird|Corviknight, F, shiny|100/100|[from]move: U-turn
|-ability|p1a: Excalibird|Pressure
|move|p2a: Araquanid|Toxic|p1a: Excalibird
|-immune|p1a: Excalibird
|
|upkeep
|turn|3
|
|t:|1643996285
|move|p1a: Excalibird|Body Press|p2a: Araquanid
|-resisted|p2a: Araquanid
|-damage|p2a: Araquanid|67/100
|move|p2a: Araquanid|Soak|p1a: Excalibird
|-start|p1a: Excalibird|typechange|Water
|
|upkeep
|turn|4
|
|t:|1643996296
|switch|p1a: DONT TOUCH ME|Toxapex, F, shiny|100/100
|-activate|p1a: DONT TOUCH ME|move: Sticky Web
|-unboost|p1a: DONT TOUCH ME|spe|1
|move|p2a: Araquanid|Soak|p1a: DONT TOUCH ME
|-start|p1a: DONT TOUCH ME|typechange|Water
|
|upkeep
|turn|5
|
|t:|1643996308
|switch|p2a: Haxorus|Haxorus, M, shiny|100/100
|-ability|p2a: Haxorus|Mold Breaker
|switch|p1a: Excalibird|Corviknight, F, shiny|100/100
|-ability|p1a: Excalibird|Pressure
|
|upkeep
|turn|6
|
|t:|1643996311
|move|p2a: Haxorus|Swords Dance|p2a: Haxorus
|-boost|p2a: Haxorus|atk|2
|move|p1a: Excalibird|Iron Defense|p1a: Excalibird
|-boost|p1a: Excalibird|def|2
|
|upkeep
|turn|7
|
|t:|1643996328
|switch|p2a: Nidoqueen|Nidoqueen, F|100/100
|move|p1a: Excalibird|Body Press|p2a: Nidoqueen
|-resisted|p2a: Nidoqueen
|-damage|p2a: Nidoqueen|82/100
|
|-heal|p2a: Nidoqueen|88/100|[from] item: Black Sludge
|upkeep
|turn|8
|
|t:|1643996334
|switch|p1a: EggMan|Blissey, F, shiny|100/100
|switch|p2a: Zapdos|Zapdos-Galar|100/100
|
|upkeep
|turn|9
|
|t:|1643996337
|switch|p1a: DONT TOUCH ME|Toxapex, F, shiny|100/100
|-activate|p1a: DONT TOUCH ME|move: Sticky Web
|-unboost|p1a: DONT TOUCH ME|spe|1
|move|p2a: Zapdos|U-turn|p1a: DONT TOUCH ME
|-resisted|p1a: DONT TOUCH ME
|-damage|p1a: DONT TOUCH ME|92/100
|-damage|p2a: Zapdos|84/100|[from] item: Rocky Helmet|[of] p1a: DONT TOUCH ME
|
|t:|1643996340
|switch|p2a: Haxorus|Haxorus, M, shiny|100/100|[from]move: U-turn
|-ability|p2a: Haxorus|Mold Breaker
|
|upkeep
|turn|10
|
|t:|1643996342
|switch|p1a: Excalibird|Corviknight, F, shiny|100/100
|-ability|p1a: Excalibird|Pressure
|move|p2a: Haxorus|Swords Dance|p2a: Haxorus
|-boost|p2a: Haxorus|atk|2
|
|upkeep
|turn|11
|
|t:|1643996345
|move|p2a: Haxorus|Close Combat|p1a: Excalibird
|-damage|p1a: Excalibird|16/100
|-unboost|p2a: Haxorus|def|1
|-unboost|p2a: Haxorus|spd|1
|-damage|p2a: Haxorus|91/100|[from] item: Life Orb
|move|p1a: Excalibird|Iron Defense|p1a: Excalibird
|-boost|p1a: Excalibird|def|2
|
|-heal|p1a: Excalibird|22/100|[from] item: Leftovers
|upkeep
|turn|12
|
|t:|1643996350
|move|p2a: Haxorus|Close Combat|p1a: Excalibird
|-damage|p1a: Excalibird|0 fnt
|-unboost|p2a: Haxorus|def|1
|-unboost|p2a: Haxorus|spd|1
|faint|p1a: Excalibird
|-damage|p2a: Haxorus|81/100|[from] item: Life Orb
|
|upkeep
|
|t:|1643996353
|switch|p1a: Tanjiro|Dragapult, M, shiny|100/100
|turn|13
|
|t:|1643996358
|switch|p2a: Nidoqueen|Nidoqueen, F|88/100
|move|p1a: Tanjiro|Draco Meteor|p2a: Nidoqueen
|-damage|p2a: Nidoqueen|37/100
|-unboost|p1a: Tanjiro|spa|2
|
|-heal|p2a: Nidoqueen|44/100|[from] item: Black Sludge
|upkeep
|turn|14
|
|t:|1643996362
|move|p1a: Tanjiro|U-turn|p2a: Nidoqueen
|-resisted|p2a: Nidoqueen
|-damage|p2a: Nidoqueen|37/100
|
|t:|1643996364
|switch|p1a: EggMan|Blissey, F, shiny|100/100|[from]move: U-turn
|move|p2a: Nidoqueen|Stealth Rock|p1a: EggMan
|-sidestart|p1: Run For Me Plz|move: Stealth Rock
|
|-heal|p2a: Nidoqueen|44/100|[from] item: Black Sludge
|upkeep
|turn|15
|
|t:|1643996372
|switch|p2a: Kartana|Kartana|100/100
|move|p1a: EggMan|Toxic|p2a: Kartana
|-immune|p2a: Kartana
|
|upkeep
|turn|16
|
|t:|1643996378
|switch|p1a: DONT TOUCH ME|Toxapex, F, shiny|100/100
|-damage|p1a: DONT TOUCH ME|88/100|[from] Stealth Rock
|-activate|p1a: DONT TOUCH ME|move: Sticky Web
|-unboost|p1a: DONT TOUCH ME|spe|1
|move|p2a: Kartana|Swords Dance|p2a: Kartana
|-boost|p2a: Kartana|atk|2
|
|upkeep
|turn|17
|
|t:|1643996381
|move|p2a: Kartana|Leaf Blade|p1a: DONT TOUCH ME
|-damage|p1a: DONT TOUCH ME|6/100
|move|p1a: DONT TOUCH ME|Haze|p1a: DONT TOUCH ME
|-clearallboost
|
|upkeep
|turn|18
|
|t:|1643996387
|switch|p1a: Tanjiro|Dragapult, M, shiny|100/100
|move|p2a: Kartana|Knock Off|p1a: Tanjiro
|-supereffective|p1a: Tanjiro
|-damage|p1a: Tanjiro|0 fnt
|-enditem|p1a: Tanjiro|Heavy-Duty Boots|[from] move: Knock Off|[of] p2a: Kartana
|faint|p1a: Tanjiro
|-ability|p2a: Kartana|Beast Boost|boost
|-boost|p2a: Kartana|atk|1
|
|upkeep
|-message|Run For Me Plz forfeited.
|
|win|Ugaming
|raw|Run For Me Plz's rating: 1617 &rarr; <strong>1599</strong><br />(-18 for losing)
|raw|Ugaming's rating: 1656 &rarr; <strong>1674</strong><br />(+18 for winning)
|l|☆Run For Me Plz
|c| 0SiegeWarfare|ggs
||Ladder isn't responding, score probably updated but might not have (Request timeout).
