|j|☆minimax_ai
|j|☆samohi0
|t:|1661567782
|gametype|singles
|player|p1|minimax_ai|lusamine-nihilego|1438
|player|p2|samohi0|266|1553
|teamsize|p1|6
|teamsize|p2|6
|gen|8
|tier|[Gen 8] OU
|rated|
|rule|Sleep Clause Mod: Limit one foe put to sleep
|rule|Species Clause: Limit one of each Pokémon
|rule|OHKO Clause: OHKO moves are banned
|rule|Evasion Items Clause: Evasion items are banned
|rule|Evasion Moves Clause: Evasion moves are banned
|rule|Endless Battle Clause: Forcing endless battles is banned
|rule|HP Percentage Mod: HP is shown in percentages
|rule|Dynamax Clause: You cannot dynamax
|clearpoke
|poke|p1|Rotom-Wash|
|poke|p1|Weavile, M|
|poke|p1|Landorus-Therian, M|
|poke|p1|Heatran, M|
|poke|p1|Tangrowth, F|
|poke|p1|Melmetal|
|poke|p2|Nihilego|
|poke|p2|Ferrothorn, M|
|poke|p2|Tapu Fini|
|poke|p2|Weavile, M|
|poke|p2|Dragapult, M|
|poke|p2|Landorus-Therian, M|
|teampreview
|c|☆minimax_ai|hf
|inactive|Battle timer is ON: inactive players will automatically lose when time's up. (requested by minimax_ai)
|
|t:|1661567792
|start
|switch|p1a: Heatran|Heatran, M|100/100
|switch|p2a: Nihilego|Nihilego|100/100
|-item|p1a: Heatran|Air Balloon
|turn|1
|
|t:|1661567796
|switch|p2a: Landorus|Landorus-Therian, M|100/100
|-ability|p2a: Landorus|Intimidate|boost
|-unboost|p1a: Heatran|atk|1
|move|p1a: Heatran|Magma Storm|p2a: Landorus
|-damage|p2a: Landorus|64/100
|-activate|p2a: Landorus|move: Magma Storm|[of] p1a: Heatran
|
|-heal|p2a: Landorus|70/100|[from] item: Leftovers
|-damage|p2a: Landorus|58/100|[from] move: Magma Storm|[partiallytrapped]
|upkeep
|turn|2
|
|t:|1661567799
|move|p1a: Heatran|Magma Storm|p2a: Landorus
|-damage|p2a: Landorus|17/100
|move|p2a: Landorus|U-turn|p1a: Heatran
|-resisted|p1a: Heatran
|-damage|p1a: Heatran|95/100
|-enditem|p1a: Heatran|Air Balloon
|
|t:|1661567804
|switch|p2a: Tapu Fini|Tapu Fini|100/100|[from]move: U-turn
|-fieldstart|move: Misty Terrain|[from] ability: Misty Surge|[of] p2a: Tapu Fini
|
|upkeep
|turn|3
|
|t:|1661567805
|switch|p1a: Tangrowth|Tangrowth, F|100/100
|move|p2a: Tapu Fini|Whirlpool|p1a: Tangrowth
|-resisted|p1a: Tangrowth
|-damage|p1a: Tangrowth|92/100
|-activate|p1a: Tangrowth|move: Whirlpool|[of] p2a: Tapu Fini
|
|-damage|p1a: Tangrowth|79/100|[from] move: Whirlpool|[partiallytrapped]
|upkeep
|turn|4
|
|t:|1661567808
|switch|p2a: Ferrothorn|Ferrothorn, M|100/100
|move|p1a: Tangrowth|Giga Drain|p2a: Ferrothorn
|-resisted|p2a: Ferrothorn
|-damage|p2a: Ferrothorn|95/100
|-heal|p1a: Tangrowth|82/100|[from] drain|[of] p2a: Ferrothorn
|
|-heal|p2a: Ferrothorn|100/100|[from] item: Leftovers
|-end|p1a: Tangrowth|Whirlpool|[partiallytrapped]|[silent]
|upkeep
|turn|5
|
|t:|1661567824
|switch|p1a: landorustherian|Landorus-Therian, M|100/100
|-ability|p1a: landorustherian|Intimidate|boost
|-unboost|p2a: Ferrothorn|atk|1
|move|p2a: Ferrothorn|Stealth Rock|p1a: landorustherian
|-sidestart|p1: minimax_ai|move: Stealth Rock
|
|upkeep
|turn|6
|
|t:|1661567826
|move|p1a: landorustherian|Defog|p2a: Ferrothorn
|-unboost|p2a: Ferrothorn|evasion|1
|-sideend|p1: minimax_ai|Stealth Rock|[from] move: Defog|[of] p1a: landorustherian
|-fieldend|Misty Terrain
|move|p2a: Ferrothorn|Leech Seed|p1a: landorustherian
|-start|p1a: landorustherian|move: Leech Seed
|
|-damage|p1a: landorustherian|88/100|[from] Leech Seed|[of] p2a: Ferrothorn
|upkeep
|turn|7
|
|t:|1661567828
|move|p1a: landorustherian|U-turn|p2a: Ferrothorn
|-damage|p2a: Ferrothorn|87/100
|-damage|p1a: landorustherian|76/100|[from] ability: Iron Barbs|[of] p2a: Ferrothorn
|
|t:|1661567828
|switch|p1a: Heatran|Heatran, M|95/100|[from]move: U-turn
|move|p2a: Ferrothorn|Knock Off|p1a: Heatran
|-damage|p1a: Heatran|86/100
|
|-heal|p2a: Ferrothorn|93/100|[from] item: Leftovers
|upkeep
|turn|8
|
|t:|1661567831
|switch|p2a: Landorus|Landorus-Therian, M|17/100
|-ability|p2a: Landorus|Intimidate|boost
|-unboost|p1a: Heatran|atk|1
|move|p1a: Heatran|Magma Storm|p2a: Landorus
|-damage|p2a: Landorus|0 fnt
|faint|p2a: Landorus
|
|upkeep
|
|t:|1661567834
|switch|p2a: Nihilego|Nihilego|100/100
|turn|9
|
|t:|1661567835
|move|p2a: Nihilego|Meteor Beam||[still]
|-prepare|p2a: Nihilego|Meteor Beam
|-boost|p2a: Nihilego|spa|1
|-enditem|p2a: Nihilego|Power Herb
|-anim|p2a: Nihilego|Meteor Beam|p1a: Heatran
|-damage|p1a: Heatran|0 fnt
|faint|p1a: Heatran
|-ability|p2a: Nihilego|Beast Boost|boost
|-boost|p2a: Nihilego|spe|1
|
|upkeep
|
|t:|1661567836
|switch|p1a: landorustherian|Landorus-Therian, M|76/100
|-ability|p1a: landorustherian|Intimidate|boost
|-unboost|p2a: Nihilego|atk|1
|turn|10
|
|t:|1661567841
|move|p2a: Nihilego|Power Gem|p1a: landorustherian
|-damage|p1a: landorustherian|32/100
|move|p1a: landorustherian|Earthquake|p2a: Nihilego
|-supereffective|p2a: Nihilego
|-damage|p2a: Nihilego|0 fnt
|faint|p2a: Nihilego
|
|-heal|p1a: landorustherian|38/100|[from] item: Leftovers
|upkeep
|
|t:|1661567844
|switch|p2a: Weavile|Weavile, M|100/100
|-ability|p2a: Weavile|Pressure
|turn|11
|
|t:|1661567848
|switch|p1a: Melmetal|Melmetal|100/100
|move|p2a: Weavile|Beat Up|p1a: Melmetal
|-damage|p1a: Melmetal|93/100
|-damage|p1a: Melmetal|87/100
|-damage|p1a: Melmetal|80/100
|-damage|p1a: Melmetal|72/100
|-hitcount|p1a: Melmetal|4
|
|upkeep
|turn|12
|
|t:|1661567850
|switch|p2a: Ferrothorn|Ferrothorn, M|93/100
|move|p1a: Melmetal|Ice Punch|p2a: Ferrothorn
|-damage|p2a: Ferrothorn|73/100
|-damage|p1a: Melmetal|59/100|[from] ability: Iron Barbs|[of] p2a: Ferrothorn
|
|-heal|p2a: Ferrothorn|79/100|[from] item: Leftovers
|upkeep
|turn|13
|
|t:|1661567866
|move|p1a: Melmetal|Ice Punch|p2a: Ferrothorn
|-damage|p2a: Ferrothorn|58/100
|-status|p2a: Ferrothorn|frz
|-damage|p1a: Melmetal|47/100|[from] ability: Iron Barbs|[of] p2a: Ferrothorn
|cant|p2a: Ferrothorn|frz
|
|-heal|p2a: Ferrothorn|64/100 frz|[from] item: Leftovers
|upkeep
|turn|14
|
|t:|1661567868
|move|p1a: Melmetal|Earthquake|p2a: Ferrothorn
|-damage|p2a: Ferrothorn|41/100 frz
|cant|p2a: Ferrothorn|frz
|
|-heal|p2a: Ferrothorn|47/100 frz|[from] item: Leftovers
|upkeep
|turn|15
|
|t:|1661567870
|move|p1a: Melmetal|Double Iron Bash|p2a: Ferrothorn
|-resisted|p2a: Ferrothorn
|-damage|p2a: Ferrothorn|36/100 frz
|-damage|p1a: Melmetal|35/100|[from] ability: Iron Barbs|[of] p2a: Ferrothorn
|-resisted|p2a: Ferrothorn
|-damage|p2a: Ferrothorn|24/100 frz
|-damage|p1a: Melmetal|22/100|[from] ability: Iron Barbs|[of] p2a: Ferrothorn
|-hitcount|p2a: Ferrothorn|2
|cant|p2a: Ferrothorn|frz
|
|-heal|p2a: Ferrothorn|30/100 frz|[from] item: Leftovers
|upkeep
|turn|16
|
|t:|1661567872
|move|p1a: Melmetal|Double Iron Bash|p2a: Ferrothorn
|-resisted|p2a: Ferrothorn
|-damage|p2a: Ferrothorn|17/100 frz
|-damage|p1a: Melmetal|10/100|[from] ability: Iron Barbs|[of] p2a: Ferrothorn
|-resisted|p2a: Ferrothorn
|-damage|p2a: Ferrothorn|5/100 frz
|-damage|p1a: Melmetal|0 fnt|[from] ability: Iron Barbs|[of] p2a: Ferrothorn
|faint|p1a: Melmetal
|-hitcount|p2a: Ferrothorn|2
|cant|p2a: Ferrothorn|frz
|
|-heal|p2a: Ferrothorn|11/100 frz|[from] item: Leftovers
|upkeep
|
|t:|1661567872
|switch|p1a: landorustherian|Landorus-Therian, M|38/100
|-ability|p1a: landorustherian|Intimidate|boost
|-unboost|p2a: Ferrothorn|atk|1
|turn|17
|
|t:|1661567876
|move|p1a: landorustherian|Earthquake|p2a: Ferrothorn
|-damage|p2a: Ferrothorn|0 fnt
|faint|p2a: Ferrothorn
|
|-heal|p1a: landorustherian|44/100|[from] item: Leftovers
|upkeep
|
|t:|1661567877
|switch|p2a: Weavile|Weavile, M|100/100
|-ability|p2a: Weavile|Pressure
|turn|18
|
|t:|1661567879
|switch|p1a: Tangrowth|Tangrowth, F|100/100
|move|p2a: Weavile|Triple Axel|p1a: Tangrowth
|-supereffective|p1a: Tangrowth
|-damage|p1a: Tangrowth|81/100
|-damage|p2a: Weavile|84/100|[from] item: Rocky Helmet|[of] p1a: Tangrowth
|-hitcount|p1a: Tangrowth|1
|
|upkeep
|turn|19
|
|t:|1661567881
|switch|p1a: rotomwash|Rotom-Wash|100/100
|move|p2a: Weavile|Triple Axel|p1a: rotomwash
|-resisted|p1a: rotomwash
|-damage|p1a: rotomwash|91/100
|-resisted|p1a: rotomwash
|-damage|p1a: rotomwash|75/100
|-resisted|p1a: rotomwash
|-damage|p1a: rotomwash|48/100
|-hitcount|p1a: rotomwash|3
|
|-heal|p1a: rotomwash|54/100|[from] item: Leftovers
|upkeep
|turn|20
|
|t:|1661567884
|switch|p2a: Tapu Fini|Tapu Fini|100/100
|-fieldstart|move: Misty Terrain|[from] ability: Misty Surge|[of] p2a: Tapu Fini
|move|p1a: rotomwash|Pain Split|p2a: Tapu Fini
|-sethp|p2a: Tapu Fini|74/100|[from] move: Pain Split|[silent]
|-sethp|p1a: rotomwash|84/100|[from] move: Pain Split
|
|-heal|p1a: rotomwash|90/100|[from] item: Leftovers
|-heal|p2a: Tapu Fini|80/100|[from] item: Leftovers
|upkeep
|turn|21
|
|t:|1661567886
|move|p1a: rotomwash|Nasty Plot|p1a: rotomwash
|-boost|p1a: rotomwash|spa|2
|move|p2a: Tapu Fini|Moonblast|p1a: rotomwash
|-damage|p1a: rotomwash|56/100
|
|-heal|p1a: rotomwash|62/100|[from] item: Leftovers
|-heal|p2a: Tapu Fini|86/100|[from] item: Leftovers
|upkeep
|turn|22
|
|t:|1661567888
|move|p1a: rotomwash|Thunderbolt|p2a: Tapu Fini
|-supereffective|p2a: Tapu Fini
|-damage|p2a: Tapu Fini|0 fnt
|faint|p2a: Tapu Fini
|
|-heal|p1a: rotomwash|69/100|[from] item: Leftovers
|upkeep
|
|t:|1661567890
|switch|p2a: Weavile|Weavile, M|84/100
|-ability|p2a: Weavile|Pressure
|turn|23
|
|t:|1661567891
|switch|p1a: Tangrowth|Tangrowth, F|100/100
|move|p2a: Weavile|Knock Off|p1a: Tangrowth
|-damage|p1a: Tangrowth|57/100
|-damage|p2a: Weavile|68/100|[from] item: Rocky Helmet|[of] p1a: Tangrowth
|-enditem|p1a: Tangrowth|Rocky Helmet|[from] move: Knock Off|[of] p2a: Weavile
|
|upkeep
|turn|24
|
|t:|1661567893
|switch|p2a: Dragapult|Dragapult, M|100/100
|move|p1a: Tangrowth|Knock Off|p2a: Dragapult
|-supereffective|p2a: Dragapult
|-damage|p2a: Dragapult|44/100
|-enditem|p2a: Dragapult|Choice Specs|[from] move: Knock Off|[of] p1a: Tangrowth
|
|-fieldend|Misty Terrain
|upkeep
|turn|25
|
|t:|1661567896
|switch|p1a: landorustherian|Landorus-Therian, M|44/100
|-ability|p1a: landorustherian|Intimidate|boost
|-unboost|p2a: Dragapult|atk|1
|move|p2a: Dragapult|Flamethrower|p1a: landorustherian
|-damage|p1a: landorustherian|24/100
|
|-heal|p1a: landorustherian|30/100|[from] item: Leftovers
|upkeep
|turn|26
|
|t:|1661567898
|move|p2a: Dragapult|Surf|p1a: landorustherian
|-supereffective|p1a: landorustherian
|-damage|p1a: landorustherian|0 fnt
|faint|p1a: landorustherian
|
|upkeep
|
|t:|1661567898
|switch|p1a: Weavile|Weavile, M|100/100
|-ability|p1a: Weavile|Pressure
|turn|27
|
|t:|1661567900
|move|p1a: Weavile|Triple Axel|p2a: Dragapult
|-supereffective|p2a: Dragapult
|-damage|p2a: Dragapult|4/100
|-supereffective|p2a: Dragapult
|-damage|p2a: Dragapult|0 fnt
|faint|p2a: Dragapult
|-hitcount|p2: Dragapult|2
|
|upkeep
|
|t:|1661567901
|switch|p2a: Weavile|Weavile, M|68/100
|-ability|p2a: Weavile|Pressure
|turn|28
|
|t:|1661567903
|move|p1a: Weavile|Triple Axel|p2a: Weavile
|-resisted|p2a: Weavile
|-damage|p2a: Weavile|56/100
|-resisted|p2a: Weavile
|-damage|p2a: Weavile|29/100
|-resisted|p2a: Weavile
|-damage|p2a: Weavile|0 fnt
|faint|p2a: Weavile
|-hitcount|p2: Weavile|3
|
|win|minimax_ai
|raw|minimax_ai's rating: 1438 &rarr; <strong>1464</strong><br />(+26 for winning)
|raw|samohi0's rating: 1553 &rarr; <strong>1527</strong><br />(-26 for losing)
|c|☆minimax_ai|gg
