|raw|<div class="broadcast-blue"><strong>This battle is required to be public due to a player having a name starting with 'lt93oq'.</div>
|j|☆LT93OQ ouille
|j|☆Coach Jones 6fifth
|t:|1660662650
|gametype|singles
|player|p1|LT93OQ ouille|zinnia|1823
|player|p2|Coach Jones 6fifth|lusamine-nihilego|1822
|teamsize|p1|6
|teamsize|p2|6
|gen|8
|tier|[Gen 8] OU
|rated|
|rule|Sleep Clause Mod: Limit one foe put to sleep
|rule|Species Clause: Limit one of each Pokémon
|rule|OHKO Clause: OHKO moves are banned
|rule|Evasion Items Clause: Evasion items are banned
|rule|Evasion Moves Clause: Evasion moves are banned
|rule|Endless Battle Clause: Forcing endless battles is banned
|rule|HP Percentage Mod: HP is shown in percentages
|rule|Dynamax Clause: You cannot dynamax
|clearpoke
|poke|p1|Melmetal|
|poke|p1|Magnezone|
|poke|p1|Tapu Fini|
|poke|p1|Volcarona, F|
|poke|p1|Togekiss, F|
|poke|p1|Landorus-Therian, M|
|poke|p2|Heatran, F|
|poke|p2|Zapdos|
|poke|p2|Rillaboom, M|
|poke|p2|Tapu Fini|
|poke|p2|Landorus-Therian, M|
|poke|p2|Ferrothorn, M|
|teampreview
|
|t:|1660662674
|start
|switch|p1a: Togekiss|Togekiss, F|100/100
|switch|p2a: Zapdos|Zapdos|100/100
|turn|1
|
|t:|1660662680
|switch|p1a: Landorus|Landorus-Therian, M|100/100
|-ability|p1a: Landorus|Intimidate|boost
|-unboost|p2a: Zapdos|atk|1
|move|p2a: Zapdos|Toxic|p1a: Landorus
|-status|p1a: Landorus|tox
|
|-damage|p1a: Landorus|94/100 tox|[from] psn
|upkeep
|turn|2
|j| noobwatergym
|
|t:|1660662691
|move|p2a: Zapdos|Hurricane|p1a: Landorus|[miss]
|-miss|p2a: Zapdos|p1a: Landorus
|move|p1a: Landorus|Toxic|p2a: Zapdos
|-status|p2a: Zapdos|tox
|
|-heal|p1a: Landorus|100/100 tox|[from] item: Leftovers
|-damage|p2a: Zapdos|94/100 tox|[from] psn
|-damage|p1a: Landorus|88/100 tox|[from] psn
|upkeep
|turn|3
|j| Chiharu haru
|j| lt93oq ruby
|j| LT93OQ Bee
|
|t:|1660662752
|switch|p1a: Melmetal|Melmetal|100/100
|move|p2a: Zapdos|Hurricane|p1a: Melmetal
|-resisted|p1a: Melmetal
|-damage|p1a: Melmetal|84/100
|-start|p1a: Melmetal|confusion
|
|-damage|p2a: Zapdos|82/100 tox|[from] psn
|upkeep
|turn|4
|inactive|Battle timer is ON: inactive players will automatically lose when time's up. (requested by Coach Jones 6fifth)
|
|t:|1660662767
|switch|p1a: Landorus|Landorus-Therian, M|88/100 tox
|-ability|p1a: Landorus|Intimidate|boost
|-unboost|p2a: Zapdos|atk|1
|move|p2a: Zapdos|Volt Switch|p1a: Landorus
|-immune|p1a: Landorus
|
|-heal|p1a: Landorus|94/100 tox|[from] item: Leftovers
|-damage|p2a: Zapdos|64/100 tox|[from] psn
|-damage|p1a: Landorus|88/100 tox|[from] psn
|upkeep
|turn|5
|l| lt93oq ruby
|
|t:|1660662781
|switch|p2a: Tapu Fini|Tapu Fini|100/100
|-fieldstart|move: Misty Terrain|[from] ability: Misty Surge|[of] p2a: Tapu Fini
|switch|p1a: Melmetal|Melmetal|84/100
|
|upkeep
|turn|6
|
|t:|1660662793
|switch|p2a: Ferrothorn|Ferrothorn, M|100/100
|move|p1a: Melmetal|Earthquake|p2a: Ferrothorn
|-damage|p2a: Ferrothorn|77/100
|
|-heal|p2a: Ferrothorn|83/100|[from] item: Leftovers
|upkeep
|turn|7
|c|☆LT93OQ ouille|hmmm
|
|t:|1660662808
|switch|p1a: Magnezone|Magnezone|100/100
|move|p2a: Ferrothorn|Stealth Rock|p1a: Magnezone
|-sidestart|p1: LT93OQ ouille|move: Stealth Rock
|
|-heal|p2a: Ferrothorn|89/100|[from] item: Leftovers
|upkeep
|turn|8
|
|t:|1660662811
|move|p1a: Magnezone|Iron Defense|p1a: Magnezone
|-boost|p1a: Magnezone|def|2
|move|p2a: Ferrothorn|Leech Seed|p1a: Magnezone|[miss]
|-miss|p2a: Ferrothorn|p1a: Magnezone
|
|-heal|p2a: Ferrothorn|96/100|[from] item: Leftovers
|upkeep
|turn|9
|
|t:|1660662815
|move|p1a: Magnezone|Iron Defense|p1a: Magnezone
|-boost|p1a: Magnezone|def|2
|move|p2a: Ferrothorn|Leech Seed|p1a: Magnezone
|-start|p1a: Magnezone|move: Leech Seed
|
|-heal|p2a: Ferrothorn|100/100|[from] item: Leftovers
|-damage|p1a: Magnezone|88/100|[from] Leech Seed|[of] p2a: Ferrothorn
|-fieldend|Misty Terrain
|upkeep
|turn|10
|
|t:|1660662824
|move|p1a: Magnezone|Body Press|p2a: Ferrothorn
|-supereffective|p2a: Ferrothorn
|-damage|p2a: Ferrothorn|7/100
|-damage|p1a: Magnezone|75/100|[from] ability: Iron Barbs|[of] p2a: Ferrothorn
|move|p2a: Ferrothorn|Knock Off|p1a: Magnezone
|-damage|p1a: Magnezone|70/100
|-damage|p2a: Ferrothorn|0 fnt|[from] item: Rocky Helmet|[of] p1a: Magnezone
|faint|p2a: Ferrothorn
|
|upkeep
|
|t:|1660662827
|switch|p2a: Heatran|Heatran, F, shiny|100/100
|turn|11
|
|t:|1660662836
|switch|p1a: Landorus|Landorus-Therian, M|88/100 tox
|-damage|p1a: Landorus|76/100 tox|[from] Stealth Rock
|-ability|p1a: Landorus|Intimidate|boost
|-unboost|p2a: Heatran|atk|1
|move|p2a: Heatran|Magma Storm|p1a: Landorus
|-damage|p1a: Landorus|37/100 tox
|-activate|p1a: Landorus|move: Magma Storm|[of] p2a: Heatran
|
|-heal|p1a: Landorus|43/100 tox|[from] item: Leftovers
|-damage|p1a: Landorus|37/100 tox|[from] psn
|-damage|p1a: Landorus|24/100 tox|[from] move: Magma Storm|[partiallytrapped]
|upkeep
|turn|12
|
|t:|1660662840
|switch|p2a: Rillaboom|Rillaboom, M|100/100
|-fieldstart|move: Grassy Terrain|[from] ability: Grassy Surge|[of] p2a: Rillaboom
|move|p1a: Landorus|Defog|p2a: Rillaboom
|-unboost|p2a: Rillaboom|evasion|1
|-sideend|p1: LT93OQ ouille|Stealth Rock|[from] move: Defog|[of] p1a: Landorus
|-fieldend|move: Grassy Terrain
|
|-heal|p1a: Landorus|30/100 tox|[from] item: Leftovers
|-damage|p1a: Landorus|18/100 tox|[from] psn
|-end|p1a: Landorus|Magma Storm|[partiallytrapped]|[silent]
|upkeep
|turn|13
|
|t:|1660662860
|switch|p1a: Magnezone|Magnezone|70/100
|move|p2a: Rillaboom|Knock Off|p1a: Magnezone
|-damage|p1a: Magnezone|38/100
|-damage|p2a: Rillaboom|84/100|[from] item: Rocky Helmet|[of] p1a: Magnezone
|-enditem|p1a: Magnezone|Rocky Helmet|[from] move: Knock Off|[of] p2a: Rillaboom
|-damage|p2a: Rillaboom|74/100|[from] item: Life Orb
|
|upkeep
|turn|14
|j| trumps convoy
|inactive|LT93OQ ouille has 120 seconds left.
|j| visatyoudai
|j| oophyte
|
|t:|1660662894
|switch|p2a: Heatran|Heatran, F, shiny|100/100
|switch|p1a: Togekiss|Togekiss, F|100/100
|
|upkeep
|turn|15
|
|t:|1660662897
|switch|p2a: Zapdos|Zapdos|64/100 tox
|move|p1a: Togekiss|Trick|p2a: Zapdos
|-activate|p1a: Togekiss|move: Trick|[of] p2a: Zapdos
|-item|p2a: Zapdos|Choice Scarf|[from] move: Trick
|-item|p1a: Togekiss|Heavy-Duty Boots|[from] move: Trick
|
|-damage|p2a: Zapdos|58/100 tox|[from] psn
|upkeep
|turn|16
|l| trumps convoy
|
|t:|1660662905
|switch|p1a: Landorus|Landorus-Therian, M|18/100 tox
|-ability|p1a: Landorus|Intimidate|boost
|-unboost|p2a: Zapdos|atk|1
|move|p2a: Zapdos|Hurricane|p1a: Landorus|[miss]
|-miss|p2a: Zapdos|p1a: Landorus
|
|-heal|p1a: Landorus|24/100 tox|[from] item: Leftovers
|-damage|p2a: Zapdos|46/100 tox|[from] psn
|-damage|p1a: Landorus|18/100 tox|[from] psn
|upkeep
|turn|17
|
|t:|1660662921
|switch|p2a: Rillaboom|Rillaboom, M|74/100
|-fieldstart|move: Grassy Terrain|[from] ability: Grassy Surge|[of] p2a: Rillaboom
|switch|p1a: Togekiss|Togekiss, F|100/100
|
|-heal|p2a: Rillaboom|80/100|[from] Grassy Terrain
|upkeep
|turn|18
|
|t:|1660662925
|switch|p2a: Zapdos|Zapdos|46/100 tox
|move|p1a: Togekiss|Nasty Plot|p1a: Togekiss
|-boost|p1a: Togekiss|spa|2
|
|-damage|p2a: Zapdos|40/100 tox|[from] psn
|upkeep
|turn|19
|
|t:|1660662933
|switch|p1a: Landorus|Landorus-Therian, M|18/100 tox
|-ability|p1a: Landorus|Intimidate|boost
|-unboost|p2a: Zapdos|atk|1
|move|p2a: Zapdos|Hurricane|p1a: Landorus
|-damage|p1a: Landorus|0 fnt
|faint|p1a: Landorus
|
|-damage|p2a: Zapdos|28/100 tox|[from] psn
|upkeep
|j| Jurassienpro
|
|t:|1660662950
|switch|p1a: Volcarona|Volcarona, F|100/100
|turn|20
|j| Screaming light
|l| Jurassienpro
|
|t:|1660662968
|switch|p2a: Heatran|Heatran, F, shiny|100/100
|move|p1a: Volcarona|Quiver Dance|p1a: Volcarona
|-boost|p1a: Volcarona|spa|1
|-boost|p1a: Volcarona|spd|1
|-boost|p1a: Volcarona|spe|1
|
|upkeep
|turn|21
|
|t:|1660662975
|move|p1a: Volcarona|Substitute|p1a: Volcarona
|-start|p1a: Volcarona|Substitute
|-damage|p1a: Volcarona|76/100
|move|p2a: Heatran|Magma Storm|p1a: Volcarona
|-end|p1a: Volcarona|Substitute
|
|-heal|p1a: Volcarona|82/100|[from] Grassy Terrain
|-heal|p1a: Volcarona|88/100|[from] item: Leftovers
|-fieldend|move: Grassy Terrain
|upkeep
|turn|22
|c|☆LT93OQ ouille|what
|
|t:|1660662989
|switch|p2a: Landorus|Landorus-Therian, M|100/100
|-ability|p2a: Landorus|Intimidate|boost
|-unboost|p1a: Volcarona|atk|1
|move|p1a: Volcarona|Quiver Dance|p1a: Volcarona
|-boost|p1a: Volcarona|spa|1
|-boost|p1a: Volcarona|spd|1
|-boost|p1a: Volcarona|spe|1
|
|-heal|p1a: Volcarona|94/100|[from] item: Leftovers
|upkeep
|turn|23
|
|t:|1660662994
|move|p1a: Volcarona|Substitute|p1a: Volcarona
|-start|p1a: Volcarona|Substitute
|-damage|p1a: Volcarona|69/100
|move|p2a: Landorus|Stone Edge|p1a: Volcarona
|-supereffective|p1a: Volcarona
|-end|p1a: Volcarona|Substitute
|
|-heal|p1a: Volcarona|75/100|[from] item: Leftovers
|upkeep
|turn|24
|
|t:|1660663000
|move|p1a: Volcarona|Fiery Dance|p2a: Landorus
|-damage|p2a: Landorus|51/100
|-boost|p1a: Volcarona|spa|1
|move|p2a: Landorus|Earthquake|p1a: Volcarona
|-damage|p1a: Volcarona|3/100
|
|-heal|p1a: Volcarona|9/100|[from] item: Leftovers
|upkeep
|turn|25
|
|t:|1660663008
|switch|p2a: Heatran|Heatran, F, shiny|100/100
|move|p1a: Volcarona|Fiery Dance|p2a: Heatran
|-start|p2a: Heatran|ability: Flash Fire
|
|-heal|p1a: Volcarona|15/100|[from] item: Leftovers
|upkeep
|turn|26
|
|t:|1660663013
|move|p1a: Volcarona|Psychic|p2a: Heatran
|-resisted|p2a: Heatran
|-damage|p2a: Heatran|66/100
|move|p2a: Heatran|Earth Power|p1a: Volcarona
|-damage|p1a: Volcarona|4/100
|
|-heal|p1a: Volcarona|10/100|[from] item: Leftovers
|upkeep
|turn|27
|
|t:|1660663020
|move|p1a: Volcarona|Psychic|p2a: Heatran
|-resisted|p2a: Heatran
|-damage|p2a: Heatran|31/100
|move|p2a: Heatran|Earth Power|p1a: Volcarona
|-damage|p1a: Volcarona|0 fnt
|faint|p1a: Volcarona
|
|upkeep
|j| Mr.Tordu
|l| oophyte
|inactive|LT93OQ ouille has 120 seconds left.
|
|t:|1660663067
|switch|p1a: Tapu Fini|Tapu Fini|100/100
|-fieldstart|move: Misty Terrain|[from] ability: Misty Surge|[of] p1a: Tapu Fini
|turn|28
|
|t:|1660663082
|-end|p2a: Heatran|ability: Flash Fire|[silent]
|switch|p2a: Tapu Fini|Tapu Fini|100/100
|move|p1a: Tapu Fini|Scald|p2a: Tapu Fini
|-resisted|p2a: Tapu Fini
|-damage|p2a: Tapu Fini|88/100
|
|upkeep
|turn|29
|inactive|LT93OQ ouille has 120 seconds left.
|
|t:|1660663092
|switch|p1a: Magnezone|Magnezone|38/100
|move|p2a: Tapu Fini|Trick|p1a: Magnezone
|-activate|p2a: Tapu Fini|move: Trick|[of] p1a: Magnezone
|-item|p1a: Magnezone|Choice Scarf|[from] move: Trick
|-enditem|p2a: Tapu Fini|Choice Scarf|[silent]|[from] move: Trick
|
|upkeep
|turn|30
|j| verfeb111
|j| Sober umbreon
|inactive|LT93OQ ouille has 120 seconds left.
|
|t:|1660663104
|switch|p2a: Landorus|Landorus-Therian, M|51/100
|-ability|p2a: Landorus|Intimidate|boost
|-unboost|p1a: Magnezone|atk|1
|switch|p1a: Togekiss|Togekiss, F|100/100
|
|upkeep
|turn|31
|inactive|LT93OQ ouille has 120 seconds left.
|
|t:|1660663116
|switch|p1a: Magnezone|Magnezone|38/100
|move|p2a: Landorus|Stone Edge|p1a: Magnezone
|-resisted|p1a: Magnezone
|-crit|p1a: Magnezone
|-damage|p1a: Magnezone|16/100
|
|upkeep
|turn|32
|inactive|LT93OQ ouille has 120 seconds left.
|
|t:|1660663130
|move|p1a: Magnezone|Toxic|p2a: Landorus
|-status|p2a: Landorus|tox
|move|p2a: Landorus|Knock Off|p1a: Magnezone
|-damage|p1a: Magnezone|0 fnt
|-enditem|p1a: Magnezone|Choice Scarf|[from] move: Knock Off|[of] p2a: Landorus
|faint|p1a: Magnezone
|
|-damage|p2a: Landorus|45/100 tox|[from] psn
|-fieldend|Misty Terrain
|upkeep
|inactive|LT93OQ ouille has 120 seconds left.
|
|t:|1660663137
|switch|p1a: Togekiss|Togekiss, F|100/100
|turn|33
|l| Screaming light
|inactive|Coach Jones 6fifth has 120 seconds left.
|
|t:|1660663173
|move|p1a: Togekiss|Air Slash|p2a: Landorus
|-damage|p2a: Landorus|17/100 tox
|move|p2a: Landorus|Stone Edge|p1a: Togekiss
|-supereffective|p1a: Togekiss
|-damage|p1a: Togekiss|1/100
|
|-damage|p2a: Landorus|5/100 tox|[from] psn
|upkeep
|turn|34
|l| Mr.Tordu
|c|☆LT93OQ ouille|noooo
|
|t:|1660663194
|move|p1a: Togekiss|Air Slash|p2a: Landorus
|-damage|p2a: Landorus|0 fnt
|faint|p2a: Landorus
|
|upkeep
|inactive|Coach Jones 6fifth has 120 seconds left.
|
|t:|1660663216
|switch|p2a: Zapdos|Zapdos|28/100 tox
|turn|35
|
|t:|1660663228
|switch|p1a: Melmetal|Melmetal|84/100
|move|p2a: Zapdos|Volt Switch|p1a: Melmetal
|-damage|p1a: Melmetal|63/100
|inactive|Coach Jones 6fifth has 120 seconds left.
|
|t:|1660663236
|switch|p2a: Heatran|Heatran, F, shiny|31/100|[from]move: Volt Switch
|
|upkeep
|turn|36
|
|t:|1660663242
|switch|p1a: Tapu Fini|Tapu Fini|100/100
|-fieldstart|move: Misty Terrain|[from] ability: Misty Surge|[of] p1a: Tapu Fini
|move|p2a: Heatran|Magma Storm|p1a: Tapu Fini|[miss]
|-miss|p2a: Heatran|p1a: Tapu Fini
|
|upkeep
|turn|37
|
|t:|1660663261
|move|p2a: Heatran|Solar Beam||[still]
|-prepare|p2a: Heatran|Solar Beam
|-enditem|p2a: Heatran|Power Herb
|-anim|p2a: Heatran|Solar Beam|p1a: Tapu Fini
|-supereffective|p1a: Tapu Fini
|-damage|p1a: Tapu Fini|29/100
|move|p1a: Tapu Fini|Calm Mind|p1a: Tapu Fini
|-boost|p1a: Tapu Fini|spa|1
|-boost|p1a: Tapu Fini|spd|1
|
|-heal|p1a: Tapu Fini|35/100|[from] item: Leftovers
|upkeep
|turn|38
|
|t:|1660663275
|move|p2a: Heatran|Earth Power|p1a: Tapu Fini
|-damage|p1a: Tapu Fini|16/100
|move|p1a: Tapu Fini|Scald|p2a: Heatran
|-supereffective|p2a: Heatran
|-damage|p2a: Heatran|0 fnt
|faint|p2a: Heatran
|
|-heal|p1a: Tapu Fini|23/100|[from] item: Leftovers
|upkeep
|
|t:|1660663278
|switch|p2a: Zapdos|Zapdos|28/100 tox
|turn|39
|j| Undorian
|l| Undorian
|l| LT93OQ Bee
|
|t:|1660663308
|move|p2a: Zapdos|Volt Switch|p1a: Tapu Fini
|-supereffective|p1a: Tapu Fini
|-damage|p1a: Tapu Fini|0 fnt
|faint|p1a: Tapu Fini
|
|t:|1660663333
|switch|p2a: Rillaboom|Rillaboom, M|80/100|[from]move: Volt Switch
|-fieldstart|move: Grassy Terrain|[from] ability: Grassy Surge|[of] p2a: Rillaboom
|
|-heal|p2a: Rillaboom|86/100|[from] Grassy Terrain
|upkeep
|
|t:|1660663344
|switch|p1a: Melmetal|Melmetal|63/100
|turn|40
|
|t:|1660663350
|switch|p1a: Togekiss|Togekiss, F|1/100
|move|p2a: Rillaboom|Superpower|p1a: Togekiss
|-resisted|p1a: Togekiss
|-damage|p1a: Togekiss|0 fnt
|-unboost|p2a: Rillaboom|atk|1
|-unboost|p2a: Rillaboom|def|1
|faint|p1a: Togekiss
|-damage|p2a: Rillaboom|76/100|[from] item: Life Orb
|
|-heal|p2a: Rillaboom|83/100|[from] Grassy Terrain
|upkeep
|
|t:|1660663352
|switch|p1a: Melmetal|Melmetal|63/100
|turn|41
|
|t:|1660663356
|switch|p2a: Tapu Fini|Tapu Fini|88/100
|-fieldstart|move: Misty Terrain|[from] ability: Misty Surge|[of] p2a: Tapu Fini
|move|p1a: Melmetal|Double Iron Bash|p2a: Tapu Fini
|-damage|p2a: Tapu Fini|51/100
|-damage|p2a: Tapu Fini|12/100
|-hitcount|p2a: Tapu Fini|2
|
|upkeep
|turn|42
|j| LT93OQ cordo
|
|t:|1660663360
|move|p2a: Tapu Fini|Surf|p1a: Melmetal
|-damage|p1a: Melmetal|44/100
|move|p1a: Melmetal|Double Iron Bash|p2a: Tapu Fini
|-damage|p2a: Tapu Fini|0 fnt
|faint|p2a: Tapu Fini
|-hitcount|p2: Tapu Fini|1
|
|upkeep
|
|t:|1660663374
|switch|p2a: Rillaboom|Rillaboom, M|83/100
|-fieldstart|move: Grassy Terrain|[from] ability: Grassy Surge|[of] p2a: Rillaboom
|turn|43
|l| LT93OQ cordo
|
|t:|1660663380
|move|p2a: Rillaboom|Superpower|p1a: Melmetal
|-supereffective|p1a: Melmetal
|-damage|p1a: Melmetal|0 fnt
|-unboost|p2a: Rillaboom|atk|1
|-unboost|p2a: Rillaboom|def|1
|faint|p1a: Melmetal
|-damage|p2a: Rillaboom|73/100|[from] item: Life Orb
|
|win|Coach Jones 6fifth
|raw|LT93OQ ouille's rating: 1823 &rarr; <strong>1803</strong><br />(-20 for losing)
|raw|Coach Jones 6fifth's rating: 1822 &rarr; <strong>1842</strong><br />(+20 for winning)
|l|☆Coach Jones 6fifth
|l| noobwatergym
|l|☆LT93OQ ouille
||Ladder isn't responding, score probably updated but might not have (Request timeout).
