|j|☆sht testing
|j|☆Contorted Lies
|t:|1605903660
|player|p1|sht testing|oak-gen1|1933
|player|p2|Contorted Lies|170|1955
|teamsize|p1|6
|teamsize|p2|6
|gametype|singles
|gen|8
|tier|[Gen 8] OU
|rated|
|clearpoke
|poke|p1|Tornadus-Therian, M|
|poke|p1|Pelipper, F|
|poke|p1|Seismitoad, F|
|poke|p1|Crawdaunt, F|
|poke|p1|Ferrothorn, F|
|poke|p1|Magearna-Original|
|poke|p2|Cinderace, F|
|poke|p2|Tyranitar, M|
|poke|p2|Excadrill, F|
|poke|p2|Buzzwole|
|poke|p2|Slowbro, F|
|poke|p2|Magearna|
|rule|Sleep Clause Mod: Limit one foe put to sleep
|rule|Species Clause: Limit one of each Pokémon
|rule|OHKO Clause: OHKO moves are banned
|rule|Evasion Moves Clause: Evasion moves are banned
|rule|Endless Battle Clause: Forcing endless battles is banned
|rule|HP Percentage Mod: HP is shown in percentages
|rule|Dynamax Clause: You cannot dynamax
|teampreview
|
|t:|1605903666
|start
|switch|p1a: Pelipper|Pelipper, F|100/100
|switch|p2a: Cinderace|Cinderace, F|100/100
|-weather|RainDance|[from] ability: Drizzle|[of] p1a: Pelipper
|turn|1
|
|t:|1605903671
|switch|p1a: Ferrothorn|Ferrothorn, F|100/100
|move|p2a: Cinderace|U-turn|p1a: Ferrothorn
|-start|p2a: Cinderace|typechange|Bug|[from] ability: Libero
|-damage|p1a: Ferrothorn|64/100
|-damage|p2a: Cinderace|88/100|[from] ability: Iron Barbs|[of] p1a: Ferrothorn
|
|t:|1605903673
|switch|p2a: Tyranitar|Tyranitar, M|100/100|[from]move: U-turn
|-weather|Sandstorm|[from] ability: Sand Stream|[of] p2a: Tyranitar
|
|-weather|Sandstorm|[upkeep]
|upkeep
|turn|2
|
|t:|1605903676
|move|p2a: Tyranitar|Superpower|p1a: Ferrothorn
|-supereffective|p1a: Ferrothorn
|-enditem|p1a: Ferrothorn|Chople Berry|[eat]
|-enditem|p1a: Ferrothorn|Chople Berry|[weaken]
|-damage|p1a: Ferrothorn|16/100
|-unboost|p2a: Tyranitar|atk|1
|-unboost|p2a: Tyranitar|def|1
|-damage|p2a: Tyranitar|88/100|[from] ability: Iron Barbs|[of] p1a: Ferrothorn
|move|p1a: Ferrothorn|Stealth Rock|p2a: Tyranitar
|-sidestart|p2: Contorted Lies|move: Stealth Rock
|
|-weather|Sandstorm|[upkeep]
|upkeep
|turn|3
|
|t:|1605903682
|switch|p2a: Slowbro|Slowbro, F|100/100
|-damage|p2a: Slowbro|88/100|[from] Stealth Rock
|switch|p1a: Pelipper|Pelipper, F|100/100
|-weather|RainDance|[from] ability: Drizzle|[of] p1a: Pelipper
|
|-weather|RainDance|[upkeep]
|-heal|p2a: Slowbro|94/100|[from] item: Leftovers
|upkeep
|turn|4
|
|t:|1605903685
|switch|p2a: Magearna|Magearna|100/100
|-damage|p2a: Magearna|94/100|[from] Stealth Rock
|move|p1a: Pelipper|U-turn|p2a: Magearna
|-resisted|p2a: Magearna
|-damage|p2a: Magearna|93/100
|j| sado0asoppoas
|
|t:|1605903691
|switch|p1a: Seismitoad|Seismitoad, F|100/100|[from]move: U-turn
|
|-weather|RainDance|[upkeep]
|upkeep
|turn|5
|
|t:|1605903695
|move|p1a: Seismitoad|Earth Power|p2a: Magearna
|-supereffective|p2a: Magearna
|-damage|p2a: Magearna|28/100
|move|p2a: Magearna|Fleur Cannon|p1a: Seismitoad
|-damage|p1a: Seismitoad|3/100
|-unboost|p2a: Magearna|spa|2
|
|-weather|RainDance|[upkeep]
|upkeep
|turn|6
|j| Tweety McTweet
|c|☆sht testing|ouch
|
|t:|1605903703
|switch|p2a: Buzzwole|Buzzwole|100/100
|-damage|p2a: Buzzwole|88/100|[from] Stealth Rock
|move|p1a: Seismitoad|Earth Power|p2a: Buzzwole
|-resisted|p2a: Buzzwole
|-damage|p2a: Buzzwole|63/100
|
|-weather|RainDance|[upkeep]
|-heal|p2a: Buzzwole|69/100|[from] item: Leftovers
|upkeep
|turn|7
|j| 0zorcNecropHADES
|
|t:|1605903712
|switch|p1a: Tornadus|Tornadus-Therian, M|100/100
|switch|p2a: Tyranitar|Tyranitar, M|88/100
|-damage|p2a: Tyranitar|76/100|[from] Stealth Rock
|-weather|Sandstorm|[from] ability: Sand Stream|[of] p2a: Tyranitar
|
|-weather|Sandstorm|[upkeep]
|-damage|p1a: Tornadus|94/100|[from] Sandstorm
|upkeep
|turn|8
|
|t:|1605903715
|move|p1a: Tornadus|Focus Blast|p2a: Tyranitar
|-supereffective|p2a: Tyranitar
|-damage|p2a: Tyranitar|0 fnt
|faint|p2a: Tyranitar
|
|-weather|Sandstorm|[upkeep]
|-damage|p1a: Tornadus|88/100|[from] Sandstorm
|upkeep
|j| 3Fraken
|
|t:|1605903717
|switch|p2a: Excadrill|Excadrill, F|100/100
|-damage|p2a: Excadrill|97/100|[from] Stealth Rock
|turn|9
|
|t:|1605903720
|switch|p1a: Pelipper|Pelipper, F|100/100
|-weather|RainDance|[from] ability: Drizzle|[of] p1a: Pelipper
|move|p2a: Excadrill|Rapid Spin|p1a: Pelipper
|-damage|p1a: Pelipper|84/100
|-boost|p2a: Excadrill|spe|1
|-sideend|p2: Contorted Lies|Stealth Rock|[from] move: Rapid Spin|[of] p2a: Excadrill
|
|-weather|RainDance|[upkeep]
|-heal|p2a: Excadrill|100/100|[from] item: Leftovers
|upkeep
|turn|10
|
|t:|1605903726
|move|p2a: Excadrill|Stealth Rock|p1a: Pelipper
|-sidestart|p1: sht testing|move: Stealth Rock
|move|p1a: Pelipper|U-turn|p2a: Excadrill
|-resisted|p2a: Excadrill
|-damage|p2a: Excadrill|94/100
|j| AnimaticLunatic
|l| AnimaticLunatic
|
|t:|1605903743
|switch|p1a: Tornadus|Tornadus-Therian, M|100/100|[from]move: U-turn
|
|-weather|RainDance|[upkeep]
|-heal|p2a: Excadrill|99/100|[from] item: Leftovers
|upkeep
|turn|11
|
|t:|1605903746
|move|p2a: Excadrill|Iron Head|p1a: Tornadus
|-damage|p1a: Tornadus|32/100
|move|p1a: Tornadus|Weather Ball|p2a: Excadrill
|-supereffective|p2a: Excadrill
|-damage|p2a: Excadrill|0 fnt
|faint|p2a: Excadrill
|
|-weather|RainDance|[upkeep]
|upkeep
|
|t:|1605903751
|switch|p2a: Cinderace|Cinderace, F|88/100
|turn|12
|
|t:|1605903754
|switch|p1a: Seismitoad|Seismitoad, F|3/100
|-damage|p1a: Seismitoad|0 fnt|[from] Stealth Rock
|faint|p1a: Seismitoad
|move|p2a: Cinderace|High Jump Kick|p1: Seismitoad|[notarget]
|-fail|p2a: Cinderace
|
|-weather|RainDance|[upkeep]
|upkeep
|j| AnimaticLunatic
|
|t:|1605903756
|switch|p1a: Tornadus|Tornadus-Therian, M|65/100
|turn|13
|l| AnimaticLunatic
|
|t:|1605903767
|switch|p1a: Ferrothorn|Ferrothorn, F|16/100
|-damage|p1a: Ferrothorn|9/100|[from] Stealth Rock
|switch|p2a: Magearna|Magearna|28/100
|
|-weather|RainDance|[upkeep]
|upkeep
|turn|14
|
|t:|1605903772
|move|p2a: Magearna|Flash Cannon|p1a: Ferrothorn
|-resisted|p1a: Ferrothorn
|-damage|p1a: Ferrothorn|0 fnt
|faint|p1a: Ferrothorn
|-ability|p2a: Magearna|Soul-Heart|boost
|-boost|p2a: Magearna|spa|1
|
|-weather|RainDance|[upkeep]
|upkeep
|
|t:|1605903789
|switch|p1a: Crawdaunt|Crawdaunt, F|100/100
|-damage|p1a: Crawdaunt|88/100|[from] Stealth Rock
|turn|15
|
|t:|1605903793
|move|p1a: Crawdaunt|Aqua Jet|p2a: Magearna
|-damage|p2a: Magearna|0 fnt
|faint|p2a: Magearna
|
|-weather|RainDance|[upkeep]
|upkeep
|
|t:|1605903797
|switch|p2a: Slowbro|Slowbro, F|100/100
|turn|16
|
|t:|1605903801
|switch|p1a: Magearna|Magearna-Original|100/100
|-damage|p1a: Magearna|94/100|[from] Stealth Rock
|move|p2a: Slowbro|Teleport|p2a: Slowbro
|
|t:|1605903803
|switch|p2a: Cinderace|Cinderace, F|88/100|[from]move: Teleport
|
|-weather|none
|upkeep
|turn|17
|
|t:|1605903808
|switch|p1a: Pelipper|Pelipper, F|84/100
|-damage|p1a: Pelipper|59/100|[from] Stealth Rock
|-weather|RainDance|[from] ability: Drizzle|[of] p1a: Pelipper
|move|p2a: Cinderace|High Jump Kick|p1a: Pelipper
|-start|p2a: Cinderace|typechange|Fighting|[from] ability: Libero
|-resisted|p1a: Pelipper
|-damage|p1a: Pelipper|19/100
|
|-weather|RainDance|[upkeep]
|upkeep
|turn|18
|j| AnimaticLunatic
|l| AnimaticLunatic
|
|t:|1605903816
|move|p2a: Cinderace|High Jump Kick|p1a: Pelipper
|-resisted|p1a: Pelipper
|-damage|p1a: Pelipper|0 fnt
|faint|p1a: Pelipper
|
|-weather|RainDance|[upkeep]
|upkeep
|
|t:|1605903817
|switch|p1a: Tornadus|Tornadus-Therian, M|98/100
|turn|19
|
|t:|1605903828
|switch|p2a: Slowbro|Slowbro, F|100/100
|move|p1a: Tornadus|Hurricane|p2a: Slowbro
|-damage|p2a: Slowbro|49/100
|
|-weather|RainDance|[upkeep]
|-heal|p2a: Slowbro|55/100|[from] item: Leftovers
|upkeep
|turn|20
|
|t:|1605903835
|move|p1a: Tornadus|Hurricane|p2a: Slowbro
|-damage|p2a: Slowbro|3/100
|move|p2a: Slowbro|Slack Off|p2a: Slowbro
|-heal|p2a: Slowbro|53/100
|
|-weather|RainDance|[upkeep]
|-heal|p2a: Slowbro|59/100|[from] item: Leftovers
|upkeep
|turn|21
|
|t:|1605903841
|move|p1a: Tornadus|Nasty Plot|p1a: Tornadus
|-boost|p1a: Tornadus|spa|2
|move|p2a: Slowbro|Slack Off|p2a: Slowbro
|-heal|p2a: Slowbro|100/100
|
|-weather|RainDance|[upkeep]
|upkeep
|turn|22
|j| Bohamham
|j| Yohhhh
|c|☆sht testing|gg
|
|t:|1605903856
|move|p1a: Tornadus|Hurricane|p2a: Slowbro
|-damage|p2a: Slowbro|0 fnt
|faint|p2a: Slowbro
|
|-weather|RainDance|[upkeep]
|upkeep
|l| Bohamham
|
|t:|1605903860
|switch|p2a: Cinderace|Cinderace, F|88/100
|turn|23
|
|t:|1605903865
|move|p1a: Tornadus|Weather Ball|p2a: Cinderace
|-supereffective|p2a: Cinderace
|-damage|p2a: Cinderace|0 fnt
|faint|p2a: Cinderace
|
|-weather|RainDance|[upkeep]
|upkeep
|-message|Contorted Lies forfeited.
|
|win|sht testing
|l|☆Contorted Lies
|l|☆sht testing
|l| Tweety McTweet
|l| sado0asoppoas
||Ladder (probably) updated, but score could not be retrieved (Request timeout).
