|html|<div class="broadcast-blue"><strong>[Gen 8] OU is currently suspecting Urshifu-S! For information on how to participate check out the <a href="https://www.smogon.com/forums/threads/np-ss-ou-suspect-process-round-8-aint-no-rest-for-the-wicked.3675310/">suspect thread</a>.</strong></div>
|j|☆c u soon boi
|j|☆lando expando
|t:|1609433919
|player|p1|c u soon boi|shauntal|1845
|player|p2|lando expando|rocketgrunt|1779
|teamsize|p1|6
|teamsize|p2|6
|gametype|singles
|gen|8
|tier|[Gen 8] OU
|rated|
|clearpoke
|poke|p1|Slowking-Galar, M|
|poke|p1|Slowbro, F|
|poke|p1|Cinderace, M|
|poke|p1|Tangrowth, M|
|poke|p1|Urshifu-*, F|
|poke|p1|Hippowdon, F|
|poke|p2|Tyrantrum, M|
|poke|p2|Latios, M|
|poke|p2|Heatran, F|
|poke|p2|Slowbro, F|
|poke|p2|Landorus-Therian, M|
|poke|p2|Drapion, M|
|rule|Sleep Clause Mod: Limit one foe put to sleep
|rule|Species Clause: Limit one of each Pokémon
|rule|OHKO Clause: OHKO moves are banned
|rule|Evasion Moves Clause: Evasion moves are banned
|rule|Endless Battle Clause: Forcing endless battles is banned
|rule|HP Percentage Mod: HP is shown in percentages
|rule|Dynamax Clause: You cannot dynamax
|teampreview
|j| 0zorcNecropHADES
|inactive|Battle timer is ON: inactive players will automatically lose when time's up. (requested by c u soon boi)
|
|t:|1609433940
|start
|switch|p1a: Urshifu|Urshifu-Rapid-Strike, F|100/100
|switch|p2a: Drapion|Drapion, M|100/100
|turn|1
|j| sapdiodaosi
|
|t:|1609433947
|move|p1a: Urshifu|U-turn|p2a: Drapion
|-damage|p2a: Drapion|82/100
|-damage|p1a: Urshifu|84/100|[from] item: Rocky Helmet|[of] p2a: Drapion
|
|t:|1609433955
|switch|p1a: Hippowdon|Hippowdon, F|100/100|[from]move: U-turn
|-weather|Sandstorm|[from] ability: Sand Stream|[of] p1a: Hippowdon
|move|p2a: Drapion|Knock Off|p1a: Hippowdon
|-damage|p1a: Hippowdon|77/100
|-enditem|p1a: Hippowdon|Leftovers|[from] move: Knock Off|[of] p2a: Drapion
|
|-weather|Sandstorm|[upkeep]
|-damage|p2a: Drapion|76/100|[from] Sandstorm
|upkeep
|turn|2
|
|t:|1609433964
|switch|p2a: Slowbro|Slowbro, F|100/100
|move|p1a: Hippowdon|Stealth Rock|p2a: Slowbro
|-sidestart|p2: lando expando|move: Stealth Rock
|
|-weather|Sandstorm|[upkeep]
|-damage|p2a: Slowbro|94/100|[from] Sandstorm
|upkeep
|turn|3
|
|t:|1609433973
|move|p2a: Slowbro|Scald|p1a: Hippowdon
|-supereffective|p1a: Hippowdon
|-damage|p1a: Hippowdon|37/100
|move|p1a: Hippowdon|Whirlwind|p2a: Slowbro
|drag|p2a: Landorus|Landorus-Therian, M|100/100
|-damage|p2a: Landorus|88/100|[from] Stealth Rock
|-ability|p2a: Landorus|Intimidate|boost
|-unboost|p1a: Hippowdon|atk|1
|
|-weather|Sandstorm|[upkeep]
|upkeep
|turn|4
|
|t:|1609433982
|move|p2a: Landorus|Earthquake|p1a: Hippowdon
|-damage|p1a: Hippowdon|0 fnt
|faint|p1a: Hippowdon
|
|-weather|Sandstorm|[upkeep]
|upkeep
|
|t:|1609433990
|switch|p1a: Tangrowth|Tangrowth, M|100/100
|turn|5
|
|t:|1609433994
|switch|p2a: Drapion|Drapion, M|76/100
|-damage|p2a: Drapion|64/100|[from] Stealth Rock
|move|p1a: Tangrowth|Sleep Powder|p2a: Drapion
|-status|p2a: Drapion|slp|[from] move: Sleep Powder
|
|-weather|none
|upkeep
|turn|6
|
|t:|1609434001
|cant|p2a: Drapion|slp
|move|p2a: Drapion|Sleep Talk|p2a: Drapion
|move|p2a: Drapion|Rest||[from]move: Sleep Talk|[still]
|-fail|p2a: Drapion
|move|p1a: Tangrowth|Knock Off|p2a: Drapion
|-resisted|p2a: Drapion
|-damage|p2a: Drapion|57/100 slp
|-damage|p1a: Tangrowth|84/100|[from] item: Rocky Helmet|[of] p2a: Drapion
|-enditem|p2a: Drapion|Rocky Helmet|[from] move: Knock Off|[of] p1a: Tangrowth
|
|upkeep
|turn|7
|j| SilentTurb0
|
|t:|1609434012
|switch|p1a: Urshifu|Urshifu-Rapid-Strike, F|84/100
|cant|p2a: Drapion|slp
|move|p2a: Drapion|Sleep Talk|p2a: Drapion
|move|p2a: Drapion|Rest||[from]move: Sleep Talk|[still]
|-fail|p2a: Drapion
|
|upkeep
|turn|8
|j| Vessev
|
|t:|1609434021
|move|p1a: Urshifu|U-turn|p2a: Drapion
|-damage|p2a: Drapion|38/100 slp
|
|t:|1609434024
|switch|p1a: Tangrowth|Tangrowth, M|100/100|[from]move: U-turn
|cant|p2a: Drapion|slp
|move|p2a: Drapion|Sleep Talk|p2a: Drapion
|move|p2a: Drapion|Earthquake|p1a: Tangrowth|[from]move: Sleep Talk
|-resisted|p1a: Tangrowth
|-damage|p1a: Tangrowth|95/100
|
|upkeep
|turn|9
|
|t:|1609434036
|-curestatus|p2a: Drapion|slp|[msg]
|move|p2a: Drapion|Knock Off|p1a: Tangrowth
|-damage|p1a: Tangrowth|77/100
|-damage|p2a: Drapion|21/100|[from] item: Rocky Helmet|[of] p1a: Tangrowth
|-enditem|p1a: Tangrowth|Rocky Helmet|[from] move: Knock Off|[of] p2a: Drapion
|move|p1a: Tangrowth|Leech Seed|p2a: Drapion
|-start|p2a: Drapion|move: Leech Seed
|
|-damage|p2a: Drapion|9/100|[from] Leech Seed|[of] p1a: Tangrowth
|-heal|p1a: Tangrowth|88/100|[silent]
|upkeep
|turn|10
|
|t:|1609434050
|switch|p1a: Urshifu|Urshifu-Rapid-Strike, F|84/100
|move|p2a: Drapion|Rest|p2a: Drapion
|-status|p2a: Drapion|slp|[from] move: Rest
|-heal|p2a: Drapion|100/100 slp|[silent]
|
|-damage|p2a: Drapion|88/100 slp|[from] Leech Seed|[of] p1a: Urshifu
|-heal|p1a: Urshifu|97/100|[silent]
|upkeep
|turn|11
|
|t:|1609434058
|switch|p2a: Slowbro|Slowbro, F|100/100
|-damage|p2a: Slowbro|88/100|[from] Stealth Rock
|move|p1a: Urshifu|U-turn|p2a: Slowbro
|-supereffective|p2a: Slowbro
|-damage|p2a: Slowbro|56/100
|-damage|p1a: Urshifu|80/100|[from] item: Rocky Helmet|[of] p2a: Slowbro
|
|t:|1609434067
|switch|p1a: Slowking|Slowking-Galar, M|100/100|[from]move: U-turn
|
|upkeep
|turn|12
|
|t:|1609434077
|switch|p2a: Heatran|Heatran, F|100/100
|-damage|p2a: Heatran|88/100|[from] Stealth Rock
|move|p1a: Slowking|Focus Blast|p2a: Heatran|[miss]
|-miss|p1a: Slowking|p2a: Heatran
|
|-heal|p2a: Heatran|94/100|[from] item: Leftovers
|upkeep
|turn|13
|
|t:|1609434084
|move|p2a: Heatran|Stealth Rock|p1a: Slowking
|-sidestart|p1: c u soon boi|move: Stealth Rock
|move|p1a: Slowking|Focus Blast|p2a: Heatran|[miss]
|-miss|p1a: Slowking|p2a: Heatran
|
|-heal|p2a: Heatran|100/100|[from] item: Leftovers
|upkeep
|turn|14
|
|t:|1609434090
|move|p2a: Heatran|Earth Power|p1a: Slowking
|-supereffective|p1a: Slowking
|-damage|p1a: Slowking|75/100
|move|p1a: Slowking|Focus Blast|p2a: Heatran
|-supereffective|p2a: Heatran
|-crit|p2a: Heatran
|-damage|p2a: Heatran|12/100
|
|-heal|p2a: Heatran|18/100|[from] item: Leftovers
|upkeep
|turn|15
|
|t:|1609434105
|move|p2a: Heatran|Earth Power|p1a: Slowking
|-supereffective|p1a: Slowking
|-damage|p1a: Slowking|47/100
|move|p1a: Slowking|Focus Blast|p2a: Heatran
|-supereffective|p2a: Heatran
|-damage|p2a: Heatran|0 fnt
|faint|p2a: Heatran
|
|upkeep
|
|t:|1609434120
|switch|p2a: Tyrantrum|Tyrantrum, M|100/100
|-damage|p2a: Tyrantrum|88/100|[from] Stealth Rock
|turn|16
|
|t:|1609434126
|switch|p1a: Tangrowth|Tangrowth, M|100/100
|-damage|p1a: Tangrowth|88/100|[from] Stealth Rock
|move|p2a: Tyrantrum|Head Smash|p1a: Tangrowth
|-damage|p1a: Tangrowth|24/100
|
|upkeep
|turn|17
|
|t:|1609434134
|move|p2a: Tyrantrum|Head Smash|p1a: Tangrowth
|-damage|p1a: Tangrowth|0 fnt
|faint|p1a: Tangrowth
|
|upkeep
|
|t:|1609434138
|switch|p1a: Urshifu|Urshifu-Rapid-Strike, F|80/100
|-damage|p1a: Urshifu|74/100|[from] Stealth Rock
|turn|18
|l|sapdiodaosi
|
|t:|1609434144
|switch|p2a: Slowbro|Slowbro, F|89/100
|-damage|p2a: Slowbro|77/100|[from] Stealth Rock
|move|p1a: Urshifu|U-turn|p2a: Slowbro
|-supereffective|p2a: Slowbro
|-damage|p2a: Slowbro|42/100
|-damage|p1a: Urshifu|58/100|[from] item: Rocky Helmet|[of] p2a: Slowbro
|
|t:|1609434154
|switch|p1a: Slowking|Slowking-Galar, M|80/100|[from]move: U-turn
|-damage|p1a: Slowking|67/100|[from] Stealth Rock
|
|upkeep
|turn|19
|
|t:|1609434159
|switch|p2a: Latios|Latios, M|100/100
|-damage|p2a: Latios|88/100|[from] Stealth Rock
|move|p1a: Slowking|Sludge Bomb|p2a: Latios
|-damage|p2a: Latios|42/100
|
|upkeep
|turn|20
|
|t:|1609434168
|move|p2a: Latios|Draco Meteor|p1a: Slowking
|-damage|p1a: Slowking|19/100
|-unboost|p2a: Latios|spa|2
|-damage|p2a: Latios|32/100|[from] item: Life Orb
|move|p1a: Slowking|Sludge Bomb|p2a: Latios
|-damage|p2a: Latios|0 fnt
|faint|p2a: Latios
|
|upkeep
|
|t:|1609434173
|switch|p2a: Landorus|Landorus-Therian, M|88/100
|-damage|p2a: Landorus|76/100|[from] Stealth Rock
|-ability|p2a: Landorus|Intimidate|boost
|-unboost|p1a: Slowking|atk|1
|turn|21
|
|t:|1609434181
|switch|p1a: Slowbro|Slowbro, F|100/100
|move|p2a: Landorus|U-turn|p1a: Slowbro
|-supereffective|p1a: Slowbro
|-damage|p1a: Slowbro|68/100
|
|t:|1609434183
|switch|p2a: Tyrantrum|Tyrantrum, M|88/100|[from]move: U-turn
|-damage|p2a: Tyrantrum|76/100|[from] Stealth Rock
|
|upkeep
|turn|22
|
|t:|1609434190
|switch|p1a: Slowking|Slowking-Galar, M|52/100
|-damage|p1a: Slowking|40/100|[from] Stealth Rock
|move|p2a: Tyrantrum|Head Smash|p1a: Slowking
|-damage|p1a: Slowking|0 fnt
|faint|p1a: Slowking
|
|upkeep
|
|t:|1609434197
|switch|p1a: Cinderace|Cinderace, M|100/100
|turn|23
|
|t:|1609434201
|switch|p2a: Drapion|Drapion, M|88/100 slp
|-damage|p2a: Drapion|75/100 slp|[from] Stealth Rock
|move|p1a: Cinderace|Gunk Shot|p2a: Drapion
|-start|p1a: Cinderace|typechange|Poison|[from] ability: Libero
|-resisted|p2a: Drapion
|-damage|p2a: Drapion|55/100 slp
|
|upkeep
|turn|24
|
|t:|1609434209
|move|p1a: Cinderace|Gunk Shot|p2a: Drapion|[miss]
|-miss|p1a: Cinderace|p2a: Drapion
|cant|p2a: Drapion|slp
|move|p2a: Drapion|Sleep Talk|p2a: Drapion
|move|p2a: Drapion|Knock Off|p1a: Cinderace|[from]move: Sleep Talk
|-damage|p1a: Cinderace|56/100
|-enditem|p1a: Cinderace|Heavy-Duty Boots|[from] move: Knock Off|[of] p2a: Drapion
|
|upkeep
|turn|25
|
|t:|1609434218
|move|p1a: Cinderace|Gunk Shot|p2a: Drapion
|-resisted|p2a: Drapion
|-damage|p2a: Drapion|35/100 slp
|cant|p2a: Drapion|slp
|move|p2a: Drapion|Sleep Talk|p2a: Drapion
|move|p2a: Drapion|Earthquake|p1a: Cinderace|[from]move: Sleep Talk
|-supereffective|p1a: Cinderace
|-damage|p1a: Cinderace|0 fnt
|faint|p1a: Cinderace
|
|upkeep
|-message|c u soon boi forfeited.
|
|win|lando expando
|l|☆c u soon boi
|l|☆lando expando
|raw|c u soon boi's rating: 1837 &rarr; <strong>1814</strong><br />(-23 for losing)
|raw|lando expando's rating: 1779 &rarr; <strong>1802</strong><br />(+23 for winning)
