|j|☆friedfreak
|j|☆tnecilleJPO
|player|p1|friedfreak|265|1882
|player|p2|tnecilleJPO|lucas-gen4pt|1797
|teamsize|p1|6
|teamsize|p2|6
|gametype|singles
|gen|8
|tier|[Gen 8] OU
|rated|
|clearpoke
|poke|p1|Excadrill, M|
|poke|p1|Hippowdon, F|
|poke|p1|Ferrothorn, M|
|poke|p1|Dragapult, M|
|poke|p1|Rotom-Heat|
|poke|p1|Clefable, F|
|poke|p2|Gardevoir, F|
|poke|p2|Ferrothorn, F|
|poke|p2|Hydreigon, M|
|poke|p2|Dragapult, M|
|poke|p2|Toxapex, M|
|poke|p2|Conkeldurr, F|
|rule|Sleep Clause Mod: Limit one foe put to sleep
|rule|Species Clause: Limit one of each Pokémon
|rule|OHKO Clause: OHKO moves are banned
|rule|Evasion Moves Clause: Evasion moves are banned
|rule|Endless Battle Clause: Forcing endless battles is banned
|rule|HP Percentage Mod: HP is shown in percentages
|rule|Dynamax Clause: You cannot dynamax
|teampreview
|inactive|Battle timer is ON: inactive players will automatically lose when time's up. (requested by tnecilleJPO)
|inactive|tnecilleJPO has 120 seconds left.
|j| WaterDrake
|
|start
|switch|p1a: Clefable|Clefable, F|100/100
|switch|p2a: Dragapult|Dragapult, M|100/100
|turn|1
|
|move|p2a: Dragapult|U-turn|p1a: Clefable
|-resisted|p1a: Clefable
|-damage|p1a: Clefable|91/100
|
|switch|p2a: Toxapex|Toxapex, M|100/100|[from]move: U-turn
|move|p1a: Clefable|Teleport|p1a: Clefable
|j| DcMarvelAnimeFan
|
|switch|p1a: Ferrothorn|Ferrothorn, M|100/100|[from]move: Teleport
|
|upkeep
|turn|2
|
|move|p2a: Toxapex|Toxic Spikes|p1a: Ferrothorn
|-sidestart|p1: friedfreak|move: Toxic Spikes
|move|p1a: Ferrothorn|Knock Off|p2a: Toxapex
|-damage|p2a: Toxapex|87/100
|-enditem|p2a: Toxapex|Black Sludge|[from] move: Knock Off|[of] p1a: Ferrothorn
|
|upkeep
|turn|3
|
|move|p2a: Toxapex|Toxic Spikes|p1a: Ferrothorn
|-sidestart|p1: friedfreak|move: Toxic Spikes
|move|p1a: Ferrothorn|Spikes|p2a: Toxapex
|-sidestart|p2: tnecilleJPO|Spikes
|
|upkeep
|turn|4
|
|move|p2a: Toxapex|Scald|p1a: Ferrothorn
|-resisted|p1a: Ferrothorn
|-damage|p1a: Ferrothorn|93/100
|move|p1a: Ferrothorn|Leech Seed|p2a: Toxapex|[miss]
|-miss|p1a: Ferrothorn|p2a: Toxapex
|
|-heal|p1a: Ferrothorn|99/100|[from] item: Leftovers
|upkeep
|turn|5
|
|move|p2a: Toxapex|Scald|p1a: Ferrothorn
|-resisted|p1a: Ferrothorn
|-damage|p1a: Ferrothorn|92/100
|move|p1a: Ferrothorn|Leech Seed|p2a: Toxapex
|-start|p2a: Toxapex|move: Leech Seed
|
|-heal|p1a: Ferrothorn|98/100|[from] item: Leftovers
|-damage|p2a: Toxapex|75/100|[from] Leech Seed|[of] p1a: Ferrothorn
|-heal|p1a: Ferrothorn|100/100|[silent]
|upkeep
|turn|6
|
|switch|p2a: Ferrothorn|Ferrothorn, F|100/100
|-damage|p2a: Ferrothorn|88/100|[from] Spikes
|switch|p1a: Rotom|Rotom-Heat|100/100
|
|upkeep
|turn|7
|
|switch|p2a: Gardevoir|Gardevoir, F|100/100
|-damage|p2a: Gardevoir|88/100|[from] Spikes
|-ability|p2a: Gardevoir|Levitate|[from] ability: Trace|[of] p1a: Rotom
|move|p1a: Rotom|Overheat|p2a: Gardevoir
|-damage|p2a: Gardevoir|56/100
|-unboost|p1a: Rotom|spa|2
|
|-heal|p2a: Gardevoir|62/100|[from] item: Leftovers
|upkeep
|turn|8
|
|move|p1a: Rotom|Toxic|p2a: Gardevoir
|-status|p2a: Gardevoir|tox
|move|p2a: Gardevoir|Wish|p2a: Gardevoir
|
|-heal|p2a: Gardevoir|68/100 tox|[from] item: Leftovers
|-damage|p2a: Gardevoir|62/100 tox|[from] psn
|upkeep
|turn|9
|
|switch|p1a: Clefable|Clefable, F|91/100
|-status|p1a: Clefable|tox
|move|p2a: Gardevoir|Teleport|p2a: Gardevoir
|
|switch|p2a: Ferrothorn|Ferrothorn, F|88/100|[from]move: Teleport
|-damage|p2a: Ferrothorn|75/100|[from] Spikes
|
|-heal|p2a: Ferrothorn|100/100|[from] move: Wish|[wisher] Gardevoir
|-heal|p1a: Clefable|97/100 tox|[from] item: Leftovers
|upkeep
|turn|10
|
|move|p2a: Ferrothorn|Knock Off|p1a: Clefable
|-resisted|p1a: Clefable
|-damage|p1a: Clefable|85/100 tox
|-enditem|p1a: Clefable|Leftovers|[from] move: Knock Off|[of] p2a: Ferrothorn
|move|p1a: Clefable|Teleport|p1a: Clefable
|
|switch|p1a: Rotom|Rotom-Heat|100/100|[from]move: Teleport
|
|upkeep
|turn|11
|
|switch|p2a: Gardevoir|Gardevoir, F|62/100 tox
|-damage|p2a: Gardevoir|50/100 tox|[from] Spikes
|-ability|p2a: Gardevoir|Levitate|[from] ability: Trace|[of] p1a: Rotom
|move|p1a: Rotom|Overheat|p2a: Gardevoir|[miss]
|-miss|p1a: Rotom|p2a: Gardevoir
|
|-heal|p2a: Gardevoir|56/100 tox|[from] item: Leftovers
|-damage|p2a: Gardevoir|50/100 tox|[from] psn
|upkeep
|turn|12
|
|move|p1a: Rotom|Nasty Plot|p1a: Rotom
|-boost|p1a: Rotom|spa|2
|move|p2a: Gardevoir|Teleport|p2a: Gardevoir
|
|switch|p2a: Hydreigon|Hydreigon, M|100/100|[from]move: Teleport
|
|upkeep
|turn|13
|
|switch|p1a: Clefable|Clefable, F|85/100 tox
|move|p2a: Hydreigon|Nasty Plot|p2a: Hydreigon
|-boost|p2a: Hydreigon|spa|2
|
|upkeep
|turn|14
|
|move|p2a: Hydreigon|Flash Cannon|p1a: Clefable
|-supereffective|p1a: Clefable
|-damage|p1a: Clefable|0 fnt
|-damage|p2a: Hydreigon|91/100|[from] item: Life Orb
|faint|p1a: Clefable
|
|upkeep
|
|switch|p1a: Dragapult|Dragapult, M|100/100
|-status|p1a: Dragapult|tox
|turn|15
|j| Celtis
|
|switch|p2a: Toxapex|Toxapex, M|100/100
|-damage|p2a: Toxapex|88/100|[from] Spikes
|move|p1a: Dragapult|Draco Meteor|p2a: Toxapex
|-damage|p2a: Toxapex|40/100
|-unboost|p1a: Dragapult|spa|2
|
|-damage|p1a: Dragapult|95/100 tox|[from] psn
|upkeep
|turn|16
|
|move|p1a: Dragapult|U-turn|p2a: Toxapex
|-resisted|p2a: Toxapex
|-damage|p2a: Toxapex|35/100
|
|switch|p1a: Ferrothorn|Ferrothorn, M|100/100|[from]move: U-turn
|move|p2a: Toxapex|Recover|p2a: Toxapex
|-heal|p2a: Toxapex|85/100
|
|upkeep
|turn|17
|
|switch|p2a: Ferrothorn|Ferrothorn, F|100/100
|-damage|p2a: Ferrothorn|88/100|[from] Spikes
|move|p1a: Ferrothorn|Leech Seed|p2a: Ferrothorn
|-immune|p2a: Ferrothorn
|
|upkeep
|turn|18
|
|move|p1a: Ferrothorn|Spikes|p2a: Ferrothorn
|-sidestart|p2: tnecilleJPO|Spikes
|move|p2a: Ferrothorn|Knock Off|p1a: Ferrothorn
|-damage|p1a: Ferrothorn|89/100
|-damage|p2a: Ferrothorn|75/100|[from] ability: Iron Barbs|[of] p1a: Ferrothorn
|-enditem|p1a: Ferrothorn|Leftovers|[from] move: Knock Off|[of] p2a: Ferrothorn
|
|upkeep
|turn|19
|
|move|p1a: Ferrothorn|Spikes|p2a: Ferrothorn
|-sidestart|p2: tnecilleJPO|Spikes
|move|p2a: Ferrothorn|Stealth Rock|p1a: Ferrothorn
|-sidestart|p1: friedfreak|move: Stealth Rock
|
|upkeep
|turn|20
|
|move|p1a: Ferrothorn|Knock Off|p2a: Ferrothorn
|-damage|p2a: Ferrothorn|64/100
|-damage|p1a: Ferrothorn|77/100|[from] ability: Iron Barbs|[of] p2a: Ferrothorn
|-damage|p1a: Ferrothorn|60/100|[from] item: Rocky Helmet|[of] p2a: Ferrothorn
|-enditem|p2a: Ferrothorn|Rocky Helmet|[from] move: Knock Off|[of] p1a: Ferrothorn
|move|p2a: Ferrothorn|Leech Seed|p1a: Ferrothorn
|-immune|p1a: Ferrothorn
|
|upkeep
|turn|21
|
|switch|p1a: Rotom|Rotom-Heat|100/100
|move|p2a: Ferrothorn|Knock Off|p1a: Rotom
|-damage|p1a: Rotom|78/100
|-enditem|p1a: Rotom|Heavy-Duty Boots|[from] move: Knock Off|[of] p2a: Ferrothorn
|
|upkeep
|turn|22
|
|switch|p2a: Gardevoir|Gardevoir, F|50/100 tox
|-damage|p2a: Gardevoir|25/100 tox|[from] Spikes
|-ability|p2a: Gardevoir|Levitate|[from] ability: Trace|[of] p1a: Rotom
|move|p1a: Rotom|Overheat|p2a: Gardevoir
|-damage|p2a: Gardevoir|0 fnt
|-unboost|p1a: Rotom|spa|2
|faint|p2a: Gardevoir
|
|upkeep
|
|switch|p2a: Conkeldurr|Conkeldurr, F|100/100
|-damage|p2a: Conkeldurr|76/100|[from] Spikes
|turn|23
|
|switch|p1a: Ferrothorn|Ferrothorn, M|60/100
|-damage|p1a: Ferrothorn|54/100|[from] Stealth Rock
|move|p2a: Conkeldurr|Knock Off|p1a: Ferrothorn
|-damage|p1a: Ferrothorn|38/100
|-damage|p2a: Conkeldurr|63/100|[from] ability: Iron Barbs|[of] p1a: Ferrothorn
|
|-status|p2a: Conkeldurr|brn|[from] item: Flame Orb
|upkeep
|turn|24
|
|move|p2a: Conkeldurr|Drain Punch|p1a: Ferrothorn
|-supereffective|p1a: Ferrothorn
|-damage|p1a: Ferrothorn|0 fnt
|-heal|p2a: Conkeldurr|81/100 brn|[from] drain|[of] p1a: Ferrothorn
|-damage|p2a: Conkeldurr|69/100 brn|[from] ability: Iron Barbs|[of] p1a: Ferrothorn
|faint|p1a: Ferrothorn
|
|-damage|p2a: Conkeldurr|63/100 brn|[from] brn
|upkeep
|
|switch|p1a: Dragapult|Dragapult, M|95/100 tox
|-damage|p1a: Dragapult|82/100 tox|[from] Stealth Rock
|turn|25
|
|switch|p2a: Ferrothorn|Ferrothorn, F|64/100
|-damage|p2a: Ferrothorn|39/100|[from] Spikes
|move|p1a: Dragapult|Hex|p2a: Ferrothorn
|-damage|p2a: Ferrothorn|5/100
|
|-damage|p1a: Dragapult|76/100 tox|[from] psn
|upkeep
|turn|26
|j| Victini07
|
|move|p1a: Dragapult|Hex|p2a: Ferrothorn
|-damage|p2a: Ferrothorn|0 fnt
|faint|p2a: Ferrothorn
|
|-damage|p1a: Dragapult|64/100 tox|[from] psn
|upkeep
|
|switch|p2a: Dragapult|Dragapult, M|100/100
|-damage|p2a: Dragapult|76/100|[from] Spikes
|turn|27
|j| slobadd
|
|switch|p1a: Rotom|Rotom-Heat|78/100
|-damage|p1a: Rotom|54/100|[from] Stealth Rock
|move|p2a: Dragapult|Shadow Ball|p1a: Rotom
|-damage|p1a: Rotom|15/100
|-unboost|p1a: Rotom|spd|1
|
|upkeep
|turn|28
|j| cancer02
|
|move|p2a: Dragapult|Shadow Ball|p1a: Rotom
|-damage|p1a: Rotom|0 fnt
|faint|p1a: Rotom
|
|upkeep
|
|switch|p1a: Hippowdon|Hippowdon, F|100/100
|-damage|p1a: Hippowdon|94/100|[from] Stealth Rock
|-status|p1a: Hippowdon|tox
|-weather|Sandstorm|[from] ability: Sand Stream|[of] p1a: Hippowdon
|turn|29
|inactive|friedfreak has 120 seconds left.
|
|switch|p2a: Toxapex|Toxapex, M|100/100
|-damage|p2a: Toxapex|75/100|[from] Spikes
|move|p1a: Hippowdon|Earthquake|p2a: Toxapex
|-supereffective|p2a: Toxapex
|-damage|p2a: Toxapex|29/100
|
|-weather|Sandstorm|[upkeep]
|-damage|p2a: Toxapex|23/100|[from] Sandstorm
|-damage|p1a: Hippowdon|88/100 tox|[from] psn
|upkeep
|turn|30
|inactive|friedfreak has 120 seconds left.
|
|move|p1a: Hippowdon|Earthquake|p2a: Toxapex
|-supereffective|p2a: Toxapex
|-damage|p2a: Toxapex|0 fnt
|faint|p2a: Toxapex
|
|-weather|Sandstorm|[upkeep]
|-damage|p1a: Hippowdon|76/100 tox|[from] psn
|upkeep
|
|switch|p2a: Hydreigon|Hydreigon, M|91/100
|turn|31
|inactive|friedfreak has 120 seconds left.
|
|switch|p1a: Excadrill|Excadrill, M|100/100
|-damage|p1a: Excadrill|97/100|[from] Stealth Rock
|move|p2a: Hydreigon|Dark Pulse|p1a: Excadrill
|-damage|p1a: Excadrill|22/100
|-damage|p2a: Hydreigon|81/100|[from] item: Life Orb
|
|-weather|Sandstorm|[upkeep]
|-damage|p2a: Hydreigon|75/100|[from] Sandstorm
|-heal|p1a: Excadrill|28/100|[from] item: Leftovers
|upkeep
|turn|32
|
|move|p1a: Excadrill|Iron Head|p2a: Hydreigon
|-damage|p2a: Hydreigon|29/100
|move|p2a: Hydreigon|Dark Pulse|p1a: Excadrill
|-damage|p1a: Excadrill|0 fnt
|-damage|p2a: Hydreigon|19/100|[from] item: Life Orb
|faint|p1a: Excadrill
|
|-weather|Sandstorm|[upkeep]
|-damage|p2a: Hydreigon|12/100|[from] Sandstorm
|upkeep
|j| WidmSpectra
|
|switch|p1a: Dragapult|Dragapult, M|64/100 tox
|-damage|p1a: Dragapult|52/100 tox|[from] Stealth Rock
|turn|33
|j| Petite Coquine
|
|switch|p2a: Conkeldurr|Conkeldurr, F|63/100 brn
|-damage|p2a: Conkeldurr|38/100 brn|[from] Spikes
|move|p1a: Dragapult|Hex|p2a: Conkeldurr
|-damage|p2a: Conkeldurr|0 fnt
|faint|p2a: Conkeldurr
|
|-weather|none
|-damage|p1a: Dragapult|46/100 tox|[from] psn
|upkeep
|
|switch|p2a: Dragapult|Dragapult, M|76/100
|-damage|p2a: Dragapult|51/100|[from] Spikes
|turn|34
|
|move|p2a: Dragapult|Shadow Ball|p1a: Dragapult
|-supereffective|p1a: Dragapult
|-damage|p1a: Dragapult|0 fnt
|faint|p1a: Dragapult
|
|upkeep
|j| qqace
|-message|friedfreak forfeited.
|
|win|tnecilleJPO
|l|☆friedfreak
|l| Victini07
|l| DcMarvelAnimeFan
|l|☆tnecilleJPO
|j|☆tnecilleJPO
|player|p2|tnecilleJPO|lucas-gen4pt
|l| cancer02
|raw|friedfreak's rating: 1899 &rarr; <strong>1874</strong><br />(-25 for losing)
|raw|tnecilleJPO's rating: 1797 &rarr; <strong>1823</strong><br />(+26 for winning)
