|j|☆cyberpal
|j|☆ripreckful
|inactive|Battle timer is ON: inactive players will automatically lose when time's up.
|t:|1659792320
|gametype|singles
|player|p1|cyberpal|pokemaniac|
|player|p2|ripreckful|hilbert|
|teamsize|p1|6
|teamsize|p2|6
|gen|8
|tier|[Gen 8] OU
|rated|Tournament battle
|rule|Sleep Clause Mod: Limit one foe put to sleep
|rule|Species Clause: Limit one of each Pokémon
|rule|OHKO Clause: OHKO moves are banned
|rule|Evasion Items Clause: Evasion items are banned
|rule|Evasion Moves Clause: Evasion moves are banned
|rule|Endless Battle Clause: Forcing endless battles is banned
|rule|HP Percentage Mod: HP is shown in percentages
|rule|Dynamax Clause: You cannot dynamax
|clearpoke
|poke|p1|Landorus-Therian, M|
|poke|p1|Regieleki|
|poke|p1|Weavile, M|
|poke|p1|Corviknight, M|
|poke|p1|Mew|
|poke|p1|Melmetal|
|poke|p2|Zarude|
|poke|p2|Clefable, F|
|poke|p2|Slowking-Galar, F|
|poke|p2|Ferrothorn, M|
|poke|p2|Landorus-Therian, M|
|poke|p2|Moltres|
|teampreview
|inactive|cyberpal also wants the timer to be on.
|inactive|ripreckful also wants the timer to be on.
|c|☆cyberpal|glhf
|
|t:|1659792337
|start
|switch|p1a: Regieleki|Regieleki|100/100
|switch|p2a: Landorus|Landorus-Therian, M|100/100
|-ability|p2a: Landorus|Intimidate|boost
|-unboost|p1a: Regieleki|atk|1
|turn|1
|c|☆ripreckful|hf
|
|t:|1659792349
|switch|p1a: Corviknight|Corviknight, M|100/100
|-ability|p1a: Corviknight|Pressure
|move|p2a: Landorus|Knock Off|p1a: Corviknight
|-damage|p1a: Corviknight|69/100
|-damage|p2a: Landorus|84/100|[from] item: Rocky Helmet|[of] p1a: Corviknight
|-enditem|p1a: Corviknight|Rocky Helmet|[from] move: Knock Off|[of] p2a: Landorus
|
|upkeep
|turn|2
|
|t:|1659792368
|switch|p2a: Clefable|Clefable, F|100/100
|move|p1a: Corviknight|Roost|p1a: Corviknight
|-heal|p1a: Corviknight|100/100
|-singleturn|p1a: Corviknight|move: Roost
|
|upkeep
|turn|3
|
|t:|1659792373
|move|p1a: Corviknight|U-turn|p2a: Clefable
|-resisted|p2a: Clefable
|-damage|p2a: Clefable|95/100
|
|t:|1659792379
|switch|p1a: Melmetal|Melmetal, shiny|100/100|[from]move: U-turn
|move|p2a: Clefable|Knock Off|p1a: Melmetal
|-damage|p1a: Melmetal|91/100
|-enditem|p1a: Melmetal|Protective Pads|[from] move: Knock Off|[of] p2a: Clefable
|
|-heal|p2a: Clefable|100/100|[from] item: Leftovers
|upkeep
|turn|4
|
|t:|1659792384
|switch|p2a: Moltres|Moltres|100/100
|-ability|p2a: Moltres|Pressure
|move|p1a: Melmetal|Superpower|p2a: Moltres
|-resisted|p2a: Moltres
|-damage|p2a: Moltres|72/100
|-unboost|p1a: Melmetal|atk|1
|-unboost|p1a: Melmetal|def|1
|
|upkeep
|turn|5
|c|☆cyberpal|wrong ability?
|c|☆ripreckful|yes
|
|t:|1659792409
|switch|p1a: Landorus|Landorus-Therian, M|100/100
|-ability|p1a: Landorus|Intimidate|boost
|-unboost|p2a: Moltres|atk|1
|move|p2a: Moltres|Scorching Sands|p1a: Landorus
|-immune|p1a: Landorus
|
|upkeep
|turn|6
|c|☆cyberpal|rip
|
|t:|1659792421
|switch|p2a: Clefable|Clefable, F|100/100
|move|p1a: Landorus|Stealth Rock|p2a: Clefable
|-sidestart|p2: ripreckful|move: Stealth Rock
|
|upkeep
|turn|7
|
|t:|1659792426
|move|p1a: Landorus|Earthquake|p2a: Clefable
|-crit|p2a: Clefable
|-damage|p2a: Clefable|33/100
|move|p2a: Clefable|Stealth Rock|p1a: Landorus
|-sidestart|p1: cyberpal|move: Stealth Rock
|
|-heal|p2a: Clefable|40/100|[from] item: Leftovers
|upkeep
|turn|8
|j| i suck smh
|j| d18l
|
|t:|1659792455
|move|p1a: Landorus|Earthquake|p2a: Clefable
|-damage|p2a: Clefable|0 fnt
|faint|p2a: Clefable
|
|upkeep
|l| i suck smh
|
|t:|1659792463
|switch|p2a: Ferrothorn|Ferrothorn, M|100/100
|-damage|p2a: Ferrothorn|94/100|[from] Stealth Rock
|turn|9
|inactive|cyberpal has 120 seconds left.
|
|t:|1659792484
|move|p1a: Landorus|U-turn|p2a: Ferrothorn
|-crit|p2a: Ferrothorn
|-damage|p2a: Ferrothorn|72/100
|-damage|p1a: Landorus|88/100|[from] ability: Iron Barbs|[of] p2a: Ferrothorn
|
|t:|1659792489
|switch|p1a: Corviknight|Corviknight, M|100/100|[from]move: U-turn
|-damage|p1a: Corviknight|88/100|[from] Stealth Rock
|-ability|p1a: Corviknight|Pressure
|move|p2a: Ferrothorn|Leech Seed|p1a: Corviknight
|-start|p1a: Corviknight|move: Leech Seed
|
|-heal|p2a: Ferrothorn|79/100|[from] item: Leftovers
|-damage|p1a: Corviknight|75/100|[from] Leech Seed|[of] p2a: Ferrothorn
|-heal|p2a: Ferrothorn|93/100|[silent]
|upkeep
|turn|10
|
|t:|1659792499
|move|p1a: Corviknight|Defog|p2a: Ferrothorn
|-unboost|p2a: Ferrothorn|evasion|1
|-sideend|p2: ripreckful|Stealth Rock|[from] move: Defog|[of] p1a: Corviknight
|-sideend|p1: cyberpal|Stealth Rock|[from] move: Defog|[of] p1a: Corviknight
|move|p2a: Ferrothorn|Spikes|p1a: Corviknight
|-sidestart|p1: cyberpal|Spikes
|
|-heal|p2a: Ferrothorn|99/100|[from] item: Leftovers
|-damage|p1a: Corviknight|63/100|[from] Leech Seed|[of] p2a: Ferrothorn
|-heal|p2a: Ferrothorn|100/100|[silent]
|upkeep
|turn|11
|
|t:|1659792503
|move|p1a: Corviknight|Roost|p1a: Corviknight
|-heal|p1a: Corviknight|100/100
|-singleturn|p1a: Corviknight|move: Roost
|move|p2a: Ferrothorn|Knock Off|p1a: Corviknight
|-damage|p1a: Corviknight|91/100
|
|-damage|p1a: Corviknight|79/100|[from] Leech Seed|[of] p2a: Ferrothorn
|upkeep
|turn|12
|j| TheNewBrends11
|
|t:|1659792506
|move|p1a: Corviknight|Defog|p2a: Ferrothorn
|-unboost|p2a: Ferrothorn|evasion|1
|-sideend|p1: cyberpal|Spikes|[from] move: Defog|[of] p1a: Corviknight
|move|p2a: Ferrothorn|Knock Off|p1a: Corviknight
|-damage|p1a: Corviknight|70/100
|
|-damage|p1a: Corviknight|57/100|[from] Leech Seed|[of] p2a: Ferrothorn
|upkeep
|turn|13
|
|t:|1659792510
|switch|p1a: Melmetal|Melmetal, shiny|91/100
|move|p2a: Ferrothorn|Spikes|p1a: Melmetal
|-sidestart|p1: cyberpal|Spikes
|
|upkeep
|turn|14
|
|t:|1659792514
|move|p1a: Melmetal|Thunder Wave|p2a: Ferrothorn
|-status|p2a: Ferrothorn|par
|move|p2a: Ferrothorn|Leech Seed|p1a: Melmetal
|-start|p1a: Melmetal|move: Leech Seed
|
|-damage|p1a: Melmetal|79/100|[from] Leech Seed|[of] p2a: Ferrothorn
|upkeep
|turn|15
|
|t:|1659792517
|move|p1a: Melmetal|Superpower|p2a: Ferrothorn
|-supereffective|p2a: Ferrothorn
|-damage|p2a: Ferrothorn|40/100 par
|-unboost|p1a: Melmetal|atk|1
|-unboost|p1a: Melmetal|def|1
|-damage|p1a: Melmetal|67/100|[from] ability: Iron Barbs|[of] p2a: Ferrothorn
|move|p2a: Ferrothorn|Knock Off|p1a: Melmetal
|-damage|p1a: Melmetal|53/100
|
|-heal|p2a: Ferrothorn|47/100 par|[from] item: Leftovers
|-damage|p1a: Melmetal|41/100|[from] Leech Seed|[of] p2a: Ferrothorn
|-heal|p2a: Ferrothorn|61/100 par|[silent]
|upkeep
|turn|16
|
|t:|1659792521
|move|p1a: Melmetal|Superpower|p2a: Ferrothorn
|-supereffective|p2a: Ferrothorn
|-damage|p2a: Ferrothorn|26/100 par
|-unboost|p1a: Melmetal|atk|1
|-unboost|p1a: Melmetal|def|1
|-damage|p1a: Melmetal|29/100|[from] ability: Iron Barbs|[of] p2a: Ferrothorn
|cant|p2a: Ferrothorn|par
|
|-heal|p2a: Ferrothorn|32/100 par|[from] item: Leftovers
|-damage|p1a: Melmetal|16/100|[from] Leech Seed|[of] p2a: Ferrothorn
|-heal|p2a: Ferrothorn|47/100 par|[silent]
|upkeep
|turn|17
|
|t:|1659792526
|switch|p2a: Slowking|Slowking-Galar, F|100/100
|move|p1a: Melmetal|Superpower|p2a: Slowking
|-resisted|p2a: Slowking
|-damage|p2a: Slowking|94/100
|-unboost|p1a: Melmetal|atk|1
|-unboost|p1a: Melmetal|def|1
|
|-damage|p1a: Melmetal|4/100|[from] Leech Seed|[of] p2a: Slowking
|-heal|p2a: Slowking|100/100|[silent]
|upkeep
|turn|18
|
|t:|1659792531
|move|p1a: Melmetal|Thunder Wave|p2a: Slowking
|-status|p2a: Slowking|par
|cant|p2a: Slowking|par
|
|-damage|p1a: Melmetal|0 fnt|[from] Leech Seed|[of] p2a: Slowking
|faint|p1a: Melmetal
|upkeep
|
|t:|1659792540
|switch|p1a: Mew|Mew|100/100
|-damage|p1a: Mew|88/100|[from] Spikes
|turn|19
|
|t:|1659792543
|switch|p2a: Zarude|Zarude|100/100
|move|p1a: Mew|Cosmic Power|p1a: Mew
|-boost|p1a: Mew|def|1
|-boost|p1a: Mew|spd|1
|
|upkeep
|turn|20
|
|t:|1659792548
|move|p2a: Zarude|Bulk Up|p2a: Zarude
|-boost|p2a: Zarude|atk|1
|-boost|p2a: Zarude|def|1
|move|p1a: Mew|Cosmic Power|p1a: Mew
|-boost|p1a: Mew|def|1
|-boost|p1a: Mew|spd|1
|
|upkeep
|turn|21
|
|t:|1659792550
|move|p2a: Zarude|Bulk Up|p2a: Zarude
|-boost|p2a: Zarude|atk|1
|-boost|p2a: Zarude|def|1
|move|p1a: Mew|Cosmic Power|p1a: Mew
|-boost|p1a: Mew|def|1
|-boost|p1a: Mew|spd|1
|
|upkeep
|turn|22
|
|t:|1659792552
|move|p2a: Zarude|Bulk Up|p2a: Zarude
|-boost|p2a: Zarude|atk|1
|-boost|p2a: Zarude|def|1
|move|p1a: Mew|Cosmic Power|p1a: Mew
|-boost|p1a: Mew|def|1
|-boost|p1a: Mew|spd|1
|
|upkeep
|turn|23
|
|t:|1659792554
|move|p2a: Zarude|Bulk Up|p2a: Zarude
|-boost|p2a: Zarude|atk|1
|-boost|p2a: Zarude|def|1
|move|p1a: Mew|Body Press|p2a: Zarude
|-supereffective|p2a: Zarude
|-damage|p2a: Zarude|69/100
|
|-heal|p2a: Zarude|75/100|[from] item: Leftovers
|upkeep
|turn|24
|
|t:|1659792559
|move|p2a: Zarude|Darkest Lariat|p1a: Mew
|-supereffective|p1a: Mew
|-damage|p1a: Mew|0 fnt
|faint|p1a: Mew
|
|-heal|p2a: Zarude|81/100|[from] item: Leftovers
|upkeep
|
|t:|1659792565
|switch|p1a: Weavile|Weavile, M, shiny|100/100
|-ability|p1a: Weavile|Pressure
|turn|25
|
|t:|1659792568
|move|p1a: Weavile|Triple Axel|p2a: Zarude
|-supereffective|p2a: Zarude
|-damage|p2a: Zarude|74/100
|-supereffective|p2a: Zarude
|-damage|p2a: Zarude|62/100
|-supereffective|p2a: Zarude
|-damage|p2a: Zarude|44/100
|-hitcount|p2a: Zarude|3
|move|p2a: Zarude|Power Whip|p1a: Weavile|[miss]
|-miss|p2a: Zarude|p1a: Weavile
|
|-heal|p2a: Zarude|50/100|[from] item: Leftovers
|upkeep
|turn|26
|
|t:|1659792578
|move|p1a: Weavile|Triple Axel|p2a: Zarude
|-supereffective|p2a: Zarude
|-damage|p2a: Zarude|44/100
|-supereffective|p2a: Zarude
|-damage|p2a: Zarude|31/100
|-supereffective|p2a: Zarude
|-damage|p2a: Zarude|13/100
|-hitcount|p2a: Zarude|3
|move|p2a: Zarude|Jungle Healing|p2a: Zarude
|-heal|p2a: Zarude|38/100
|
|-heal|p2a: Zarude|44/100|[from] item: Leftovers
|upkeep
|turn|27
|j| AdamKam
|
|t:|1659792584
|move|p1a: Weavile|Triple Axel|p2a: Zarude
|-supereffective|p2a: Zarude
|-damage|p2a: Zarude|38/100
|-hitcount|p2a: Zarude|1
|move|p2a: Zarude|Jungle Healing|p2a: Zarude
|-heal|p2a: Zarude|63/100
|
|-heal|p2a: Zarude|69/100|[from] item: Leftovers
|upkeep
|turn|28
|l| d18l
|
|t:|1659792590
|move|p1a: Weavile|Triple Axel|p2a: Zarude
|-supereffective|p2a: Zarude
|-damage|p2a: Zarude|63/100
|-hitcount|p2a: Zarude|1
|move|p2a: Zarude|Power Whip|p1a: Weavile|[miss]
|-miss|p2a: Zarude|p1a: Weavile
|
|-heal|p2a: Zarude|70/100|[from] item: Leftovers
|upkeep
|turn|29
|
|t:|1659792594
|move|p1a: Weavile|Swords Dance|p1a: Weavile
|-boost|p1a: Weavile|atk|2
|move|p2a: Zarude|Power Whip|p1a: Weavile
|-damage|p1a: Weavile|0 fnt
|faint|p1a: Weavile
|
|-heal|p2a: Zarude|76/100|[from] item: Leftovers
|upkeep
|l| AdamKam
|c|☆cyberpal|nice rng
|c|☆cyberpal|gg
|c|☆ripreckful|?
|c|☆cyberpal|all the misses lol
|c|☆cyberpal|pwoer whip
|c|☆ripreckful|oh
|c|☆cyberpal|and the triple axel
|c|☆ripreckful|gg
|c|☆cyberpal|wp
|-message|cyberpal forfeited.
|
|win|ripreckful
|n|☆cyberpal|cyberpal
|n|☆ripreckful|ripreckful
|n| TheNewBrends11|thenewbrends11
|l|☆cyberpal
|c|☆ripreckful|i thought u were saying i got lucky
|l|☆ripreckful
