|j|☆Crunchy Lightbulb
|j|☆Elite4Donovan
|t:|1664739602
|gametype|singles
|player|p1|Crunchy Lightbulb|wattson|1723
|player|p2|Elite4Donovan|lucas|1774
|teamsize|p1|6
|teamsize|p2|6
|gen|8
|tier|[Gen 8] OU
|rated|
|rule|Sleep Clause Mod: Limit one foe put to sleep
|rule|Species Clause: Limit one of each Pokémon
|rule|OHKO Clause: OHKO moves are banned
|rule|Evasion Items Clause: Evasion items are banned
|rule|Evasion Moves Clause: Evasion moves are banned
|rule|Endless Battle Clause: Forcing endless battles is banned
|rule|HP Percentage Mod: HP is shown in percentages
|rule|Dynamax Clause: You cannot dynamax
|clearpoke
|poke|p1|Hatterene, F|
|poke|p1|Cresselia, F|
|poke|p1|Porygon2|
|poke|p1|Marowak-Alola, F|
|poke|p1|Melmetal|
|poke|p1|Dhelmise|
|poke|p2|Frosmoth, F|
|poke|p2|Hatterene, F|
|poke|p2|Corviknight, M|
|poke|p2|Garchomp, M|
|poke|p2|Urshifu-*, F|
|poke|p2|Volcarona, M|
|teampreview
|inactive|Battle timer is ON: inactive players will automatically lose when time's up. (requested by Crunchy Lightbulb)
|
|t:|1664739617
|start
|switch|p1a: Hatterene|Hatterene, F|100/100
|switch|p2a: Volcarona|Volcarona, M|100/100
|turn|1
|
|t:|1664739621
|move|p2a: Volcarona|Fire Blast|p1a: Hatterene
|-damage|p1a: Hatterene|16/100
|-damage|p2a: Volcarona|91/100|[from] item: Life Orb
|move|p1a: Hatterene|Trick Room|p1a: Hatterene
|-fieldstart|move: Trick Room|[of] p1a: Hatterene
|
|upkeep
|turn|2
|
|t:|1664739629
|switch|p1a: Marowak|Marowak-Alola, F|100/100
|switch|p2a: Garchomp|Garchomp, M|100/100
|
|upkeep
|turn|3
|
|t:|1664739633
|switch|p1a: Hatterene|Hatterene, F|16/100
|move|p2a: Garchomp|Earthquake|p1a: Hatterene
|-damage|p1a: Hatterene|0 fnt
|faint|p1a: Hatterene
|
|upkeep
|
|t:|1664739637
|switch|p1a: Dhelmise|Dhelmise|100/100
|turn|4
|
|t:|1664739639
|move|p2a: Garchomp|Protect|p2a: Garchomp
|-singleturn|p2a: Garchomp|Protect
|move|p1a: Dhelmise|Poltergeist|p2a: Garchomp
|-activate|p2a: Garchomp|move: Protect
|
|upkeep
|turn|5
|
|t:|1664739641
|switch|p2a: Corviknight|Corviknight, M|100/100
|-ability|p2a: Corviknight|Pressure
|move|p1a: Dhelmise|Poltergeist||[still]
|-fail|p1a: Dhelmise
|
|-fieldend|move: Trick Room
|upkeep
|turn|6
|
|t:|1664739650
|switch|p1a: Cresselia|Cresselia, F|100/100
|move|p2a: Corviknight|Thief|p1a: Cresselia
|-supereffective|p1a: Cresselia
|-damage|p1a: Cresselia|84/100
|-enditem|p1a: Cresselia|Mental Herb|[silent]|[from] move: Thief|[of] p2a: Corviknight
|-item|p2a: Corviknight|Mental Herb|[from] move: Thief|[of] p1a: Cresselia
|
|upkeep
|turn|7
|
|t:|1664739659
|switch|p2a: Garchomp|Garchomp, M|100/100
|move|p1a: Cresselia|Trick Room|p1a: Cresselia
|-fieldstart|move: Trick Room|[of] p1a: Cresselia
|
|upkeep
|turn|8
|
|t:|1664739662
|move|p2a: Garchomp|Protect|p2a: Garchomp
|-singleturn|p2a: Garchomp|Protect
|move|p1a: Cresselia|Ice Beam|p2a: Garchomp
|-activate|p2a: Garchomp|move: Protect
|
|upkeep
|turn|9
|
|t:|1664739669
|switch|p1a: Dhelmise|Dhelmise|100/100
|switch|p2a: Frosmoth|Frosmoth, F|100/100
|
|upkeep
|turn|10
|
|t:|1664739674
|switch|p2a: Corviknight|Corviknight, M|100/100
|-ability|p2a: Corviknight|Pressure
|move|p1a: Dhelmise|Poltergeist|p2a: Corviknight
|-activate|p2a: Corviknight|move: Poltergeist|Mental Herb
|-damage|p2a: Corviknight|36/100
|
|upkeep
|turn|11
|
|t:|1664739677
|move|p1a: Dhelmise|Poltergeist|p2a: Corviknight
|-activate|p2a: Corviknight|move: Poltergeist|Mental Herb
|-damage|p2a: Corviknight|0 fnt
|faint|p2a: Corviknight
|
|-fieldend|move: Trick Room
|upkeep
|c|☆Elite4Donovan|oh wow im an idiot
|c|☆Elite4Donovan|LOL
|
|t:|1664739697
|switch|p2a: Volcarona|Volcarona, M|91/100
|turn|12
|
|t:|1664739707
|switch|p1a: Marowak|Marowak-Alola, F|100/100
|move|p2a: Volcarona|Fire Blast|p1a: Marowak
|-resisted|p1a: Marowak
|-damage|p1a: Marowak|56/100
|-damage|p2a: Volcarona|81/100|[from] item: Life Orb
|
|upkeep
|turn|13
|
|t:|1664739714
|move|p2a: Volcarona|Psychic|p1a: Marowak
|-damage|p1a: Marowak|2/100
|-damage|p2a: Volcarona|71/100|[from] item: Life Orb
|move|p1a: Marowak|Poltergeist|p2a: Volcarona
|-activate|p2a: Volcarona|move: Poltergeist|Life Orb
|-damage|p2a: Volcarona|0 fnt
|faint|p2a: Volcarona
|
|upkeep
|
|t:|1664739722
|switch|p2a: Garchomp|Garchomp, M|100/100
|turn|14
|
|t:|1664739731
|switch|p1a: Cresselia|Cresselia, F|84/100
|move|p2a: Garchomp|Stealth Rock|p1a: Cresselia
|-sidestart|p1: Crunchy Lightbulb|move: Stealth Rock
|
|upkeep
|turn|15
|j| HQSFun
|
|t:|1664739733
|move|p2a: Garchomp|Toxic|p1a: Cresselia
|-status|p1a: Cresselia|tox
|move|p1a: Cresselia|Trick Room|p1a: Cresselia
|-fieldstart|move: Trick Room|[of] p1a: Cresselia
|
|-damage|p1a: Cresselia|78/100 tox|[from] psn
|upkeep
|turn|16
|
|t:|1664739735
|move|p2a: Garchomp|Protect|p2a: Garchomp
|-singleturn|p2a: Garchomp|Protect
|move|p1a: Cresselia|Lunar Dance|p1a: Cresselia
|faint|p1a: Cresselia
|
|upkeep
|
|t:|1664739737
|switch|p1a: Marowak|Marowak-Alola, F|2/100
|-heal|p1a: Marowak|100/100|[from] move: Lunar Dance
|-damage|p1a: Marowak|75/100|[from] Stealth Rock
|turn|17
|
|t:|1664739743
|move|p1a: Marowak|Poltergeist|p2a: Garchomp|[miss]
|-miss|p1a: Marowak|p2a: Garchomp
|move|p2a: Garchomp|Earthquake|p1a: Marowak
|-supereffective|p1a: Marowak
|-damage|p1a: Marowak|0 fnt
|faint|p1a: Marowak
|
|upkeep
|
|t:|1664739746
|switch|p1a: Melmetal|Melmetal|100/100
|-damage|p1a: Melmetal|94/100|[from] Stealth Rock
|turn|18
|j| Brenik
|
|t:|1664739748
|move|p2a: Garchomp|Protect|p2a: Garchomp
|-singleturn|p2a: Garchomp|Protect
|move|p1a: Melmetal|Double Iron Bash|p2a: Garchomp
|-activate|p2a: Garchomp|move: Protect
|
|upkeep
|turn|19
|
|t:|1664739751
|switch|p2a: Frosmoth|Frosmoth, F|100/100
|move|p1a: Melmetal|Double Iron Bash|p2a: Frosmoth
|-supereffective|p2a: Frosmoth
|-damage|p2a: Frosmoth|0 fnt
|faint|p2a: Frosmoth
|-hitcount|p2: Frosmoth|1
|-damage|p1a: Melmetal|84/100|[from] item: Life Orb
|
|-fieldend|move: Trick Room
|upkeep
|
|t:|1664739758
|switch|p2a: Urshifu|Urshifu-Rapid-Strike, F|100/100
|turn|20
|
|t:|1664739767
|move|p2a: Urshifu|U-turn|p1a: Melmetal
|-resisted|p1a: Melmetal
|-damage|p1a: Melmetal|78/100
|
|t:|1664739769
|switch|p2a: Hatterene|Hatterene, F|100/100|[from]move: U-turn
|move|p1a: Melmetal|Thunder Punch|p2a: Hatterene
|-damage|p2a: Hatterene|61/100
|-damage|p1a: Melmetal|68/100|[from] item: Life Orb
|
|-heal|p2a: Hatterene|67/100|[from] item: Leftovers
|upkeep
|turn|21
|
|t:|1664739776
|switch|p1a: Porygon2|Porygon2|100/100
|-damage|p1a: Porygon2|88/100|[from] Stealth Rock
|-ability|p1a: Porygon2|Magic Bounce|[from] ability: Trace|[of] p2a: Hatterene
|move|p2a: Hatterene|Mystical Fire|p1a: Porygon2
|-damage|p1a: Porygon2|73/100
|-unboost|p1a: Porygon2|spa|1
|
|-heal|p2a: Hatterene|73/100|[from] item: Leftovers
|upkeep
|turn|22
|
|t:|1664739780
|switch|p2a: Garchomp|Garchomp, M|100/100
|move|p1a: Porygon2|Trick Room|p1a: Porygon2
|-fieldstart|move: Trick Room|[of] p1a: Porygon2
|
|upkeep
|turn|23
|
|t:|1664739782
|move|p2a: Garchomp|Protect|p2a: Garchomp
|-singleturn|p2a: Garchomp|Protect
|move|p1a: Porygon2|Ice Beam|p2a: Garchomp
|-activate|p2a: Garchomp|move: Protect
|
|upkeep
|turn|24
|
|t:|1664739786
|switch|p2a: Hatterene|Hatterene, F|73/100
|move|p1a: Porygon2|Teleport|p1a: Porygon2
|
|t:|1664739789
|switch|p1a: Melmetal|Melmetal|68/100|[from]move: Teleport
|-damage|p1a: Melmetal|62/100|[from] Stealth Rock
|
|-heal|p2a: Hatterene|79/100|[from] item: Leftovers
|upkeep
|turn|25
|
|t:|1664739793
|switch|p2a: Urshifu|Urshifu-Rapid-Strike, F|100/100
|move|p1a: Melmetal|Double Iron Bash|p2a: Urshifu
|-resisted|p2a: Urshifu
|-damage|p2a: Urshifu|70/100
|-resisted|p2a: Urshifu
|-damage|p2a: Urshifu|43/100
|-hitcount|p2a: Urshifu|2
|-damage|p1a: Melmetal|52/100|[from] item: Life Orb
|
|upkeep
|turn|26
|
|t:|1664739799
|move|p1a: Melmetal|Double Iron Bash|p2a: Urshifu
|-resisted|p2a: Urshifu
|-damage|p2a: Urshifu|17/100
|-resisted|p2a: Urshifu
|-damage|p2a: Urshifu|0 fnt
|faint|p2a: Urshifu
|-hitcount|p2: Urshifu|2
|-damage|p1a: Melmetal|42/100|[from] item: Life Orb
|
|-fieldend|move: Trick Room
|upkeep
|
|t:|1664739801
|switch|p2a: Hatterene|Hatterene, F|79/100
|turn|27
|
|t:|1664739814
|move|p2a: Hatterene|Calm Mind|p2a: Hatterene
|-boost|p2a: Hatterene|spa|1
|-boost|p2a: Hatterene|spd|1
|move|p1a: Melmetal|Double Iron Bash|p2a: Hatterene
|-supereffective|p2a: Hatterene
|-damage|p2a: Hatterene|0 fnt
|faint|p2a: Hatterene
|-hitcount|p2: Hatterene|1
|-damage|p1a: Melmetal|32/100|[from] item: Life Orb
|
|upkeep
|c|☆Elite4Donovan|gg
|c|☆Crunchy Lightbulb|gg
|-message|Elite4Donovan forfeited.
|
|win|Crunchy Lightbulb
|raw|Crunchy Lightbulb's rating: 1723 &rarr; <strong>1746</strong><br />(+23 for winning)
|raw|Elite4Donovan's rating: 1774 &rarr; <strong>1751</strong><br />(-23 for losing)
|l|☆Elite4Donovan
