|j|☆Pinkacross
|j|☆angelxteme
|inactive|Battle timer is ON: inactive players will automatically lose when time's up.
|t:|1661300444
|gametype|singles
|player|p1|Pinkacross|102|
|player|p2|angelxteme|volo|
|teamsize|p1|6
|teamsize|p2|6
|gen|8
|tier|[Gen 8] OU
|rated|Tournament battle
|rule|Sleep Clause Mod: Limit one foe put to sleep
|rule|Species Clause: Limit one of each Pokémon
|rule|OHKO Clause: OHKO moves are banned
|rule|Evasion Items Clause: Evasion items are banned
|rule|Evasion Moves Clause: Evasion moves are banned
|rule|Endless Battle Clause: Forcing endless battles is banned
|rule|HP Percentage Mod: HP is shown in percentages
|rule|Dynamax Clause: You cannot dynamax
|clearpoke
|poke|p1|Moltres-Galar|
|poke|p1|Tapu Lele|
|poke|p1|Volcarona, M|
|poke|p1|Volcanion|
|poke|p1|Ninetales-Alola, F|
|poke|p1|Excadrill, M|
|poke|p2|Buzzwole|
|poke|p2|Togekiss, F|
|poke|p2|Jirachi|
|poke|p2|Glastrier|
|poke|p2|Braviary, M|
|poke|p2|Tsareena, F|
|teampreview
|inactive|Pinkacross has 120 seconds left.
|j| Only Shedinja ツ
|
|t:|1661300481
|start
|switch|p1a: Ninetales|Ninetales-Alola, F|100/100
|switch|p2a: Glastrier|Glastrier|100/100
|-weather|Hail|[from] ability: Snow Warning|[of] p1a: Ninetales
|turn|1
|
|t:|1661300511
|move|p1a: Ninetales|Aurora Veil|p1a: Ninetales
|-sidestart|p1: Pinkacross|move: Aurora Veil
|move|p2a: Glastrier|Heavy Slam|p1a: Ninetales
|-supereffective|p1a: Ninetales
|-crit|p1a: Ninetales
|-damage|p1a: Ninetales|0 fnt
|faint|p1a: Ninetales
|-ability|p2a: Glastrier|Chilling Neigh|boost
|-boost|p2a: Glastrier|atk|1
|
|-weather|Hail|[upkeep]
|upkeep
|
|t:|1661300521
|switch|p1a: Volcarona|Volcarona, M|100/100
|turn|2
|inactive|angelxteme has 120 seconds left.
|
|t:|1661300544
|switch|p2a: Togekiss|Togekiss, F|100/100
|move|p1a: Volcarona|Quiver Dance|p1a: Volcarona
|-boost|p1a: Volcarona|spa|1
|-boost|p1a: Volcarona|spd|1
|-boost|p1a: Volcarona|spe|1
|
|-weather|Hail|[upkeep]
|-damage|p1a: Volcarona|94/100|[from] Hail
|-damage|p2a: Togekiss|94/100|[from] Hail
|-heal|p2a: Togekiss|100/100|[from] item: Leftovers
|upkeep
|turn|3
|
|t:|1661300546
|move|p1a: Volcarona|Fire Blast|p2a: Togekiss
|-damage|p2a: Togekiss|0 fnt
|faint|p2a: Togekiss
|-damage|p1a: Volcarona|84/100|[from] item: Life Orb
|
|-weather|Hail|[upkeep]
|-damage|p1a: Volcarona|78/100|[from] Hail
|upkeep
|
|t:|1661300557
|switch|p2a: Braviary|Braviary, M|100/100
|turn|4
|
|t:|1661300559
|move|p1a: Volcarona|Fire Blast|p2a: Braviary
|-damage|p2a: Braviary|0 fnt
|faint|p2a: Braviary
|-damage|p1a: Volcarona|68/100|[from] item: Life Orb
|
|-weather|Hail|[upkeep]
|-damage|p1a: Volcarona|62/100|[from] Hail
|upkeep
|
|t:|1661300562
|switch|p2a: Jirachi|Jirachi|100/100
|turn|5
|
|t:|1661300564
|move|p1a: Volcarona|Fire Blast|p2a: Jirachi
|-supereffective|p2a: Jirachi
|-damage|p2a: Jirachi|0 fnt
|faint|p2a: Jirachi
|-damage|p1a: Volcarona|52/100|[from] item: Life Orb
|
|-weather|none
|upkeep
|
|t:|1661300566
|switch|p2a: Glastrier|Glastrier|100/100
|turn|6
|
|t:|1661300568
|move|p1a: Volcarona|Fire Blast|p2a: Glastrier|[miss]
|-miss|p1a: Volcarona|p2a: Glastrier
|move|p2a: Glastrier|Avalanche|p1a: Volcarona
|-resisted|p1a: Volcarona
|-damage|p1a: Volcarona|38/100
|
|upkeep
|turn|7
|
|t:|1661300572
|move|p1a: Volcarona|Fire Blast|p2a: Glastrier
|-supereffective|p2a: Glastrier
|-damage|p2a: Glastrier|0 fnt
|faint|p2a: Glastrier
|-damage|p1a: Volcarona|28/100|[from] item: Life Orb
|
|upkeep
|
|t:|1661300574
|switch|p2a: Buzzwole|Buzzwole|100/100
|turn|8
|
|t:|1661300577
|move|p1a: Volcarona|Psychic|p2a: Buzzwole
|-supereffective|p2a: Buzzwole
|-damage|p2a: Buzzwole|0 fnt
|faint|p2a: Buzzwole
|-damage|p1a: Volcarona|18/100|[from] item: Life Orb
|
|-sideend|p1: Pinkacross|move: Aurora Veil
|upkeep
|
|t:|1661300580
|switch|p2a: Tsareena|Tsareena, F|100/100
|turn|9
|c|☆Pinkacross|gg
|
|t:|1661300583
|move|p1a: Volcarona|Bug Buzz|p2a: Tsareena
|-supereffective|p2a: Tsareena
|-damage|p2a: Tsareena|0 fnt
|faint|p2a: Tsareena
|-damage|p1a: Volcarona|8/100|[from] item: Life Orb
|
|win|Pinkacross
|n|☆Pinkacross|pinkacross
|n|☆angelxteme|angelxteme
|n| Only Shedinja ツ|onlyshedinja
|l|☆angelxteme
