|j|☆8balljacketguy
|j|☆StillV$VP
|t:|1655002479
|gametype|singles
|player|p1|8balljacketguy|red|1597
|player|p2|StillV$VP|emmet|1582
|teamsize|p1|6
|teamsize|p2|6
|gen|8
|tier|[Gen 8] OU
|rated|
|rule|Sleep Clause Mod: Limit one foe put to sleep
|rule|Species Clause: Limit one of each Pokémon
|rule|OHKO Clause: OHKO moves are banned
|rule|Evasion Moves Clause: Evasion moves are banned
|rule|Endless Battle Clause: Forcing endless battles is banned
|rule|HP Percentage Mod: HP is shown in percentages
|rule|Dynamax Clause: You cannot dynamax
|clearpoke
|poke|p1|Mew|
|poke|p1|Ninetales-Alola, F|
|poke|p1|Kommo-o, M|
|poke|p1|Polteageist|
|poke|p1|Slowbro-Galar, M|
|poke|p1|Zapdos-Galar|
|poke|p2|Mew|
|poke|p2|Ninetales-Alola, F|
|poke|p2|Kommo-o, M|
|poke|p2|Polteageist|
|poke|p2|Slowbro-Galar, M|
|poke|p2|Zapdos-Galar|
|teampreview
|inactive|Battle timer is ON: inactive players will automatically lose when time's up. (requested by 8balljacketguy)
|inactive|StillV$VP also wants the timer to be on.
|c|☆8balljacketguy|Yoo
|c|☆8balljacketguy|Whats good bro
|c|☆StillV$VP|Ayoooooo
|c|☆StillV$VP|whats good my biy
|c|☆StillV$VP|boy
|c|☆8balljacketguy|I was gonna say
|c|☆8balljacketguy|Like that spiderman meme
|inactive|8balljacketguy has 120 seconds left.
|c|☆StillV$VP|😂😂😂
|c|☆8balljacketguy|When they all pointing at eachotjer 😂
|
|t:|1655002522
|start
|switch|p1a: Ninetales|Ninetales-Alola, F|100/100
|switch|p2a: Big Stepper|Mew, shiny|100/100
|-weather|Hail|[from] ability: Snow Warning|[of] p1a: Ninetales
|turn|1
|c|☆StillV$VP|got up to 1687 with this team
|
|t:|1655002534
|move|p1a: Ninetales|Aurora Veil|p1a: Ninetales
|-sidestart|p1: 8balljacketguy|move: Aurora Veil
|move|p2a: Big Stepper|Stealth Rock|p1a: Ninetales
|-sidestart|p1: 8balljacketguy|move: Stealth Rock
|
|-weather|Hail|[upkeep]
|-damage|p2a: Big Stepper|94/100|[from] Hail
|upkeep
|turn|2
|c|☆8balljacketguy|Yea bro its pretty cheese
|
|t:|1655002537
|switch|p2a: Nala|Ninetales-Alola, F|100/100
|move|p1a: Ninetales|Encore||[still]
|-fail|p1a: Ninetales
|
|-weather|Hail|[upkeep]
|upkeep
|turn|3
|
|t:|1655002543
|switch|p1a: Slowbro|Slowbro-Galar, M|100/100
|-damage|p1a: Slowbro|88/100|[from] Stealth Rock
|move|p2a: Nala|Aurora Veil|p2a: Nala
|-sidestart|p2: StillV$VP|move: Aurora Veil
|
|-weather|Hail|[upkeep]
|-damage|p1a: Slowbro|82/100|[from] Hail
|upkeep
|turn|4
|
|t:|1655002554
|switch|p2a: The Bro|Slowbro-Galar, M, shiny|100/100
|move|p1a: Slowbro|Shell Side Arm|p2a: The Bro|[anim] Shell Side Arm Physical
|-resisted|p2a: The Bro
|-damage|p2a: The Bro|91/100
|-hint|Physical Shell Side Arm
|
|-weather|Hail|[upkeep]
|-damage|p2a: The Bro|85/100|[from] Hail
|-damage|p1a: Slowbro|76/100|[from] Hail
|upkeep
|turn|5
|-activate|p2a: The Bro|item: Quick Claw
|
|t:|1655002557
|move|p2a: The Bro|Belly Drum|p2a: The Bro
|-damage|p2a: The Bro|35/100
|-setboost|p2a: The Bro|atk|6|[from] move: Belly Drum
|move|p1a: Slowbro|Belly Drum|p1a: Slowbro
|-damage|p1a: Slowbro|26/100
|-setboost|p1a: Slowbro|atk|6|[from] move: Belly Drum
|
|-weather|none
|upkeep
|turn|6
|c|☆8balljacketguy|Lmao
|
|t:|1655002563
|move|p2a: The Bro|Shell Side Arm|p1a: Slowbro|[anim] Shell Side Arm Physical
|-resisted|p1a: Slowbro
|-damage|p1a: Slowbro|0 fnt
|-hint|Physical Shell Side Arm
|faint|p1a: Slowbro
|
|upkeep
|c|☆StillV$VP|😂😂😂
|
|t:|1655002576
|switch|p1a: Zapdos|Zapdos-Galar|100/100
|-damage|p1a: Zapdos|88/100|[from] Stealth Rock
|turn|7
|-activate|p2a: The Bro|ability: Quick Draw
|
|t:|1655002579
|move|p2a: The Bro|Zen Headbutt|p1a: Zapdos
|-supereffective|p1a: Zapdos
|-damage|p1a: Zapdos|0 fnt
|faint|p1a: Zapdos
|
|upkeep
|
|t:|1655002591
|switch|p1a: Polteageist|Polteageist|100/100
|-damage|p1a: Polteageist|88/100|[from] Stealth Rock
|turn|8
|c|☆8balljacketguy|Gotta pray
|
|t:|1655002597
|move|p1a: Polteageist|Shadow Ball|p2a: The Bro
|-supereffective|p2a: The Bro
|-damage|p2a: The Bro|0 fnt
|faint|p2a: The Bro
|
|-sideend|p1: 8balljacketguy|move: Aurora Veil
|upkeep
|
|t:|1655002604
|switch|p2a: Angry Bird|Zapdos-Galar|100/100
|turn|9
|
|t:|1655002609
|switch|p1a: Mew|Mew|100/100
|-damage|p1a: Mew|88/100|[from] Stealth Rock
|move|p2a: Angry Bird|Brave Bird|p1a: Mew
|-damage|p1a: Mew|40/100
|-damage|p2a: Angry Bird|80/100|[from] Recoil
|
|upkeep
|turn|10
|
|t:|1655002612
|move|p2a: Angry Bird|Brave Bird|p1a: Mew
|-damage|p1a: Mew|0 fnt
|faint|p1a: Mew
|-damage|p2a: Angry Bird|64/100|[from] Recoil
|
|-sideend|p2: StillV$VP|move: Aurora Veil
|upkeep
|
|t:|1655002619
|switch|p1a: Ninetales|Ninetales-Alola, F|100/100
|-damage|p1a: Ninetales|76/100|[from] Stealth Rock
|-weather|Hail|[from] ability: Snow Warning|[of] p1a: Ninetales
|turn|11
|
|t:|1655002625
|move|p2a: Angry Bird|Brave Bird|p1a: Ninetales
|-damage|p1a: Ninetales|0 fnt
|faint|p1a: Ninetales
|-damage|p2a: Angry Bird|37/100|[from] Recoil
|
|-weather|Hail|[upkeep]
|-damage|p2a: Angry Bird|31/100|[from] Hail
|upkeep
|
|t:|1655002629
|switch|p1a: Kommo-o|Kommo-o, M|100/100
|-damage|p1a: Kommo-o|94/100|[from] Stealth Rock
|turn|12
|
|t:|1655002633
|move|p2a: Angry Bird|Brave Bird|p1a: Kommo-o
|-supereffective|p1a: Kommo-o
|-damage|p1a: Kommo-o|0 fnt
|faint|p1a: Kommo-o
|-damage|p2a: Angry Bird|3/100|[from] Recoil
|
|-weather|Hail|[upkeep]
|-damage|p2a: Angry Bird|0 fnt|[from] Hail
|faint|p2a: Angry Bird
|upkeep
|
|t:|1655002642
|switch|p2a: Lil Teacup|Polteageist|100/100
|switch|p1a: Polteageist|Polteageist|88/100
|-damage|p1a: Polteageist|76/100|[from] Stealth Rock
|turn|13
|
|t:|1655002645
|move|p1a: Polteageist|Shadow Ball|p2a: Lil Teacup
|-supereffective|p2a: Lil Teacup
|-damage|p2a: Lil Teacup|14/100
|move|p2a: Lil Teacup|Shell Smash|p2a: Lil Teacup
|-unboost|p2a: Lil Teacup|def|1
|-unboost|p2a: Lil Teacup|spd|1
|-boost|p2a: Lil Teacup|atk|2
|-boost|p2a: Lil Teacup|spa|2
|-boost|p2a: Lil Teacup|spe|2
|-enditem|p2a: Lil Teacup|White Herb
|-clearnegativeboost|p2a: Lil Teacup|[silent]
|
|-weather|Hail|[upkeep]
|-damage|p2a: Lil Teacup|8/100|[from] Hail
|-damage|p1a: Polteageist|70/100|[from] Hail
|upkeep
|turn|14
|c|☆8balljacketguy|Aw fuck
|c|☆StillV$VP|Whee
|c|☆8balljacketguy|Thought that would kill 😂😂😂
|
|t:|1655002660
|move|p2a: Lil Teacup|Shadow Ball|p1a: Polteageist
|-supereffective|p1a: Polteageist
|-crit|p1a: Polteageist
|-damage|p1a: Polteageist|0 fnt
|faint|p1a: Polteageist
|
|win|StillV$VP
|raw|8balljacketguy's rating: 1597 &rarr; <strong>1576</strong><br />(-21 for losing)
|raw|StillV$VP's rating: 1582 &rarr; <strong>1603</strong><br />(+21 for winning)
|c|☆StillV$VP|Whew*
|c|☆8balljacketguy|Gg bro
|c|☆StillV$VP|Gg my bou
|c|☆8balljacketguy|Lile fucking episode 4 of star wars
|c|☆StillV$VP|boy*
|c|☆StillV$VP|😂😂😂😂😂
|c|☆8balljacketguy|Gg man
|c|☆8balljacketguy|Good luck on the ladder
|c|☆StillV$VP|Go give them hell
|c|☆8balljacketguy|See you again probably
|c|☆StillV$VP|Fasho
|c|☆8balljacketguy|You too my boy
|c|☆8balljacketguy|Peace 💪
|c|☆StillV$VP|Peace
||Ladder isn't responding, score probably updated but might not have (Request timeout).
