|j|☆TheLindomar
|j|☆Chiripiti
|player|p1|TheLindomar|163|1594
|player|p2|Chiripiti|102|1675
|teamsize|p1|6
|teamsize|p2|6
|gametype|singles
|gen|8
|tier|[Gen 8] OU
|rated|
|clearpoke
|poke|p1|Crawdaunt, M|
|poke|p1|Kommo-o, M|
|poke|p1|Corviknight, M|
|poke|p1|Rotom-Mow|
|poke|p1|Claydol|
|poke|p1|Togekiss, M|
|poke|p2|Salazzle, F|
|poke|p2|Dugtrio, M|
|poke|p2|Xatu, M|
|poke|p2|Mandibuzz, F|
|poke|p2|Aegislash, M|
|poke|p2|Seismitoad, M|
|rule|Sleep Clause Mod: Limit one foe put to sleep
|rule|Species Clause: Limit one of each Pokémon
|rule|OHKO Clause: OHKO moves are banned
|rule|Evasion Moves Clause: Evasion moves are banned
|rule|Endless Battle Clause: Forcing endless battles is banned
|rule|HP Percentage Mod: HP is shown in percentages
|rule|Dynamax Clause: You cannot dynamax
|teampreview
|inactive|Battle timer is ON: inactive players will automatically lose when time's up. (requested by TheLindomar)
|
|start
|switch|p1a: GALARIAN PARAS|Crawdaunt, M|100/100
|switch|p2a: Dugtrio|Dugtrio, M|100/100
|turn|1
|
|move|p2a: Dugtrio|Earthquake|p1a: GALARIAN PARAS
|-damage|p1a: GALARIAN PARAS|39/100
|move|p1a: GALARIAN PARAS|Knock Off|p2a: Dugtrio
|-enditem|p2a: Dugtrio|Focus Sash
|-damage|p2a: Dugtrio|1/100
|
|upkeep
|turn|2
|
|switch|p2a: Seismitoad|Seismitoad, M|100/100
|move|p1a: GALARIAN PARAS|Knock Off|p2a: Seismitoad
|-damage|p2a: Seismitoad|24/100
|-enditem|p2a: Seismitoad|Leftovers|[from] move: Knock Off|[of] p1a: GALARIAN PARAS
|
|upkeep
|turn|3
|inactive|TheLindomar has 120 seconds left.
|
|move|p2a: Seismitoad|Earth Power|p1a: GALARIAN PARAS
|-damage|p1a: GALARIAN PARAS|0 fnt
|faint|p1a: GALARIAN PARAS
|
|upkeep
|inactive|TheLindomar has 120 seconds left.
|
|switch|p1a: ANKYLOZORD|Kommo-o, M, shiny|100/100
|turn|4
|
|move|p2a: Seismitoad|Earth Power|p1a: ANKYLOZORD
|-damage|p1a: ANKYLOZORD|73/100
|move|p1a: ANKYLOZORD|Stealth Rock|p2a: Seismitoad
|-sidestart|p2: Chiripiti|move: Stealth Rock
|
|-heal|p1a: ANKYLOZORD|80/100|[from] item: Leftovers
|upkeep
|turn|5
|
|switch|p2a: Mandibuzz|Mandibuzz, F|100/100
|switch|p1a: WHIS|Togekiss, M|100/100
|
|upkeep
|turn|6
|
|move|p1a: WHIS|Air Slash|p2a: Mandibuzz
|-damage|p2a: Mandibuzz|79/100
|cant|p2a: Mandibuzz|flinch
|
|upkeep
|turn|7
|
|move|p1a: WHIS|Air Slash|p2a: Mandibuzz
|-damage|p2a: Mandibuzz|61/100
|move|p2a: Mandibuzz|U-turn|p1a: WHIS
|-resisted|p1a: WHIS
|-damage|p1a: WHIS|98/100
|
|switch|p2a: Salazzle|Salazzle, F|100/100|[from]move: U-turn
|-damage|p2a: Salazzle|76/100|[from] Stealth Rock
|
|-heal|p2a: Salazzle|82/100|[from] item: Black Sludge
|upkeep
|turn|8
|
|switch|p1a: ORACLE|Claydol|100/100
|move|p2a: Salazzle|Sludge Wave|p1a: ORACLE
|-resisted|p1a: ORACLE
|-damage|p1a: ORACLE|87/100
|
|-heal|p2a: Salazzle|88/100|[from] item: Black Sludge
|upkeep
|turn|9
|
|switch|p2a: Mandibuzz|Mandibuzz, F|61/100
|switch|p1a: WHIS|Togekiss, M|98/100
|
|upkeep
|turn|10
|
|move|p1a: WHIS|Air Slash|p2a: Mandibuzz
|-damage|p2a: Mandibuzz|41/100
|move|p2a: Mandibuzz|Roost|p2a: Mandibuzz
|-heal|p2a: Mandibuzz|91/100
|-singleturn|p2a: Mandibuzz|move: Roost
|
|upkeep
|turn|11
|
|move|p1a: WHIS|Air Slash|p2a: Mandibuzz
|-damage|p2a: Mandibuzz|69/100
|move|p2a: Mandibuzz|Defog|p1a: WHIS
|-unboost|p1a: WHIS|evasion|1
|-sideend|p2: Chiripiti|Stealth Rock|[from] move: Defog|[of] p2a: Mandibuzz
|
|upkeep
|turn|12
|
|move|p1a: WHIS|Air Slash|p2a: Mandibuzz
|-damage|p2a: Mandibuzz|50/100
|move|p2a: Mandibuzz|Roost|p2a: Mandibuzz
|-heal|p2a: Mandibuzz|100/100
|-singleturn|p2a: Mandibuzz|move: Roost
|
|upkeep
|turn|13
|
|switch|p2a: Aegislash|Aegislash, M|100/100
|move|p1a: WHIS|Flamethrower|p2a: Aegislash
|-supereffective|p2a: Aegislash
|-damage|p2a: Aegislash|63/100
|-status|p2a: Aegislash|brn
|
|-heal|p2a: Aegislash|69/100 brn|[from] item: Leftovers
|-damage|p2a: Aegislash|63/100 brn|[from] brn
|upkeep
|turn|14
|
|switch|p1a: LASERBEAK|Corviknight, M|100/100
|-ability|p1a: LASERBEAK|Pressure
|-formechange|p2a: Aegislash|Aegislash-Blade||[from] ability: Stance Change
|move|p2a: Aegislash|Iron Head|p1a: LASERBEAK
|-resisted|p1a: LASERBEAK
|-damage|p1a: LASERBEAK|91/100
|
|-heal|p2a: Aegislash|69/100 brn|[from] item: Leftovers
|-heal|p1a: LASERBEAK|97/100|[from] item: Leftovers
|-damage|p2a: Aegislash|63/100 brn|[from] brn
|upkeep
|turn|15
|
|switch|p2a: Salazzle|Salazzle, F|88/100
|move|p1a: LASERBEAK|Brave Bird|p2a: Salazzle
|-damage|p2a: Salazzle|26/100
|-damage|p1a: LASERBEAK|82/100|[from] Recoil
|
|-heal|p2a: Salazzle|32/100|[from] item: Black Sludge
|-heal|p1a: LASERBEAK|88/100|[from] item: Leftovers
|upkeep
|turn|16
|
|move|p2a: Salazzle|Flamethrower|p1a: LASERBEAK
|-supereffective|p1a: LASERBEAK
|-damage|p1a: LASERBEAK|30/100
|move|p1a: LASERBEAK|Brave Bird|p2a: Salazzle
|-damage|p2a: Salazzle|0 fnt
|-damage|p1a: LASERBEAK|23/100|[from] Recoil
|faint|p2a: Salazzle
|
|-heal|p1a: LASERBEAK|29/100|[from] item: Leftovers
|upkeep
|
|switch|p2a: Xatu|Xatu, M|100/100
|turn|17
|
|switch|p1a: ORACLE|Claydol|87/100
|move|p2a: Xatu|Heat Wave|p1a: ORACLE
|-damage|p1a: ORACLE|74/100
|
|upkeep
|turn|18
|
|move|p1a: ORACLE|Future Sight|p2a: Xatu
|-start|p1a: ORACLE|move: Future Sight
|move|p2a: Xatu|Teleport|p2a: Xatu
|
|switch|p2a: Mandibuzz|Mandibuzz, F|100/100|[from]move: Teleport
|
|upkeep
|turn|19
|
|switch|p1a: HM 01|Rotom-Mow|100/100
|move|p2a: Mandibuzz|Knock Off|p1a: HM 01
|-crit|p1a: HM 01
|-damage|p1a: HM 01|53/100
|-enditem|p1a: HM 01|Choice Scarf|[from] move: Knock Off|[of] p2a: Mandibuzz
|
|upkeep
|turn|20
|
|move|p1a: HM 01|Trick|p2a: Mandibuzz
|-activate|p1a: HM 01|move: Trick|[of] p2a: Mandibuzz
|-enditem|p2a: Mandibuzz|Heavy-Duty Boots|[silent]|[from] move: Trick
|-item|p1a: HM 01|Heavy-Duty Boots|[from] move: Trick
|move|p2a: Mandibuzz|U-turn|p1a: HM 01
|-supereffective|p1a: HM 01
|-damage|p1a: HM 01|22/100
|
|switch|p2a: Dugtrio|Dugtrio, M|1/100|[from]move: U-turn
|
|-end|p2a: Dugtrio|move: Future Sight
|-damage|p2a: Dugtrio|0 fnt
|upkeep
|faint|p2a: Dugtrio
|
|switch|p2a: Mandibuzz|Mandibuzz, F|100/100
|turn|21
|
|move|p1a: HM 01|Volt Switch|p2a: Mandibuzz
|-supereffective|p2a: Mandibuzz
|-damage|p2a: Mandibuzz|58/100
|
|switch|p1a: WHIS|Togekiss, M|98/100|[from]move: Volt Switch
|move|p2a: Mandibuzz|U-turn|p1a: WHIS
|-resisted|p1a: WHIS
|-damage|p1a: WHIS|95/100
|
|switch|p2a: Aegislash|Aegislash, M|63/100 brn|[from]move: U-turn
|
|-heal|p2a: Aegislash|69/100 brn|[from] item: Leftovers
|-damage|p2a: Aegislash|63/100 brn|[from] brn
|upkeep
|turn|22
|
|move|p1a: WHIS|Nasty Plot|p1a: WHIS
|-boost|p1a: WHIS|spa|2
|-formechange|p2a: Aegislash|Aegislash-Blade||[from] ability: Stance Change
|move|p2a: Aegislash|Iron Head|p1a: WHIS
|-supereffective|p1a: WHIS
|-damage|p1a: WHIS|53/100
|
|-heal|p2a: Aegislash|69/100 brn|[from] item: Leftovers
|-damage|p2a: Aegislash|63/100 brn|[from] brn
|upkeep
|turn|23
|
|move|p1a: WHIS|Flamethrower|p2a: Aegislash
|-supereffective|p2a: Aegislash
|-damage|p2a: Aegislash|0 fnt
|faint|p2a: Aegislash
|
|upkeep
|-message|Chiripiti forfeited.
|
|win|TheLindomar
|l|☆Chiripiti
