|j|☆Chikami
|j|☆MrThreeTree
|t:|1650499108
|gametype|singles
|player|p1|Chikami|nate|1744
|player|p2|MrThreeTree|266|1807
|teamsize|p1|6
|teamsize|p2|6
|gen|8
|tier|[Gen 8] OU
|rated|
|rule|Sleep Clause Mod: Limit one foe put to sleep
|rule|Species Clause: Limit one of each Pokémon
|rule|OHKO Clause: OHKO moves are banned
|rule|Evasion Moves Clause: Evasion moves are banned
|rule|Endless Battle Clause: Forcing endless battles is banned
|rule|HP Percentage Mod: HP is shown in percentages
|rule|Dynamax Clause: You cannot dynamax
|clearpoke
|poke|p1|Scolipede, M|
|poke|p1|Dragapult, M|
|poke|p1|Crawdaunt, M|
|poke|p1|Regieleki|
|poke|p1|Zapdos-Galar|
|poke|p1|Excadrill, M|
|poke|p2|Landorus-Therian, M|
|poke|p2|Garchomp, F|
|poke|p2|Heatran, M|
|poke|p2|Zeraora|
|poke|p2|Tapu Fini|
|poke|p2|Celesteela|
|teampreview
|inactive|Battle timer is ON: inactive players will automatically lose when time's up. (requested by Chikami)
|j| Invisible flame
|j| ThePokeOne1
|
|t:|1650499125
|start
|switch|p1a: Excadrill|Excadrill, M|100/100
|switch|p2a: Heatran|Heatran, M|100/100
|-ability|p1a: Excadrill|Mold Breaker
|-item|p2a: Heatran|Air Balloon
|turn|1
|
|t:|1650499129
|move|p1a: Excadrill|Stealth Rock|p2a: Heatran
|-sidestart|p2: MrThreeTree|move: Stealth Rock
|move|p2a: Heatran|Eruption|p1a: Excadrill
|-supereffective|p1a: Excadrill
|-enditem|p1a: Excadrill|Focus Sash
|-damage|p1a: Excadrill|1/100
|
|upkeep
|turn|2
|
|t:|1650499138
|move|p1a: Excadrill|Rapid Spin|p2a: Heatran
|-resisted|p2a: Heatran
|-damage|p2a: Heatran|94/100
|-boost|p1a: Excadrill|spe|1
|-enditem|p2a: Heatran|Air Balloon
|move|p2a: Heatran|Lava Plume|p1a: Excadrill
|-supereffective|p1a: Excadrill
|-damage|p1a: Excadrill|0 fnt
|faint|p1a: Excadrill
|
|upkeep
|
|t:|1650499149
|switch|p1a: Zapdos|Zapdos-Galar|100/100
|turn|3
|
|t:|1650499165
|move|p1a: Zapdos|Thunderous Kick|p2a: Heatran
|-supereffective|p2a: Heatran
|-damage|p2a: Heatran|0 fnt
|faint|p2a: Heatran
|
|upkeep
|
|t:|1650499171
|switch|p2a: Celesteela|Celesteela|100/100
|-damage|p2a: Celesteela|88/100|[from] Stealth Rock
|turn|4
|
|t:|1650499182
|move|p1a: Zapdos|Thunderous Kick|p2a: Celesteela
|-crit|p2a: Celesteela
|-damage|p2a: Celesteela|4/100
|-unboost|p2a: Celesteela|def|1
|move|p2a: Celesteela|Air Slash|p1a: Zapdos
|-supereffective|p1a: Zapdos
|-damage|p1a: Zapdos|21/100
|
|-heal|p2a: Celesteela|10/100|[from] item: Leftovers
|upkeep
|turn|5
|
|t:|1650499193
|move|p1a: Zapdos|Thunderous Kick|p2a: Celesteela
|-damage|p2a: Celesteela|0 fnt
|faint|p2a: Celesteela
|
|upkeep
|
|t:|1650499196
|switch|p2a: Zeraora|Zeraora|100/100
|-damage|p2a: Zeraora|88/100|[from] Stealth Rock
|turn|6
|
|t:|1650499209
|move|p2a: Zeraora|Plasma Fists|p1a: Zapdos
|-supereffective|p1a: Zapdos
|-damage|p1a: Zapdos|0 fnt
|-fieldactivate|move: Ion Deluge
|-hint|Normal-type moves become Electric-type after using Plasma Fists.
|faint|p1a: Zapdos
|
|upkeep
|
|t:|1650499214
|switch|p1a: Regieleki|Regieleki|100/100
|turn|7
|
|t:|1650499220
|move|p1a: Regieleki|Reflect|p1a: Regieleki
|-sidestart|p1: Chikami|Reflect
|move|p2a: Zeraora|Knock Off|p1a: Regieleki
|-damage|p1a: Regieleki|72/100
|-enditem|p1a: Regieleki|Light Clay|[from] move: Knock Off|[of] p2a: Zeraora
|
|upkeep
|turn|8
|
|t:|1650499231
|switch|p2a: Landorus|Landorus-Therian, M|100/100
|-damage|p2a: Landorus|88/100|[from] Stealth Rock
|-ability|p2a: Landorus|Intimidate|boost
|-unboost|p1a: Regieleki|atk|1
|move|p1a: Regieleki|Light Screen|p1a: Regieleki
|-sidestart|p1: Chikami|move: Light Screen
|
|upkeep
|turn|9
|
|t:|1650499235
|move|p1a: Regieleki|Explosion|p2a: Landorus
|-damage|p2a: Landorus|50/100
|faint|p1a: Regieleki
|move|p2a: Landorus|Stealth Rock|p1: Regieleki
|-sidestart|p1: Chikami|move: Stealth Rock
|
|upkeep
|j| nom-interdit
|
|t:|1650499255
|switch|p1a: Crawdaunt|Crawdaunt, M|100/100
|-damage|p1a: Crawdaunt|88/100|[from] Stealth Rock
|turn|10
|
|t:|1650499264
|move|p2a: Landorus|Toxic|p1a: Crawdaunt
|-status|p1a: Crawdaunt|tox
|move|p1a: Crawdaunt|Knock Off|p2a: Landorus
|-damage|p2a: Landorus|0 fnt
|-damage|p1a: Crawdaunt|72/100 tox|[from] item: Rocky Helmet|[of] p2a: Landorus
|-enditem|p2a: Landorus|Rocky Helmet|[from] move: Knock Off|[of] p1a: Crawdaunt
|faint|p2a: Landorus
|-damage|p1a: Crawdaunt|62/100 tox|[from] item: Life Orb
|
|-damage|p1a: Crawdaunt|56/100 tox|[from] psn
|upkeep
|
|t:|1650499272
|switch|p2a: Zeraora|Zeraora|88/100
|-damage|p2a: Zeraora|76/100|[from] Stealth Rock
|turn|11
|
|t:|1650499279
|move|p1a: Crawdaunt|Aqua Jet|p2a: Zeraora
|-damage|p2a: Zeraora|27/100
|-damage|p1a: Crawdaunt|46/100 tox|[from] item: Life Orb
|move|p2a: Zeraora|Plasma Fists|p1a: Crawdaunt
|-supereffective|p1a: Crawdaunt
|-damage|p1a: Crawdaunt|0 fnt
|-fieldactivate|move: Ion Deluge
|-hint|Normal-type moves become Electric-type after using Plasma Fists.
|faint|p1a: Crawdaunt
|
|upkeep
|
|t:|1650499297
|switch|p1a: Scolipede|Scolipede, M|100/100
|-damage|p1a: Scolipede|76/100|[from] Stealth Rock
|turn|12
|
|t:|1650499301
|move|p2a: Zeraora|Plasma Fists|p1a: Scolipede
|-damage|p1a: Scolipede|38/100
|-fieldactivate|move: Ion Deluge
|-hint|Normal-type moves become Electric-type after using Plasma Fists.
|move|p1a: Scolipede|Swords Dance|p1a: Scolipede
|-boost|p1a: Scolipede|atk|2
|
|-sideend|p1: Chikami|move: Light Screen
|-ability|p1a: Scolipede|Speed Boost|boost
|-boost|p1a: Scolipede|spe|1
|upkeep
|turn|13
|
|t:|1650499313
|move|p1a: Scolipede|Earthquake|p2a: Zeraora
|-supereffective|p2a: Zeraora
|-damage|p2a: Zeraora|0 fnt
|faint|p2a: Zeraora
|-damage|p1a: Scolipede|28/100|[from] item: Life Orb
|
|-ability|p1a: Scolipede|Speed Boost|boost
|-boost|p1a: Scolipede|spe|1
|upkeep
|
|t:|1650499316
|switch|p2a: Garchomp|Garchomp, F|100/100
|-damage|p2a: Garchomp|94/100|[from] Stealth Rock
|turn|14
|
|t:|1650499324
|move|p1a: Scolipede|Megahorn|p2a: Garchomp
|-damage|p2a: Garchomp|0 fnt
|-damage|p1a: Scolipede|16/100|[from] ability: Rough Skin|[of] p2a: Garchomp
|faint|p2a: Garchomp
|-damage|p1a: Scolipede|6/100|[from] item: Life Orb
|
|-sideend|p1: Chikami|Reflect
|-ability|p1a: Scolipede|Speed Boost|boost
|-boost|p1a: Scolipede|spe|1
|upkeep
|
|t:|1650499328
|switch|p2a: Tapu Fini|Tapu Fini|100/100
|-damage|p2a: Tapu Fini|88/100|[from] Stealth Rock
|-fieldstart|move: Misty Terrain|[from] ability: Misty Surge|[of] p2a: Tapu Fini
|turn|15
|
|t:|1650499339
|move|p1a: Scolipede|Poison Jab|p2a: Tapu Fini
|-supereffective|p2a: Tapu Fini
|-damage|p2a: Tapu Fini|0 fnt
|faint|p2a: Tapu Fini
|-damage|p1a: Scolipede|0 fnt|[from] item: Life Orb
|faint|p1a: Scolipede
|
|win|Chikami
|raw|Chikami's rating: 1744 &rarr; <strong>1768</strong><br />(+24 for winning)
|raw|MrThreeTree's rating: 1807 &rarr; <strong>1783</strong><br />(-24 for losing)
|l|☆Chikami
|l|☆MrThreeTree
