|j|☆Allelaja
|j|☆Infernoss
|t:|1650082865
|gametype|singles
|player|p1|Allelaja|1|1717
|player|p2|Infernoss|blue|1819
|teamsize|p1|6
|teamsize|p2|6
|gen|8
|tier|[Gen 8] OU
|rated|
|rule|Sleep Clause Mod: Limit one foe put to sleep
|rule|Species Clause: Limit one of each Pokémon
|rule|OHKO Clause: OHKO moves are banned
|rule|Evasion Moves Clause: Evasion moves are banned
|rule|Endless Battle Clause: Forcing endless battles is banned
|rule|HP Percentage Mod: HP is shown in percentages
|rule|Dynamax Clause: You cannot dynamax
|clearpoke
|poke|p1|Kartana|
|poke|p1|Tapu Lele|
|poke|p1|Toxapex, M|
|poke|p1|Magnezone|
|poke|p1|Landorus-Therian, M|
|poke|p1|Zapdos|
|poke|p2|Marowak-Alola, M|
|poke|p2|Slowbro, M|
|poke|p2|Hatterene, F|
|poke|p2|Garchomp, M|
|poke|p2|Ferrothorn, M|
|poke|p2|Drampa, M|
|teampreview
|inactive|Battle timer is ON: inactive players will automatically lose when time's up. (requested by Allelaja)
|
|t:|1650082878
|start
|switch|p1a: Kartana|Kartana|100/100
|switch|p2a: Sharko|Garchomp, M|100/100
|turn|1
|
|t:|1650082883
|move|p1a: Kartana|Leaf Blade|p2a: Sharko
|-damage|p2a: Sharko|6/100
|-damage|p1a: Kartana|88/100|[from] ability: Rough Skin|[of] p2a: Sharko
|move|p2a: Sharko|Earthquake|p1a: Kartana
|-damage|p1a: Kartana|37/100
|
|-heal|p2a: Sharko|12/100|[from] item: Leftovers
|upkeep
|turn|2
|
|t:|1650082893
|switch|p1a: Magnezone|Magnezone|100/100
|switch|p2a: Thorns|Ferrothorn, M|100/100
|
|upkeep
|turn|3
|
|t:|1650082898
|move|p1a: Magnezone|Iron Defense|p1a: Magnezone
|-boost|p1a: Magnezone|def|2
|move|p2a: Thorns|Leech Seed|p1a: Magnezone
|-start|p1a: Magnezone|move: Leech Seed
|
|-damage|p1a: Magnezone|88/100|[from] Leech Seed|[of] p2a: Thorns
|upkeep
|turn|4
|
|t:|1650082905
|move|p1a: Magnezone|Iron Defense|p1a: Magnezone
|-boost|p1a: Magnezone|def|2
|move|p2a: Thorns|Stealth Rock|p1a: Magnezone
|-sidestart|p1: Allelaja|move: Stealth Rock
|
|-heal|p1a: Magnezone|94/100|[from] item: Leftovers
|-damage|p1a: Magnezone|82/100|[from] Leech Seed|[of] p2a: Thorns
|upkeep
|turn|5
|
|t:|1650082912
|move|p1a: Magnezone|Iron Defense|p1a: Magnezone
|-boost|p1a: Magnezone|def|2
|move|p2a: Thorns|Power Whip|p1a: Magnezone
|-resisted|p1a: Magnezone
|-damage|p1a: Magnezone|77/100
|
|-heal|p1a: Magnezone|83/100|[from] item: Leftovers
|-damage|p1a: Magnezone|71/100|[from] Leech Seed|[of] p2a: Thorns
|upkeep
|turn|6
|j| xiao123
|l| xiao123
|
|t:|1650082931
|move|p1a: Magnezone|Body Press|p2a: Thorns
|-supereffective|p2a: Thorns
|-damage|p2a: Thorns|0 fnt
|-damage|p1a: Magnezone|58/100|[from] ability: Iron Barbs|[of] p2a: Thorns
|faint|p2a: Thorns
|
|-heal|p1a: Magnezone|64/100|[from] item: Leftovers
|upkeep
|j| disliked
|j| 50 at max
|
|t:|1650082946
|switch|p2a: Gorra|Hatterene, F, shiny|100/100
|turn|7
|
|t:|1650082952
|move|p1a: Magnezone|Flash Cannon|p2a: Gorra
|-supereffective|p2a: Gorra
|-crit|p2a: Gorra
|-damage|p2a: Gorra|26/100
|move|p2a: Gorra|Mystical Fire|p1a: Magnezone
|-supereffective|p1a: Magnezone
|-damage|p1a: Magnezone|16/100
|-unboost|p1a: Magnezone|spa|1
|
|-heal|p1a: Magnezone|22/100|[from] item: Leftovers
|-damage|p1a: Magnezone|10/100|[from] Leech Seed|[of] p2a: Gorra
|-heal|p2a: Gorra|40/100|[silent]
|upkeep
|turn|8
|c|☆Infernoss|of curse
|j| Ctannn
|
|t:|1650082964
|move|p1a: Magnezone|Thunderbolt|p2a: Gorra
|-damage|p2a: Gorra|19/100
|move|p2a: Gorra|Trick Room|p2a: Gorra
|-fieldstart|move: Trick Room|[of] p2a: Gorra
|
|-heal|p1a: Magnezone|16/100|[from] item: Leftovers
|-damage|p1a: Magnezone|3/100|[from] Leech Seed|[of] p2a: Gorra
|-heal|p2a: Gorra|33/100|[silent]
|upkeep
|turn|9
|
|t:|1650082980
|move|p2a: Gorra|Healing Wish|p2a: Gorra
|faint|p2a: Gorra
|move|p1a: Magnezone|Flash Cannon|p2: Gorra|[notarget]
|-fail|p1a: Magnezone
|
|-heal|p1a: Magnezone|10/100|[from] item: Leftovers
|upkeep
|
|t:|1650082986
|switch|p2a: Falkor|Drampa, M|100/100
|turn|10
|
|t:|1650082993
|move|p2a: Falkor|Thunderbolt|p1a: Magnezone
|-resisted|p1a: Magnezone
|-damage|p1a: Magnezone|0 fnt
|faint|p1a: Magnezone
|
|upkeep
|
|t:|1650082998
|switch|p1a: Landorus|Landorus-Therian, M|100/100
|-damage|p1a: Landorus|88/100|[from] Stealth Rock
|-ability|p1a: Landorus|Intimidate|boost
|-unboost|p2a: Falkor|atk|1
|turn|11
|
|t:|1650083003
|move|p2a: Falkor|Ice Beam|p1a: Landorus
|-supereffective|p1a: Landorus
|-crit|p1a: Landorus
|-damage|p1a: Landorus|0 fnt
|faint|p1a: Landorus
|
|upkeep
|
|t:|1650083014
|switch|p1a: Toxapex|Toxapex, M|100/100
|-damage|p1a: Toxapex|88/100|[from] Stealth Rock
|turn|12
|
|t:|1650083018
|move|p2a: Falkor|Thunderbolt|p1a: Toxapex
|-supereffective|p1a: Toxapex
|-damage|p1a: Toxapex|16/100
|-enditem|p1a: Toxapex|Eject Button
|
|t:|1650083024
|switch|p1a: Tapu Lele|Tapu Lele|100/100
|-damage|p1a: Tapu Lele|88/100|[from] Stealth Rock
|-fieldstart|move: Psychic Terrain|[from] ability: Psychic Surge|[of] p1a: Tapu Lele
|
|-fieldend|move: Trick Room
|upkeep
|turn|13
|
|t:|1650083048
|switch|p1a: Kartana|Kartana|37/100
|-damage|p1a: Kartana|31/100|[from] Stealth Rock
|move|p2a: Falkor|Thunderbolt|p1a: Kartana
|-resisted|p1a: Kartana
|-damage|p1a: Kartana|0 fnt
|faint|p1a: Kartana
|
|upkeep
|-message|Allelaja forfeited.
|
|win|Infernoss
|raw|Allelaja's rating: 1717 &rarr; <strong>1703</strong><br />(-14 for losing)
|raw|Infernoss's rating: 1819 &rarr; <strong>1833</strong><br />(+14 for winning)
|l|☆Allelaja
