|j|☆OUTMVirgil
|j|☆groundt
|player|p1|OUTMVirgil|218|1535
|player|p2|groundt|winona-gen3|1513
|teamsize|p1|6
|teamsize|p2|6
|gametype|singles
|gen|8
|tier|[Gen 8] OU
|rated|
|rule|Sleep Clause Mod: Limit one foe put to sleep
|rule|Species Clause: Limit one of each Pokémon
|rule|OHKO Clause: OHKO moves are banned
|rule|Evasion Moves Clause: Evasion moves are banned
|rule|Endless Battle Clause: Forcing endless battles is banned
|rule|HP Percentage Mod: HP is shown in percentages
|clearpoke
|poke|p1|Indeedee, M|
|poke|p1|Darmanitan-Galar, F|
|poke|p1|Hydreigon, F|
|poke|p1|Excadrill, F|
|poke|p1|Ditto|
|poke|p1|Hawlucha, M|
|poke|p2|Jellicent, F|
|poke|p2|Hatterene, F|
|poke|p2|Ditto|
|poke|p2|Dragapult, F|
|poke|p2|Excadrill, M|
|poke|p2|Mandibuzz, F|
|teampreview
|
|start
|switch|p1a: Mr. Resetti|Excadrill, F|100/100
|switch|p2a: Jellicent|Jellicent, F|100/100
|-ability|p1a: Mr. Resetti|Mold Breaker
|turn|1
|
|move|p1a: Mr. Resetti|Stealth Rock|p2a: Jellicent
|-sidestart|p2: groundt|move: Stealth Rock
|move|p2a: Jellicent|Will-O-Wisp|p1a: Mr. Resetti
|-status|p1a: Mr. Resetti|brn
|
|-damage|p1a: Mr. Resetti|94/100 brn|[from] brn
|upkeep
|turn|2
|
|move|p1a: Mr. Resetti|Earthquake|p2a: Jellicent
|-damage|p2a: Jellicent|78/100
|move|p2a: Jellicent|Will-O-Wisp|p1a: Mr. Resetti
|-fail|p1a: Mr. Resetti|brn
|
|-heal|p2a: Jellicent|84/100|[from] item: Leftovers
|-damage|p1a: Mr. Resetti|88/100 brn|[from] brn
|upkeep
|turn|3
|
|move|p1a: Mr. Resetti|Earthquake|p2a: Jellicent
|-damage|p2a: Jellicent|63/100
|move|p2a: Jellicent|Taunt|p1a: Mr. Resetti
|-start|p1a: Mr. Resetti|move: Taunt
|
|-heal|p2a: Jellicent|69/100|[from] item: Leftovers
|-damage|p1a: Mr. Resetti|82/100 brn|[from] brn
|upkeep
|turn|4
|
|move|p1a: Mr. Resetti|Iron Head|p2a: Jellicent
|-resisted|p2a: Jellicent
|-damage|p2a: Jellicent|59/100
|move|p2a: Jellicent|Strength Sap|p1a: Mr. Resetti
|-unboost|p1a: Mr. Resetti|atk|1
|-heal|p2a: Jellicent|100/100
|
|-damage|p1a: Mr. Resetti|76/100 brn|[from] brn
|upkeep
|turn|5
|c|☆OUTMVirgil|I wish Pokemon could add a self destruct button right about now
|
|switch|p2a: Mandibuzz|Mandibuzz, F|100/100
|move|p1a: Mr. Resetti|Earthquake|p2a: Mandibuzz
|-immune|p2a: Mandibuzz
|
|-damage|p1a: Mr. Resetti|70/100 brn|[from] brn
|upkeep
|turn|6
|
|move|p1a: Mr. Resetti|Iron Head|p2a: Mandibuzz
|-damage|p2a: Mandibuzz|91/100
|move|p2a: Mandibuzz|Defog|p1a: Mr. Resetti
|-unboost|p1a: Mr. Resetti|evasion|1
|-sideend|p2: groundt|Stealth Rock|[from] move: Defog|[of] p2a: Mandibuzz
|
|-damage|p1a: Mr. Resetti|64/100 brn|[from] brn
|-end|p1a: Mr. Resetti|move: Taunt
|upkeep
|turn|7
|
|move|p1a: Mr. Resetti|Stealth Rock|p2a: Mandibuzz
|-sidestart|p2: groundt|move: Stealth Rock
|move|p2a: Mandibuzz|Knock Off|p1a: Mr. Resetti
|-damage|p1a: Mr. Resetti|28/100 brn
|-enditem|p1a: Mr. Resetti|Focus Sash|[from] move: Knock Off|[of] p2a: Mandibuzz
|
|-damage|p1a: Mr. Resetti|22/100 brn|[from] brn
|upkeep
|turn|8
|c|☆OUTMVirgil|I CRAVE DEATH
|
|move|p1a: Mr. Resetti|Iron Head|p2a: Mandibuzz
|-damage|p2a: Mandibuzz|82/100
|cant|p2a: Mandibuzz|flinch
|
|-damage|p1a: Mr. Resetti|16/100 brn|[from] brn
|upkeep
|turn|9
|
|move|p1a: Mr. Resetti|Iron Head|p2a: Mandibuzz
|-damage|p2a: Mandibuzz|72/100
|move|p2a: Mandibuzz|Defog|p1a: Mr. Resetti
|-unboost|p1a: Mr. Resetti|evasion|1
|-sideend|p2: groundt|Stealth Rock|[from] move: Defog|[of] p2a: Mandibuzz
|
|-damage|p1a: Mr. Resetti|10/100 brn|[from] brn
|upkeep
|turn|10
|
|move|p1a: Mr. Resetti|Stealth Rock|p2a: Mandibuzz
|-sidestart|p2: groundt|move: Stealth Rock
|move|p2a: Mandibuzz|Defog|p1a: Mr. Resetti
|-unboost|p1a: Mr. Resetti|evasion|1
|-sideend|p2: groundt|Stealth Rock|[from] move: Defog|[of] p2a: Mandibuzz
|
|-damage|p1a: Mr. Resetti|4/100 brn|[from] brn
|upkeep
|turn|11
|
|move|p1a: Mr. Resetti|Stealth Rock|p2a: Mandibuzz
|-sidestart|p2: groundt|move: Stealth Rock
|move|p2a: Mandibuzz|Defog|p1a: Mr. Resetti
|-unboost|p1a: Mr. Resetti|evasion|1
|-sideend|p2: groundt|Stealth Rock|[from] move: Defog|[of] p2a: Mandibuzz
|
|-damage|p1a: Mr. Resetti|0 fnt|[from] brn
|faint|p1a: Mr. Resetti
|upkeep
|
|switch|p1a: WAMPA COMBO!|Darmanitan-Galar, F|100/100
|turn|12
|
|move|p1a: WAMPA COMBO!|Icicle Crash|p2a: Mandibuzz
|-supereffective|p2a: Mandibuzz
|-damage|p2a: Mandibuzz|0 fnt
|faint|p2a: Mandibuzz
|
|upkeep
|c|☆OUTMVirgil|I use the Galarian Darm to get Galarian Darm banned eventually
|
|switch|p2a: Jellicent|Jellicent, F|100/100
|turn|13
|
|switch|p1a: God Shattering ★|Hydreigon, F|100/100
|move|p2a: Jellicent|Will-O-Wisp|p1a: God Shattering ★
|-status|p1a: God Shattering ★|brn
|
|-damage|p1a: God Shattering ★|94/100 brn|[from] brn
|upkeep
|turn|14
|
|switch|p2a: Hatterene|Hatterene, F|100/100
|move|p1a: God Shattering ★|Substitute|p1a: God Shattering ★
|-start|p1a: God Shattering ★|Substitute
|-damage|p1a: God Shattering ★|69/100 brn
|
|-heal|p1a: God Shattering ★|76/100 brn|[from] item: Leftovers
|-damage|p1a: God Shattering ★|69/100 brn|[from] brn
|upkeep
|turn|15
|
|move|p1a: God Shattering ★|Nasty Plot|p1a: God Shattering ★
|-boost|p1a: God Shattering ★|spa|2
|move|p2a: Hatterene|Draining Kiss|p1a: God Shattering ★
|-supereffective|p1a: God Shattering ★
|-end|p1a: God Shattering ★|Substitute
|
|-heal|p1a: God Shattering ★|76/100 brn|[from] item: Leftovers
|-damage|p1a: God Shattering ★|69/100 brn|[from] brn
|upkeep
|turn|16
|
|-start|p2a: Hatterene|Dynamax
|-formechange|p2a: Hatterene|Hatterene-Gmax|
|-heal|p2a: Hatterene|100/100|[silent]
|move|p1a: God Shattering ★|Flash Cannon|p2a: Hatterene
|-supereffective|p2a: Hatterene
|-damage|p2a: Hatterene|44/100
|-unboost|p2a: Hatterene|spd|1
|move|p2a: Hatterene|G-Max Smite|p1a: God Shattering ★
|-supereffective|p1a: God Shattering ★
|-damage|p1a: God Shattering ★|0 fnt
|faint|p1a: God Shattering ★
|
|-heal|p2a: Hatterene|50/100|[from] item: Leftovers
|upkeep
|c|☆OUTMVirgil|Ahh shit time to get torn apart
|c|☆OUTMVirgil|"Sir your vibes are attrocious!"
|inactive|Battle timer is ON: inactive players will automatically lose when time's up. (requested by groundt)
|
|switch|p1a: Pout Pout|Indeedee, M|100/100
|-fieldstart|move: Psychic Terrain|[from] ability: Psychic Surge|[of] p1a: Pout Pout
|turn|17
|
|move|p1a: Pout Pout|Mystical Fire|p2a: Hatterene
|-damage|p2a: Hatterene|33/100
|-unboost|p2a: Hatterene|spa|1
|move|p2a: Hatterene|G-Max Smite|p1a: Pout Pout
|-damage|p1a: Pout Pout|58/100
|-start|p1a: Pout Pout|confusion
|
|-heal|p2a: Hatterene|39/100|[from] item: Leftovers
|upkeep
|turn|18
|
|-activate|p1a: Pout Pout|confusion
|-damage|p1a: Pout Pout|48/100|[from] confusion
|move|p2a: Hatterene|G-Max Smite|p1a: Pout Pout
|-damage|p1a: Pout Pout|7/100
|
|-heal|p2a: Hatterene|45/100|[from] item: Leftovers
|-end|p2a: Hatterene|Dynamax
|-formechange|p2a: Hatterene|Hatterene|
|-heal|p2a: Hatterene|45/100|[silent]
|upkeep
|turn|19
|
|-activate|p1a: Pout Pout|confusion
|-damage|p1a: Pout Pout|0 fnt|[from] confusion
|faint|p1a: Pout Pout
|move|p2a: Hatterene|Draining Kiss|p1: Pout Pout|[notarget]
|-fail|p2a: Hatterene
|
|-heal|p2a: Hatterene|51/100|[from] item: Leftovers
|upkeep
|
|switch|p1a: !POR MEXICO!|Hawlucha, M|100/100
|-enditem|p1a: !POR MEXICO!|Psychic Seed
|-boost|p1a: !POR MEXICO!|spd|1
|turn|20
|
|-start|p1a: !POR MEXICO!|Dynamax
|-heal|p1a: !POR MEXICO!|100/100|[silent]
|move|p1a: !POR MEXICO!|Max Airstream|p2a: Hatterene
|-damage|p2a: Hatterene|7/100
|-boost|p1a: !POR MEXICO!|spe|1
|move|p2a: Hatterene|Psyshock|p1a: !POR MEXICO!
|-supereffective|p1a: !POR MEXICO!
|-damage|p1a: !POR MEXICO!|45/100
|
|-heal|p2a: Hatterene|13/100|[from] item: Leftovers
|upkeep
|turn|21
|
|move|p1a: !POR MEXICO!|Max Airstream|p2a: Hatterene
|-damage|p2a: Hatterene|0 fnt
|-boost|p1a: !POR MEXICO!|spe|1
|faint|p2a: Hatterene
|
|-fieldend|move: Psychic Terrain
|upkeep
|
|switch|p2a: Jellicent|Jellicent, F|100/100
|turn|22
|
|move|p1a: !POR MEXICO!|Max Lightning|p2a: Jellicent
|-supereffective|p2a: Jellicent
|-damage|p2a: Jellicent|29/100
|-fieldstart|move: Electric Terrain
|move|p2a: Jellicent|Will-O-Wisp|p1a: !POR MEXICO!|[miss]
|-miss|p2a: Jellicent|p1a: !POR MEXICO!
|
|-heal|p2a: Jellicent|35/100|[from] item: Leftovers
|-end|p1a: !POR MEXICO!|Dynamax
|-heal|p1a: !POR MEXICO!|45/100|[silent]
|upkeep
|turn|23
|c|☆OUTMVirgil|We take those?
|inactive|groundt has 120 seconds left.
|
|switch|p2a: Dragapult|Dragapult, F|100/100
|move|p1a: !POR MEXICO!|Thunder Punch|p2a: Dragapult
|-resisted|p2a: Dragapult
|-damage|p2a: Dragapult|86/100
|
|-heal|p2a: Dragapult|92/100|[from] item: Leftovers
|upkeep
|turn|24
|
|move|p1a: !POR MEXICO!|Acrobatics|p2a: Dragapult
|-damage|p2a: Dragapult|19/100
|move|p2a: Dragapult|Will-O-Wisp|p1a: !POR MEXICO!
|-status|p1a: !POR MEXICO!|brn
|
|-heal|p2a: Dragapult|25/100|[from] item: Leftovers
|-damage|p1a: !POR MEXICO!|39/100 brn|[from] brn
|upkeep
|turn|25
|inactive|groundt has 120 seconds left.
|
|move|p1a: !POR MEXICO!|Swords Dance|p1a: !POR MEXICO!
|-boost|p1a: !POR MEXICO!|atk|2
|move|p2a: Dragapult|Hex|p1a: !POR MEXICO!
|-damage|p1a: !POR MEXICO!|0 fnt
|faint|p1a: !POR MEXICO!
|
|-heal|p2a: Dragapult|31/100|[from] item: Leftovers
|upkeep
|j| Aphro Mari
|
|switch|p1a: No U|Ditto|100/100
|-transform|p1a: No U|p2a: Dragapult|[from] ability: Imposter
|turn|26
|inactive|groundt has 120 seconds left.
|
|move|p1a: No U|Hex|p2a: Dragapult
|-supereffective|p2a: Dragapult
|-damage|p2a: Dragapult|0 fnt
|faint|p2a: Dragapult
|
|-fieldend|move: Electric Terrain
|upkeep
|
|switch|p2a: Excadrill|Excadrill, M|100/100
|-ability|p2a: Excadrill|Mold Breaker
|turn|27
|
|move|p1a: No U|Hex|p2a: Excadrill
|-damage|p2a: Excadrill|60/100
|move|p2a: Excadrill|Earthquake|p1a: No U
|-damage|p1a: No U|23/100
|
|-heal|p2a: Excadrill|66/100|[from] item: Leftovers
|upkeep
|turn|28
|inactive|groundt has 120 seconds left.
|
|move|p1a: No U|Hex|p2a: Excadrill
|-damage|p2a: Excadrill|27/100
|move|p2a: Excadrill|Iron Head|p1a: No U
|-damage|p1a: No U|0 fnt
|faint|p1a: No U
|
|-heal|p2a: Excadrill|33/100|[from] item: Leftovers
|upkeep
|
|switch|p1a: WAMPA COMBO!|Darmanitan-Galar, F|100/100
|turn|29
|c|☆OUTMVirgil|gg I'm dead
|
|move|p1a: WAMPA COMBO!|Icicle Crash|p2a: Excadrill
|-damage|p2a: Excadrill|0 fnt
|faint|p2a: Excadrill
|
|upkeep
|
|switch|p2a: Ditto|Ditto|100/100
|-transform|p2a: Ditto|p1a: WAMPA COMBO!|[from] ability: Imposter
|turn|30
|
|move|p2a: Ditto|Flare Blitz|p1a: WAMPA COMBO!
|-supereffective|p1a: WAMPA COMBO!
|-damage|p1a: WAMPA COMBO!|0 fnt
|-damage|p2a: Ditto|62/100|[from] Recoil
|faint|p1a: WAMPA COMBO!
|
|win|groundt
||Ladder (probably) updated, but score could not be retrieved (Response not received).
|error|Unexpected response null from ladder server.
