|j|☆Wha1efish
|j|☆LizzyPark
|t:|1652493930
|gametype|singles
|player|p1|Wha1efish|265|1450
|player|p2|LizzyPark|doctor|1477
|teamsize|p1|6
|teamsize|p2|6
|gen|8
|tier|[Gen 8] OU
|rated|
|rule|Sleep Clause Mod: Limit one foe put to sleep
|rule|Species Clause: Limit one of each Pokémon
|rule|OHKO Clause: OHKO moves are banned
|rule|Evasion Moves Clause: Evasion moves are banned
|rule|Endless Battle Clause: Forcing endless battles is banned
|rule|HP Percentage Mod: HP is shown in percentages
|rule|Dynamax Clause: You cannot dynamax
|clearpoke
|poke|p1|Tyranitar, F|
|poke|p1|Scizor, F|
|poke|p1|Landorus-Therian, M|
|poke|p1|Reuniclus, F|
|poke|p1|Excadrill, M|
|poke|p1|Magnezone|
|poke|p2|Weavile, M|
|poke|p2|Kartana|
|poke|p2|Blacephalon|
|poke|p2|Rillaboom, F|
|poke|p2|Landorus-Therian, M|
|poke|p2|Melmetal|
|teampreview
|inactive|Battle timer is ON: inactive players will automatically lose when time's up. (requested by LizzyPark)
|
|t:|1652493947
|start
|switch|p1a: Landorus|Landorus-Therian, M|100/100
|switch|p2a: Weavile|Weavile, M|100/100
|-ability|p1a: Landorus|Intimidate|boost
|-unboost|p2a: Weavile|atk|1
|turn|1
|
|t:|1652493956
|switch|p1a: Scizor|Scizor, F|100/100
|move|p2a: Weavile|Swords Dance|p2a: Weavile
|-boost|p2a: Weavile|atk|2
|
|upkeep
|turn|2
|
|t:|1652493963
|move|p2a: Weavile|Beat Up|p1a: Scizor
|-damage|p1a: Scizor|90/100
|-damage|p1a: Scizor|75/100
|-damage|p1a: Scizor|63/100
|-damage|p1a: Scizor|52/100
|-damage|p1a: Scizor|39/100
|-damage|p1a: Scizor|26/100
|-hitcount|p1a: Scizor|6
|move|p1a: Scizor|Swords Dance|p1a: Scizor
|-boost|p1a: Scizor|atk|2
|
|upkeep
|turn|3
|
|t:|1652493973
|move|p1a: Scizor|Bullet Punch|p2a: Weavile
|-supereffective|p2a: Weavile
|-enditem|p2a: Weavile|Focus Sash
|-damage|p2a: Weavile|1/100
|-enditem|p1a: Scizor|Heavy-Duty Boots|[silent]|[from] ability: Pickpocket|[of] p1a: Scizor
|-item|p2a: Weavile|Heavy-Duty Boots|[from] ability: Pickpocket|[of] p1a: Scizor
|move|p2a: Weavile|Beat Up|p1a: Scizor
|-damage|p1a: Scizor|15/100
|-damage|p1a: Scizor|1/100
|-damage|p1a: Scizor|0 fnt
|faint|p1a: Scizor
|-hitcount|p1: Scizor|3
|
|upkeep
|
|t:|1652493981
|switch|p1a: Tyranitar|Tyranitar, F|100/100
|-weather|Sandstorm|[from] ability: Sand Stream|[of] p1a: Tyranitar
|turn|4
|
|t:|1652493986
|switch|p2a: Landorus|Landorus-Therian, M|100/100
|-ability|p2a: Landorus|Intimidate|boost
|-unboost|p1a: Tyranitar|atk|1
|move|p1a: Tyranitar|Stealth Rock|p2a: Landorus
|-sidestart|p2: LizzyPark|move: Stealth Rock
|
|-weather|Sandstorm|[upkeep]
|upkeep
|turn|5
|
|t:|1652493994
|switch|p1a: Landorus|Landorus-Therian, M|100/100
|-ability|p1a: Landorus|Intimidate|boost
|-unboost|p2a: Landorus|atk|1
|move|p2a: Landorus|Earthquake|p1a: Landorus
|-immune|p1a: Landorus
|
|-weather|Sandstorm|[upkeep]
|upkeep
|turn|6
|
|t:|1652493997
|move|p2a: Landorus|Stealth Rock|p1a: Landorus
|-sidestart|p1: Wha1efish|move: Stealth Rock
|move|p1a: Landorus|Toxic|p2a: Landorus
|-status|p2a: Landorus|tox
|
|-weather|Sandstorm|[upkeep]
|-damage|p2a: Landorus|95/100 tox|[from] psn
|upkeep
|turn|7
|
|t:|1652494006
|switch|p2a: Melmetal|Melmetal|100/100
|-damage|p2a: Melmetal|94/100|[from] Stealth Rock
|move|p1a: Landorus|U-turn|p2a: Melmetal
|-resisted|p2a: Melmetal
|-damage|p2a: Melmetal|87/100
|-enditem|p2a: Melmetal|Eject Button
|
|t:|1652494024
|switch|p2a: Blacephalon|Blacephalon|100/100
|-damage|p2a: Blacephalon|76/100|[from] Stealth Rock
|
|-weather|Sandstorm|[upkeep]
|-damage|p2a: Blacephalon|70/100|[from] Sandstorm
|upkeep
|turn|8
|
|t:|1652494031
|move|p2a: Blacephalon|Mind Blown|p1a: Landorus
|-damage|p1a: Landorus|2/100
|-damage|p2a: Blacephalon|20/100|[from] mindblown
|move|p1a: Landorus|Earthquake|p2a: Blacephalon
|-supereffective|p2a: Blacephalon
|-damage|p2a: Blacephalon|0 fnt
|faint|p2a: Blacephalon
|
|-weather|none
|-heal|p1a: Landorus|8/100|[from] item: Leftovers
|upkeep
|
|t:|1652494048
|switch|p2a: Weavile|Weavile, M|1/100
|turn|9
|
|t:|1652494056
|move|p2a: Weavile|Beat Up|p1a: Landorus
|-damage|p1a: Landorus|0 fnt
|faint|p1a: Landorus
|-hitcount|p1: Landorus|1
|
|upkeep
|
|t:|1652494061
|switch|p1a: Tyranitar|Tyranitar, F|100/100
|-damage|p1a: Tyranitar|88/100|[from] Stealth Rock
|-weather|Sandstorm|[from] ability: Sand Stream|[of] p1a: Tyranitar
|turn|10
|
|t:|1652494070
|move|p2a: Weavile|Triple Axel|p1a: Tyranitar
|-damage|p1a: Tyranitar|79/100
|-damage|p1a: Tyranitar|60/100
|-damage|p1a: Tyranitar|33/100
|-hitcount|p1a: Tyranitar|3
|move|p1a: Tyranitar|Rock Blast|p2a: Weavile
|-supereffective|p2a: Weavile
|-damage|p2a: Weavile|0 fnt
|faint|p2a: Weavile
|-hitcount|p2: Weavile|1
|
|-weather|Sandstorm|[upkeep]
|-heal|p1a: Tyranitar|39/100|[from] item: Leftovers
|upkeep
|
|t:|1652494086
|switch|p2a: Kartana|Kartana|100/100
|-damage|p2a: Kartana|94/100|[from] Stealth Rock
|turn|11
|inactive|Wha1efish has 120 seconds left.
|
|t:|1652494134
|move|p2a: Kartana|Sacred Sword|p1a: Tyranitar
|-supereffective|p1a: Tyranitar
|-damage|p1a: Tyranitar|0 fnt
|faint|p1a: Tyranitar
|-ability|p2a: Kartana|Beast Boost|boost
|-boost|p2a: Kartana|atk|1
|
|-weather|Sandstorm|[upkeep]
|upkeep
|
|t:|1652494143
|switch|p1a: Reuniclus|Reuniclus, F, shiny|100/100
|turn|12
|
|t:|1652494147
|switch|p2a: Melmetal|Melmetal|87/100
|-damage|p2a: Melmetal|81/100|[from] Stealth Rock
|move|p1a: Reuniclus|Calm Mind|p1a: Reuniclus
|-boost|p1a: Reuniclus|spa|1
|-boost|p1a: Reuniclus|spd|1
|
|-weather|Sandstorm|[upkeep]
|upkeep
|turn|13
|
|t:|1652494152
|move|p2a: Melmetal|Thunder Wave|p1a: Reuniclus
|-status|p1a: Reuniclus|par
|move|p1a: Reuniclus|Focus Blast|p2a: Melmetal|[miss]
|-miss|p1a: Reuniclus|p2a: Melmetal
|
|-weather|Sandstorm|[upkeep]
|upkeep
|turn|14
|
|t:|1652494156
|move|p2a: Melmetal|Double Iron Bash|p1a: Reuniclus
|-damage|p1a: Reuniclus|68/100 par
|-damage|p1a: Reuniclus|40/100 par
|-hitcount|p1a: Reuniclus|2
|cant|p1a: Reuniclus|flinch
|
|-weather|none
|-heal|p1a: Reuniclus|46/100 par|[from] item: Leftovers
|upkeep
|turn|15
|
|t:|1652494162
|move|p2a: Melmetal|Double Iron Bash|p1a: Reuniclus
|-damage|p1a: Reuniclus|13/100 par
|-damage|p1a: Reuniclus|0 fnt
|faint|p1a: Reuniclus
|-hitcount|p1: Reuniclus|2
|
|upkeep
|
|t:|1652494164
|switch|p1a: Magnezone|Magnezone|100/100
|-damage|p1a: Magnezone|94/100|[from] Stealth Rock
|turn|16
|c|☆LizzyPark|yuuuup
|
|t:|1652494168
|move|p1a: Magnezone|Thunderbolt|p2a: Melmetal
|-damage|p2a: Melmetal|2/100
|move|p2a: Melmetal|Superpower|p1a: Magnezone
|-supereffective|p1a: Magnezone
|-damage|p1a: Magnezone|0 fnt
|-unboost|p2a: Melmetal|atk|1
|-unboost|p2a: Melmetal|def|1
|faint|p1a: Magnezone
|
|upkeep
|
|t:|1652494170
|switch|p1a: Excadrill|Excadrill, M|100/100
|-damage|p1a: Excadrill|97/100|[from] Stealth Rock
|turn|17
|c|☆LizzyPark|yuuuuup
|
|t:|1652494177
|move|p1a: Excadrill|Iron Head|p2a: Melmetal
|-resisted|p2a: Melmetal
|-damage|p2a: Melmetal|0 fnt
|faint|p2a: Melmetal
|
|upkeep
|
|t:|1652494180
|switch|p2a: Rillaboom|Rillaboom, F|100/100
|-damage|p2a: Rillaboom|88/100|[from] Stealth Rock
|-fieldstart|move: Grassy Terrain|[from] ability: Grassy Surge|[of] p2a: Rillaboom
|turn|18
|
|t:|1652494182
|move|p2a: Rillaboom|Grassy Glide|p1a: Excadrill
|-damage|p1a: Excadrill|0 fnt
|faint|p1a: Excadrill
|-damage|p2a: Rillaboom|78/100|[from] item: Life Orb
|
|win|LizzyPark
|raw|Wha1efish's rating: 1450 &rarr; <strong>1432</strong><br />(-18 for losing)
|raw|LizzyPark's rating: 1477 &rarr; <strong>1495</strong><br />(+18 for winning)
|c|☆LizzyPark|gg
|l|☆Wha1efish
