|html|<div class="broadcast-blue"><strong>[Gen 8] OU is currently suspecting Melmetal! For information on how to participate check out the <a href="https://www.smogon.com/forums/threads/np-ss-ou-suspect-process-round-12-monster-mash.3709234/">suspect thread</a>.</strong></div>
|j|☆toon arctozolt
|j|☆OUTD Chief
|t:|1666451648
|gametype|singles
|player|p1|toon arctozolt|harlequin|1604
|player|p2|OUTD Chief|giovanni-gen1|1574
|teamsize|p1|6
|teamsize|p2|6
|gen|8
|tier|[Gen 8] OU
|rated|
|rule|Sleep Clause Mod: Limit one foe put to sleep
|rule|Species Clause: Limit one of each Pokémon
|rule|OHKO Clause: OHKO moves are banned
|rule|Evasion Items Clause: Evasion items are banned
|rule|Evasion Moves Clause: Evasion moves are banned
|rule|Endless Battle Clause: Forcing endless battles is banned
|rule|HP Percentage Mod: HP is shown in percentages
|rule|Dynamax Clause: You cannot dynamax
|clearpoke
|poke|p1|Pelipper, M|
|poke|p1|Corviknight, M|
|poke|p1|Inteleon, F|
|poke|p1|Ferrothorn, F|
|poke|p1|Barraskewda, M|
|poke|p1|Seismitoad, F|
|poke|p2|Ferrothorn, F|
|poke|p2|Tornadus-Therian, M|
|poke|p2|Tyranitar, F|
|poke|p2|Melmetal|
|poke|p2|Urshifu-*, M|
|poke|p2|Landorus-Therian, M|
|teampreview
|inactive|Battle timer is ON: inactive players will automatically lose when time's up. (requested by toon arctozolt)
|inactive|toon arctozolt has 120 seconds left.
|inactive|OUTD Chief has 120 seconds left.
|c|☆toon arctozolt|how u voting
|c|☆OUTD Chief|no ban
|c|☆toon arctozolt|u a freak
|inactive|OUTD Chief has 90 seconds left.
|c|☆OUTD Chief|lol
|c|☆toon arctozolt|I love you
|c|☆OUTD Chief|:}
|inactive|OUTD Chief has 60 seconds left.
|
|t:|1666451747
|start
|switch|p1a: Ferrothorn|Ferrothorn, F|100/100
|switch|p2a: Landorus|Landorus-Therian, M|100/100
|-ability|p2a: Landorus|Intimidate|boost
|-unboost|p1a: Ferrothorn|atk|1
|turn|1
|
|t:|1666451751
|move|p2a: Landorus|Earthquake|p1a: Ferrothorn
|-damage|p1a: Ferrothorn|60/100
|move|p1a: Ferrothorn|Knock Off|p2a: Landorus
|-damage|p2a: Landorus|84/100
|-enditem|p2a: Landorus|Choice Scarf|[from] move: Knock Off|[of] p1a: Ferrothorn
|
|-heal|p1a: Ferrothorn|66/100|[from] item: Leftovers
|upkeep
|turn|2
|
|t:|1666451761
|move|p2a: Landorus|Earthquake|p1a: Ferrothorn
|-damage|p1a: Ferrothorn|25/100
|move|p1a: Ferrothorn|Stealth Rock|p2a: Landorus
|-sidestart|p2: OUTD Chief|move: Stealth Rock
|
|-heal|p1a: Ferrothorn|31/100|[from] item: Leftovers
|upkeep
|turn|3
|
|t:|1666451765
|switch|p1a: Corviknight|Corviknight, M|100/100
|-ability|p1a: Corviknight|Pressure
|move|p2a: Landorus|Defog|p1a: Corviknight
|-unboost|p1a: Corviknight|evasion|1
|-sideend|p2: OUTD Chief|Stealth Rock|[from] move: Defog|[of] p2a: Landorus
|
|upkeep
|turn|4
|
|t:|1666451771
|move|p2a: Landorus|Stone Edge|p1a: Corviknight
|-damage|p1a: Corviknight|80/100
|move|p1a: Corviknight|U-turn|p2a: Landorus
|-resisted|p2a: Landorus
|-damage|p2a: Landorus|75/100
|
|t:|1666451781
|switch|p1a: Inteleon|Inteleon, F|100/100|[from]move: U-turn
|
|upkeep
|turn|5
|inactive|OUTD Chief has 120 seconds left.
|j| Spyer2k
|inactive|OUTD Chief has 90 seconds left.
|
|t:|1666451847
|switch|p2a: Tornadus|Tornadus-Therian, M|100/100
|move|p1a: Inteleon|Focus Energy|p1a: Inteleon
|-start|p1a: Inteleon|move: Focus Energy
|
|upkeep
|turn|6
|inactive|OUTD Chief has 90 seconds left.
|c| Spyer2k|QOTD: do fat people deserve the same rights as normal people?
|
|t:|1666451860
|move|p2a: Tornadus|Knock Off|p1a: Inteleon
|-damage|p1a: Inteleon|63/100
|-enditem|p1a: Inteleon|Scope Lens|[from] move: Knock Off|[of] p2a: Tornadus
|move|p1a: Inteleon|Snipe Shot|p2a: Tornadus
|-crit|p2a: Tornadus
|-damage|p2a: Tornadus|36/100
|
|upkeep
|turn|7
|inactive|OUTD Chief has 90 seconds left.
|c|☆toon arctozolt|YES
|j| monkaSaur
|
|t:|1666451882
|move|p2a: Tornadus|U-turn|p1a: Inteleon
|-damage|p1a: Inteleon|38/100
|
|t:|1666451885
|switch|p2a: Ferrothorn|Ferrothorn, F, shiny|100/100|[from]move: U-turn
|move|p1a: Inteleon|Snipe Shot|p2a: Ferrothorn
|-resisted|p2a: Ferrothorn
|-crit|p2a: Ferrothorn
|-damage|p2a: Ferrothorn|60/100
|
|-heal|p2a: Ferrothorn|66/100|[from] item: Leftovers
|upkeep
|turn|8
|c| Spyer2k|why
|c|☆toon arctozolt|2x RIGHTS FOR 2x SIZE
|c| monkaSaur|wtf did i walk in to
|
|t:|1666451911
|move|p1a: Inteleon|Hydro Cannon|p2a: Ferrothorn
|-resisted|p2a: Ferrothorn
|-crit|p2a: Ferrothorn
|-damage|p2a: Ferrothorn|0 fnt
|-mustrecharge|p1a: Inteleon
|faint|p2a: Ferrothorn
|
|upkeep
|inactive|OUTD Chief has 90 seconds left.
|c| Spyer2k|they should get less rights because they've become more animalistic. Controlled by thoughtless hunger rather than reason
|c|☆toon arctozolt|go play in traffic
|c| Spyer2k|See you ruined the discussion with ad hominem
|inactive|OUTD Chief has 60 seconds left.
|c|☆toon arctozolt|use ur thoughtless hunger instead of reason
|
|t:|1666451968
|switch|p2a: Tornadus|Tornadus-Therian, M|69/100
|turn|9
|
|t:|1666451972
|move|p2a: Tornadus|Hurricane|p1a: Inteleon|[miss]
|-miss|p2a: Tornadus|p1a: Inteleon
|cant|p1a: Inteleon|recharge
|
|upkeep
|turn|10
|
|t:|1666451985
|move|p2a: Tornadus|Hurricane|p1a: Inteleon|[miss]
|-miss|p2a: Tornadus|p1a: Inteleon
|move|p1a: Inteleon|Hydro Cannon|p2a: Tornadus|[miss]
|-miss|p1a: Inteleon|p2a: Tornadus
|
|upkeep
|turn|11
|c| Spyer2k|Humans should use reason, its what we have unique to the rest of the animal kingdom
|j| Inv solak plz
|raw|<div class="broadcast-red"><strong>Moderated chat was set to +!</strong><br />Only users of rank + and higher can talk.</div>
|
|t:|1666452002
|switch|p1a: Corviknight|Corviknight, M|80/100
|-ability|p1a: Corviknight|Pressure
|move|p2a: Tornadus|Hurricane|p1a: Corviknight
|-resisted|p1a: Corviknight
|-damage|p1a: Corviknight|60/100
|-start|p1a: Corviknight|confusion
|
|upkeep
|turn|12
|
|t:|1666452020
|move|p2a: Tornadus|Knock Off|p1a: Corviknight
|-damage|p1a: Corviknight|48/100
|-damage|p2a: Tornadus|52/100|[from] item: Rocky Helmet|[of] p1a: Corviknight
|-enditem|p1a: Corviknight|Rocky Helmet|[from] move: Knock Off|[of] p2a: Tornadus
|-activate|p1a: Corviknight|confusion
|move|p1a: Corviknight|U-turn|p2a: Tornadus
|-resisted|p2a: Tornadus
|-damage|p2a: Tornadus|45/100
|c|☆toon arctozolt|that guy was spittin
|c|☆toon arctozolt|free spyer2k
|inactive|toon arctozolt has 120 seconds left.
|
|t:|1666452058
|switch|p1a: Ferrothorn|Ferrothorn, F|31/100|[from]move: U-turn
|
|-heal|p1a: Ferrothorn|37/100|[from] item: Leftovers
|upkeep
|turn|13
|inactive|OUTD Chief has 60 seconds left.
|
|t:|1666452099
|move|p2a: Tornadus|Hurricane|p1a: Ferrothorn
|-damage|p1a: Ferrothorn|11/100
|move|p1a: Ferrothorn|Stealth Rock|p2a: Tornadus
|-sidestart|p2: OUTD Chief|move: Stealth Rock
|
|-heal|p1a: Ferrothorn|17/100|[from] item: Leftovers
|upkeep
|turn|14
|
|t:|1666452108
|switch|p1a: Corviknight|Corviknight, M|48/100
|-ability|p1a: Corviknight|Pressure
|move|p2a: Tornadus|Hurricane|p1a: Corviknight
|-resisted|p1a: Corviknight
|-damage|p1a: Corviknight|29/100
|
|upkeep
|turn|15
|inactive|toon arctozolt has 120 seconds left.
|inactive|OUTD Chief has 30 seconds left.
|inactive|OUTD Chief has 20 seconds left.
|inactive|OUTD Chief has 15 seconds left.
|
|t:|1666452152
|move|p2a: Tornadus|U-turn|p1a: Corviknight
|-resisted|p1a: Corviknight
|-damage|p1a: Corviknight|27/100
|inactive|OUTD Chief has 20 seconds left this turn.
|
|t:|1666452155
|switch|p2a: Urshifu|Urshifu-Rapid-Strike, M|100/100|[from]move: U-turn
|-damage|p2a: Urshifu|94/100|[from] Stealth Rock
|move|p1a: Corviknight|Brave Bird|p2a: Urshifu
|-supereffective|p2a: Urshifu
|-damage|p2a: Urshifu|22/100
|-damage|p1a: Corviknight|7/100|[from] Recoil
|
|upkeep
|turn|16
|inactive|OUTD Chief has 30 seconds left this turn.
|inactive|toon arctozolt has 120 seconds left.
|
|t:|1666452166
|switch|p1a: Ferrothorn|Ferrothorn, F|17/100
|move|p2a: Urshifu|Close Combat|p1a: Ferrothorn
|-supereffective|p1a: Ferrothorn
|-damage|p1a: Ferrothorn|0 fnt
|-unboost|p2a: Urshifu|def|1
|-unboost|p2a: Urshifu|spd|1
|-damage|p2a: Urshifu|10/100|[from] ability: Iron Barbs|[of] p1a: Ferrothorn
|faint|p1a: Ferrothorn
|
|upkeep
|inactive|OUTD Chief has 30 seconds left this turn.
|inactive|toon arctozolt has 120 seconds left.
|
|t:|1666452174
|switch|p1a: Pelipper|Pelipper, M|100/100
|-weather|RainDance|[from] ability: Drizzle|[of] p1a: Pelipper
|turn|17
|
|t:|1666452180
|move|p2a: Urshifu|Close Combat|p1a: Pelipper
|-resisted|p1a: Pelipper
|-damage|p1a: Pelipper|63/100
|-unboost|p2a: Urshifu|def|1
|-unboost|p2a: Urshifu|spd|1
|move|p1a: Pelipper|U-turn|p2a: Urshifu
|-resisted|p2a: Urshifu
|-damage|p2a: Urshifu|1/100
|
|t:|1666452188
|switch|p1a: Barraskewda|Barraskewda, M|100/100|[from]move: U-turn
|
|-weather|RainDance|[upkeep]
|upkeep
|turn|18
|
|t:|1666452190
|move|p1a: Barraskewda|Liquidation|p2a: Urshifu
|-resisted|p2a: Urshifu
|-damage|p2a: Urshifu|0 fnt
|faint|p2a: Urshifu
|
|-weather|RainDance|[upkeep]
|upkeep
|inactive|OUTD Chief has 30 seconds left.
|
|t:|1666452215
|switch|p2a: Melmetal|Melmetal|100/100
|-damage|p2a: Melmetal|94/100|[from] Stealth Rock
|turn|19
|
|t:|1666452235
|switch|p1a: Seismitoad|Seismitoad, F|100/100
|move|p2a: Melmetal|Double Iron Bash|p1a: Seismitoad
|-resisted|p1a: Seismitoad
|-damage|p1a: Seismitoad|57/100
|-resisted|p1a: Seismitoad
|-damage|p1a: Seismitoad|13/100
|-hitcount|p1a: Seismitoad|2
|
|-weather|RainDance|[upkeep]
|upkeep
|turn|20
|
|t:|1666452244
|switch|p2a: Tyranitar|Tyranitar, F|100/100
|-damage|p2a: Tyranitar|88/100|[from] Stealth Rock
|-weather|Sandstorm|[from] ability: Sand Stream|[of] p2a: Tyranitar
|-singleturn|p1a: Seismitoad|move: Focus Punch
|move|p1a: Seismitoad|Focus Punch|p2a: Tyranitar
|-supereffective|p2a: Tyranitar
|-damage|p2a: Tyranitar|0 fnt
|faint|p2a: Tyranitar
|-damage|p1a: Seismitoad|3/100|[from] item: Life Orb
|
|-weather|Sandstorm|[upkeep]
|upkeep
|
|t:|1666452254
|switch|p2a: Landorus|Landorus-Therian, M|75/100
|-damage|p2a: Landorus|63/100|[from] Stealth Rock
|-ability|p2a: Landorus|Intimidate|boost
|-unboost|p1a: Seismitoad|atk|1
|turn|21
|
|t:|1666452263
|switch|p1a: Pelipper|Pelipper, M|63/100
|-weather|RainDance|[from] ability: Drizzle|[of] p1a: Pelipper
|move|p2a: Landorus|U-turn|p1a: Pelipper
|-resisted|p1a: Pelipper
|-damage|p1a: Pelipper|53/100
|c|☆OUTD Chief|i got so distracted this game fml
|inactive|OUTD Chief has 30 seconds left.
|
|t:|1666452284
|switch|p2a: Tornadus|Tornadus-Therian, M|78/100|[from]move: U-turn
|-damage|p2a: Tornadus|53/100|[from] Stealth Rock
|
|-weather|RainDance|[upkeep]
|upkeep
|turn|22
|
|t:|1666452288
|switch|p1a: Corviknight|Corviknight, M|7/100
|-ability|p1a: Corviknight|Pressure
|move|p2a: Tornadus|Hurricane|p1a: Corviknight
|-resisted|p1a: Corviknight
|-damage|p1a: Corviknight|0 fnt
|faint|p1a: Corviknight
|
|-weather|RainDance|[upkeep]
|upkeep
|
|t:|1666452290
|switch|p1a: Barraskewda|Barraskewda, M|100/100
|turn|23
|
|t:|1666452297
|switch|p2a: Landorus|Landorus-Therian, M|63/100
|-damage|p2a: Landorus|51/100|[from] Stealth Rock
|-ability|p2a: Landorus|Intimidate|boost
|-unboost|p1a: Barraskewda|atk|1
|move|p1a: Barraskewda|Flip Turn|p2a: Landorus
|-supereffective|p2a: Landorus
|-damage|p2a: Landorus|0 fnt
|faint|p2a: Landorus
|
|t:|1666452312
|switch|p1a: Seismitoad|Seismitoad, F|3/100|[from]move: Flip Turn
|
|-weather|RainDance|[upkeep]
|upkeep
|c|☆OUTD Chief|rain cucko bs
|
|t:|1666452317
|switch|p2a: Tornadus|Tornadus-Therian, M|86/100
|-damage|p2a: Tornadus|61/100|[from] Stealth Rock
|turn|24
|
|t:|1666452321
|move|p1a: Seismitoad|Weather Ball|p2a: Tornadus
|-damage|p2a: Tornadus|0 fnt
|faint|p2a: Tornadus
|-damage|p1a: Seismitoad|0 fnt|[from] item: Life Orb
|faint|p1a: Seismitoad
|
|-weather|RainDance|[upkeep]
|upkeep
|
|t:|1666452340
|switch|p2a: Melmetal|Melmetal|94/100
|switch|p1a: Inteleon|Inteleon, F|38/100
|-damage|p2a: Melmetal|88/100|[from] Stealth Rock
|turn|25
|c|☆toon arctozolt|u got smacked by da galarian sniper
|inactive|OUTD Chief has 90 seconds left.
|
|t:|1666452375
|move|p1a: Inteleon|Hydro Cannon|p2a: Melmetal
|-damage|p2a: Melmetal|0 fnt
|-mustrecharge|p1a: Inteleon
|faint|p2a: Melmetal
|
|win|toon arctozolt
|raw|toon arctozolt's rating: 1604 &rarr; <strong>1622</strong><br />(+18 for winning)
|raw|OUTD Chief's rating: 1574 &rarr; <strong>1556</strong><br />(-18 for losing)
|c|☆OUTD Chief|cringe shit kid
|l|☆OUTD Chief
|c|☆toon arctozolt|ur parents DO NOT love u
||Ladder isn't responding, score probably updated but might not have (Request timeout).
