|j|☆Rorschach I
|j|☆Alt-try
|player|p1|Rorschach I|cynthia|1775
|player|p2|Alt-try|266|1735
|teamsize|p1|6
|teamsize|p2|6
|gametype|singles
|gen|8
|tier|[Gen 8] OU
|rated|
|clearpoke
|poke|p1|Terrakion|
|poke|p1|Aegislash, F|
|poke|p1|Crawdaunt, F|
|poke|p1|Zeraora|
|poke|p1|Kyurem|
|poke|p1|Togekiss, M|
|poke|p2|Ferrothorn, F|
|poke|p2|Excadrill, M|
|poke|p2|Rillaboom, M|
|poke|p2|Gigalith, F|
|poke|p2|Hawlucha, M|
|poke|p2|Hippowdon, F|
|rule|Sleep Clause Mod: Limit one foe put to sleep
|rule|Species Clause: Limit one of each Pokémon
|rule|OHKO Clause: OHKO moves are banned
|rule|Evasion Moves Clause: Evasion moves are banned
|rule|Endless Battle Clause: Forcing endless battles is banned
|rule|HP Percentage Mod: HP is shown in percentages
|rule|Dynamax Clause: You cannot dynamax
|teampreview
|
|start
|switch|p1a: Terrakion|Terrakion|100/100
|switch|p2a: Hippowdon|Hippowdon, F|100/100
|-weather|Sandstorm|[from] ability: Sand Stream|[of] p2a: Hippowdon
|turn|1
|j| fghsfgd
|
|move|p1a: Terrakion|Taunt|p2a: Hippowdon
|-start|p2a: Hippowdon|move: Taunt
|move|p2a: Hippowdon|High Horsepower|p1a: Terrakion
|-supereffective|p1a: Terrakion
|-damage|p1a: Terrakion|14/100
|
|-weather|Sandstorm|[upkeep]
|upkeep
|turn|2
|
|move|p1a: Terrakion|Stealth Rock|p2a: Hippowdon
|-sidestart|p2: Alt-try|move: Stealth Rock
|move|p2a: Hippowdon|High Horsepower|p1a: Terrakion
|-supereffective|p1a: Terrakion
|-damage|p1a: Terrakion|0 fnt
|faint|p1a: Terrakion
|
|-weather|Sandstorm|[upkeep]
|upkeep
|l| fghsfgd
|
|switch|p1a: Kyurem|Kyurem|100/100
|-ability|p1a: Kyurem|Pressure
|turn|3
|
|switch|p2a: Gigalith|Gigalith, F|100/100
|-damage|p2a: Gigalith|88/100|[from] Stealth Rock
|move|p1a: Kyurem|Earth Power|p2a: Gigalith
|-supereffective|p2a: Gigalith
|-damage|p2a: Gigalith|36/100
|-unboost|p2a: Gigalith|spd|1
|
|-weather|Sandstorm|[upkeep]
|-damage|p1a: Kyurem|94/100|[from] Sandstorm
|-heal|p2a: Gigalith|42/100|[from] item: Leftovers
|upkeep
|turn|4
|j| Hooligan SWIIC
|
|switch|p2a: Ferrothorn|Ferrothorn, F|100/100
|-damage|p2a: Ferrothorn|94/100|[from] Stealth Rock
|move|p1a: Kyurem|Earth Power|p2a: Ferrothorn
|-damage|p2a: Ferrothorn|55/100
|
|-weather|Sandstorm|[upkeep]
|-damage|p1a: Kyurem|88/100|[from] Sandstorm
|-heal|p2a: Ferrothorn|62/100|[from] item: Leftovers
|upkeep
|turn|5
|l| Hooligan SWIIC
|j| OUTX niyexh
|
|switch|p1a: Togekiss|Togekiss, M|100/100
|move|p2a: Ferrothorn|Spikes|p1a: Togekiss
|-sidestart|p1: Rorschach I|Spikes
|
|-weather|Sandstorm|[upkeep]
|-damage|p1a: Togekiss|94/100|[from] Sandstorm
|-heal|p2a: Ferrothorn|68/100|[from] item: Leftovers
|upkeep
|turn|6
|
|switch|p2a: Gigalith|Gigalith, F|42/100
|-damage|p2a: Gigalith|30/100|[from] Stealth Rock
|move|p1a: Togekiss|Air Slash|p2a: Gigalith
|-resisted|p2a: Gigalith
|-damage|p2a: Gigalith|21/100
|
|-weather|Sandstorm|[upkeep]
|-damage|p1a: Togekiss|88/100|[from] Sandstorm
|-heal|p2a: Gigalith|27/100|[from] item: Leftovers
|upkeep
|turn|7
|
|move|p1a: Togekiss|Air Slash|p2a: Gigalith|[miss]
|-miss|p1a: Togekiss|p2a: Gigalith
|move|p2a: Gigalith|Heavy Slam|p1a: Togekiss
|-supereffective|p1a: Togekiss
|-damage|p1a: Togekiss|0 fnt
|faint|p1a: Togekiss
|
|-weather|Sandstorm|[upkeep]
|-heal|p2a: Gigalith|33/100|[from] item: Leftovers
|upkeep
|j| biklad
|j| HeavenStar
|
|switch|p1a: Crawdaunt|Crawdaunt, F|100/100
|-damage|p1a: Crawdaunt|88/100|[from] Spikes
|turn|8
|
|switch|p2a: Ferrothorn|Ferrothorn, F|68/100
|-damage|p2a: Ferrothorn|62/100|[from] Stealth Rock
|move|p1a: Crawdaunt|Knock Off|p2a: Ferrothorn
|-damage|p2a: Ferrothorn|14/100
|-damage|p1a: Crawdaunt|76/100|[from] ability: Iron Barbs|[of] p2a: Ferrothorn
|-enditem|p2a: Ferrothorn|Leftovers|[from] move: Knock Off|[of] p1a: Crawdaunt
|-damage|p1a: Crawdaunt|66/100|[from] item: Life Orb
|
|-weather|none
|upkeep
|turn|9
|
|move|p1a: Crawdaunt|Knock Off|p2a: Ferrothorn
|-damage|p2a: Ferrothorn|0 fnt
|-damage|p1a: Crawdaunt|54/100|[from] ability: Iron Barbs|[of] p2a: Ferrothorn
|-damage|p1a: Crawdaunt|44/100|[from] item: Life Orb
|faint|p2a: Ferrothorn
|
|upkeep
|
|switch|p2a: Rillaboom|Rillaboom, M|100/100
|-damage|p2a: Rillaboom|88/100|[from] Stealth Rock
|-fieldstart|move: Grassy Terrain|[from] ability: Grassy Surge|[of] p2a: Rillaboom
|turn|10
|
|switch|p1a: Kyurem|Kyurem|88/100
|-damage|p1a: Kyurem|76/100|[from] Spikes
|-ability|p1a: Kyurem|Pressure
|move|p2a: Rillaboom|Drum Beating|p1a: Kyurem
|-resisted|p1a: Kyurem
|-damage|p1a: Kyurem|52/100
|-unboost|p1a: Kyurem|spe|1
|
|-heal|p2a: Rillaboom|94/100|[from] item: Leftovers
|-heal|p2a: Rillaboom|100/100|[from] Grassy Terrain
|-heal|p1a: Kyurem|58/100|[from] Grassy Terrain
|upkeep
|turn|11
|
|move|p2a: Rillaboom|U-turn|p1a: Kyurem
|-damage|p1a: Kyurem|37/100
|
|switch|p2a: Gigalith|Gigalith, F|33/100|[from]move: U-turn
|-damage|p2a: Gigalith|21/100|[from] Stealth Rock
|-weather|Sandstorm|[from] ability: Sand Stream|[of] p2a: Gigalith
|move|p1a: Kyurem|Ice Beam|p2a: Gigalith
|-damage|p2a: Gigalith|0 fnt
|faint|p2a: Gigalith
|
|-weather|Sandstorm|[upkeep]
|-damage|p1a: Kyurem|30/100|[from] Sandstorm
|-heal|p1a: Kyurem|37/100|[from] Grassy Terrain
|upkeep
|
|switch|p2a: Excadrill|Excadrill, M|100/100
|-damage|p2a: Excadrill|97/100|[from] Stealth Rock
|turn|12
|
|move|p2a: Excadrill|Iron Head|p1a: Kyurem
|-supereffective|p1a: Kyurem
|-damage|p1a: Kyurem|0 fnt
|faint|p1a: Kyurem
|
|-weather|Sandstorm|[upkeep]
|-heal|p2a: Excadrill|100/100|[from] Grassy Terrain
|upkeep
|
|switch|p1a: Aegislash|Aegislash, F|100/100
|-item|p1a: Aegislash|Air Balloon
|turn|13
|
|move|p2a: Excadrill|Iron Head|p1a: Aegislash
|-resisted|p1a: Aegislash
|-damage|p1a: Aegislash|69/100
|-enditem|p1a: Aegislash|Air Balloon
|-formechange|p1a: Aegislash|Aegislash-Blade||[from] ability: Stance Change
|move|p1a: Aegislash|Close Combat|p2a: Excadrill
|-supereffective|p2a: Excadrill
|-damage|p2a: Excadrill|0 fnt
|-unboost|p1a: Aegislash|def|1
|-unboost|p1a: Aegislash|spd|1
|faint|p2a: Excadrill
|
|-weather|Sandstorm|[upkeep]
|-heal|p1a: Aegislash|75/100|[from] Grassy Terrain
|upkeep
|
|switch|p2a: Hawlucha|Hawlucha, M|100/100
|-damage|p2a: Hawlucha|88/100|[from] Stealth Rock
|-enditem|p2a: Hawlucha|Grassy Seed
|-boost|p2a: Hawlucha|def|1|[from] item: Grassy Seed
|turn|14
|
|switch|p1a: Crawdaunt|Crawdaunt, F|44/100
|-damage|p1a: Crawdaunt|32/100|[from] Spikes
|move|p2a: Hawlucha|Throat Chop|p1a: Crawdaunt
|-resisted|p1a: Crawdaunt
|-damage|p1a: Crawdaunt|15/100
|-start|p1a: Crawdaunt|Throat Chop|[silent]
|
|-weather|Sandstorm|[upkeep]
|-damage|p2a: Hawlucha|82/100|[from] Sandstorm
|-damage|p1a: Crawdaunt|9/100|[from] Sandstorm
|-heal|p1a: Crawdaunt|15/100|[from] Grassy Terrain
|-fieldend|move: Grassy Terrain
|upkeep
|turn|15
|
|move|p1a: Crawdaunt|Aqua Jet|p2a: Hawlucha
|-damage|p2a: Hawlucha|51/100
|-damage|p1a: Crawdaunt|6/100|[from] item: Life Orb
|move|p2a: Hawlucha|Acrobatics|p1a: Crawdaunt
|-damage|p1a: Crawdaunt|0 fnt
|faint|p1a: Crawdaunt
|
|-weather|none
|upkeep
|inactive|Battle timer is ON: inactive players will automatically lose when time's up. (requested by Alt-try)
|l| biklad
|j| TheDarkSwirl
|
|switch|p1a: Aegislash|Aegislash, F|75/100
|-damage|p1a: Aegislash|63/100|[from] Spikes
|turn|16
|
|move|p2a: Hawlucha|Acrobatics|p1a: Aegislash
|-resisted|p1a: Aegislash
|-damage|p1a: Aegislash|37/100
|-formechange|p1a: Aegislash|Aegislash-Blade||[from] ability: Stance Change
|move|p1a: Aegislash|Iron Head|p2a: Hawlucha
|-damage|p2a: Hawlucha|7/100
|
|upkeep
|turn|17
|
|move|p1a: Aegislash|Shadow Sneak|p2a: Hawlucha
|-damage|p2a: Hawlucha|0 fnt
|faint|p2a: Hawlucha
|
|upkeep
|
|switch|p2a: Hippowdon|Hippowdon, F|100/100
|-damage|p2a: Hippowdon|94/100|[from] Stealth Rock
|-weather|Sandstorm|[from] ability: Sand Stream|[of] p2a: Hippowdon
|turn|18
|
|move|p1a: Aegislash|Iron Head|p2a: Hippowdon
|-damage|p2a: Hippowdon|70/100
|cant|p2a: Hippowdon|flinch
|
|-weather|Sandstorm|[upkeep]
|upkeep
|turn|19
|
|move|p1a: Aegislash|Swords Dance|p1a: Aegislash
|-boost|p1a: Aegislash|atk|2
|move|p2a: Hippowdon|High Horsepower|p1a: Aegislash
|-supereffective|p1a: Aegislash
|-damage|p1a: Aegislash|0 fnt
|faint|p1a: Aegislash
|
|-weather|Sandstorm|[upkeep]
|upkeep
|
|switch|p1a: Zeraora|Zeraora|100/100
|-damage|p1a: Zeraora|88/100|[from] Spikes
|turn|20
|
|move|p1a: Zeraora|Grass Knot|p2a: Hippowdon
|-supereffective|p2a: Hippowdon
|-damage|p2a: Hippowdon|0 fnt
|-damage|p1a: Zeraora|78/100|[from] item: Life Orb
|faint|p2a: Hippowdon
|
|-weather|Sandstorm|[upkeep]
|-damage|p1a: Zeraora|72/100|[from] Sandstorm
|upkeep
|
|switch|p2a: Rillaboom|Rillaboom, M|100/100
|-damage|p2a: Rillaboom|88/100|[from] Stealth Rock
|-fieldstart|move: Grassy Terrain|[from] ability: Grassy Surge|[of] p2a: Rillaboom
|turn|21
|
|move|p1a: Zeraora|Play Rough|p2a: Rillaboom
|-damage|p2a: Rillaboom|47/100
|-damage|p1a: Zeraora|63/100|[from] item: Life Orb
|move|p2a: Rillaboom|Drum Beating|p1a: Zeraora
|-damage|p1a: Zeraora|0 fnt
|faint|p1a: Zeraora
|
|win|Alt-try
|c|☆Alt-try|Gg
|c|☆Rorschach I|gg
|l|☆Rorschach I
|l|☆Alt-try
||Ladder (probably) updated, but score could not be retrieved (Response not received).
