|j|☆N30N3
|j|☆Hydrocendre
|player|p1|N30N3|101|1882
|player|p2|Hydrocendre|108|1731
|teamsize|p1|6
|teamsize|p2|6
|gametype|singles
|gen|8
|tier|[Gen 8] OU
|rated|
|clearpoke
|poke|p1|Mimikyu, M|
|poke|p1|Hippowdon, F|
|poke|p1|Excadrill, M|
|poke|p1|Tyranitar, M|
|poke|p1|Kyurem|
|poke|p1|Ferrothorn, F|
|poke|p2|Keldeo-Resolute|
|poke|p2|Zeraora|
|poke|p2|Hatterene, F|
|poke|p2|Hydreigon, M|
|poke|p2|Hippowdon, F|
|poke|p2|Bisharp, F|
|rule|Sleep Clause Mod: Limit one foe put to sleep
|rule|Species Clause: Limit one of each Pokémon
|rule|OHKO Clause: OHKO moves are banned
|rule|Evasion Moves Clause: Evasion moves are banned
|rule|Endless Battle Clause: Forcing endless battles is banned
|rule|HP Percentage Mod: HP is shown in percentages
|rule|Dynamax Clause: You cannot dynamax
|teampreview
|inactive|Battle timer is ON: inactive players will automatically lose when time's up. (requested by Hydrocendre)
|c|☆Hydrocendre|Glhf
|j| zzs is my goddess
|inactive|N30N3 has 120 seconds left.
|inactive|N30N3 has 90 seconds left.
|j| Luigi over mario
|
|start
|switch|p1a: Kyurem|Kyurem|100/100
|switch|p2a: Cerbère|Hydreigon, M|100/100
|-ability|p1a: Kyurem|Pressure
|turn|1
|j| 1MVV3
|
|switch|p1a: Tyranitar|Tyranitar, M|100/100
|-weather|Sandstorm|[from] ability: Sand Stream|[of] p1a: Tyranitar
|move|p2a: Cerbère|Fire Blast|p1a: Tyranitar
|-resisted|p1a: Tyranitar
|-damage|p1a: Tyranitar|89/100
|
|-weather|Sandstorm|[upkeep]
|-damage|p2a: Cerbère|94/100|[from] Sandstorm
|upkeep
|turn|2
|j| Murvins
|j| general_newb
|j| HeavenStar
|inactive|N30N3 has 120 seconds left.
|
|switch|p2a: Dartagnan|Keldeo-Resolute|100/100
|move|p1a: Tyranitar|Superpower|p2a: Dartagnan
|-damage|p2a: Dartagnan|27/100
|-unboost|p1a: Tyranitar|atk|1
|-unboost|p1a: Tyranitar|def|1
|
|-weather|Sandstorm|[upkeep]
|-damage|p2a: Dartagnan|20/100|[from] Sandstorm
|-heal|p2a: Dartagnan|27/100|[from] item: Leftovers
|upkeep
|turn|3
|
|switch|p1a: Ferrothorn|Ferrothorn, F|100/100
|move|p2a: Dartagnan|Substitute|p2a: Dartagnan
|-start|p2a: Dartagnan|Substitute
|-damage|p2a: Dartagnan|2/100
|
|-weather|Sandstorm|[upkeep]
|-damage|p2a: Dartagnan|0 fnt|[from] Sandstorm
|faint|p2a: Dartagnan
|upkeep
|
|switch|p2a: Bad witch|Hatterene, F|100/100
|turn|4
|
|switch|p1a: Tyranitar|Tyranitar, M|89/100
|move|p2a: Bad witch|Mystical Fire|p1a: Tyranitar
|-resisted|p1a: Tyranitar
|-damage|p1a: Tyranitar|79/100
|-unboost|p1a: Tyranitar|spa|1
|
|-weather|Sandstorm|[upkeep]
|-damage|p2a: Bad witch|95/100|[from] Sandstorm
|-heal|p2a: Bad witch|100/100|[from] item: Leftovers
|upkeep
|turn|5
|
|move|p1a: Tyranitar|Stone Edge|p2a: Bad witch
|-damage|p2a: Bad witch|11/100
|move|p2a: Bad witch|Dazzling Gleam|p1a: Tyranitar
|-supereffective|p1a: Tyranitar
|-damage|p1a: Tyranitar|14/100
|
|-weather|none
|-heal|p2a: Bad witch|17/100|[from] item: Leftovers
|upkeep
|turn|6
|inactive|N30N3 has 120 seconds left.
|
|switch|p2a: Killer croc|Bisharp, F|100/100
|move|p1a: Tyranitar|Stone Edge|p2a: Killer croc
|-resisted|p2a: Killer croc
|-damage|p2a: Killer croc|51/100
|
|upkeep
|turn|7
|
|switch|p1a: Hippowdon|Hippowdon, F|100/100
|-weather|Sandstorm|[from] ability: Sand Stream|[of] p1a: Hippowdon
|move|p2a: Killer croc|Knock Off|p1a: Hippowdon
|-damage|p1a: Hippowdon|65/100
|-enditem|p1a: Hippowdon|Smooth Rock|[from] move: Knock Off|[of] p2a: Killer croc
|-damage|p2a: Killer croc|41/100|[from] item: Life Orb
|
|-weather|Sandstorm|[upkeep]
|upkeep
|turn|8
|
|switch|p2a: Cerbère|Hydreigon, M|94/100
|move|p1a: Hippowdon|Stealth Rock|p2a: Cerbère
|-sidestart|p2: Hydrocendre|move: Stealth Rock
|
|-weather|Sandstorm|[upkeep]
|-damage|p2a: Cerbère|88/100|[from] Sandstorm
|upkeep
|turn|9
|
|switch|p1a: Tyranitar|Tyranitar, M|14/100
|move|p2a: Cerbère|Dark Pulse|p1a: Tyranitar
|-resisted|p1a: Tyranitar
|-damage|p1a: Tyranitar|0 fnt
|faint|p1a: Tyranitar
|
|-weather|Sandstorm|[upkeep]
|-damage|p2a: Cerbère|82/100|[from] Sandstorm
|upkeep
|
|switch|p1a: Excadrill|Excadrill, M|100/100
|turn|10
|
|move|p1a: Excadrill|Iron Head|p2a: Cerbère
|-damage|p2a: Cerbère|14/100
|-damage|p1a: Excadrill|91/100|[from] item: Life Orb
|move|p2a: Cerbère|Dark Pulse|p1a: Excadrill
|-damage|p1a: Excadrill|32/100
|
|-weather|Sandstorm|[upkeep]
|-damage|p2a: Cerbère|8/100|[from] Sandstorm
|upkeep
|turn|11
|
|move|p1a: Excadrill|Iron Head|p2a: Cerbère
|-damage|p2a: Cerbère|0 fnt
|-damage|p1a: Excadrill|22/100|[from] item: Life Orb
|faint|p2a: Cerbère
|
|-weather|Sandstorm|[upkeep]
|upkeep
|
|switch|p2a: Killer croc|Bisharp, F|41/100
|-damage|p2a: Killer croc|35/100|[from] Stealth Rock
|turn|12
|
|switch|p1a: Kyurem|Kyurem|100/100
|-ability|p1a: Kyurem|Pressure
|move|p2a: Killer croc|Swords Dance|p2a: Killer croc
|-boost|p2a: Killer croc|atk|2
|
|-weather|Sandstorm|[upkeep]
|-damage|p1a: Kyurem|94/100|[from] Sandstorm
|upkeep
|turn|13
|
|switch|p1a: Mimikyu|Mimikyu, M|100/100
|move|p2a: Killer croc|Sucker Punch||[still]
|-fail|p2a: Killer croc
|
|-weather|Sandstorm|[upkeep]
|-damage|p1a: Mimikyu|95/100|[from] Sandstorm
|upkeep
|turn|14
|
|switch|p2a: Hipopo|Hippowdon, F|100/100
|-damage|p2a: Hipopo|94/100|[from] Stealth Rock
|move|p1a: Mimikyu|Drain Punch|p2a: Hipopo
|-damage|p2a: Hipopo|80/100
|-heal|p1a: Mimikyu|100/100|[from] drain|[of] p2a: Hipopo
|-damage|p1a: Mimikyu|91/100|[from] item: Life Orb
|
|-weather|none
|-heal|p2a: Hipopo|87/100|[from] item: Leftovers
|upkeep
|turn|15
|
|switch|p1a: Kyurem|Kyurem|94/100
|-ability|p1a: Kyurem|Pressure
|move|p2a: Hipopo|Earthquake|p1a: Kyurem
|-damage|p1a: Kyurem|58/100
|
|-heal|p2a: Hipopo|93/100|[from] item: Leftovers
|upkeep
|turn|16
|
|switch|p2a: Bad witch|Hatterene, F|17/100
|-damage|p2a: Bad witch|4/100|[from] Stealth Rock
|move|p1a: Kyurem|Ice Beam|p2a: Bad witch
|-damage|p2a: Bad witch|0 fnt
|faint|p2a: Bad witch
|
|upkeep
|
|switch|p2a: Killer croc|Bisharp, F|35/100
|-damage|p2a: Killer croc|29/100|[from] Stealth Rock
|turn|17
|
|move|p2a: Killer croc|Sucker Punch|p1a: Kyurem
|-damage|p1a: Kyurem|9/100
|-damage|p2a: Killer croc|19/100|[from] item: Life Orb
|move|p1a: Kyurem|Ice Beam|p2a: Killer croc
|-resisted|p2a: Killer croc
|-damage|p2a: Killer croc|0 fnt
|faint|p2a: Killer croc
|
|upkeep
|
|switch|p2a: Volta|Zeraora|100/100
|-damage|p2a: Volta|88/100|[from] Stealth Rock
|turn|18
|
|switch|p1a: Hippowdon|Hippowdon, F|65/100
|-weather|Sandstorm|[from] ability: Sand Stream|[of] p1a: Hippowdon
|move|p2a: Volta|Knock Off|p1a: Hippowdon
|-damage|p1a: Hippowdon|52/100
|-damage|p2a: Volta|78/100|[from] item: Life Orb
|
|-weather|Sandstorm|[upkeep]
|-damage|p2a: Volta|72/100|[from] Sandstorm
|upkeep
|turn|19
|j| ChefAntonino
|
|move|p2a: Volta|Grass Knot|p1a: Hippowdon
|-supereffective|p1a: Hippowdon
|-damage|p1a: Hippowdon|0 fnt
|-damage|p2a: Volta|63/100|[from] item: Life Orb
|faint|p1a: Hippowdon
|
|-weather|Sandstorm|[upkeep]
|-damage|p2a: Volta|57/100|[from] Sandstorm
|upkeep
|
|switch|p1a: Excadrill|Excadrill, M|22/100
|turn|20
|
|switch|p2a: Hipopo|Hippowdon, F|93/100
|-damage|p2a: Hipopo|87/100|[from] Stealth Rock
|move|p1a: Excadrill|Earthquake|p2a: Hipopo
|-damage|p2a: Hipopo|49/100
|-damage|p1a: Excadrill|12/100|[from] item: Life Orb
|
|-weather|Sandstorm|[upkeep]
|-heal|p2a: Hipopo|56/100|[from] item: Leftovers
|upkeep
|turn|21
|
|switch|p1a: Kyurem|Kyurem|9/100
|-ability|p1a: Kyurem|Pressure
|move|p2a: Hipopo|Slack Off|p2a: Hipopo
|-heal|p2a: Hipopo|100/100
|
|-weather|Sandstorm|[upkeep]
|-damage|p1a: Kyurem|3/100|[from] Sandstorm
|upkeep
|turn|22
|
|switch|p2a: Volta|Zeraora|57/100
|-damage|p2a: Volta|44/100|[from] Stealth Rock
|move|p1a: Kyurem|Ice Beam|p2a: Volta
|-damage|p2a: Volta|0 fnt
|faint|p2a: Volta
|
|-weather|none
|upkeep
|
|switch|p2a: Hipopo|Hippowdon, F|100/100
|-damage|p2a: Hipopo|94/100|[from] Stealth Rock
|-weather|Sandstorm|[from] ability: Sand Stream|[of] p2a: Hipopo
|turn|23
|
|move|p1a: Kyurem|Ice Beam|p2a: Hipopo
|-supereffective|p2a: Hipopo
|-damage|p2a: Hipopo|0 fnt
|faint|p2a: Hipopo
|
|win|N30N3
|l|☆Hydrocendre
|l| 1MVV3
|l| general_newb
|l| Murvins
|l| Luigi over mario
|l| HeavenStar
||Ladder (probably) updated, but score could not be retrieved (Response not received).
