|j|☆EternalSnowman
|j|☆Valentine
|player|p1|EternalSnowman|ghetsis-gen5bw|
|player|p2|Valentine|red|
|teamsize|p1|6
|teamsize|p2|6
|gametype|singles
|gen|8
|tier|[Gen 8] OU
|clearpoke
|poke|p1|Kommo-o, M|
|poke|p1|Aegislash, M|
|poke|p1|Zeraora|
|poke|p1|Toxapex, F|
|poke|p1|Clefable, M|
|poke|p1|Mandibuzz, F|
|poke|p2|Primarina, F|
|poke|p2|Corviknight, M|
|poke|p2|Hippowdon, F|
|poke|p2|Clefable, M|
|poke|p2|Cinderace, F|
|poke|p2|Dragapult, M|
|rule|Sleep Clause Mod: Limit one foe put to sleep
|rule|Species Clause: Limit one of each Pokémon
|rule|OHKO Clause: OHKO moves are banned
|rule|Evasion Moves Clause: Evasion moves are banned
|rule|Endless Battle Clause: Forcing endless battles is banned
|rule|HP Percentage Mod: HP is shown in percentages
|rule|Dynamax Clause: You cannot dynamax
|teampreview
|c|☆EternalSnowman|hf
|
|start
|switch|p1a: Aegislash|Aegislash, M|100/100
|switch|p2a: Hippowdon|Hippowdon, F|100/100
|-weather|Sandstorm|[from] ability: Sand Stream|[of] p2a: Hippowdon
|turn|1
|
|switch|p2a: Corviknight|Corviknight, M|100/100
|-ability|p2a: Corviknight|Pressure
|move|p1a: Aegislash|Toxic|p2a: Corviknight
|-immune|p2a: Corviknight
|
|-weather|Sandstorm|[upkeep]
|upkeep
|turn|2
|
|switch|p1a: Toxapex|Toxapex, F|100/100
|move|p2a: Corviknight|U-turn|p1a: Toxapex
|-resisted|p1a: Toxapex
|-damage|p1a: Toxapex|96/100
|j| jrdn
|
|switch|p2a: Primarina|Primarina, F|100/100|[from]move: U-turn
|
|-weather|Sandstorm|[upkeep]
|-damage|p2a: Primarina|94/100|[from] Sandstorm
|-damage|p1a: Toxapex|90/100|[from] Sandstorm
|-heal|p2a: Primarina|100/100|[from] item: Leftovers
|-heal|p1a: Toxapex|96/100|[from] item: Black Sludge
|upkeep
|turn|3
|
|switch|p1a: Clefable|Clefable, M|100/100
|move|p2a: Primarina|Substitute|p2a: Primarina
|-start|p2a: Primarina|Substitute
|-damage|p2a: Primarina|76/100
|
|-weather|Sandstorm|[upkeep]
|-damage|p2a: Primarina|70/100|[from] Sandstorm
|-heal|p2a: Primarina|76/100|[from] item: Leftovers
|upkeep
|turn|4
|
|move|p2a: Primarina|Calm Mind|p2a: Primarina
|-boost|p2a: Primarina|spa|1
|-boost|p2a: Primarina|spd|1
|move|p1a: Clefable|Stealth Rock|p2a: Primarina
|-sidestart|p2: Valentine|move: Stealth Rock
|
|-weather|Sandstorm|[upkeep]
|-damage|p2a: Primarina|70/100|[from] Sandstorm
|-heal|p2a: Primarina|76/100|[from] item: Leftovers
|upkeep
|turn|5
|
|switch|p1a: Toxapex|Toxapex, F|100/100
|move|p2a: Primarina|Calm Mind|p2a: Primarina
|-boost|p2a: Primarina|spa|1
|-boost|p2a: Primarina|spd|1
|
|-weather|none
|-heal|p2a: Primarina|82/100|[from] item: Leftovers
|upkeep
|turn|6
|j|+stresh
|
|move|p2a: Primarina|Scald|p1a: Toxapex
|-resisted|p1a: Toxapex
|-damage|p1a: Toxapex|67/100
|move|p1a: Toxapex|Haze|p1a: Toxapex
|-clearallboost
|
|-heal|p2a: Primarina|88/100|[from] item: Leftovers
|-heal|p1a: Toxapex|74/100|[from] item: Black Sludge
|upkeep
|turn|7
|
|move|p2a: Primarina|Scald|p1a: Toxapex
|-resisted|p1a: Toxapex
|-damage|p1a: Toxapex|55/100
|move|p1a: Toxapex|Scald|p2a: Primarina
|-resisted|p2a: Primarina
|-activate|p2a: Primarina|move: Substitute|[damage]
|
|-heal|p2a: Primarina|94/100|[from] item: Leftovers
|-heal|p1a: Toxapex|62/100|[from] item: Black Sludge
|upkeep
|turn|8
|j| hamhamhamham
|
|switch|p1a: Clefable|Clefable, M|100/100
|move|p2a: Primarina|Calm Mind|p2a: Primarina
|-boost|p2a: Primarina|spa|1
|-boost|p2a: Primarina|spd|1
|
|-heal|p2a: Primarina|99/100|[from] item: Leftovers
|upkeep
|turn|9
|
|switch|p1a: Toxapex|Toxapex, F|95/100
|move|p2a: Primarina|Scald|p1a: Toxapex
|-resisted|p1a: Toxapex
|-damage|p1a: Toxapex|66/100
|
|-heal|p2a: Primarina|100/100|[from] item: Leftovers
|-heal|p1a: Toxapex|72/100|[from] item: Black Sludge
|upkeep
|turn|10
|
|move|p2a: Primarina|Scald|p1a: Toxapex
|-resisted|p1a: Toxapex
|-damage|p1a: Toxapex|48/100
|move|p1a: Toxapex|Haze|p1a: Toxapex
|-clearallboost
|
|-heal|p1a: Toxapex|54/100|[from] item: Black Sludge
|upkeep
|turn|11
|
|switch|p1a: Clefable|Clefable, M|100/100
|move|p2a: Primarina|Scald|p1a: Clefable
|-damage|p1a: Clefable|70/100
|
|-heal|p1a: Clefable|76/100|[from] item: Leftovers
|upkeep
|turn|12
|
|move|p2a: Primarina|Calm Mind|p2a: Primarina
|-boost|p2a: Primarina|spa|1
|-boost|p2a: Primarina|spd|1
|move|p1a: Clefable|Moonblast|p2a: Primarina
|-activate|p2a: Primarina|move: Substitute|[damage]
|
|-heal|p1a: Clefable|82/100|[from] item: Leftovers
|upkeep
|turn|13
|
|switch|p1a: Toxapex|Toxapex, F|87/100
|move|p2a: Primarina|Scald|p1a: Toxapex
|-resisted|p1a: Toxapex
|-damage|p1a: Toxapex|62/100
|
|-heal|p1a: Toxapex|68/100|[from] item: Black Sludge
|upkeep
|turn|14
|
|move|p2a: Primarina|Scald|p1a: Toxapex
|-resisted|p1a: Toxapex
|-damage|p1a: Toxapex|42/100
|move|p1a: Toxapex|Haze|p1a: Toxapex
|-clearallboost
|
|-heal|p1a: Toxapex|48/100|[from] item: Black Sludge
|upkeep
|turn|15
|
|move|p2a: Primarina|Calm Mind|p2a: Primarina
|-boost|p2a: Primarina|spa|1
|-boost|p2a: Primarina|spd|1
|move|p1a: Toxapex|Recover|p1a: Toxapex
|-heal|p1a: Toxapex|98/100
|
|-heal|p1a: Toxapex|100/100|[from] item: Black Sludge
|upkeep
|turn|16
|
|move|p2a: Primarina|Scald|p1a: Toxapex
|-resisted|p1a: Toxapex
|-damage|p1a: Toxapex|75/100
|move|p1a: Toxapex|Haze|p1a: Toxapex
|-clearallboost
|
|-heal|p1a: Toxapex|81/100|[from] item: Black Sludge
|upkeep
|turn|17
|j| London13
|c|☆Valentine|what is happening????????
|j| jasprose
|
|move|p2a: Primarina|Calm Mind|p2a: Primarina
|-boost|p2a: Primarina|spa|1
|-boost|p2a: Primarina|spd|1
|move|p1a: Toxapex|Scald|p2a: Primarina
|-resisted|p2a: Primarina
|-end|p2a: Primarina|Substitute
|
|-heal|p1a: Toxapex|88/100|[from] item: Black Sludge
|upkeep
|turn|18
|j| in the hills
|
|move|p2a: Primarina|Substitute|p2a: Primarina
|-start|p2a: Primarina|Substitute
|-damage|p2a: Primarina|76/100
|move|p1a: Toxapex|Haze|p1a: Toxapex
|-clearallboost
|
|-heal|p2a: Primarina|82/100|[from] item: Leftovers
|-heal|p1a: Toxapex|94/100|[from] item: Black Sludge
|upkeep
|turn|19
|j| Winterr bluess㋛
|
|move|p2a: Primarina|Calm Mind|p2a: Primarina
|-boost|p2a: Primarina|spa|1
|-boost|p2a: Primarina|spd|1
|move|p1a: Toxapex|Scald|p2a: Primarina
|-resisted|p2a: Primarina
|-activate|p2a: Primarina|move: Substitute|[damage]
|
|-heal|p2a: Primarina|88/100|[from] item: Leftovers
|-heal|p1a: Toxapex|99/100|[from] item: Black Sludge
|upkeep
|turn|20
|
|move|p2a: Primarina|Scald|p1a: Toxapex
|-resisted|p1a: Toxapex
|-damage|p1a: Toxapex|74/100
|-status|p1a: Toxapex|brn
|move|p1a: Toxapex|Haze|p1a: Toxapex
|-clearallboost
|
|-heal|p2a: Primarina|94/100|[from] item: Leftovers
|-heal|p1a: Toxapex|80/100 brn|[from] item: Black Sludge
|-damage|p1a: Toxapex|74/100 brn|[from] brn
|upkeep
|turn|21
|
|switch|p1a: Clefable|Clefable, M|82/100
|move|p2a: Primarina|Calm Mind|p2a: Primarina
|-boost|p2a: Primarina|spa|1
|-boost|p2a: Primarina|spd|1
|
|-heal|p2a: Primarina|99/100|[from] item: Leftovers
|-heal|p1a: Clefable|88/100|[from] item: Leftovers
|upkeep
|turn|22
|
|switch|p1a: Toxapex|Toxapex, F|100/100 brn
|move|p2a: Primarina|Moonblast|p1a: Toxapex
|-resisted|p1a: Toxapex
|-damage|p1a: Toxapex|70/100 brn
|-unboost|p1a: Toxapex|spa|1
|
|-heal|p2a: Primarina|100/100|[from] item: Leftovers
|-heal|p1a: Toxapex|76/100 brn|[from] item: Black Sludge
|-damage|p1a: Toxapex|70/100 brn|[from] brn
|upkeep
|turn|23
|
|move|p2a: Primarina|Moonblast|p1a: Toxapex
|-resisted|p1a: Toxapex
|-damage|p1a: Toxapex|40/100 brn
|move|p1a: Toxapex|Haze|p1a: Toxapex
|-clearallboost
|
|-heal|p1a: Toxapex|46/100 brn|[from] item: Black Sludge
|-damage|p1a: Toxapex|40/100 brn|[from] brn
|upkeep
|turn|24
|j|+regirock
|
|move|p2a: Primarina|Calm Mind|p2a: Primarina
|-boost|p2a: Primarina|spa|1
|-boost|p2a: Primarina|spd|1
|move|p1a: Toxapex|Recover|p1a: Toxapex
|-heal|p1a: Toxapex|90/100 brn
|
|-heal|p1a: Toxapex|96/100 brn|[from] item: Black Sludge
|-damage|p1a: Toxapex|90/100 brn|[from] brn
|upkeep
|turn|25
|
|move|p2a: Primarina|Moonblast|p1a: Toxapex
|-resisted|p1a: Toxapex
|-damage|p1a: Toxapex|59/100 brn
|-unboost|p1a: Toxapex|spa|1
|move|p1a: Toxapex|Haze|p1a: Toxapex
|-clearallboost
|
|-heal|p1a: Toxapex|66/100 brn|[from] item: Black Sludge
|-damage|p1a: Toxapex|59/100 brn|[from] brn
|upkeep
|turn|26
|
|move|p2a: Primarina|Calm Mind|p2a: Primarina
|-boost|p2a: Primarina|spa|1
|-boost|p2a: Primarina|spd|1
|move|p1a: Toxapex|Scald|p2a: Primarina
|-resisted|p2a: Primarina
|-activate|p2a: Primarina|move: Substitute|[damage]
|
|-heal|p1a: Toxapex|66/100 brn|[from] item: Black Sludge
|-damage|p1a: Toxapex|59/100 brn|[from] brn
|upkeep
|turn|27
|
|move|p2a: Primarina|Moonblast|p1a: Toxapex
|-resisted|p1a: Toxapex
|-damage|p1a: Toxapex|25/100 brn
|move|p1a: Toxapex|Haze|p1a: Toxapex
|-clearallboost
|
|-heal|p1a: Toxapex|31/100 brn|[from] item: Black Sludge
|-damage|p1a: Toxapex|25/100 brn|[from] brn
|upkeep
|turn|28
|
|move|p2a: Primarina|Calm Mind|p2a: Primarina
|-boost|p2a: Primarina|spa|1
|-boost|p2a: Primarina|spd|1
|move|p1a: Toxapex|Recover|p1a: Toxapex
|-heal|p1a: Toxapex|75/100 brn
|
|-heal|p1a: Toxapex|81/100 brn|[from] item: Black Sludge
|-damage|p1a: Toxapex|75/100 brn|[from] brn
|upkeep
|turn|29
|
|move|p2a: Primarina|Moonblast|p1a: Toxapex
|-resisted|p1a: Toxapex
|-damage|p1a: Toxapex|43/100 brn
|move|p1a: Toxapex|Haze|p1a: Toxapex
|-clearallboost
|
|-heal|p1a: Toxapex|49/100 brn|[from] item: Black Sludge
|-damage|p1a: Toxapex|43/100 brn|[from] brn
|upkeep
|turn|30
|
|move|p2a: Primarina|Calm Mind|p2a: Primarina
|-boost|p2a: Primarina|spa|1
|-boost|p2a: Primarina|spd|1
|move|p1a: Toxapex|Recover|p1a: Toxapex
|-heal|p1a: Toxapex|93/100 brn
|
|-heal|p1a: Toxapex|99/100 brn|[from] item: Black Sludge
|-damage|p1a: Toxapex|93/100 brn|[from] brn
|upkeep
|turn|31
|
|move|p2a: Primarina|Moonblast|p1a: Toxapex
|-resisted|p1a: Toxapex
|-damage|p1a: Toxapex|59/100 brn
|-unboost|p1a: Toxapex|spa|1
|move|p1a: Toxapex|Haze|p1a: Toxapex
|-clearallboost
|
|-heal|p1a: Toxapex|65/100 brn|[from] item: Black Sludge
|-damage|p1a: Toxapex|59/100 brn|[from] brn
|upkeep
|turn|32
|
|move|p2a: Primarina|Calm Mind|p2a: Primarina
|-boost|p2a: Primarina|spa|1
|-boost|p2a: Primarina|spd|1
|move|p1a: Toxapex|Haze|p1a: Toxapex
|-clearallboost
|
|-heal|p1a: Toxapex|65/100 brn|[from] item: Black Sludge
|-damage|p1a: Toxapex|59/100 brn|[from] brn
|upkeep
|turn|33
|
|move|p2a: Primarina|Calm Mind|p2a: Primarina
|-boost|p2a: Primarina|spa|1
|-boost|p2a: Primarina|spd|1
|move|p1a: Toxapex|Recover|p1a: Toxapex
|-heal|p1a: Toxapex|100/100 brn
|
|-damage|p1a: Toxapex|94/100 brn|[from] brn
|upkeep
|turn|34
|
|move|p2a: Primarina|Moonblast|p1a: Toxapex
|-resisted|p1a: Toxapex
|-damage|p1a: Toxapex|62/100 brn
|move|p1a: Toxapex|Haze|p1a: Toxapex
|-clearallboost
|
|-heal|p1a: Toxapex|68/100 brn|[from] item: Black Sludge
|-damage|p1a: Toxapex|62/100 brn|[from] brn
|upkeep
|turn|35
|l| London13
|j| London13
|
|switch|p2a: Clefable|Clefable, M|100/100
|move|p1a: Toxapex|Haze|p1a: Toxapex
|-clearallboost
|
|-heal|p1a: Toxapex|68/100 brn|[from] item: Black Sludge
|-damage|p1a: Toxapex|62/100 brn|[from] brn
|upkeep
|turn|36
|
|switch|p1a: Aegislash|Aegislash, M|100/100
|move|p2a: Clefable|Moonblast|p1a: Aegislash
|-resisted|p1a: Aegislash
|-damage|p1a: Aegislash|84/100
|-unboost|p1a: Aegislash|spa|1
|
|upkeep
|turn|37
|l|+stresh
|
|switch|p1a: Zeraora|Zeraora|100/100
|move|p2a: Clefable|Protect||[still]
|-fail|p2a: Clefable
|
|upkeep
|turn|38
|
|move|p1a: Zeraora|Calm Mind|p1a: Zeraora
|-boost|p1a: Zeraora|spa|1
|-boost|p1a: Zeraora|spd|1
|move|p2a: Clefable|Toxic|p1a: Zeraora
|-status|p1a: Zeraora|tox
|
|-damage|p1a: Zeraora|95/100 tox|[from] psn
|upkeep
|turn|39
|l| hamhamhamham
|j| frisoeva
|
|move|p1a: Zeraora|Thunderbolt|p2a: Clefable
|-damage|p2a: Clefable|63/100
|move|p2a: Clefable|Moonblast|p1a: Zeraora
|-damage|p1a: Zeraora|68/100 tox
|-unboost|p1a: Zeraora|spa|1
|
|-heal|p1a: Zeraora|74/100 tox|[from] item: Leftovers
|-heal|p2a: Clefable|69/100|[from] item: Leftovers
|-damage|p1a: Zeraora|62/100 tox|[from] psn
|upkeep
|turn|40
|l| frisoeva
|
|switch|p1a: Aegislash|Aegislash, M|84/100
|move|p2a: Clefable|Wish|p2a: Clefable
|
|-heal|p2a: Clefable|75/100|[from] item: Leftovers
|upkeep
|turn|41
|j| Villa
|j| hamhamhamham
|j|+stresh
|j| frisoeva
|
|switch|p2a: Corviknight|Corviknight, M|100/100
|-damage|p2a: Corviknight|88/100|[from] Stealth Rock
|-ability|p2a: Corviknight|Pressure
|-formechange|p1a: Aegislash|Aegislash-Blade||[from] ability: Stance Change
|move|p1a: Aegislash|Shadow Ball|p2a: Corviknight
|-damage|p2a: Corviknight|28/100
|
|-heal|p2a: Corviknight|77/100|[from] move: Wish|[wisher] Clefable
|-heal|p2a: Corviknight|83/100|[from] item: Leftovers
|upkeep
|turn|42
|
|move|p1a: Aegislash|Shadow Ball|p2a: Corviknight
|-damage|p2a: Corviknight|24/100
|move|p2a: Corviknight|Defog|p1a: Aegislash
|-unboost|p1a: Aegislash|evasion|1
|-sideend|p2: Valentine|Stealth Rock|[from] move: Defog|[of] p2a: Corviknight
|
|-heal|p2a: Corviknight|30/100|[from] item: Leftovers
|upkeep
|turn|43
|j|+Ashley*sparkles*
|l|+Ashley*sparkles*
|l| hamhamhamham
|
|switch|p2a: Hippowdon|Hippowdon, F|100/100
|-weather|Sandstorm|[from] ability: Sand Stream|[of] p2a: Hippowdon
|move|p1a: Aegislash|Shadow Ball|p2a: Hippowdon
|-damage|p2a: Hippowdon|26/100
|
|-weather|Sandstorm|[upkeep]
|upkeep
|turn|44
|j| hamhamhamham
|
|move|p1a: Aegislash|Shadow Ball|p2a: Hippowdon
|-damage|p2a: Hippowdon|0 fnt
|faint|p2a: Hippowdon
|
|-weather|Sandstorm|[upkeep]
|upkeep
|j| plasmagby
|
|switch|p2a: Cinderace|Cinderace, F|100/100
|turn|45
|
|switch|p1a: Toxapex|Toxapex, F|95/100 brn
|move|p2a: Cinderace|Sucker Punch||[still]
|-start|p2a: Cinderace|typechange|Dark|[from] ability: Libero
|-fail|p2a: Cinderace
|
|-weather|Sandstorm|[upkeep]
|-damage|p2a: Cinderace|95/100|[from] Sandstorm
|-damage|p1a: Toxapex|89/100 brn|[from] Sandstorm
|-heal|p1a: Toxapex|95/100 brn|[from] item: Black Sludge
|-damage|p1a: Toxapex|89/100 brn|[from] brn
|upkeep
|turn|46
|l| in the hills
|
|move|p2a: Cinderace|Zen Headbutt|p1a: Toxapex
|-start|p2a: Cinderace|typechange|Psychic|[from] ability: Libero
|-supereffective|p1a: Toxapex
|-damage|p1a: Toxapex|43/100 brn
|move|p1a: Toxapex|Toxic|p2a: Cinderace
|-status|p2a: Cinderace|tox
|
|-weather|Sandstorm|[upkeep]
|-damage|p2a: Cinderace|89/100 tox|[from] Sandstorm
|-damage|p1a: Toxapex|37/100 brn|[from] Sandstorm
|-heal|p1a: Toxapex|43/100 brn|[from] item: Black Sludge
|-damage|p2a: Cinderace|83/100 tox|[from] psn
|-damage|p1a: Toxapex|37/100 brn|[from] brn
|upkeep
|turn|47
|
|switch|p1a: Mandibuzz|Mandibuzz, F|100/100
|move|p2a: Cinderace|Bulk Up|p2a: Cinderace
|-start|p2a: Cinderace|typechange|Fighting|[from] ability: Libero
|-boost|p2a: Cinderace|atk|1
|-boost|p2a: Cinderace|def|1
|
|-weather|none
|-damage|p2a: Cinderace|71/100 tox|[from] psn
|upkeep
|turn|48
|
|move|p2a: Cinderace|High Jump Kick|p1a: Mandibuzz
|-damage|p1a: Mandibuzz|22/100
|move|p1a: Mandibuzz|Brave Bird|p2a: Cinderace
|-supereffective|p2a: Cinderace
|-damage|p2a: Cinderace|14/100 tox
|-damage|p1a: Mandibuzz|9/100|[from] Recoil
|
|-damage|p2a: Cinderace|0 fnt|[from] psn
|faint|p2a: Cinderace
|upkeep
|l| frisoeva
|l| hamhamhamham
|
|switch|p2a: Dragapult|Dragapult, M|100/100
|turn|49
|j| frisoeva
|j| hamhamhamham
|l| frisoeva
|
|switch|p1a: Clefable|Clefable, M|88/100
|move|p2a: Dragapult|Will-O-Wisp|p1a: Clefable
|-status|p1a: Clefable|brn
|
|-heal|p1a: Clefable|94/100 brn|[from] item: Leftovers
|upkeep
|turn|50
|j| frisoeva
|
|move|p2a: Dragapult|U-turn|p1a: Clefable
|-resisted|p1a: Clefable
|-damage|p1a: Clefable|84/100 brn
|
|switch|p2a: Corviknight|Corviknight, M|30/100|[from]move: U-turn
|-ability|p2a: Corviknight|Pressure
|move|p1a: Clefable|Knock Off|p2a: Corviknight
|-damage|p2a: Corviknight|24/100
|-enditem|p2a: Corviknight|Leftovers|[from] move: Knock Off|[of] p1a: Clefable
|
|-heal|p1a: Clefable|90/100 brn|[from] item: Leftovers
|upkeep
|turn|51
|
|switch|p1a: Aegislash|Aegislash, M|84/100
|move|p2a: Corviknight|U-turn|p1a: Aegislash
|-resisted|p1a: Aegislash
|-damage|p1a: Aegislash|81/100
|
|switch|p2a: Primarina|Primarina, F|100/100|[from]move: U-turn
|
|upkeep
|turn|52
|l| frisoeva
|l| hamhamhamham
|
|switch|p2a: Dragapult|Dragapult, M|100/100
|move|p1a: Aegislash|Toxic|p2a: Dragapult
|-status|p2a: Dragapult|tox
|
|-damage|p2a: Dragapult|95/100 tox|[from] psn
|upkeep
|turn|53
|j| hamhamhamham
|j| frisoeva
|
|switch|p1a: Kommo-o|Kommo-o, M|100/100
|move|p2a: Dragapult|Hex|p1a: Kommo-o
|-damage|p1a: Kommo-o|62/100
|
|-damage|p2a: Dragapult|83/100 tox|[from] psn
|upkeep
|turn|54
|j| negatory
|
|switch|p2a: Clefable|Clefable, M|75/100
|switch|p1a: Clefable|Clefable, M|90/100 brn
|
|-heal|p1a: Clefable|96/100 brn|[from] item: Leftovers
|-heal|p2a: Clefable|81/100|[from] item: Leftovers
|upkeep
|turn|55
|
|switch|p2a: Primarina|Primarina, F|100/100
|move|p1a: Clefable|Stealth Rock|p2a: Primarina
|-sidestart|p2: Valentine|move: Stealth Rock
|
|-heal|p1a: Clefable|100/100 brn|[from] item: Leftovers
|upkeep
|turn|56
|
|move|p2a: Primarina|Calm Mind|p2a: Primarina
|-boost|p2a: Primarina|spa|1
|-boost|p2a: Primarina|spd|1
|move|p1a: Clefable|Moonblast|p2a: Primarina
|-damage|p2a: Primarina|82/100
|
|-heal|p2a: Primarina|88/100|[from] item: Leftovers
|upkeep
|turn|57
|
|switch|p1a: Toxapex|Toxapex, F|70/100 brn
|move|p2a: Primarina|Moonblast|p1a: Toxapex
|-resisted|p1a: Toxapex
|-damage|p1a: Toxapex|41/100 brn
|
|-heal|p2a: Primarina|94/100|[from] item: Leftovers
|-heal|p1a: Toxapex|47/100 brn|[from] item: Black Sludge
|-damage|p1a: Toxapex|41/100 brn|[from] brn
|upkeep
|turn|58
|l| frisoeva
|
|move|p2a: Primarina|Moonblast|p1a: Toxapex
|-resisted|p1a: Toxapex
|-crit|p1a: Toxapex
|-damage|p1a: Toxapex|0 fnt
|faint|p1a: Toxapex
|
|-heal|p2a: Primarina|99/100|[from] item: Leftovers
|upkeep
|j| frisoeva
|l| frisoeva
|j| frisoeva
|
|switch|p1a: Zeraora|Zeraora|62/100 tox
|turn|59
|
|move|p1a: Zeraora|Thunderbolt|p2a: Primarina
|-supereffective|p2a: Primarina
|-damage|p2a: Primarina|60/100
|move|p2a: Primarina|Moonblast|p1a: Zeraora
|-damage|p1a: Zeraora|0 fnt
|faint|p1a: Zeraora
|
|-heal|p2a: Primarina|66/100|[from] item: Leftovers
|upkeep
|
|switch|p1a: Kommo-o|Kommo-o, M|62/100
|turn|60
|
|move|p1a: Kommo-o|Poison Jab|p2a: Primarina
|-supereffective|p2a: Primarina
|-damage|p2a: Primarina|0 fnt
|-damage|p1a: Kommo-o|53/100|[from] item: Life Orb
|faint|p2a: Primarina
|
|upkeep
|
|switch|p2a: Dragapult|Dragapult, M|83/100 tox
|-damage|p2a: Dragapult|70/100 tox|[from] Stealth Rock
|turn|61
|l| frisoeva
|j| frisoeva
|l| hamhamhamham
|j| hamhamhamham
|
|switch|p1a: Clefable|Clefable, M|100/100 brn
|move|p2a: Dragapult|Hex|p1a: Clefable
|-damage|p1a: Clefable|52/100 brn
|
|-heal|p1a: Clefable|58/100 brn|[from] item: Leftovers
|-damage|p2a: Dragapult|64/100 tox|[from] psn
|upkeep
|turn|62
|
|move|p2a: Dragapult|U-turn|p1a: Clefable
|-resisted|p1a: Clefable
|-damage|p1a: Clefable|48/100 brn
|
|switch|p2a: Corviknight|Corviknight, M|24/100|[from]move: U-turn
|-damage|p2a: Corviknight|12/100|[from] Stealth Rock
|-ability|p2a: Corviknight|Pressure
|move|p1a: Clefable|Soft-Boiled|p1a: Clefable
|-heal|p1a: Clefable|98/100 brn
|
|-heal|p1a: Clefable|100/100 brn|[from] item: Leftovers
|upkeep
|turn|63
|
|switch|p1a: Aegislash|Aegislash, M|81/100
|move|p2a: Corviknight|Iron Head|p1a: Aegislash
|-resisted|p1a: Aegislash
|-damage|p1a: Aegislash|70/100
|
|upkeep
|turn|64
|
|-formechange|p1a: Aegislash|Aegislash-Blade||[from] ability: Stance Change
|move|p1a: Aegislash|Shadow Ball|p2a: Corviknight
|-damage|p2a: Corviknight|0 fnt
|faint|p2a: Corviknight
|
|upkeep
|
|switch|p2a: Dragapult|Dragapult, M|64/100 tox
|-damage|p2a: Dragapult|52/100 tox|[from] Stealth Rock
|turn|65
|
|switch|p1a: Clefable|Clefable, M|100/100 brn
|move|p2a: Dragapult|Hex|p1a: Clefable
|-damage|p1a: Clefable|48/100 brn
|
|-heal|p1a: Clefable|55/100 brn|[from] item: Leftovers
|-damage|p2a: Dragapult|46/100 tox|[from] psn
|upkeep
|turn|66
|
|move|p2a: Dragapult|Hex|p1a: Clefable
|-damage|p1a: Clefable|4/100 brn
|move|p1a: Clefable|Soft-Boiled|p1a: Clefable
|-heal|p1a: Clefable|54/100 brn
|
|-heal|p1a: Clefable|60/100 brn|[from] item: Leftovers
|-damage|p2a: Dragapult|34/100 tox|[from] psn
|upkeep
|turn|67
|
|move|p2a: Dragapult|Hex|p1a: Clefable
|-damage|p1a: Clefable|12/100 brn
|move|p1a: Clefable|Moonblast|p2a: Dragapult
|-supereffective|p2a: Dragapult
|-damage|p2a: Dragapult|0 fnt
|faint|p2a: Dragapult
|
|-heal|p1a: Clefable|18/100 brn|[from] item: Leftovers
|upkeep
|
|switch|p2a: Clefable|Clefable, M|81/100
|turn|68
|
|switch|p1a: Aegislash|Aegislash, M|70/100
|move|p2a: Clefable|Moonblast|p1a: Aegislash
|-resisted|p1a: Aegislash
|-damage|p1a: Aegislash|55/100
|-unboost|p1a: Aegislash|spa|1
|
|-heal|p2a: Clefable|87/100|[from] item: Leftovers
|upkeep
|turn|69
|
|move|p2a: Clefable|Protect|p2a: Clefable
|-singleturn|p2a: Clefable|Protect
|-formechange|p1a: Aegislash|Aegislash-Blade||[from] ability: Stance Change
|move|p1a: Aegislash|Flash Cannon|p2a: Clefable
|-activate|p2a: Clefable|move: Protect
|
|-heal|p2a: Clefable|93/100|[from] item: Leftovers
|upkeep
|turn|70
|j|+Catalystic ❤
|l| jasprose
|l|+Catalystic ❤
|
|move|p1a: Aegislash|Flash Cannon|p2a: Clefable
|-supereffective|p2a: Clefable
|-damage|p2a: Clefable|23/100
|move|p2a: Clefable|Moonblast|p1a: Aegislash
|-resisted|p1a: Aegislash
|-damage|p1a: Aegislash|22/100
|
|-heal|p2a: Clefable|29/100|[from] item: Leftovers
|upkeep
|turn|71
|c|☆Valentine|gg
|
|move|p2a: Clefable|Protect|p2a: Clefable
|-singleturn|p2a: Clefable|Protect
|move|p1a: Aegislash|Flash Cannon|p2a: Clefable
|-activate|p2a: Clefable|move: Protect
|
|-heal|p2a: Clefable|35/100|[from] item: Leftovers
|upkeep
|turn|72
|c|☆EternalSnowman|gg
|
|move|p1a: Aegislash|Flash Cannon|p2a: Clefable
|-supereffective|p2a: Clefable
|-damage|p2a: Clefable|0 fnt
|faint|p2a: Clefable
|
|win|EternalSnowman
