|j|☆Not Sarcasm
|j|☆quixana
|t:|1667698187
|gametype|singles
|player|p1|Not Sarcasm|102|1726
|player|p2|quixana|ethan-pokeathlon|1824
|teamsize|p1|6
|teamsize|p2|6
|gen|8
|tier|[Gen 8] OU
|rated|
|rule|Sleep Clause Mod: Limit one foe put to sleep
|rule|Species Clause: Limit one of each Pokémon
|rule|OHKO Clause: OHKO moves are banned
|rule|Evasion Items Clause: Evasion items are banned
|rule|Evasion Moves Clause: Evasion moves are banned
|rule|Endless Battle Clause: Forcing endless battles is banned
|rule|HP Percentage Mod: HP is shown in percentages
|rule|Dynamax Clause: You cannot dynamax
|clearpoke
|poke|p1|Dragapult, M|
|poke|p1|Blaziken, F|
|poke|p1|Melmetal|
|poke|p1|Garchomp, M|
|poke|p1|Toxapex, M|
|poke|p1|Landorus-Therian, M|
|poke|p2|Slowking-Galar, M|
|poke|p2|Tapu Koko|
|poke|p2|Hippowdon, F|
|poke|p2|Urshifu-*, F|
|poke|p2|Hydreigon, M|
|poke|p2|Corviknight, F|
|teampreview
|inactive|Battle timer is ON: inactive players will automatically lose when time's up. (requested by Not Sarcasm)
|
|t:|1667698200
|start
|switch|p1a: Blaziken|Blaziken, F|100/100
|switch|p2a: Hydreigon|Hydreigon, M|100/100
|turn|1
|
|t:|1667698227
|switch|p1a: Landorus|Landorus-Therian, M|100/100
|-ability|p1a: Landorus|Intimidate|boost
|-unboost|p2a: Hydreigon|atk|1
|move|p2a: Hydreigon|Draco Meteor|p1a: Landorus
|-damage|p1a: Landorus|31/100
|-unboost|p2a: Hydreigon|spa|2
|
|-heal|p1a: Landorus|37/100|[from] item: Leftovers
|upkeep
|turn|2
|j| BoosStom12
|inactive|quixana has 120 seconds left.
|
|t:|1667698252
|switch|p2a: Hippowdon|Hippowdon, F|100/100
|-weather|Sandstorm|[from] ability: Sand Stream|[of] p2a: Hippowdon
|move|p1a: Landorus|U-turn|p2a: Hippowdon
|-damage|p2a: Hippowdon|87/100
|
|t:|1667698258
|switch|p1a: Dragapult|Dragapult, M|100/100|[from]move: U-turn
|
|-weather|Sandstorm|[upkeep]
|-damage|p1a: Dragapult|95/100|[from] Sandstorm
|-heal|p2a: Hippowdon|93/100|[from] item: Leftovers
|upkeep
|turn|3
|inactive|quixana has 120 seconds left.
|
|t:|1667698268
|move|p1a: Dragapult|Shadow Ball|p2a: Hippowdon
|-damage|p2a: Hippowdon|46/100
|move|p2a: Hippowdon|Stealth Rock|p1a: Dragapult
|-sidestart|p1: Not Sarcasm|move: Stealth Rock
|
|-weather|Sandstorm|[upkeep]
|-damage|p1a: Dragapult|89/100|[from] Sandstorm
|-heal|p2a: Hippowdon|53/100|[from] item: Leftovers
|upkeep
|turn|4
|
|t:|1667698275
|move|p1a: Dragapult|Shadow Ball|p2a: Hippowdon
|-damage|p2a: Hippowdon|10/100
|-unboost|p2a: Hippowdon|spd|1
|move|p2a: Hippowdon|Slack Off|p2a: Hippowdon
|-heal|p2a: Hippowdon|60/100
|
|-weather|Sandstorm|[upkeep]
|-damage|p1a: Dragapult|83/100|[from] Sandstorm
|-heal|p2a: Hippowdon|66/100|[from] item: Leftovers
|upkeep
|turn|5
|
|t:|1667698284
|switch|p2a: Hydreigon|Hydreigon, M|100/100
|move|p1a: Dragapult|Shadow Ball|p2a: Hydreigon
|-resisted|p2a: Hydreigon
|-crit|p2a: Hydreigon
|-damage|p2a: Hydreigon|55/100
|-unboost|p2a: Hydreigon|spd|1
|
|-weather|Sandstorm|[upkeep]
|-damage|p1a: Dragapult|77/100|[from] Sandstorm
|-damage|p2a: Hydreigon|49/100|[from] Sandstorm
|upkeep
|turn|6
|
|t:|1667698293
|move|p1a: Dragapult|Shadow Ball|p2a: Hydreigon
|-resisted|p2a: Hydreigon
|-damage|p2a: Hydreigon|0 fnt
|faint|p2a: Hydreigon
|
|-weather|none
|upkeep
|
|t:|1667698297
|switch|p2a: Tapu Koko|Tapu Koko|100/100
|-fieldstart|move: Electric Terrain|[from] ability: Electric Surge|[of] p2a: Tapu Koko
|turn|7
|
|t:|1667698304
|switch|p1a: Toxapex|Toxapex, M|100/100
|-damage|p1a: Toxapex|88/100|[from] Stealth Rock
|move|p2a: Tapu Koko|Dazzling Gleam|p1a: Toxapex
|-resisted|p1a: Toxapex
|-damage|p1a: Toxapex|74/100
|
|upkeep
|turn|8
|
|t:|1667698311
|switch|p1a: Landorus|Landorus-Therian, M|37/100
|-damage|p1a: Landorus|24/100|[from] Stealth Rock
|-ability|p1a: Landorus|Intimidate|boost
|-unboost|p2a: Tapu Koko|atk|1
|move|p2a: Tapu Koko|Volt Switch|p1a: Landorus
|-immune|p1a: Landorus
|
|-heal|p1a: Landorus|30/100|[from] item: Leftovers
|upkeep
|turn|9
|
|t:|1667698321
|move|p2a: Tapu Koko|Dazzling Gleam|p1a: Landorus
|-damage|p1a: Landorus|7/100
|move|p1a: Landorus|Defog|p2a: Tapu Koko
|-unboost|p2a: Tapu Koko|evasion|1
|-sideend|p1: Not Sarcasm|Stealth Rock|[from] move: Defog|[of] p1a: Landorus
|-fieldend|move: Electric Terrain
|
|-heal|p1a: Landorus|13/100|[from] item: Leftovers
|upkeep
|turn|10
|j| Jongruenwald
|
|t:|1667698329
|switch|p1a: Garchomp|Garchomp, M|100/100
|move|p2a: Tapu Koko|Dazzling Gleam|p1a: Garchomp
|-supereffective|p1a: Garchomp
|-crit|p1a: Garchomp
|-damage|p1a: Garchomp|0 fnt
|faint|p1a: Garchomp
|
|upkeep
|
|t:|1667698337
|switch|p1a: Melmetal|Melmetal|100/100
|turn|11
|
|t:|1667698341
|move|p2a: Tapu Koko|Volt Switch|p1a: Melmetal
|-damage|p1a: Melmetal|72/100
|
|t:|1667698345
|switch|p2a: Corviknight|Corviknight, F|100/100|[from]move: Volt Switch
|-ability|p2a: Corviknight|Pressure
|move|p1a: Melmetal|Superpower|p2a: Corviknight
|-damage|p2a: Corviknight|72/100
|-unboost|p1a: Melmetal|atk|1
|-unboost|p1a: Melmetal|def|1
|
|upkeep
|turn|12
|
|t:|1667698354
|switch|p1a: Blaziken|Blaziken, F|100/100
|move|p2a: Corviknight|U-turn|p1a: Blaziken
|-resisted|p1a: Blaziken
|-damage|p1a: Blaziken|96/100
|
|t:|1667698362
|switch|p2a: Urshifu|Urshifu-Rapid-Strike, F|100/100|[from]move: U-turn
|
|upkeep
|turn|13
|
|t:|1667698371
|move|p2a: Urshifu|U-turn|p1a: Blaziken
|-resisted|p1a: Blaziken
|-damage|p1a: Blaziken|81/100
|
|t:|1667698375
|switch|p2a: Slowking|Slowking-Galar, M|100/100|[from]move: U-turn
|move|p1a: Blaziken|Swords Dance|p1a: Blaziken
|-boost|p1a: Blaziken|atk|2
|
|-ability|p1a: Blaziken|Speed Boost|boost
|-boost|p1a: Blaziken|spe|1
|upkeep
|turn|14
|
|t:|1667698382
|move|p1a: Blaziken|Knock Off|p2a: Slowking
|-supereffective|p2a: Slowking
|-damage|p2a: Slowking|0 fnt
|-enditem|p2a: Slowking|Assault Vest|[from] move: Knock Off|[of] p1a: Blaziken
|faint|p2a: Slowking
|-damage|p1a: Blaziken|71/100|[from] item: Life Orb
|
|-ability|p1a: Blaziken|Speed Boost|boost
|-boost|p1a: Blaziken|spe|1
|upkeep
|
|t:|1667698385
|switch|p2a: Urshifu|Urshifu-Rapid-Strike, F|100/100
|turn|15
|
|t:|1667698391
|switch|p1a: Toxapex|Toxapex, M|100/100
|move|p2a: Urshifu|Aqua Jet|p1a: Toxapex
|-resisted|p1a: Toxapex
|-damage|p1a: Toxapex|91/100
|-damage|p2a: Urshifu|84/100|[from] item: Rocky Helmet|[of] p1a: Toxapex
|
|upkeep
|turn|16
|
|t:|1667698398
|switch|p2a: Tapu Koko|Tapu Koko|100/100
|-fieldstart|move: Electric Terrain|[from] ability: Electric Surge|[of] p2a: Tapu Koko
|move|p1a: Toxapex|Knock Off|p2a: Tapu Koko
|-resisted|p2a: Tapu Koko
|-damage|p2a: Tapu Koko|92/100
|-enditem|p2a: Tapu Koko|Heavy-Duty Boots|[from] move: Knock Off|[of] p1a: Toxapex
|
|upkeep
|turn|17
|j| SLIME SEA2ON
|
|t:|1667698407
|switch|p1a: Landorus|Landorus-Therian, M|13/100
|-ability|p1a: Landorus|Intimidate|boost
|-unboost|p2a: Tapu Koko|atk|1
|move|p2a: Tapu Koko|Volt Switch|p1a: Landorus
|-immune|p1a: Landorus
|
|-heal|p1a: Landorus|19/100|[from] item: Leftovers
|upkeep
|turn|18
|
|t:|1667698418
|switch|p1a: Toxapex|Toxapex, M|100/100
|move|p2a: Tapu Koko|Volt Switch|p1a: Toxapex
|-supereffective|p1a: Toxapex
|-damage|p1a: Toxapex|31/100
|
|t:|1667698423
|switch|p2a: Hippowdon|Hippowdon, F|66/100|[from]move: Volt Switch
|-weather|Sandstorm|[from] ability: Sand Stream|[of] p2a: Hippowdon
|
|-weather|Sandstorm|[upkeep]
|-damage|p1a: Toxapex|25/100|[from] Sandstorm
|-heal|p2a: Hippowdon|73/100|[from] item: Leftovers
|upkeep
|turn|19
|
|t:|1667698430
|move|p2a: Hippowdon|Stealth Rock|p1a: Toxapex
|-sidestart|p1: Not Sarcasm|move: Stealth Rock
|move|p1a: Toxapex|Toxic Spikes|p2a: Hippowdon
|-sidestart|p2: quixana|move: Toxic Spikes
|
|-weather|Sandstorm|[upkeep]
|-damage|p1a: Toxapex|19/100|[from] Sandstorm
|-heal|p2a: Hippowdon|79/100|[from] item: Leftovers
|upkeep
|turn|20
|
|t:|1667698437
|switch|p1a: Landorus|Landorus-Therian, M|19/100
|-damage|p1a: Landorus|7/100|[from] Stealth Rock
|-ability|p1a: Landorus|Intimidate|boost
|-unboost|p2a: Hippowdon|atk|1
|move|p2a: Hippowdon|Heavy Slam|p1a: Landorus
|-damage|p1a: Landorus|0 fnt
|faint|p1a: Landorus
|
|-weather|Sandstorm|[upkeep]
|-heal|p2a: Hippowdon|85/100|[from] item: Leftovers
|-fieldend|move: Electric Terrain
|upkeep
|
|t:|1667698448
|switch|p1a: Dragapult|Dragapult, M|77/100
|-damage|p1a: Dragapult|64/100|[from] Stealth Rock
|turn|21
|
|t:|1667698472
|move|p1a: Dragapult|Draco Meteor|p2a: Hippowdon
|-damage|p2a: Hippowdon|19/100
|-unboost|p1a: Dragapult|spa|2
|move|p2a: Hippowdon|Slack Off|p2a: Hippowdon
|-heal|p2a: Hippowdon|69/100
|
|-weather|Sandstorm|[upkeep]
|-damage|p1a: Dragapult|58/100|[from] Sandstorm
|-heal|p2a: Hippowdon|75/100|[from] item: Leftovers
|upkeep
|turn|22
|
|t:|1667698482
|move|p1a: Dragapult|Draco Meteor|p2a: Hippowdon
|-damage|p2a: Hippowdon|40/100
|-unboost|p1a: Dragapult|spa|2
|move|p2a: Hippowdon|Earthquake|p1a: Dragapult
|-damage|p1a: Dragapult|24/100
|
|-weather|none
|-heal|p2a: Hippowdon|46/100|[from] item: Leftovers
|upkeep
|turn|23
|
|t:|1667698491
|switch|p1a: Melmetal|Melmetal|72/100
|-damage|p1a: Melmetal|66/100|[from] Stealth Rock
|move|p2a: Hippowdon|Slack Off|p2a: Hippowdon
|-heal|p2a: Hippowdon|96/100
|
|-heal|p2a: Hippowdon|100/100|[from] item: Leftovers
|upkeep
|turn|24
|j| Kursula
|
|t:|1667698513
|move|p1a: Melmetal|Double Iron Bash|p2a: Hippowdon
|-damage|p2a: Hippowdon|72/100
|-damage|p2a: Hippowdon|41/100
|-hitcount|p2a: Hippowdon|2
|move|p2a: Hippowdon|Earthquake|p1a: Melmetal
|-supereffective|p1a: Melmetal
|-damage|p1a: Melmetal|38/100
|
|-heal|p2a: Hippowdon|48/100|[from] item: Leftovers
|upkeep
|turn|25
|
|t:|1667698525
|switch|p1a: Dragapult|Dragapult, M|24/100
|-damage|p1a: Dragapult|12/100|[from] Stealth Rock
|switch|p2a: Corviknight|Corviknight, F|72/100
|-ability|p2a: Corviknight|Pressure
|
|upkeep
|turn|26
|inactive|quixana has 120 seconds left.
|
|t:|1667698550
|move|p1a: Dragapult|Shadow Ball|p2a: Corviknight
|-damage|p2a: Corviknight|16/100
|move|p2a: Corviknight|U-turn|p1a: Dragapult
|-resisted|p1a: Dragapult
|-damage|p1a: Dragapult|1/100
|inactive|quixana has 120 seconds left.
|
|t:|1667698559
|switch|p2a: Urshifu|Urshifu-Rapid-Strike, F|84/100|[from]move: U-turn
|-status|p2a: Urshifu|psn
|
|-damage|p2a: Urshifu|72/100 psn|[from] psn
|upkeep
|turn|27
|
|t:|1667698567
|switch|p1a: Toxapex|Toxapex, M|52/100
|-damage|p1a: Toxapex|40/100|[from] Stealth Rock
|move|p2a: Urshifu|Aqua Jet|p1a: Toxapex
|-resisted|p1a: Toxapex
|-damage|p1a: Toxapex|30/100
|-damage|p2a: Urshifu|55/100 psn|[from] item: Rocky Helmet|[of] p1a: Toxapex
|
|-damage|p2a: Urshifu|43/100 psn|[from] psn
|upkeep
|turn|28
|
|t:|1667698579
|switch|p2a: Hippowdon|Hippowdon, F|48/100
|-status|p2a: Hippowdon|psn
|-weather|Sandstorm|[from] ability: Sand Stream|[of] p2a: Hippowdon
|move|p1a: Toxapex|Recover|p1a: Toxapex
|-heal|p1a: Toxapex|80/100
|
|-weather|Sandstorm|[upkeep]
|-damage|p1a: Toxapex|74/100|[from] Sandstorm
|-heal|p2a: Hippowdon|54/100 psn|[from] item: Leftovers
|-damage|p2a: Hippowdon|41/100 psn|[from] psn
|upkeep
|turn|29
|
|t:|1667698590
|move|p2a: Hippowdon|Slack Off|p2a: Hippowdon
|-heal|p2a: Hippowdon|91/100 psn
|move|p1a: Toxapex|Knock Off|p2a: Hippowdon
|-damage|p2a: Hippowdon|82/100 psn
|-enditem|p2a: Hippowdon|Leftovers|[from] move: Knock Off|[of] p1a: Toxapex
|
|-weather|Sandstorm|[upkeep]
|-damage|p1a: Toxapex|68/100|[from] Sandstorm
|-damage|p2a: Hippowdon|70/100 psn|[from] psn
|upkeep
|turn|30
|
|t:|1667698599
|move|p2a: Hippowdon|Earthquake|p1a: Toxapex
|-supereffective|p1a: Toxapex
|-damage|p1a: Toxapex|22/100
|move|p1a: Toxapex|Recover|p1a: Toxapex
|-heal|p1a: Toxapex|72/100
|
|-weather|Sandstorm|[upkeep]
|-damage|p1a: Toxapex|66/100|[from] Sandstorm
|-damage|p2a: Hippowdon|57/100 psn|[from] psn
|upkeep
|turn|31
|
|t:|1667698618
|move|p2a: Hippowdon|Slack Off|p2a: Hippowdon
|-heal|p2a: Hippowdon|100/100 psn
|move|p1a: Toxapex|Recover|p1a: Toxapex
|-heal|p1a: Toxapex|100/100
|
|-weather|Sandstorm|[upkeep]
|-damage|p1a: Toxapex|94/100|[from] Sandstorm
|-damage|p2a: Hippowdon|88/100 psn|[from] psn
|upkeep
|turn|32
|
|t:|1667698627
|move|p2a: Hippowdon|Earthquake|p1a: Toxapex
|-supereffective|p1a: Toxapex
|-damage|p1a: Toxapex|47/100
|move|p1a: Toxapex|Recover|p1a: Toxapex
|-heal|p1a: Toxapex|97/100
|
|-weather|none
|-damage|p2a: Hippowdon|76/100 psn|[from] psn
|upkeep
|turn|33
|
|t:|1667698637
|switch|p2a: Tapu Koko|Tapu Koko|92/100
|-status|p2a: Tapu Koko|psn
|-fieldstart|move: Electric Terrain|[from] ability: Electric Surge|[of] p2a: Tapu Koko
|move|p1a: Toxapex|Recover|p1a: Toxapex
|-heal|p1a: Toxapex|100/100
|
|-damage|p2a: Tapu Koko|79/100 psn|[from] psn
|upkeep
|turn|34
|
|t:|1667698646
|move|p2a: Tapu Koko|Volt Switch|p1a: Toxapex
|-supereffective|p1a: Toxapex
|-damage|p1a: Toxapex|37/100
|
|t:|1667698649
|switch|p2a: Hippowdon|Hippowdon, F|76/100 psn|[from]move: Volt Switch
|-weather|Sandstorm|[from] ability: Sand Stream|[of] p2a: Hippowdon
|move|p1a: Toxapex|Recover|p1a: Toxapex
|-heal|p1a: Toxapex|87/100
|
|-weather|Sandstorm|[upkeep]
|-damage|p1a: Toxapex|80/100|[from] Sandstorm
|-damage|p2a: Hippowdon|63/100 psn|[from] psn
|upkeep
|turn|35
|
|t:|1667698659
|move|p2a: Hippowdon|Earthquake|p1a: Toxapex
|-supereffective|p1a: Toxapex
|-damage|p1a: Toxapex|32/100
|move|p1a: Toxapex|Recover|p1a: Toxapex
|-heal|p1a: Toxapex|82/100
|
|-weather|Sandstorm|[upkeep]
|-damage|p1a: Toxapex|76/100|[from] Sandstorm
|-damage|p2a: Hippowdon|51/100 psn|[from] psn
|upkeep
|turn|36
|j| painkilllr
|
|t:|1667698667
|move|p2a: Hippowdon|Slack Off|p2a: Hippowdon
|-heal|p2a: Hippowdon|100/100 psn
|move|p1a: Toxapex|Knock Off|p2a: Hippowdon
|-damage|p2a: Hippowdon|95/100 psn
|
|-weather|Sandstorm|[upkeep]
|-damage|p1a: Toxapex|70/100|[from] Sandstorm
|-damage|p2a: Hippowdon|82/100 psn|[from] psn
|upkeep
|turn|37
|
|t:|1667698675
|move|p2a: Hippowdon|Earthquake|p1a: Toxapex
|-supereffective|p1a: Toxapex
|-damage|p1a: Toxapex|28/100
|move|p1a: Toxapex|Recover|p1a: Toxapex
|-heal|p1a: Toxapex|78/100
|
|-weather|Sandstorm|[upkeep]
|-damage|p1a: Toxapex|72/100|[from] Sandstorm
|-damage|p2a: Hippowdon|70/100 psn|[from] psn
|-fieldend|move: Electric Terrain
|upkeep
|turn|38
|
|t:|1667698685
|switch|p1a: Dragapult|Dragapult, M|1/100
|-damage|p1a: Dragapult|0 fnt|[from] Stealth Rock
|faint|p1a: Dragapult
|move|p2a: Hippowdon|Earthquake|p1: Dragapult|[notarget]
|-fail|p2a: Hippowdon
|
|-weather|none
|-damage|p2a: Hippowdon|57/100 psn|[from] psn
|upkeep
|
|t:|1667698693
|switch|p1a: Blaziken|Blaziken, F|71/100
|-damage|p1a: Blaziken|59/100|[from] Stealth Rock
|turn|39
|
|t:|1667698697
|move|p1a: Blaziken|Close Combat|p2a: Hippowdon
|-damage|p2a: Hippowdon|8/100 psn
|-unboost|p1a: Blaziken|def|1
|-unboost|p1a: Blaziken|spd|1
|-damage|p1a: Blaziken|49/100|[from] item: Life Orb
|move|p2a: Hippowdon|Earthquake|p1a: Blaziken
|-supereffective|p1a: Blaziken
|-damage|p1a: Blaziken|0 fnt
|faint|p1a: Blaziken
|
|-damage|p2a: Hippowdon|0 fnt|[from] psn
|faint|p2a: Hippowdon
|upkeep
|-message|Not Sarcasm forfeited.
|
|win|quixana
|raw|Not Sarcasm's rating: 1726 &rarr; <strong>1710</strong><br />(-16 for losing)
|raw|quixana's rating: 1797 &rarr; <strong>1813</strong><br />(+16 for winning)
|l|☆Not Sarcasm
|l| painkilllr
|l| BoosStom12
||Ladder isn't responding, score probably updated but might not have (Request timeout).
