|j|☆Crokyx
|j|‽hypervortexreturns
|t:|1663919684
|gametype|singles
|player|p1|Crokyx|drayden|1810
|player|p2|hypervortexreturns|2|1893
|teamsize|p1|6
|teamsize|p2|6
|gen|8
|tier|[Gen 8] OU
|rated|
|rule|Sleep Clause Mod: Limit one foe put to sleep
|rule|Species Clause: Limit one of each Pokémon
|rule|OHKO Clause: OHKO moves are banned
|rule|Evasion Items Clause: Evasion items are banned
|rule|Evasion Moves Clause: Evasion moves are banned
|rule|Endless Battle Clause: Forcing endless battles is banned
|rule|HP Percentage Mod: HP is shown in percentages
|rule|Dynamax Clause: You cannot dynamax
|clearpoke
|poke|p1|Barraskewda, M|
|poke|p1|Urshifu-*, M|
|poke|p1|Zapdos|
|poke|p1|Thundurus-Therian, M|
|poke|p1|Pelipper, F|
|poke|p1|Melmetal|
|poke|p2|Hydreigon, F|
|poke|p2|Zapdos|
|poke|p2|Tangrowth, F|
|poke|p2|Corviknight, F|
|poke|p2|Excadrill, M|
|poke|p2|Azumarill, F|
|teampreview
|inactive|Battle timer is ON: inactive players will automatically lose when time's up. (requested by Crokyx)
|
|t:|1663919702
|start
|switch|p1a: Jinwho|Urshifu-Rapid-Strike, M|100/100
|switch|p2a: Zapdos|Zapdos|100/100
|turn|1
|
|t:|1663919719
|switch|p1a: Vlamdorgoï|Thundurus-Therian, M, shiny|100/100
|move|p2a: Zapdos|Hurricane|p1a: Vlamdorgoï|[miss]
|-miss|p2a: Zapdos|p1a: Vlamdorgoï
|
|upkeep
|turn|2
|
|t:|1663919734
|move|p1a: Vlamdorgoï|Thunder|p2a: Zapdos
|-damage|p2a: Zapdos|35/100
|move|p2a: Zapdos|Toxic|p1a: Vlamdorgoï
|-status|p1a: Vlamdorgoï|tox
|
|-damage|p1a: Vlamdorgoï|94/100 tox|[from] psn
|upkeep
|turn|3
|
|t:|1663919748
|switch|p1a: Devi|Pelipper, F|100/100
|-weather|RainDance|[from] ability: Drizzle|[of] p1a: Devi
|switch|p2a: Excadrill|Excadrill, M|100/100
|-ability|p2a: Excadrill|Mold Breaker
|
|-weather|RainDance|[upkeep]
|upkeep
|turn|4
|
|t:|1663919765
|move|p2a: Excadrill|Stealth Rock|p1a: Devi
|-sidestart|p1: Crokyx|move: Stealth Rock
|move|p1a: Devi|U-turn|p2a: Excadrill
|-resisted|p2a: Excadrill
|-damage|p2a: Excadrill|94/100
|j| wanliu47
|j| Me1oNz
|
|t:|1663919775
|switch|p1a: Vlamdorgoï|Thundurus-Therian, M, shiny|94/100 tox|[from]move: U-turn
|
|-weather|RainDance|[upkeep]
|-heal|p2a: Excadrill|99/100|[from] item: Leftovers
|-damage|p1a: Vlamdorgoï|88/100 tox|[from] psn
|upkeep
|turn|5
|j| yuwenzhao
|l| yuwenzhao
|
|t:|1663919792
|move|p1a: Vlamdorgoï|Thunder|p2a: Excadrill
|-immune|p2a: Excadrill
|move|p2a: Excadrill|Iron Head|p1a: Vlamdorgoï
|-resisted|p1a: Vlamdorgoï
|-damage|p1a: Vlamdorgoï|57/100 tox
|
|-weather|RainDance|[upkeep]
|-heal|p2a: Excadrill|100/100|[from] item: Leftovers
|-damage|p1a: Vlamdorgoï|45/100 tox|[from] psn
|upkeep
|turn|6
|
|t:|1663919806
|move|p1a: Vlamdorgoï|Weather Ball|p2a: Excadrill
|-supereffective|p2a: Excadrill
|-damage|p2a: Excadrill|0 fnt
|faint|p2a: Excadrill
|
|-weather|RainDance|[upkeep]
|-damage|p1a: Vlamdorgoï|27/100 tox|[from] psn
|upkeep
|j| WhiteFlares
|inactive|hypervortexreturns has 120 seconds left.
|
|t:|1663919823
|switch|p2a: Azumarill|Azumarill, F|100/100
|turn|7
|
|t:|1663919832
|move|p2a: Azumarill|Aqua Jet|p1a: Vlamdorgoï
|-damage|p1a: Vlamdorgoï|0 fnt
|faint|p1a: Vlamdorgoï
|
|-weather|RainDance|[upkeep]
|upkeep
|
|t:|1663919835
|switch|p1a: Golgothal|Melmetal|100/100
|-damage|p1a: Golgothal|94/100|[from] Stealth Rock
|turn|8
|
|t:|1663919856
|switch|p2a: Corviknight|Corviknight, F|100/100
|-ability|p2a: Corviknight|Pressure
|switch|p1a: Devi|Pelipper, F|100/100
|-damage|p1a: Devi|75/100|[from] Stealth Rock
|
|-weather|RainDance|[upkeep]
|upkeep
|turn|9
|inactive|hypervortexreturns has 120 seconds left.
|
|t:|1663919872
|move|p2a: Corviknight|Brave Bird|p1a: Devi
|-damage|p1a: Devi|50/100
|-damage|p2a: Corviknight|93/100|[from] Recoil
|move|p1a: Devi|Defog|p2a: Corviknight
|-unboost|p2a: Corviknight|evasion|1
|-sideend|p1: Crokyx|Stealth Rock|[from] move: Defog|[of] p1a: Devi
|
|-weather|RainDance|[upkeep]
|-heal|p2a: Corviknight|99/100|[from] item: Leftovers
|upkeep
|turn|10
|inactive|hypervortexreturns has 120 seconds left.
|
|t:|1663919884
|move|p2a: Corviknight|Taunt|p1a: Devi
|-start|p1a: Devi|move: Taunt
|move|p1a: Devi|U-turn|p2a: Corviknight
|-resisted|p2a: Corviknight
|-damage|p2a: Corviknight|98/100
|
|t:|1663919887
|switch|p1a: Hurriom|Zapdos|100/100|[from]move: U-turn
|
|-weather|none
|-heal|p2a: Corviknight|100/100|[from] item: Leftovers
|upkeep
|turn|11
|inactive|hypervortexreturns has 120 seconds left.
|
|t:|1663919904
|switch|p2a: Hydreigon|Hydreigon, F|100/100
|move|p1a: Hurriom|Volt Switch|p2a: Hydreigon
|-resisted|p2a: Hydreigon
|-damage|p2a: Hydreigon|73/100
|inactive|Crokyx has 120 seconds left.
|
|t:|1663919942
|switch|p1a: Devi|Pelipper, F|50/100|[from]move: Volt Switch
|-weather|RainDance|[from] ability: Drizzle|[of] p1a: Devi
|
|-weather|RainDance|[upkeep]
|-heal|p2a: Hydreigon|79/100|[from] item: Leftovers
|upkeep
|turn|12
|inactive|Crokyx has 120 seconds left.
|
|t:|1663919951
|switch|p1a: Golgothal|Melmetal|94/100
|move|p2a: Hydreigon|Dark Pulse|p1a: Golgothal
|-damage|p1a: Golgothal|71/100
|
|-weather|RainDance|[upkeep]
|-heal|p2a: Hydreigon|86/100|[from] item: Leftovers
|upkeep
|turn|13
|
|t:|1663919969
|switch|p2a: Tangrowth|Tangrowth, F|100/100
|switch|p1a: Hurriom|Zapdos|100/100
|
|-weather|RainDance|[upkeep]
|upkeep
|turn|14
|inactive|hypervortexreturns has 120 seconds left.
|
|t:|1663919988
|switch|p2a: Corviknight|Corviknight, F|100/100
|-ability|p2a: Corviknight|Pressure
|move|p1a: Hurriom|Hurricane|p2a: Corviknight
|-resisted|p2a: Corviknight
|-damage|p2a: Corviknight|72/100
|
|-weather|RainDance|[upkeep]
|-heal|p2a: Corviknight|78/100|[from] item: Leftovers
|upkeep
|turn|15
|inactive|hypervortexreturns has 120 seconds left.
|
|t:|1663920004
|move|p1a: Hurriom|Hurricane|p2a: Corviknight
|-resisted|p2a: Corviknight
|-damage|p2a: Corviknight|51/100
|-start|p2a: Corviknight|confusion
|-activate|p2a: Corviknight|confusion
|move|p2a: Corviknight|Roost|p2a: Corviknight
|-heal|p2a: Corviknight|100/100
|-singleturn|p2a: Corviknight|move: Roost
|
|-weather|RainDance|[upkeep]
|upkeep
|turn|16
|inactive|hypervortexreturns has 120 seconds left.
|
|t:|1663920016
|switch|p1a: Yu-Raktian|Barraskewda, M, shiny|100/100
|-end|p2a: Corviknight|confusion
|move|p2a: Corviknight|Roost||[still]
|-fail|p2a: Corviknight|heal
|
|-weather|RainDance|[upkeep]
|upkeep
|turn|17
|inactive|hypervortexreturns has 120 seconds left.
|inactive|Crokyx has 120 seconds left.
|
|t:|1663920058
|switch|p2a: Tangrowth|Tangrowth, F|100/100
|move|p1a: Yu-Raktian|Flip Turn|p2a: Tangrowth
|-resisted|p2a: Tangrowth
|-damage|p2a: Tangrowth|88/100
|-damage|p1a: Yu-Raktian|84/100|[from] item: Rocky Helmet|[of] p2a: Tangrowth
|
|t:|1663920060
|switch|p1a: Hurriom|Zapdos|100/100|[from]move: Flip Turn
|
|-weather|RainDance|[upkeep]
|upkeep
|turn|18
|inactive|hypervortexreturns has 120 seconds left.
|l| WhiteFlares
|
|t:|1663920087
|switch|p2a: Corviknight|Corviknight, F|100/100
|-ability|p2a: Corviknight|Pressure
|move|p1a: Hurriom|Hurricane|p2a: Corviknight
|-resisted|p2a: Corviknight
|-damage|p2a: Corviknight|71/100
|
|-weather|none
|-heal|p2a: Corviknight|77/100|[from] item: Leftovers
|upkeep
|turn|19
|
|t:|1663920099
|switch|p1a: Golgothal|Melmetal|71/100
|move|p2a: Corviknight|Brave Bird|p1a: Golgothal
|-resisted|p1a: Golgothal
|-damage|p1a: Golgothal|63/100
|-damage|p2a: Corviknight|74/100|[from] Recoil
|
|-heal|p2a: Corviknight|80/100|[from] item: Leftovers
|upkeep
|turn|20
|inactive|hypervortexreturns has 90 seconds left.
|
|t:|1663920121
|switch|p1a: Hurriom|Zapdos|100/100
|move|p2a: Corviknight|Brave Bird|p1a: Hurriom
|-resisted|p1a: Hurriom
|-damage|p1a: Hurriom|77/100
|-status|p2a: Corviknight|par|[from] ability: Static|[of] p1a: Hurriom
|-damage|p2a: Corviknight|74/100 par|[from] Recoil
|
|-heal|p2a: Corviknight|80/100 par|[from] item: Leftovers
|upkeep
|turn|21
|inactive|hypervortexreturns has 90 seconds left.
|
|t:|1663920134
|move|p1a: Hurriom|Volt Switch|p2a: Corviknight
|-supereffective|p2a: Corviknight
|-damage|p2a: Corviknight|2/100 par
|
|t:|1663920148
|switch|p1a: Yu-Raktian|Barraskewda, M, shiny|84/100|[from]move: Volt Switch
|move|p2a: Corviknight|Roost|p2a: Corviknight
|-heal|p2a: Corviknight|52/100 par
|-singleturn|p2a: Corviknight|move: Roost
|
|-heal|p2a: Corviknight|58/100 par|[from] item: Leftovers
|upkeep
|turn|22
|
|t:|1663920161
|switch|p2a: Tangrowth|Tangrowth, F|100/100
|move|p1a: Yu-Raktian|Liquidation|p2a: Tangrowth
|-resisted|p2a: Tangrowth
|-damage|p2a: Tangrowth|88/100
|-damage|p1a: Yu-Raktian|68/100|[from] item: Rocky Helmet|[of] p2a: Tangrowth
|
|upkeep
|turn|23
|
|t:|1663920174
|switch|p1a: Devi|Pelipper, F|50/100
|-weather|RainDance|[from] ability: Drizzle|[of] p1a: Devi
|move|p2a: Tangrowth|Sleep Powder|p1a: Devi|[miss]
|-miss|p2a: Tangrowth|p1a: Devi
|
|-weather|RainDance|[upkeep]
|upkeep
|turn|24
|
|t:|1663920187
|switch|p2a: Zapdos|Zapdos|35/100
|move|p1a: Devi|U-turn|p2a: Zapdos
|-resisted|p2a: Zapdos
|-damage|p2a: Zapdos|30/100
|-status|p1a: Devi|par|[from] ability: Static|[of] p2a: Zapdos
|j| Revanism
|
|t:|1663920207
|switch|p1a: Yu-Raktian|Barraskewda, M, shiny|68/100|[from]move: U-turn
|
|-weather|RainDance|[upkeep]
|upkeep
|turn|25
|
|t:|1663920215
|switch|p2a: Tangrowth|Tangrowth, F|100/100
|move|p1a: Yu-Raktian|Flip Turn|p2a: Tangrowth
|-resisted|p2a: Tangrowth
|-damage|p2a: Tangrowth|87/100
|-damage|p1a: Yu-Raktian|51/100|[from] item: Rocky Helmet|[of] p2a: Tangrowth
|
|t:|1663920218
|switch|p1a: Hurriom|Zapdos|77/100|[from]move: Flip Turn
|
|-weather|RainDance|[upkeep]
|upkeep
|turn|26
|
|t:|1663920231
|switch|p2a: Corviknight|Corviknight, F|58/100 par
|-ability|p2a: Corviknight|Pressure
|move|p1a: Hurriom|Hurricane|p2a: Corviknight
|-resisted|p2a: Corviknight
|-damage|p2a: Corviknight|31/100 par
|
|-weather|RainDance|[upkeep]
|-heal|p2a: Corviknight|37/100 par|[from] item: Leftovers
|upkeep
|turn|27
|
|t:|1663920242
|move|p1a: Hurriom|Hurricane|p2a: Corviknight
|-resisted|p2a: Corviknight
|-damage|p2a: Corviknight|8/100 par
|move|p2a: Corviknight|Roost|p2a: Corviknight
|-heal|p2a: Corviknight|58/100 par
|-singleturn|p2a: Corviknight|move: Roost
|
|-weather|RainDance|[upkeep]
|-heal|p2a: Corviknight|64/100 par|[from] item: Leftovers
|upkeep
|turn|28
|
|t:|1663920254
|switch|p1a: Yu-Raktian|Barraskewda, M, shiny|51/100
|move|p2a: Corviknight|Roost|p2a: Corviknight
|-heal|p2a: Corviknight|100/100 par
|-singleturn|p2a: Corviknight|move: Roost
|
|-weather|RainDance|[upkeep]
|upkeep
|turn|29
|
|t:|1663920266
|switch|p2a: Tangrowth|Tangrowth, F|100/100
|move|p1a: Yu-Raktian|Liquidation|p2a: Tangrowth
|-resisted|p2a: Tangrowth
|-damage|p2a: Tangrowth|83/100
|-damage|p1a: Yu-Raktian|35/100|[from] item: Rocky Helmet|[of] p2a: Tangrowth
|
|-weather|RainDance|[upkeep]
|upkeep
|turn|30
|
|t:|1663920278
|switch|p1a: Devi|Pelipper, F|50/100 par
|move|p2a: Tangrowth|Knock Off|p1a: Devi
|-damage|p1a: Devi|33/100 par
|-enditem|p1a: Devi|Damp Rock|[from] move: Knock Off|[of] p2a: Tangrowth
|
|-weather|none
|upkeep
|turn|31
|
|t:|1663920288
|move|p2a: Tangrowth|Power Whip|p1a: Devi
|-damage|p1a: Devi|4/100 par
|move|p1a: Devi|Roost|p1a: Devi
|-heal|p1a: Devi|54/100 par
|-singleturn|p1a: Devi|move: Roost
|
|upkeep
|turn|32
|
|t:|1663920303
|switch|p2a: Zapdos|Zapdos|30/100
|cant|p1a: Devi|par
|
|upkeep
|turn|33
|
|t:|1663920322
|switch|p1a: Golgothal|Melmetal|63/100
|move|p2a: Zapdos|Roost|p2a: Zapdos
|-heal|p2a: Zapdos|80/100
|-singleturn|p2a: Zapdos|move: Roost
|
|upkeep
|turn|34
|
|t:|1663920340
|switch|p2a: Tangrowth|Tangrowth, F|100/100
|move|p1a: Golgothal|Ice Punch|p2a: Tangrowth
|-supereffective|p2a: Tangrowth
|-damage|p2a: Tangrowth|59/100
|-damage|p1a: Golgothal|46/100|[from] item: Rocky Helmet|[of] p2a: Tangrowth
|
|upkeep
|turn|35
|
|t:|1663920363
|switch|p1a: Yu-Raktian|Barraskewda, M, shiny|35/100
|move|p2a: Tangrowth|Knock Off|p1a: Yu-Raktian
|-damage|p1a: Yu-Raktian|0 fnt
|-enditem|p1a: Yu-Raktian|Heavy-Duty Boots|[from] move: Knock Off|[of] p2a: Tangrowth
|faint|p1a: Yu-Raktian
|
|upkeep
|
|t:|1663920365
|switch|p1a: Hurriom|Zapdos|77/100
|turn|36
|j| Kyurem
|inactive|hypervortexreturns has 90 seconds left.
|
|t:|1663920387
|switch|p2a: Corviknight|Corviknight, F|100/100 par
|-ability|p2a: Corviknight|Pressure
|move|p1a: Hurriom|Volt Switch|p2a: Corviknight
|-supereffective|p2a: Corviknight
|-damage|p2a: Corviknight|32/100 par
|
|t:|1663920394
|switch|p1a: Jinwho|Urshifu-Rapid-Strike, M|100/100|[from]move: Volt Switch
|
|-heal|p2a: Corviknight|39/100 par|[from] item: Leftovers
|upkeep
|turn|37
|
|t:|1663920405
|switch|p2a: Tangrowth|Tangrowth, F|93/100
|move|p1a: Jinwho|U-turn|p2a: Tangrowth
|-supereffective|p2a: Tangrowth
|-damage|p2a: Tangrowth|67/100
|-damage|p1a: Jinwho|84/100|[from] item: Rocky Helmet|[of] p2a: Tangrowth
|
|t:|1663920408
|switch|p1a: Hurriom|Zapdos|77/100|[from]move: U-turn
|
|upkeep
|turn|38
|j| once a pep
|
|t:|1663920426
|switch|p2a: Corviknight|Corviknight, F|39/100 par
|-ability|p2a: Corviknight|Pressure
|move|p1a: Hurriom|Volt Switch|p2a: Corviknight
|-supereffective|p2a: Corviknight
|-damage|p2a: Corviknight|0 fnt
|faint|p2a: Corviknight
|
|t:|1663920436
|switch|p1a: Jinwho|Urshifu-Rapid-Strike, M|84/100|[from]move: Volt Switch
|
|upkeep
|
|t:|1663920442
|switch|p2a: Zapdos|Zapdos|80/100
|turn|39
|inactive|Crokyx has 120 seconds left.
|
|t:|1663920470
|switch|p1a: Devi|Pelipper, F|54/100 par
|-weather|RainDance|[from] ability: Drizzle|[of] p1a: Devi
|move|p2a: Zapdos|Discharge|p1a: Devi
|-supereffective|p1a: Devi
|-damage|p1a: Devi|0 fnt
|faint|p1a: Devi
|
|-weather|RainDance|[upkeep]
|upkeep
|
|t:|1663920472
|switch|p1a: Hurriom|Zapdos|77/100
|turn|40
|inactive|hypervortexreturns has 120 seconds left.
|
|t:|1663920488
|move|p2a: Zapdos|Roost|p2a: Zapdos
|-heal|p2a: Zapdos|100/100
|-singleturn|p2a: Zapdos|move: Roost
|move|p1a: Hurriom|Volt Switch|p2a: Zapdos
|-resisted|p2a: Zapdos
|-damage|p2a: Zapdos|72/100
|
|t:|1663920499
|switch|p1a: Jinwho|Urshifu-Rapid-Strike, M|84/100|[from]move: Volt Switch
|
|-weather|RainDance|[upkeep]
|upkeep
|turn|41
|inactive|hypervortexreturns has 120 seconds left.
|
|t:|1663920513
|move|p1a: Jinwho|U-turn|p2a: Zapdos
|-resisted|p2a: Zapdos
|-damage|p2a: Zapdos|60/100
|
|t:|1663920515
|switch|p1a: Golgothal|Melmetal|46/100|[from]move: U-turn
|move|p2a: Zapdos|Discharge|p1a: Golgothal
|-damage|p1a: Golgothal|21/100
|
|-weather|RainDance|[upkeep]
|upkeep
|turn|42
|
|t:|1663920528
|move|p2a: Zapdos|Discharge|p1a: Golgothal
|-damage|p1a: Golgothal|0 fnt
|faint|p1a: Golgothal
|
|-weather|RainDance|[upkeep]
|upkeep
|
|t:|1663920529
|switch|p1a: Hurriom|Zapdos|77/100
|turn|43
|
|t:|1663920541
|move|p2a: Zapdos|Roost|p2a: Zapdos
|-heal|p2a: Zapdos|100/100
|-singleturn|p2a: Zapdos|move: Roost
|move|p1a: Hurriom|Hurricane|p2a: Zapdos
|-resisted|p2a: Zapdos
|-damage|p2a: Zapdos|62/100
|
|-weather|none
|upkeep
|turn|44
|
|t:|1663920553
|move|p1a: Hurriom|Hurricane|p2a: Zapdos|[miss]
|-miss|p1a: Hurriom|p2a: Zapdos
|move|p2a: Zapdos|Roost|p2a: Zapdos
|-heal|p2a: Zapdos|100/100
|-singleturn|p2a: Zapdos|move: Roost
|
|upkeep
|turn|45
|
|t:|1663920561
|move|p1a: Hurriom|Hurricane|p2a: Zapdos
|-resisted|p2a: Zapdos
|-damage|p2a: Zapdos|62/100
|move|p2a: Zapdos|Discharge|p1a: Hurriom
|-damage|p1a: Hurriom|41/100
|
|upkeep
|turn|46
|
|t:|1663920570
|move|p2a: Zapdos|Roost|p2a: Zapdos
|-heal|p2a: Zapdos|100/100
|-singleturn|p2a: Zapdos|move: Roost
|move|p1a: Hurriom|Hurricane|p2a: Zapdos
|-resisted|p2a: Zapdos
|-damage|p2a: Zapdos|60/100
|-start|p2a: Zapdos|confusion
|
|upkeep
|turn|47
|-message|Crokyx forfeited.
|
|win|hypervortexreturns
|raw|Crokyx's rating: 1810 &rarr; <strong>1795</strong><br />(-15 for losing)
|raw|hypervortexreturns's rating: 1893 &rarr; <strong>1908</strong><br />(+15 for winning)
|l| Revanism
|c|☆Crokyx|Chateux de mort
|l|☆Crokyx
|l|‽hypervortexreturns
