|j|☆ayevon
|j|‽not mb
|t:|1624406671
|gametype|singles
|player|p1|ayevon|266|1936
|player|p2|not mb|#wcop2020uswest|2003
|teamsize|p1|6
|teamsize|p2|6
|gen|8
|tier|[Gen 8] OU
|rated|
|rule|Sleep Clause Mod: Limit one foe put to sleep
|rule|Species Clause: Limit one of each Pokémon
|rule|OHKO Clause: OHKO moves are banned
|rule|Evasion Moves Clause: Evasion moves are banned
|rule|Endless Battle Clause: Forcing endless battles is banned
|rule|HP Percentage Mod: HP is shown in percentages
|rule|Dynamax Clause: You cannot dynamax
|clearpoke
|poke|p1|Tyranitar, F|
|poke|p1|Excadrill, M|
|poke|p1|Garchomp, F|
|poke|p1|Kartana|
|poke|p1|Zapdos|
|poke|p1|Toxapex, F|
|poke|p2|Kyurem|
|poke|p2|Zeraora|
|poke|p2|Ferrothorn, F|
|poke|p2|Landorus-Therian, M|
|poke|p2|Rotom-Wash|
|poke|p2|Dragapult, M|
|teampreview
|j| devwin
|
|t:|1624406725
|start
|switch|p1a: Tyranitar|Tyranitar, F|100/100
|switch|p2a: Landorus|Landorus-Therian, M|100/100
|-ability|p2a: Landorus|Intimidate|boost
|-unboost|p1a: Tyranitar|atk|1
|-weather|Sandstorm|[from] ability: Sand Stream|[of] p1a: Tyranitar
|turn|1
|
|t:|1624406737
|switch|p1a: Kartana|Kartana|100/100
|move|p2a: Landorus|U-turn|p1a: Kartana
|-damage|p1a: Kartana|81/100
|
|t:|1624406781
|switch|p2a: Dragapult|Dragapult, M|100/100|[from]move: U-turn
|
|-weather|Sandstorm|[upkeep]
|-damage|p2a: Dragapult|95/100|[from] Sandstorm
|upkeep
|turn|2
|j| Awatcherofmyrek
|j| Tavo mtz
|inactive|Battle timer is ON: inactive players will automatically lose when time's up. (requested by not mb)
|
|t:|1624406805
|switch|p1a: Toxapex|Toxapex, F|100/100
|move|p2a: Dragapult|Will-O-Wisp|p1a: Toxapex|[miss]
|-miss|p2a: Dragapult|p1a: Toxapex
|
|-weather|Sandstorm|[upkeep]
|-damage|p2a: Dragapult|89/100|[from] Sandstorm
|-damage|p1a: Toxapex|95/100|[from] Sandstorm
|upkeep
|turn|3
|
|t:|1624406813
|switch|p2a: Rotom|Rotom-Wash|100/100
|move|p1a: Toxapex|Knock Off|p2a: Rotom
|-damage|p2a: Rotom|83/100
|-enditem|p2a: Rotom|Leftovers|[from] move: Knock Off|[of] p1a: Toxapex
|
|-weather|Sandstorm|[upkeep]
|-damage|p2a: Rotom|77/100|[from] Sandstorm
|-damage|p1a: Toxapex|89/100|[from] Sandstorm
|upkeep
|turn|4
|
|t:|1624406817
|move|p2a: Rotom|Will-O-Wisp|p1a: Toxapex
|-status|p1a: Toxapex|brn
|move|p1a: Toxapex|Toxic Spikes|p2a: Rotom
|-sidestart|p2: not mb|move: Toxic Spikes
|
|-weather|Sandstorm|[upkeep]
|-damage|p2a: Rotom|71/100|[from] Sandstorm
|-damage|p1a: Toxapex|83/100 brn|[from] Sandstorm
|-damage|p1a: Toxapex|77/100 brn|[from] brn
|upkeep
|turn|5
|j| Bunny Girl Mai
|
|t:|1624406834
|switch|p1a: Kartana|Kartana|81/100
|move|p2a: Rotom|Volt Switch|p1a: Kartana
|-resisted|p1a: Kartana
|-damage|p1a: Kartana|39/100
|
|t:|1624406843
|switch|p2a: Dragapult|Dragapult, M|89/100|[from]move: Volt Switch
|
|-weather|none
|upkeep
|turn|6
|j| Jolextest2
|
|t:|1624406849
|switch|p1a: Toxapex|Toxapex, F|100/100 brn
|move|p2a: Dragapult|Hex|p1a: Toxapex
|-damage|p1a: Toxapex|52/100 brn
|
|-damage|p1a: Toxapex|46/100 brn|[from] brn
|upkeep
|turn|7
|inactive|not mb has 120 seconds left.
|
|t:|1624406881
|switch|p1a: Tyranitar|Tyranitar, F|100/100
|-weather|Sandstorm|[from] ability: Sand Stream|[of] p1a: Tyranitar
|move|p2a: Dragapult|Will-O-Wisp|p1a: Tyranitar
|-status|p1a: Tyranitar|brn
|
|-weather|Sandstorm|[upkeep]
|-damage|p2a: Dragapult|83/100|[from] Sandstorm
|-damage|p1a: Tyranitar|94/100 brn|[from] brn
|upkeep
|turn|8
|j| Mitymouse11
|
|t:|1624406891
|move|p2a: Dragapult|U-turn|p1a: Tyranitar
|-supereffective|p1a: Tyranitar
|-damage|p1a: Tyranitar|64/100 brn
|j| Chaky4418
|
|t:|1624406898
|switch|p2a: Zeraora|Zeraora|100/100|[from]move: U-turn
|move|p1a: Tyranitar|Toxic|p2a: Zeraora
|-status|p2a: Zeraora|tox
|
|-weather|Sandstorm|[upkeep]
|-damage|p2a: Zeraora|95/100 tox|[from] Sandstorm
|-heal|p1a: Tyranitar|70/100 brn|[from] item: Leftovers
|-damage|p2a: Zeraora|89/100 tox|[from] psn
|-damage|p1a: Tyranitar|64/100 brn|[from] brn
|upkeep
|turn|9
|
|t:|1624406904
|move|p1a: Tyranitar|Protect|p1a: Tyranitar
|-singleturn|p1a: Tyranitar|Protect
|move|p2a: Zeraora|Knock Off|p1a: Tyranitar
|-activate|p1a: Tyranitar|move: Protect
|
|-weather|Sandstorm|[upkeep]
|-damage|p2a: Zeraora|83/100 tox|[from] Sandstorm
|-heal|p1a: Tyranitar|70/100 brn|[from] item: Leftovers
|-damage|p2a: Zeraora|71/100 tox|[from] psn
|-damage|p1a: Tyranitar|64/100 brn|[from] brn
|upkeep
|turn|10
|
|t:|1624406911
|switch|p1a: Garchomp|Garchomp, F|100/100
|move|p2a: Zeraora|Knock Off|p1a: Garchomp
|-damage|p1a: Garchomp|69/100
|-damage|p2a: Zeraora|58/100 tox|[from] ability: Rough Skin|[of] p1a: Garchomp
|-enditem|p1a: Garchomp|Leftovers|[from] move: Knock Off|[of] p2a: Zeraora
|
|-weather|Sandstorm|[upkeep]
|-damage|p2a: Zeraora|52/100 tox|[from] Sandstorm
|-damage|p2a: Zeraora|34/100 tox|[from] psn
|upkeep
|turn|11
|inactive|not mb has 120 seconds left.
|inactive|not mb has 90 seconds left.
|
|t:|1624406975
|switch|p1a: Zapdos|Zapdos|100/100
|-ability|p1a: Zapdos|Pressure
|move|p2a: Zeraora|Knock Off|p1a: Zapdos
|-damage|p1a: Zapdos|61/100
|-enditem|p1a: Zapdos|Heavy-Duty Boots|[from] move: Knock Off|[of] p2a: Zeraora
|
|-weather|none
|-damage|p2a: Zeraora|10/100 tox|[from] psn
|upkeep
|turn|12
|inactive|not mb has 90 seconds left.
|
|t:|1624406991
|switch|p2a: Rotom|Rotom-Wash|71/100
|switch|p1a: Garchomp|Garchomp, F|69/100
|
|upkeep
|turn|13
|
|t:|1624406996
|move|p1a: Garchomp|Substitute|p1a: Garchomp
|-start|p1a: Garchomp|Substitute
|-damage|p1a: Garchomp|44/100
|move|p2a: Rotom|Hydro Pump|p1a: Garchomp
|-end|p1a: Garchomp|Substitute
|
|upkeep
|turn|14
|
|t:|1624407005
|move|p1a: Garchomp|Scale Shot|p2a: Rotom
|-damage|p2a: Rotom|56/100
|-damage|p2a: Rotom|41/100
|-damage|p2a: Rotom|26/100
|-damage|p2a: Rotom|12/100
|-damage|p2a: Rotom|0 fnt
|faint|p2a: Rotom
|-hitcount|p2: Rotom|5
|-unboost|p1a: Garchomp|def|1
|-boost|p1a: Garchomp|spe|1
|
|upkeep
|
|t:|1624407018
|switch|p2a: Landorus|Landorus-Therian, M|100/100
|-ability|p2a: Landorus|Intimidate|boost
|-unboost|p1a: Garchomp|atk|1
|turn|15
|l| Chaky4418
|j| Dr1llSargent
|
|t:|1624407044
|switch|p1a: Toxapex|Toxapex, F|79/100 brn
|move|p2a: Landorus|Defog|p1a: Toxapex
|-unboost|p1a: Toxapex|evasion|1
|-sideend|p2: not mb|Toxic Spikes|[from] move: Defog|[of] p2a: Landorus
|
|-damage|p1a: Toxapex|73/100 brn|[from] brn
|upkeep
|turn|16
|
|t:|1624407060
|move|p2a: Landorus|U-turn|p1a: Toxapex
|-resisted|p1a: Toxapex
|-damage|p1a: Toxapex|67/100 brn
|-damage|p2a: Landorus|84/100|[from] item: Rocky Helmet|[of] p1a: Toxapex
|
|t:|1624407062
|switch|p2a: Kyurem|Kyurem|100/100|[from]move: U-turn
|-ability|p2a: Kyurem|Pressure
|move|p1a: Toxapex|Scald|p2a: Kyurem
|-resisted|p2a: Kyurem
|-damage|p2a: Kyurem|94/100
|
|-damage|p1a: Toxapex|61/100 brn|[from] brn
|upkeep
|turn|17
|
|t:|1624407069
|switch|p1a: Tyranitar|Tyranitar, F|64/100 brn
|-weather|Sandstorm|[from] ability: Sand Stream|[of] p1a: Tyranitar
|move|p2a: Kyurem|Freeze-Dry|p1a: Tyranitar
|-damage|p1a: Tyranitar|42/100 brn
|
|-weather|Sandstorm|[upkeep]
|-damage|p2a: Kyurem|87/100|[from] Sandstorm
|-heal|p1a: Tyranitar|48/100 brn|[from] item: Leftovers
|-damage|p1a: Tyranitar|42/100 brn|[from] brn
|upkeep
|turn|18
|j| taymar keith
|
|t:|1624407088
|switch|p2a: Ferrothorn|Ferrothorn, F|100/100
|move|p1a: Tyranitar|Stealth Rock|p2a: Ferrothorn
|-sidestart|p2: not mb|move: Stealth Rock
|
|-weather|Sandstorm|[upkeep]
|-heal|p1a: Tyranitar|48/100 brn|[from] item: Leftovers
|-damage|p1a: Tyranitar|42/100 brn|[from] brn
|upkeep
|turn|19
|
|t:|1624407111
|switch|p1a: Zapdos|Zapdos|61/100
|-ability|p1a: Zapdos|Pressure
|move|p2a: Ferrothorn|Spikes|p1a: Zapdos
|-sidestart|p1: ayevon|Spikes
|
|-weather|Sandstorm|[upkeep]
|-damage|p1a: Zapdos|55/100|[from] Sandstorm
|upkeep
|turn|20
|
|t:|1624407124
|switch|p2a: Kyurem|Kyurem|87/100
|-damage|p2a: Kyurem|63/100|[from] Stealth Rock
|-ability|p2a: Kyurem|Pressure
|move|p1a: Zapdos|Hurricane|p2a: Kyurem|[miss]
|-miss|p1a: Zapdos|p2a: Kyurem
|
|-weather|Sandstorm|[upkeep]
|-damage|p1a: Zapdos|49/100|[from] Sandstorm
|-damage|p2a: Kyurem|57/100|[from] Sandstorm
|upkeep
|turn|21
|inactive|ayevon has 120 seconds left.
|
|t:|1624407152
|move|p1a: Zapdos|Roost|p1a: Zapdos
|-heal|p1a: Zapdos|99/100
|-singleturn|p1a: Zapdos|move: Roost
|move|p2a: Kyurem|Freeze-Dry|p1a: Zapdos
|-damage|p1a: Zapdos|37/100
|
|-weather|none
|upkeep
|turn|22
|
|t:|1624407158
|switch|p1a: Tyranitar|Tyranitar, F|42/100 brn
|-damage|p1a: Tyranitar|30/100 brn|[from] Spikes
|-weather|Sandstorm|[from] ability: Sand Stream|[of] p1a: Tyranitar
|move|p2a: Kyurem|Freeze-Dry|p1a: Tyranitar
|-damage|p1a: Tyranitar|8/100 brn
|
|-weather|Sandstorm|[upkeep]
|-damage|p2a: Kyurem|50/100|[from] Sandstorm
|-heal|p1a: Tyranitar|14/100 brn|[from] item: Leftovers
|-damage|p1a: Tyranitar|8/100 brn|[from] brn
|upkeep
|turn|23
|l| Jolextest2
|j| Jolextest2
|inactive|not mb has 90 seconds left.
|
|t:|1624407192
|switch|p2a: Ferrothorn|Ferrothorn, F|100/100
|-damage|p2a: Ferrothorn|94/100|[from] Stealth Rock
|switch|p1a: Excadrill|Excadrill, M|100/100
|-damage|p1a: Excadrill|88/100|[from] Spikes
|
|-weather|Sandstorm|[upkeep]
|-heal|p1a: Excadrill|94/100|[from] item: Leftovers
|-heal|p2a: Ferrothorn|100/100|[from] item: Leftovers
|upkeep
|turn|24
|inactive|not mb has 90 seconds left.
|j| Zombini62
|l| Jolextest2
|inactive|ayevon has 120 seconds left.
|
|t:|1624407216
|move|p1a: Excadrill|Swords Dance|p1a: Excadrill
|-boost|p1a: Excadrill|atk|2
|move|p2a: Ferrothorn|Knock Off|p1a: Excadrill
|-damage|p1a: Excadrill|63/100
|-enditem|p1a: Excadrill|Leftovers|[from] move: Knock Off|[of] p2a: Ferrothorn
|
|-weather|Sandstorm|[upkeep]
|upkeep
|turn|25
|inactive|ayevon has 120 seconds left.
|
|t:|1624407244
|move|p1a: Excadrill|Earthquake|p2a: Ferrothorn
|-damage|p2a: Ferrothorn|19/100
|move|p2a: Ferrothorn|Leech Seed|p1a: Excadrill
|-start|p1a: Excadrill|move: Leech Seed
|
|-weather|Sandstorm|[upkeep]
|-heal|p2a: Ferrothorn|25/100|[from] item: Leftovers
|-damage|p1a: Excadrill|51/100|[from] Leech Seed|[of] p2a: Ferrothorn
|-heal|p2a: Ferrothorn|38/100|[silent]
|upkeep
|turn|26
|inactive|not mb has 60 seconds left.
|j| hfeath
|inactive|not mb has 30 seconds left.
|l| Mitymouse11
|inactive|not mb has 20 seconds left.
|l| Bunny Girl Mai
|inactive|not mb has 15 seconds left.
|
|t:|1624407308
|switch|p1a: Zapdos|Zapdos|37/100
|-ability|p1a: Zapdos|Pressure
|move|p2a: Ferrothorn|Leech Seed|p1a: Zapdos
|-start|p1a: Zapdos|move: Leech Seed
|
|-weather|none
|-heal|p2a: Ferrothorn|44/100|[from] item: Leftovers
|-damage|p1a: Zapdos|24/100|[from] Leech Seed|[of] p2a: Ferrothorn
|-heal|p2a: Ferrothorn|55/100|[silent]
|upkeep
|turn|27
|inactive|not mb has 25 seconds left this turn.
|inactive|not mb has 20 seconds left.
|inactive|not mb has 15 seconds left.
|j| Bunny Girl Mai
|j| Mitymouse11
|
|t:|1624407319
|switch|p2a: Landorus|Landorus-Therian, M|84/100
|-damage|p2a: Landorus|72/100|[from] Stealth Rock
|-ability|p2a: Landorus|Intimidate|boost
|-unboost|p1a: Zapdos|atk|1
|move|p1a: Zapdos|Hurricane|p2a: Landorus
|-damage|p2a: Landorus|7/100
|
|-heal|p2a: Landorus|13/100|[from] item: Leftovers
|-damage|p1a: Zapdos|12/100|[from] Leech Seed|[of] p2a: Landorus
|-heal|p2a: Landorus|24/100|[silent]
|upkeep
|turn|28
|inactive|not mb has 25 seconds left this turn.
|inactive|not mb has 20 seconds left.
|inactive|not mb has 15 seconds left.
|inactive|not mb has 10 seconds left.
|
|t:|1624407336
|move|p1a: Zapdos|Hurricane|p2a: Landorus
|-damage|p2a: Landorus|0 fnt
|faint|p2a: Landorus
|
|upkeep
|inactive|not mb has 15 seconds left this turn.
|
|t:|1624407339
|switch|p2a: Dragapult|Dragapult, M|83/100
|turn|29
|inactive|not mb has 25 seconds left this turn.
|inactive|not mb has 20 seconds left.
|
|t:|1624407346
|switch|p1a: Tyranitar|Tyranitar, F|8/100 brn
|-damage|p1a: Tyranitar|0 fnt|[from] Spikes
|faint|p1a: Tyranitar
|move|p2a: Dragapult|Hex|p1: Tyranitar|[notarget]
|-fail|p2a: Dragapult
|
|upkeep
|inactive|not mb has 25 seconds left this turn.
|
|t:|1624407357
|switch|p1a: Excadrill|Excadrill, M|51/100
|-damage|p1a: Excadrill|38/100|[from] Spikes
|turn|30
|inactive|not mb has 30 seconds left.
|
|t:|1624407365
|move|p2a: Dragapult|U-turn|p1a: Excadrill
|-resisted|p1a: Excadrill
|-damage|p1a: Excadrill|25/100
|
|t:|1624407367
|switch|p2a: Zeraora|Zeraora|10/100 tox|[from]move: U-turn
|move|p1a: Excadrill|Earthquake|p2a: Zeraora
|-supereffective|p2a: Zeraora
|-damage|p2a: Zeraora|0 fnt
|faint|p2a: Zeraora
|
|upkeep
|
|t:|1624407369
|switch|p2a: Dragapult|Dragapult, M|83/100
|turn|31
|j| Calico S
|
|t:|1624407378
|move|p2a: Dragapult|Hex|p1a: Excadrill
|-damage|p1a: Excadrill|0 fnt
|faint|p1a: Excadrill
|
|upkeep
|
|t:|1624407379
|switch|p1a: Toxapex|Toxapex, F|95/100 brn
|-damage|p1a: Toxapex|82/100 brn|[from] Spikes
|turn|32
|inactive|not mb has 60 seconds left.
|
|t:|1624407385
|move|p2a: Dragapult|Hex|p1a: Toxapex
|-damage|p1a: Toxapex|35/100 brn
|move|p1a: Toxapex|Scald|p2a: Dragapult
|-resisted|p2a: Dragapult
|-damage|p2a: Dragapult|73/100
|-status|p2a: Dragapult|brn
|
|-damage|p2a: Dragapult|67/100 brn|[from] brn
|-damage|p1a: Toxapex|30/100 brn|[from] brn
|upkeep
|turn|33
|
|t:|1624407392
|switch|p1a: Kartana|Kartana|39/100
|-damage|p1a: Kartana|27/100|[from] Spikes
|move|p2a: Dragapult|Hex|p1a: Kartana
|-damage|p1a: Kartana|0 fnt
|faint|p1a: Kartana
|
|-damage|p2a: Dragapult|61/100 brn|[from] brn
|upkeep
|
|t:|1624407394
|switch|p1a: Toxapex|Toxapex, F|63/100 brn
|-damage|p1a: Toxapex|51/100 brn|[from] Spikes
|turn|34
|
|t:|1624407401
|switch|p1a: Garchomp|Garchomp, F|44/100
|-damage|p1a: Garchomp|31/100|[from] Spikes
|move|p2a: Dragapult|Hex|p1a: Garchomp
|-damage|p1a: Garchomp|0 fnt
|faint|p1a: Garchomp
|
|-damage|p2a: Dragapult|55/100 brn|[from] brn
|upkeep
|
|t:|1624407405
|switch|p1a: Toxapex|Toxapex, F|84/100 brn
|-damage|p1a: Toxapex|72/100 brn|[from] Spikes
|turn|35
|j| banhmisaigon
|
|t:|1624407413
|switch|p1a: Zapdos|Zapdos|12/100
|-ability|p1a: Zapdos|Pressure
|move|p2a: Dragapult|U-turn|p1a: Zapdos
|-resisted|p1a: Zapdos
|-damage|p1a: Zapdos|6/100
|
|t:|1624407420
|switch|p2a: Kyurem|Kyurem|50/100|[from]move: U-turn
|-damage|p2a: Kyurem|26/100|[from] Stealth Rock
|-ability|p2a: Kyurem|Pressure
|
|upkeep
|turn|36
|
|t:|1624407422
|move|p1a: Zapdos|Hurricane|p2a: Kyurem|[miss]
|-miss|p1a: Zapdos|p2a: Kyurem
|move|p2a: Kyurem|Freeze-Dry|p1a: Zapdos
|-supereffective|p1a: Zapdos
|-damage|p1a: Zapdos|0 fnt
|faint|p1a: Zapdos
|
|upkeep
|-message|ayevon forfeited.
|
|win|not mb
|raw|ayevon's rating: 1911 &rarr; <strong>1896</strong><br />(-15 for losing)
|raw|not mb's rating: 2003 &rarr; <strong>2018</strong><br />(+15 for winning)
|l|☆ayevon
|l| devwin
|l|‽not mb
|l| Dr1llSargent
|l| Tavo mtz
|l| Mitymouse11
