|html|<div class="broadcast-blue"><strong>[Gen 8] OU is currently suspecting Melmetal! For information on how to participate check out the <a href="https://www.smogon.com/forums/threads/np-ss-ou-suspect-process-round-12-monster-mash.3709234/">suspect thread</a>.</strong></div>
|j|☆Forwards
|j|☆outdsmoolicthe3rd
|inactive|Battle timer is ON: inactive players will automatically lose when time's up.
|t:|1666721046
|gametype|singles
|player|p1|Forwards|rollerskater|
|player|p2|outdsmoolicthe3rd|clemont|
|teamsize|p1|6
|teamsize|p2|6
|gen|8
|tier|[Gen 8] OU
|rated|Tournament battle
|rule|Sleep Clause Mod: Limit one foe put to sleep
|rule|Species Clause: Limit one of each Pokémon
|rule|OHKO Clause: OHKO moves are banned
|rule|Evasion Items Clause: Evasion items are banned
|rule|Evasion Moves Clause: Evasion moves are banned
|rule|Endless Battle Clause: Forcing endless battles is banned
|rule|HP Percentage Mod: HP is shown in percentages
|rule|Dynamax Clause: You cannot dynamax
|clearpoke
|poke|p1|Tapu Koko|
|poke|p1|Moltres-Galar|
|poke|p1|Hawlucha, F|
|poke|p1|Registeel|
|poke|p1|Mew|
|poke|p1|Landorus-Therian, M|
|poke|p2|Psyduck, L99, M|
|poke|p2|Pelipper, M|
|poke|p2|Barraskewda, M|
|poke|p2|Zapdos|
|poke|p2|Ferrothorn, F|
|poke|p2|Garchomp, M|
|teampreview
|inactive|outdsmoolicthe3rd also wants the timer to be on.
|j|@Sww-Suwa
|c|☆outdsmoolicthe3rd|glhf
|j| cypherstest
|c|☆Forwards|gl
|j| 0zorcNecropHADES
|j| Therewasthebite
|j| GoatNoir
|j| siidi
|j| MusicMadeMeBroke
|j| SURF GANG BITCH
|c| GoatNoir|enton lol
|c| Therewasthebite|Mewbuis sweep
|c| SURF GANG BITCH|why this tour
|c| SURF GANG BITCH|take 10 years
|c| GoatNoir|registeel lol
|
|t:|1666721072
|start
|switch|p1a: Landorus|Landorus-Therian, M|100/100
|switch|p2a: Why the kid here|Pelipper, M|100/100
|-ability|p1a: Landorus|Intimidate|boost
|-unboost|p2a: Why the kid here|atk|1
|-weather|RainDance|[from] ability: Drizzle|[of] p2a: Why the kid here
|turn|1
|j| ASNUFSANGU
|
|t:|1666721076
|move|p1a: Landorus|Stealth Rock|p2a: Why the kid here
|-sidestart|p2: outdsmoolicthe3rd|move: Stealth Rock
|move|p2a: Why the kid here|U-turn|p1a: Landorus
|-resisted|p1a: Landorus
|-damage|p1a: Landorus|97/100
|c| 0zorcNecropHADES|Psyduck !
|c| 0zorcNecropHADES|lol
|c|@Sww-Suwa|tuff mu
|j| Kerthwack
|j| knexhawk2
|
|t:|1666721085
|switch|p2a: Whose kid is that|Barraskewda, M|100/100|[from]move: U-turn
|-damage|p2a: Whose kid is that|88/100|[from] Stealth Rock
|
|-weather|RainDance|[upkeep]
|upkeep
|turn|2
|j| zeeLitium
|c| ASNUFSANGU|the kid is back at it again
|j|#pastagirl
|
|t:|1666721088
|move|p2a: Whose kid is that|Liquidation|p1a: Landorus
|-supereffective|p1a: Landorus
|-damage|p1a: Landorus|0 fnt
|faint|p1a: Landorus
|
|-weather|RainDance|[upkeep]
|upkeep
|c| knexhawk2|no way
|
|t:|1666721090
|switch|p1a: Tapu Koko|Tapu Koko|100/100
|-fieldstart|move: Electric Terrain|[from] ability: Electric Surge|[of] p1a: Tapu Koko
|turn|3
|c| knexhawk2|what does that thing
|c| knexhawk2|do
|c|☆outdsmoolicthe3rd|da kid is back at it again
|c| knexhawk2|bro this does not live
|c|☆outdsmoolicthe3rd|it wins you games
|c| Therewasthebite|Psyduck Sweep
|j| poopeatersociety
|j| Stads
|
|t:|1666721111
|switch|p1a: Moltres|Moltres-Galar|100/100
|move|p2a: Whose kid is that|Liquidation|p1a: Moltres
|-damage|p1a: Moltres|0 fnt
|faint|p1a: Moltres
|
|-weather|RainDance|[upkeep]
|upkeep
|
|t:|1666721113
|switch|p1a: Hawlucha|Hawlucha, F|100/100
|-enditem|p1a: Hawlucha|Electric Seed
|-boost|p1a: Hawlucha|def|1|[from] item: Electric Seed
|turn|4
|j| MattSmith1
|
|t:|1666721122
|move|p2a: Whose kid is that|Liquidation|p1a: Hawlucha
|-damage|p1a: Hawlucha|3/100
|-unboost|p1a: Hawlucha|def|1
|move|p1a: Hawlucha|Acrobatics|p2a: Whose kid is that
|-damage|p2a: Whose kid is that|0 fnt
|faint|p2a: Whose kid is that
|
|-weather|RainDance|[upkeep]
|upkeep
|j| Adopted
|
|t:|1666721127
|switch|p2a: Not mine man|Zapdos|100/100
|turn|5
|c| siidi|oh my
|
|t:|1666721130
|move|p1a: Hawlucha|Close Combat|p2a: Not mine man
|-resisted|p2a: Not mine man
|-damage|p2a: Not mine man|67/100
|-unboost|p1a: Hawlucha|def|1
|-unboost|p1a: Hawlucha|spd|1
|move|p2a: Not mine man|Thunder|p1a: Hawlucha
|-supereffective|p1a: Hawlucha
|-damage|p1a: Hawlucha|0 fnt
|faint|p1a: Hawlucha
|
|-weather|RainDance|[upkeep]
|upkeep
|c| ASNUFSANGU|lmao man brought a team 6-0'd by rain
|l| Adopted
|
|t:|1666721134
|switch|p1a: Tapu Koko|Tapu Koko|100/100
|turn|6
|j| zaydapoketrainer
|l| GoatNoir
|l| zaydapoketrainer
|c| knexhawk2|water resist check
|c| Therewasthebite|Rip
|c|@Sww-Suwa|idt you understand how bad this mu is
|j| ViviCetus
|c|☆outdsmoolicthe3rd|i can still lose
|c|☆outdsmoolicthe3rd|to screens
|c|@Sww-Suwa|but for the rain
|c| knexhawk2|how
|c| knexhawk2|send out psyduck
|c|☆outdsmoolicthe3rd|yea
|j| g2 fyssure
|c| knexhawk2|send him in
|inactive|outdsmoolicthe3rd has 120 seconds left.
|
|t:|1666721164
|switch|p2a: the kid|Psyduck, L99, M|100/100
|-damage|p2a: the kid|88/100|[from] Stealth Rock
|move|p1a: Tapu Koko|Light Screen|p1a: Tapu Koko
|-sidestart|p1: Forwards|move: Light Screen
|
|-weather|RainDance|[upkeep]
|upkeep
|turn|7
|c|#pastagirl|at least make ur lucha edge Forwards
|
|t:|1666721169
|move|p2a: the kid|Hydro Pump|p1a: Tapu Koko
|-damage|p1a: Tapu Koko|42/100
|move|p1a: Tapu Koko|Taunt|p2a: the kid
|-start|p2a: the kid|move: Taunt
|
|-weather|RainDance|[upkeep]
|-fieldend|move: Electric Terrain
|upkeep
|turn|8
|c| Therewasthebite|We need the duck
|c| knexhawk2|holy fuck
|c| knexhawk2|that did
|c| ASNUFSANGU|you fool
|c| knexhawk2|a lot
|
|t:|1666721176
|switch|p2a: Don't look at me|Ferrothorn, F|100/100
|-damage|p2a: Don't look at me|95/100|[from] Stealth Rock
|move|p1a: Tapu Koko|Reflect|p1a: Tapu Koko
|-sidestart|p1: Forwards|Reflect
|
|-weather|none
|-heal|p2a: Don't look at me|100/100|[from] item: Leftovers
|upkeep
|turn|9
|c| g2 fyssure|yoooooo
|j| 3ch09
|
|t:|1666721181
|move|p1a: Tapu Koko|Taunt|p2a: Don't look at me
|-start|p2a: Don't look at me|move: Taunt
|cant|p2a: Don't look at me|move: Taunt|Stealth Rock
|
|upkeep
|turn|10
|
|t:|1666721183
|move|p1a: Tapu Koko|U-turn|p2a: Don't look at me
|-damage|p2a: Don't look at me|86/100
|-damage|p1a: Tapu Koko|29/100|[from] ability: Iron Barbs|[of] p2a: Don't look at me
|c| knexhawk2|why did that do so much
|
|t:|1666721186
|switch|p1a: Mew|Mew|100/100|[from]move: U-turn
|move|p2a: Don't look at me|Knock Off|p1a: Mew
|-supereffective|p1a: Mew
|-damage|p1a: Mew|79/100
|-enditem|p1a: Mew|Life Orb|[from] move: Knock Off|[of] p2a: Don't look at me
|
|-heal|p2a: Don't look at me|92/100|[from] item: Leftovers
|upkeep
|turn|11
|j| ik u have homework
|c|☆outdsmoolicthe3rd|why are you suprised?
|c|☆outdsmoolicthe3rd|its dk kid
|c| ik u have homework|i just joined
|
|t:|1666721206
|switch|p2a: Why the kid here|Pelipper, M|100/100
|-damage|p2a: Why the kid here|76/100|[from] Stealth Rock
|-weather|RainDance|[from] ability: Drizzle|[of] p2a: Why the kid here
|move|p1a: Mew|Dragon Dance|p1a: Mew
|-boost|p1a: Mew|atk|1
|-boost|p1a: Mew|spe|1
|
|-weather|RainDance|[upkeep]
|upkeep
|turn|12
|c| ASNUFSANGU|honestly I think staying in with bara was the wrong play
|c| ik u have homework|why is there a psyduck
|c| knexhawk2|prob but peli eats one
|j| Melophetamine
|j|+blooclipse
|
|t:|1666721216
|move|p1a: Mew|Dragon Dance|p1a: Mew
|-boost|p1a: Mew|atk|1
|-boost|p1a: Mew|spe|1
|move|p2a: Why the kid here|U-turn|p1a: Mew
|-supereffective|p1a: Mew
|-damage|p1a: Mew|70/100
|c| SURF GANG BITCH|the dance of dragons
|
|t:|1666721221
|switch|p2a: Not mine man|Zapdos|67/100|[from]move: U-turn
|
|-weather|RainDance|[upkeep]
|upkeep
|turn|13
|
|t:|1666721225
|move|p1a: Mew|Ice Punch|p2a: Not mine man
|-supereffective|p2a: Not mine man
|-damage|p2a: Not mine man|0 fnt
|faint|p2a: Not mine man
|
|-weather|RainDance|[upkeep]
|-sideend|p1: Forwards|move: Light Screen
|upkeep
|c| siidi|why not
|c| knexhawk2|this getting fucked
|c|☆outdsmoolicthe3rd|yea i lose now
|j| ScorchaBW2
|c| ASNUFSANGU|I think thats game rip
|c| 0zorcNecropHADES|ah
|c| 0zorcNecropHADES|ggs
|
|t:|1666721234
|switch|p2a: Don't look at me|Ferrothorn, F|92/100
|-damage|p2a: Don't look at me|86/100|[from] Stealth Rock
|turn|14
|
|t:|1666721236
|move|p1a: Mew|Drain Punch|p2a: Don't look at me
|-supereffective|p2a: Don't look at me
|-damage|p2a: Don't look at me|17/100
|-heal|p1a: Mew|100/100|[from] drain|[of] p2a: Don't look at me
|-damage|p1a: Mew|88/100|[from] ability: Iron Barbs|[of] p2a: Don't look at me
|move|p2a: Don't look at me|Leech Seed|p1a: Mew|[miss]
|-miss|p2a: Don't look at me|p1a: Mew
|
|-weather|RainDance|[upkeep]
|-heal|p2a: Don't look at me|23/100|[from] item: Leftovers
|upkeep
|turn|15
|l| ScorchaBW2
|c| ik u have homework|cloud nine psyduck on rain :DD
|
|t:|1666721242
|move|p1a: Mew|Drain Punch|p2a: Don't look at me
|-supereffective|p2a: Don't look at me
|-damage|p2a: Don't look at me|0 fnt
|-heal|p1a: Mew|99/100|[from] drain|[of] p2a: Don't look at me
|-damage|p1a: Mew|88/100|[from] ability: Iron Barbs|[of] p2a: Don't look at me
|faint|p2a: Don't look at me
|
|-weather|RainDance|[upkeep]
|-sideend|p1: Forwards|Reflect
|upkeep
|c| g2 fyssure|tp?
|c| knexhawk2|bulky dd mew
|
|t:|1666721249
|switch|p2a: the kid|Psyduck, L99, M|88/100
|-damage|p2a: the kid|76/100|[from] Stealth Rock
|turn|16
|c| knexhawk2|interesting
|
|t:|1666721253
|move|p1a: Mew|Psychic Fangs|p2a: the kid
|-damage|p2a: the kid|0 fnt
|faint|p2a: the kid
|
|-weather|RainDance|[upkeep]
|upkeep
|c|☆outdsmoolicthe3rd|gg
|c| Therewasthebite|DUCK
|c|☆Forwards|gg
|
|t:|1666721257
|switch|p2a: Why the kid here|Pelipper, M|76/100
|-damage|p2a: Why the kid here|51/100|[from] Stealth Rock
|turn|17
|c| knexhawk2|dead
|
|t:|1666721259
|move|p1a: Mew|Psychic Fangs|p2a: Why the kid here
|-damage|p2a: Why the kid here|0 fnt
|faint|p2a: Why the kid here
|
|-weather|RainDance|[upkeep]
|upkeep
|l| knexhawk2
|l|+blooclipse
|c|☆outdsmoolicthe3rd|yea i had a feeling
|
|t:|1666721265
|switch|p2a: I'm a shark...|Garchomp, M|100/100
|-damage|p2a: I'm a shark...|94/100|[from] Stealth Rock
|turn|18
|l| 3ch09
|l| Stads
|
|t:|1666721269
|move|p1a: Mew|Ice Punch|p2a: I'm a shark...
|-supereffective|p2a: I'm a shark...
|-damage|p2a: I'm a shark...|0 fnt
|-damage|p1a: Mew|75/100|[from] ability: Rough Skin|[of] p2a: I'm a shark...
|faint|p2a: I'm a shark...
|
|win|Forwards
|n|☆Forwards|forwards
|n|☆outdsmoolicthe3rd|outdsmoolicthe3rd
|n| Sww-Suwa|swwsuwa
|n| cypherstest|cypherstest
|n| 0zorcNecropHADES|0zorcnecrophades
|n| Therewasthebite|therewasthebite
|n| siidi|siidi
|n| MusicMadeMeBroke|musicmademebroke
|n| SURF GANG BITCH|surfgangbitch
|n| ASNUFSANGU|asnufsangu
|n| Kerthwack|kerthwack
|n| zeeLitium|zeelitium
|n|+pastagirl|pastagirl
|n| poopeatersociety|poopeatersociety
|n| MattSmith1|mattsmith1
|n| ViviCetus|vivicetus
|n| g2 fyssure|g2fyssure
|n| ik u have homework|ikuhavehomework
|n| Melophetamine|melophetamine
