|j|☆ChandosH
|j|‽TallGuyTbh
|t:|1667956408
|gametype|singles
|player|p1|ChandosH|n-masters|1768
|player|p2|TallGuyTbh|gentleman-gen4|1713
|teamsize|p1|6
|teamsize|p2|6
|gen|8
|tier|[Gen 8] OU
|rated|
|rule|Sleep Clause Mod: Limit one foe put to sleep
|rule|Species Clause: Limit one of each Pokémon
|rule|OHKO Clause: OHKO moves are banned
|rule|Evasion Items Clause: Evasion items are banned
|rule|Evasion Moves Clause: Evasion moves are banned
|rule|Endless Battle Clause: Forcing endless battles is banned
|rule|HP Percentage Mod: HP is shown in percentages
|rule|Dynamax Clause: You cannot dynamax
|clearpoke
|poke|p1|Tyranitar, F|
|poke|p1|Excadrill, M|
|poke|p1|Slowbro, F|
|poke|p1|Tornadus-Therian, M|
|poke|p1|Buzzwole|
|poke|p1|Heatran, F|
|poke|p2|Tapu Lele|
|poke|p2|Hawlucha, F|
|poke|p2|Volcarona, M|
|poke|p2|Garchomp, M|
|poke|p2|Hatterene, F|
|poke|p2|Weavile, M|
|teampreview
|inactive|Battle timer is ON: inactive players will automatically lose when time's up. (requested by TallGuyTbh)
|inactive|ChandosH has 120 seconds left.
|inactive|ChandosH has 90 seconds left.
|
|t:|1667956484
|start
|switch|p1a: Tyranitar|Tyranitar, F|100/100
|switch|p2a: Hatterene|Hatterene, F, shiny|100/100
|-weather|Sandstorm|[from] ability: Sand Stream|[of] p1a: Tyranitar
|turn|1
|
|t:|1667956504
|switch|p1a: Heatran|Heatran, F|100/100
|move|p2a: Hatterene|Dazzling Gleam|p1a: Heatran
|-resisted|p1a: Heatran
|-damage|p1a: Heatran|88/100
|
|-weather|Sandstorm|[upkeep]
|-damage|p2a: Hatterene|95/100|[from] Sandstorm
|-heal|p1a: Heatran|95/100|[from] item: Leftovers
|upkeep
|turn|2
|j| choppahstoppah
|inactive|TallGuyTbh has 120 seconds left.
|
|t:|1667956550
|switch|p2a: Garchomp|Garchomp, M|100/100
|move|p1a: Heatran|Magma Storm|p2a: Garchomp|[miss]
|-miss|p1a: Heatran|p2a: Garchomp
|
|-weather|Sandstorm|[upkeep]
|-heal|p1a: Heatran|100/100|[from] item: Leftovers
|upkeep
|turn|3
|inactive|TallGuyTbh has 90 seconds left.
|
|t:|1667956581
|switch|p1a: Buzzwole|Buzzwole|100/100
|move|p2a: Garchomp|Scale Shot|p1a: Buzzwole
|-damage|p1a: Buzzwole|93/100
|-damage|p1a: Buzzwole|86/100
|-damage|p1a: Buzzwole|79/100
|-hitcount|p1a: Buzzwole|3
|-unboost|p2a: Garchomp|def|1
|-boost|p2a: Garchomp|spe|1
|
|-weather|Sandstorm|[upkeep]
|-damage|p1a: Buzzwole|73/100|[from] Sandstorm
|upkeep
|turn|4
|
|t:|1667956592
|move|p2a: Garchomp|Fire Fang|p1a: Buzzwole
|-supereffective|p1a: Buzzwole
|-damage|p1a: Buzzwole|49/100
|-damage|p2a: Garchomp|84/100|[from] item: Rocky Helmet|[of] p1a: Buzzwole
|move|p1a: Buzzwole|Roost|p1a: Buzzwole
|-heal|p1a: Buzzwole|99/100
|-singleturn|p1a: Buzzwole|move: Roost
|
|-weather|Sandstorm|[upkeep]
|-damage|p1a: Buzzwole|93/100|[from] Sandstorm
|upkeep
|turn|5
|
|t:|1667956600
|move|p2a: Garchomp|Swords Dance|p2a: Garchomp
|-boost|p2a: Garchomp|atk|2
|move|p1a: Buzzwole|Toxic|p2a: Garchomp
|-status|p2a: Garchomp|tox
|-enditem|p2a: Garchomp|Lum Berry|[eat]
|-curestatus|p2a: Garchomp|tox|[msg]
|
|-weather|none
|upkeep
|turn|6
|
|t:|1667956610
|move|p2a: Garchomp|Fire Fang|p1a: Buzzwole
|-supereffective|p1a: Buzzwole
|-damage|p1a: Buzzwole|45/100
|-damage|p2a: Garchomp|67/100|[from] item: Rocky Helmet|[of] p1a: Buzzwole
|move|p1a: Buzzwole|Ice Punch|p2a: Garchomp
|-supereffective|p2a: Garchomp
|-damage|p2a: Garchomp|0 fnt
|-damage|p1a: Buzzwole|33/100|[from] ability: Rough Skin|[of] p2a: Garchomp
|faint|p2a: Garchomp
|-ability|p1a: Buzzwole|Beast Boost|boost
|-boost|p1a: Buzzwole|def|1
|
|upkeep
|inactive|TallGuyTbh has 90 seconds left.
|
|t:|1667956627
|switch|p2a: Tapu Lele|Tapu Lele|100/100
|-fieldstart|move: Psychic Terrain|[from] ability: Psychic Surge|[of] p2a: Tapu Lele
|turn|7
|
|t:|1667956640
|switch|p2a: Hawlucha|Hawlucha, F|100/100
|-enditem|p2a: Hawlucha|Psychic Seed
|-boost|p2a: Hawlucha|spd|1|[from] item: Psychic Seed
|switch|p1a: Heatran|Heatran, F|100/100
|
|upkeep
|turn|8
|
|t:|1667956660
|move|p2a: Hawlucha|Swords Dance|p2a: Hawlucha
|-boost|p2a: Hawlucha|atk|2
|move|p1a: Heatran|Magma Storm|p2a: Hawlucha
|-damage|p2a: Hawlucha|40/100
|-activate|p2a: Hawlucha|move: Magma Storm|[of] p1a: Heatran
|
|-damage|p2a: Hawlucha|27/100|[from] move: Magma Storm|[partiallytrapped]
|upkeep
|turn|9
|
|t:|1667956672
|switch|p1a: Slowbro|Slowbro, F|100/100
|move|p2a: Hawlucha|Close Combat|p1a: Slowbro
|-resisted|p1a: Slowbro
|-damage|p1a: Slowbro|70/100
|-unboost|p2a: Hawlucha|def|1
|-unboost|p2a: Hawlucha|spd|1
|-damage|p2a: Hawlucha|11/100|[from] item: Rocky Helmet|[of] p1a: Slowbro
|
|-end|p2a: Hawlucha|Magma Storm|[partiallytrapped]|[silent]
|upkeep
|turn|10
|
|t:|1667956684
|move|p2a: Hawlucha|Acrobatics|p1a: Slowbro
|-damage|p1a: Slowbro|18/100
|-damage|p2a: Hawlucha|0 fnt|[from] item: Rocky Helmet|[of] p1a: Slowbro
|faint|p2a: Hawlucha
|move|p1a: Slowbro|Slack Off|p1a: Slowbro
|-heal|p1a: Slowbro|68/100
|
|upkeep
|
|t:|1667956688
|switch|p2a: Volcarona|Volcarona, M|100/100
|turn|11
|
|t:|1667956693
|move|p2a: Volcarona|Quiver Dance|p2a: Volcarona
|-boost|p2a: Volcarona|spa|1
|-boost|p2a: Volcarona|spd|1
|-boost|p2a: Volcarona|spe|1
|move|p1a: Slowbro|Thunder Wave|p2a: Volcarona
|-status|p2a: Volcarona|par
|
|-fieldend|move: Psychic Terrain
|upkeep
|turn|12
|inactive|TallGuyTbh has 120 seconds left.
|inactive|TallGuyTbh has 90 seconds left.
|
|t:|1667956743
|switch|p1a: Tyranitar|Tyranitar, F|100/100
|-weather|Sandstorm|[from] ability: Sand Stream|[of] p1a: Tyranitar
|move|p2a: Volcarona|Quiver Dance|p2a: Volcarona
|-boost|p2a: Volcarona|spa|1
|-boost|p2a: Volcarona|spd|1
|-boost|p2a: Volcarona|spe|1
|
|-weather|Sandstorm|[upkeep]
|-damage|p2a: Volcarona|94/100 par|[from] Sandstorm
|upkeep
|turn|13
|
|t:|1667956757
|cant|p2a: Volcarona|par
|move|p1a: Tyranitar|Crunch|p2a: Volcarona
|-damage|p2a: Volcarona|0 fnt
|faint|p2a: Volcarona
|
|-weather|Sandstorm|[upkeep]
|upkeep
|
|t:|1667956763
|switch|p2a: Tapu Lele|Tapu Lele|100/100
|-fieldstart|move: Psychic Terrain|[from] ability: Psychic Surge|[of] p2a: Tapu Lele
|turn|14
|
|t:|1667956779
|move|p2a: Tapu Lele|Moonblast|p1a: Tyranitar
|-supereffective|p1a: Tyranitar
|-damage|p1a: Tyranitar|24/100
|move|p1a: Tyranitar|Crunch|p2a: Tapu Lele
|-damage|p2a: Tapu Lele|0 fnt
|faint|p2a: Tapu Lele
|
|-weather|Sandstorm|[upkeep]
|upkeep
|
|t:|1667956788
|switch|p2a: Weavile|Weavile, M|100/100
|-ability|p2a: Weavile|Pressure
|turn|15
|
|t:|1667956794
|switch|p1a: Slowbro|Slowbro, F|100/100
|move|p2a: Weavile|Icicle Crash|p1a: Slowbro|[miss]
|-miss|p2a: Weavile|p1a: Slowbro
|
|-weather|Sandstorm|[upkeep]
|-damage|p2a: Weavile|94/100|[from] Sandstorm
|-damage|p1a: Slowbro|94/100|[from] Sandstorm
|upkeep
|turn|16
|inactive|TallGuyTbh has 120 seconds left.
|
|t:|1667956831
|move|p2a: Weavile|Swords Dance|p2a: Weavile
|-boost|p2a: Weavile|atk|2
|move|p1a: Slowbro|Thunder Wave|p2a: Weavile|[miss]
|-miss|p1a: Slowbro|p2a: Weavile
|
|-weather|none
|upkeep
|turn|17
|
|t:|1667956840
|move|p2a: Weavile|Knock Off|p1a: Slowbro
|-supereffective|p1a: Slowbro
|-damage|p1a: Slowbro|0 fnt
|-damage|p2a: Weavile|78/100|[from] item: Rocky Helmet|[of] p1a: Slowbro
|-enditem|p1a: Slowbro|Rocky Helmet|[from] move: Knock Off|[of] p2a: Weavile
|faint|p1a: Slowbro
|
|upkeep
|
|t:|1667956846
|switch|p1a: Tyranitar|Tyranitar, F|24/100
|-weather|Sandstorm|[from] ability: Sand Stream|[of] p1a: Tyranitar
|turn|18
|
|t:|1667956874
|switch|p1a: Buzzwole|Buzzwole|33/100
|move|p2a: Weavile|Icicle Crash|p1a: Buzzwole
|-damage|p1a: Buzzwole|0 fnt
|faint|p1a: Buzzwole
|
|-weather|Sandstorm|[upkeep]
|-damage|p2a: Weavile|72/100|[from] Sandstorm
|-fieldend|move: Psychic Terrain
|upkeep
|
|t:|1667956883
|switch|p1a: Excadrill|Excadrill, M|100/100
|turn|19
|inactive|TallGuyTbh has 90 seconds left.
|
|t:|1667956908
|move|p2a: Weavile|Ice Shard|p1a: Excadrill
|-damage|p1a: Excadrill|44/100
|move|p1a: Excadrill|Iron Head|p2a: Weavile
|-supereffective|p2a: Weavile
|-damage|p2a: Weavile|0 fnt
|faint|p2a: Weavile
|
|-weather|Sandstorm|[upkeep]
|-heal|p1a: Excadrill|50/100|[from] item: Leftovers
|upkeep
|
|t:|1667956912
|switch|p2a: Hatterene|Hatterene, F, shiny|95/100
|turn|20
|c|☆ChandosH|Gg
|
|t:|1667956922
|move|p1a: Excadrill|Iron Head|p2a: Hatterene
|-supereffective|p2a: Hatterene
|-damage|p2a: Hatterene|0 fnt
|faint|p2a: Hatterene
|
|win|ChandosH
|raw|ChandosH's rating: 1768 &rarr; <strong>1784</strong><br />(+16 for winning)
|raw|TallGuyTbh's rating: 1691 &rarr; <strong>1675</strong><br />(-16 for losing)
|l|‽TallGuyTbh
||Ladder isn't responding, score probably updated but might not have (Request timeout).
