|j|☆Commando 55
|j|☆Fusien
|t:|1598867608
|player|p1|Commando 55|iris-gen5bw2|1870
|player|p2|Fusien|roxie|1743
|teamsize|p1|6
|teamsize|p2|6
|gametype|singles
|gen|8
|tier|[Gen 8] OU
|rated|
|clearpoke
|poke|p1|Tyranitar, M|
|poke|p1|Excadrill, M|
|poke|p1|Clefable, F|
|poke|p1|Mandibuzz, F|
|poke|p1|Celebi|
|poke|p1|Toxtricity, M|
|poke|p2|Urshifu-*, M|
|poke|p2|Magnezone|
|poke|p2|Rillaboom, M|
|poke|p2|Weezing-Galar, M|
|poke|p2|Chansey, F|
|poke|p2|Hydreigon, F|
|rule|Sleep Clause Mod: Limit one foe put to sleep
|rule|Species Clause: Limit one of each Pokémon
|rule|OHKO Clause: OHKO moves are banned
|rule|Evasion Moves Clause: Evasion moves are banned
|rule|Endless Battle Clause: Forcing endless battles is banned
|rule|HP Percentage Mod: HP is shown in percentages
|rule|Dynamax Clause: You cannot dynamax
|teampreview
|c|☆Fusien|Glhf
|c|☆Commando 55|U2
|
|t:|1598867625
|start
|switch|p1a: Toxtricity|Toxtricity, M|100/100
|switch|p2a: Detective Gumshoe|Magnezone|100/100
|turn|1
|inactive|Battle timer is ON: inactive players will automatically lose when time's up. (requested by Commando 55)
|
|t:|1598867641
|move|p1a: Toxtricity|Boomburst|p2a: Detective Gumshoe
|-resisted|p2a: Detective Gumshoe
|-damage|p2a: Detective Gumshoe|40/100
|move|p2a: Detective Gumshoe|Steel Beam|p1a: Toxtricity
|-resisted|p1a: Toxtricity
|-damage|p1a: Toxtricity|0 fnt
|-damage|p2a: Detective Gumshoe|0 fnt|[from] mindblown
|faint|p2a: Detective Gumshoe
|faint|p1a: Toxtricity
|
|upkeep
|
|t:|1598867655
|switch|p1a: Clefable|Clefable, F|100/100
|switch|p2a: Judge|Rillaboom, M|100/100
|-fieldstart|move: Grassy Terrain|[from] ability: Grassy Surge|[of] p2a: Judge
|turn|2
|
|t:|1598867660
|move|p1a: Clefable|Protect|p1a: Clefable
|-singleturn|p1a: Clefable|Protect
|move|p2a: Judge|U-turn|p1a: Clefable
|-activate|p1a: Clefable|move: Protect
|
|upkeep
|turn|3
|
|t:|1598867664
|move|p2a: Judge|U-turn|p1a: Clefable
|-resisted|p1a: Clefable
|-damage|p1a: Clefable|87/100
|
|t:|1598867665
|switch|p2a: Mia|Chansey, F|100/100|[from]move: U-turn
|move|p1a: Clefable|Teleport|p1a: Clefable
|
|t:|1598867671
|switch|p1a: Excadrill|Excadrill, M|100/100|[from]move: Teleport
|
|upkeep
|turn|4
|
|t:|1598867676
|move|p1a: Excadrill|Iron Head|p2a: Mia
|-damage|p2a: Mia|55/100
|move|p2a: Mia|Teleport|p2a: Mia
|
|t:|1598867678
|switch|p2a: Judge|Rillaboom, M|100/100|[from]move: Teleport
|
|upkeep
|turn|5
|
|t:|1598867682
|switch|p1a: Mandibuzz|Mandibuzz, F|100/100
|move|p2a: Judge|U-turn|p1a: Mandibuzz
|-damage|p1a: Mandibuzz|79/100
|
|t:|1598867685
|switch|p2a: Phoenix|Weezing-Galar, M, shiny|100/100|[from]move: U-turn
|-ability|p2a: Phoenix|Neutralizing Gas
|
|upkeep
|turn|6
|
|t:|1598867687
|move|p1a: Mandibuzz|U-turn|p2a: Phoenix
|-resisted|p2a: Phoenix
|-damage|p2a: Phoenix|99/100
|
|t:|1598867690
|switch|p1a: Celebi|Celebi|100/100|[from]move: U-turn
|move|p2a: Phoenix|Taunt|p1a: Celebi
|-start|p1a: Celebi|move: Taunt
|
|-heal|p2a: Phoenix|100/100|[from] item: Black Sludge
|-fieldend|move: Grassy Terrain
|upkeep
|turn|7
|
|t:|1598867695
|switch|p2a: Edgeworth|Urshifu, M|100/100
|move|p1a: Celebi|Psychic|p2a: Edgeworth
|-immune|p2a: Edgeworth
|
|upkeep
|turn|8
|
|t:|1598867703
|switch|p1a: Mandibuzz|Mandibuzz, F|79/100
|move|p2a: Edgeworth|Close Combat|p1a: Mandibuzz
|-damage|p1a: Mandibuzz|20/100
|-unboost|p2a: Edgeworth|def|1
|-unboost|p2a: Edgeworth|spd|1
|
|upkeep
|turn|9
|
|t:|1598867707
|switch|p1a: Celebi|Celebi|100/100
|move|p2a: Edgeworth|Close Combat|p1a: Celebi
|-resisted|p1a: Celebi
|-damage|p1a: Celebi|72/100
|-unboost|p2a: Edgeworth|def|1
|-unboost|p2a: Edgeworth|spd|1
|
|-heal|p1a: Celebi|78/100|[from] item: Leftovers
|upkeep
|turn|10
|
|t:|1598867710
|switch|p2a: Maya|Hydreigon, F|100/100
|move|p1a: Celebi|Stealth Rock|p2a: Maya
|-sidestart|p2: Fusien|move: Stealth Rock
|
|-heal|p1a: Celebi|84/100|[from] item: Leftovers
|upkeep
|turn|11
|
|t:|1598867717
|switch|p1a: Tyranitar|Tyranitar, M|100/100
|-weather|Sandstorm|[from] ability: Sand Stream|[of] p1a: Tyranitar
|move|p2a: Maya|U-turn|p1a: Tyranitar
|-supereffective|p1a: Tyranitar
|-damage|p1a: Tyranitar|71/100
|
|t:|1598867719
|switch|p2a: Judge|Rillaboom, M|100/100|[from]move: U-turn
|-damage|p2a: Judge|88/100|[from] Stealth Rock
|-fieldstart|move: Grassy Terrain|[from] ability: Grassy Surge|[of] p2a: Judge
|
|-weather|Sandstorm|[upkeep]
|-damage|p2a: Judge|82/100|[from] Sandstorm
|-heal|p2a: Judge|88/100|[from] Grassy Terrain
|-heal|p1a: Tyranitar|77/100|[from] Grassy Terrain
|upkeep
|turn|12
|
|t:|1598867723
|switch|p1a: Mandibuzz|Mandibuzz, F|20/100
|move|p2a: Judge|U-turn|p1a: Mandibuzz
|-damage|p1a: Mandibuzz|0 fnt
|faint|p1a: Mandibuzz
|
|t:|1598867726
|switch|p2a: Edgeworth|Urshifu, M|100/100|[from]move: U-turn
|-damage|p2a: Edgeworth|94/100|[from] Stealth Rock
|
|-weather|Sandstorm|[upkeep]
|-damage|p2a: Edgeworth|88/100|[from] Sandstorm
|-heal|p2a: Edgeworth|94/100|[from] Grassy Terrain
|upkeep
|
|t:|1598867732
|switch|p1a: Clefable|Clefable, F|87/100
|turn|13
|
|t:|1598867738
|move|p2a: Edgeworth|U-turn|p1a: Clefable
|-resisted|p1a: Clefable
|-damage|p1a: Clefable|70/100
|
|t:|1598867739
|switch|p2a: Mia|Chansey, F|55/100|[from]move: U-turn
|-damage|p2a: Mia|42/100|[from] Stealth Rock
|move|p1a: Clefable|Teleport|p1a: Clefable
|
|t:|1598867742
|switch|p1a: Excadrill|Excadrill, M|100/100|[from]move: Teleport
|
|-weather|Sandstorm|[upkeep]
|-damage|p2a: Mia|36/100|[from] Sandstorm
|-heal|p2a: Mia|42/100|[from] Grassy Terrain
|upkeep
|turn|14
|
|t:|1598867746
|move|p1a: Excadrill|Iron Head|p2a: Mia
|-damage|p2a: Mia|0 fnt
|faint|p2a: Mia
|
|-weather|Sandstorm|[upkeep]
|upkeep
|
|t:|1598867750
|switch|p2a: Judge|Rillaboom, M|88/100
|-damage|p2a: Judge|76/100|[from] Stealth Rock
|turn|15
|
|t:|1598867752
|move|p2a: Judge|Grassy Glide|p1a: Excadrill
|-damage|p1a: Excadrill|0 fnt
|faint|p1a: Excadrill
|
|-weather|none
|-heal|p2a: Judge|82/100|[from] Grassy Terrain
|-fieldend|move: Grassy Terrain
|upkeep
|
|t:|1598867756
|switch|p1a: Celebi|Celebi|84/100
|turn|16
|
|t:|1598867762
|switch|p2a: Maya|Hydreigon, F|100/100
|-damage|p2a: Maya|88/100|[from] Stealth Rock
|move|p1a: Celebi|Thunder Wave|p2a: Maya
|-status|p2a: Maya|par
|
|-heal|p1a: Celebi|90/100|[from] item: Leftovers
|upkeep
|turn|17
|
|t:|1598867770
|switch|p1a: Clefable|Clefable, F|70/100
|move|p2a: Maya|U-turn|p1a: Clefable
|-resisted|p1a: Clefable
|-damage|p1a: Clefable|64/100
|
|t:|1598867772
|switch|p2a: Phoenix|Weezing-Galar, M, shiny|100/100|[from]move: U-turn
|-ability|p2a: Phoenix|Neutralizing Gas
|-damage|p2a: Phoenix|88/100|[from] Stealth Rock
|
|-heal|p2a: Phoenix|94/100|[from] item: Black Sludge
|-heal|p1a: Clefable|71/100|[from] item: Leftovers
|upkeep
|turn|18
|
|t:|1598867777
|move|p1a: Clefable|Protect|p1a: Clefable
|-singleturn|p1a: Clefable|Protect
|move|p2a: Phoenix|Taunt|p1a: Clefable
|-activate|p1a: Clefable|move: Protect
|
|-heal|p2a: Phoenix|99/100|[from] item: Black Sludge
|-heal|p1a: Clefable|77/100|[from] item: Leftovers
|upkeep
|turn|19
|
|t:|1598867782
|switch|p1a: Tyranitar|Tyranitar, M|77/100
|move|p2a: Phoenix|Defog|p1a: Tyranitar
|-unboost|p1a: Tyranitar|evasion|1
|-sideend|p2: Fusien|Stealth Rock|[from] move: Defog|[of] p2a: Phoenix
|
|-heal|p2a: Phoenix|100/100|[from] item: Black Sludge
|upkeep
|turn|20
|
|t:|1598867793
|move|p1a: Tyranitar|Earthquake|p2a: Phoenix
|-supereffective|p2a: Phoenix
|-damage|p2a: Phoenix|18/100
|move|p2a: Phoenix|Taunt|p1a: Tyranitar
|-start|p1a: Tyranitar|move: Taunt
|
|-heal|p2a: Phoenix|24/100|[from] item: Black Sludge
|upkeep
|turn|21
|
|t:|1598867799
|switch|p1a: Clefable|Clefable, F|77/100
|switch|p2a: Judge|Rillaboom, M|82/100
|-fieldstart|move: Grassy Terrain|[from] ability: Grassy Surge|[of] p2a: Judge
|
|-heal|p2a: Judge|88/100|[from] Grassy Terrain
|-heal|p1a: Clefable|83/100|[from] item: Leftovers
|-heal|p1a: Clefable|89/100|[from] Grassy Terrain
|upkeep
|turn|22
|
|t:|1598867801
|move|p1a: Clefable|Protect|p1a: Clefable
|-singleturn|p1a: Clefable|Protect
|move|p2a: Judge|Wood Hammer|p1a: Clefable
|-activate|p1a: Clefable|move: Protect
|
|-heal|p2a: Judge|94/100|[from] Grassy Terrain
|-heal|p1a: Clefable|95/100|[from] item: Leftovers
|-heal|p1a: Clefable|100/100|[from] Grassy Terrain
|upkeep
|turn|23
|
|t:|1598867805
|switch|p1a: Celebi|Celebi|90/100
|move|p2a: Judge|Wood Hammer|p1a: Celebi
|-resisted|p1a: Celebi
|-damage|p1a: Celebi|47/100
|-damage|p2a: Judge|78/100|[from] Recoil
|
|-heal|p2a: Judge|84/100|[from] Grassy Terrain
|-heal|p1a: Celebi|53/100|[from] item: Leftovers
|-heal|p1a: Celebi|60/100|[from] Grassy Terrain
|upkeep
|turn|24
|
|t:|1598867813
|switch|p2a: Edgeworth|Urshifu, M|94/100
|move|p1a: Celebi|Thunder Wave|p2a: Edgeworth
|-status|p2a: Edgeworth|par
|
|-heal|p1a: Celebi|66/100|[from] item: Leftovers
|-heal|p1a: Celebi|72/100|[from] Grassy Terrain
|-heal|p2a: Edgeworth|100/100 par|[from] Grassy Terrain
|upkeep
|turn|25
|
|t:|1598867817
|switch|p1a: Clefable|Clefable, F|100/100
|cant|p2a: Edgeworth|par
|
|-fieldend|move: Grassy Terrain
|upkeep
|turn|26
|
|t:|1598867821
|switch|p2a: Judge|Rillaboom, M|84/100
|-fieldstart|move: Grassy Terrain|[from] ability: Grassy Surge|[of] p2a: Judge
|move|p1a: Clefable|Moonblast|p2a: Judge
|-damage|p2a: Judge|45/100
|-unboost|p2a: Judge|spa|1
|
|-heal|p2a: Judge|51/100|[from] Grassy Terrain
|upkeep
|turn|27
|
|t:|1598867823
|move|p1a: Clefable|Protect|p1a: Clefable
|-singleturn|p1a: Clefable|Protect
|move|p2a: Judge|Wood Hammer|p1a: Clefable
|-activate|p1a: Clefable|move: Protect
|
|-heal|p2a: Judge|57/100|[from] Grassy Terrain
|upkeep
|turn|28
|
|t:|1598867828
|switch|p1a: Celebi|Celebi|72/100
|move|p2a: Judge|Wood Hammer|p1a: Celebi
|-resisted|p1a: Celebi
|-damage|p1a: Celebi|31/100
|-damage|p2a: Judge|41/100|[from] Recoil
|
|-heal|p2a: Judge|47/100|[from] Grassy Terrain
|-heal|p1a: Celebi|37/100|[from] item: Leftovers
|-heal|p1a: Celebi|44/100|[from] Grassy Terrain
|upkeep
|turn|29
|
|t:|1598867835
|switch|p2a: Maya|Hydreigon, F|88/100 par
|move|p1a: Celebi|Recover|p1a: Celebi
|-heal|p1a: Celebi|94/100
|
|-heal|p1a: Celebi|99/100|[from] item: Leftovers
|-heal|p1a: Celebi|100/100|[from] Grassy Terrain
|upkeep
|turn|30
|
|t:|1598867839
|switch|p1a: Clefable|Clefable, F|100/100
|cant|p2a: Maya|par
|
|-fieldend|move: Grassy Terrain
|upkeep
|turn|31
|
|t:|1598867843
|switch|p2a: Phoenix|Weezing-Galar, M, shiny|24/100
|-ability|p2a: Phoenix|Neutralizing Gas
|move|p1a: Clefable|Moonblast|p2a: Phoenix
|-resisted|p2a: Phoenix
|-damage|p2a: Phoenix|4/100
|
|-heal|p2a: Phoenix|10/100|[from] item: Black Sludge
|upkeep
|turn|32
|
|t:|1598867845
|move|p2a: Phoenix|Pain Split|p1a: Clefable
|-sethp|p1a: Clefable|54/100|[from] move: Pain Split|[silent]
|-sethp|p2a: Phoenix|64/100|[from] move: Pain Split
|move|p1a: Clefable|Moonblast|p2a: Phoenix
|-resisted|p2a: Phoenix
|-crit|p2a: Phoenix
|-damage|p2a: Phoenix|30/100
|
|-heal|p2a: Phoenix|36/100|[from] item: Black Sludge
|-heal|p1a: Clefable|60/100|[from] item: Leftovers
|upkeep
|turn|33
|
|t:|1598867850
|move|p2a: Phoenix|Taunt|p1a: Clefable
|-start|p1a: Clefable|move: Taunt
|cant|p1a: Clefable|move: Taunt|Wish
|
|-heal|p2a: Phoenix|42/100|[from] item: Black Sludge
|-heal|p1a: Clefable|66/100|[from] item: Leftovers
|upkeep
|turn|34
|
|t:|1598867853
|switch|p1a: Tyranitar|Tyranitar, M|77/100
|move|p2a: Phoenix|Strange Steam|p1a: Tyranitar
|-supereffective|p1a: Tyranitar
|-damage|p1a: Tyranitar|21/100
|
|-heal|p2a: Phoenix|48/100|[from] item: Black Sludge
|upkeep
|turn|35
|j| Ecob
|
|t:|1598867859
|-weather|Sandstorm|[from] ability: Sand Stream|[of] p1a: Tyranitar
|switch|p2a: Edgeworth|Urshifu, M|100/100 par
|move|p1a: Tyranitar|Stone Edge|p2a: Edgeworth
|-resisted|p2a: Edgeworth
|-damage|p2a: Edgeworth|56/100 par
|
|-weather|Sandstorm|[upkeep]
|-damage|p2a: Edgeworth|49/100 par|[from] Sandstorm
|upkeep
|turn|36
|
|t:|1598867865
|move|p1a: Tyranitar|Stone Edge|p2a: Edgeworth|[miss]
|-miss|p1a: Tyranitar|p2a: Edgeworth
|move|p2a: Edgeworth|U-turn|p1a: Tyranitar
|-supereffective|p1a: Tyranitar
|-damage|p1a: Tyranitar|0 fnt
|faint|p1a: Tyranitar
|
|t:|1598867868
|switch|p2a: Judge|Rillaboom, M|47/100|[from]move: U-turn
|-fieldstart|move: Grassy Terrain|[from] ability: Grassy Surge|[of] p2a: Judge
|
|-weather|Sandstorm|[upkeep]
|-damage|p2a: Judge|41/100|[from] Sandstorm
|-heal|p2a: Judge|47/100|[from] Grassy Terrain
|upkeep
|
|t:|1598867872
|switch|p1a: Clefable|Clefable, F|66/100
|turn|37
|
|t:|1598867875
|move|p1a: Clefable|Protect|p1a: Clefable
|-singleturn|p1a: Clefable|Protect
|move|p2a: Judge|Wood Hammer|p1a: Clefable
|-activate|p1a: Clefable|move: Protect
|
|-weather|Sandstorm|[upkeep]
|-damage|p2a: Judge|41/100|[from] Sandstorm
|-heal|p2a: Judge|47/100|[from] Grassy Terrain
|-heal|p1a: Clefable|73/100|[from] item: Leftovers
|-heal|p1a: Clefable|79/100|[from] Grassy Terrain
|upkeep
|turn|38
|
|t:|1598867883
|switch|p1a: Celebi|Celebi|100/100
|move|p2a: Judge|Wood Hammer|p1a: Celebi
|-resisted|p1a: Celebi
|-damage|p1a: Celebi|60/100
|-damage|p2a: Judge|32/100|[from] Recoil
|
|-weather|Sandstorm|[upkeep]
|-damage|p2a: Judge|25/100|[from] Sandstorm
|-damage|p1a: Celebi|54/100|[from] Sandstorm
|-heal|p2a: Judge|32/100|[from] Grassy Terrain
|-heal|p1a: Celebi|60/100|[from] item: Leftovers
|-heal|p1a: Celebi|66/100|[from] Grassy Terrain
|upkeep
|turn|39
|
|t:|1598867896
|switch|p2a: Maya|Hydreigon, F|88/100 par
|move|p1a: Celebi|Stealth Rock|p2a: Maya
|-sidestart|p2: Fusien|move: Stealth Rock
|
|-weather|none
|-heal|p1a: Celebi|72/100|[from] item: Leftovers
|-heal|p1a: Celebi|78/100|[from] Grassy Terrain
|upkeep
|turn|40
|
|t:|1598867902
|switch|p1a: Clefable|Clefable, F|79/100
|cant|p2a: Maya|par
|
|-heal|p1a: Clefable|85/100|[from] item: Leftovers
|-heal|p1a: Clefable|91/100|[from] Grassy Terrain
|-fieldend|move: Grassy Terrain
|upkeep
|turn|41
|
|t:|1598867907
|move|p2a: Maya|U-turn|p1a: Clefable
|-resisted|p1a: Clefable
|-damage|p1a: Clefable|86/100
|
|t:|1598867908
|switch|p2a: Phoenix|Weezing-Galar, M, shiny|48/100|[from]move: U-turn
|-ability|p2a: Phoenix|Neutralizing Gas
|-damage|p2a: Phoenix|35/100|[from] Stealth Rock
|move|p1a: Clefable|Moonblast|p2a: Phoenix
|-resisted|p2a: Phoenix
|-damage|p2a: Phoenix|15/100
|-unboost|p2a: Phoenix|spa|1
|
|-heal|p2a: Phoenix|21/100|[from] item: Black Sludge
|-heal|p1a: Clefable|92/100|[from] item: Leftovers
|upkeep
|turn|42
|
|t:|1598867912
|move|p1a: Clefable|Protect|p1a: Clefable
|-singleturn|p1a: Clefable|Protect
|move|p2a: Phoenix|Pain Split|p1a: Clefable
|-activate|p1a: Clefable|move: Protect
|
|-heal|p2a: Phoenix|27/100|[from] item: Black Sludge
|-heal|p1a: Clefable|98/100|[from] item: Leftovers
|upkeep
|turn|43
|
|t:|1598867916
|switch|p1a: Celebi|Celebi|78/100
|move|p2a: Phoenix|Pain Split|p1a: Celebi
|-sethp|p1a: Celebi|50/100|[from] move: Pain Split|[silent]
|-sethp|p2a: Phoenix|61/100|[from] move: Pain Split
|
|-heal|p1a: Celebi|56/100|[from] item: Leftovers
|-heal|p2a: Phoenix|67/100|[from] item: Black Sludge
|upkeep
|turn|44
|
|t:|1598867921
|switch|p2a: Edgeworth|Urshifu, M|49/100 par
|-damage|p2a: Edgeworth|43/100 par|[from] Stealth Rock
|move|p1a: Celebi|Recover|p1a: Celebi
|-heal|p1a: Celebi|100/100
|
|upkeep
|turn|45
|
|t:|1598867923
|switch|p1a: Clefable|Clefable, F|98/100
|move|p2a: Edgeworth|U-turn|p1a: Clefable
|-resisted|p1a: Clefable
|-damage|p1a: Clefable|82/100
|
|t:|1598867925
|switch|p2a: Phoenix|Weezing-Galar, M, shiny|67/100|[from]move: U-turn
|-ability|p2a: Phoenix|Neutralizing Gas
|-damage|p2a: Phoenix|54/100|[from] Stealth Rock
|
|-heal|p2a: Phoenix|60/100|[from] item: Black Sludge
|-heal|p1a: Clefable|89/100|[from] item: Leftovers
|upkeep
|turn|46
|
|t:|1598867930
|move|p1a: Clefable|Protect|p1a: Clefable
|-singleturn|p1a: Clefable|Protect
|move|p2a: Phoenix|Defog|p1a: Clefable
|-activate|p1a: Clefable|move: Protect
|
|-heal|p2a: Phoenix|66/100|[from] item: Black Sludge
|-heal|p1a: Clefable|95/100|[from] item: Leftovers
|upkeep
|turn|47
|
|t:|1598867934
|switch|p1a: Celebi|Celebi|100/100
|move|p2a: Phoenix|Taunt|p1a: Celebi
|-start|p1a: Celebi|move: Taunt
|
|-heal|p2a: Phoenix|72/100|[from] item: Black Sludge
|upkeep
|turn|48
|
|t:|1598867939
|switch|p1a: Clefable|Clefable, F|95/100
|switch|p2a: Maya|Hydreigon, F|88/100 par
|-damage|p2a: Maya|76/100 par|[from] Stealth Rock
|
|-heal|p1a: Clefable|100/100|[from] item: Leftovers
|upkeep
|turn|49
|
|t:|1598867941
|cant|p2a: Maya|par
|move|p1a: Clefable|Moonblast|p2a: Maya
|-supereffective|p2a: Maya
|-damage|p2a: Maya|0 fnt
|faint|p2a: Maya
|
|upkeep
|
|t:|1598867943
|switch|p2a: Phoenix|Weezing-Galar, M, shiny|72/100
|-ability|p2a: Phoenix|Neutralizing Gas
|-damage|p2a: Phoenix|60/100|[from] Stealth Rock
|turn|50
|
|t:|1598867947
|switch|p1a: Celebi|Celebi|100/100
|move|p2a: Phoenix|Defog|p1a: Celebi
|-unboost|p1a: Celebi|evasion|1
|-sideend|p2: Fusien|Stealth Rock|[from] move: Defog|[of] p2a: Phoenix
|
|-heal|p2a: Phoenix|66/100|[from] item: Black Sludge
|upkeep
|turn|51
|
|t:|1598867952
|move|p1a: Celebi|Stealth Rock|p2a: Phoenix
|-sidestart|p2: Fusien|move: Stealth Rock
|move|p2a: Phoenix|Strange Steam|p1a: Celebi
|-damage|p1a: Celebi|80/100
|-start|p1a: Celebi|confusion
|
|-heal|p1a: Celebi|86/100|[from] item: Leftovers
|-heal|p2a: Phoenix|72/100|[from] item: Black Sludge
|upkeep
|turn|52
|
|t:|1598867955
|switch|p2a: Edgeworth|Urshifu, M|43/100 par
|-damage|p2a: Edgeworth|37/100 par|[from] Stealth Rock
|-activate|p1a: Celebi|confusion
|move|p1a: Celebi|Psychic|p2a: Edgeworth
|-immune|p2a: Edgeworth
|
|-heal|p1a: Celebi|92/100|[from] item: Leftovers
|upkeep
|turn|53
|
|t:|1598867964
|switch|p1a: Clefable|Clefable, F|100/100
|move|p2a: Edgeworth|U-turn|p1a: Clefable
|-resisted|p1a: Clefable
|-damage|p1a: Clefable|86/100
|
|t:|1598867965
|switch|p2a: Phoenix|Weezing-Galar, M, shiny|72/100|[from]move: U-turn
|-ability|p2a: Phoenix|Neutralizing Gas
|-damage|p2a: Phoenix|60/100|[from] Stealth Rock
|
|-heal|p2a: Phoenix|66/100|[from] item: Black Sludge
|-heal|p1a: Clefable|92/100|[from] item: Leftovers
|upkeep
|turn|54
|
|t:|1598867972
|switch|p1a: Celebi|Celebi|92/100
|move|p2a: Phoenix|Defog|p1a: Celebi
|-unboost|p1a: Celebi|evasion|1
|-sideend|p2: Fusien|Stealth Rock|[from] move: Defog|[of] p2a: Phoenix
|
|-heal|p1a: Celebi|98/100|[from] item: Leftovers
|-heal|p2a: Phoenix|72/100|[from] item: Black Sludge
|upkeep
|turn|55
|
|t:|1598867976
|switch|p2a: Edgeworth|Urshifu, M|37/100 par
|move|p1a: Celebi|Stealth Rock|p2a: Edgeworth
|-sidestart|p2: Fusien|move: Stealth Rock
|
|-heal|p1a: Celebi|100/100|[from] item: Leftovers
|upkeep
|turn|56
|
|t:|1598867980
|switch|p1a: Clefable|Clefable, F|92/100
|move|p2a: Edgeworth|U-turn|p1a: Clefable
|-resisted|p1a: Clefable
|-damage|p1a: Clefable|78/100
|
|t:|1598867982
|switch|p2a: Phoenix|Weezing-Galar, M, shiny|72/100|[from]move: U-turn
|-ability|p2a: Phoenix|Neutralizing Gas
|-damage|p2a: Phoenix|59/100|[from] Stealth Rock
|
|-heal|p2a: Phoenix|65/100|[from] item: Black Sludge
|-heal|p1a: Clefable|84/100|[from] item: Leftovers
|upkeep
|turn|57
|
|t:|1598867986
|move|p2a: Phoenix|Defog|p1a: Clefable
|-unboost|p1a: Clefable|evasion|1
|-sideend|p2: Fusien|Stealth Rock|[from] move: Defog|[of] p2a: Phoenix
|move|p1a: Clefable|Teleport|p1a: Clefable
|
|t:|1598867987
|switch|p1a: Celebi|Celebi|100/100|[from]move: Teleport
|
|-heal|p2a: Phoenix|71/100|[from] item: Black Sludge
|upkeep
|turn|58
|
|t:|1598867990
|switch|p2a: Edgeworth|Urshifu, M|37/100 par
|move|p1a: Celebi|Stealth Rock|p2a: Edgeworth
|-sidestart|p2: Fusien|move: Stealth Rock
|
|upkeep
|turn|59
|
|t:|1598867993
|switch|p1a: Clefable|Clefable, F|84/100
|move|p2a: Edgeworth|U-turn|p1a: Clefable
|-resisted|p1a: Clefable
|-damage|p1a: Clefable|68/100
|
|t:|1598867996
|switch|p2a: Phoenix|Weezing-Galar, M, shiny|71/100|[from]move: U-turn
|-ability|p2a: Phoenix|Neutralizing Gas
|-damage|p2a: Phoenix|59/100|[from] Stealth Rock
|
|-heal|p2a: Phoenix|65/100|[from] item: Black Sludge
|-heal|p1a: Clefable|74/100|[from] item: Leftovers
|upkeep
|turn|60
|
|t:|1598868001
|move|p2a: Phoenix|Taunt|p1a: Clefable
|-start|p1a: Clefable|move: Taunt
|move|p1a: Clefable|Moonblast|p2a: Phoenix
|-resisted|p2a: Phoenix
|-damage|p2a: Phoenix|44/100
|
|-heal|p2a: Phoenix|50/100|[from] item: Black Sludge
|-heal|p1a: Clefable|80/100|[from] item: Leftovers
|upkeep
|turn|61
|
|t:|1598868003
|switch|p1a: Celebi|Celebi|100/100
|move|p2a: Phoenix|Defog|p1a: Celebi
|-unboost|p1a: Celebi|evasion|1
|-sideend|p2: Fusien|Stealth Rock|[from] move: Defog|[of] p2a: Phoenix
|
|-heal|p2a: Phoenix|56/100|[from] item: Black Sludge
|upkeep
|turn|62
|
|t:|1598868014
|switch|p2a: Edgeworth|Urshifu, M|37/100 par
|move|p1a: Celebi|Stealth Rock|p2a: Edgeworth
|-sidestart|p2: Fusien|move: Stealth Rock
|
|upkeep
|turn|63
|
|t:|1598868018
|switch|p1a: Clefable|Clefable, F|80/100
|cant|p2a: Edgeworth|par
|
|-heal|p1a: Clefable|86/100|[from] item: Leftovers
|upkeep
|turn|64
|
|t:|1598868022
|move|p2a: Edgeworth|Wicked Blow|p1a: Clefable
|-resisted|p1a: Clefable
|-crit|p1a: Clefable
|-damage|p1a: Clefable|49/100
|move|p1a: Clefable|Teleport|p1a: Clefable
|
|t:|1598868025
|switch|p1a: Celebi|Celebi|100/100|[from]move: Teleport
|
|upkeep
|turn|65
|
|t:|1598868031
|switch|p1a: Clefable|Clefable, F|49/100
|move|p2a: Edgeworth|Wicked Blow|p1a: Clefable
|-resisted|p1a: Clefable
|-crit|p1a: Clefable
|-damage|p1a: Clefable|13/100
|
|-heal|p1a: Clefable|19/100|[from] item: Leftovers
|upkeep
|turn|66
|
|t:|1598868042
|switch|p2a: Phoenix|Weezing-Galar, M, shiny|56/100
|-ability|p2a: Phoenix|Neutralizing Gas
|-damage|p2a: Phoenix|44/100|[from] Stealth Rock
|move|p1a: Clefable|Moonblast|p2a: Phoenix
|-resisted|p2a: Phoenix
|-damage|p2a: Phoenix|23/100
|-unboost|p2a: Phoenix|spa|1
|
|-heal|p2a: Phoenix|29/100|[from] item: Black Sludge
|-heal|p1a: Clefable|25/100|[from] item: Leftovers
|upkeep
|turn|67
|
|t:|1598868049
|move|p2a: Phoenix|Taunt|p1a: Clefable
|-start|p1a: Clefable|move: Taunt
|move|p1a: Clefable|Moonblast|p2a: Phoenix
|-resisted|p2a: Phoenix
|-damage|p2a: Phoenix|6/100
|-unboost|p2a: Phoenix|spa|1
|
|-heal|p2a: Phoenix|12/100|[from] item: Black Sludge
|-heal|p1a: Clefable|31/100|[from] item: Leftovers
|upkeep
|turn|68
|
|t:|1598868055
|move|p2a: Phoenix|Defog|p1a: Clefable
|-unboost|p1a: Clefable|evasion|1
|-sideend|p2: Fusien|Stealth Rock|[from] move: Defog|[of] p2a: Phoenix
|move|p1a: Clefable|Moonblast|p2a: Phoenix
|-resisted|p2a: Phoenix
|-damage|p2a: Phoenix|0 fnt
|faint|p2a: Phoenix
|
|-heal|p1a: Clefable|38/100|[from] item: Leftovers
|upkeep
|
|t:|1598868056
|switch|p2a: Judge|Rillaboom, M|32/100
|-fieldstart|move: Grassy Terrain|[from] ability: Grassy Surge|[of] p2a: Judge
|turn|69
|
|t:|1598868065
|switch|p1a: Celebi|Celebi|100/100
|move|p2a: Judge|U-turn|p1a: Celebi
|-supereffective|p1a: Celebi
|-damage|p1a: Celebi|8/100
|
|t:|1598868067
|switch|p2a: Edgeworth|Urshifu, M|37/100 par|[from]move: U-turn
|
|-heal|p1a: Celebi|15/100|[from] item: Leftovers
|-heal|p1a: Celebi|21/100|[from] Grassy Terrain
|-heal|p2a: Edgeworth|43/100 par|[from] Grassy Terrain
|upkeep
|turn|70
|
|t:|1598868074
|switch|p1a: Clefable|Clefable, F|38/100
|switch|p2a: Judge|Rillaboom, M|32/100
|
|-heal|p2a: Judge|38/100|[from] Grassy Terrain
|-heal|p1a: Clefable|44/100|[from] item: Leftovers
|-heal|p1a: Clefable|50/100|[from] Grassy Terrain
|upkeep
|turn|71
|
|t:|1598868080
|move|p1a: Clefable|Protect|p1a: Clefable
|-singleturn|p1a: Clefable|Protect
|move|p2a: Judge|Wood Hammer|p1a: Clefable
|-activate|p1a: Clefable|move: Protect
|
|-heal|p2a: Judge|44/100|[from] Grassy Terrain
|-heal|p1a: Clefable|56/100|[from] item: Leftovers
|-heal|p1a: Clefable|62/100|[from] Grassy Terrain
|upkeep
|turn|72
|
|t:|1598868085
|switch|p1a: Celebi|Celebi|21/100
|move|p2a: Judge|Wood Hammer|p1a: Celebi
|-resisted|p1a: Celebi
|-damage|p1a: Celebi|0 fnt
|-damage|p2a: Judge|36/100|[from] Recoil
|faint|p1a: Celebi
|
|-heal|p2a: Judge|42/100|[from] Grassy Terrain
|upkeep
|
|t:|1598868087
|switch|p1a: Clefable|Clefable, F|62/100
|turn|73
|
|t:|1598868089
|move|p1a: Clefable|Protect|p1a: Clefable
|-singleturn|p1a: Clefable|Protect
|move|p2a: Judge|Wood Hammer|p1a: Clefable
|-activate|p1a: Clefable|move: Protect
|
|-heal|p2a: Judge|48/100|[from] Grassy Terrain
|-heal|p1a: Clefable|68/100|[from] item: Leftovers
|-heal|p1a: Clefable|74/100|[from] Grassy Terrain
|-fieldend|move: Grassy Terrain
|upkeep
|turn|74
|
|t:|1598868093
|switch|p2a: Edgeworth|Urshifu, M|43/100 par
|move|p1a: Clefable|Wish|p1a: Clefable
|
|-heal|p1a: Clefable|80/100|[from] item: Leftovers
|upkeep
|turn|75
|
|t:|1598868099
|move|p1a: Clefable|Moonblast|p2a: Edgeworth
|-supereffective|p2a: Edgeworth
|-damage|p2a: Edgeworth|0 fnt
|faint|p2a: Edgeworth
|
|-heal|p1a: Clefable|100/100|[from] move: Wish|[wisher] Clefable
|upkeep
|
|t:|1598868101
|switch|p2a: Judge|Rillaboom, M|48/100
|-fieldstart|move: Grassy Terrain|[from] ability: Grassy Surge|[of] p2a: Judge
|turn|76
|
|t:|1598868110
|move|p2a: Judge|Wood Hammer|p1a: Clefable
|-damage|p1a: Clefable|0 fnt
|-damage|p2a: Judge|10/100|[from] Recoil
|faint|p1a: Clefable
|
|win|Fusien
|raw|Commando 55's rating: 1870 &rarr; <strong>1843</strong><br />(-27 for losing)
|raw|Fusien's rating: 1743 &rarr; <strong>1770</strong><br />(+27 for winning)
|c|☆Fusien|Gg
|c|☆Commando 55|Gg
|l|☆Commando 55
