|j|☆YUNG TOASTER BREAD
|j|☆mcp3
|t:|1628353204
|gametype|singles
|player|p1|YUNG TOASTER BREAD|byron|1715
|player|p2|mcp3|iris-gen5bw2|1729
|teamsize|p1|6
|teamsize|p2|6
|gen|8
|tier|[Gen 8] OU
|rated|
|rule|Sleep Clause Mod: Limit one foe put to sleep
|rule|Species Clause: Limit one of each Pokémon
|rule|OHKO Clause: OHKO moves are banned
|rule|Evasion Moves Clause: Evasion moves are banned
|rule|Endless Battle Clause: Forcing endless battles is banned
|rule|HP Percentage Mod: HP is shown in percentages
|rule|Dynamax Clause: You cannot dynamax
|clearpoke
|poke|p1|Tapu Koko|
|poke|p1|Raichu-Alola, M|
|poke|p1|Urshifu-*, M|
|poke|p1|Seismitoad, F|
|poke|p1|Corviknight, M|
|poke|p1|Slowking-Galar, F|
|poke|p2|Blacephalon|
|poke|p2|Snorlax, M|
|poke|p2|Mew|
|poke|p2|Landorus-Therian, M|
|poke|p2|Kartana|
|poke|p2|Volcarona, M|
|teampreview
|c|☆mcp3|hf
|c|☆mcp3|very cool team
|c|☆YUNG TOASTER BREAD|ty
|c|☆YUNG TOASTER BREAD|yours too
|
|t:|1628353223
|start
|switch|p1a: Seismitoad|Seismitoad, F|100/100
|switch|p2a: metro 1|Blacephalon|100/100
|turn|1
|j| TSFM
|c|☆mcp3|I appreciate it fr
|
|t:|1628353229
|move|p2a: metro 1|Explosion|p1a: Seismitoad
|-enditem|p2a: metro 1|Normal Gem|[from] gem
|-damage|p1a: Seismitoad|17/100
|faint|p2a: metro 1
|move|p1a: Seismitoad|Earthquake|p2: metro 1|[notarget]
|-fail|p1a: Seismitoad
|
|-heal|p1a: Seismitoad|23/100|[from] item: Leftovers
|upkeep
|
|t:|1628353240
|switch|p2a: Kartana|Kartana|100/100
|turn|2
|
|t:|1628353244
|switch|p1a: Corviknight|Corviknight, M|100/100
|-ability|p1a: Corviknight|Pressure
|move|p2a: Kartana|Knock Off|p1a: Corviknight
|-damage|p1a: Corviknight|74/100
|-damage|p2a: Kartana|84/100|[from] item: Rocky Helmet|[of] p1a: Corviknight
|-enditem|p1a: Corviknight|Rocky Helmet|[from] move: Knock Off|[of] p2a: Kartana
|
|upkeep
|turn|3
|j| meatsquasher
|
|t:|1628353248
|move|p2a: Kartana|Swords Dance|p2a: Kartana
|-boost|p2a: Kartana|atk|2
|move|p1a: Corviknight|U-turn|p2a: Kartana
|-damage|p2a: Kartana|69/100
|j| Black_PrinceX
|
|t:|1628353260
|switch|p1a: Tapu Koko|Tapu Koko|100/100|[from]move: U-turn
|-fieldstart|move: Electric Terrain|[from] ability: Electric Surge|[of] p1a: Tapu Koko
|
|upkeep
|turn|4
|
|t:|1628353265
|move|p2a: Kartana|Endure|p2a: Kartana
|-singleturn|p2a: Kartana|move: Endure
|move|p1a: Tapu Koko|Thunderbolt|p2a: Kartana
|-resisted|p2a: Kartana
|-activate|p2a: Kartana|move: Endure
|-damage|p2a: Kartana|1/100
|-enditem|p2a: Kartana|Salac Berry|[eat]
|-boost|p2a: Kartana|spe|1|[from] item: Salac Berry
|
|upkeep
|turn|5
|
|t:|1628353273
|switch|p1a: Seismitoad|Seismitoad, F|23/100
|move|p2a: Kartana|Swords Dance|p2a: Kartana
|-boost|p2a: Kartana|atk|2
|
|-heal|p1a: Seismitoad|29/100|[from] item: Leftovers
|upkeep
|turn|6
|
|t:|1628353278
|move|p2a: Kartana|Knock Off|p1a: Seismitoad
|-damage|p1a: Seismitoad|0 fnt
|-enditem|p1a: Seismitoad|Leftovers|[from] move: Knock Off|[of] p2a: Kartana
|faint|p1a: Seismitoad
|-ability|p2a: Kartana|Beast Boost|boost
|-boost|p2a: Kartana|atk|1
|
|upkeep
|
|t:|1628353280
|switch|p1a: Urshifu|Urshifu-Rapid-Strike, M|100/100
|turn|7
|
|t:|1628353282
|switch|p2a: metro2(stormzone)|Snorlax, M|100/100
|move|p1a: Urshifu|Aqua Jet|p2a: metro2(stormzone)
|-damage|p2a: metro2(stormzone)|73/100
|
|upkeep
|turn|8
|
|t:|1628353289
|switch|p1a: Corviknight|Corviknight, M|74/100
|-ability|p1a: Corviknight|Pressure
|switch|p2a: lame asf|Mew|100/100
|
|upkeep
|turn|9
|
|t:|1628353291
|move|p2a: lame asf|Cosmic Power|p2a: lame asf
|-boost|p2a: lame asf|def|1
|-boost|p2a: lame asf|spd|1
|move|p1a: Corviknight|U-turn|p2a: lame asf
|-supereffective|p2a: lame asf
|-damage|p2a: lame asf|83/100
|-enditem|p2a: lame asf|Weakness Policy
|-boost|p2a: lame asf|atk|2|[from] item: Weakness Policy
|-boost|p2a: lame asf|spa|2|[from] item: Weakness Policy
|
|t:|1628353299
|switch|p1a: Urshifu|Urshifu-Rapid-Strike, M|100/100|[from]move: U-turn
|
|upkeep
|turn|10
|
|t:|1628353302
|move|p2a: lame asf|Stored Power|p1a: Urshifu
|-supereffective|p1a: Urshifu
|-damage|p1a: Urshifu|0 fnt
|faint|p1a: Urshifu
|
|-fieldend|move: Electric Terrain
|upkeep
|
|t:|1628353305
|switch|p1a: Tapu Koko|Tapu Koko|100/100
|-fieldstart|move: Electric Terrain|[from] ability: Electric Surge|[of] p1a: Tapu Koko
|turn|11
|
|t:|1628353308
|move|p1a: Tapu Koko|Taunt|p2a: lame asf
|-start|p2a: lame asf|move: Taunt
|cant|p2a: lame asf|move: Taunt|Cosmic Power
|
|upkeep
|turn|12
|
|t:|1628353314
|move|p1a: Tapu Koko|Thunderbolt|p2a: lame asf
|-damage|p2a: lame asf|57/100
|move|p2a: lame asf|Stored Power|p1a: Tapu Koko
|-crit|p1a: Tapu Koko
|-damage|p1a: Tapu Koko|0 fnt
|faint|p1a: Tapu Koko
|
|upkeep
|
|t:|1628353318
|switch|p1a: Raichu|Raichu-Alola, M, shiny|100/100
|turn|13
|
|t:|1628353320
|move|p1a: Raichu|Nasty Plot|p1a: Raichu
|-boost|p1a: Raichu|spa|2
|move|p2a: lame asf|Stored Power|p1a: Raichu
|-resisted|p1a: Raichu
|-damage|p1a: Raichu|28/100
|
|-end|p2a: lame asf|move: Taunt
|upkeep
|turn|14
|
|t:|1628353323
|switch|p2a: metro|Landorus-Therian, M|100/100
|-ability|p2a: metro|Intimidate|boost
|-unboost|p1a: Raichu|atk|1
|move|p1a: Raichu|Rising Voltage|p2a: metro
|-immune|p2a: metro
|
|upkeep
|turn|15
|
|t:|1628353339
|move|p1a: Raichu|Psyshock|p2a: metro
|-damage|p2a: metro|0 fnt
|faint|p2a: metro
|-damage|p1a: Raichu|18/100|[from] item: Life Orb
|
|upkeep
|
|t:|1628353344
|switch|p2a: Kartana|Kartana|1/100
|turn|16
|
|t:|1628353347
|move|p2a: Kartana|Endure|p2a: Kartana
|-singleturn|p2a: Kartana|move: Endure
|move|p1a: Raichu|Rising Voltage|p2a: Kartana
|-resisted|p2a: Kartana
|-activate|p2a: Kartana|move: Endure
|-damage|p2a: Kartana|1/100
|-damage|p1a: Raichu|8/100|[from] item: Life Orb
|
|upkeep
|turn|17
|j| HappIsHere
|
|t:|1628353354
|move|p1a: Raichu|Rising Voltage|p2a: Kartana
|-resisted|p2a: Kartana
|-damage|p2a: Kartana|0 fnt
|faint|p2a: Kartana
|-damage|p1a: Raichu|0 fnt|[from] item: Life Orb
|faint|p1a: Raichu
|
|upkeep
|
|t:|1628353357
|switch|p2a: lame asf|Mew|57/100
|switch|p1a: Slowking|Slowking-Galar, F|100/100
|turn|18
|
|t:|1628353364
|move|p2a: lame asf|Cosmic Power|p2a: lame asf
|-boost|p2a: lame asf|def|1
|-boost|p2a: lame asf|spd|1
|move|p1a: Slowking|Sludge Bomb|p2a: lame asf
|-damage|p2a: lame asf|34/100
|-status|p2a: lame asf|psn
|-activate|p2a: lame asf|ability: Synchronize
|-immune|p1a: Slowking
|
|-damage|p2a: lame asf|22/100 psn|[from] psn
|-fieldend|move: Electric Terrain
|upkeep
|turn|19
|
|t:|1628353371
|move|p2a: lame asf|Soft-Boiled|p2a: lame asf
|-heal|p2a: lame asf|72/100 psn
|move|p1a: Slowking|Sludge Bomb|p2a: lame asf
|-damage|p2a: lame asf|49/100 psn
|
|-damage|p2a: lame asf|36/100 psn|[from] psn
|upkeep
|turn|20
|
|t:|1628353375
|move|p2a: lame asf|Soft-Boiled|p2a: lame asf
|-heal|p2a: lame asf|86/100 psn
|move|p1a: Slowking|Sludge Bomb|p2a: lame asf
|-damage|p2a: lame asf|65/100 psn
|
|-damage|p2a: lame asf|53/100 psn|[from] psn
|upkeep
|turn|21
|
|t:|1628353378
|move|p2a: lame asf|Soft-Boiled|p2a: lame asf
|-heal|p2a: lame asf|100/100 psn
|move|p1a: Slowking|Sludge Bomb|p2a: lame asf
|-damage|p2a: lame asf|76/100 psn
|
|-damage|p2a: lame asf|64/100 psn|[from] psn
|upkeep
|turn|22
|
|t:|1628353382
|move|p2a: lame asf|Cosmic Power|p2a: lame asf
|-boost|p2a: lame asf|def|1
|-boost|p2a: lame asf|spd|1
|move|p1a: Slowking|Future Sight|p2a: lame asf
|-start|p1a: Slowking|move: Future Sight
|
|-damage|p2a: lame asf|52/100 psn|[from] psn
|upkeep
|turn|23
|
|t:|1628353386
|move|p2a: lame asf|Cosmic Power|p2a: lame asf
|-boost|p2a: lame asf|def|1
|-boost|p2a: lame asf|spd|1
|move|p1a: Slowking|Sludge Bomb|p2a: lame asf
|-damage|p2a: lame asf|39/100 psn
|
|-damage|p2a: lame asf|27/100 psn|[from] psn
|upkeep
|turn|24
|
|t:|1628353388
|move|p2a: lame asf|Soft-Boiled|p2a: lame asf
|-heal|p2a: lame asf|77/100 psn
|move|p1a: Slowking|Sludge Bomb|p2a: lame asf
|-damage|p2a: lame asf|64/100 psn
|
|-end|p2a: lame asf|move: Future Sight
|-resisted|p2a: lame asf
|-damage|p2a: lame asf|55/100 psn
|-damage|p2a: lame asf|42/100 psn|[from] psn
|upkeep
|turn|25
|-message|YUNG TOASTER BREAD forfeited.
|
|win|mcp3
|l|☆YUNG TOASTER BREAD
|raw|YUNG TOASTER BREAD's rating: 1716 &rarr; <strong>1697</strong><br />(-19 for losing)
|raw|mcp3's rating: 1730 &rarr; <strong>1749</strong><br />(+19 for winning)
|l| HappIsHere
|j| SweetPatata
||Ladder isn't responding, score probably updated but might not have (Request timeout).
|l| meatsquasher
|j| TheAngryDuck
|l| TheAngryDuck
