|j|☆best to be worst
|j|☆Stunfisk2140
|t:|1643098682
|gametype|singles
|player|p1|best to be worst|ethan|
|player|p2|Stunfisk2140|169|
|teamsize|p1|6
|teamsize|p2|6
|gen|8
|tier|[Gen 8] OU
|rule|Sleep Clause Mod: Limit one foe put to sleep
|rule|Species Clause: Limit one of each Pokémon
|rule|OHKO Clause: OHKO moves are banned
|rule|Evasion Moves Clause: Evasion moves are banned
|rule|Endless Battle Clause: Forcing endless battles is banned
|rule|HP Percentage Mod: HP is shown in percentages
|rule|Dynamax Clause: You cannot dynamax
|clearpoke
|poke|p1|Ninetales-Alola, M|
|poke|p1|Arctozolt|
|poke|p1|Dragapult, M|
|poke|p1|Garchomp, F|
|poke|p1|Tornadus-Therian, M|
|poke|p1|Heatran, M|
|poke|p2|Landorus-Therian, M|
|poke|p2|Ferrothorn, M|
|poke|p2|Slowbro, F|
|poke|p2|Blaziken, M|
|poke|p2|Dragapult, M|
|poke|p2|Tornadus-Therian, M|
|teampreview
|
|t:|1643098689
|start
|switch|p1a: Ninetales|Ninetales-Alola, M|100/100
|switch|p2a: Toothless|Dragapult, M, shiny|100/100
|-weather|Hail|[from] ability: Snow Warning|[of] p1a: Ninetales
|turn|1
|
|t:|1643098695
|move|p2a: Toothless|U-turn|p1a: Ninetales
|-resisted|p1a: Ninetales
|-damage|p1a: Ninetales|89/100
|c|☆best to be worst|omega sus?
|
|t:|1643098705
|switch|p2a: Pain|Ferrothorn, M|100/100|[from]move: U-turn
|move|p1a: Ninetales|Blizzard|p2a: Pain
|-damage|p2a: Pain|76/100
|
|-weather|Hail|[upkeep]
|-damage|p2a: Pain|70/100|[from] Hail
|-heal|p2a: Pain|76/100|[from] item: Leftovers
|upkeep
|turn|2
|c|☆best to be worst|ik u aint gyro
|
|t:|1643098714
|move|p1a: Ninetales|Aurora Veil|p1a: Ninetales
|-sidestart|p1: best to be worst|move: Aurora Veil
|move|p2a: Pain|Leech Seed|p1a: Ninetales
|-start|p1a: Ninetales|move: Leech Seed
|
|-weather|Hail|[upkeep]
|-damage|p2a: Pain|70/100|[from] Hail
|-heal|p2a: Pain|76/100|[from] item: Leftovers
|-damage|p1a: Ninetales|77/100|[from] Leech Seed|[of] p2a: Pain
|-heal|p2a: Pain|88/100|[silent]
|upkeep
|turn|3
|
|t:|1643098722
|move|p1a: Ninetales|Hypnosis|p2a: Pain
|-status|p2a: Pain|slp|[from] move: Hypnosis
|cant|p2a: Pain|slp
|
|-weather|Hail|[upkeep]
|-damage|p2a: Pain|82/100 slp|[from] Hail
|-heal|p2a: Pain|88/100 slp|[from] item: Leftovers
|-damage|p1a: Ninetales|65/100|[from] Leech Seed|[of] p2a: Pain
|-heal|p2a: Pain|99/100 slp|[silent]
|upkeep
|turn|4
|
|t:|1643098733
|switch|p1a: Dragapult|Dragapult, M|100/100
|switch|p2a: Deidara Senpai|Tornadus-Therian, M|100/100
|
|-weather|Hail|[upkeep]
|-damage|p1a: Dragapult|95/100|[from] Hail
|-damage|p2a: Deidara Senpai|94/100|[from] Hail
|upkeep
|turn|5
|
|t:|1643098741
|move|p1a: Dragapult|Dragon Dance|p1a: Dragapult
|-boost|p1a: Dragapult|atk|1
|-boost|p1a: Dragapult|spe|1
|move|p2a: Deidara Senpai|U-turn|p1a: Dragapult
|-resisted|p1a: Dragapult
|-damage|p1a: Dragapult|89/100
|
|t:|1643098748
|switch|p2a: Orlando Bloom|Landorus-Therian, M|100/100|[from]move: U-turn
|-ability|p2a: Orlando Bloom|Intimidate|boost
|-fail|p1a: Dragapult|unboost|[from] ability: Clear Body|[of] p1a: Dragapult
|
|-weather|Hail|[upkeep]
|-damage|p1a: Dragapult|83/100|[from] Hail
|-damage|p2a: Orlando Bloom|94/100|[from] Hail
|-heal|p2a: Orlando Bloom|100/100|[from] item: Leftovers
|upkeep
|turn|6
|
|t:|1643098756
|move|p1a: Dragapult|Dragon Darts|p2a: Orlando Bloom
|-crit|p2a: Orlando Bloom
|-damage|p2a: Orlando Bloom|26/100
|-anim|p1a: Dragapult|Dragon Darts|p2a: Orlando Bloom
|-crit|p2a: Orlando Bloom
|-damage|p2a: Orlando Bloom|0 fnt
|faint|p2a: Orlando Bloom
|-damage|p1a: Dragapult|73/100|[from] item: Life Orb
|
|-weather|Hail|[upkeep]
|-damage|p1a: Dragapult|67/100|[from] Hail
|-sideend|p1: best to be worst|move: Aurora Veil
|upkeep
|c|☆best to be worst|did not matter
|c|☆Stunfisk2140|lmao 2 crits
|c|☆best to be worst|lmao
|c|☆Stunfisk2140|it definitely mattered
|c|☆best to be worst|but it didnt matter
|c|☆best to be worst|il show calc
|c|☆best to be worst|+1 252+ Atk Life Orb Dragapult Dragon Darts (2 hits) vs. 252 HP / 0 Def Landorus-Therian: 362-428 (94.7 - 112%) -- approx. 75% chance to OHKO
|c|☆best to be worst|omegalul momento
|
|t:|1643098849
|switch|p2a: Pain|Ferrothorn, M|99/100 slp
|turn|7
|
|t:|1643098862
|move|p1a: Dragapult|Fire Blast|p2a: Pain
|-supereffective|p2a: Pain
|-damage|p2a: Pain|0 fnt
|faint|p2a: Pain
|-damage|p1a: Dragapult|57/100|[from] item: Life Orb
|
|-weather|Hail|[upkeep]
|-damage|p1a: Dragapult|51/100|[from] Hail
|upkeep
|
|t:|1643098870
|switch|p2a: Big Brain Boov|Slowbro, F, shiny|100/100
|turn|8
|
|t:|1643098873
|move|p1a: Dragapult|Phantom Force||[still]
|-prepare|p1a: Dragapult|Phantom Force
|move|p2a: Big Brain Boov|Ice Beam|p1a: Dragapult|[miss]
|-miss|p2a: Big Brain Boov|p1a: Dragapult
|
|-weather|none
|upkeep
|turn|9
|
|t:|1643098880
|move|p1a: Dragapult|Phantom Force|p2a: Big Brain Boov|[from]lockedmove
|-supereffective|p2a: Big Brain Boov
|-damage|p2a: Big Brain Boov|0 fnt
|faint|p2a: Big Brain Boov
|-damage|p1a: Dragapult|42/100|[from] item: Life Orb
|
|upkeep
|
|t:|1643098889
|switch|p2a: Deidara Senpai|Tornadus-Therian, M|100/100
|turn|10
|
|t:|1643098892
|move|p1a: Dragapult|Dragon Darts|p2a: Deidara Senpai
|-damage|p2a: Deidara Senpai|47/100
|-anim|p1a: Dragapult|Dragon Darts|p2a: Deidara Senpai
|-damage|p2a: Deidara Senpai|0 fnt
|faint|p2a: Deidara Senpai
|-damage|p1a: Dragapult|32/100|[from] item: Life Orb
|
|upkeep
|c|☆best to be worst|gg
|
|t:|1643098900
|switch|p2a: SUPER SAIYAN|Blaziken, M|100/100
|turn|11
|
|t:|1643098903
|move|p2a: SUPER SAIYAN|Protect|p2a: SUPER SAIYAN
|-singleturn|p2a: SUPER SAIYAN|Protect
|move|p1a: Dragapult|Phantom Force||[still]
|-prepare|p1a: Dragapult|Phantom Force
|
|-ability|p2a: SUPER SAIYAN|Speed Boost|boost
|-boost|p2a: SUPER SAIYAN|spe|1
|upkeep
|turn|12
|
|t:|1643098910
|move|p1a: Dragapult|Phantom Force|p2a: SUPER SAIYAN|[from]lockedmove
|-damage|p2a: SUPER SAIYAN|0 fnt
|faint|p2a: SUPER SAIYAN
|-damage|p1a: Dragapult|22/100|[from] item: Life Orb
|
|upkeep
|
|t:|1643098915
|switch|p2a: Toothless|Dragapult, M, shiny|100/100
|turn|13
|c|☆Stunfisk2140|gg
|
|t:|1643098918
|move|p1a: Dragapult|Dragon Darts|p2a: Toothless
|-supereffective|p2a: Toothless
|-damage|p2a: Toothless|0 fnt
|faint|p2a: Toothless
|-damage|p1a: Dragapult|12/100|[from] item: Life Orb
|
|win|best to be worst
|c|☆Stunfisk2140|nice match
