|html|<div class="broadcast-blue"><strong>[Gen 8] OU is currently suspecting Melmetal! For information on how to participate check out the <a href="https://www.smogon.com/forums/threads/np-ss-ou-suspect-process-round-12-monster-mash.3709234/">suspect thread</a>.</strong></div>
|j|☆PedroGreg
|j|☆apetito
|inactive|Battle timer is ON: inactive players will automatically lose when time's up.
|t:|1666045432
|gametype|singles
|player|p1|PedroGreg|#wcop2022brazil|
|player|p2|apetito|hilda|
|teamsize|p1|6
|teamsize|p2|6
|gen|8
|tier|[Gen 8] OU
|rated|Tournament battle
|rule|Sleep Clause Mod: Limit one foe put to sleep
|rule|Species Clause: Limit one of each Pokémon
|rule|OHKO Clause: OHKO moves are banned
|rule|Evasion Items Clause: Evasion items are banned
|rule|Evasion Moves Clause: Evasion moves are banned
|rule|Endless Battle Clause: Forcing endless battles is banned
|rule|HP Percentage Mod: HP is shown in percentages
|rule|Dynamax Clause: You cannot dynamax
|clearpoke
|poke|p1|Landorus-Therian, M|
|poke|p1|Blacephalon|
|poke|p1|Rillaboom, F|
|poke|p1|Zapdos|
|poke|p1|Toxapex, M|
|poke|p1|Umbreon, F|
|poke|p2|Excadrill, M|
|poke|p2|Heatran, F|
|poke|p2|Corviknight, M|
|poke|p2|Skarmory, F|
|poke|p2|Aegislash, F|
|poke|p2|Ferrothorn, F|
|teampreview
|inactive|apetito also wants the timer to be on.
|c|☆PedroGreg|hf
|c|☆apetito|hf
|j| Master of Snivy
|
|t:|1666045443
|start
|switch|p1a: Landorus|Landorus-Therian, M|100/100
|switch|p2a: Aegislash|Aegislash, F, shiny|100/100
|-ability|p1a: Landorus|Intimidate|boost
|-unboost|p2a: Aegislash|atk|1
|turn|1
|
|t:|1666045449
|move|p1a: Landorus|Earthquake|p2a: Aegislash
|-supereffective|p2a: Aegislash
|-damage|p2a: Aegislash|25/100
|-enditem|p2a: Aegislash|Weakness Policy
|-boost|p2a: Aegislash|atk|2|[from] item: Weakness Policy
|-boost|p2a: Aegislash|spa|2|[from] item: Weakness Policy
|-formechange|p2a: Aegislash|Aegislash-Blade||[from] ability: Stance Change
|move|p2a: Aegislash|Shadow Ball|p1a: Landorus
|-damage|p1a: Landorus|31/100
|
|-heal|p1a: Landorus|37/100|[from] item: Leftovers
|upkeep
|turn|2
|j| zionlegacy
|
|t:|1666045459
|move|p2a: Aegislash|Shadow Sneak|p1a: Landorus
|-damage|p1a: Landorus|9/100
|move|p1a: Landorus|Earthquake|p2a: Aegislash
|-supereffective|p2a: Aegislash
|-damage|p2a: Aegislash|0 fnt
|faint|p2a: Aegislash
|
|-heal|p1a: Landorus|15/100|[from] item: Leftovers
|upkeep
|
|t:|1666045467
|switch|p2a: Excadrill|Excadrill, M|100/100
|-ability|p2a: Excadrill|Mold Breaker
|turn|3
|
|t:|1666045470
|switch|p1a: Umbreon|Umbreon, F|100/100
|move|p2a: Excadrill|Iron Head|p1a: Umbreon
|-damage|p1a: Umbreon|76/100
|
|-heal|p1a: Umbreon|82/100|[from] item: Leftovers
|upkeep
|turn|4
|
|t:|1666045475
|switch|p2a: Ferrothorn|Ferrothorn, F, shiny|100/100
|move|p1a: Umbreon|Foul Play|p2a: Ferrothorn
|-damage|p2a: Ferrothorn|81/100
|-damage|p1a: Umbreon|70/100|[from] ability: Iron Barbs|[of] p2a: Ferrothorn
|
|-heal|p1a: Umbreon|76/100|[from] item: Leftovers
|-heal|p2a: Ferrothorn|87/100|[from] item: Leftovers
|upkeep
|turn|5
|
|t:|1666045483
|switch|p1a: Zapdos|Zapdos|100/100
|move|p2a: Ferrothorn|Leech Seed|p1a: Zapdos
|-start|p1a: Zapdos|move: Leech Seed
|
|-heal|p2a: Ferrothorn|93/100|[from] item: Leftovers
|-damage|p1a: Zapdos|88/100|[from] Leech Seed|[of] p2a: Ferrothorn
|-heal|p2a: Ferrothorn|100/100|[silent]
|upkeep
|turn|6
|
|t:|1666045492
|switch|p1a: Umbreon|Umbreon, F|76/100
|move|p2a: Ferrothorn|Protect||[still]
|-fail|p2a: Ferrothorn
|
|-heal|p1a: Umbreon|82/100|[from] item: Leftovers
|upkeep
|turn|7
|
|t:|1666045497
|move|p1a: Umbreon|Protect|p1a: Umbreon
|-singleturn|p1a: Umbreon|Protect
|move|p2a: Ferrothorn|Leech Seed|p1a: Umbreon
|-activate|p1a: Umbreon|move: Protect
|
|-heal|p1a: Umbreon|88/100|[from] item: Leftovers
|upkeep
|turn|8
|
|t:|1666045505
|move|p1a: Umbreon|Wish|p1a: Umbreon
|move|p2a: Ferrothorn|Stealth Rock|p1a: Umbreon
|-sidestart|p1: PedroGreg|move: Stealth Rock
|
|-heal|p1a: Umbreon|94/100|[from] item: Leftovers
|upkeep
|turn|9
|
|t:|1666045509
|switch|p1a: Zapdos|Zapdos|88/100
|move|p2a: Ferrothorn|Leech Seed|p1a: Zapdos
|-start|p1a: Zapdos|move: Leech Seed
|
|-heal|p1a: Zapdos|100/100|[from] move: Wish|[wisher] Umbreon
|-damage|p1a: Zapdos|88/100|[from] Leech Seed|[of] p2a: Ferrothorn
|upkeep
|turn|10
|
|t:|1666045516
|move|p2a: Ferrothorn|Protect|p2a: Ferrothorn
|-singleturn|p2a: Ferrothorn|Protect
|move|p1a: Zapdos|Defog|p2a: Ferrothorn
|-activate|p2a: Ferrothorn|move: Protect
|
|-damage|p1a: Zapdos|76/100|[from] Leech Seed|[of] p2a: Ferrothorn
|upkeep
|turn|11
|
|t:|1666045523
|switch|p2a: Heatran|Heatran, F|100/100
|-item|p2a: Heatran|Air Balloon
|move|p1a: Zapdos|Defog|p2a: Heatran
|-unboost|p2a: Heatran|evasion|1
|-sideend|p1: PedroGreg|Stealth Rock|[from] move: Defog|[of] p1a: Zapdos
|
|-damage|p1a: Zapdos|64/100|[from] Leech Seed|[of] p2a: Heatran
|upkeep
|turn|12
|
|t:|1666045528
|move|p1a: Zapdos|Discharge|p2a: Heatran
|-damage|p2a: Heatran|82/100
|-enditem|p2a: Heatran|Air Balloon
|move|p2a: Heatran|Toxic|p1a: Zapdos
|-status|p1a: Zapdos|tox
|
|-damage|p1a: Zapdos|51/100 tox|[from] Leech Seed|[of] p2a: Heatran
|-heal|p2a: Heatran|94/100|[silent]
|-damage|p1a: Zapdos|45/100 tox|[from] psn
|upkeep
|turn|13
|
|t:|1666045535
|switch|p1a: Umbreon|Umbreon, F|94/100
|move|p2a: Heatran|Lava Plume|p1a: Umbreon
|-damage|p1a: Umbreon|68/100
|
|-heal|p1a: Umbreon|74/100|[from] item: Leftovers
|upkeep
|turn|14
|
|t:|1666045542
|move|p2a: Heatran|Toxic|p1a: Umbreon
|-status|p1a: Umbreon|tox
|-activate|p1a: Umbreon|ability: Synchronize
|-immune|p2a: Heatran
|move|p1a: Umbreon|Heal Bell|p1a: Umbreon
|-activate|p1a: Umbreon|move: Heal Bell
|-curestatus|p1a: Umbreon|tox|[msg]
|-curestatus|p1: Zapdos|tox|[msg]
|
|-heal|p1a: Umbreon|80/100|[from] item: Leftovers
|upkeep
|turn|15
|
|t:|1666045546
|switch|p2a: Ferrothorn|Ferrothorn, F, shiny|100/100
|move|p1a: Umbreon|Wish|p1a: Umbreon
|
|-heal|p1a: Umbreon|86/100|[from] item: Leftovers
|upkeep
|turn|16
|j| Fotossintese
|
|t:|1666045554
|switch|p1a: Zapdos|Zapdos|45/100
|move|p2a: Ferrothorn|Stealth Rock|p1a: Zapdos
|-sidestart|p1: PedroGreg|move: Stealth Rock
|
|-heal|p1a: Zapdos|97/100|[from] move: Wish|[wisher] Umbreon
|upkeep
|turn|17
|
|t:|1666045562
|move|p1a: Zapdos|Heat Wave|p2a: Ferrothorn
|-supereffective|p2a: Ferrothorn
|-damage|p2a: Ferrothorn|8/100
|move|p2a: Ferrothorn|Leech Seed|p1a: Zapdos
|-start|p1a: Zapdos|move: Leech Seed
|
|-heal|p2a: Ferrothorn|15/100|[from] item: Leftovers
|-damage|p1a: Zapdos|85/100|[from] Leech Seed|[of] p2a: Ferrothorn
|-heal|p2a: Ferrothorn|28/100|[silent]
|upkeep
|turn|18
|l| Fotossintese
|
|t:|1666045572
|switch|p1a: Umbreon|Umbreon, F|86/100
|-damage|p1a: Umbreon|74/100|[from] Stealth Rock
|move|p2a: Ferrothorn|Protect||[still]
|-fail|p2a: Ferrothorn
|
|-heal|p1a: Umbreon|80/100|[from] item: Leftovers
|-heal|p2a: Ferrothorn|34/100|[from] item: Leftovers
|upkeep
|turn|19
|
|t:|1666045577
|move|p1a: Umbreon|Protect|p1a: Umbreon
|-singleturn|p1a: Umbreon|Protect
|move|p2a: Ferrothorn|Leech Seed|p1a: Umbreon
|-activate|p1a: Umbreon|move: Protect
|
|-heal|p1a: Umbreon|86/100|[from] item: Leftovers
|-heal|p2a: Ferrothorn|41/100|[from] item: Leftovers
|upkeep
|turn|20
|
|t:|1666045584
|move|p1a: Umbreon|Wish|p1a: Umbreon
|move|p2a: Ferrothorn|Leech Seed|p1a: Umbreon
|-start|p1a: Umbreon|move: Leech Seed
|
|-heal|p1a: Umbreon|92/100|[from] item: Leftovers
|-heal|p2a: Ferrothorn|47/100|[from] item: Leftovers
|-damage|p1a: Umbreon|80/100|[from] Leech Seed|[of] p2a: Ferrothorn
|-heal|p2a: Ferrothorn|61/100|[silent]
|upkeep
|turn|21
|
|t:|1666045592
|switch|p1a: Zapdos|Zapdos|85/100
|move|p2a: Ferrothorn|Leech Seed|p1a: Zapdos
|-start|p1a: Zapdos|move: Leech Seed
|
|-heal|p1a: Zapdos|100/100|[from] move: Wish|[wisher] Umbreon
|-heal|p2a: Ferrothorn|67/100|[from] item: Leftovers
|-damage|p1a: Zapdos|88/100|[from] Leech Seed|[of] p2a: Ferrothorn
|-heal|p2a: Ferrothorn|80/100|[silent]
|upkeep
|turn|22
|
|t:|1666045597
|switch|p1a: Umbreon|Umbreon, F|80/100
|-damage|p1a: Umbreon|67/100|[from] Stealth Rock
|move|p2a: Ferrothorn|Protect||[still]
|-fail|p2a: Ferrothorn
|
|-heal|p1a: Umbreon|73/100|[from] item: Leftovers
|-heal|p2a: Ferrothorn|87/100|[from] item: Leftovers
|upkeep
|turn|23
|
|t:|1666045601
|move|p1a: Umbreon|Protect|p1a: Umbreon
|-singleturn|p1a: Umbreon|Protect
|move|p2a: Ferrothorn|Power Whip|p1a: Umbreon
|-activate|p1a: Umbreon|move: Protect
|
|-heal|p1a: Umbreon|79/100|[from] item: Leftovers
|-heal|p2a: Ferrothorn|93/100|[from] item: Leftovers
|upkeep
|turn|24
|
|t:|1666045603
|move|p1a: Umbreon|Wish|p1a: Umbreon
|move|p2a: Ferrothorn|Power Whip|p1a: Umbreon
|-damage|p1a: Umbreon|56/100
|
|-heal|p1a: Umbreon|62/100|[from] item: Leftovers
|-heal|p2a: Ferrothorn|99/100|[from] item: Leftovers
|upkeep
|turn|25
|
|t:|1666045609
|move|p1a: Umbreon|Protect|p1a: Umbreon
|-singleturn|p1a: Umbreon|Protect
|move|p2a: Ferrothorn|Leech Seed|p1a: Umbreon
|-activate|p1a: Umbreon|move: Protect
|
|-heal|p1a: Umbreon|100/100|[from] move: Wish|[wisher] Umbreon
|-heal|p2a: Ferrothorn|100/100|[from] item: Leftovers
|upkeep
|turn|26
|
|t:|1666045635
|switch|p1a: Zapdos|Zapdos|88/100
|move|p2a: Ferrothorn|Leech Seed|p1a: Zapdos
|-start|p1a: Zapdos|move: Leech Seed
|
|-damage|p1a: Zapdos|76/100|[from] Leech Seed|[of] p2a: Ferrothorn
|upkeep
|turn|27
|
|t:|1666045641
|switch|p1a: Umbreon|Umbreon, F|100/100
|-damage|p1a: Umbreon|88/100|[from] Stealth Rock
|move|p2a: Ferrothorn|Protect||[still]
|-fail|p2a: Ferrothorn
|
|-heal|p1a: Umbreon|94/100|[from] item: Leftovers
|upkeep
|turn|28
|
|t:|1666045653
|switch|p2a: Skarmory|Skarmory, F|100/100
|move|p1a: Umbreon|Wish|p1a: Umbreon
|
|-heal|p1a: Umbreon|99/100|[from] item: Leftovers
|upkeep
|turn|29
|
|t:|1666045656
|switch|p1a: Zapdos|Zapdos|76/100
|move|p2a: Skarmory|Whirlwind|p1a: Zapdos
|drag|p1a: Umbreon|Umbreon, F|99/100
|-damage|p1a: Umbreon|88/100|[from] Stealth Rock
|
|-heal|p1a: Umbreon|100/100|[from] move: Wish|[wisher] Umbreon
|upkeep
|turn|30
|
|t:|1666045661
|switch|p1a: Zapdos|Zapdos|76/100
|move|p2a: Skarmory|Spikes|p1a: Zapdos
|-sidestart|p1: PedroGreg|Spikes
|
|upkeep
|turn|31
|
|t:|1666045666
|switch|p2a: Heatran|Heatran, F|94/100
|move|p1a: Zapdos|Defog|p2a: Heatran
|-unboost|p2a: Heatran|evasion|1
|-sideend|p1: PedroGreg|Spikes|[from] move: Defog|[of] p1a: Zapdos
|-sideend|p1: PedroGreg|Stealth Rock|[from] move: Defog|[of] p1a: Zapdos
|
|upkeep
|turn|32
|
|t:|1666045674
|move|p1a: Zapdos|Discharge|p2a: Heatran
|-damage|p2a: Heatran|74/100
|move|p2a: Heatran|Lava Plume|p1a: Zapdos
|-damage|p1a: Zapdos|44/100
|
|upkeep
|turn|33
|
|t:|1666045680
|move|p1a: Zapdos|Roost|p1a: Zapdos
|-heal|p1a: Zapdos|94/100
|-singleturn|p1a: Zapdos|move: Roost
|move|p2a: Heatran|Lava Plume|p1a: Zapdos
|-damage|p1a: Zapdos|62/100
|
|upkeep
|turn|34
|
|t:|1666045689
|switch|p1a: Toxapex|Toxapex, M|100/100
|move|p2a: Heatran|Lava Plume|p1a: Toxapex
|-resisted|p1a: Toxapex
|-damage|p1a: Toxapex|86/100
|
|upkeep
|turn|35
|
|t:|1666045695
|switch|p2a: Ferrothorn|Ferrothorn, F, shiny|100/100
|move|p1a: Toxapex|Scald|p2a: Ferrothorn
|-resisted|p2a: Ferrothorn
|-damage|p2a: Ferrothorn|93/100
|
|-heal|p2a: Ferrothorn|99/100|[from] item: Leftovers
|upkeep
|turn|36
|
|t:|1666045701
|switch|p1a: Zapdos|Zapdos|62/100
|move|p2a: Ferrothorn|Stealth Rock|p1a: Zapdos
|-sidestart|p1: PedroGreg|move: Stealth Rock
|
|-heal|p2a: Ferrothorn|100/100|[from] item: Leftovers
|upkeep
|turn|37
|
|t:|1666045707
|switch|p2a: Heatran|Heatran, F|74/100
|move|p1a: Zapdos|Roost|p1a: Zapdos
|-heal|p1a: Zapdos|100/100
|-singleturn|p1a: Zapdos|move: Roost
|
|upkeep
|turn|38
|
|t:|1666045712
|move|p1a: Zapdos|Discharge|p2a: Heatran
|-damage|p2a: Heatran|54/100
|-status|p2a: Heatran|par
|move|p2a: Heatran|Toxic|p1a: Zapdos
|-status|p1a: Zapdos|tox
|
|-damage|p1a: Zapdos|94/100 tox|[from] psn
|upkeep
|turn|39
|
|t:|1666045722
|switch|p1a: Umbreon|Umbreon, F|100/100
|-damage|p1a: Umbreon|88/100|[from] Stealth Rock
|move|p2a: Heatran|Lava Plume|p1a: Umbreon
|-damage|p1a: Umbreon|64/100
|
|-heal|p1a: Umbreon|70/100|[from] item: Leftovers
|upkeep
|turn|40
|
|t:|1666045730
|move|p1a: Umbreon|Protect|p1a: Umbreon
|-singleturn|p1a: Umbreon|Protect
|move|p2a: Heatran|Toxic|p1a: Umbreon
|-activate|p1a: Umbreon|move: Protect
|
|-heal|p1a: Umbreon|76/100|[from] item: Leftovers
|upkeep
|turn|41
|
|t:|1666045737
|move|p1a: Umbreon|Heal Bell|p1a: Umbreon
|-activate|p1a: Umbreon|move: Heal Bell
|-curestatus|p1: Zapdos|tox|[msg]
|move|p2a: Heatran|Toxic||[still]
|-status|p1a: Umbreon|tox
|-activate|p1a: Umbreon|ability: Synchronize
|-fail|p1a: Umbreon
|
|-heal|p1a: Umbreon|82/100 tox|[from] item: Leftovers
|-damage|p1a: Umbreon|76/100 tox|[from] psn
|upkeep
|turn|42
|
|t:|1666045741
|move|p1a: Umbreon|Heal Bell|p1a: Umbreon
|-activate|p1a: Umbreon|move: Heal Bell
|-curestatus|p1a: Umbreon|tox|[msg]
|cant|p2a: Heatran|par
|
|-heal|p1a: Umbreon|82/100|[from] item: Leftovers
|upkeep
|turn|43
|
|t:|1666045746
|switch|p1a: Toxapex|Toxapex, M|100/100
|-damage|p1a: Toxapex|88/100|[from] Stealth Rock
|move|p2a: Heatran|Roar|p1a: Toxapex
|drag|p1a: Blacephalon|Blacephalon|100/100
|-damage|p1a: Blacephalon|76/100|[from] Stealth Rock
|
|upkeep
|turn|44
|
|t:|1666045754
|switch|p1a: Zapdos|Zapdos|94/100
|move|p2a: Heatran|Earth Power|p1a: Zapdos
|-immune|p1a: Zapdos
|
|upkeep
|turn|45
|j| top1 DOU8
|
|t:|1666045764
|move|p1a: Zapdos|Defog|p2a: Heatran
|-unboost|p2a: Heatran|evasion|1
|-sideend|p1: PedroGreg|Stealth Rock|[from] move: Defog|[of] p1a: Zapdos
|move|p2a: Heatran|Lava Plume|p1a: Zapdos
|-damage|p1a: Zapdos|58/100
|-status|p1a: Zapdos|brn
|
|-damage|p1a: Zapdos|52/100 brn|[from] brn
|upkeep
|turn|46
|
|t:|1666045769
|move|p1a: Zapdos|Discharge|p2a: Heatran
|-damage|p2a: Heatran|33/100 par
|move|p2a: Heatran|Earth Power|p1a: Zapdos
|-immune|p1a: Zapdos
|
|-damage|p1a: Zapdos|46/100 brn|[from] brn
|upkeep
|turn|47
|c| top1 DOU8|PedroGreg como faz pra ser pro q nem vc?
|c|☆apetito|a matchup é boa pra ele lol
|c| Master of Snivy|Use stall
|c| top1 DOU8|stall n existe
|c|☆apetito|eu n tenho time de ou
|c|☆PedroGreg|essa mu n é boa pra mim nem de longe
|c|☆apetito|achei q era tour de mono
|c|☆apetito|é sim LMAO
|inactive|apetito has 120 seconds left.
|c|☆apetito|vc consegue stallar meu time
|c|☆apetito|e o zapdos
|c|☆apetito|é bom vs steel
|c|☆apetito|por si só
|c|☆apetito|por isso mono electric é bom vs steel
|c|☆apetito|por conta do zapdos
|
|t:|1666045827
|move|p1a: Zapdos|Discharge|p2a: Heatran
|-damage|p2a: Heatran|12/100 par
|move|p2a: Heatran|Earth Power|p1a: Zapdos
|-immune|p1a: Zapdos
|
|-damage|p1a: Zapdos|40/100 brn|[from] brn
|upkeep
|turn|48
|
|t:|1666045838
|switch|p1a: Landorus|Landorus-Therian, M|15/100
|-ability|p1a: Landorus|Intimidate|boost
|-unboost|p2a: Heatran|atk|1
|switch|p2a: Excadrill|Excadrill, M|100/100
|-ability|p2a: Excadrill|Mold Breaker
|
|-heal|p1a: Landorus|21/100|[from] item: Leftovers
|upkeep
|turn|49
|l| Master of Snivy
|
|t:|1666045846
|switch|p1a: Umbreon|Umbreon, F|82/100
|move|p2a: Excadrill|Iron Head|p1a: Umbreon
|-damage|p1a: Umbreon|57/100
|
|-heal|p1a: Umbreon|63/100|[from] item: Leftovers
|upkeep
|turn|50
|inactive|apetito has 120 seconds left.
|
|t:|1666045852
|switch|p2a: Skarmory|Skarmory, F|100/100
|move|p1a: Umbreon|Foul Play|p2a: Skarmory
|-damage|p2a: Skarmory|86/100
|-damage|p1a: Umbreon|47/100|[from] item: Rocky Helmet|[of] p2a: Skarmory
|
|-heal|p1a: Umbreon|53/100|[from] item: Leftovers
|upkeep
|turn|51
|
|t:|1666045862
|switch|p1a: Zapdos|Zapdos|40/100 brn
|move|p2a: Skarmory|Body Press|p1a: Zapdos
|-resisted|p1a: Zapdos
|-damage|p1a: Zapdos|27/100 brn
|
|-damage|p1a: Zapdos|21/100 brn|[from] brn
|upkeep
|turn|52
|
|t:|1666045867
|move|p1a: Zapdos|Roost|p1a: Zapdos
|-heal|p1a: Zapdos|71/100 brn
|-singleturn|p1a: Zapdos|move: Roost
|move|p2a: Skarmory|Whirlwind|p1a: Zapdos
|drag|p1a: Blacephalon|Blacephalon|76/100
|
|upkeep
|turn|53
|
|t:|1666045880
|switch|p2a: Corviknight|Corviknight, M, shiny|100/100
|move|p1a: Blacephalon|Shadow Ball|p2a: Corviknight
|-damage|p2a: Corviknight|67/100
|
|-heal|p2a: Corviknight|74/100|[from] item: Leftovers
|upkeep
|turn|54
|
|t:|1666045889
|switch|p2a: Heatran|Heatran, F|12/100 par
|move|p1a: Blacephalon|Shadow Ball|p2a: Heatran
|-damage|p2a: Heatran|0 fnt
|faint|p2a: Heatran
|-ability|p1a: Blacephalon|Beast Boost|boost
|-boost|p1a: Blacephalon|spa|1
|
|upkeep
|c|☆apetito|nem se eu jogasse perfeito
|c|☆apetito|dava pra ganhar
|c|☆apetito|90-10 no minimo
|-message|apetito forfeited.
|
|win|PedroGreg
|n|☆PedroGreg|pedrogreg
|n|☆apetito|apetito
|n| zionlegacy|zionlegacy
|n| top1 DOU8|top1dou8
|l|☆apetito
|l|☆PedroGreg
|l| top1 DOU8
