|j|☆tasa makira
|j|☆Rheinmetal
|t:|1599701699
|player|p1|tasa makira|aromalady|1610
|player|p2|Rheinmetal|cynthia|1705
|teamsize|p1|6
|teamsize|p2|6
|gametype|singles
|gen|8
|tier|[Gen 8] OU
|rated|
|clearpoke
|poke|p1|Alakazam, M|
|poke|p1|Aegislash, M|
|poke|p1|Urshifu-*, F|
|poke|p1|Conkeldurr, M|
|poke|p1|Crawdaunt, M|
|poke|p1|Togekiss, F|
|poke|p2|Torkoal, M|
|poke|p2|Charizard, M|
|poke|p2|Venusaur, M|
|poke|p2|Excadrill, M|
|poke|p2|Togekiss, M|
|poke|p2|Urshifu-*, M|
|rule|Sleep Clause Mod: Limit one foe put to sleep
|rule|Species Clause: Limit one of each Pokémon
|rule|OHKO Clause: OHKO moves are banned
|rule|Evasion Moves Clause: Evasion moves are banned
|rule|Endless Battle Clause: Forcing endless battles is banned
|rule|HP Percentage Mod: HP is shown in percentages
|rule|Dynamax Clause: You cannot dynamax
|teampreview
|inactive|Battle timer is ON: inactive players will automatically lose when time's up. (requested by Rheinmetal)
|
|t:|1599701720
|start
|switch|p1a: Urshifu|Urshifu-Rapid-Strike, F|100/100
|switch|p2a: Oppenheimer|Torkoal, M|100/100
|-weather|SunnyDay|[from] ability: Drought|[of] p2a: Oppenheimer
|turn|1
|
|t:|1599701727
|switch|p2a: Venusaur|Venusaur, M|100/100
|move|p1a: Urshifu|Surging Strikes|p2a: Venusaur
|-resisted|p2a: Venusaur
|-crit|p2a: Venusaur
|-damage|p2a: Venusaur|91/100
|-resisted|p2a: Venusaur
|-crit|p2a: Venusaur
|-damage|p2a: Venusaur|82/100
|-resisted|p2a: Venusaur
|-crit|p2a: Venusaur
|-damage|p2a: Venusaur|73/100
|-hitcount|p2a: Venusaur|3
|
|-weather|SunnyDay|[upkeep]
|upkeep
|turn|2
|
|t:|1599701739
|switch|p1a: Aegislash|Aegislash, M|100/100
|move|p2a: Venusaur|Giga Drain|p1a: Aegislash
|-resisted|p1a: Aegislash
|-damage|p1a: Aegislash|80/100
|-heal|p2a: Venusaur|82/100|[from] drain|[of] p1a: Aegislash
|-damage|p2a: Venusaur|72/100|[from] item: Life Orb
|
|-weather|SunnyDay|[upkeep]
|upkeep
|turn|3
|
|t:|1599701743
|-formechange|p1a: Aegislash|Aegislash-Blade||[from] ability: Stance Change
|move|p1a: Aegislash|Shadow Sneak|p2a: Venusaur
|-damage|p2a: Venusaur|43/100
|move|p2a: Venusaur|Weather Ball|p1a: Aegislash
|-supereffective|p1a: Aegislash
|-crit|p1a: Aegislash
|-damage|p1a: Aegislash|0 fnt
|-damage|p2a: Venusaur|34/100|[from] item: Life Orb
|faint|p1a: Aegislash
|
|-weather|SunnyDay|[upkeep]
|upkeep
|
|t:|1599701750
|switch|p1a: Alakazam|Alakazam, M|100/100
|turn|4
|
|t:|1599701755
|switch|p2a: Excadrill|Excadrill, M|100/100
|-ability|p2a: Excadrill|Mold Breaker
|move|p1a: Alakazam|Psychic|p2a: Excadrill
|-resisted|p2a: Excadrill
|-damage|p2a: Excadrill|81/100
|
|-weather|SunnyDay|[upkeep]
|-heal|p2a: Excadrill|87/100|[from] item: Leftovers
|upkeep
|turn|5
|
|t:|1599701765
|move|p1a: Alakazam|Focus Blast|p2a: Excadrill
|-supereffective|p2a: Excadrill
|-damage|p2a: Excadrill|22/100
|move|p2a: Excadrill|Stealth Rock|p1a: Alakazam
|-sidestart|p1: tasa makira|move: Stealth Rock
|
|-weather|SunnyDay|[upkeep]
|-heal|p2a: Excadrill|28/100|[from] item: Leftovers
|upkeep
|turn|6
|
|t:|1599701771
|switch|p1a: Crawdaunt|Crawdaunt, M|100/100
|-damage|p1a: Crawdaunt|88/100|[from] Stealth Rock
|switch|p2a: Togekiss|Togekiss, M|100/100
|
|-weather|SunnyDay|[upkeep]
|upkeep
|turn|7
|
|t:|1599701778
|move|p2a: Togekiss|Dazzling Gleam|p1a: Crawdaunt
|-supereffective|p1a: Crawdaunt
|-damage|p1a: Crawdaunt|0 fnt
|faint|p1a: Crawdaunt
|
|-weather|SunnyDay|[upkeep]
|upkeep
|
|t:|1599701781
|switch|p1a: Togekiss|Togekiss, F|100/100
|-damage|p1a: Togekiss|76/100|[from] Stealth Rock
|turn|8
|j| jbjbjbbbnnjiop
|
|t:|1599701798
|switch|p2a: Excadrill|Excadrill, M|28/100
|-ability|p2a: Excadrill|Mold Breaker
|move|p1a: Togekiss|Defog|p2a: Excadrill
|-unboost|p2a: Excadrill|evasion|1
|-sideend|p1: tasa makira|Stealth Rock|[from] move: Defog|[of] p1a: Togekiss
|
|-weather|none
|-heal|p2a: Excadrill|34/100|[from] item: Leftovers
|upkeep
|turn|9
|
|t:|1599701803
|switch|p1a: Conkeldurr|Conkeldurr, M|100/100
|move|p2a: Excadrill|Stealth Rock|p1a: Conkeldurr
|-sidestart|p1: tasa makira|move: Stealth Rock
|
|-heal|p2a: Excadrill|40/100|[from] item: Leftovers
|-status|p1a: Conkeldurr|brn|[from] item: Flame Orb
|upkeep
|turn|10
|j| taw
|
|t:|1599701807
|switch|p2a: Oppenheimer|Torkoal, M|100/100
|-weather|SunnyDay|[from] ability: Drought|[of] p2a: Oppenheimer
|move|p1a: Conkeldurr|Knock Off|p2a: Oppenheimer
|-damage|p2a: Oppenheimer|68/100
|-enditem|p2a: Oppenheimer|Heat Rock|[from] move: Knock Off|[of] p1a: Conkeldurr
|
|-weather|SunnyDay|[upkeep]
|-damage|p1a: Conkeldurr|94/100 brn|[from] brn
|upkeep
|turn|11
|
|t:|1599701813
|switch|p2a: Togekiss|Togekiss, M|100/100
|move|p1a: Conkeldurr|Facade|p2a: Togekiss
|-damage|p2a: Togekiss|6/100
|
|-weather|SunnyDay|[upkeep]
|-damage|p1a: Conkeldurr|88/100 brn|[from] brn
|upkeep
|turn|12
|
|t:|1599701820
|switch|p2a: Venusaur|Venusaur, M|34/100
|move|p1a: Conkeldurr|Mach Punch|p2a: Venusaur
|-resisted|p2a: Venusaur
|-damage|p2a: Venusaur|9/100
|
|-weather|SunnyDay|[upkeep]
|-damage|p1a: Conkeldurr|82/100 brn|[from] brn
|upkeep
|turn|13
|
|t:|1599701824
|move|p1a: Conkeldurr|Mach Punch|p2a: Venusaur
|-resisted|p2a: Venusaur
|-damage|p2a: Venusaur|0 fnt
|faint|p2a: Venusaur
|
|-weather|SunnyDay|[upkeep]
|-damage|p1a: Conkeldurr|76/100 brn|[from] brn
|upkeep
|
|t:|1599701827
|switch|p2a: Nuclear|Charizard, M, shiny|100/100
|turn|14
|j| Zxirus
|j| Syrup131
|
|t:|1599701839
|switch|p1a: Alakazam|Alakazam, M|100/100
|move|p2a: Nuclear|Weather Ball|p1a: Alakazam
|-enditem|p1a: Alakazam|Focus Sash
|-damage|p1a: Alakazam|1/100
|
|-weather|SunnyDay|[upkeep]
|-damage|p2a: Nuclear|88/100|[from] ability: Solar Power|[of] p2a: Nuclear
|upkeep
|turn|15
|
|t:|1599701846
|switch|p2a: Excadrill|Excadrill, M|40/100
|-ability|p2a: Excadrill|Mold Breaker
|move|p1a: Alakazam|Psychic|p2a: Excadrill
|-resisted|p2a: Excadrill
|-damage|p2a: Excadrill|20/100
|
|-weather|SunnyDay|[upkeep]
|-heal|p2a: Excadrill|26/100|[from] item: Leftovers
|upkeep
|turn|16
|
|t:|1599701854
|move|p1a: Alakazam|Focus Blast|p2a: Excadrill|[miss]
|-miss|p1a: Alakazam|p2a: Excadrill
|move|p2a: Excadrill|Earthquake|p1a: Alakazam
|-damage|p1a: Alakazam|0 fnt
|faint|p1a: Alakazam
|
|-weather|SunnyDay|[upkeep]
|-heal|p2a: Excadrill|33/100|[from] item: Leftovers
|upkeep
|
|t:|1599701857
|switch|p1a: Conkeldurr|Conkeldurr, M|76/100 brn
|-damage|p1a: Conkeldurr|70/100 brn|[from] Stealth Rock
|turn|17
|
|t:|1599701866
|move|p1a: Conkeldurr|Mach Punch|p2a: Excadrill
|-supereffective|p2a: Excadrill
|-damage|p2a: Excadrill|0 fnt
|faint|p2a: Excadrill
|
|-weather|none
|-damage|p1a: Conkeldurr|64/100 brn|[from] brn
|upkeep
|
|t:|1599701868
|switch|p2a: Oppenheimer|Torkoal, M|68/100
|-weather|SunnyDay|[from] ability: Drought|[of] p2a: Oppenheimer
|turn|18
|
|t:|1599701871
|move|p1a: Conkeldurr|Knock Off|p2a: Oppenheimer
|-damage|p2a: Oppenheimer|46/100
|move|p2a: Oppenheimer|Lava Plume|p1a: Conkeldurr
|-damage|p1a: Conkeldurr|16/100 brn
|
|-weather|SunnyDay|[upkeep]
|-damage|p1a: Conkeldurr|10/100 brn|[from] brn
|upkeep
|turn|19
|
|t:|1599701873
|move|p1a: Conkeldurr|Facade|p2a: Oppenheimer
|-damage|p2a: Oppenheimer|0 fnt
|faint|p2a: Oppenheimer
|
|-weather|SunnyDay|[upkeep]
|-damage|p1a: Conkeldurr|4/100 brn|[from] brn
|upkeep
|
|t:|1599701879
|switch|p2a: Nuclear|Charizard, M, shiny|88/100
|turn|20
|
|t:|1599701889
|move|p1a: Conkeldurr|Mach Punch|p2a: Nuclear
|-resisted|p2a: Nuclear
|-damage|p2a: Nuclear|62/100
|move|p2a: Nuclear|Weather Ball|p1a: Conkeldurr
|-damage|p1a: Conkeldurr|0 fnt
|faint|p1a: Conkeldurr
|
|-weather|SunnyDay|[upkeep]
|-damage|p2a: Nuclear|50/100|[from] ability: Solar Power|[of] p2a: Nuclear
|upkeep
|
|t:|1599701897
|switch|p1a: Togekiss|Togekiss, F|76/100
|-damage|p1a: Togekiss|51/100|[from] Stealth Rock
|turn|21
|
|t:|1599701903
|move|p1a: Togekiss|Air Slash|p2a: Nuclear
|-damage|p2a: Nuclear|0 fnt
|faint|p2a: Nuclear
|
|-weather|SunnyDay|[upkeep]
|upkeep
|
|t:|1599701909
|switch|p2a: Togekiss|Togekiss, M|6/100
|turn|22
|
|t:|1599701912
|move|p1a: Togekiss|Air Slash|p2a: Togekiss
|-damage|p2a: Togekiss|0 fnt
|faint|p2a: Togekiss
|
|-weather|none
|upkeep
|-message|Rheinmetal forfeited.
|
|win|tasa makira
|l|☆Rheinmetal
|l|☆tasa makira
|raw|tasa makira's rating: 1610 &rarr; <strong>1635</strong><br />(+25 for winning)
|raw|Rheinmetal's rating: 1706 &rarr; <strong>1680</strong><br />(-26 for losing)
|l| jbjbjbbbnnjiop
|l| Syrup131
