|raw|<div class="broadcast-blue"><strong>This battle is required to be public due to a player having a name starting with 'lt81yl'.</div>
|j|☆LT81YL Yelo
|j|‽lonietzzz
|t:|1625229147
|gametype|singles
|player|p1|LT81YL Yelo|red-gen2|1674
|player|p2|lonietzzz|pokemonbreederf|1810
|teamsize|p1|6
|teamsize|p2|6
|gen|8
|tier|[Gen 8] OU
|rated|
|rule|Sleep Clause Mod: Limit one foe put to sleep
|rule|Species Clause: Limit one of each Pokémon
|rule|OHKO Clause: OHKO moves are banned
|rule|Evasion Moves Clause: Evasion moves are banned
|rule|Endless Battle Clause: Forcing endless battles is banned
|rule|HP Percentage Mod: HP is shown in percentages
|rule|Dynamax Clause: You cannot dynamax
|clearpoke
|poke|p1|Heatran, F|
|poke|p1|Zeraora|
|poke|p1|Tornadus-Therian, M|
|poke|p1|Tapu Fini|
|poke|p1|Mew|
|poke|p1|Landorus-Therian, M|
|poke|p2|Garchomp, F|
|poke|p2|Dragapult, M|
|poke|p2|Mew|
|poke|p2|Cloyster, F|
|poke|p2|Kartana|
|poke|p2|Weavile, M|
|teampreview
|inactive|Battle timer is ON: inactive players will automatically lose when time's up. (requested by LT81YL Yelo)
|
|t:|1625229166
|start
|switch|p1a: Heatran|Heatran, F|100/100
|switch|p2a: Mew|Mew|100/100
|turn|1
|
|t:|1625229172
|move|p2a: Mew|Thunder Wave|p1a: Heatran
|-status|p1a: Heatran|par
|cant|p1a: Heatran|par
|
|upkeep
|turn|2
|
|t:|1625229176
|move|p2a: Mew|Taunt|p1a: Heatran
|-start|p1a: Heatran|move: Taunt
|cant|p1a: Heatran|move: Taunt|Taunt
|
|upkeep
|turn|3
|
|t:|1625229181
|move|p2a: Mew|Stealth Rock|p1a: Heatran
|-sidestart|p1: LT81YL Yelo|move: Stealth Rock
|move|p1a: Heatran|Magma Storm|p2a: Mew
|-damage|p2a: Mew|61/100
|-activate|p2a: Mew|move: Magma Storm|[of] p1a: Heatran
|
|-damage|p2a: Mew|49/100|[from] move: Magma Storm|[partiallytrapped]
|upkeep
|turn|4
|
|t:|1625229188
|move|p2a: Mew|Spikes|p1a: Heatran
|-sidestart|p1: LT81YL Yelo|Spikes
|move|p1a: Heatran|Heavy Slam|p2a: Mew
|-damage|p2a: Mew|22/100
|
|-damage|p2a: Mew|10/100|[from] move: Magma Storm|[partiallytrapped]
|-end|p1a: Heatran|move: Taunt
|upkeep
|turn|5
|
|t:|1625229193
|switch|p1a: Tornadus|Tornadus-Therian, M|100/100
|move|p2a: Mew|Taunt|p1a: Tornadus
|-start|p1a: Tornadus|move: Taunt
|
|-end|p2a: Mew|Magma Storm|[partiallytrapped]|[silent]
|upkeep
|turn|6
|
|t:|1625229201
|move|p1a: Tornadus|U-turn|p2a: Mew
|-supereffective|p2a: Mew
|-damage|p2a: Mew|0 fnt
|faint|p2a: Mew
|
|t:|1625229213
|switch|p1a: Zeraora|Zeraora|100/100|[from]move: U-turn
|
|upkeep
|j| LT81YL POWER
|
|t:|1625229218
|switch|p2a: Garchomp|Garchomp, F|100/100
|turn|7
|j| Fostyyminaj
|
|t:|1625229231
|switch|p1a: Landorus|Landorus-Therian, M|100/100
|-damage|p1a: Landorus|88/100|[from] Stealth Rock
|-ability|p1a: Landorus|Intimidate|boost
|-unboost|p2a: Garchomp|atk|1
|move|p2a: Garchomp|Earthquake|p1a: Landorus
|-immune|p1a: Landorus
|
|-heal|p1a: Landorus|94/100|[from] item: Leftovers
|upkeep
|turn|8
|
|t:|1625229236
|move|p2a: Garchomp|Swords Dance|p2a: Garchomp
|-boost|p2a: Garchomp|atk|2
|move|p1a: Landorus|Toxic|p2a: Garchomp
|-status|p2a: Garchomp|tox
|
|-heal|p1a: Landorus|99/100|[from] item: Leftovers
|-damage|p2a: Garchomp|94/100 tox|[from] psn
|upkeep
|turn|9
|
|t:|1625229243
|move|p2a: Garchomp|Swords Dance|p2a: Garchomp
|-boost|p2a: Garchomp|atk|2
|move|p1a: Landorus|Earthquake|p2a: Garchomp
|-damage|p2a: Garchomp|49/100 tox
|
|-heal|p1a: Landorus|100/100|[from] item: Leftovers
|-damage|p2a: Garchomp|36/100 tox|[from] psn
|upkeep
|turn|10
|l| Fostyyminaj
|
|t:|1625229270
|switch|p1a: Tapu Fini|Tapu Fini|100/100
|-damage|p1a: Tapu Fini|88/100|[from] Spikes
|-damage|p1a: Tapu Fini|75/100|[from] Stealth Rock
|-fieldstart|move: Misty Terrain|[from] ability: Misty Surge|[of] p1a: Tapu Fini
|move|p2a: Garchomp|Scale Shot|p1a: Tapu Fini
|-immune|p1a: Tapu Fini
|
|-heal|p1a: Tapu Fini|82/100|[from] item: Leftovers
|-damage|p2a: Garchomp|18/100 tox|[from] psn
|upkeep
|turn|11
|inactive|LT81YL Yelo has 120 seconds left.
|j| DanielRiodani
|inactive|LT81YL Yelo has 90 seconds left.
|inactive|LT81YL Yelo has 60 seconds left.
|
|t:|1625229364
|switch|p1a: Heatran|Heatran, F|100/100 par
|-damage|p1a: Heatran|88/100 par|[from] Spikes
|-damage|p1a: Heatran|76/100 par|[from] Stealth Rock
|move|p2a: Garchomp|Scale Shot|p1a: Heatran
|-resisted|p1a: Heatran
|-damage|p1a: Heatran|67/100 par
|-resisted|p1a: Heatran
|-damage|p1a: Heatran|58/100 par
|-resisted|p1a: Heatran
|-damage|p1a: Heatran|49/100 par
|-resisted|p1a: Heatran
|-damage|p1a: Heatran|40/100 par
|-hitcount|p1a: Heatran|4
|-unboost|p2a: Garchomp|def|1
|-boost|p2a: Garchomp|spe|1
|-damage|p2a: Garchomp|8/100 tox|[from] item: Life Orb
|
|-heal|p1a: Heatran|46/100 par|[from] item: Leftovers
|-damage|p2a: Garchomp|0 fnt|[from] psn
|faint|p2a: Garchomp
|upkeep
|
|t:|1625229370
|switch|p2a: Kartana|Kartana|100/100
|turn|12
|
|t:|1625229377
|move|p2a: Kartana|Sacred Sword|p1a: Heatran
|-supereffective|p1a: Heatran
|-damage|p1a: Heatran|0 fnt
|faint|p1a: Heatran
|-ability|p2a: Kartana|Beast Boost|boost
|-boost|p2a: Kartana|atk|1
|
|upkeep
|
|t:|1625229379
|switch|p1a: Tornadus|Tornadus-Therian, M|100/100
|turn|13
|
|t:|1625229389
|switch|p2a: Weavile|Weavile, M|100/100
|-ability|p2a: Weavile|Pressure
|move|p1a: Tornadus|Hurricane|p2a: Weavile
|-damage|p2a: Weavile|48/100
|
|upkeep
|turn|14
|inactive|LT81YL Yelo has 60 seconds left.
|
|t:|1625229414
|move|p2a: Weavile|Triple Axel|p1a: Tornadus
|-supereffective|p1a: Tornadus
|-damage|p1a: Tornadus|77/100
|-supereffective|p1a: Tornadus
|-damage|p1a: Tornadus|33/100
|-supereffective|p1a: Tornadus
|-damage|p1a: Tornadus|0 fnt
|faint|p1a: Tornadus
|-hitcount|p1: Tornadus|3
|
|-fieldend|Misty Terrain
|upkeep
|inactive|LT81YL Yelo has 60 seconds left.
|
|t:|1625229420
|switch|p1a: Zeraora|Zeraora|100/100
|turn|15
|l| LT81YL POWER
|j| LT81YL POWER
|
|t:|1625229427
|move|p1a: Zeraora|Plasma Fists|p2a: Weavile
|-damage|p2a: Weavile|0 fnt
|faint|p2a: Weavile
|
|upkeep
|
|t:|1625229432
|switch|p2a: Kartana|Kartana|100/100
|turn|16
|
|t:|1625229441
|move|p1a: Zeraora|Volt Switch|p2a: Kartana
|-resisted|p2a: Kartana
|-damage|p2a: Kartana|67/100
|
|t:|1625229453
|switch|p1a: Landorus|Landorus-Therian, M|100/100|[from]move: Volt Switch
|-damage|p1a: Landorus|88/100|[from] Stealth Rock
|-ability|p1a: Landorus|Intimidate|boost
|-unboost|p2a: Kartana|atk|1
|-enditem|p2a: Kartana|Adrenaline Orb
|-boost|p2a: Kartana|spe|1|[from] item: Adrenaline Orb
|move|p2a: Kartana|Leaf Blade|p1a: Landorus
|-damage|p1a: Landorus|58/100
|
|-heal|p1a: Landorus|64/100|[from] item: Leftovers
|upkeep
|turn|17
|
|t:|1625229471
|move|p2a: Kartana|Swords Dance|p2a: Kartana
|-boost|p2a: Kartana|atk|2
|move|p1a: Landorus|U-turn|p2a: Kartana
|-damage|p2a: Kartana|46/100
|
|t:|1625229473
|switch|p1a: Mew|Mew|100/100|[from]move: U-turn
|-damage|p1a: Mew|88/100|[from] Spikes
|-damage|p1a: Mew|76/100|[from] Stealth Rock
|
|upkeep
|turn|18
|
|t:|1625229477
|move|p2a: Kartana|Knock Off|p1a: Mew
|-supereffective|p1a: Mew
|-damage|p1a: Mew|0 fnt
|-enditem|p1a: Mew|Weakness Policy|[from] move: Knock Off|[of] p2a: Kartana
|faint|p1a: Mew
|-ability|p2a: Kartana|Beast Boost|boost
|-boost|p2a: Kartana|atk|1
|
|upkeep
|
|t:|1625229481
|switch|p1a: Landorus|Landorus-Therian, M|64/100
|-damage|p1a: Landorus|51/100|[from] Stealth Rock
|-ability|p1a: Landorus|Intimidate|boost
|-unboost|p2a: Kartana|atk|1
|turn|19
|
|t:|1625229486
|move|p2a: Kartana|Leaf Blade|p1a: Landorus
|-damage|p1a: Landorus|0 fnt
|faint|p1a: Landorus
|-ability|p2a: Kartana|Beast Boost|boost
|-boost|p2a: Kartana|atk|1
|
|upkeep
|
|t:|1625229492
|switch|p1a: Zeraora|Zeraora|100/100
|turn|20
|
|t:|1625229495
|move|p2a: Kartana|Leaf Blade|p1a: Zeraora
|-crit|p1a: Zeraora
|-damage|p1a: Zeraora|0 fnt
|faint|p1a: Zeraora
|-ability|p2a: Kartana|Beast Boost|boost
|-boost|p2a: Kartana|atk|1
|
|upkeep
|j| LT81YL Chaos23333
|
|t:|1625229497
|switch|p1a: Tapu Fini|Tapu Fini|82/100
|-damage|p1a: Tapu Fini|69/100|[from] Stealth Rock
|-damage|p1a: Tapu Fini|57/100|[from] Spikes
|-fieldstart|move: Misty Terrain|[from] ability: Misty Surge|[of] p1a: Tapu Fini
|turn|21
|
|t:|1625229499
|move|p2a: Kartana|Leaf Blade|p1a: Tapu Fini
|-supereffective|p1a: Tapu Fini
|-damage|p1a: Tapu Fini|0 fnt
|faint|p1a: Tapu Fini
|
|win|lonietzzz
|raw|LT81YL Yelo's rating: 1674 &rarr; <strong>1661</strong><br />(-13 for losing)
|raw|lonietzzz's rating: 1810 &rarr; <strong>1823</strong><br />(+13 for winning)
|l|☆LT81YL Yelo
