|j|☆Segretaria Eelda
|j|☆BugCatcherWeevil
|t:|1653932165
|gametype|singles
|player|p1|Segretaria Eelda|veteranf|1629
|player|p2|BugCatcherWeevil|102|1639
|teamsize|p1|6
|teamsize|p2|6
|gen|8
|tier|[Gen 8] OU
|rated|
|rule|Sleep Clause Mod: Limit one foe put to sleep
|rule|Species Clause: Limit one of each Pokémon
|rule|OHKO Clause: OHKO moves are banned
|rule|Evasion Moves Clause: Evasion moves are banned
|rule|Endless Battle Clause: Forcing endless battles is banned
|rule|HP Percentage Mod: HP is shown in percentages
|rule|Dynamax Clause: You cannot dynamax
|clearpoke
|poke|p1|Clawitzer, M|
|poke|p1|Durant, F|
|poke|p1|Hippowdon, F|
|poke|p1|Zapdos-Galar|
|poke|p1|Incineroar, F|
|poke|p1|Tapu Koko|
|poke|p2|Arctovish|
|poke|p2|Pelipper, M|
|poke|p2|Barraskewda, F|
|poke|p2|Garchomp, M|
|poke|p2|Tornadus-Therian, M|
|poke|p2|Ferrothorn, F|
|teampreview
|inactive|Battle timer is ON: inactive players will automatically lose when time's up. (requested by Segretaria Eelda)
|inactive|Segretaria Eelda has 120 seconds left.
|
|t:|1653932201
|start
|switch|p1a: Huhn|Tapu Koko|100/100
|switch|p2a: Ferrothorn|Ferrothorn, F|100/100
|-fieldstart|move: Electric Terrain|[from] ability: Electric Surge|[of] p1a: Huhn
|turn|1
|
|t:|1653932212
|move|p1a: Huhn|Volt Switch|p2a: Ferrothorn
|-resisted|p2a: Ferrothorn
|-damage|p2a: Ferrothorn|76/100
|
|t:|1653932219
|switch|p1a: Klaus|Clawitzer, M, shiny|100/100|[from]move: Volt Switch
|move|p2a: Ferrothorn|Stealth Rock|p1a: Klaus
|-sidestart|p1: Segretaria Eelda|move: Stealth Rock
|
|upkeep
|turn|2
|
|t:|1653932226
|switch|p2a: Pelipper|Pelipper, M|100/100
|-weather|RainDance|[from] ability: Drizzle|[of] p2a: Pelipper
|move|p1a: Klaus|Aura Sphere|p2a: Pelipper
|-resisted|p2a: Pelipper
|-damage|p2a: Pelipper|81/100
|
|-weather|RainDance|[upkeep]
|upkeep
|turn|3
|
|t:|1653932236
|move|p1a: Klaus|Terrain Pulse|p2a: Pelipper
|-supereffective|p2a: Pelipper
|-damage|p2a: Pelipper|0 fnt
|faint|p2a: Pelipper
|
|-weather|RainDance|[upkeep]
|upkeep
|
|t:|1653932245
|switch|p2a: Arctovish|Arctovish|100/100
|turn|4
|
|t:|1653932251
|move|p2a: Arctovish|Fishious Rend|p1a: Klaus
|-resisted|p1a: Klaus
|-damage|p1a: Klaus|6/100
|move|p1a: Klaus|Terrain Pulse|p2a: Arctovish
|-supereffective|p2a: Arctovish
|-damage|p2a: Arctovish|0 fnt
|faint|p2a: Arctovish
|
|-weather|RainDance|[upkeep]
|upkeep
|
|t:|1653932262
|switch|p2a: Garchomp|Garchomp, M|100/100
|turn|5
|
|t:|1653932264
|move|p2a: Garchomp|Scale Shot|p1a: Klaus
|-crit|p1a: Klaus
|-damage|p1a: Klaus|0 fnt
|faint|p1a: Klaus
|-hitcount|p1: Klaus|1
|-unboost|p2a: Garchomp|def|1
|-boost|p2a: Garchomp|spe|1
|
|-weather|RainDance|[upkeep]
|-fieldend|move: Electric Terrain
|upkeep
|
|t:|1653932267
|switch|p1a: Bruta|Hippowdon, F|100/100
|-damage|p1a: Bruta|94/100|[from] Stealth Rock
|-weather|Sandstorm|[from] ability: Sand Stream|[of] p1a: Bruta
|turn|6
|
|t:|1653932270
|move|p2a: Garchomp|Swords Dance|p2a: Garchomp
|-boost|p2a: Garchomp|atk|2
|move|p1a: Bruta|Toxic|p2a: Garchomp
|-status|p2a: Garchomp|tox
|
|-weather|Sandstorm|[upkeep]
|-damage|p2a: Garchomp|94/100 tox|[from] psn
|upkeep
|turn|7
|
|t:|1653932275
|move|p2a: Garchomp|Aqua Tail|p1a: Bruta
|-supereffective|p1a: Bruta
|-damage|p1a: Bruta|30/100
|-damage|p2a: Garchomp|78/100 tox|[from] item: Rocky Helmet|[of] p1a: Bruta
|move|p1a: Bruta|Slack Off|p1a: Bruta
|-heal|p1a: Bruta|80/100
|
|-weather|Sandstorm|[upkeep]
|-heal|p2a: Garchomp|84/100 tox|[from] item: Leftovers
|-damage|p2a: Garchomp|72/100 tox|[from] psn
|upkeep
|turn|8
|
|t:|1653932285
|move|p2a: Garchomp|Aqua Tail|p1a: Bruta
|-supereffective|p1a: Bruta
|-damage|p1a: Bruta|20/100
|-damage|p2a: Garchomp|55/100 tox|[from] item: Rocky Helmet|[of] p1a: Bruta
|move|p1a: Bruta|Slack Off|p1a: Bruta
|-heal|p1a: Bruta|70/100
|
|-weather|Sandstorm|[upkeep]
|-heal|p2a: Garchomp|61/100 tox|[from] item: Leftovers
|-damage|p2a: Garchomp|43/100 tox|[from] psn
|upkeep
|turn|9
|
|t:|1653932295
|move|p2a: Garchomp|Aqua Tail|p1a: Bruta
|-supereffective|p1a: Bruta
|-damage|p1a: Bruta|1/100
|-damage|p2a: Garchomp|26/100 tox|[from] item: Rocky Helmet|[of] p1a: Bruta
|move|p1a: Bruta|Stealth Rock|p2a: Garchomp
|-sidestart|p2: BugCatcherWeevil|move: Stealth Rock
|
|-weather|Sandstorm|[upkeep]
|-heal|p2a: Garchomp|32/100 tox|[from] item: Leftovers
|-damage|p2a: Garchomp|8/100 tox|[from] psn
|upkeep
|turn|10
|
|t:|1653932303
|move|p2a: Garchomp|Earthquake|p1a: Bruta
|-damage|p1a: Bruta|0 fnt
|faint|p1a: Bruta
|
|-weather|none
|-heal|p2a: Garchomp|14/100 tox|[from] item: Leftovers
|-damage|p2a: Garchomp|0 fnt|[from] psn
|faint|p2a: Garchomp
|upkeep
|
|t:|1653932309
|switch|p2a: Barraskewda|Barraskewda, F|100/100
|switch|p1a: Nadia|Incineroar, F|100/100
|-damage|p2a: Barraskewda|88/100|[from] Stealth Rock
|-ability|p1a: Nadia|Intimidate|boost
|-unboost|p2a: Barraskewda|atk|1
|turn|11
|
|t:|1653932316
|move|p2a: Barraskewda|Flip Turn|p1a: Nadia
|-supereffective|p1a: Nadia
|-damage|p1a: Nadia|35/100
|
|t:|1653932319
|switch|p2a: Tornadus|Tornadus-Therian, M|100/100|[from]move: Flip Turn
|move|p1a: Nadia|Knock Off|p2a: Tornadus
|-damage|p2a: Tornadus|50/100
|-enditem|p2a: Tornadus|Heavy-Duty Boots|[from] move: Knock Off|[of] p1a: Nadia
|
|upkeep
|turn|12
|
|t:|1653932326
|move|p2a: Tornadus|Hurricane|p1a: Nadia|[miss]
|-miss|p2a: Tornadus|p1a: Nadia
|move|p1a: Nadia|Flare Blitz|p2a: Tornadus
|-damage|p2a: Tornadus|0 fnt
|faint|p2a: Tornadus
|-damage|p1a: Nadia|23/100|[from] Recoil
|
|upkeep
|
|t:|1653932329
|switch|p2a: Barraskewda|Barraskewda, F|88/100
|-damage|p2a: Barraskewda|76/100|[from] Stealth Rock
|turn|13
|
|t:|1653932334
|move|p2a: Barraskewda|Liquidation|p1a: Nadia
|-supereffective|p1a: Nadia
|-damage|p1a: Nadia|0 fnt
|faint|p1a: Nadia
|
|upkeep
|
|t:|1653932337
|switch|p1a: Zeta|Durant, F|100/100
|-damage|p1a: Zeta|88/100|[from] Stealth Rock
|turn|14
|
|t:|1653932340
|switch|p2a: Ferrothorn|Ferrothorn, F|76/100
|-damage|p2a: Ferrothorn|70/100|[from] Stealth Rock
|move|p1a: Zeta|First Impression|p2a: Ferrothorn
|-damage|p2a: Ferrothorn|22/100
|-damage|p1a: Zeta|76/100|[from] ability: Iron Barbs|[of] p2a: Ferrothorn
|-damage|p1a: Zeta|59/100|[from] item: Rocky Helmet|[of] p2a: Ferrothorn
|-damage|p1a: Zeta|50/100|[from] item: Life Orb
|
|upkeep
|turn|15
|
|t:|1653932346
|move|p1a: Zeta|Superpower|p2a: Ferrothorn
|-supereffective|p2a: Ferrothorn
|-damage|p2a: Ferrothorn|0 fnt
|-unboost|p1a: Zeta|atk|1
|-unboost|p1a: Zeta|def|1
|-damage|p1a: Zeta|37/100|[from] ability: Iron Barbs|[of] p2a: Ferrothorn
|-damage|p1a: Zeta|21/100|[from] item: Rocky Helmet|[of] p2a: Ferrothorn
|faint|p2a: Ferrothorn
|-damage|p1a: Zeta|11/100|[from] item: Life Orb
|
|upkeep
|
|t:|1653932348
|switch|p2a: Barraskewda|Barraskewda, F|76/100
|-damage|p2a: Barraskewda|64/100|[from] Stealth Rock
|turn|16
|
|t:|1653932361
|move|p1a: Zeta|First Impression||[still]
|-hint|First Impression only works on your first turn out.
|-fail|p1a: Zeta
|move|p2a: Barraskewda|Liquidation|p1a: Zeta
|-damage|p1a: Zeta|0 fnt
|faint|p1a: Zeta
|
|upkeep
|
|t:|1653932364
|switch|p1a: Huhn|Tapu Koko|100/100
|-damage|p1a: Huhn|88/100|[from] Stealth Rock
|-fieldstart|move: Electric Terrain|[from] ability: Electric Surge|[of] p1a: Huhn
|turn|17
|
|t:|1653932366
|move|p1a: Huhn|Thunderbolt|p2a: Barraskewda
|-supereffective|p2a: Barraskewda
|-damage|p2a: Barraskewda|0 fnt
|faint|p2a: Barraskewda
|
|win|Segretaria Eelda
|raw|Segretaria Eelda's rating: 1629 &rarr; <strong>1650</strong><br />(+21 for winning)
|raw|BugCatcherWeevil's rating: 1639 &rarr; <strong>1618</strong><br />(-21 for losing)
