|html|<div class="broadcast-blue"><strong>[Gen 8] OU is currently suspecting Melmetal! For information on how to participate check out the <a href="https://www.smogon.com/forums/threads/np-ss-ou-suspect-process-round-12-monster-mash.3709234/">suspect thread</a>.</strong></div>
|j|☆Kwaga
|j|☆FvkboyCharmander
|t:|1665773765
|gametype|singles
|player|p1|Kwaga|koga-gen1|1685
|player|p2|FvkboyCharmander|1|1682
|teamsize|p1|6
|teamsize|p2|6
|gen|8
|tier|[Gen 8] OU
|rated|
|rule|Sleep Clause Mod: Limit one foe put to sleep
|rule|Species Clause: Limit one of each Pokémon
|rule|OHKO Clause: OHKO moves are banned
|rule|Evasion Items Clause: Evasion items are banned
|rule|Evasion Moves Clause: Evasion moves are banned
|rule|Endless Battle Clause: Forcing endless battles is banned
|rule|HP Percentage Mod: HP is shown in percentages
|rule|Dynamax Clause: You cannot dynamax
|clearpoke
|poke|p1|Zapdos|
|poke|p1|Urshifu-*, M|
|poke|p1|Volcarona, F|
|poke|p1|Landorus-Therian, M|
|poke|p1|Ferrothorn, F|
|poke|p1|Clefable, M|
|poke|p2|Ninetales-Alola, F|
|poke|p2|Blaziken, M|
|poke|p2|Azumarill, F|
|poke|p2|Landorus-Therian, M|
|poke|p2|Rillaboom, F|
|poke|p2|Hawlucha, M|
|teampreview
|j| III Kirk III
|j| HouseofStyx
|
|t:|1665773773
|start
|switch|p1a: Ferrothorn|Ferrothorn, F|100/100
|switch|p2a: Azumarill|Azumarill, F|100/100
|turn|1
|
|t:|1665773783
|switch|p2a: Blaziken|Blaziken, M|100/100
|move|p1a: Ferrothorn|Stealth Rock|p2a: Blaziken
|-sidestart|p2: FvkboyCharmander|move: Stealth Rock
|
|upkeep
|turn|2
|inactive|Battle timer is ON: inactive players will automatically lose when time's up. (requested by Kwaga)
|
|t:|1665773792
|switch|p1a: Landorus|Landorus-Therian, M|100/100
|-ability|p1a: Landorus|Intimidate|boost
|-unboost|p2a: Blaziken|atk|1
|move|p2a: Blaziken|Flare Blitz|p1a: Landorus
|-damage|p1a: Landorus|45/100
|-damage|p2a: Blaziken|77/100|[from] Recoil
|-damage|p2a: Blaziken|67/100|[from] item: Life Orb
|
|-heal|p1a: Landorus|51/100|[from] item: Leftovers
|-ability|p2a: Blaziken|Speed Boost|boost
|-boost|p2a: Blaziken|spe|1
|upkeep
|turn|3
|
|t:|1665773794
|move|p2a: Blaziken|Flare Blitz|p1a: Landorus
|-damage|p1a: Landorus|0 fnt
|faint|p1a: Landorus
|-damage|p2a: Blaziken|47/100|[from] Recoil
|-damage|p2a: Blaziken|37/100|[from] item: Life Orb
|
|-ability|p2a: Blaziken|Speed Boost|boost
|-boost|p2a: Blaziken|spe|1
|upkeep
|
|t:|1665773799
|switch|p1a: Urshifu|Urshifu-Rapid-Strike, M|100/100
|turn|4
|
|t:|1665773803
|switch|p2a: Rillaboom|Rillaboom, F|100/100
|-damage|p2a: Rillaboom|88/100|[from] Stealth Rock
|-fieldstart|move: Grassy Terrain|[from] ability: Grassy Surge|[of] p2a: Rillaboom
|move|p1a: Urshifu|Aqua Jet|p2a: Rillaboom
|-resisted|p2a: Rillaboom
|-damage|p2a: Rillaboom|77/100
|
|-heal|p2a: Rillaboom|83/100|[from] Grassy Terrain
|upkeep
|turn|5
|
|t:|1665773813
|switch|p2a: Landorus|Landorus-Therian, M|100/100
|-damage|p2a: Landorus|88/100|[from] Stealth Rock
|-ability|p2a: Landorus|Intimidate|boost
|-unboost|p1a: Urshifu|atk|1
|move|p1a: Urshifu|U-turn|p2a: Landorus
|-resisted|p2a: Landorus
|-damage|p2a: Landorus|78/100
|
|t:|1665773817
|switch|p1a: Zapdos|Zapdos|100/100|[from]move: U-turn
|
|upkeep
|turn|6
|
|t:|1665773826
|move|p1a: Zapdos|Hurricane|p2a: Landorus
|-damage|p2a: Landorus|0 fnt
|faint|p2a: Landorus
|
|upkeep
|
|t:|1665773829
|switch|p2a: Ninetales|Ninetales-Alola, F|100/100
|-damage|p2a: Ninetales|75/100|[from] Stealth Rock
|-weather|Hail|[from] ability: Snow Warning|[of] p2a: Ninetales
|turn|7
|
|t:|1665773832
|switch|p1a: Ferrothorn|Ferrothorn, F|100/100
|move|p2a: Ninetales|Aurora Veil|p2a: Ninetales
|-sidestart|p2: FvkboyCharmander|move: Aurora Veil
|
|-weather|Hail|[upkeep]
|-damage|p1a: Ferrothorn|95/100|[from] Hail
|-heal|p2a: Ninetales|82/100|[from] Grassy Terrain
|-heal|p1a: Ferrothorn|100/100|[from] Grassy Terrain
|upkeep
|turn|8
|
|t:|1665773838
|switch|p2a: Hawlucha|Hawlucha, M|100/100
|-damage|p2a: Hawlucha|88/100|[from] Stealth Rock
|-enditem|p2a: Hawlucha|Grassy Seed
|-boost|p2a: Hawlucha|def|1|[from] item: Grassy Seed
|move|p1a: Ferrothorn|Leech Seed|p2a: Hawlucha|[miss]
|-miss|p1a: Ferrothorn|p2a: Hawlucha
|
|-weather|Hail|[upkeep]
|-damage|p2a: Hawlucha|82/100|[from] Hail
|-damage|p1a: Ferrothorn|95/100|[from] Hail
|-heal|p1a: Ferrothorn|100/100|[from] Grassy Terrain
|-fieldend|move: Grassy Terrain
|upkeep
|turn|9
|
|t:|1665773844
|move|p2a: Hawlucha|Substitute|p2a: Hawlucha
|-start|p2a: Hawlucha|Substitute
|-damage|p2a: Hawlucha|57/100
|move|p1a: Ferrothorn|Gyro Ball|p2a: Hawlucha
|-activate|p2a: Hawlucha|move: Substitute|[damage]
|
|-weather|Hail|[upkeep]
|-damage|p2a: Hawlucha|51/100|[from] Hail
|-damage|p1a: Ferrothorn|95/100|[from] Hail
|-heal|p1a: Ferrothorn|100/100|[from] item: Leftovers
|upkeep
|turn|10
|
|t:|1665773848
|move|p2a: Hawlucha|Swords Dance|p2a: Hawlucha
|-boost|p2a: Hawlucha|atk|2
|move|p1a: Ferrothorn|Gyro Ball|p2a: Hawlucha
|-end|p2a: Hawlucha|Substitute
|
|-weather|Hail|[upkeep]
|-damage|p2a: Hawlucha|45/100|[from] Hail
|-damage|p1a: Ferrothorn|95/100|[from] Hail
|-heal|p1a: Ferrothorn|100/100|[from] item: Leftovers
|upkeep
|turn|11
|
|t:|1665773851
|move|p2a: Hawlucha|Close Combat|p1a: Ferrothorn
|-supereffective|p1a: Ferrothorn
|-damage|p1a: Ferrothorn|0 fnt
|-unboost|p2a: Hawlucha|def|1
|-unboost|p2a: Hawlucha|spd|1
|-damage|p2a: Hawlucha|32/100|[from] ability: Iron Barbs|[of] p1a: Ferrothorn
|faint|p1a: Ferrothorn
|
|-weather|none
|upkeep
|
|t:|1665773861
|switch|p1a: Clefable|Clefable, M|100/100
|turn|12
|
|t:|1665773863
|move|p2a: Hawlucha|Acrobatics|p1a: Clefable
|-damage|p1a: Clefable|18/100
|move|p1a: Clefable|Moonblast|p2a: Hawlucha
|-supereffective|p2a: Hawlucha
|-crit|p2a: Hawlucha
|-damage|p2a: Hawlucha|0 fnt
|faint|p2a: Hawlucha
|
|-heal|p1a: Clefable|24/100|[from] item: Leftovers
|upkeep
|
|t:|1665773869
|switch|p2a: Rillaboom|Rillaboom, F|83/100
|-damage|p2a: Rillaboom|71/100|[from] Stealth Rock
|-fieldstart|move: Grassy Terrain|[from] ability: Grassy Surge|[of] p2a: Rillaboom
|turn|13
|
|t:|1665773873
|move|p2a: Rillaboom|Swords Dance|p2a: Rillaboom
|-boost|p2a: Rillaboom|atk|2
|move|p1a: Clefable|Thunder Wave|p2a: Rillaboom
|-status|p2a: Rillaboom|par
|
|-heal|p1a: Clefable|30/100|[from] Grassy Terrain
|-heal|p1a: Clefable|37/100|[from] item: Leftovers
|-heal|p2a: Rillaboom|77/100 par|[from] Grassy Terrain
|upkeep
|turn|14
|
|t:|1665773876
|cant|p2a: Rillaboom|par
|move|p1a: Clefable|Moonblast|p2a: Rillaboom
|-damage|p2a: Rillaboom|57/100 par
|-unboost|p2a: Rillaboom|spa|1
|
|-heal|p1a: Clefable|43/100|[from] Grassy Terrain
|-heal|p1a: Clefable|49/100|[from] item: Leftovers
|-heal|p2a: Rillaboom|63/100 par|[from] Grassy Terrain
|-sideend|p2: FvkboyCharmander|move: Aurora Veil
|upkeep
|turn|15
|-message|FvkboyCharmander forfeited.
|
|win|Kwaga
|raw|Kwaga's rating: 1685 &rarr; <strong>1705</strong><br />(+20 for winning)
|raw|FvkboyCharmander's rating: 1682 &rarr; <strong>1662</strong><br />(-20 for losing)
|l|☆FvkboyCharmander
