|raw|<div class="broadcast-blue"><strong>This battle is required to be public due to a player having a name starting with 'lt92pf'.</div>
|j|‽kinetic chain
|j|‽LT92PF dragonnb
|t:|1660092712
|gametype|singles
|player|p1|kinetic chain|giovanni-gen1|1880
|player|p2|LT92PF dragonnb|marlon|1823
|teamsize|p1|6
|teamsize|p2|6
|gen|8
|tier|[Gen 8] OU
|rated|
|rule|Sleep Clause Mod: Limit one foe put to sleep
|rule|Species Clause: Limit one of each Pokémon
|rule|OHKO Clause: OHKO moves are banned
|rule|Evasion Items Clause: Evasion items are banned
|rule|Evasion Moves Clause: Evasion moves are banned
|rule|Endless Battle Clause: Forcing endless battles is banned
|rule|HP Percentage Mod: HP is shown in percentages
|rule|Dynamax Clause: You cannot dynamax
|clearpoke
|poke|p1|Dragapult, M|
|poke|p1|Clefable, M|
|poke|p1|Heatran, M|
|poke|p1|Landorus-Therian, M|
|poke|p1|Rotom-Wash|
|poke|p1|Kartana|
|poke|p2|Tapu Lele|
|poke|p2|Blacephalon|
|poke|p2|Tyranitar, F|
|poke|p2|Landorus-Therian, M|
|poke|p2|Corviknight, M|
|poke|p2|Toxapex, F|
|teampreview
|inactive|Battle timer is ON: inactive players will automatically lose when time's up. (requested by LT92PF dragonnb)
|j| Santiago Bernabeu
|
|t:|1660092732
|start
|switch|p1a: Kartana|Kartana|100/100
|switch|p2a: Tapu Lele|Tapu Lele|100/100
|-fieldstart|move: Psychic Terrain|[from] ability: Psychic Surge|[of] p2a: Tapu Lele
|turn|1
|j| Disrespectn
|
|t:|1660092741
|switch|p2a: Corviknight|Corviknight, M|100/100
|-ability|p2a: Corviknight|Pressure
|move|p1a: Kartana|Knock Off|p2a: Corviknight
|-damage|p2a: Corviknight|62/100
|-damage|p1a: Kartana|84/100|[from] item: Rocky Helmet|[of] p2a: Corviknight
|-enditem|p2a: Corviknight|Rocky Helmet|[from] move: Knock Off|[of] p1a: Kartana
|
|upkeep
|turn|2
|j| LT92PF Killua
|
|t:|1660092749
|switch|p1a: Heatran|Heatran, M|100/100
|move|p2a: Corviknight|Roost|p2a: Corviknight
|-heal|p2a: Corviknight|100/100
|-singleturn|p2a: Corviknight|move: Roost
|
|upkeep
|turn|3
|j| Twenty Congress
|
|t:|1660092753
|switch|p2a: Landorus|Landorus-Therian, M|100/100
|-ability|p2a: Landorus|Intimidate|boost
|-unboost|p1a: Heatran|atk|1
|move|p1a: Heatran|Magma Storm|p2a: Landorus|[miss]
|-miss|p1a: Heatran|p2a: Landorus
|
|upkeep
|turn|4
|
|t:|1660092762
|switch|p1a: Landorus|Landorus-Therian, M|100/100
|-ability|p1a: Landorus|Intimidate|boost
|-unboost|p2a: Landorus|atk|1
|move|p2a: Landorus|Knock Off|p1a: Landorus
|-damage|p1a: Landorus|76/100
|-enditem|p1a: Landorus|Leftovers|[from] move: Knock Off|[of] p2a: Landorus
|
|upkeep
|turn|5
|j| Dr J3kyll
|
|t:|1660092769
|move|p2a: Landorus|Stealth Rock|p1a: Landorus
|-sidestart|p1: kinetic chain|move: Stealth Rock
|move|p1a: Landorus|Stealth Rock|p2a: Landorus
|-sidestart|p2: LT92PF dragonnb|move: Stealth Rock
|
|-fieldend|move: Psychic Terrain
|upkeep
|turn|6
|j| lt92pf sagordo
|
|t:|1660092774
|move|p2a: Landorus|Knock Off|p1a: Landorus
|-damage|p1a: Landorus|62/100
|move|p1a: Landorus|U-turn|p2a: Landorus
|-resisted|p2a: Landorus
|-damage|p2a: Landorus|89/100
|
|t:|1660092782
|switch|p1a: Rotom|Rotom-Wash|100/100|[from]move: U-turn
|-damage|p1a: Rotom|88/100|[from] Stealth Rock
|
|-heal|p2a: Landorus|95/100|[from] item: Leftovers
|-heal|p1a: Rotom|94/100|[from] item: Leftovers
|upkeep
|turn|7
|
|t:|1660092786
|move|p2a: Landorus|Knock Off|p1a: Rotom
|-damage|p1a: Rotom|77/100
|-enditem|p1a: Rotom|Leftovers|[from] move: Knock Off|[of] p2a: Landorus
|move|p1a: Rotom|Hydro Pump|p2a: Landorus|[miss]
|-miss|p1a: Rotom|p2a: Landorus
|
|-heal|p2a: Landorus|100/100|[from] item: Leftovers
|upkeep
|turn|8
|j| LT92PF Bless
|
|t:|1660092802
|move|p2a: Landorus|U-turn|p1a: Rotom
|-damage|p1a: Rotom|65/100
|j| Spirit Bomber 77
|
|t:|1660092805
|switch|p2a: Toxapex|Toxapex, F|100/100|[from]move: U-turn
|-damage|p2a: Toxapex|88/100|[from] Stealth Rock
|move|p1a: Rotom|Pain Split|p2a: Toxapex
|-sethp|p2a: Toxapex|77/100|[from] move: Pain Split|[silent]
|-sethp|p1a: Rotom|77/100|[from] move: Pain Split
|
|upkeep
|turn|9
|
|t:|1660092812
|move|p1a: Rotom|Volt Switch|p2a: Toxapex
|-supereffective|p2a: Toxapex
|-damage|p2a: Toxapex|33/100
|-enditem|p2a: Toxapex|Eject Button
|
|t:|1660092816
|switch|p2a: Tapu Lele|Tapu Lele|100/100
|-damage|p2a: Tapu Lele|88/100|[from] Stealth Rock
|-fieldstart|move: Psychic Terrain|[from] ability: Psychic Surge|[of] p2a: Tapu Lele
|
|upkeep
|turn|10
|l| Spirit Bomber 77
|
|t:|1660092820
|switch|p1a: Heatran|Heatran, M|100/100
|-damage|p1a: Heatran|88/100|[from] Stealth Rock
|move|p2a: Tapu Lele|Future Sight|p1a: Heatran
|-start|p2a: Tapu Lele|move: Future Sight
|
|-heal|p1a: Heatran|94/100|[from] item: Leftovers
|upkeep
|turn|11
|
|t:|1660092827
|switch|p2a: Landorus|Landorus-Therian, M|100/100
|-damage|p2a: Landorus|88/100|[from] Stealth Rock
|-ability|p2a: Landorus|Intimidate|boost
|-unboost|p1a: Heatran|atk|1
|move|p1a: Heatran|Magma Storm|p2a: Landorus
|-damage|p2a: Landorus|50/100
|-activate|p2a: Landorus|move: Magma Storm|[of] p1a: Heatran
|
|-heal|p2a: Landorus|57/100|[from] item: Leftovers
|-heal|p1a: Heatran|100/100|[from] item: Leftovers
|-damage|p2a: Landorus|44/100|[from] move: Magma Storm|[partiallytrapped]
|upkeep
|turn|12
|
|t:|1660092838
|switch|p1a: Landorus|Landorus-Therian, M|62/100
|-damage|p1a: Landorus|50/100|[from] Stealth Rock
|-ability|p1a: Landorus|Intimidate|boost
|-unboost|p2a: Landorus|atk|1
|move|p2a: Landorus|Earthquake|p1a: Landorus
|-immune|p1a: Landorus
|
|-end|p1a: Landorus|move: Future Sight
|-damage|p1a: Landorus|0 fnt
|faint|p1a: Landorus
|-heal|p2a: Landorus|50/100|[from] item: Leftovers
|-end|p2a: Landorus|Magma Storm|[partiallytrapped]|[silent]
|upkeep
|j| LT92PF ACR1
|
|t:|1660092841
|switch|p1a: Kartana|Kartana|84/100
|-damage|p1a: Kartana|78/100|[from] Stealth Rock
|turn|13
|
|t:|1660092845
|switch|p1a: Heatran|Heatran, M|100/100
|-damage|p1a: Heatran|88/100|[from] Stealth Rock
|switch|p2a: Corviknight|Corviknight, M|100/100
|-damage|p2a: Corviknight|88/100|[from] Stealth Rock
|-ability|p2a: Corviknight|Pressure
|
|-heal|p1a: Heatran|94/100|[from] item: Leftovers
|-fieldend|move: Psychic Terrain
|upkeep
|turn|14
|l| Santiago Bernabeu
|
|t:|1660092849
|switch|p2a: Tyranitar|Tyranitar, F|100/100
|-damage|p2a: Tyranitar|88/100|[from] Stealth Rock
|-weather|Sandstorm|[from] ability: Sand Stream|[of] p2a: Tyranitar
|move|p1a: Heatran|Magma Storm|p2a: Tyranitar|[miss]
|-miss|p1a: Heatran|p2a: Tyranitar
|
|-weather|Sandstorm|[upkeep]
|-heal|p1a: Heatran|100/100|[from] item: Leftovers
|upkeep
|turn|15
|
|t:|1660092863
|switch|p1a: Rotom|Rotom-Wash|77/100
|-damage|p1a: Rotom|65/100|[from] Stealth Rock
|move|p2a: Tyranitar|Stone Edge|p1a: Rotom
|-damage|p1a: Rotom|0 fnt
|faint|p1a: Rotom
|
|-weather|Sandstorm|[upkeep]
|upkeep
|
|t:|1660092871
|switch|p1a: Kartana|Kartana|78/100
|-damage|p1a: Kartana|72/100|[from] Stealth Rock
|turn|16
|
|t:|1660092874
|switch|p2a: Toxapex|Toxapex, F|67/100
|-damage|p2a: Toxapex|54/100|[from] Stealth Rock
|move|p1a: Kartana|Sacred Sword|p2a: Toxapex
|-resisted|p2a: Toxapex
|-damage|p2a: Toxapex|34/100
|
|-weather|Sandstorm|[upkeep]
|-damage|p2a: Toxapex|29/100|[from] Sandstorm
|upkeep
|turn|17
|
|t:|1660092879
|switch|p1a: Heatran|Heatran, M|100/100
|-damage|p1a: Heatran|88/100|[from] Stealth Rock
|move|p2a: Toxapex|Recover|p2a: Toxapex
|-heal|p2a: Toxapex|79/100
|
|-weather|Sandstorm|[upkeep]
|-damage|p2a: Toxapex|73/100|[from] Sandstorm
|-heal|p1a: Heatran|94/100|[from] item: Leftovers
|upkeep
|turn|18
|
|t:|1660092888
|move|p1a: Heatran|Magma Storm|p2a: Toxapex
|-resisted|p2a: Toxapex
|-damage|p2a: Toxapex|55/100
|-activate|p2a: Toxapex|move: Magma Storm|[of] p1a: Heatran
|move|p2a: Toxapex|Knock Off|p1a: Heatran
|-damage|p1a: Heatran|80/100
|-enditem|p1a: Heatran|Leftovers|[from] move: Knock Off|[of] p2a: Toxapex
|
|-weather|none
|-damage|p2a: Toxapex|43/100|[from] move: Magma Storm|[partiallytrapped]
|upkeep
|turn|19
|
|t:|1660092891
|move|p1a: Heatran|Earth Power|p2a: Toxapex
|-supereffective|p2a: Toxapex
|-damage|p2a: Toxapex|2/100
|move|p2a: Toxapex|Recover|p2a: Toxapex
|-heal|p2a: Toxapex|53/100
|
|-damage|p2a: Toxapex|40/100|[from] move: Magma Storm|[partiallytrapped]
|upkeep
|turn|20
|
|t:|1660092894
|move|p1a: Heatran|Earth Power|p2a: Toxapex
|-supereffective|p2a: Toxapex
|-damage|p2a: Toxapex|0 fnt
|faint|p2a: Toxapex
|
|upkeep
|
|t:|1660092897
|switch|p2a: Tyranitar|Tyranitar, F|88/100
|-damage|p2a: Tyranitar|76/100|[from] Stealth Rock
|-weather|Sandstorm|[from] ability: Sand Stream|[of] p2a: Tyranitar
|turn|21
|
|t:|1660092917
|switch|p1a: Kartana|Kartana|72/100
|-damage|p1a: Kartana|65/100|[from] Stealth Rock
|move|p2a: Tyranitar|Stone Edge|p1a: Kartana
|-resisted|p1a: Kartana
|-damage|p1a: Kartana|21/100
|
|-weather|Sandstorm|[upkeep]
|upkeep
|turn|22
|
|t:|1660092922
|switch|p1a: Heatran|Heatran, M|80/100
|-damage|p1a: Heatran|68/100|[from] Stealth Rock
|move|p2a: Tyranitar|Stone Edge|p1a: Heatran
|-damage|p1a: Heatran|1/100
|
|-weather|Sandstorm|[upkeep]
|upkeep
|turn|23
|
|t:|1660092930
|move|p2a: Tyranitar|Stone Edge|p1a: Heatran
|-damage|p1a: Heatran|0 fnt
|faint|p1a: Heatran
|
|-weather|Sandstorm|[upkeep]
|upkeep
|
|t:|1660092932
|switch|p1a: Clefable|Clefable, M|100/100
|turn|24
|
|t:|1660092937
|switch|p2a: Landorus|Landorus-Therian, M|50/100
|-damage|p2a: Landorus|38/100|[from] Stealth Rock
|-ability|p2a: Landorus|Intimidate|boost
|-unboost|p1a: Clefable|atk|1
|move|p1a: Clefable|Calm Mind|p1a: Clefable
|-boost|p1a: Clefable|spa|1
|-boost|p1a: Clefable|spd|1
|
|-weather|Sandstorm|[upkeep]
|-heal|p2a: Landorus|44/100|[from] item: Leftovers
|upkeep
|turn|25
|
|t:|1660092941
|move|p2a: Landorus|Knock Off|p1a: Clefable
|-resisted|p1a: Clefable
|-damage|p1a: Clefable|88/100
|-enditem|p1a: Clefable|Leftovers|[from] move: Knock Off|[of] p2a: Landorus
|move|p1a: Clefable|Moonblast|p2a: Landorus
|-damage|p2a: Landorus|1/100
|-unboost|p2a: Landorus|spa|1
|
|-weather|none
|-heal|p2a: Landorus|7/100|[from] item: Leftovers
|upkeep
|turn|26
|
|t:|1660092947
|move|p2a: Landorus|Earthquake|p1a: Clefable
|-damage|p1a: Clefable|50/100
|move|p1a: Clefable|Soft-Boiled|p1a: Clefable
|-heal|p1a: Clefable|99/100
|
|-heal|p2a: Landorus|13/100|[from] item: Leftovers
|upkeep
|turn|27
|
|t:|1660092950
|move|p2a: Landorus|Earthquake|p1a: Clefable
|-damage|p1a: Clefable|61/100
|move|p1a: Clefable|Calm Mind|p1a: Clefable
|-boost|p1a: Clefable|spa|1
|-boost|p1a: Clefable|spd|1
|
|-heal|p2a: Landorus|19/100|[from] item: Leftovers
|upkeep
|turn|28
|
|t:|1660092952
|move|p2a: Landorus|Earthquake|p1a: Clefable
|-damage|p1a: Clefable|23/100
|move|p1a: Clefable|Soft-Boiled|p1a: Clefable
|-heal|p1a: Clefable|73/100
|
|-heal|p2a: Landorus|25/100|[from] item: Leftovers
|upkeep
|turn|29
|
|t:|1660092954
|move|p2a: Landorus|Earthquake|p1a: Clefable
|-damage|p1a: Clefable|36/100
|move|p1a: Clefable|Soft-Boiled|p1a: Clefable
|-heal|p1a: Clefable|86/100
|
|-heal|p2a: Landorus|31/100|[from] item: Leftovers
|upkeep
|turn|30
|
|t:|1660092956
|move|p2a: Landorus|Earthquake|p1a: Clefable
|-damage|p1a: Clefable|44/100
|move|p1a: Clefable|Soft-Boiled|p1a: Clefable
|-heal|p1a: Clefable|94/100
|
|-heal|p2a: Landorus|37/100|[from] item: Leftovers
|upkeep
|turn|31
|
|t:|1660092959
|move|p2a: Landorus|Earthquake|p1a: Clefable
|-damage|p1a: Clefable|53/100
|move|p1a: Clefable|Calm Mind|p1a: Clefable
|-boost|p1a: Clefable|spa|1
|-boost|p1a: Clefable|spd|1
|
|-heal|p2a: Landorus|43/100|[from] item: Leftovers
|upkeep
|turn|32
|
|t:|1660092961
|move|p2a: Landorus|U-turn|p1a: Clefable
|-resisted|p1a: Clefable
|-damage|p1a: Clefable|43/100
|
|t:|1660092963
|switch|p2a: Tyranitar|Tyranitar, F|76/100|[from]move: U-turn
|-damage|p2a: Tyranitar|64/100|[from] Stealth Rock
|-weather|Sandstorm|[from] ability: Sand Stream|[of] p2a: Tyranitar
|move|p1a: Clefable|Soft-Boiled|p1a: Clefable
|-heal|p1a: Clefable|93/100
|
|-weather|Sandstorm|[upkeep]
|upkeep
|turn|33
|
|t:|1660092967
|move|p2a: Tyranitar|Heavy Slam|p1a: Clefable
|-supereffective|p1a: Clefable
|-damage|p1a: Clefable|0 fnt
|faint|p1a: Clefable
|
|-weather|Sandstorm|[upkeep]
|upkeep
|-message|kinetic chain forfeited.
|
|win|LT92PF dragonnb
|raw|kinetic chain's rating: 1880 &rarr; <strong>1857</strong><br />(-23 for losing)
|raw|LT92PF dragonnb's rating: 1823 &rarr; <strong>1846</strong><br />(+23 for winning)
|l|‽kinetic chain
|l| LT92PF ACR1
|j| LT92PF Ayk
|l| LT92PF Killua
|j| LT92PF Separa
|l| LT92PF Separa
||Ladder isn't responding, score probably updated but might not have (Request timeout).
