|j|☆STOKELESS
|j|☆gotsnsd
|t:|1665459980
|gametype|singles
|player|p1|STOKELESS|veteran|1453
|player|p2|gotsnsd|beauty-gen2jp|1549
|teamsize|p1|6
|teamsize|p2|6
|gen|8
|tier|[Gen 8] OU
|rated|
|rule|Sleep Clause Mod: Limit one foe put to sleep
|rule|Species Clause: Limit one of each Pokémon
|rule|OHKO Clause: OHKO moves are banned
|rule|Evasion Items Clause: Evasion items are banned
|rule|Evasion Moves Clause: Evasion moves are banned
|rule|Endless Battle Clause: Forcing endless battles is banned
|rule|HP Percentage Mod: HP is shown in percentages
|rule|Dynamax Clause: You cannot dynamax
|clearpoke
|poke|p1|Weavile, M|
|poke|p1|Garchomp, M|
|poke|p1|Tapu Koko|
|poke|p1|Zapdos|
|poke|p1|Chansey, F|
|poke|p1|Landorus-Therian, M|
|poke|p2|Melmetal|
|poke|p2|Blacephalon|
|poke|p2|Ferrothorn, M|
|poke|p2|Slowking, F|
|poke|p2|Landorus-Therian, M|
|poke|p2|Zapdos-Galar|
|teampreview
|inactive|Battle timer is ON: inactive players will automatically lose when time's up. (requested by STOKELESS)
|
|t:|1665459991
|start
|switch|p1a: Chansey|Chansey, F|100/100
|switch|p2a: Landorus|Landorus-Therian, M|100/100
|-ability|p2a: Landorus|Intimidate|boost
|-unboost|p1a: Chansey|atk|1
|turn|1
|
|t:|1665459994
|move|p2a: Landorus|U-turn|p1a: Chansey
|-damage|p1a: Chansey|86/100
|
|t:|1665459998
|switch|p2a: Ferrothorn|Ferrothorn, M|100/100|[from]move: U-turn
|move|p1a: Chansey|Teleport|p1a: Chansey
|
|t:|1665460003
|switch|p1a: Zapdos|Zapdos, shiny|100/100|[from]move: Teleport
|
|upkeep
|turn|2
|
|t:|1665460006
|switch|p2a: Landorus|Landorus-Therian, M|100/100
|-ability|p2a: Landorus|Intimidate|boost
|-unboost|p1a: Zapdos|atk|1
|move|p1a: Zapdos|Heat Wave|p2a: Landorus
|-damage|p2a: Landorus|81/100
|
|-heal|p2a: Landorus|87/100|[from] item: Leftovers
|upkeep
|turn|3
|
|t:|1665460011
|switch|p1a: Chansey|Chansey, F|86/100
|switch|p2a: Slowking|Slowking, F|100/100
|
|upkeep
|turn|4
|
|t:|1665460014
|move|p1a: Chansey|Thunder Wave|p2a: Slowking
|-status|p2a: Slowking|par
|move|p2a: Slowking|Future Sight|p1a: Chansey
|-start|p2a: Slowking|move: Future Sight
|
|upkeep
|turn|5
|
|t:|1665460017
|move|p1a: Chansey|Teleport|p1a: Chansey
|
|t:|1665460029
|switch|p1a: Landorus|Landorus-Therian, M|100/100|[from]move: Teleport
|-ability|p1a: Landorus|Intimidate|boost
|-unboost|p2a: Slowking|atk|1
|cant|p2a: Slowking|par
|
|upkeep
|turn|6
|
|t:|1665460039
|switch|p2a: Ferrothorn|Ferrothorn, M|100/100
|move|p1a: Landorus|U-turn|p2a: Ferrothorn
|-damage|p2a: Ferrothorn|86/100
|-damage|p1a: Landorus|88/100|[from] ability: Iron Barbs|[of] p2a: Ferrothorn
|-damage|p1a: Landorus|72/100|[from] item: Rocky Helmet|[of] p2a: Ferrothorn
|
|t:|1665460041
|switch|p1a: Zapdos|Zapdos, shiny|100/100|[from]move: U-turn
|
|-end|p1a: Zapdos|move: Future Sight
|-damage|p1a: Zapdos|59/100
|upkeep
|turn|7
|
|t:|1665460044
|move|p1a: Zapdos|Heat Wave|p2a: Ferrothorn
|-supereffective|p2a: Ferrothorn
|-damage|p2a: Ferrothorn|0 fnt
|faint|p2a: Ferrothorn
|
|upkeep
|
|t:|1665460052
|switch|p2a: Landorus|Landorus-Therian, M|87/100
|-ability|p2a: Landorus|Intimidate|boost
|-unboost|p1a: Zapdos|atk|1
|turn|8
|
|t:|1665460066
|switch|p1a: Landorus|Landorus-Therian, M|72/100
|-ability|p1a: Landorus|Intimidate|boost
|-unboost|p2a: Landorus|atk|1
|move|p2a: Landorus|U-turn|p1a: Landorus
|-resisted|p1a: Landorus
|-damage|p1a: Landorus|66/100
|
|t:|1665460076
|switch|p2a: Slowking|Slowking, F|100/100 par|[from]move: U-turn
|
|-heal|p1a: Landorus|72/100|[from] item: Leftovers
|upkeep
|turn|9
|
|t:|1665460079
|move|p1a: Landorus|Stealth Rock|p2a: Slowking
|-sidestart|p2: gotsnsd|move: Stealth Rock
|move|p2a: Slowking|Future Sight|p1a: Landorus
|-start|p2a: Slowking|move: Future Sight
|
|-heal|p1a: Landorus|78/100|[from] item: Leftovers
|upkeep
|turn|10
|
|t:|1665460082
|move|p1a: Landorus|U-turn|p2a: Slowking
|-supereffective|p2a: Slowking
|-damage|p2a: Slowking|59/100 par
|
|t:|1665460085
|switch|p1a: Chansey|Chansey, F|86/100|[from]move: U-turn
|move|p2a: Slowking|Teleport|p2a: Slowking
|
|t:|1665460092
|switch|p2a: Zapdos|Zapdos-Galar|100/100|[from]move: Teleport
|-damage|p2a: Zapdos|88/100|[from] Stealth Rock
|
|upkeep
|turn|11
|
|t:|1665460102
|move|p2a: Zapdos|Thunderous Kick|p1a: Chansey
|-supereffective|p1a: Chansey
|-damage|p1a: Chansey|17/100
|-unboost|p1a: Chansey|def|1
|move|p1a: Chansey|Teleport|p1a: Chansey
|
|t:|1665460108
|switch|p1a: Weavile|Weavile, M|100/100|[from]move: Teleport
|
|-end|p1a: Weavile|move: Future Sight
|-immune|p1a: Weavile
|upkeep
|turn|12
|
|t:|1665460113
|move|p2a: Zapdos|Thunderous Kick|p1a: Weavile
|-supereffective|p1a: Weavile
|-damage|p1a: Weavile|0 fnt
|faint|p1a: Weavile
|
|upkeep
|
|t:|1665460116
|switch|p1a: Zapdos|Zapdos, shiny|59/100
|turn|13
|
|t:|1665460120
|switch|p2a: Landorus|Landorus-Therian, M|87/100
|-damage|p2a: Landorus|74/100|[from] Stealth Rock
|-ability|p2a: Landorus|Intimidate|boost
|-unboost|p1a: Zapdos|atk|1
|move|p1a: Zapdos|Roost|p1a: Zapdos
|-heal|p1a: Zapdos|100/100
|-singleturn|p1a: Zapdos|move: Roost
|
|-heal|p2a: Landorus|80/100|[from] item: Leftovers
|upkeep
|turn|14
|
|t:|1665460124
|move|p1a: Zapdos|Heat Wave|p2a: Landorus
|-damage|p2a: Landorus|59/100
|move|p2a: Landorus|Defog|p1a: Zapdos
|-unboost|p1a: Zapdos|evasion|1
|-sideend|p2: gotsnsd|Stealth Rock|[from] move: Defog|[of] p2a: Landorus
|
|-heal|p2a: Landorus|65/100|[from] item: Leftovers
|upkeep
|turn|15
|
|t:|1665460130
|switch|p2a: Slowking|Slowking, F|93/100 par
|move|p1a: Zapdos|Heat Wave|p2a: Slowking
|-resisted|p2a: Slowking
|-crit|p2a: Slowking
|-damage|p2a: Slowking|81/100 par
|
|upkeep
|turn|16
|
|t:|1665460134
|move|p1a: Zapdos|Discharge|p2a: Slowking
|-supereffective|p2a: Slowking
|-damage|p2a: Slowking|36/100 par
|move|p2a: Slowking|Future Sight|p1a: Zapdos
|-start|p2a: Slowking|move: Future Sight
|
|upkeep
|turn|17
|
|t:|1665460137
|switch|p2a: Landorus|Landorus-Therian, M|65/100
|-ability|p2a: Landorus|Intimidate|boost
|-unboost|p1a: Zapdos|atk|1
|move|p1a: Zapdos|Discharge|p2a: Landorus
|-immune|p2a: Landorus
|
|-heal|p2a: Landorus|71/100|[from] item: Leftovers
|upkeep
|turn|18
|
|t:|1665460140
|move|p1a: Zapdos|Heat Wave|p2a: Landorus
|-damage|p2a: Landorus|49/100
|move|p2a: Landorus|U-turn|p1a: Zapdos
|-resisted|p1a: Zapdos
|-damage|p1a: Zapdos|92/100
|
|t:|1665460144
|switch|p2a: Blacephalon|Blacephalon|100/100|[from]move: U-turn
|
|-end|p1a: Zapdos|move: Future Sight
|-damage|p1a: Zapdos|54/100
|upkeep
|turn|19
|
|t:|1665460148
|move|p2a: Blacephalon|Trick|p1a: Zapdos
|-activate|p2a: Blacephalon|move: Trick|[of] p1a: Zapdos
|-item|p1a: Zapdos|Choice Specs|[from] move: Trick
|-item|p2a: Blacephalon|Heavy-Duty Boots|[from] move: Trick
|move|p1a: Zapdos|Roost|p1a: Zapdos
|-heal|p1a: Zapdos|100/100
|-singleturn|p1a: Zapdos|move: Roost
|
|upkeep
|turn|20
|
|t:|1665460161
|switch|p1a: Landorus|Landorus-Therian, M|78/100
|-ability|p1a: Landorus|Intimidate|boost
|-unboost|p2a: Blacephalon|atk|1
|move|p2a: Blacephalon|Flamethrower|p1a: Landorus
|-damage|p1a: Landorus|18/100
|
|-heal|p1a: Landorus|24/100|[from] item: Leftovers
|upkeep
|turn|21
|
|t:|1665460175
|move|p2a: Blacephalon|Flamethrower|p1a: Landorus
|-damage|p1a: Landorus|0 fnt
|faint|p1a: Landorus
|-ability|p2a: Blacephalon|Beast Boost|boost
|-boost|p2a: Blacephalon|spa|1
|
|upkeep
|
|t:|1665460179
|switch|p1a: Garchomp|Garchomp, M|100/100
|turn|22
|
|t:|1665460188
|switch|p1a: Chansey|Chansey, F|17/100
|move|p2a: Blacephalon|Shadow Ball|p1a: Chansey
|-immune|p1a: Chansey
|
|upkeep
|turn|23
|
|t:|1665460190
|move|p2a: Blacephalon|Flamethrower|p1a: Chansey
|-damage|p1a: Chansey|0 fnt
|faint|p1a: Chansey
|-ability|p2a: Blacephalon|Beast Boost|boost
|-boost|p2a: Blacephalon|spa|1
|
|upkeep
|
|t:|1665460194
|switch|p1a: Tapu Koko|Tapu Koko|100/100
|-fieldstart|move: Electric Terrain|[from] ability: Electric Surge|[of] p1a: Tapu Koko
|turn|24
|
|t:|1665460199
|move|p1a: Tapu Koko|Thunderbolt|p2a: Blacephalon
|-damage|p2a: Blacephalon|0 fnt
|faint|p2a: Blacephalon
|
|upkeep
|
|t:|1665460204
|switch|p2a: Landorus|Landorus-Therian, M|49/100
|-ability|p2a: Landorus|Intimidate|boost
|-unboost|p1a: Tapu Koko|atk|1
|turn|25
|
|t:|1665460211
|switch|p1a: Zapdos|Zapdos, shiny|100/100
|move|p2a: Landorus|Toxic|p1a: Zapdos
|-status|p1a: Zapdos|tox
|
|-heal|p2a: Landorus|56/100|[from] item: Leftovers
|-damage|p1a: Zapdos|94/100 tox|[from] psn
|upkeep
|turn|26
|
|t:|1665460216
|switch|p2a: Slowking|Slowking, F|69/100 par
|move|p1a: Zapdos|Heat Wave|p2a: Slowking
|-resisted|p2a: Slowking
|-damage|p2a: Slowking|57/100 par
|
|-damage|p1a: Zapdos|82/100 tox|[from] psn
|upkeep
|turn|27
|
|t:|1665460224
|switch|p1a: Tapu Koko|Tapu Koko|100/100
|switch|p2a: Landorus|Landorus-Therian, M|56/100
|-ability|p2a: Landorus|Intimidate|boost
|-unboost|p1a: Tapu Koko|atk|1
|
|-heal|p2a: Landorus|62/100|[from] item: Leftovers
|upkeep
|turn|28
|
|t:|1665460233
|move|p1a: Tapu Koko|Dazzling Gleam|p2a: Landorus
|-damage|p2a: Landorus|22/100
|move|p2a: Landorus|Earthquake|p1a: Tapu Koko
|-supereffective|p1a: Tapu Koko
|-damage|p1a: Tapu Koko|0 fnt
|faint|p1a: Tapu Koko
|
|-heal|p2a: Landorus|28/100|[from] item: Leftovers
|-fieldend|move: Electric Terrain
|upkeep
|
|t:|1665460235
|switch|p1a: Garchomp|Garchomp, M|100/100
|turn|29
|
|t:|1665460242
|move|p1a: Garchomp|Scale Shot|p2a: Landorus
|-damage|p2a: Landorus|15/100
|-damage|p2a: Landorus|2/100
|-damage|p2a: Landorus|0 fnt
|faint|p2a: Landorus
|-hitcount|p2: Landorus|3
|-unboost|p1a: Garchomp|def|1
|-boost|p1a: Garchomp|spe|1
|
|upkeep
|
|t:|1665460247
|switch|p2a: Melmetal|Melmetal|100/100
|turn|30
|
|t:|1665460253
|switch|p1a: Zapdos|Zapdos, shiny|82/100 tox
|move|p2a: Melmetal|Double Iron Bash|p1a: Zapdos
|-resisted|p1a: Zapdos
|-damage|p1a: Zapdos|66/100 tox
|-resisted|p1a: Zapdos
|-damage|p1a: Zapdos|50/100 tox
|-hitcount|p1a: Zapdos|2
|
|-damage|p1a: Zapdos|44/100 tox|[from] psn
|upkeep
|turn|31
|
|t:|1665460260
|switch|p2a: Slowking|Slowking, F|91/100 par
|move|p1a: Zapdos|Roost|p1a: Zapdos
|-heal|p1a: Zapdos|94/100 tox
|-singleturn|p1a: Zapdos|move: Roost
|
|-damage|p1a: Zapdos|82/100 tox|[from] psn
|upkeep
|turn|32
|
|t:|1665460263
|switch|p1a: Garchomp|Garchomp, M|100/100
|move|p2a: Slowking|Scald|p1a: Garchomp
|-damage|p1a: Garchomp|65/100
|
|-heal|p1a: Garchomp|71/100|[from] item: Leftovers
|upkeep
|turn|33
|
|t:|1665460267
|move|p1a: Garchomp|Swords Dance|p1a: Garchomp
|-boost|p1a: Garchomp|atk|2
|move|p2a: Slowking|Teleport|p2a: Slowking
|
|t:|1665460270
|switch|p2a: Zapdos|Zapdos-Galar|88/100|[from]move: Teleport
|
|-heal|p1a: Garchomp|77/100|[from] item: Leftovers
|upkeep
|turn|34
|
|t:|1665460274
|move|p2a: Zapdos|Brave Bird|p1a: Garchomp
|-damage|p1a: Garchomp|5/100
|-damage|p2a: Zapdos|76/100|[from] ability: Rough Skin|[of] p1a: Garchomp
|-damage|p2a: Zapdos|49/100|[from] Recoil
|move|p1a: Garchomp|Scale Shot|p2a: Zapdos
|-damage|p2a: Zapdos|21/100
|-damage|p2a: Zapdos|0 fnt
|faint|p2a: Zapdos
|-hitcount|p2: Zapdos|2
|-unboost|p1a: Garchomp|def|1
|-boost|p1a: Garchomp|spe|1
|
|-heal|p1a: Garchomp|11/100|[from] item: Leftovers
|upkeep
|
|t:|1665460280
|switch|p2a: Slowking|Slowking, F|100/100 par
|turn|35
|
|t:|1665460283
|move|p1a: Garchomp|Earthquake|p2a: Slowking
|-damage|p2a: Slowking|10/100 par
|move|p2a: Slowking|Scald|p1a: Garchomp
|-damage|p1a: Garchomp|0 fnt
|faint|p1a: Garchomp
|
|upkeep
|
|t:|1665460286
|switch|p1a: Zapdos|Zapdos, shiny|82/100 tox
|turn|36
|
|t:|1665460302
|move|p1a: Zapdos|Discharge|p2a: Slowking
|-supereffective|p2a: Slowking
|-damage|p2a: Slowking|0 fnt
|faint|p2a: Slowking
|
|-damage|p1a: Zapdos|76/100 tox|[from] psn
|upkeep
|
|t:|1665460304
|switch|p2a: Melmetal|Melmetal|100/100
|turn|37
|
|t:|1665460311
|move|p1a: Zapdos|Discharge|p2a: Melmetal
|-damage|p2a: Melmetal|45/100
|move|p2a: Melmetal|Double Iron Bash|p1a: Zapdos
|-resisted|p1a: Zapdos
|-damage|p1a: Zapdos|61/100 tox
|-resisted|p1a: Zapdos
|-damage|p1a: Zapdos|44/100 tox
|-hitcount|p1a: Zapdos|2
|
|-damage|p1a: Zapdos|32/100 tox|[from] psn
|upkeep
|turn|38
|
|t:|1665460317
|move|p1a: Zapdos|Discharge|p2a: Melmetal
|-damage|p2a: Melmetal|0 fnt
|faint|p2a: Melmetal
|
|win|STOKELESS
|raw|STOKELESS's rating: 1453 &rarr; <strong>1478</strong><br />(+25 for winning)
|raw|gotsnsd's rating: 1549 &rarr; <strong>1524</strong><br />(-25 for losing)
|l|☆gotsnsd
