|j|☆Makuryu
|j|☆Demirtepe
|t:|1643141471
|gametype|singles
|player|p1|Makuryu|koga|1651
|player|p2|Demirtepe|gentleman-gen4|1641
|teamsize|p1|6
|teamsize|p2|6
|gen|8
|tier|[Gen 8] OU
|rated|
|rule|Sleep Clause Mod: Limit one foe put to sleep
|rule|Species Clause: Limit one of each Pokémon
|rule|OHKO Clause: OHKO moves are banned
|rule|Evasion Moves Clause: Evasion moves are banned
|rule|Endless Battle Clause: Forcing endless battles is banned
|rule|HP Percentage Mod: HP is shown in percentages
|rule|Dynamax Clause: You cannot dynamax
|clearpoke
|poke|p1|Bisharp, M|
|poke|p1|Zapdos-Galar|
|poke|p1|Mew|
|poke|p1|Rillaboom, F|
|poke|p1|Garchomp, F|
|poke|p1|Dragapult, M|
|poke|p2|Tapu Fini|
|poke|p2|Ferrothorn, M|
|poke|p2|Tapu Lele|
|poke|p2|Chansey, F|
|poke|p2|Landorus-Therian, M|
|poke|p2|Ditto|
|teampreview
|inactive|Battle timer is ON: inactive players will automatically lose when time's up. (requested by Makuryu)
|j| Matthieu Pokemon
|
|t:|1643141502
|start
|switch|p1a: Mew|Mew|100/100
|switch|p2a: Tapu Fini|Tapu Fini|100/100
|-fieldstart|move: Misty Terrain|[from] ability: Misty Surge|[of] p2a: Tapu Fini
|turn|1
|
|t:|1643141513
|move|p1a: Mew|Stealth Rock|p2a: Tapu Fini
|-sidestart|p2: Demirtepe|move: Stealth Rock
|move|p2a: Tapu Fini|Moonblast|p1a: Mew
|-damage|p1a: Mew|58/100
|-unboost|p1a: Mew|spa|1
|
|upkeep
|turn|2
|
|t:|1643141522
|move|p1a: Mew|Spikes|p2a: Tapu Fini
|-sidestart|p2: Demirtepe|Spikes
|move|p2a: Tapu Fini|Calm Mind|p2a: Tapu Fini
|-boost|p2a: Tapu Fini|spa|1
|-boost|p2a: Tapu Fini|spd|1
|
|upkeep
|turn|3
|
|t:|1643141528
|move|p1a: Mew|Taunt|p2a: Tapu Fini
|-start|p2a: Tapu Fini|move: Taunt
|move|p2a: Tapu Fini|Moonblast|p1a: Mew
|-damage|p1a: Mew|2/100
|
|upkeep
|turn|4
|
|t:|1643141533
|move|p1a: Mew|Spikes|p2a: Tapu Fini
|-sidestart|p2: Demirtepe|Spikes
|move|p2a: Tapu Fini|Draining Kiss|p1a: Mew
|-damage|p1a: Mew|0 fnt
|faint|p1a: Mew
|
|upkeep
|
|t:|1643141539
|switch|p1a: Rillaboom|Rillaboom, F|100/100
|-fieldstart|move: Grassy Terrain|[from] ability: Grassy Surge|[of] p1a: Rillaboom
|turn|5
|
|t:|1643141543
|switch|p2a: Ferrothorn|Ferrothorn, M|100/100
|-damage|p2a: Ferrothorn|84/100|[from] Spikes
|-damage|p2a: Ferrothorn|78/100|[from] Stealth Rock
|move|p1a: Rillaboom|Grassy Glide|p2a: Ferrothorn
|-resisted|p2a: Ferrothorn
|-damage|p2a: Ferrothorn|69/100
|-damage|p1a: Rillaboom|88/100|[from] ability: Iron Barbs|[of] p2a: Ferrothorn
|-damage|p1a: Rillaboom|72/100|[from] item: Rocky Helmet|[of] p2a: Ferrothorn
|-damage|p1a: Rillaboom|62/100|[from] item: Life Orb
|
|-heal|p1a: Rillaboom|68/100|[from] Grassy Terrain
|-heal|p2a: Ferrothorn|75/100|[from] Grassy Terrain
|upkeep
|turn|6
|
|t:|1643141557
|move|p1a: Rillaboom|Superpower|p2a: Ferrothorn
|-supereffective|p2a: Ferrothorn
|-damage|p2a: Ferrothorn|14/100
|-unboost|p1a: Rillaboom|atk|1
|-unboost|p1a: Rillaboom|def|1
|-damage|p1a: Rillaboom|56/100|[from] ability: Iron Barbs|[of] p2a: Ferrothorn
|-damage|p1a: Rillaboom|39/100|[from] item: Rocky Helmet|[of] p2a: Ferrothorn
|-damage|p1a: Rillaboom|29/100|[from] item: Life Orb
|move|p2a: Ferrothorn|Gyro Ball|p1a: Rillaboom
|-damage|p1a: Rillaboom|0 fnt
|faint|p1a: Rillaboom
|
|-heal|p2a: Ferrothorn|20/100|[from] Grassy Terrain
|upkeep
|
|t:|1643141571
|switch|p1a: Dragapult|Dragapult, M|100/100
|turn|7
|
|t:|1643141574
|move|p1a: Dragapult|Shadow Ball|p2a: Ferrothorn
|-damage|p2a: Ferrothorn|0 fnt
|faint|p2a: Ferrothorn
|-damage|p1a: Dragapult|91/100|[from] item: Life Orb
|
|-heal|p1a: Dragapult|97/100|[from] Grassy Terrain
|upkeep
|
|t:|1643141578
|switch|p2a: Chansey|Chansey, F|100/100
|-damage|p2a: Chansey|88/100|[from] Stealth Rock
|-damage|p2a: Chansey|71/100|[from] Spikes
|turn|8
|
|t:|1643141588
|move|p1a: Dragapult|Dragon Darts|p2a: Chansey
|-damage|p2a: Chansey|56/100
|-anim|p1a: Dragapult|Dragon Darts|p2a: Chansey
|-damage|p2a: Chansey|40/100
|-damage|p1a: Dragapult|87/100|[from] item: Life Orb
|move|p2a: Chansey|Stealth Rock|p1a: Dragapult
|-sidestart|p1: Makuryu|move: Stealth Rock
|
|-heal|p1a: Dragapult|93/100|[from] Grassy Terrain
|-heal|p2a: Chansey|46/100|[from] Grassy Terrain
|upkeep
|turn|9
|
|t:|1643141598
|switch|p1a: Zapdos|Zapdos-Galar|100/100
|-damage|p1a: Zapdos|88/100|[from] Stealth Rock
|move|p2a: Chansey|Soft-Boiled|p2a: Chansey
|-heal|p2a: Chansey|96/100
|
|-heal|p2a: Chansey|100/100|[from] Grassy Terrain
|-fieldend|move: Grassy Terrain
|upkeep
|turn|10
|
|t:|1643141606
|move|p1a: Zapdos|Close Combat|p2a: Chansey
|-supereffective|p2a: Chansey
|-damage|p2a: Chansey|0 fnt
|-unboost|p1a: Zapdos|def|1
|-unboost|p1a: Zapdos|spd|1
|faint|p2a: Chansey
|
|upkeep
|
|t:|1643141611
|switch|p2a: Tapu Fini|Tapu Fini|100/100
|-damage|p2a: Tapu Fini|84/100|[from] Spikes
|-damage|p2a: Tapu Fini|72/100|[from] Stealth Rock
|-fieldstart|move: Misty Terrain|[from] ability: Misty Surge|[of] p2a: Tapu Fini
|turn|11
|
|t:|1643141622
|move|p1a: Zapdos|Close Combat|p2a: Tapu Fini
|-resisted|p2a: Tapu Fini
|-damage|p2a: Tapu Fini|26/100
|-unboost|p1a: Zapdos|def|1
|-unboost|p1a: Zapdos|spd|1
|move|p2a: Tapu Fini|Moonblast|p1a: Zapdos
|-supereffective|p1a: Zapdos
|-damage|p1a: Zapdos|0 fnt
|faint|p1a: Zapdos
|
|-heal|p2a: Tapu Fini|33/100|[from] item: Leftovers
|upkeep
|
|t:|1643141632
|switch|p1a: Dragapult|Dragapult, M|93/100
|-damage|p1a: Dragapult|81/100|[from] Stealth Rock
|turn|12
|
|t:|1643141636
|move|p1a: Dragapult|Shadow Ball|p2a: Tapu Fini
|-damage|p2a: Tapu Fini|0 fnt
|faint|p2a: Tapu Fini
|-damage|p1a: Dragapult|71/100|[from] item: Life Orb
|
|upkeep
|
|t:|1643141640
|switch|p2a: Tapu Lele|Tapu Lele|100/100
|-damage|p2a: Tapu Lele|88/100|[from] Stealth Rock
|-damage|p2a: Tapu Lele|72/100|[from] Spikes
|-fieldstart|move: Psychic Terrain|[from] ability: Psychic Surge|[of] p2a: Tapu Lele
|turn|13
|j| LittleBoy613
|
|t:|1643141647
|move|p2a: Tapu Lele|Moonblast|p1a: Dragapult
|-supereffective|p1a: Dragapult
|-damage|p1a: Dragapult|0 fnt
|faint|p1a: Dragapult
|
|upkeep
|
|t:|1643141652
|switch|p1a: Bisharp|Bisharp, M|100/100
|-damage|p1a: Bisharp|95/100|[from] Stealth Rock
|turn|14
|l| LittleBoy613
|
|t:|1643141657
|move|p2a: Tapu Lele|Moonblast|p1a: Bisharp
|-damage|p1a: Bisharp|3/100
|move|p1a: Bisharp|Knock Off|p2a: Tapu Lele
|-damage|p2a: Tapu Lele|0 fnt
|-enditem|p2a: Tapu Lele|Choice Scarf|[from] move: Knock Off|[of] p1a: Bisharp
|faint|p2a: Tapu Lele
|
|upkeep
|c|☆Demirtepe|woah
|
|t:|1643141665
|switch|p2a: Ditto|Ditto|100/100
|-damage|p2a: Ditto|84/100|[from] Spikes
|-damage|p2a: Ditto|72/100|[from] Stealth Rock
|-transform|p2a: Ditto|p1a: Bisharp|[from] ability: Imposter
|turn|15
|
|t:|1643141678
|move|p2a: Ditto|Knock Off|p1a: Bisharp
|-resisted|p1a: Bisharp
|-damage|p1a: Bisharp|0 fnt
|-enditem|p1a: Bisharp|Black Glasses|[from] move: Knock Off|[of] p2a: Ditto
|faint|p1a: Bisharp
|
|upkeep
|
|t:|1643141683
|switch|p1a: Garchomp|Garchomp, F|100/100
|-damage|p1a: Garchomp|94/100|[from] Stealth Rock
|turn|16
|
|t:|1643141692
|move|p2a: Ditto|Knock Off|p1a: Garchomp
|-damage|p1a: Garchomp|41/100
|-damage|p2a: Ditto|59/100|[from] ability: Rough Skin|[of] p1a: Garchomp
|-enditem|p1a: Garchomp|Leftovers|[from] move: Knock Off|[of] p2a: Ditto
|move|p1a: Garchomp|Earthquake|p2a: Ditto
|-supereffective|p2a: Ditto
|-damage|p2a: Ditto|0 fnt
|faint|p2a: Ditto
|
|upkeep
|
|t:|1643141700
|switch|p2a: Landorus|Landorus-Therian, M|100/100
|-damage|p2a: Landorus|88/100|[from] Stealth Rock
|-ability|p2a: Landorus|Intimidate|boost
|-unboost|p1a: Garchomp|atk|1
|turn|17
|
|t:|1643141704
|move|p1a: Garchomp|Swords Dance|p1a: Garchomp
|-boost|p1a: Garchomp|atk|2
|move|p2a: Landorus|Earthquake|p1a: Garchomp
|-damage|p1a: Garchomp|0 fnt
|faint|p1a: Garchomp
|
|win|Demirtepe
|raw|Makuryu's rating: 1651 &rarr; <strong>1630</strong><br />(-21 for losing)
|raw|Demirtepe's rating: 1641 &rarr; <strong>1662</strong><br />(+21 for winning)
