|raw|<div class="broadcast-blue"><strong>This battle is required to be public due to a player having a name starting with 'LT73IU'.</div>
|j|☆Lt73iu chapo
|j|☆relic stone
|t:|1598587905
|player|p1|Lt73iu chapo|101|1801
|player|p2|relic stone|lusamine-nihilego|1774
|teamsize|p1|6
|teamsize|p2|6
|gametype|singles
|gen|8
|tier|[Gen 8] OU
|rated|
|clearpoke
|poke|p1|Hatterene, F|
|poke|p1|Tyranitar, F|
|poke|p1|Skarmory, M|
|poke|p1|Zeraora|
|poke|p1|Amoonguss, M|
|poke|p1|Rotom-Heat|
|poke|p2|Slowbro-Galar, M|
|poke|p2|Urshifu-*, M|
|poke|p2|Mantine, M|
|poke|p2|Ferrothorn, M|
|poke|p2|Zeraora|
|poke|p2|Volcarona, M|
|rule|Sleep Clause Mod: Limit one foe put to sleep
|rule|Species Clause: Limit one of each Pokémon
|rule|OHKO Clause: OHKO moves are banned
|rule|Evasion Moves Clause: Evasion moves are banned
|rule|Endless Battle Clause: Forcing endless battles is banned
|rule|HP Percentage Mod: HP is shown in percentages
|rule|Dynamax Clause: You cannot dynamax
|teampreview
|c|☆relic stone|hf!
|c|☆Lt73iu chapo|U2
|j| Piyush21
|
|t:|1598587933
|start
|switch|p1a: Skarmory|Skarmory, M|100/100
|switch|p2a: Zephyr|Zeraora, shiny|100/100
|turn|1
|
|t:|1598587939
|switch|p1a: Amoonguss|Amoonguss, M|100/100
|move|p2a: Zephyr|Knock Off|p1a: Amoonguss
|-damage|p1a: Amoonguss|77/100
|-damage|p2a: Zephyr|84/100|[from] item: Rocky Helmet|[of] p1a: Amoonguss
|-enditem|p1a: Amoonguss|Rocky Helmet|[from] move: Knock Off|[of] p2a: Zephyr
|
|upkeep
|turn|2
|
|t:|1598587952
|move|p2a: Zephyr|Blaze Kick|p1a: Amoonguss
|-supereffective|p1a: Amoonguss
|-damage|p1a: Amoonguss|30/100
|move|p1a: Amoonguss|Giga Drain|p2a: Zephyr
|-damage|p2a: Zephyr|54/100
|-heal|p1a: Amoonguss|41/100|[from] drain|[of] p2a: Zephyr
|
|upkeep
|turn|3
|
|t:|1598587965
|switch|p1a: Rotom|Rotom-Heat|100/100
|move|p2a: Zephyr|Blaze Kick|p1a: Rotom|[miss]
|-miss|p2a: Zephyr|p1a: Rotom
|
|upkeep
|turn|4
|
|t:|1598587973
|move|p2a: Zephyr|Knock Off|p1a: Rotom
|-crit|p1a: Rotom
|-damage|p1a: Rotom|49/100
|-enditem|p1a: Rotom|Heavy-Duty Boots|[from] move: Knock Off|[of] p2a: Zephyr
|move|p1a: Rotom|Discharge|p2a: Zephyr
|-heal|p2a: Zephyr|79/100|[from] ability: Volt Absorb|[of] p1a: Rotom
|
|upkeep
|turn|5
|c|☆Lt73iu chapo|E
|
|t:|1598587985
|move|p2a: Zephyr|Plasma Fists|p1a: Rotom
|-resisted|p1a: Rotom
|-damage|p1a: Rotom|26/100
|-fieldactivate|move: Ion Deluge
|move|p1a: Rotom|Pain Split|p2a: Zephyr
|-heal|p2a: Zephyr|100/100|[from] ability: Volt Absorb|[of] p1a: Rotom
|
|upkeep
|turn|6
|c|☆Lt73iu chapo|Lmao
|c|☆relic stone|LOL
|c| Piyush21|lol
|
|t:|1598587995
|move|p2a: Zephyr|Plasma Fists|p1a: Rotom
|-resisted|p1a: Rotom
|-damage|p1a: Rotom|0 fnt
|-fieldactivate|move: Ion Deluge
|faint|p1a: Rotom
|
|upkeep
|c|☆Lt73iu chapo|Damn staying in was such a wack play
|
|t:|1598588025
|switch|p1a: Hatterene|Hatterene, F|100/100
|turn|7
|
|t:|1598588030
|move|p2a: Zephyr|Knock Off|p1a: Hatterene
|-damage|p1a: Hatterene|76/100
|-enditem|p1a: Hatterene|Leftovers|[from] move: Knock Off|[of] p2a: Zephyr
|move|p1a: Hatterene|Calm Mind|p1a: Hatterene
|-boost|p1a: Hatterene|spa|1
|-boost|p1a: Hatterene|spd|1
|
|upkeep
|turn|8
|
|t:|1598588033
|switch|p2a: Avalon|Mantine, M|100/100
|move|p1a: Hatterene|Psyshock|p2a: Avalon
|-damage|p2a: Avalon|57/100
|
|upkeep
|turn|9
|
|t:|1598588037
|switch|p1a: Tyranitar|Tyranitar, F|100/100
|-weather|Sandstorm|[from] ability: Sand Stream|[of] p1a: Tyranitar
|move|p2a: Avalon|Haze|p2a: Avalon
|-clearallboost
|
|-weather|Sandstorm|[upkeep]
|-damage|p2a: Avalon|51/100|[from] Sandstorm
|upkeep
|turn|10
|
|t:|1598588043
|switch|p2a: Temple|Ferrothorn, M|100/100
|move|p1a: Tyranitar|Thunder Wave|p2a: Temple
|-status|p2a: Temple|par
|
|-weather|Sandstorm|[upkeep]
|upkeep
|turn|11
|c|☆relic stone|then again
|c|☆relic stone|i am a wack player
|
|t:|1598588050
|switch|p1a: Skarmory|Skarmory, M|100/100
|move|p2a: Temple|Gyro Ball|p1a: Skarmory
|-resisted|p1a: Skarmory
|-damage|p1a: Skarmory|86/100
|-damage|p2a: Temple|84/100 par|[from] item: Rocky Helmet|[of] p1a: Skarmory
|
|-weather|Sandstorm|[upkeep]
|-heal|p2a: Temple|90/100 par|[from] item: Leftovers
|upkeep
|turn|12
|c|☆Lt73iu chapo|I get it
|
|t:|1598588073
|move|p1a: Skarmory|Body Press|p2a: Temple
|-supereffective|p2a: Temple
|-damage|p2a: Temple|41/100 par
|-damage|p1a: Skarmory|74/100|[from] ability: Iron Barbs|[of] p2a: Temple
|move|p2a: Temple|Knock Off|p1a: Skarmory
|-damage|p1a: Skarmory|62/100
|-damage|p2a: Temple|24/100 par|[from] item: Rocky Helmet|[of] p1a: Skarmory
|-enditem|p1a: Skarmory|Rocky Helmet|[from] move: Knock Off|[of] p2a: Temple
|
|-weather|Sandstorm|[upkeep]
|-heal|p2a: Temple|31/100 par|[from] item: Leftovers
|upkeep
|turn|13
|
|t:|1598588080
|move|p1a: Skarmory|Roost|p1a: Skarmory
|-heal|p1a: Skarmory|100/100
|-singleturn|p1a: Skarmory|move: Roost
|move|p2a: Temple|Stealth Rock|p1a: Skarmory
|-sidestart|p1: Lt73iu chapo|move: Stealth Rock
|
|-weather|none
|-heal|p2a: Temple|37/100 par|[from] item: Leftovers
|upkeep
|turn|14
|
|t:|1598588096
|move|p1a: Skarmory|Body Press|p2a: Temple
|-supereffective|p2a: Temple
|-damage|p2a: Temple|0 fnt
|-damage|p1a: Skarmory|88/100|[from] ability: Iron Barbs|[of] p2a: Temple
|faint|p2a: Temple
|
|upkeep
|
|t:|1598588101
|switch|p2a: Amaterasu|Volcarona, M|100/100
|turn|15
|
|t:|1598588105
|switch|p1a: Tyranitar|Tyranitar, F|100/100
|-damage|p1a: Tyranitar|88/100|[from] Stealth Rock
|-weather|Sandstorm|[from] ability: Sand Stream|[of] p1a: Tyranitar
|move|p2a: Amaterasu|Giga Drain|p1a: Tyranitar
|-supereffective|p1a: Tyranitar
|-damage|p1a: Tyranitar|55/100
|-damage|p2a: Amaterasu|91/100|[from] item: Life Orb
|
|-weather|Sandstorm|[upkeep]
|-damage|p2a: Amaterasu|84/100|[from] Sandstorm
|-heal|p1a: Tyranitar|61/100|[from] item: Leftovers
|upkeep
|turn|16
|
|t:|1598588116
|switch|p2a: Zephyr|Zeraora, shiny|100/100
|move|p1a: Tyranitar|Rock Blast|p2a: Zephyr
|-damage|p2a: Zephyr|85/100
|-damage|p2a: Zephyr|68/100
|-damage|p2a: Zephyr|52/100
|-damage|p2a: Zephyr|36/100
|-damage|p2a: Zephyr|20/100
|-hitcount|p2a: Zephyr|5
|
|-weather|Sandstorm|[upkeep]
|-damage|p2a: Zephyr|14/100|[from] Sandstorm
|-heal|p1a: Tyranitar|67/100|[from] item: Leftovers
|upkeep
|turn|17
|c|☆Lt73iu chapo|Lmao
|
|t:|1598588131
|switch|p1a: Amoonguss|Amoonguss, M|74/100
|-damage|p1a: Amoonguss|61/100|[from] Stealth Rock
|move|p2a: Zephyr|Knock Off|p1a: Amoonguss
|-damage|p1a: Amoonguss|45/100
|
|-weather|Sandstorm|[upkeep]
|-damage|p2a: Zephyr|8/100|[from] Sandstorm
|-damage|p1a: Amoonguss|39/100|[from] Sandstorm
|upkeep
|turn|18
|
|t:|1598588145
|move|p2a: Zephyr|Blaze Kick|p1a: Amoonguss
|-supereffective|p1a: Amoonguss
|-damage|p1a: Amoonguss|0 fnt
|faint|p1a: Amoonguss
|
|-weather|Sandstorm|[upkeep]
|-damage|p2a: Zephyr|2/100|[from] Sandstorm
|upkeep
|
|t:|1598588147
|switch|p1a: Zeraora|Zeraora|100/100
|turn|19
|
|t:|1598588150
|move|p1a: Zeraora|Knock Off|p2a: Zephyr
|-damage|p2a: Zephyr|0 fnt
|-enditem|p2a: Zephyr|Expert Belt|[from] move: Knock Off|[of] p1a: Zeraora
|faint|p2a: Zephyr
|
|-weather|none
|upkeep
|
|t:|1598588155
|switch|p2a: Wakanda Panda|Slowbro-Galar, M|100/100
|turn|20
|
|t:|1598588160
|move|p1a: Zeraora|Knock Off|p2a: Wakanda Panda
|-supereffective|p2a: Wakanda Panda
|-damage|p2a: Wakanda Panda|60/100
|-enditem|p2a: Wakanda Panda|Black Sludge|[from] move: Knock Off|[of] p1a: Zeraora
|move|p2a: Wakanda Panda|Sludge Bomb|p1a: Zeraora
|-damage|p1a: Zeraora|64/100
|-status|p1a: Zeraora|psn
|
|-damage|p1a: Zeraora|51/100 psn|[from] psn
|upkeep
|turn|21
|
|t:|1598588169
|move|p1a: Zeraora|Volt Switch|p2a: Wakanda Panda
|-damage|p2a: Wakanda Panda|35/100
|
|t:|1598588173
|switch|p1a: Tyranitar|Tyranitar, F|67/100|[from]move: Volt Switch
|-damage|p1a: Tyranitar|55/100|[from] Stealth Rock
|-weather|Sandstorm|[from] ability: Sand Stream|[of] p1a: Tyranitar
|move|p2a: Wakanda Panda|Slack Off|p2a: Wakanda Panda
|-heal|p2a: Wakanda Panda|85/100
|
|-weather|Sandstorm|[upkeep]
|-damage|p2a: Wakanda Panda|78/100|[from] Sandstorm
|-heal|p1a: Tyranitar|61/100|[from] item: Leftovers
|upkeep
|turn|22
|
|t:|1598588177
|move|p1a: Tyranitar|Thunder Wave|p2a: Wakanda Panda
|-status|p2a: Wakanda Panda|par
|move|p2a: Wakanda Panda|Sludge Bomb|p1a: Tyranitar
|-resisted|p1a: Tyranitar
|-damage|p1a: Tyranitar|54/100
|
|-weather|Sandstorm|[upkeep]
|-damage|p2a: Wakanda Panda|72/100 par|[from] Sandstorm
|-heal|p1a: Tyranitar|61/100|[from] item: Leftovers
|upkeep
|turn|23
|
|t:|1598588185
|move|p1a: Tyranitar|Rock Blast|p2a: Wakanda Panda
|-damage|p2a: Wakanda Panda|64/100 par
|-damage|p2a: Wakanda Panda|58/100 par
|-damage|p2a: Wakanda Panda|51/100 par
|-hitcount|p2a: Wakanda Panda|3
|cant|p2a: Wakanda Panda|par
|
|-weather|Sandstorm|[upkeep]
|-damage|p2a: Wakanda Panda|45/100 par|[from] Sandstorm
|-heal|p1a: Tyranitar|67/100|[from] item: Leftovers
|upkeep
|turn|24
|
|t:|1598588198
|move|p1a: Tyranitar|Rock Blast|p2a: Wakanda Panda
|-damage|p2a: Wakanda Panda|37/100 par
|-damage|p2a: Wakanda Panda|29/100 par
|-damage|p2a: Wakanda Panda|21/100 par
|-damage|p2a: Wakanda Panda|13/100 par
|-damage|p2a: Wakanda Panda|5/100 par
|-hitcount|p2a: Wakanda Panda|5
|move|p2a: Wakanda Panda|Sludge Bomb|p1a: Tyranitar
|-resisted|p1a: Tyranitar
|-damage|p1a: Tyranitar|61/100
|
|-weather|Sandstorm|[upkeep]
|-damage|p2a: Wakanda Panda|0 fnt|[from] Sandstorm
|faint|p2a: Wakanda Panda
|-heal|p1a: Tyranitar|67/100|[from] item: Leftovers
|upkeep
|
|t:|1598588201
|switch|p2a: Silhouette|Urshifu, M|100/100
|turn|25
|
|t:|1598588212
|switch|p1a: Zeraora|Zeraora|51/100 psn
|move|p2a: Silhouette|Bulk Up|p2a: Silhouette
|-boost|p2a: Silhouette|atk|1
|-boost|p2a: Silhouette|def|1
|
|-weather|none
|-damage|p1a: Zeraora|39/100 psn|[from] psn
|upkeep
|turn|26
|
|t:|1598588218
|move|p1a: Zeraora|Close Combat|p2a: Silhouette
|-supereffective|p2a: Silhouette
|-damage|p2a: Silhouette|51/100
|-unboost|p1a: Zeraora|def|1
|-unboost|p1a: Zeraora|spd|1
|move|p2a: Silhouette|Bulk Up|p2a: Silhouette
|-boost|p2a: Silhouette|atk|1
|-boost|p2a: Silhouette|def|1
|
|-damage|p1a: Zeraora|27/100 psn|[from] psn
|upkeep
|turn|27
|
|t:|1598588223
|move|p2a: Silhouette|Sucker Punch|p1a: Zeraora
|-damage|p1a: Zeraora|0 fnt
|-damage|p2a: Silhouette|41/100|[from] item: Life Orb
|faint|p1a: Zeraora
|
|upkeep
|
|t:|1598588225
|switch|p1a: Skarmory|Skarmory, M|88/100
|-damage|p1a: Skarmory|76/100|[from] Stealth Rock
|turn|28
|
|t:|1598588229
|move|p2a: Silhouette|Wicked Blow|p1a: Skarmory
|-crit|p1a: Skarmory
|-damage|p1a: Skarmory|0 fnt
|-damage|p2a: Silhouette|31/100|[from] item: Life Orb
|faint|p1a: Skarmory
|
|upkeep
|c|☆relic stone|gg bro
|c|☆Lt73iu chapo|gg i suck
|-message|Lt73iu chapo forfeited.
|
|win|relic stone
|l|☆Lt73iu chapo
|raw|Lt73iu chapo's rating: 1801 &rarr; <strong>1780</strong><br />(-21 for losing)
|raw|relic stone's rating: 1774 &rarr; <strong>1795</strong><br />(+21 for winning)
