|j|☆Blue chen
|j|☆young purple
|player|p1|Blue chen|karen|1651
|player|p2|young purple|fantina|1585
|teamsize|p1|6
|teamsize|p2|6
|gametype|singles
|gen|8
|tier|[Gen 8] OU
|rated|
|clearpoke
|poke|p1|Shuckle, M|
|poke|p1|Togekiss, M|
|poke|p1|Cinderace, M|
|poke|p1|Kyurem|
|poke|p1|Dracozolt|
|poke|p1|Zeraora|
|poke|p2|Reuniclus, F|
|poke|p2|Mandibuzz, F|
|poke|p2|Clefable, M|
|poke|p2|Dragapult, F|
|poke|p2|Quagsire, M|
|poke|p2|Toxapex, F|
|rule|Sleep Clause Mod: Limit one foe put to sleep
|rule|Species Clause: Limit one of each Pokémon
|rule|OHKO Clause: OHKO moves are banned
|rule|Evasion Moves Clause: Evasion moves are banned
|rule|Endless Battle Clause: Forcing endless battles is banned
|rule|HP Percentage Mod: HP is shown in percentages
|rule|Dynamax Clause: You cannot dynamax
|teampreview
|j| CER0PR Test
|inactive|Battle timer is ON: inactive players will automatically lose when time's up. (requested by young purple)
|
|start
|switch|p1a: Shuckle|Shuckle, M|100/100
|switch|p2a: Quagsire|Quagsire, M|100/100
|turn|1
|
|move|p2a: Quagsire|Toxic|p1a: Shuckle
|-status|p1a: Shuckle|tox
|move|p1a: Shuckle|Stealth Rock|p2a: Quagsire
|-sidestart|p2: young purple|move: Stealth Rock
|
|-damage|p1a: Shuckle|94/100 tox|[from] psn
|upkeep
|turn|2
|l| CER0PR Test
|
|switch|p2a: Clefable|Clefable, M|100/100
|move|p1a: Shuckle|Final Gambit|p2a: Clefable
|-damage|p2a: Clefable|42/100
|faint|p1a: Shuckle
|
|-heal|p2a: Clefable|48/100|[from] item: Leftovers
|upkeep
|
|switch|p1a: Togekiss|Togekiss, M|100/100
|turn|3
|
|move|p1a: Togekiss|Nasty Plot|p1a: Togekiss
|-boost|p1a: Togekiss|spa|2
|move|p2a: Clefable|Thunder Wave|p1a: Togekiss
|-status|p1a: Togekiss|par
|
|-heal|p2a: Clefable|55/100|[from] item: Leftovers
|upkeep
|turn|4
|
|move|p2a: Clefable|Moonblast|p1a: Togekiss
|-damage|p1a: Togekiss|72/100 par
|move|p1a: Togekiss|Air Slash|p2a: Clefable
|-damage|p2a: Clefable|0 fnt
|faint|p2a: Clefable
|
|-heal|p1a: Togekiss|78/100 par|[from] item: Leftovers
|upkeep
|inactive|young purple has 120 seconds left.
|
|switch|p2a: Dragapult|Dragapult, F|100/100
|-damage|p2a: Dragapult|88/100|[from] Stealth Rock
|turn|5
|
|move|p2a: Dragapult|Hex|p1a: Togekiss
|-damage|p1a: Togekiss|0 fnt
|faint|p1a: Togekiss
|
|upkeep
|
|switch|p1a: Kyurem|Kyurem|100/100
|-ability|p1a: Kyurem|Pressure
|turn|6
|
|switch|p2a: Reuniclus|Reuniclus, F|100/100
|-damage|p2a: Reuniclus|88/100|[from] Stealth Rock
|move|p1a: Kyurem|Ice Beam|p2a: Reuniclus
|-damage|p2a: Reuniclus|66/100
|
|upkeep
|turn|7
|
|move|p1a: Kyurem|Ice Beam|p2a: Reuniclus
|-damage|p2a: Reuniclus|41/100
|move|p2a: Reuniclus|Future Sight|p1a: Kyurem
|-start|p2a: Reuniclus|move: Future Sight
|
|upkeep
|turn|8
|
|switch|p2a: Toxapex|Toxapex, F|100/100
|-damage|p2a: Toxapex|88/100|[from] Stealth Rock
|move|p1a: Kyurem|Ice Beam|p2a: Toxapex
|-resisted|p2a: Toxapex
|-damage|p2a: Toxapex|63/100
|
|-heal|p2a: Toxapex|69/100|[from] item: Black Sludge
|upkeep
|turn|9
|
|move|p1a: Kyurem|Substitute|p1a: Kyurem
|-start|p1a: Kyurem|Substitute
|-damage|p1a: Kyurem|75/100
|move|p2a: Toxapex|Scald|p1a: Kyurem
|-resisted|p1a: Kyurem
|-activate|p1a: Kyurem|move: Substitute|[damage]
|
|-end|p1a: Kyurem|move: Future Sight
|-end|p1a: Kyurem|Substitute
|-heal|p2a: Toxapex|75/100|[from] item: Black Sludge
|upkeep
|turn|10
|
|switch|p2a: Dragapult|Dragapult, F|88/100
|-damage|p2a: Dragapult|76/100|[from] Stealth Rock
|move|p1a: Kyurem|Substitute|p1a: Kyurem
|-start|p1a: Kyurem|Substitute
|-damage|p1a: Kyurem|50/100
|
|upkeep
|turn|11
|
|switch|p1a: Zeraora|Zeraora|100/100
|move|p2a: Dragapult|Draco Meteor|p1a: Zeraora
|-damage|p1a: Zeraora|0 fnt
|-unboost|p2a: Dragapult|spa|2
|faint|p1a: Zeraora
|
|upkeep
|
|switch|p1a: Cinderace|Cinderace, M|100/100
|turn|12
|
|switch|p2a: Toxapex|Toxapex, F|100/100
|-damage|p2a: Toxapex|88/100|[from] Stealth Rock
|move|p1a: Cinderace|U-turn|p2a: Toxapex
|-start|p1a: Cinderace|typechange|Bug|[from] ability: Libero
|-resisted|p2a: Toxapex
|-damage|p2a: Toxapex|78/100
|
|switch|p1a: Kyurem|Kyurem|50/100|[from]move: U-turn
|-ability|p1a: Kyurem|Pressure
|
|-heal|p2a: Toxapex|84/100|[from] item: Black Sludge
|upkeep
|turn|13
|
|switch|p2a: Reuniclus|Reuniclus, F|75/100
|-damage|p2a: Reuniclus|62/100|[from] Stealth Rock
|move|p1a: Kyurem|Substitute|p1a: Kyurem
|-start|p1a: Kyurem|Substitute
|-damage|p1a: Kyurem|25/100
|
|upkeep
|turn|14
|
|move|p1a: Kyurem|Roost|p1a: Kyurem
|-heal|p1a: Kyurem|75/100
|-singleturn|p1a: Kyurem|move: Roost
|move|p2a: Reuniclus|Night Shade|p1a: Kyurem
|-end|p1a: Kyurem|Substitute
|
|upkeep
|turn|15
|
|move|p1a: Kyurem|Roost|p1a: Kyurem
|-heal|p1a: Kyurem|100/100
|-singleturn|p1a: Kyurem|move: Roost
|move|p2a: Reuniclus|Knock Off|p1a: Kyurem
|-damage|p1a: Kyurem|84/100
|-enditem|p1a: Kyurem|Metronome|[from] move: Knock Off|[of] p2a: Reuniclus
|
|upkeep
|turn|16
|
|switch|p1a: Dracozolt|Dracozolt|100/100
|move|p2a: Reuniclus|Future Sight|p1a: Dracozolt
|-start|p2a: Reuniclus|move: Future Sight
|
|upkeep
|turn|17
|
|switch|p2a: Quagsire|Quagsire, M|100/100
|-damage|p2a: Quagsire|94/100|[from] Stealth Rock
|move|p1a: Dracozolt|Outrage|p2a: Quagsire
|-damage|p2a: Quagsire|58/100
|
|-heal|p2a: Quagsire|64/100|[from] item: Leftovers
|upkeep
|turn|18
|
|move|p1a: Dracozolt|Outrage|p2a: Quagsire|[from]lockedmove
|-damage|p2a: Quagsire|18/100
|-start|p1a: Dracozolt|confusion|[fatigue]
|move|p2a: Quagsire|Recover|p2a: Quagsire
|-heal|p2a: Quagsire|68/100
|
|-end|p1a: Dracozolt|move: Future Sight
|-damage|p1a: Dracozolt|27/100
|-heal|p2a: Quagsire|74/100|[from] item: Leftovers
|upkeep
|turn|19
|
|-activate|p1a: Dracozolt|confusion
|-damage|p1a: Dracozolt|8/100|[from] confusion
|move|p2a: Quagsire|Toxic|p1a: Dracozolt
|-status|p1a: Dracozolt|tox
|
|-heal|p2a: Quagsire|80/100|[from] item: Leftovers
|-damage|p1a: Dracozolt|2/100 tox|[from] psn
|upkeep
|turn|20
|
|-end|p1a: Dracozolt|confusion
|move|p1a: Dracozolt|Outrage|p2a: Quagsire
|-damage|p2a: Quagsire|39/100
|move|p2a: Quagsire|Recover|p2a: Quagsire
|-heal|p2a: Quagsire|89/100
|
|-heal|p2a: Quagsire|95/100|[from] item: Leftovers
|-damage|p1a: Dracozolt|0 fnt|[from] psn
|faint|p1a: Dracozolt
|upkeep
|
|switch|p1a: Kyurem|Kyurem|84/100
|-ability|p1a: Kyurem|Pressure
|turn|21
|
|switch|p2a: Dragapult|Dragapult, F|76/100
|-damage|p2a: Dragapult|64/100|[from] Stealth Rock
|move|p1a: Kyurem|Ice Beam|p2a: Dragapult
|-supereffective|p2a: Dragapult
|-damage|p2a: Dragapult|0 fnt
|faint|p2a: Dragapult
|
|upkeep
|
|switch|p2a: Reuniclus|Reuniclus, F|95/100
|-damage|p2a: Reuniclus|83/100|[from] Stealth Rock
|turn|22
|
|switch|p1a: Cinderace|Cinderace, M|100/100
|move|p2a: Reuniclus|Future Sight|p1a: Cinderace
|-start|p2a: Reuniclus|move: Future Sight
|
|upkeep
|turn|23
|
|switch|p2a: Quagsire|Quagsire, M|95/100
|-damage|p2a: Quagsire|89/100|[from] Stealth Rock
|move|p1a: Cinderace|U-turn|p2a: Quagsire
|-start|p1a: Cinderace|typechange|Bug|[from] ability: Libero
|-damage|p2a: Quagsire|65/100
|
|switch|p1a: Kyurem|Kyurem|84/100|[from]move: U-turn
|-ability|p1a: Kyurem|Pressure
|
|-heal|p2a: Quagsire|71/100|[from] item: Leftovers
|upkeep
|turn|24
|
|switch|p2a: Reuniclus|Reuniclus, F|100/100
|-damage|p2a: Reuniclus|88/100|[from] Stealth Rock
|move|p1a: Kyurem|Substitute|p1a: Kyurem
|-start|p1a: Kyurem|Substitute
|-damage|p1a: Kyurem|59/100
|
|-end|p1a: Kyurem|move: Future Sight
|-end|p1a: Kyurem|Substitute
|upkeep
|turn|25
|
|move|p1a: Kyurem|Roost|p1a: Kyurem
|-heal|p1a: Kyurem|100/100
|-singleturn|p1a: Kyurem|move: Roost
|move|p2a: Reuniclus|Psychic|p1a: Kyurem
|-damage|p1a: Kyurem|64/100
|
|upkeep
|turn|26
|
|move|p1a: Kyurem|Ice Beam|p2a: Reuniclus
|-damage|p2a: Reuniclus|67/100
|move|p2a: Reuniclus|Night Shade|p1a: Kyurem
|-damage|p1a: Kyurem|39/100
|
|upkeep
|turn|27
|
|move|p1a: Kyurem|Roost|p1a: Kyurem
|-heal|p1a: Kyurem|89/100
|-singleturn|p1a: Kyurem|move: Roost
|move|p2a: Reuniclus|Future Sight|p1a: Kyurem
|-start|p2a: Reuniclus|move: Future Sight
|
|upkeep
|turn|28
|
|switch|p2a: Toxapex|Toxapex, F|100/100
|-damage|p2a: Toxapex|88/100|[from] Stealth Rock
|move|p1a: Kyurem|Ice Beam|p2a: Toxapex
|-resisted|p2a: Toxapex
|-damage|p2a: Toxapex|70/100
|-status|p2a: Toxapex|frz
|
|-heal|p2a: Toxapex|76/100 frz|[from] item: Black Sludge
|upkeep
|turn|29
|
|move|p1a: Kyurem|Earth Power|p2a: Toxapex
|-supereffective|p2a: Toxapex
|-damage|p2a: Toxapex|25/100 frz
|-curestatus|p2a: Toxapex|frz|[from] move: Scald
|move|p2a: Toxapex|Scald|p1a: Kyurem
|-resisted|p1a: Kyurem
|-damage|p1a: Kyurem|81/100
|-status|p1a: Kyurem|brn
|
|-end|p1a: Kyurem|move: Future Sight
|-damage|p1a: Kyurem|31/100 brn
|-heal|p2a: Toxapex|31/100|[from] item: Black Sludge
|-damage|p1a: Kyurem|25/100 brn|[from] brn
|upkeep
|turn|30
|
|switch|p2a: Mandibuzz|Mandibuzz, F|100/100
|move|p1a: Kyurem|Roost|p1a: Kyurem
|-heal|p1a: Kyurem|75/100 brn
|-singleturn|p1a: Kyurem|move: Roost
|
|-damage|p1a: Kyurem|69/100 brn|[from] brn
|upkeep
|turn|31
|
|move|p1a: Kyurem|Ice Beam|p2a: Mandibuzz
|-supereffective|p2a: Mandibuzz
|-damage|p2a: Mandibuzz|28/100
|move|p2a: Mandibuzz|Defog|p1a: Kyurem
|-unboost|p1a: Kyurem|evasion|1
|-sideend|p2: young purple|Stealth Rock|[from] move: Defog|[of] p2a: Mandibuzz
|
|-damage|p1a: Kyurem|62/100 brn|[from] brn
|upkeep
|turn|32
|
|move|p1a: Kyurem|Substitute|p1a: Kyurem
|-start|p1a: Kyurem|Substitute
|-damage|p1a: Kyurem|37/100 brn
|move|p2a: Mandibuzz|Foul Play|p1a: Kyurem
|-end|p1a: Kyurem|Substitute
|
|-damage|p1a: Kyurem|31/100 brn|[from] brn
|upkeep
|turn|33
|
|move|p1a: Kyurem|Ice Beam|p2a: Mandibuzz
|-supereffective|p2a: Mandibuzz
|-damage|p2a: Mandibuzz|0 fnt
|faint|p2a: Mandibuzz
|
|-damage|p1a: Kyurem|25/100 brn|[from] brn
|upkeep
|
|switch|p2a: Reuniclus|Reuniclus, F|100/100
|turn|34
|
|move|p1a: Kyurem|Roost|p1a: Kyurem
|-heal|p1a: Kyurem|75/100 brn
|-singleturn|p1a: Kyurem|move: Roost
|move|p2a: Reuniclus|Future Sight|p1a: Kyurem
|-start|p2a: Reuniclus|move: Future Sight
|
|-damage|p1a: Kyurem|69/100 brn|[from] brn
|upkeep
|turn|35
|
|switch|p1a: Cinderace|Cinderace, M|100/100
|move|p2a: Reuniclus|Night Shade|p1a: Cinderace
|-damage|p1a: Cinderace|67/100
|
|upkeep
|turn|36
|
|move|p1a: Cinderace|Sucker Punch|p2a: Reuniclus
|-start|p1a: Cinderace|typechange|Dark|[from] ability: Libero
|-supereffective|p2a: Reuniclus
|-damage|p2a: Reuniclus|37/100
|move|p2a: Reuniclus|Psychic|p1a: Cinderace
|-immune|p1a: Cinderace
|
|-end|p1a: Cinderace|move: Future Sight
|-immune|p1a: Cinderace
|upkeep
|turn|37
|
|switch|p2a: Quagsire|Quagsire, M|71/100
|move|p1a: Cinderace|U-turn|p2a: Quagsire
|-start|p1a: Cinderace|typechange|Bug|[from] ability: Libero
|-damage|p2a: Quagsire|47/100
|
|switch|p1a: Kyurem|Kyurem|69/100 brn|[from]move: U-turn
|-ability|p1a: Kyurem|Pressure
|
|-heal|p2a: Quagsire|53/100|[from] item: Leftovers
|-damage|p1a: Kyurem|63/100 brn|[from] brn
|upkeep
|turn|38
|
|move|p1a: Kyurem|Ice Beam|p2a: Quagsire
|-damage|p2a: Quagsire|0 fnt
|faint|p2a: Quagsire
|
|-damage|p1a: Kyurem|57/100 brn|[from] brn
|upkeep
|
|switch|p2a: Toxapex|Toxapex, F|64/100
|turn|39
|
|switch|p2a: Reuniclus|Reuniclus, F|70/100
|move|p1a: Kyurem|Earth Power|p2a: Reuniclus
|-damage|p2a: Reuniclus|56/100
|
|-damage|p1a: Kyurem|51/100 brn|[from] brn
|upkeep
|turn|40
|
|switch|p2a: Toxapex|Toxapex, F|97/100
|move|p1a: Kyurem|Ice Beam|p2a: Toxapex
|-resisted|p2a: Toxapex
|-damage|p2a: Toxapex|79/100
|
|-heal|p2a: Toxapex|86/100|[from] item: Black Sludge
|-damage|p1a: Kyurem|45/100 brn|[from] brn
|upkeep
|turn|41
|j| Orlando Obstagoons
|
|switch|p2a: Reuniclus|Reuniclus, F|90/100
|move|p1a: Kyurem|Roost|p1a: Kyurem
|-heal|p1a: Kyurem|95/100 brn
|-singleturn|p1a: Kyurem|move: Roost
|
|-damage|p1a: Kyurem|89/100 brn|[from] brn
|upkeep
|turn|42
|
|move|p1a: Kyurem|Ice Beam|p2a: Reuniclus
|-damage|p2a: Reuniclus|68/100
|-status|p2a: Reuniclus|frz
|cant|p2a: Reuniclus|frz
|
|-damage|p1a: Kyurem|82/100 brn|[from] brn
|upkeep
|turn|43
|
|move|p1a: Kyurem|Earth Power|p2a: Reuniclus
|-damage|p2a: Reuniclus|53/100 frz
|cant|p2a: Reuniclus|frz
|
|-damage|p1a: Kyurem|76/100 brn|[from] brn
|upkeep
|turn|44
|
|move|p1a: Kyurem|Earth Power|p2a: Reuniclus
|-damage|p2a: Reuniclus|38/100 frz
|-curestatus|p2a: Reuniclus|frz|[msg]
|move|p2a: Reuniclus|Psychic|p1a: Kyurem
|-damage|p1a: Kyurem|39/100 brn
|
|-damage|p1a: Kyurem|33/100 brn|[from] brn
|upkeep
|turn|45
|
|switch|p2a: Toxapex|Toxapex, F|100/100
|move|p1a: Kyurem|Earth Power|p2a: Toxapex
|-supereffective|p2a: Toxapex
|-damage|p2a: Toxapex|52/100
|
|-heal|p2a: Toxapex|58/100|[from] item: Black Sludge
|-damage|p1a: Kyurem|27/100 brn|[from] brn
|upkeep
|turn|46
|
|switch|p2a: Reuniclus|Reuniclus, F|71/100
|move|p1a: Kyurem|Roost|p1a: Kyurem
|-heal|p1a: Kyurem|77/100 brn
|-singleturn|p1a: Kyurem|move: Roost
|
|-damage|p1a: Kyurem|71/100 brn|[from] brn
|upkeep
|turn|47
|
|switch|p2a: Toxapex|Toxapex, F|91/100
|move|p1a: Kyurem|Ice Beam|p2a: Toxapex
|-resisted|p2a: Toxapex
|-damage|p2a: Toxapex|73/100
|-status|p2a: Toxapex|frz
|
|-heal|p2a: Toxapex|79/100 frz|[from] item: Black Sludge
|-damage|p1a: Kyurem|65/100 brn|[from] brn
|upkeep
|turn|48
|
|move|p1a: Kyurem|Earth Power|p2a: Toxapex
|-supereffective|p2a: Toxapex
|-damage|p2a: Toxapex|28/100 frz
|-curestatus|p2a: Toxapex|frz|[from] move: Scald
|move|p2a: Toxapex|Scald|p1a: Kyurem
|-resisted|p1a: Kyurem
|-damage|p1a: Kyurem|57/100 brn
|
|-heal|p2a: Toxapex|34/100|[from] item: Black Sludge
|-damage|p1a: Kyurem|51/100 brn|[from] brn
|upkeep
|turn|49
|
|switch|p2a: Reuniclus|Reuniclus, F|100/100
|move|p1a: Kyurem|Roost|p1a: Kyurem
|-heal|p1a: Kyurem|100/100 brn
|-singleturn|p1a: Kyurem|move: Roost
|
|-damage|p1a: Kyurem|94/100 brn|[from] brn
|upkeep
|turn|50
|
|move|p1a: Kyurem|Ice Beam|p2a: Reuniclus
|-damage|p2a: Reuniclus|80/100
|-status|p2a: Reuniclus|frz
|-curestatus|p2a: Reuniclus|frz|[msg]
|move|p2a: Reuniclus|Knock Off|p1a: Kyurem
|-damage|p1a: Kyurem|84/100 brn
|
|-damage|p1a: Kyurem|78/100 brn|[from] brn
|upkeep
|turn|51
|
|move|p1a: Kyurem|Ice Beam|p2a: Reuniclus
|-damage|p2a: Reuniclus|59/100
|move|p2a: Reuniclus|Knock Off|p1a: Kyurem
|-damage|p1a: Kyurem|67/100 brn
|
|-damage|p1a: Kyurem|61/100 brn|[from] brn
|upkeep
|turn|52
|
|switch|p2a: Toxapex|Toxapex, F|68/100
|move|p1a: Kyurem|Ice Beam|p2a: Toxapex
|-resisted|p2a: Toxapex
|-damage|p2a: Toxapex|48/100
|
|-heal|p2a: Toxapex|54/100|[from] item: Black Sludge
|-damage|p1a: Kyurem|55/100 brn|[from] brn
|upkeep
|turn|53
|
|switch|p2a: Reuniclus|Reuniclus, F|92/100
|move|p1a: Kyurem|Roost|p1a: Kyurem
|-heal|p1a: Kyurem|100/100 brn
|-singleturn|p1a: Kyurem|move: Roost
|
|-damage|p1a: Kyurem|94/100 brn|[from] brn
|upkeep
|turn|54
|
|move|p1a: Kyurem|Ice Beam|p2a: Reuniclus
|-damage|p2a: Reuniclus|70/100
|-status|p2a: Reuniclus|frz
|cant|p2a: Reuniclus|frz
|
|-damage|p1a: Kyurem|88/100 brn|[from] brn
|upkeep
|turn|55
|
|move|p1a: Kyurem|Earth Power|p2a: Reuniclus
|-damage|p2a: Reuniclus|57/100 frz
|-curestatus|p2a: Reuniclus|frz|[msg]
|move|p2a: Reuniclus|Knock Off|p1a: Kyurem
|-damage|p1a: Kyurem|79/100 brn
|
|-damage|p1a: Kyurem|73/100 brn|[from] brn
|upkeep
|turn|56
|
|move|p1a: Kyurem|Earth Power|p2a: Reuniclus
|-crit|p2a: Reuniclus
|-damage|p2a: Reuniclus|37/100
|-unboost|p2a: Reuniclus|spd|1
|move|p2a: Reuniclus|Future Sight|p1a: Kyurem
|-start|p2a: Reuniclus|move: Future Sight
|
|-damage|p1a: Kyurem|67/100 brn|[from] brn
|upkeep
|turn|57
|
|switch|p2a: Toxapex|Toxapex, F|87/100
|move|p1a: Kyurem|Earth Power|p2a: Toxapex
|-supereffective|p2a: Toxapex
|-damage|p2a: Toxapex|31/100
|
|-heal|p2a: Toxapex|37/100|[from] item: Black Sludge
|-damage|p1a: Kyurem|61/100 brn|[from] brn
|upkeep
|turn|58
|
|switch|p2a: Reuniclus|Reuniclus, F|70/100
|move|p1a: Kyurem|Earth Power|p2a: Reuniclus
|-damage|p2a: Reuniclus|57/100
|
|-end|p1a: Kyurem|move: Future Sight
|-damage|p1a: Kyurem|12/100 brn
|-damage|p1a: Kyurem|6/100 brn|[from] brn
|upkeep
|turn|59
|
|switch|p2a: Toxapex|Toxapex, F|70/100
|move|p1a: Kyurem|Roost|p1a: Kyurem
|-heal|p1a: Kyurem|56/100 brn
|-singleturn|p1a: Kyurem|move: Roost
|
|-heal|p2a: Toxapex|76/100|[from] item: Black Sludge
|-damage|p1a: Kyurem|50/100 brn|[from] brn
|upkeep
|turn|60
|
|switch|p2a: Reuniclus|Reuniclus, F|91/100
|move|p1a: Kyurem|Substitute|p1a: Kyurem
|-start|p1a: Kyurem|Substitute
|-damage|p1a: Kyurem|25/100 brn
|
|-damage|p1a: Kyurem|19/100 brn|[from] brn
|upkeep
|turn|61
|
|move|p1a: Kyurem|Roost|p1a: Kyurem
|-heal|p1a: Kyurem|69/100 brn
|-singleturn|p1a: Kyurem|move: Roost
|move|p2a: Reuniclus|Night Shade|p1a: Kyurem
|-end|p1a: Kyurem|Substitute
|
|-damage|p1a: Kyurem|63/100 brn|[from] brn
|upkeep
|turn|62
|
|switch|p1a: Cinderace|Cinderace, M|67/100
|move|p2a: Reuniclus|Night Shade|p1a: Cinderace
|-damage|p1a: Cinderace|34/100
|
|upkeep
|turn|63
|
|switch|p2a: Toxapex|Toxapex, F|100/100
|move|p1a: Cinderace|U-turn|p2a: Toxapex
|-start|p1a: Cinderace|typechange|Bug|[from] ability: Libero
|-resisted|p2a: Toxapex
|-damage|p2a: Toxapex|91/100
|-message|Blue chen forfeited.
|
|win|young purple
|l|☆Blue chen
