|raw|<div class="broadcast-blue"><strong>This battle is required to be public due to a player having a name starting with 'lt83aq'.</div>
|j|☆LT83AQ Pigg
|j|☆BestixL
|t:|1626920329
|gametype|singles
|player|p1|LT83AQ Pigg|cyclist-gen4|1896
|player|p2|BestixL|hilbert-wonderlauncher|1911
|teamsize|p1|6
|teamsize|p2|6
|gen|8
|tier|[Gen 8] OU
|rated|
|rule|Sleep Clause Mod: Limit one foe put to sleep
|rule|Species Clause: Limit one of each Pokémon
|rule|OHKO Clause: OHKO moves are banned
|rule|Evasion Moves Clause: Evasion moves are banned
|rule|Endless Battle Clause: Forcing endless battles is banned
|rule|HP Percentage Mod: HP is shown in percentages
|rule|Dynamax Clause: You cannot dynamax
|clearpoke
|poke|p1|Klefki, M|
|poke|p1|Mew|
|poke|p1|Cloyster, F|
|poke|p1|Volcarona, F|
|poke|p1|Togekiss, M|
|poke|p1|Gyarados, M|
|poke|p2|Clefable, F|
|poke|p2|Suicune|
|poke|p2|Garchomp, M|
|poke|p2|Weavile, F|
|poke|p2|Tornadus-Therian, M|
|poke|p2|Corviknight, M|
|teampreview
|j| cryingg
|j| Lemon to Aid
|inactive|Battle timer is ON: inactive players will automatically lose when time's up. (requested by BestixL)
|
|t:|1626920340
|start
|switch|p1a: Mew|Mew|100/100
|switch|p2a: Tornadus|Tornadus-Therian, M|100/100
|turn|1
|j| LT83AQ EclipseY
|j| IamFakee
|c|☆BestixL|colbur?
|
|t:|1626920347
|move|p2a: Tornadus|Taunt|p1a: Mew
|-start|p1a: Mew|move: Taunt
|cant|p1a: Mew|move: Taunt|Thunder Wave
|
|upkeep
|turn|2
|c|☆BestixL|mental herb*
|c|☆BestixL|lol
|
|t:|1626920360
|move|p2a: Tornadus|U-turn|p1a: Mew
|-supereffective|p1a: Mew
|-damage|p1a: Mew|70/100
|
|t:|1626920364
|switch|p2a: Weavile|Weavile, F|100/100|[from]move: U-turn
|-ability|p2a: Weavile|Pressure
|move|p1a: Mew|Ice Beam|p2a: Weavile
|-resisted|p2a: Weavile
|-damage|p2a: Weavile|82/100
|
|upkeep
|turn|3
|j| lt83aq hsa
|j| LT82ZW UnzipsC
|
|t:|1626920374
|switch|p1a: Volcarona|Volcarona, F|100/100
|move|p2a: Weavile|Knock Off|p1a: Volcarona
|-damage|p1a: Volcarona|58/100
|-enditem|p1a: Volcarona|Heavy-Duty Boots|[from] move: Knock Off|[of] p2a: Weavile
|
|upkeep
|turn|4
|
|t:|1626920382
|switch|p2a: Garchomp|Garchomp, M|100/100
|move|p1a: Volcarona|Roost|p1a: Volcarona
|-heal|p1a: Volcarona|100/100
|-singleturn|p1a: Volcarona|move: Roost
|
|upkeep
|turn|5
|
|t:|1626920387
|switch|p1a: Mew|Mew|70/100
|move|p2a: Garchomp|Stealth Rock|p1a: Mew
|-sidestart|p1: LT83AQ Pigg|move: Stealth Rock
|
|upkeep
|turn|6
|l| LT82ZW UnzipsC
|
|t:|1626920399
|switch|p2a: Tornadus|Tornadus-Therian, M|100/100
|move|p1a: Mew|Stealth Rock|p2a: Tornadus
|-sidestart|p2: BestixL|move: Stealth Rock
|
|upkeep
|turn|7
|j| Elefent
|
|t:|1626920405
|switch|p1a: Klefki|Klefki, M|100/100
|-damage|p1a: Klefki|95/100|[from] Stealth Rock
|move|p2a: Tornadus|Taunt|p1a: Klefki
|-start|p1a: Klefki|move: Taunt
|
|upkeep
|turn|8
|
|t:|1626920413
|switch|p1a: Mew|Mew|70/100
|-damage|p1a: Mew|58/100|[from] Stealth Rock
|move|p2a: Tornadus|Hurricane|p1a: Mew
|-damage|p1a: Mew|20/100
|
|upkeep
|turn|9
|
|t:|1626920420
|move|p2a: Tornadus|U-turn|p1a: Mew
|-supereffective|p1a: Mew
|-damage|p1a: Mew|0 fnt
|faint|p1a: Mew
|
|t:|1626920426
|switch|p2a: Clefable|Clefable, F|100/100|[from]move: U-turn
|
|upkeep
|
|t:|1626920430
|switch|p1a: Klefki|Klefki, M|95/100
|-damage|p1a: Klefki|89/100|[from] Stealth Rock
|turn|10
|
|t:|1626920438
|switch|p2a: Tornadus|Tornadus-Therian, M|100/100
|move|p1a: Klefki|Switcheroo|p2a: Tornadus
|-activate|p1a: Klefki|move: Trick|[of] p2a: Tornadus
|-item|p2a: Tornadus|Choice Scarf|[from] move: Switcheroo
|-item|p1a: Klefki|Heavy-Duty Boots|[from] move: Switcheroo
|
|upkeep
|turn|11
|
|t:|1626920444
|move|p1a: Klefki|Thunder Wave|p2a: Tornadus
|-status|p2a: Tornadus|par
|move|p2a: Tornadus|Knock Off|p1a: Klefki
|-resisted|p1a: Klefki
|-damage|p1a: Klefki|78/100
|-enditem|p1a: Klefki|Heavy-Duty Boots|[from] move: Knock Off|[of] p2a: Tornadus
|
|upkeep
|turn|12
|
|t:|1626920451
|switch|p2a: Clefable|Clefable, F|100/100
|move|p1a: Klefki|Spikes|p2a: Clefable
|-sidestart|p2: BestixL|Spikes
|
|upkeep
|turn|13
|j| G1-R2
|
|t:|1626920456
|move|p1a: Klefki|Switcheroo|p2a: Clefable
|-activate|p1a: Klefki|move: Trick|[of] p2a: Clefable
|-enditem|p2a: Clefable|Leftovers|[silent]|[from] move: Switcheroo
|-item|p1a: Klefki|Leftovers|[from] move: Switcheroo
|move|p2a: Clefable|Moonblast|p1a: Klefki
|-resisted|p1a: Klefki
|-damage|p1a: Klefki|64/100
|
|-heal|p1a: Klefki|70/100|[from] item: Leftovers
|upkeep
|turn|14
|
|t:|1626920465
|move|p1a: Klefki|Thunder Wave|p2a: Clefable
|-status|p2a: Clefable|par
|cant|p2a: Clefable|par
|
|-heal|p1a: Klefki|76/100|[from] item: Leftovers
|upkeep
|turn|15
|
|t:|1626920472
|move|p1a: Klefki|Spikes|p2a: Clefable
|-sidestart|p2: BestixL|Spikes
|cant|p2a: Clefable|par
|
|-heal|p1a: Klefki|82/100|[from] item: Leftovers
|upkeep
|turn|16
|
|t:|1626920477
|move|p1a: Klefki|Spikes|p2a: Clefable
|-sidestart|p2: BestixL|Spikes
|move|p2a: Clefable|Wish|p2a: Clefable
|
|-heal|p1a: Klefki|88/100|[from] item: Leftovers
|upkeep
|turn|17
|j| MangoStyle
|
|t:|1626920493
|switch|p1a: Volcarona|Volcarona, F|100/100
|-damage|p1a: Volcarona|51/100|[from] Stealth Rock
|switch|p2a: Corviknight|Corviknight, M|100/100
|-damage|p2a: Corviknight|88/100|[from] Stealth Rock
|-ability|p2a: Corviknight|Pressure
|
|-heal|p2a: Corviknight|100/100|[from] move: Wish|[wisher] Clefable
|upkeep
|turn|18
|
|t:|1626920505
|switch|p2a: Garchomp|Garchomp, M|100/100
|-damage|p2a: Garchomp|94/100|[from] Stealth Rock
|-damage|p2a: Garchomp|69/100|[from] Spikes
|move|p1a: Volcarona|Flamethrower|p2a: Garchomp
|-resisted|p2a: Garchomp
|-damage|p2a: Garchomp|53/100
|
|-heal|p2a: Garchomp|59/100|[from] item: Leftovers
|upkeep
|turn|19
|
|t:|1626920518
|move|p2a: Garchomp|Toxic|p1a: Volcarona
|-status|p1a: Volcarona|tox
|move|p1a: Volcarona|Giga Drain|p2a: Garchomp
|-damage|p2a: Garchomp|41/100
|-heal|p1a: Volcarona|61/100 tox|[from] drain|[of] p2a: Garchomp
|
|-heal|p2a: Garchomp|47/100|[from] item: Leftovers
|-damage|p1a: Volcarona|55/100 tox|[from] psn
|upkeep
|turn|20
|
|t:|1626920527
|move|p2a: Garchomp|Earthquake|p1a: Volcarona
|-damage|p1a: Volcarona|15/100 tox
|move|p1a: Volcarona|Quiver Dance|p1a: Volcarona
|-boost|p1a: Volcarona|spa|1
|-boost|p1a: Volcarona|spd|1
|-boost|p1a: Volcarona|spe|1
|
|-heal|p2a: Garchomp|53/100|[from] item: Leftovers
|-damage|p1a: Volcarona|3/100 tox|[from] psn
|upkeep
|turn|21
|
|t:|1626920536
|move|p2a: Garchomp|Protect|p2a: Garchomp
|-singleturn|p2a: Garchomp|Protect
|move|p1a: Volcarona|Giga Drain|p2a: Garchomp
|-activate|p2a: Garchomp|move: Protect
|
|-heal|p2a: Garchomp|59/100|[from] item: Leftovers
|-damage|p1a: Volcarona|0 fnt|[from] psn
|faint|p1a: Volcarona
|upkeep
|
|t:|1626920551
|switch|p1a: Cloyster|Cloyster, F|100/100
|-damage|p1a: Cloyster|76/100|[from] Stealth Rock
|turn|22
|
|t:|1626920557
|move|p1a: Cloyster|Ice Shard|p2a: Garchomp
|-supereffective|p2a: Garchomp
|-damage|p2a: Garchomp|1/100
|move|p2a: Garchomp|Toxic|p1a: Cloyster
|-status|p1a: Cloyster|tox
|
|-heal|p2a: Garchomp|7/100|[from] item: Leftovers
|-damage|p1a: Cloyster|69/100 tox|[from] psn
|upkeep
|turn|23
|
|t:|1626920566
|move|p2a: Garchomp|Protect|p2a: Garchomp
|-singleturn|p2a: Garchomp|Protect
|move|p1a: Cloyster|Shell Smash|p1a: Cloyster
|-unboost|p1a: Cloyster|def|1
|-unboost|p1a: Cloyster|spd|1
|-boost|p1a: Cloyster|atk|2
|-boost|p1a: Cloyster|spa|2
|-boost|p1a: Cloyster|spe|2
|
|-heal|p2a: Garchomp|13/100|[from] item: Leftovers
|-damage|p1a: Cloyster|57/100 tox|[from] psn
|upkeep
|turn|24
|
|t:|1626920576
|move|p2a: Garchomp|Protect||[still]
|-fail|p2a: Garchomp
|move|p1a: Cloyster|Icicle Spear|p2a: Garchomp
|-supereffective|p2a: Garchomp
|-damage|p2a: Garchomp|0 fnt
|faint|p2a: Garchomp
|-hitcount|p2: Garchomp|1
|
|-damage|p1a: Cloyster|38/100 tox|[from] psn
|upkeep
|
|t:|1626920598
|switch|p2a: Corviknight|Corviknight, M|100/100
|-damage|p2a: Corviknight|88/100|[from] Stealth Rock
|-ability|p2a: Corviknight|Pressure
|turn|25
|
|t:|1626920603
|move|p1a: Cloyster|Icicle Spear|p2a: Corviknight
|-damage|p2a: Corviknight|74/100
|-damage|p2a: Corviknight|59/100
|-damage|p2a: Corviknight|45/100
|-damage|p2a: Corviknight|32/100
|-damage|p2a: Corviknight|19/100
|-hitcount|p2a: Corviknight|5
|move|p2a: Corviknight|Defog|p1a: Cloyster
|-unboost|p1a: Cloyster|evasion|1
|-sideend|p1: LT83AQ Pigg|Stealth Rock|[from] move: Defog|[of] p2a: Corviknight
|-sideend|p2: BestixL|Spikes|[from] move: Defog|[of] p2a: Corviknight
|-sideend|p2: BestixL|Stealth Rock|[from] move: Defog|[of] p2a: Corviknight
|
|-heal|p2a: Corviknight|25/100|[from] item: Leftovers
|-damage|p1a: Cloyster|13/100 tox|[from] psn
|upkeep
|turn|26
|
|t:|1626920616
|move|p1a: Cloyster|Icicle Spear|p2a: Corviknight
|-damage|p2a: Corviknight|11/100
|-damage|p2a: Corviknight|0 fnt
|faint|p2a: Corviknight
|-hitcount|p2: Corviknight|2
|
|-damage|p1a: Cloyster|0 fnt|[from] psn
|faint|p1a: Cloyster
|upkeep
|
|t:|1626920626
|switch|p1a: Gyarados|Gyarados, M|100/100
|switch|p2a: Suicune|Suicune|100/100
|-ability|p2a: Suicune|Pressure
|turn|27
|
|t:|1626920632
|move|p1a: Gyarados|Substitute|p1a: Gyarados
|-start|p1a: Gyarados|Substitute
|-damage|p1a: Gyarados|76/100
|move|p2a: Suicune|Scald|p1a: Gyarados
|-resisted|p1a: Gyarados
|-crit|p1a: Gyarados
|-activate|p1a: Gyarados|move: Substitute|[damage]
|
|-heal|p1a: Gyarados|82/100|[from] item: Leftovers
|upkeep
|turn|28
|inactive|BestixL has 120 seconds left.
|inactive|BestixL has 90 seconds left.
|
|t:|1626920693
|move|p1a: Gyarados|Dragon Dance|p1a: Gyarados
|-boost|p1a: Gyarados|atk|1
|-boost|p1a: Gyarados|spe|1
|move|p2a: Suicune|Calm Mind|p2a: Suicune
|-boost|p2a: Suicune|spa|1
|-boost|p2a: Suicune|spd|1
|
|-heal|p1a: Gyarados|88/100|[from] item: Leftovers
|upkeep
|turn|29
|j| murphbun
|
|t:|1626920701
|move|p1a: Gyarados|Dragon Dance|p1a: Gyarados
|-boost|p1a: Gyarados|atk|1
|-boost|p1a: Gyarados|spe|1
|move|p2a: Suicune|Calm Mind|p2a: Suicune
|-boost|p2a: Suicune|spa|1
|-boost|p2a: Suicune|spd|1
|
|-heal|p1a: Gyarados|94/100|[from] item: Leftovers
|upkeep
|turn|30
|
|t:|1626920709
|move|p1a: Gyarados|Earthquake|p2a: Suicune
|-damage|p2a: Suicune|57/100
|move|p2a: Suicune|Scald|p1a: Gyarados
|-resisted|p1a: Gyarados
|-end|p1a: Gyarados|Substitute
|
|-heal|p1a: Gyarados|99/100|[from] item: Leftovers
|-heal|p2a: Suicune|63/100|[from] item: Leftovers
|upkeep
|turn|31
|
|t:|1626920719
|move|p1a: Gyarados|Substitute|p1a: Gyarados
|-start|p1a: Gyarados|Substitute
|-damage|p1a: Gyarados|75/100
|move|p2a: Suicune|Scald|p1a: Gyarados
|-resisted|p1a: Gyarados
|-activate|p1a: Gyarados|move: Substitute|[damage]
|
|-heal|p1a: Gyarados|82/100|[from] item: Leftovers
|-heal|p2a: Suicune|69/100|[from] item: Leftovers
|upkeep
|turn|32
|inactive|BestixL has 120 seconds left.
|
|t:|1626920729
|move|p1a: Gyarados|Earthquake|p2a: Suicune
|-damage|p2a: Suicune|30/100
|move|p2a: Suicune|Scald|p1a: Gyarados
|-resisted|p1a: Gyarados
|-end|p1a: Gyarados|Substitute
|
|-heal|p1a: Gyarados|88/100|[from] item: Leftovers
|-heal|p2a: Suicune|36/100|[from] item: Leftovers
|upkeep
|turn|33
|l| Elefent
|
|t:|1626920738
|switch|p2a: Tornadus|Tornadus-Therian, M|100/100 par
|move|p1a: Gyarados|Earthquake|p2a: Tornadus
|-immune|p2a: Tornadus
|
|-heal|p1a: Gyarados|94/100|[from] item: Leftovers
|upkeep
|turn|34
|
|t:|1626920746
|move|p1a: Gyarados|Substitute|p1a: Gyarados
|-start|p1a: Gyarados|Substitute
|-damage|p1a: Gyarados|69/100
|move|p2a: Tornadus|Hurricane|p1a: Gyarados
|-end|p1a: Gyarados|Substitute
|
|-heal|p1a: Gyarados|75/100|[from] item: Leftovers
|upkeep
|turn|35
|c| murphbun|balls
|
|t:|1626920754
|move|p1a: Gyarados|Waterfall|p2a: Tornadus
|-damage|p2a: Tornadus|17/100 par
|move|p2a: Tornadus|Hurricane|p1a: Gyarados
|-damage|p1a: Gyarados|36/100
|
|-heal|p1a: Gyarados|42/100|[from] item: Leftovers
|upkeep
|turn|36
|
|t:|1626920761
|move|p1a: Gyarados|Waterfall|p2a: Tornadus
|-damage|p2a: Tornadus|0 fnt
|faint|p2a: Tornadus
|-ability|p1a: Gyarados|Moxie|boost
|-boost|p1a: Gyarados|atk|1
|
|-heal|p1a: Gyarados|48/100|[from] item: Leftovers
|upkeep
|l| IamFakee
|
|t:|1626920764
|switch|p2a: Clefable|Clefable, F|100/100 par
|turn|37
|
|t:|1626920770
|move|p1a: Gyarados|Waterfall|p2a: Clefable
|-damage|p2a: Clefable|0 fnt
|faint|p2a: Clefable
|-ability|p1a: Gyarados|Moxie|boost
|-boost|p1a: Gyarados|atk|1
|
|-heal|p1a: Gyarados|54/100|[from] item: Leftovers
|upkeep
|-message|BestixL forfeited.
|
|win|LT83AQ Pigg
|raw|LT83AQ Pigg's rating: 1896 &rarr; <strong>1917</strong><br />(+21 for winning)
|raw|BestixL's rating: 1911 &rarr; <strong>1890</strong><br />(-21 for losing)
|l|☆BestixL
|c| murphbun|bige pige
|l|☆LT83AQ Pigg
|l| lt83aq hsa
|l| LT83AQ EclipseY
|l| cryingg
