|raw|<div class="broadcast-blue"><strong>This battle is required to be public due to a player having a name starting with 'lt93oq'.</div>
|j|☆LT93OQ Lio
|j|☆Sp0onl0rd
|t:|1660495486
|gametype|singles
|player|p1|LT93OQ Lio|2|1678
|player|p2|Sp0onl0rd|teamrocket|1656
|teamsize|p1|6
|teamsize|p2|6
|gen|8
|tier|[Gen 8] OU
|rated|
|rule|Sleep Clause Mod: Limit one foe put to sleep
|rule|Species Clause: Limit one of each Pokémon
|rule|OHKO Clause: OHKO moves are banned
|rule|Evasion Items Clause: Evasion items are banned
|rule|Evasion Moves Clause: Evasion moves are banned
|rule|Endless Battle Clause: Forcing endless battles is banned
|rule|HP Percentage Mod: HP is shown in percentages
|rule|Dynamax Clause: You cannot dynamax
|clearpoke
|poke|p1|Landorus-Therian, M|
|poke|p1|Dragonite, F|
|poke|p1|Clefable, F|
|poke|p1|Ferrothorn, F|
|poke|p1|Victini|
|poke|p1|Dragapult, F|
|poke|p2|Ninetales-Alola, M|
|poke|p2|Mew|
|poke|p2|Blaziken, M|
|poke|p2|Weavile, M|
|poke|p2|Garchomp, F|
|poke|p2|Celesteela|
|teampreview
|inactive|Battle timer is ON: inactive players will automatically lose when time's up. (requested by Sp0onl0rd)
|
|t:|1660495494
|start
|switch|p1a: Clefable|Clefable, F|100/100
|switch|p2a: Mew|Mew|100/100
|turn|1
|
|t:|1660495498
|move|p2a: Mew|Taunt|p1a: Clefable
|-start|p1a: Clefable|move: Taunt
|move|p1a: Clefable|Moonblast|p2a: Mew
|-damage|p2a: Mew|72/100
|-unboost|p2a: Mew|spa|1
|
|upkeep
|turn|2
|
|t:|1660495502
|switch|p1a: Victini|Victini|100/100
|move|p2a: Mew|Thunder Wave|p1a: Victini
|-status|p1a: Victini|par
|
|upkeep
|turn|3
|
|t:|1660495508
|move|p2a: Mew|Stealth Rock|p1a: Victini
|-sidestart|p1: LT93OQ Lio|move: Stealth Rock
|move|p1a: Victini|V-create|p2a: Mew
|-damage|p2a: Mew|10/100
|-unboost|p1a: Victini|spe|1
|-unboost|p1a: Victini|def|1
|-unboost|p1a: Victini|spd|1
|
|upkeep
|turn|4
|
|t:|1660495514
|move|p2a: Mew|Spikes|p1a: Victini
|-sidestart|p1: LT93OQ Lio|Spikes
|move|p1a: Victini|U-turn|p2a: Mew
|-supereffective|p2a: Mew
|-damage|p2a: Mew|0 fnt
|faint|p2a: Mew
|
|t:|1660495520
|switch|p1a: Clefable|Clefable, F|100/100|[from]move: U-turn
|
|upkeep
|
|t:|1660495523
|switch|p2a: Celesteela|Celesteela|100/100
|turn|5
|
|t:|1660495528
|move|p2a: Celesteela|Autotomize|p2a: Celesteela
|-boost|p2a: Celesteela|spe|2
|-start|p2a: Celesteela|Autotomize
|move|p1a: Clefable|Thunder Wave|p2a: Celesteela
|-status|p2a: Celesteela|par
|
|upkeep
|turn|6
|
|t:|1660495535
|switch|p1a: Dragapult|Dragapult, F|100/100
|move|p2a: Celesteela|Meteor Beam||[still]
|-prepare|p2a: Celesteela|Meteor Beam
|-boost|p2a: Celesteela|spa|1
|-enditem|p2a: Celesteela|Power Herb
|-anim|p2a: Celesteela|Meteor Beam|p1a: Dragapult
|-damage|p1a: Dragapult|24/100
|
|upkeep
|turn|7
|j| LT93OQ rej?
|
|t:|1660495538
|move|p1a: Dragapult|Hex|p2a: Celesteela
|-damage|p2a: Celesteela|46/100 par
|cant|p2a: Celesteela|par
|
|upkeep
|turn|8
|
|t:|1660495541
|move|p1a: Dragapult|Hex|p2a: Celesteela
|-damage|p2a: Celesteela|0 fnt
|faint|p2a: Celesteela
|
|upkeep
|
|t:|1660495543
|switch|p2a: Ninetales|Ninetales-Alola, M|100/100
|-weather|Hail|[from] ability: Snow Warning|[of] p2a: Ninetales
|turn|9
|
|t:|1660495548
|move|p2a: Ninetales|Blizzard|p1a: Dragapult
|-supereffective|p1a: Dragapult
|-damage|p1a: Dragapult|0 fnt
|faint|p1a: Dragapult
|
|-weather|Hail|[upkeep]
|upkeep
|j| storm zone
|
|t:|1660495552
|switch|p1a: Clefable|Clefable, F|100/100
|turn|10
|j| furzbad69
|
|t:|1660495555
|switch|p2a: Garchomp|Garchomp, F|100/100
|move|p1a: Clefable|Calm Mind|p1a: Clefable
|-boost|p1a: Clefable|spa|1
|-boost|p1a: Clefable|spd|1
|
|-weather|Hail|[upkeep]
|-damage|p2a: Garchomp|94/100|[from] Hail
|-heal|p2a: Garchomp|100/100|[from] item: Leftovers
|upkeep
|turn|11
|
|t:|1660495561
|move|p2a: Garchomp|Earthquake|p1a: Clefable
|-damage|p1a: Clefable|58/100
|move|p1a: Clefable|Moonblast|p2a: Garchomp
|-supereffective|p2a: Garchomp
|-damage|p2a: Garchomp|0 fnt
|faint|p2a: Garchomp
|
|-weather|Hail|[upkeep]
|-heal|p1a: Clefable|64/100|[from] item: Leftovers
|upkeep
|
|t:|1660495564
|switch|p2a: Weavile|Weavile, M|100/100
|-ability|p2a: Weavile|Pressure
|turn|12
|
|t:|1660495572
|move|p2a: Weavile|Triple Axel|p1a: Clefable
|-damage|p1a: Clefable|52/100
|-damage|p1a: Clefable|28/100
|-damage|p1a: Clefable|0 fnt
|faint|p1a: Clefable
|-hitcount|p1: Clefable|3
|-damage|p2a: Weavile|91/100|[from] item: Life Orb
|
|-weather|Hail|[upkeep]
|upkeep
|
|t:|1660495587
|switch|p1a: Ferrothorn|Ferrothorn, F|100/100
|-damage|p1a: Ferrothorn|94/100|[from] Stealth Rock
|-damage|p1a: Ferrothorn|82/100|[from] Spikes
|turn|13
|
|t:|1660495590
|switch|p2a: Ninetales|Ninetales-Alola, M|100/100
|move|p1a: Ferrothorn|Power Whip|p2a: Ninetales
|-damage|p2a: Ninetales|43/100
|
|-weather|none
|-heal|p1a: Ferrothorn|88/100|[from] item: Leftovers
|upkeep
|turn|14
|
|t:|1660495595
|move|p2a: Ninetales|Blizzard|p1a: Ferrothorn
|-damage|p1a: Ferrothorn|54/100
|-status|p1a: Ferrothorn|frz
|cant|p1a: Ferrothorn|frz
|
|-heal|p1a: Ferrothorn|61/100 frz|[from] item: Leftovers
|upkeep
|turn|15
|c|☆LT93OQ Lio|nice
|
|t:|1660495605
|switch|p2a: Blaziken|Blaziken, M|100/100
|-item|p2a: Blaziken|Air Balloon
|switch|p1a: Victini|Victini|100/100 par
|
|upkeep
|turn|16
|c|☆Sp0onl0rd|I wanted to sack
|
|t:|1660495626
|switch|p2a: Ninetales|Ninetales-Alola, M|43/100
|-weather|Hail|[from] ability: Snow Warning|[of] p2a: Ninetales
|cant|p1a: Victini|par
|
|-weather|Hail|[upkeep]
|-damage|p1a: Victini|94/100 par|[from] Hail
|upkeep
|turn|17
|
|t:|1660495634
|switch|p1a: Ferrothorn|Ferrothorn, F|61/100 frz
|-damage|p1a: Ferrothorn|54/100 frz|[from] Stealth Rock
|-damage|p1a: Ferrothorn|42/100 frz|[from] Spikes
|move|p2a: Ninetales|Foul Play|p1a: Ferrothorn
|-damage|p1a: Ferrothorn|29/100 frz
|-damage|p2a: Ninetales|30/100|[from] ability: Iron Barbs|[of] p1a: Ferrothorn
|
|-weather|Hail|[upkeep]
|-damage|p1a: Ferrothorn|23/100 frz|[from] Hail
|-heal|p1a: Ferrothorn|29/100 frz|[from] item: Leftovers
|upkeep
|turn|18
|
|t:|1660495640
|switch|p2a: Blaziken|Blaziken, M|100/100
|-item|p2a: Blaziken|Air Balloon
|switch|p1a: Victini|Victini|94/100 par
|
|-weather|Hail|[upkeep]
|-damage|p2a: Blaziken|95/100|[from] Hail
|-damage|p1a: Victini|88/100 par|[from] Hail
|upkeep
|turn|19
|
|t:|1660495653
|switch|p2a: Ninetales|Ninetales-Alola, M|30/100
|cant|p1a: Victini|par
|
|-weather|Hail|[upkeep]
|-damage|p1a: Victini|82/100 par|[from] Hail
|upkeep
|turn|20
|
|t:|1660495667
|move|p2a: Ninetales|Foul Play|p1a: Victini
|-supereffective|p1a: Victini
|-damage|p1a: Victini|23/100 par
|move|p1a: Victini|V-create|p2a: Ninetales
|-supereffective|p2a: Ninetales
|-damage|p2a: Ninetales|0 fnt
|-unboost|p1a: Victini|spe|1
|-unboost|p1a: Victini|def|1
|-unboost|p1a: Victini|spd|1
|faint|p2a: Ninetales
|
|-weather|none
|upkeep
|
|t:|1660495670
|switch|p2a: Weavile|Weavile, M|91/100
|-ability|p2a: Weavile|Pressure
|turn|21
|j| LT93OQ Vegeto
|
|t:|1660495677
|move|p2a: Weavile|Knock Off|p1a: Victini
|-supereffective|p1a: Victini
|-damage|p1a: Victini|0 fnt
|-enditem|p1a: Victini|Heavy-Duty Boots|[from] move: Knock Off|[of] p2a: Weavile
|faint|p1a: Victini
|-damage|p2a: Weavile|81/100|[from] item: Life Orb
|
|upkeep
|
|t:|1660495678
|switch|p1a: Landorus|Landorus-Therian, M|100/100
|-damage|p1a: Landorus|88/100|[from] Stealth Rock
|-ability|p1a: Landorus|Intimidate|boost
|-unboost|p2a: Weavile|atk|1
|turn|22
|
|t:|1660495682
|move|p2a: Weavile|Ice Shard|p1a: Landorus
|-supereffective|p1a: Landorus
|-damage|p1a: Landorus|34/100
|-damage|p2a: Weavile|71/100|[from] item: Life Orb
|move|p1a: Landorus|Earthquake|p2a: Weavile
|-damage|p2a: Weavile|0 fnt
|faint|p2a: Weavile
|
|-heal|p1a: Landorus|40/100|[from] item: Leftovers
|upkeep
|
|t:|1660495684
|switch|p2a: Blaziken|Blaziken, M|95/100
|-item|p2a: Blaziken|Air Balloon
|turn|23
|
|t:|1660495690
|switch|p1a: Dragonite|Dragonite, F|100/100
|move|p2a: Blaziken|Swords Dance|p2a: Blaziken
|-boost|p2a: Blaziken|atk|2
|
|-ability|p2a: Blaziken|Speed Boost|boost
|-boost|p2a: Blaziken|spe|1
|upkeep
|turn|24
|
|t:|1660495693
|move|p2a: Blaziken|Thunder Punch|p1a: Dragonite
|-damage|p1a: Dragonite|69/100
|move|p1a: Dragonite|Ice Punch|p2a: Blaziken
|-resisted|p2a: Blaziken
|-damage|p2a: Blaziken|75/100
|-enditem|p2a: Blaziken|Air Balloon
|
|-ability|p2a: Blaziken|Speed Boost|boost
|-boost|p2a: Blaziken|spe|1
|upkeep
|turn|25
|
|t:|1660495703
|switch|p1a: Landorus|Landorus-Therian, M|40/100
|-damage|p1a: Landorus|27/100|[from] Stealth Rock
|-ability|p1a: Landorus|Intimidate|boost
|-unboost|p2a: Blaziken|atk|1
|move|p2a: Blaziken|Close Combat|p1a: Landorus
|-resisted|p1a: Landorus
|-damage|p1a: Landorus|0 fnt
|-unboost|p2a: Blaziken|def|1
|-unboost|p2a: Blaziken|spd|1
|faint|p1a: Landorus
|
|-ability|p2a: Blaziken|Speed Boost|boost
|-boost|p2a: Blaziken|spe|1
|upkeep
|
|t:|1660495705
|switch|p1a: Dragonite|Dragonite, F|69/100
|turn|26
|
|t:|1660495707
|move|p2a: Blaziken|Close Combat|p1a: Dragonite
|-resisted|p1a: Dragonite
|-damage|p1a: Dragonite|13/100
|-unboost|p2a: Blaziken|def|1
|-unboost|p2a: Blaziken|spd|1
|move|p1a: Dragonite|Earthquake|p2a: Blaziken
|-supereffective|p2a: Blaziken
|-damage|p2a: Blaziken|0 fnt
|faint|p2a: Blaziken
|
|win|LT93OQ Lio
|raw|LT93OQ Lio's rating: 1695 &rarr; <strong>1713</strong><br />(+18 for winning)
|raw|Sp0onl0rd's rating: 1656 &rarr; <strong>1638</strong><br />(-18 for losing)
|l|☆Sp0onl0rd
|l|☆LT93OQ Lio
|l| LT93OQ Vegeto
|l| LT93OQ rej?
|l| furzbad69
||Ladder isn't responding, score probably updated but might not have (Request timeout).
|j| Listless
|l| Listless
|j| chokst du
