|j|☆Tirkys
|j|☆chilledcow
|t:|1607798977
|player|p1|Tirkys|hilda-dueldisk|1486
|player|p2|chilledcow|1|1426
|teamsize|p1|6
|teamsize|p2|6
|gametype|singles
|gen|8
|tier|[Gen 8] OU
|rated|
|clearpoke
|poke|p1|Volcarona, M|
|poke|p1|Quagsire, M|
|poke|p1|Xatu, M|
|poke|p1|Mienshao, M|
|poke|p1|Bronzong|
|poke|p1|Ninetales-Alola, M|
|poke|p2|Poliwrath, M|
|poke|p2|Tapu Fini|
|poke|p2|Zapdos|
|poke|p2|Garchomp, M|
|poke|p2|Urshifu-*, M|
|poke|p2|Melmetal|
|rule|Sleep Clause Mod: Limit one foe put to sleep
|rule|Species Clause: Limit one of each Pokémon
|rule|OHKO Clause: OHKO moves are banned
|rule|Evasion Moves Clause: Evasion moves are banned
|rule|Endless Battle Clause: Forcing endless battles is banned
|rule|HP Percentage Mod: HP is shown in percentages
|rule|Dynamax Clause: You cannot dynamax
|teampreview
|
|t:|1607798983
|start
|switch|p1a: WhiteAlbum|Ninetales-Alola, M|100/100
|switch|p2a: Tapu Fini|Tapu Fini|100/100
|-weather|Hail|[from] ability: Snow Warning|[of] p1a: WhiteAlbum
|-fieldstart|move: Misty Terrain|[from] ability: Misty Surge|[of] p2a: Tapu Fini
|turn|1
|
|t:|1607798989
|switch|p1a: Metallica|Bronzong|100/100
|switch|p2a: Melmetal|Melmetal|100/100
|
|-weather|Hail|[upkeep]
|-damage|p2a: Melmetal|94/100|[from] Hail
|-damage|p1a: Metallica|94/100|[from] Hail
|upkeep
|turn|2
|
|t:|1607798992
|switch|p1a: Magician'sRed|Volcarona, M|100/100
|move|p2a: Melmetal|Darkest Lariat|p1a: Magician'sRed
|-damage|p1a: Magician'sRed|69/100
|
|-weather|Hail|[upkeep]
|-damage|p1a: Magician'sRed|63/100|[from] Hail
|-damage|p2a: Melmetal|88/100|[from] Hail
|-heal|p1a: Magician'sRed|69/100|[from] item: Leftovers
|upkeep
|turn|3
|inactive|Battle timer is ON: inactive players will automatically lose when time's up. (requested by Tirkys)
|
|t:|1607798997
|switch|p2a: Garchomp|Garchomp, M|100/100
|move|p1a: Magician'sRed|Roost|p1a: Magician'sRed
|-heal|p1a: Magician'sRed|100/100
|-singleturn|p1a: Magician'sRed|move: Roost
|
|-weather|Hail|[upkeep]
|-damage|p2a: Garchomp|94/100|[from] Hail
|-damage|p1a: Magician'sRed|94/100|[from] Hail
|-heal|p1a: Magician'sRed|100/100|[from] item: Leftovers
|upkeep
|turn|4
|
|t:|1607799003
|switch|p1a: TheWorld|Mienshao, M|100/100
|move|p2a: Garchomp|Stone Edge|p1a: TheWorld
|-resisted|p1a: TheWorld
|-damage|p1a: TheWorld|74/100
|
|-weather|Hail|[upkeep]
|-damage|p1a: TheWorld|68/100|[from] Hail
|-damage|p2a: Garchomp|88/100|[from] Hail
|upkeep
|turn|5
|
|t:|1607799009
|move|p1a: TheWorld|Fake Out|p2a: Garchomp
|-damage|p2a: Garchomp|77/100
|-damage|p1a: TheWorld|56/100|[from] ability: Rough Skin|[of] p2a: Garchomp
|-damage|p1a: TheWorld|39/100|[from] item: Rocky Helmet|[of] p2a: Garchomp
|cant|p2a: Garchomp|flinch
|
|-weather|none
|-fieldend|Misty Terrain
|upkeep
|turn|6
|
|t:|1607799013
|switch|p2a: Zapdos|Zapdos|100/100
|move|p1a: TheWorld|U-turn|p2a: Zapdos
|-resisted|p2a: Zapdos
|-damage|p2a: Zapdos|89/100
|
|t:|1607799017
|switch|p1a: Metallica|Bronzong|94/100|[from]move: U-turn
|
|upkeep
|turn|7
|
|t:|1607799020
|move|p2a: Zapdos|Volt Switch|p1a: Metallica
|-damage|p1a: Metallica|74/100
|
|t:|1607799021
|switch|p2a: Urshifu|Urshifu, M|100/100|[from]move: Volt Switch
|move|p1a: Metallica|Stealth Rock|p2a: Urshifu
|-sidestart|p2: chilledcow|move: Stealth Rock
|
|upkeep
|turn|8
|
|t:|1607799026
|switch|p1a: Magician'sRed|Volcarona, M|100/100
|move|p2a: Urshifu|Close Combat|p1a: Magician'sRed
|-resisted|p1a: Magician'sRed
|-damage|p1a: Magician'sRed|72/100
|-unboost|p2a: Urshifu|def|1
|-unboost|p2a: Urshifu|spd|1
|
|-heal|p1a: Magician'sRed|78/100|[from] item: Leftovers
|upkeep
|turn|9
|
|t:|1607799031
|switch|p2a: Garchomp|Garchomp, M|77/100
|-damage|p2a: Garchomp|71/100|[from] Stealth Rock
|move|p1a: Magician'sRed|Roost|p1a: Magician'sRed
|-heal|p1a: Magician'sRed|100/100
|-singleturn|p1a: Magician'sRed|move: Roost
|
|upkeep
|turn|10
|
|t:|1607799035
|switch|p1a: StarPlatinum|Quagsire, M, shiny|100/100
|move|p2a: Garchomp|Stealth Rock|p1a: StarPlatinum
|-sidestart|p1: Tirkys|move: Stealth Rock
|
|upkeep
|turn|11
|
|t:|1607799038
|switch|p2a: Tapu Fini|Tapu Fini|100/100
|-damage|p2a: Tapu Fini|88/100|[from] Stealth Rock
|-fieldstart|move: Misty Terrain|[from] ability: Misty Surge|[of] p2a: Tapu Fini
|move|p1a: StarPlatinum|Scald|p2a: Tapu Fini
|-resisted|p2a: Tapu Fini
|-damage|p2a: Tapu Fini|81/100
|
|-heal|p2a: Tapu Fini|87/100|[from] item: Leftovers
|upkeep
|turn|12
|
|t:|1607799042
|switch|p1a: Metallica|Bronzong|74/100
|-damage|p1a: Metallica|68/100|[from] Stealth Rock
|move|p2a: Tapu Fini|Nature's Madness|p1a: Metallica
|-damage|p1a: Metallica|34/100
|
|-heal|p2a: Tapu Fini|93/100|[from] item: Leftovers
|upkeep
|turn|13
|
|t:|1607799044
|move|p2a: Tapu Fini|Taunt|p1a: Metallica
|-start|p1a: Metallica|move: Taunt
|cant|p1a: Metallica|move: Taunt|Rest
|
|-heal|p2a: Tapu Fini|99/100|[from] item: Leftovers
|upkeep
|turn|14
|
|t:|1607799048
|switch|p1a: ManInTheMirror|Xatu, M|100/100
|-damage|p1a: ManInTheMirror|76/100|[from] Stealth Rock
|move|p2a: Tapu Fini|Whirlpool|p1a: ManInTheMirror
|-damage|p1a: ManInTheMirror|64/100
|-activate|p1a: ManInTheMirror|move: Whirlpool|[of] p2a: Tapu Fini
|
|-heal|p2a: Tapu Fini|100/100|[from] item: Leftovers
|-damage|p1a: ManInTheMirror|52/100|[from] move: Whirlpool|[partiallytrapped]
|upkeep
|turn|15
|
|t:|1607799050
|move|p1a: ManInTheMirror|Roost|p1a: ManInTheMirror
|-heal|p1a: ManInTheMirror|100/100
|-singleturn|p1a: ManInTheMirror|move: Roost
|move|p2a: Tapu Fini|Moonblast|p1a: ManInTheMirror
|-damage|p1a: ManInTheMirror|73/100
|-unboost|p1a: ManInTheMirror|spa|1
|
|-damage|p1a: ManInTheMirror|61/100|[from] move: Whirlpool|[partiallytrapped]
|-fieldend|Misty Terrain
|upkeep
|turn|16
|
|t:|1607799054
|switch|p2a: Urshifu|Urshifu, M|100/100
|-damage|p2a: Urshifu|94/100|[from] Stealth Rock
|move|p1a: ManInTheMirror|Cosmic Power|p1a: ManInTheMirror
|-boost|p1a: ManInTheMirror|def|1
|-boost|p1a: ManInTheMirror|spd|1
|
|-end|p1a: ManInTheMirror|Whirlpool|[partiallytrapped]|[silent]
|upkeep
|turn|17
|
|t:|1607799057
|switch|p1a: Magician'sRed|Volcarona, M|100/100
|-damage|p1a: Magician'sRed|50/100|[from] Stealth Rock
|move|p2a: Urshifu|Wicked Blow|p1a: Magician'sRed
|-crit|p1a: Magician'sRed
|-damage|p1a: Magician'sRed|0 fnt
|-status|p2a: Urshifu|brn|[from] ability: Flame Body|[of] p1a: Magician'sRed
|faint|p1a: Magician'sRed
|
|-damage|p2a: Urshifu|88/100 brn|[from] brn
|upkeep
|
|t:|1607799061
|switch|p1a: TheWorld|Mienshao, M|72/100
|-damage|p1a: TheWorld|67/100|[from] Stealth Rock
|turn|18
|
|t:|1607799065
|switch|p2a: Garchomp|Garchomp, M|71/100
|-damage|p2a: Garchomp|64/100|[from] Stealth Rock
|move|p1a: TheWorld|Knock Off|p2a: Garchomp
|-crit|p2a: Garchomp
|-damage|p2a: Garchomp|23/100
|-damage|p1a: TheWorld|54/100|[from] ability: Rough Skin|[of] p2a: Garchomp
|-damage|p1a: TheWorld|38/100|[from] item: Rocky Helmet|[of] p2a: Garchomp
|-enditem|p2a: Garchomp|Rocky Helmet|[from] move: Knock Off|[of] p1a: TheWorld
|
|upkeep
|turn|19
|
|t:|1607799075
|switch|p2a: Tapu Fini|Tapu Fini|100/100
|-damage|p2a: Tapu Fini|88/100|[from] Stealth Rock
|-fieldstart|move: Misty Terrain|[from] ability: Misty Surge|[of] p2a: Tapu Fini
|move|p1a: TheWorld|U-turn|p2a: Tapu Fini
|-resisted|p2a: Tapu Fini
|-damage|p2a: Tapu Fini|80/100
|
|t:|1607799078
|switch|p1a: ManInTheMirror|Xatu, M|61/100|[from]move: U-turn
|-damage|p1a: ManInTheMirror|36/100|[from] Stealth Rock
|
|-heal|p2a: Tapu Fini|86/100|[from] item: Leftovers
|upkeep
|turn|20
|
|t:|1607799088
|move|p1a: ManInTheMirror|Roost|p1a: ManInTheMirror
|-heal|p1a: ManInTheMirror|86/100
|-singleturn|p1a: ManInTheMirror|move: Roost
|move|p2a: Tapu Fini|Whirlpool|p1a: ManInTheMirror
|-damage|p1a: ManInTheMirror|76/100
|-activate|p1a: ManInTheMirror|move: Whirlpool|[of] p2a: Tapu Fini
|
|-heal|p2a: Tapu Fini|92/100|[from] item: Leftovers
|-damage|p1a: ManInTheMirror|64/100|[from] move: Whirlpool|[partiallytrapped]
|upkeep
|turn|21
|
|t:|1607799093
|move|p1a: ManInTheMirror|Cosmic Power|p1a: ManInTheMirror
|-boost|p1a: ManInTheMirror|def|1
|-boost|p1a: ManInTheMirror|spd|1
|move|p2a: Tapu Fini|Moonblast|p1a: ManInTheMirror
|-damage|p1a: ManInTheMirror|46/100
|
|-heal|p2a: Tapu Fini|98/100|[from] item: Leftovers
|-damage|p1a: ManInTheMirror|34/100|[from] move: Whirlpool|[partiallytrapped]
|upkeep
|turn|22
|
|t:|1607799097
|switch|p2a: Urshifu|Urshifu, M|88/100 brn
|-damage|p2a: Urshifu|82/100 brn|[from] Stealth Rock
|move|p1a: ManInTheMirror|Roost|p1a: ManInTheMirror
|-heal|p1a: ManInTheMirror|84/100
|-singleturn|p1a: ManInTheMirror|move: Roost
|
|-damage|p2a: Urshifu|76/100 brn|[from] brn
|-end|p1a: ManInTheMirror|Whirlpool|[partiallytrapped]|[silent]
|upkeep
|turn|23
|
|t:|1607799101
|switch|p1a: StarPlatinum|Quagsire, M, shiny|100/100
|-damage|p1a: StarPlatinum|94/100|[from] Stealth Rock
|move|p2a: Urshifu|Wicked Blow|p1a: StarPlatinum
|-crit|p1a: StarPlatinum
|-damage|p1a: StarPlatinum|70/100
|
|-heal|p1a: StarPlatinum|76/100|[from] item: Leftovers
|-damage|p2a: Urshifu|70/100 brn|[from] brn
|-fieldend|Misty Terrain
|upkeep
|turn|24
|
|t:|1607799105
|switch|p2a: Tapu Fini|Tapu Fini|98/100
|-damage|p2a: Tapu Fini|86/100|[from] Stealth Rock
|-fieldstart|move: Misty Terrain|[from] ability: Misty Surge|[of] p2a: Tapu Fini
|move|p1a: StarPlatinum|Scald|p2a: Tapu Fini
|-resisted|p2a: Tapu Fini
|-damage|p2a: Tapu Fini|78/100
|
|-heal|p2a: Tapu Fini|85/100|[from] item: Leftovers
|-heal|p1a: StarPlatinum|82/100|[from] item: Leftovers
|upkeep
|turn|25
|
|t:|1607799111
|switch|p1a: ManInTheMirror|Xatu, M|84/100
|-damage|p1a: ManInTheMirror|59/100|[from] Stealth Rock
|move|p2a: Tapu Fini|Whirlpool|p1a: ManInTheMirror
|-damage|p1a: ManInTheMirror|47/100
|-activate|p1a: ManInTheMirror|move: Whirlpool|[of] p2a: Tapu Fini
|
|-heal|p2a: Tapu Fini|91/100|[from] item: Leftovers
|-damage|p1a: ManInTheMirror|35/100|[from] move: Whirlpool|[partiallytrapped]
|upkeep
|turn|26
|
|t:|1607799120
|switch|p2a: Poliwrath|Poliwrath, M|100/100
|-damage|p2a: Poliwrath|94/100|[from] Stealth Rock
|move|p1a: ManInTheMirror|Roost|p1a: ManInTheMirror
|-heal|p1a: ManInTheMirror|85/100
|-singleturn|p1a: ManInTheMirror|move: Roost
|
|-end|p1a: ManInTheMirror|Whirlpool|[partiallytrapped]|[silent]
|upkeep
|turn|27
|
|t:|1607799123
|switch|p1a: StarPlatinum|Quagsire, M, shiny|82/100
|-damage|p1a: StarPlatinum|76/100|[from] Stealth Rock
|move|p2a: Poliwrath|Liquidation|p1a: StarPlatinum
|-damage|p1a: StarPlatinum|39/100
|
|-heal|p1a: StarPlatinum|45/100|[from] item: Leftovers
|upkeep
|turn|28
|
|t:|1607799125
|move|p2a: Poliwrath|Liquidation|p1a: StarPlatinum
|-damage|p1a: StarPlatinum|7/100
|move|p1a: StarPlatinum|Recover|p1a: StarPlatinum
|-heal|p1a: StarPlatinum|57/100
|
|-heal|p1a: StarPlatinum|63/100|[from] item: Leftovers
|-fieldend|Misty Terrain
|upkeep
|turn|29
|
|t:|1607799129
|switch|p2a: Tapu Fini|Tapu Fini|91/100
|-damage|p2a: Tapu Fini|78/100|[from] Stealth Rock
|-fieldstart|move: Misty Terrain|[from] ability: Misty Surge|[of] p2a: Tapu Fini
|move|p1a: StarPlatinum|Stockpile|p1a: StarPlatinum
|-start|p1a: StarPlatinum|stockpile1
|-boost|p1a: StarPlatinum|def|1
|-boost|p1a: StarPlatinum|spd|1
|
|-heal|p2a: Tapu Fini|84/100|[from] item: Leftovers
|-heal|p1a: StarPlatinum|69/100|[from] item: Leftovers
|upkeep
|turn|30
|
|t:|1607799134
|move|p2a: Tapu Fini|Taunt|p1a: StarPlatinum
|-start|p1a: StarPlatinum|move: Taunt
|cant|p1a: StarPlatinum|move: Taunt|Rest
|
|-heal|p2a: Tapu Fini|90/100|[from] item: Leftovers
|-heal|p1a: StarPlatinum|75/100|[from] item: Leftovers
|upkeep
|turn|31
|
|t:|1607799144
|switch|p1a: Metallica|Bronzong|34/100
|-damage|p1a: Metallica|28/100|[from] Stealth Rock
|move|p2a: Tapu Fini|Whirlpool|p1a: Metallica
|-damage|p1a: Metallica|21/100
|-activate|p1a: Metallica|move: Whirlpool|[of] p2a: Tapu Fini
|
|-heal|p2a: Tapu Fini|96/100|[from] item: Leftovers
|-damage|p1a: Metallica|8/100|[from] move: Whirlpool|[partiallytrapped]
|upkeep
|turn|32
|
|t:|1607799147
|move|p2a: Tapu Fini|Taunt|p1a: Metallica
|-start|p1a: Metallica|move: Taunt
|cant|p1a: Metallica|move: Taunt|Trick
|
|-heal|p2a: Tapu Fini|100/100|[from] item: Leftovers
|-damage|p1a: Metallica|0 fnt|[from] move: Whirlpool|[partiallytrapped]
|faint|p1a: Metallica
|upkeep
|-message|Tirkys forfeited.
|
|win|chilledcow
|l|☆Tirkys
