|j|☆Groundt
|j|☆Commando 55
|player|p1|Groundt|winona|1753
|player|p2|Commando 55|293|1746
|teamsize|p1|6
|teamsize|p2|6
|gametype|singles
|gen|8
|tier|[Gen 8] OU
|rated|
|clearpoke
|poke|p1|Cloyster, F|
|poke|p1|Hatterene, F|
|poke|p1|Conkeldurr, M|
|poke|p1|Torkoal, M|
|poke|p1|Bronzong|
|poke|p1|Gardevoir, M|
|poke|p2|Zeraora|
|poke|p2|Ferrothorn, M|
|poke|p2|Mandibuzz, F|
|poke|p2|Dragapult, M|
|poke|p2|Aegislash, F|
|poke|p2|Mew|
|rule|Sleep Clause Mod: Limit one foe put to sleep
|rule|Species Clause: Limit one of each Pokémon
|rule|OHKO Clause: OHKO moves are banned
|rule|Evasion Moves Clause: Evasion moves are banned
|rule|Endless Battle Clause: Forcing endless battles is banned
|rule|HP Percentage Mod: HP is shown in percentages
|rule|Dynamax Clause: You cannot dynamax
|teampreview
|inactive|Battle timer is ON: inactive players will automatically lose when time's up. (requested by Commando 55)
|
|start
|switch|p1a: Bronzong|Bronzong|100/100
|switch|p2a: Aegislash|Aegislash, F, shiny|100/100
|turn|1
|
|-formechange|p2a: Aegislash|Aegislash-Blade||[from] ability: Stance Change
|move|p2a: Aegislash|Shadow Ball|p1a: Bronzong
|-supereffective|p1a: Bronzong
|-enditem|p1a: Bronzong|Focus Sash
|-damage|p1a: Bronzong|1/100
|move|p1a: Bronzong|Trick Room|p1a: Bronzong
|-fieldstart|move: Trick Room|[of] p1a: Bronzong
|
|upkeep
|turn|2
|inactive|Commando 55 has 120 seconds left.
|
|switch|p2a: Mandibuzz|Mandibuzz, F|100/100
|move|p1a: Bronzong|Stealth Rock|p2a: Mandibuzz
|-sidestart|p2: Commando 55|move: Stealth Rock
|
|upkeep
|turn|3
|j| Light chanseyy
|
|move|p1a: Bronzong|Steel Beam|p2a: Mandibuzz
|-damage|p2a: Mandibuzz|67/100
|-damage|p1a: Bronzong|0 fnt|[from] mindblown
|faint|p1a: Bronzong
|move|p2a: Mandibuzz|Roost|p2a: Mandibuzz
|-heal|p2a: Mandibuzz|100/100
|-singleturn|p2a: Mandibuzz|move: Roost
|
|upkeep
|
|switch|p1a: Torkoal|Torkoal, M|100/100
|-weather|SunnyDay|[from] ability: Drought|[of] p1a: Torkoal
|turn|4
|inactive|Commando 55 has 120 seconds left.
|
|move|p1a: Torkoal|Eruption|p2a: Mandibuzz
|-damage|p2a: Mandibuzz|7/100
|move|p2a: Mandibuzz|Roost|p2a: Mandibuzz
|-heal|p2a: Mandibuzz|57/100
|-singleturn|p2a: Mandibuzz|move: Roost
|
|-weather|SunnyDay|[upkeep]
|upkeep
|turn|5
|
|move|p1a: Torkoal|Eruption|p2a: Mandibuzz
|-damage|p2a: Mandibuzz|0 fnt
|faint|p2a: Mandibuzz
|
|-weather|SunnyDay|[upkeep]
|-fieldend|move: Trick Room
|upkeep
|j| weiwangji
|
|switch|p2a: Dragapult|Dragapult, M, shiny|100/100
|-damage|p2a: Dragapult|88/100|[from] Stealth Rock
|turn|6
|j| forgotten queef
|
|switch|p1a: Conkeldurr|Conkeldurr, M|100/100
|move|p2a: Dragapult|Shadow Ball|p1a: Conkeldurr
|-damage|p1a: Conkeldurr|34/100
|
|-weather|SunnyDay|[upkeep]
|-status|p1a: Conkeldurr|brn|[from] item: Flame Orb
|upkeep
|turn|7
|
|move|p2a: Dragapult|Shadow Ball|p1a: Conkeldurr
|-damage|p1a: Conkeldurr|0 fnt
|faint|p1a: Conkeldurr
|
|-weather|SunnyDay|[upkeep]
|upkeep
|
|switch|p1a: Gardevoir|Gardevoir, M, shiny|100/100
|-ability|p1a: Gardevoir|Infiltrator|[from] ability: Trace|[of] p2a: Dragapult
|turn|8
|inactive|Commando 55 has 120 seconds left.
|
|move|p2a: Dragapult|Shadow Ball|p1a: Gardevoir
|-supereffective|p1a: Gardevoir
|-enditem|p1a: Gardevoir|Kasib Berry|[eat]
|-enditem|p1a: Gardevoir|Kasib Berry|[weaken]
|-damage|p1a: Gardevoir|60/100
|move|p1a: Gardevoir|Trick Room|p1a: Gardevoir
|-fieldstart|move: Trick Room|[of] p1a: Gardevoir
|
|-weather|none
|upkeep
|turn|9
|
|move|p2a: Dragapult|Shadow Ball|p1a: Gardevoir
|-supereffective|p1a: Gardevoir
|-damage|p1a: Gardevoir|0 fnt
|faint|p1a: Gardevoir
|
|upkeep
|
|switch|p1a: Torkoal|Torkoal, M|100/100
|-weather|SunnyDay|[from] ability: Drought|[of] p1a: Torkoal
|turn|10
|inactive|Commando 55 has 120 seconds left.
|
|switch|p2a: Ferrothorn|Ferrothorn, M|100/100
|-damage|p2a: Ferrothorn|94/100|[from] Stealth Rock
|move|p1a: Torkoal|Eruption|p2a: Ferrothorn
|-supereffective|p2a: Ferrothorn
|-damage|p2a: Ferrothorn|0 fnt
|faint|p2a: Ferrothorn
|
|-weather|SunnyDay|[upkeep]
|upkeep
|
|switch|p2a: Mew|Mew, shiny|100/100
|-damage|p2a: Mew|88/100|[from] Stealth Rock
|turn|11
|
|move|p1a: Torkoal|Eruption|p2a: Mew
|-damage|p2a: Mew|0 fnt
|faint|p2a: Mew
|
|-weather|SunnyDay|[upkeep]
|upkeep
|
|switch|p2a: Zeraora|Zeraora|100/100
|-damage|p2a: Zeraora|88/100|[from] Stealth Rock
|turn|12
|
|switch|p1a: Cloyster|Cloyster, F|100/100
|move|p2a: Zeraora|Plasma Fists|p1a: Cloyster
|-supereffective|p1a: Cloyster
|-damage|p1a: Cloyster|0 fnt
|-fieldactivate|move: Ion Deluge
|-damage|p2a: Zeraora|78/100|[from] item: Life Orb
|faint|p1a: Cloyster
|
|-weather|SunnyDay|[upkeep]
|-fieldend|move: Trick Room
|upkeep
|l|☆Groundt
|inactive|Groundt disconnected and has a minute to reconnect!
|player|p1|
|inactive|Groundt has 30 seconds to reconnect!
|inactive|Groundt has 20 seconds to reconnect!
|inactive|Groundt has 15 seconds to reconnect!
|j|☆Groundt
|inactive|Groundt reconnected and has 85 seconds left.
|player|p1|Groundt|winona
|
|switch|p1a: Hatterene|Hatterene, F|100/100
|turn|13
|
|move|p2a: Zeraora|Plasma Fists|p1a: Hatterene
|-damage|p1a: Hatterene|35/100
|-fieldactivate|move: Ion Deluge
|-damage|p2a: Zeraora|69/100|[from] item: Life Orb
|move|p1a: Hatterene|Trick Room|p1a: Hatterene
|-fieldstart|move: Trick Room|[of] p1a: Hatterene
|
|-weather|SunnyDay|[upkeep]
|upkeep
|turn|14
|
|move|p1a: Hatterene|Mystical Fire|p2a: Zeraora
|-damage|p2a: Zeraora|0 fnt
|-damage|p1a: Hatterene|26/100|[from] item: Life Orb
|faint|p2a: Zeraora
|
|-weather|none
|upkeep
|inactive|Commando 55 has 120 seconds left.
|
|switch|p2a: Aegislash|Aegislash, F, shiny|100/100
|-damage|p2a: Aegislash|94/100|[from] Stealth Rock
|turn|15
|
|switch|p2a: Dragapult|Dragapult, M, shiny|88/100
|-damage|p2a: Dragapult|76/100|[from] Stealth Rock
|move|p1a: Hatterene|Mystical Fire|p2a: Dragapult
|-resisted|p2a: Dragapult
|-damage|p2a: Dragapult|52/100
|-unboost|p2a: Dragapult|spa|1
|-damage|p1a: Hatterene|16/100|[from] item: Life Orb
|
|upkeep
|turn|16
|inactive|Groundt has 120 seconds left.
|
|move|p1a: Hatterene|Mystical Fire|p2a: Dragapult
|-resisted|p2a: Dragapult
|-damage|p2a: Dragapult|25/100
|-unboost|p2a: Dragapult|spa|1
|-damage|p1a: Hatterene|6/100|[from] item: Life Orb
|move|p2a: Dragapult|Shadow Ball|p1a: Hatterene
|-supereffective|p1a: Hatterene
|-damage|p1a: Hatterene|0 fnt
|faint|p1a: Hatterene
|
|upkeep
|
|switch|p1a: Torkoal|Torkoal, M|100/100
|-weather|SunnyDay|[from] ability: Drought|[of] p1a: Torkoal
|turn|17
|inactive|Groundt has 120 seconds left.
|
|move|p1a: Torkoal|Fire Blast|p2a: Dragapult
|-resisted|p2a: Dragapult
|-damage|p2a: Dragapult|0 fnt
|faint|p2a: Dragapult
|
|-weather|SunnyDay|[upkeep]
|-fieldend|move: Trick Room
|upkeep
|
|switch|p2a: Aegislash|Aegislash, F, shiny|94/100
|-damage|p2a: Aegislash|88/100|[from] Stealth Rock
|turn|18
|
|-formechange|p2a: Aegislash|Aegislash-Blade||[from] ability: Stance Change
|move|p2a: Aegislash|Shadow Ball|p1a: Torkoal
|-damage|p1a: Torkoal|3/100
|-unboost|p1a: Torkoal|spd|1
|move|p1a: Torkoal|Fire Blast|p2a: Aegislash
|-supereffective|p2a: Aegislash
|-damage|p2a: Aegislash|0 fnt
|faint|p2a: Aegislash
|
|win|Groundt
|c|☆Commando 55|Gg
|c|☆Groundt|Gg
|raw|Groundt's rating: 1753 &rarr; <strong>1773</strong><br />(+20 for winning)
|raw|Commando 55's rating: 1746 &rarr; <strong>1727</strong><br />(-19 for losing)
