|j|☆Sww-Suwa
|j|☆Jnho
|inactive|Battle timer is ON: inactive players will automatically lose when time's up.
|t:|1658678248
|gametype|singles
|player|p1|Sww-Suwa|lisia|
|player|p2|Jnho|backpacker|
|teamsize|p1|6
|teamsize|p2|6
|gen|8
|tier|[Gen 8] OU
|rated|Tournament battle
|rule|Sleep Clause Mod: Limit one foe put to sleep
|rule|Species Clause: Limit one of each Pokémon
|rule|OHKO Clause: OHKO moves are banned
|rule|Evasion Moves Clause: Evasion moves are banned
|rule|Endless Battle Clause: Forcing endless battles is banned
|rule|HP Percentage Mod: HP is shown in percentages
|rule|Dynamax Clause: You cannot dynamax
|clearpoke
|poke|p1|Weavile, M|
|poke|p1|Hawlucha, M|
|poke|p1|Regieleki|
|poke|p1|Zeraora|
|poke|p1|Tapu Koko|
|poke|p1|Azelf|
|poke|p2|Hitmonlee, M|
|poke|p2|Nihilego|
|poke|p2|Golisopod, F|
|poke|p2|Rillaboom, F|
|poke|p2|Ditto|
|poke|p2|Cofagrigus, F|
|teampreview
|inactive|Jnho also wants the timer to be on.
|c|☆Sww-Suwa|hf
|j| Drop a burn
|c|☆Jnho|glhf
|j| Adwf194
|j| someidiot19
|j| CallMePrimal
|j| zapthotz
|c|☆Jnho|first opponent that accepts the challenge
|c|☆Sww-Suwa|LMFAO
|j| cogonahorse
|
|t:|1658678276
|start
|switch|p1a: Azelf|Azelf|100/100
|switch|p2a: Golisopod|Golisopod, F|100/100
|turn|1
|
|t:|1658678281
|move|p2a: Golisopod|First Impression|p1a: Azelf
|-supereffective|p1a: Azelf
|-damage|p1a: Azelf|0 fnt
|faint|p1a: Azelf
|
|upkeep
|j| pikablu007
|l| pikablu007
|
|t:|1658678295
|switch|p1a: Regieleki|Regieleki|100/100
|turn|2
|
|t:|1658678298
|move|p2a: Golisopod|Aqua Jet|p1a: Regieleki
|-enditem|p2a: Golisopod|Water Gem|[from] gem
|-damage|p1a: Regieleki|60/100
|move|p1a: Regieleki|Wild Charge|p2a: Golisopod
|-supereffective|p2a: Golisopod
|-damage|p2a: Golisopod|13/100
|-damage|p1a: Regieleki|35/100|[from] Recoil
|-activate|p2a: Golisopod|ability: Emergency Exit
|c|☆Sww-Suwa|nah bro why did it live
|j| El Hueco Mundo
|
|t:|1658678310
|switch|p2a: Rillaboom|Rillaboom, F|100/100
|-fieldstart|move: Grassy Terrain|[from] ability: Grassy Surge|[of] p2a: Rillaboom
|
|-heal|p1a: Regieleki|41/100|[from] Grassy Terrain
|upkeep
|turn|3
|c| zapthotz|fat ass golisopod
|
|t:|1658678315
|move|p2a: Rillaboom|Grassy Glide|p1a: Regieleki
|-enditem|p2a: Rillaboom|Grass Gem|[from] gem
|-damage|p1a: Regieleki|0 fnt
|faint|p1a: Regieleki
|
|upkeep
|
|t:|1658678317
|switch|p1a: Hawlucha|Hawlucha, M|100/100
|turn|4
|
|t:|1658678319
|move|p1a: Hawlucha|Swords Dance|p1a: Hawlucha
|-boost|p1a: Hawlucha|atk|2
|move|p2a: Rillaboom|Acrobatics|p1a: Hawlucha
|-supereffective|p1a: Hawlucha
|-damage|p1a: Hawlucha|0 fnt
|faint|p1a: Hawlucha
|
|upkeep
|c|☆Sww-Suwa|o
|c|☆Sww-Suwa|i
|c|☆Sww-Suwa|forgot
|
|t:|1658678330
|switch|p1a: Tapu Koko|Tapu Koko, shiny|100/100
|-fieldstart|move: Electric Terrain|[from] ability: Electric Surge|[of] p1a: Tapu Koko
|turn|5
|c| someidiot19|biggest bodybag of 2022
|
|t:|1658678336
|move|p1a: Tapu Koko|Calm Mind|p1a: Tapu Koko
|-boost|p1a: Tapu Koko|spa|1
|-boost|p1a: Tapu Koko|spd|1
|move|p2a: Rillaboom|Knock Off|p1a: Tapu Koko
|-resisted|p1a: Tapu Koko
|-damage|p1a: Tapu Koko|77/100
|-enditem|p1a: Tapu Koko|Fairy Gem|[from] move: Knock Off|[of] p2a: Rillaboom
|
|upkeep
|turn|6
|
|t:|1658678339
|move|p1a: Tapu Koko|Calm Mind|p1a: Tapu Koko
|-boost|p1a: Tapu Koko|spa|1
|-boost|p1a: Tapu Koko|spd|1
|move|p2a: Rillaboom|U-turn|p1a: Tapu Koko
|-resisted|p1a: Tapu Koko
|-damage|p1a: Tapu Koko|61/100
|c|☆Sww-Suwa|wait
|c|☆Sww-Suwa|where my gem go
|c|☆Sww-Suwa|rip
|
|t:|1658678354
|switch|p2a: Ditto|Ditto|100/100|[from]move: U-turn
|-transform|p2a: Ditto|p1a: Tapu Koko|[from] ability: Imposter
|
|upkeep
|turn|7
|
|t:|1658678359
|move|p2a: Ditto|Dazzling Gleam|p1a: Tapu Koko
|-damage|p1a: Tapu Koko|13/100
|move|p1a: Tapu Koko|Roost|p1a: Tapu Koko
|-heal|p1a: Tapu Koko|63/100
|-singleturn|p1a: Tapu Koko|move: Roost
|
|upkeep
|turn|8
|
|t:|1658678362
|move|p2a: Ditto|Dazzling Gleam|p1a: Tapu Koko
|-damage|p1a: Tapu Koko|12/100
|move|p1a: Tapu Koko|Roost|p1a: Tapu Koko
|-heal|p1a: Tapu Koko|62/100
|-singleturn|p1a: Tapu Koko|move: Roost
|
|upkeep
|turn|9
|
|t:|1658678366
|switch|p2a: Golisopod|Golisopod, F|13/100
|move|p1a: Tapu Koko|Roost|p1a: Tapu Koko
|-heal|p1a: Tapu Koko|100/100
|-singleturn|p1a: Tapu Koko|move: Roost
|
|-fieldend|move: Electric Terrain
|upkeep
|turn|10
|j| pikablu007
|
|t:|1658678371
|move|p2a: Golisopod|Aqua Jet|p1a: Tapu Koko
|-damage|p1a: Tapu Koko|78/100
|move|p1a: Tapu Koko|Thunderbolt|p2a: Golisopod
|-supereffective|p2a: Golisopod
|-damage|p2a: Golisopod|0 fnt
|faint|p2a: Golisopod
|
|upkeep
|
|t:|1658678378
|switch|p2a: Rillaboom|Rillaboom, F|100/100
|-fieldstart|move: Grassy Terrain|[from] ability: Grassy Surge|[of] p2a: Rillaboom
|turn|11
|
|t:|1658678381
|move|p2a: Rillaboom|Grassy Glide|p1a: Tapu Koko
|-damage|p1a: Tapu Koko|11/100
|move|p1a: Tapu Koko|Dazzling Gleam|p2a: Rillaboom
|-damage|p2a: Rillaboom|5/100
|
|-heal|p1a: Tapu Koko|17/100|[from] Grassy Terrain
|-heal|p2a: Rillaboom|12/100|[from] Grassy Terrain
|upkeep
|turn|12
|j| hy is garbage
|
|t:|1658678387
|move|p2a: Rillaboom|Grassy Glide|p1a: Tapu Koko
|-damage|p1a: Tapu Koko|0 fnt
|faint|p1a: Tapu Koko
|
|-heal|p2a: Rillaboom|18/100|[from] Grassy Terrain
|upkeep
|
|t:|1658678389
|switch|p1a: Weavile|Weavile, M|100/100
|turn|13
|c| El Hueco Mundo|rip
|
|t:|1658678395
|move|p1a: Weavile|Ice Shard|p2a: Rillaboom
|-enditem|p1a: Weavile|Ice Gem|[from] gem
|-supereffective|p2a: Rillaboom
|-damage|p2a: Rillaboom|0 fnt
|faint|p2a: Rillaboom
|
|upkeep
|
|t:|1658678398
|switch|p2a: Hitmonlee|Hitmonlee, M|100/100
|turn|14
|
|t:|1658678403
|move|p1a: Weavile|Triple Axel|p2a: Hitmonlee
|-damage|p2a: Hitmonlee|75/100
|-damage|p2a: Hitmonlee|30/100
|-damage|p2a: Hitmonlee|0 fnt
|faint|p2a: Hitmonlee
|-hitcount|p2: Hitmonlee|3
|
|upkeep
|c|☆Sww-Suwa|lmao
|c|☆Jnho|;-;
|c| pikablu007|So frail
|
|t:|1658678416
|switch|p2a: Cofagrigus|Cofagrigus, F|100/100
|turn|15
|
|t:|1658678424
|switch|p1a: Zeraora|Zeraora, shiny|100/100
|move|p2a: Cofagrigus|Will-O-Wisp|p1a: Zeraora
|-status|p1a: Zeraora|brn
|
|-damage|p1a: Zeraora|95/100 brn|[from] brn
|-fieldend|move: Grassy Terrain
|upkeep
|turn|16
|
|t:|1658678427
|move|p2a: Cofagrigus|Protect|p2a: Cofagrigus
|-singleturn|p2a: Cofagrigus|Protect
|move|p1a: Zeraora|Knock Off|p2a: Cofagrigus
|-activate|p2a: Cofagrigus|move: Protect
|
|-damage|p1a: Zeraora|89/100 brn|[from] brn
|upkeep
|turn|17
|
|t:|1658678432
|switch|p2a: Ditto|Ditto|100/100
|-transform|p2a: Ditto|p1a: Zeraora|[from] ability: Imposter
|move|p1a: Zeraora|Knock Off|p2a: Ditto
|-damage|p2a: Ditto|79/100
|-enditem|p2a: Ditto|Fire Gem|[from] move: Knock Off|[of] p1a: Zeraora
|
|-damage|p1a: Zeraora|83/100 brn|[from] brn
|upkeep
|turn|18
|
|t:|1658678441
|move|p1a: Zeraora|Close Combat|p2a: Ditto
|-enditem|p1a: Zeraora|Fighting Gem|[from] gem
|-damage|p2a: Ditto|46/100
|-unboost|p1a: Zeraora|def|1
|-unboost|p1a: Zeraora|spd|1
|move|p2a: Ditto|Bulk Up|p2a: Ditto
|-boost|p2a: Ditto|atk|1
|-boost|p2a: Ditto|def|1
|
|-damage|p1a: Zeraora|77/100 brn|[from] brn
|upkeep
|turn|19
|c|☆Sww-Suwa|o
|
|t:|1658678451
|move|p2a: Ditto|Knock Off|p1a: Zeraora
|-damage|p1a: Zeraora|9/100 brn
|move|p1a: Zeraora|Close Combat|p2a: Ditto
|-damage|p2a: Ditto|28/100
|-unboost|p1a: Zeraora|def|1
|-unboost|p1a: Zeraora|spd|1
|
|-damage|p1a: Zeraora|3/100 brn|[from] brn
|upkeep
|turn|20
|
|t:|1658678456
|move|p2a: Ditto|Knock Off|p1a: Zeraora
|-damage|p1a: Zeraora|0 fnt
|faint|p1a: Zeraora
|
|upkeep
|
|t:|1658678458
|switch|p1a: Weavile|Weavile, M|100/100
|turn|21
|c| El Hueco Mundo|wait tf
|c|☆Jnho|gg
|c|☆Sww-Suwa|crit
|c| El Hueco Mundo|whats fire gem on ditto for lmao
|
|t:|1658678465
|move|p1a: Weavile|Ice Shard|p2a: Ditto
|-damage|p2a: Ditto|10/100
|move|p2a: Ditto|Close Combat|p1a: Weavile
|-supereffective|p1a: Weavile
|-damage|p1a: Weavile|0 fnt
|-unboost|p2a: Ditto|def|1
|-unboost|p2a: Ditto|spd|1
|faint|p1a: Weavile
|
|win|Jnho
|n|☆Sww-Suwa|swwsuwa
|n|☆Jnho|jnho
|n| Drop a burn|dropaburn
|n| Adwf194|adwf194
|n| someidiot19|someidiot19
|n| CallMePrimal|callmeprimal
|n| zapthotz|zapthotz
|n| cogonahorse|cogonahorse
|n| El Hueco Mundo|elhuecomundo
|n| pikablu007|pikablu007
|n| hy is garbage|hyisgarbage
|c| zapthotz|fjre gem ditto.
|l| pikablu007
|c|☆Sww-Suwa|gg
