|j|☆Sky0401
|j|☆big boss 447
|t:|1657350241
|gametype|singles
|player|p1|Sky0401|101|1665
|player|p2|big boss 447|harlequin|1614
|teamsize|p1|6
|teamsize|p2|6
|gen|8
|tier|[Gen 8] OU
|rated|
|rule|Sleep Clause Mod: Limit one foe put to sleep
|rule|Species Clause: Limit one of each Pokémon
|rule|OHKO Clause: OHKO moves are banned
|rule|Evasion Moves Clause: Evasion moves are banned
|rule|Endless Battle Clause: Forcing endless battles is banned
|rule|HP Percentage Mod: HP is shown in percentages
|rule|Dynamax Clause: You cannot dynamax
|clearpoke
|poke|p1|Tyranitar, M|
|poke|p1|Excadrill, F|
|poke|p1|Landorus-Therian, M|
|poke|p1|Clefable, F|
|poke|p1|Dragapult, F|
|poke|p1|Zapdos|
|poke|p2|Obstagoon, M|
|poke|p2|Victini|
|poke|p2|Landorus-Therian, M|
|poke|p2|Volcanion|
|poke|p2|Tapu Lele|
|poke|p2|Clefable, F|
|teampreview
|inactive|Battle timer is ON: inactive players will automatically lose when time's up. (requested by big boss 447)
|
|t:|1657350248
|start
|switch|p1a: Landorus|Landorus-Therian, M|100/100
|switch|p2a: Volcanion|Volcanion|100/100
|-ability|p1a: Landorus|Intimidate|boost
|-unboost|p2a: Volcanion|atk|1
|turn|1
|
|t:|1657350262
|switch|p1a: Dragapult|Dragapult, F|100/100
|move|p2a: Volcanion|Steam Eruption|p1a: Dragapult|[miss]
|-miss|p2a: Volcanion|p1a: Dragapult
|
|upkeep
|turn|2
|
|t:|1657350267
|move|p1a: Dragapult|Shadow Ball|p2a: Volcanion
|-damage|p2a: Volcanion|37/100
|move|p2a: Volcanion|Steam Eruption|p1a: Dragapult
|-resisted|p1a: Dragapult
|-damage|p1a: Dragapult|39/100
|-status|p1a: Dragapult|brn
|
|-damage|p1a: Dragapult|33/100 brn|[from] brn
|upkeep
|turn|3
|
|t:|1657350272
|move|p1a: Dragapult|Shadow Ball|p2a: Volcanion
|-damage|p2a: Volcanion|0 fnt
|faint|p2a: Volcanion
|
|-damage|p1a: Dragapult|27/100 brn|[from] brn
|upkeep
|
|t:|1657350274
|switch|p2a: Obstagoon|Obstagoon, M|100/100
|turn|4
|
|t:|1657350276
|switch|p1a: Landorus|Landorus-Therian, M|100/100
|-ability|p1a: Landorus|Intimidate|boost
|-unboost|p2a: Obstagoon|atk|1
|move|p2a: Obstagoon|Knock Off|p1a: Landorus
|-damage|p1a: Landorus|81/100
|-damage|p2a: Obstagoon|84/100|[from] item: Rocky Helmet|[of] p1a: Landorus
|-enditem|p1a: Landorus|Rocky Helmet|[from] move: Knock Off|[of] p2a: Obstagoon
|
|-status|p2a: Obstagoon|brn|[from] item: Flame Orb
|upkeep
|turn|5
|
|t:|1657350279
|move|p2a: Obstagoon|Taunt|p1a: Landorus
|-start|p1a: Landorus|move: Taunt
|move|p1a: Landorus|Knock Off|p2a: Obstagoon
|-resisted|p2a: Obstagoon
|-damage|p2a: Obstagoon|67/100 brn
|-enditem|p2a: Obstagoon|Flame Orb|[from] move: Knock Off|[of] p1a: Landorus
|
|-damage|p2a: Obstagoon|61/100 brn|[from] brn
|upkeep
|turn|6
|
|t:|1657350286
|switch|p2a: Clefable|Clefable, F|100/100
|move|p1a: Landorus|U-turn|p2a: Clefable
|-resisted|p2a: Clefable
|-damage|p2a: Clefable|92/100
|-damage|p1a: Landorus|65/100|[from] item: Rocky Helmet|[of] p2a: Clefable
|
|t:|1657350294
|switch|p1a: Excadrill|Excadrill, F|100/100|[from]move: U-turn
|
|upkeep
|turn|7
|
|t:|1657350296
|switch|p2a: Landorus|Landorus-Therian, M|100/100
|-ability|p2a: Landorus|Intimidate|boost
|-unboost|p1a: Excadrill|atk|1
|move|p1a: Excadrill|Iron Head|p2a: Landorus
|-damage|p2a: Landorus|59/100
|-damage|p1a: Excadrill|84/100|[from] item: Rocky Helmet|[of] p2a: Landorus
|-damage|p1a: Excadrill|74/100|[from] item: Life Orb
|
|upkeep
|turn|8
|
|t:|1657350303
|switch|p1a: Landorus|Landorus-Therian, M|65/100
|-ability|p1a: Landorus|Intimidate|boost
|-unboost|p2a: Landorus|atk|1
|move|p2a: Landorus|Stealth Rock|p1a: Landorus
|-sidestart|p1: Sky0401|move: Stealth Rock
|
|upkeep
|turn|9
|
|t:|1657350308
|move|p1a: Landorus|U-turn|p2a: Landorus
|-resisted|p2a: Landorus
|-damage|p2a: Landorus|48/100
|-damage|p1a: Landorus|48/100|[from] item: Rocky Helmet|[of] p2a: Landorus
|
|t:|1657350312
|switch|p1a: Zapdos|Zapdos|100/100|[from]move: U-turn
|move|p2a: Landorus|Toxic|p1a: Zapdos
|-status|p1a: Zapdos|tox
|
|-damage|p1a: Zapdos|94/100 tox|[from] psn
|upkeep
|turn|10
|
|t:|1657350317
|switch|p2a: Clefable|Clefable, F|92/100
|move|p1a: Zapdos|Hurricane|p2a: Clefable
|-damage|p2a: Clefable|47/100
|-start|p2a: Clefable|confusion
|
|-damage|p1a: Zapdos|82/100 tox|[from] psn
|upkeep
|turn|11
|
|t:|1657350322
|move|p1a: Zapdos|Hurricane|p2a: Clefable
|-damage|p2a: Clefable|2/100
|-activate|p2a: Clefable|confusion
|move|p2a: Clefable|Wish|p2a: Clefable
|
|-damage|p1a: Zapdos|64/100 tox|[from] psn
|upkeep
|turn|12
|
|t:|1657350327
|move|p1a: Zapdos|Volt Switch|p2a: Clefable
|-damage|p2a: Clefable|0 fnt
|faint|p2a: Clefable
|
|t:|1657350333
|switch|p1a: Clefable|Clefable, F|100/100|[from]move: Volt Switch
|
|upkeep
|
|t:|1657350341
|switch|p2a: Landorus|Landorus-Therian, M|48/100
|-ability|p2a: Landorus|Intimidate|boost
|-unboost|p1a: Clefable|atk|1
|turn|13
|
|t:|1657350349
|move|p2a: Landorus|U-turn|p1a: Clefable
|-resisted|p1a: Clefable
|-damage|p1a: Clefable|91/100
|
|t:|1657350351
|switch|p2a: Victini|Victini|100/100|[from]move: U-turn
|move|p1a: Clefable|Wish|p1a: Clefable
|
|-heal|p1a: Clefable|97/100|[from] item: Leftovers
|upkeep
|turn|14
|
|t:|1657350358
|switch|p1a: Landorus|Landorus-Therian, M|48/100
|-damage|p1a: Landorus|36/100|[from] Stealth Rock
|-ability|p1a: Landorus|Intimidate|boost
|-unboost|p2a: Victini|atk|1
|move|p2a: Victini|V-create|p1a: Landorus
|-damage|p1a: Landorus|0 fnt
|-unboost|p2a: Victini|spe|1
|-unboost|p2a: Victini|def|1
|-unboost|p2a: Victini|spd|1
|faint|p1a: Landorus
|
|upkeep
|
|t:|1657350371
|switch|p1a: Dragapult|Dragapult, F|27/100 brn
|-damage|p1a: Dragapult|15/100 brn|[from] Stealth Rock
|turn|15
|
|t:|1657350380
|move|p1a: Dragapult|Shadow Ball|p2a: Victini
|-supereffective|p2a: Victini
|-damage|p2a: Victini|0 fnt
|faint|p2a: Victini
|
|-damage|p1a: Dragapult|9/100 brn|[from] brn
|upkeep
|
|t:|1657350381
|switch|p2a: Obstagoon|Obstagoon, M|61/100 brn
|turn|16
|
|t:|1657350392
|switch|p1a: Clefable|Clefable, F|97/100
|move|p2a: Obstagoon|Facade|p1a: Clefable
|-damage|p1a: Clefable|27/100
|
|-heal|p1a: Clefable|33/100|[from] item: Leftovers
|-damage|p2a: Obstagoon|55/100 brn|[from] brn
|upkeep
|turn|17
|
|t:|1657350397
|move|p2a: Obstagoon|Facade|p1a: Clefable
|-damage|p1a: Clefable|0 fnt
|faint|p1a: Clefable
|
|-damage|p2a: Obstagoon|49/100 brn|[from] brn
|upkeep
|
|t:|1657350409
|switch|p1a: Zapdos|Zapdos|64/100 tox
|turn|18
|
|t:|1657350414
|move|p2a: Obstagoon|Facade|p1a: Zapdos
|-damage|p1a: Zapdos|0 fnt
|faint|p1a: Zapdos
|
|-damage|p2a: Obstagoon|43/100 brn|[from] brn
|upkeep
|
|t:|1657350419
|switch|p1a: Tyranitar|Tyranitar, M|100/100
|-damage|p1a: Tyranitar|88/100|[from] Stealth Rock
|-weather|Sandstorm|[from] ability: Sand Stream|[of] p1a: Tyranitar
|turn|19
|
|t:|1657350427
|move|p2a: Obstagoon|Close Combat|p1a: Tyranitar
|-supereffective|p1a: Tyranitar
|-damage|p1a: Tyranitar|0 fnt
|-unboost|p2a: Obstagoon|def|1
|-unboost|p2a: Obstagoon|spd|1
|faint|p1a: Tyranitar
|
|-weather|Sandstorm|[upkeep]
|-damage|p2a: Obstagoon|37/100 brn|[from] Sandstorm
|-damage|p2a: Obstagoon|31/100 brn|[from] brn
|upkeep
|
|t:|1657350429
|switch|p1a: Excadrill|Excadrill, F|74/100
|-damage|p1a: Excadrill|71/100|[from] Stealth Rock
|turn|20
|
|t:|1657350450
|move|p1a: Excadrill|Rapid Spin|p2a: Obstagoon
|-damage|p2a: Obstagoon|0 fnt
|-boost|p1a: Excadrill|spe|1
|-sideend|p1: Sky0401|Stealth Rock|[from] move: Rapid Spin|[of] p1a: Excadrill
|faint|p2a: Obstagoon
|-damage|p1a: Excadrill|61/100|[from] item: Life Orb
|
|-weather|Sandstorm|[upkeep]
|upkeep
|
|t:|1657350455
|switch|p2a: Landorus|Landorus-Therian, M|48/100
|-ability|p2a: Landorus|Intimidate|boost
|-unboost|p1a: Excadrill|atk|1
|turn|21
|
|t:|1657350460
|move|p1a: Excadrill|Iron Head|p2a: Landorus
|-damage|p2a: Landorus|6/100
|-damage|p1a: Excadrill|44/100|[from] item: Rocky Helmet|[of] p2a: Landorus
|-damage|p1a: Excadrill|34/100|[from] item: Life Orb
|move|p2a: Landorus|Earthquake|p1a: Excadrill
|-supereffective|p1a: Excadrill
|-damage|p1a: Excadrill|0 fnt
|faint|p1a: Excadrill
|
|-weather|Sandstorm|[upkeep]
|upkeep
|
|t:|1657350464
|switch|p1a: Dragapult|Dragapult, F|9/100 brn
|turn|22
|c|☆big boss 447|gg
|
|t:|1657350470
|move|p1a: Dragapult|Shadow Ball|p2a: Landorus
|-damage|p2a: Landorus|0 fnt
|faint|p2a: Landorus
|
|-weather|Sandstorm|[upkeep]
|-damage|p1a: Dragapult|3/100 brn|[from] Sandstorm
|-damage|p1a: Dragapult|0 fnt|[from] brn
|faint|p1a: Dragapult
|
|win|big boss 447
|upkeep
|raw|Sky0401's rating: 1665 &rarr; <strong>1642</strong><br />(-23 for losing)
|raw|big boss 447's rating: 1614 &rarr; <strong>1637</strong><br />(+23 for winning)
|l|☆Sky0401
