|raw|<div class="broadcast-blue"><strong>This battle is required to be public due to a player having a name starting with 'lt81yl'.</div>
|j|☆LT81YL YOVAN FILMO
|j|☆4funaccount
|t:|1625606954
|gametype|singles
|player|p1|LT81YL YOVAN FILMO|ghetsis-gen5bw|1885
|player|p2|4funaccount|1|1843
|teamsize|p1|6
|teamsize|p2|6
|gen|8
|tier|[Gen 8] OU
|rated|
|rule|Sleep Clause Mod: Limit one foe put to sleep
|rule|Species Clause: Limit one of each Pokémon
|rule|OHKO Clause: OHKO moves are banned
|rule|Evasion Moves Clause: Evasion moves are banned
|rule|Endless Battle Clause: Forcing endless battles is banned
|rule|HP Percentage Mod: HP is shown in percentages
|rule|Dynamax Clause: You cannot dynamax
|clearpoke
|poke|p1|Garchomp, F|
|poke|p1|Ferrothorn, F|
|poke|p1|Clefable, F|
|poke|p1|Melmetal|
|poke|p1|Tornadus-Therian, M|
|poke|p1|Zeraora|
|poke|p2|Urshifu-*, F|
|poke|p2|Clefable, F|
|poke|p2|Kyurem|
|poke|p2|Landorus-Therian, M|
|poke|p2|Dragapult, F|
|poke|p2|Corviknight, M|
|teampreview
|inactive|Battle timer is ON: inactive players will automatically lose when time's up. (requested by LT81YL YOVAN FILMO)
|
|t:|1625606985
|start
|switch|p1a: Tornadus|Tornadus-Therian, M|100/100
|switch|p2a: Clefable|Clefable, F, shiny|100/100
|turn|1
|
|t:|1625606991
|move|p1a: Tornadus|Knock Off|p2a: Clefable
|-resisted|p2a: Clefable
|-damage|p2a: Clefable|91/100
|-enditem|p2a: Clefable|Leftovers|[from] move: Knock Off|[of] p1a: Tornadus
|move|p2a: Clefable|Thunder Wave|p1a: Tornadus
|-status|p1a: Tornadus|par
|
|upkeep
|turn|2
|
|t:|1625606997
|move|p1a: Tornadus|U-turn|p2a: Clefable
|-resisted|p2a: Clefable
|-damage|p2a: Clefable|84/100
|
|t:|1625607000
|switch|p1a: Garchomp|Garchomp, F|100/100|[from]move: U-turn
|move|p2a: Clefable|Knock Off|p1a: Garchomp
|-damage|p1a: Garchomp|87/100
|-activate|p1a: Garchomp|ability: Rough Skin
|-enditem|p1a: Garchomp|Leftovers|[from] move: Knock Off|[of] p2a: Clefable
|
|upkeep
|turn|3
|
|t:|1625607008
|move|p1a: Garchomp|Stealth Rock|p2a: Clefable
|-sidestart|p2: 4funaccount|move: Stealth Rock
|move|p2a: Clefable|Moonblast|p1a: Garchomp
|-supereffective|p1a: Garchomp
|-crit|p1a: Garchomp
|-damage|p1a: Garchomp|21/100
|
|upkeep
|turn|4
|
|t:|1625607014
|switch|p1a: Melmetal|Melmetal|100/100
|switch|p2a: Corviknight|Corviknight, M, shiny|100/100
|-damage|p2a: Corviknight|88/100|[from] Stealth Rock
|-ability|p2a: Corviknight|Pressure
|
|-heal|p2a: Corviknight|94/100|[from] item: Leftovers
|upkeep
|turn|5
|
|t:|1625607017
|move|p2a: Corviknight|Defog|p1a: Melmetal
|-unboost|p1a: Melmetal|evasion|1
|-sideend|p2: 4funaccount|Stealth Rock|[from] move: Defog|[of] p2a: Corviknight
|move|p1a: Melmetal|Thunder Punch|p2a: Corviknight
|-supereffective|p2a: Corviknight
|-damage|p2a: Corviknight|50/100
|
|-heal|p2a: Corviknight|56/100|[from] item: Leftovers
|upkeep
|turn|6
|
|t:|1625607022
|move|p2a: Corviknight|Roost|p2a: Corviknight
|-heal|p2a: Corviknight|100/100
|-singleturn|p2a: Corviknight|move: Roost
|move|p1a: Melmetal|Superpower|p2a: Corviknight
|-supereffective|p2a: Corviknight
|-damage|p2a: Corviknight|40/100
|-unboost|p1a: Melmetal|atk|1
|-unboost|p1a: Melmetal|def|1
|
|-heal|p2a: Corviknight|46/100|[from] item: Leftovers
|upkeep
|turn|7
|
|t:|1625607028
|switch|p1a: Ferrothorn|Ferrothorn, F|100/100
|move|p2a: Corviknight|Roost|p2a: Corviknight
|-heal|p2a: Corviknight|96/100
|-singleturn|p2a: Corviknight|move: Roost
|
|-heal|p2a: Corviknight|100/100|[from] item: Leftovers
|upkeep
|turn|8
|
|t:|1625607037
|switch|p2a: Clefable|Clefable, F, shiny|84/100
|move|p1a: Ferrothorn|Spikes|p2a: Clefable
|-sidestart|p2: 4funaccount|Spikes
|
|upkeep
|turn|9
|
|t:|1625607044
|move|p2a: Clefable|Knock Off|p1a: Ferrothorn
|-damage|p1a: Ferrothorn|91/100
|-activate|p1a: Ferrothorn|ability: Iron Barbs
|-enditem|p1a: Ferrothorn|Rocky Helmet|[from] move: Knock Off|[of] p2a: Clefable
|move|p1a: Ferrothorn|Gyro Ball|p2a: Clefable
|-supereffective|p2a: Clefable
|-damage|p2a: Clefable|29/100
|
|upkeep
|turn|10
|
|t:|1625607050
|move|p2a: Clefable|Soft-Boiled|p2a: Clefable
|-heal|p2a: Clefable|79/100
|move|p1a: Ferrothorn|Gyro Ball|p2a: Clefable
|-supereffective|p2a: Clefable
|-damage|p2a: Clefable|27/100
|
|upkeep
|turn|11
|
|t:|1625607054
|move|p2a: Clefable|Soft-Boiled|p2a: Clefable
|-heal|p2a: Clefable|77/100
|move|p1a: Ferrothorn|Gyro Ball|p2a: Clefable
|-supereffective|p2a: Clefable
|-damage|p2a: Clefable|23/100
|
|upkeep
|turn|12
|
|t:|1625607059
|switch|p2a: Corviknight|Corviknight, M, shiny|100/100
|-ability|p2a: Corviknight|Pressure
|move|p1a: Ferrothorn|Gyro Ball|p2a: Corviknight
|-resisted|p2a: Corviknight
|-damage|p2a: Corviknight|91/100
|
|-heal|p2a: Corviknight|98/100|[from] item: Leftovers
|upkeep
|turn|13
|
|t:|1625607066
|move|p2a: Corviknight|Defog|p1a: Ferrothorn
|-unboost|p1a: Ferrothorn|evasion|1
|-sideend|p2: 4funaccount|Spikes|[from] move: Defog|[of] p2a: Corviknight
|move|p1a: Ferrothorn|Leech Seed|p2a: Corviknight
|-start|p2a: Corviknight|move: Leech Seed
|
|-heal|p2a: Corviknight|100/100|[from] item: Leftovers
|-damage|p2a: Corviknight|88/100|[from] Leech Seed|[of] p1a: Ferrothorn
|-heal|p1a: Ferrothorn|100/100|[silent]
|upkeep
|turn|14
|
|t:|1625607069
|switch|p2a: Urshifu|Urshifu-Rapid-Strike, F|100/100
|move|p1a: Ferrothorn|Spikes|p2a: Urshifu
|-sidestart|p2: 4funaccount|Spikes
|
|upkeep
|turn|15
|
|t:|1625607076
|switch|p1a: Garchomp|Garchomp, F|21/100
|move|p2a: Urshifu|Surging Strikes|p1a: Garchomp
|-crit|p1a: Garchomp
|-damage|p1a: Garchomp|0 fnt
|-damage|p2a: Urshifu|88/100|[from] ability: Rough Skin|[of] p1a: Garchomp
|faint|p1a: Garchomp
|-hitcount|p1: Garchomp|1
|
|upkeep
|j| OnGroveStreet
|
|t:|1625607083
|switch|p1a: Tornadus|Tornadus-Therian, M|100/100 par
|turn|16
|
|t:|1625607111
|switch|p2a: Corviknight|Corviknight, M, shiny|88/100
|-ability|p2a: Corviknight|Pressure
|switch|p1a: Ferrothorn|Ferrothorn, F|100/100
|
|-heal|p2a: Corviknight|94/100|[from] item: Leftovers
|upkeep
|turn|17
|
|t:|1625607117
|move|p2a: Corviknight|Defog|p1a: Ferrothorn
|-unboost|p1a: Ferrothorn|evasion|1
|-sideend|p2: 4funaccount|Spikes|[from] move: Defog|[of] p2a: Corviknight
|move|p1a: Ferrothorn|Spikes|p2a: Corviknight
|-sidestart|p2: 4funaccount|Spikes
|
|-heal|p2a: Corviknight|100/100|[from] item: Leftovers
|upkeep
|turn|18
|
|t:|1625607121
|move|p2a: Corviknight|Defog|p1a: Ferrothorn
|-unboost|p1a: Ferrothorn|evasion|1
|-sideend|p2: 4funaccount|Spikes|[from] move: Defog|[of] p2a: Corviknight
|move|p1a: Ferrothorn|Spikes|p2a: Corviknight
|-sidestart|p2: 4funaccount|Spikes
|
|upkeep
|turn|19
|
|t:|1625607125
|move|p2a: Corviknight|Defog|p1a: Ferrothorn
|-unboost|p1a: Ferrothorn|evasion|1
|-sideend|p2: 4funaccount|Spikes|[from] move: Defog|[of] p2a: Corviknight
|move|p1a: Ferrothorn|Spikes|p2a: Corviknight
|-sidestart|p2: 4funaccount|Spikes
|
|upkeep
|turn|20
|-message|LT81YL YOVAN FILMO forfeited.
|
|win|4funaccount
|l|☆LT81YL YOVAN FILMO
|raw|LT81YL YOVAN FILMO's rating: 1886 &rarr; <strong>1864</strong><br />(-22 for losing)
|raw|4funaccount's rating: 1843 &rarr; <strong>1865</strong><br />(+22 for winning)
||Ladder isn't responding, score probably updated but might not have (Request timeout).
