|html|<div class="broadcast-blue"><strong>[Gen 8] OU is currently suspecting Melmetal! For information on how to participate check out the <a href="https://www.smogon.com/forums/threads/np-ss-ou-suspect-process-round-12-monster-mash.3709234/">suspect thread</a>.</strong></div>
|j|☆x19990908
|j|☆bizarman
|t:|1666519009
|gametype|singles
|player|p1|x19990908|101|1738
|player|p2|bizarman|scientist-gen4|1769
|teamsize|p1|6
|teamsize|p2|6
|gen|8
|tier|[Gen 8] OU
|rated|
|rule|Sleep Clause Mod: Limit one foe put to sleep
|rule|Species Clause: Limit one of each Pokémon
|rule|OHKO Clause: OHKO moves are banned
|rule|Evasion Items Clause: Evasion items are banned
|rule|Evasion Moves Clause: Evasion moves are banned
|rule|Endless Battle Clause: Forcing endless battles is banned
|rule|HP Percentage Mod: HP is shown in percentages
|rule|Dynamax Clause: You cannot dynamax
|clearpoke
|poke|p1|Landorus-Therian, M|
|poke|p1|Blissey, F|
|poke|p1|Tapu Lele|
|poke|p1|Nidoking, M|
|poke|p1|Corviknight, F|
|poke|p1|Urshifu-*, F|
|poke|p2|Volcanion|
|poke|p2|Tapu Koko|
|poke|p2|Ferrothorn, M|
|poke|p2|Landorus-Therian, M|
|poke|p2|Tornadus-Therian, M|
|poke|p2|Garchomp, F|
|teampreview
|inactive|Battle timer is ON: inactive players will automatically lose when time's up. (requested by x19990908)
|j| Le Herbo
|
|t:|1666519038
|start
|switch|p1a: Urshifu|Urshifu-Rapid-Strike, F|100/100
|switch|p2a: Tornadus|Tornadus-Therian, M|100/100
|turn|1
|
|t:|1666519047
|move|p1a: Urshifu|U-turn|p2a: Tornadus
|-resisted|p2a: Tornadus
|-damage|p2a: Tornadus|86/100
|j| Ragnnis
|
|t:|1666519050
|switch|p1a: Landorus|Landorus-Therian, M|100/100|[from]move: U-turn
|-ability|p1a: Landorus|Intimidate|boost
|-unboost|p2a: Tornadus|atk|1
|move|p2a: Tornadus|Knock Off|p1a: Landorus
|-damage|p1a: Landorus|91/100
|-damage|p2a: Tornadus|70/100|[from] item: Rocky Helmet|[of] p1a: Landorus
|-enditem|p1a: Landorus|Rocky Helmet|[from] move: Knock Off|[of] p2a: Tornadus
|
|upkeep
|turn|2
|j| Rem!x
|
|t:|1666519062
|switch|p2a: Volcanion|Volcanion|100/100
|move|p1a: Landorus|U-turn|p2a: Volcanion
|-resisted|p2a: Volcanion
|-damage|p2a: Volcanion|90/100
|
|t:|1666519066
|switch|p1a: Nidoking|Nidoking, M|100/100|[from]move: U-turn
|
|upkeep
|turn|3
|
|t:|1666519071
|switch|p2a: Tornadus|Tornadus-Therian, M|100/100
|move|p1a: Nidoking|Earth Power|p2a: Tornadus
|-immune|p2a: Tornadus
|
|upkeep
|turn|4
|
|t:|1666519077
|move|p2a: Tornadus|Knock Off|p1a: Nidoking
|-damage|p1a: Nidoking|69/100
|-enditem|p1a: Nidoking|Life Orb|[from] move: Knock Off|[of] p2a: Tornadus
|move|p1a: Nidoking|Ice Beam|p2a: Tornadus
|-supereffective|p2a: Tornadus
|-damage|p2a: Tornadus|40/100
|
|upkeep
|turn|5
|l| Le Herbo
|
|t:|1666519100
|move|p2a: Tornadus|Hurricane|p1a: Nidoking
|-damage|p1a: Nidoking|8/100
|-start|p1a: Nidoking|confusion
|-activate|p1a: Nidoking|confusion
|move|p1a: Nidoking|Ice Beam|p2a: Tornadus
|-supereffective|p2a: Tornadus
|-damage|p2a: Tornadus|0 fnt
|faint|p2a: Tornadus
|
|upkeep
|inactive|bizarman has 120 seconds left.
|
|t:|1666519115
|switch|p2a: Garchomp|Garchomp, F|100/100
|turn|6
|
|t:|1666519125
|switch|p1a: Urshifu|Urshifu-Rapid-Strike, F|100/100
|move|p2a: Garchomp|Earthquake|p1a: Urshifu
|-damage|p1a: Urshifu|49/100
|
|upkeep
|turn|7
|
|t:|1666519132
|move|p1a: Urshifu|U-turn|p2a: Garchomp
|-damage|p2a: Garchomp|76/100
|-damage|p1a: Urshifu|36/100|[from] ability: Rough Skin|[of] p2a: Garchomp
|
|t:|1666519137
|switch|p1a: Landorus|Landorus-Therian, M|91/100|[from]move: U-turn
|-ability|p1a: Landorus|Intimidate|boost
|-unboost|p2a: Garchomp|atk|1
|move|p2a: Garchomp|Earthquake|p1a: Landorus
|-immune|p1a: Landorus
|
|-heal|p2a: Garchomp|83/100|[from] item: Leftovers
|upkeep
|turn|8
|
|t:|1666519145
|switch|p2a: Ferrothorn|Ferrothorn, M|100/100
|move|p1a: Landorus|Earthquake|p2a: Ferrothorn
|-damage|p2a: Ferrothorn|72/100
|
|-heal|p2a: Ferrothorn|78/100|[from] item: Leftovers
|upkeep
|turn|9
|
|t:|1666519152
|move|p1a: Landorus|Knock Off|p2a: Ferrothorn
|-damage|p2a: Ferrothorn|57/100
|-damage|p1a: Landorus|78/100|[from] ability: Iron Barbs|[of] p2a: Ferrothorn
|-enditem|p2a: Ferrothorn|Leftovers|[from] move: Knock Off|[of] p1a: Landorus
|move|p2a: Ferrothorn|Leech Seed|p1a: Landorus
|-start|p1a: Landorus|move: Leech Seed
|
|-damage|p1a: Landorus|66/100|[from] Leech Seed|[of] p2a: Ferrothorn
|-heal|p2a: Ferrothorn|70/100|[silent]
|upkeep
|turn|10
|
|t:|1666519161
|switch|p1a: Corviknight|Corviknight, F|100/100
|move|p2a: Ferrothorn|Spikes|p1a: Corviknight
|-sidestart|p1: x19990908|Spikes
|
|upkeep
|turn|11
|
|t:|1666519166
|switch|p2a: Volcanion|Volcanion|90/100
|move|p1a: Corviknight|Defog|p2a: Volcanion
|-unboost|p2a: Volcanion|evasion|1
|-sideend|p1: x19990908|Spikes|[from] move: Defog|[of] p1a: Corviknight
|
|upkeep
|turn|12
|
|t:|1666519172
|switch|p1a: Blissey|Blissey, F|100/100
|move|p2a: Volcanion|Steam Eruption|p1a: Blissey
|-damage|p1a: Blissey|69/100
|-status|p1a: Blissey|brn
|
|-damage|p1a: Blissey|62/100 brn|[from] brn
|upkeep
|turn|13
|
|t:|1666519180
|switch|p2a: Ferrothorn|Ferrothorn, M|70/100
|move|p1a: Blissey|Soft-Boiled|p1a: Blissey
|-heal|p1a: Blissey|100/100 brn
|
|-damage|p1a: Blissey|94/100 brn|[from] brn
|upkeep
|turn|14
|j| Ran Kob
|
|t:|1666519187
|move|p1a: Blissey|Thunder Wave|p2a: Ferrothorn
|-status|p2a: Ferrothorn|par
|move|p2a: Ferrothorn|Leech Seed|p1a: Blissey
|-start|p1a: Blissey|move: Leech Seed
|
|-damage|p1a: Blissey|82/100 brn|[from] Leech Seed|[of] p2a: Ferrothorn
|-heal|p2a: Ferrothorn|96/100 par|[silent]
|-damage|p1a: Blissey|76/100 brn|[from] brn
|upkeep
|turn|15
|j| themaximumblackout
|
|t:|1666519194
|move|p2a: Ferrothorn|Leech Seed||[still]
|-fail|p2a: Ferrothorn
|move|p1a: Blissey|Teleport|p1a: Blissey
|
|t:|1666519197
|-curestatus|p1a: Blissey|brn|[from] ability: Natural Cure
|switch|p1a: Nidoking|Nidoking, M|8/100|[from]move: Teleport
|
|upkeep
|turn|16
|
|t:|1666519204
|switch|p2a: Garchomp|Garchomp, F|83/100
|move|p1a: Nidoking|Flamethrower|p2a: Garchomp
|-resisted|p2a: Garchomp
|-damage|p2a: Garchomp|67/100
|
|-heal|p2a: Garchomp|73/100|[from] item: Leftovers
|upkeep
|turn|17
|
|t:|1666519214
|switch|p1a: Landorus|Landorus-Therian, M|66/100
|-ability|p1a: Landorus|Intimidate|boost
|-unboost|p2a: Garchomp|atk|1
|move|p2a: Garchomp|Earthquake|p1a: Landorus
|-immune|p1a: Landorus
|
|-heal|p2a: Garchomp|79/100|[from] item: Leftovers
|upkeep
|turn|18
|l| themaximumblackout
|
|t:|1666519224
|switch|p2a: Landorus|Landorus-Therian, M|100/100
|-ability|p2a: Landorus|Intimidate|boost
|-unboost|p1a: Landorus|atk|1
|move|p1a: Landorus|Earthquake|p2a: Landorus
|-immune|p2a: Landorus
|
|upkeep
|turn|19
|
|t:|1666519230
|move|p1a: Landorus|Knock Off|p2a: Landorus
|-damage|p2a: Landorus|79/100
|-enditem|p2a: Landorus|Leftovers|[from] move: Knock Off|[of] p1a: Landorus
|move|p2a: Landorus|Stealth Rock|p1a: Landorus
|-sidestart|p1: x19990908|move: Stealth Rock
|
|upkeep
|turn|20
|
|t:|1666519239
|move|p1a: Landorus|Stealth Rock|p2a: Landorus
|-sidestart|p2: bizarman|move: Stealth Rock
|move|p2a: Landorus|U-turn|p1a: Landorus
|-resisted|p1a: Landorus
|-damage|p1a: Landorus|58/100
|
|t:|1666519244
|switch|p2a: Volcanion|Volcanion|90/100|[from]move: U-turn
|-damage|p2a: Volcanion|65/100|[from] Stealth Rock
|
|upkeep
|turn|21
|
|t:|1666519249
|switch|p1a: Blissey|Blissey, F|76/100
|move|p2a: Volcanion|Steam Eruption|p1a: Blissey
|-damage|p1a: Blissey|43/100
|
|upkeep
|turn|22
|
|t:|1666519260
|switch|p2a: Garchomp|Garchomp, F|79/100
|-damage|p2a: Garchomp|73/100|[from] Stealth Rock
|move|p1a: Blissey|Soft-Boiled|p1a: Blissey
|-heal|p1a: Blissey|93/100
|
|-heal|p2a: Garchomp|79/100|[from] item: Leftovers
|upkeep
|turn|23
|
|t:|1666519268
|switch|p1a: Corviknight|Corviknight, F|100/100
|-damage|p1a: Corviknight|88/100|[from] Stealth Rock
|move|p2a: Garchomp|Swords Dance|p2a: Garchomp
|-boost|p2a: Garchomp|atk|2
|
|-heal|p2a: Garchomp|85/100|[from] item: Leftovers
|upkeep
|turn|24
|
|t:|1666519276
|move|p2a: Garchomp|Fire Fang|p1a: Corviknight
|-supereffective|p1a: Corviknight
|-damage|p1a: Corviknight|37/100
|-damage|p2a: Garchomp|69/100|[from] item: Rocky Helmet|[of] p1a: Corviknight
|move|p1a: Corviknight|U-turn|p2a: Garchomp
|-damage|p2a: Garchomp|55/100
|-damage|p1a: Corviknight|25/100|[from] ability: Rough Skin|[of] p2a: Garchomp
|inactive|x19990908 has 120 seconds left.
|
|t:|1666519312
|switch|p1a: Urshifu|Urshifu-Rapid-Strike, F|36/100|[from]move: U-turn
|-damage|p1a: Urshifu|30/100|[from] Stealth Rock
|
|-heal|p2a: Garchomp|61/100|[from] item: Leftovers
|upkeep
|turn|25
|
|t:|1666519322
|switch|p2a: Landorus|Landorus-Therian, M|79/100
|-damage|p2a: Landorus|67/100|[from] Stealth Rock
|-ability|p2a: Landorus|Intimidate|boost
|-unboost|p1a: Urshifu|atk|1
|move|p1a: Urshifu|Close Combat|p2a: Landorus
|-resisted|p2a: Landorus
|-damage|p2a: Landorus|46/100
|-unboost|p1a: Urshifu|def|1
|-unboost|p1a: Urshifu|spd|1
|
|upkeep
|turn|26
|
|t:|1666519333
|switch|p1a: Landorus|Landorus-Therian, M|58/100
|-damage|p1a: Landorus|46/100|[from] Stealth Rock
|-ability|p1a: Landorus|Intimidate|boost
|-unboost|p2a: Landorus|atk|1
|move|p2a: Landorus|U-turn|p1a: Landorus
|-resisted|p1a: Landorus
|-crit|p1a: Landorus
|-damage|p1a: Landorus|33/100
|j| jeanmilapipe
|l| jeanmilapipe
|
|t:|1666519349
|switch|p2a: Volcanion|Volcanion|65/100|[from]move: U-turn
|-damage|p2a: Volcanion|40/100|[from] Stealth Rock
|
|upkeep
|turn|27
|
|t:|1666519355
|switch|p1a: Blissey|Blissey, F|93/100
|move|p2a: Volcanion|Steam Eruption|p1a: Blissey|[miss]
|-miss|p2a: Volcanion|p1a: Blissey
|
|upkeep
|turn|28
|
|t:|1666519364
|switch|p2a: Garchomp|Garchomp, F|61/100
|-damage|p2a: Garchomp|55/100|[from] Stealth Rock
|move|p1a: Blissey|Teleport|p1a: Blissey
|
|t:|1666519375
|switch|p1a: Urshifu|Urshifu-Rapid-Strike, F|30/100|[from]move: Teleport
|-damage|p1a: Urshifu|24/100|[from] Stealth Rock
|
|-heal|p2a: Garchomp|61/100|[from] item: Leftovers
|upkeep
|turn|29
|
|t:|1666519389
|switch|p2a: Landorus|Landorus-Therian, M|46/100
|-damage|p2a: Landorus|34/100|[from] Stealth Rock
|-ability|p2a: Landorus|Intimidate|boost
|-unboost|p1a: Urshifu|atk|1
|move|p1a: Urshifu|Close Combat|p2a: Landorus
|-resisted|p2a: Landorus
|-damage|p2a: Landorus|13/100
|-unboost|p1a: Urshifu|def|1
|-unboost|p1a: Urshifu|spd|1
|
|upkeep
|turn|30
|
|t:|1666519401
|switch|p2a: Tapu Koko|Tapu Koko|100/100
|-fieldstart|move: Electric Terrain|[from] ability: Electric Surge|[of] p2a: Tapu Koko
|move|p1a: Urshifu|Close Combat|p2a: Tapu Koko
|-resisted|p2a: Tapu Koko
|-damage|p2a: Tapu Koko|73/100
|-unboost|p1a: Urshifu|def|1
|-unboost|p1a: Urshifu|spd|1
|
|upkeep
|turn|31
|
|t:|1666519412
|switch|p1a: Blissey|Blissey, F|93/100
|move|p2a: Tapu Koko|Dazzling Gleam|p1a: Blissey
|-damage|p1a: Blissey|80/100
|
|upkeep
|turn|32
|
|t:|1666519418
|move|p2a: Tapu Koko|U-turn|p1a: Blissey
|-damage|p1a: Blissey|65/100
|
|t:|1666519426
|switch|p2a: Garchomp|Garchomp, F|61/100|[from]move: U-turn
|-damage|p2a: Garchomp|55/100|[from] Stealth Rock
|move|p1a: Blissey|Teleport|p1a: Blissey
|
|t:|1666519431
|switch|p1a: Tapu Lele|Tapu Lele|100/100|[from]move: Teleport
|-damage|p1a: Tapu Lele|88/100|[from] Stealth Rock
|-fieldstart|move: Psychic Terrain|[from] ability: Psychic Surge|[of] p1a: Tapu Lele
|
|-heal|p2a: Garchomp|61/100|[from] item: Leftovers
|upkeep
|turn|33
|j| strengthgod
|
|t:|1666519447
|switch|p2a: Ferrothorn|Ferrothorn, M|96/100 par
|-damage|p2a: Ferrothorn|89/100 par|[from] Stealth Rock
|move|p1a: Tapu Lele|Moonblast|p2a: Ferrothorn
|-resisted|p2a: Ferrothorn
|-damage|p2a: Ferrothorn|68/100 par
|-unboost|p2a: Ferrothorn|spa|1
|
|upkeep
|turn|34
|j| Mel0nL0rd
|
|t:|1666519462
|switch|p1a: Blissey|Blissey, F|65/100
|cant|p2a: Ferrothorn|par
|
|upkeep
|turn|35
|
|t:|1666519467
|move|p1a: Blissey|Soft-Boiled|p1a: Blissey
|-heal|p1a: Blissey|100/100
|cant|p2a: Ferrothorn|par
|
|upkeep
|turn|36
|
|t:|1666519471
|cant|p2a: Ferrothorn|par
|move|p1a: Blissey|Teleport|p1a: Blissey
|
|t:|1666519475
|switch|p1a: Corviknight|Corviknight, F|25/100|[from]move: Teleport
|-damage|p1a: Corviknight|13/100|[from] Stealth Rock
|
|-fieldend|move: Psychic Terrain
|upkeep
|turn|37
|
|t:|1666519482
|move|p1a: Corviknight|Roost|p1a: Corviknight
|-heal|p1a: Corviknight|63/100
|-singleturn|p1a: Corviknight|move: Roost
|move|p2a: Ferrothorn|Spikes|p1a: Corviknight
|-sidestart|p1: x19990908|Spikes
|
|upkeep
|turn|38
|
|t:|1666519488
|move|p1a: Corviknight|Defog|p2a: Ferrothorn
|-unboost|p2a: Ferrothorn|evasion|1
|-sideend|p2: bizarman|Stealth Rock|[from] move: Defog|[of] p1a: Corviknight
|-sideend|p1: x19990908|Spikes|[from] move: Defog|[of] p1a: Corviknight
|-sideend|p1: x19990908|Stealth Rock|[from] move: Defog|[of] p1a: Corviknight
|move|p2a: Ferrothorn|Leech Seed|p1a: Corviknight
|-start|p1a: Corviknight|move: Leech Seed
|
|-damage|p1a: Corviknight|50/100|[from] Leech Seed|[of] p2a: Ferrothorn
|-heal|p2a: Ferrothorn|81/100 par|[silent]
|upkeep
|turn|39
|
|t:|1666519496
|move|p1a: Corviknight|Roost|p1a: Corviknight
|-heal|p1a: Corviknight|100/100
|-singleturn|p1a: Corviknight|move: Roost
|move|p2a: Ferrothorn|Spikes|p1a: Corviknight
|-sidestart|p1: x19990908|Spikes
|
|-damage|p1a: Corviknight|88/100|[from] Leech Seed|[of] p2a: Ferrothorn
|-heal|p2a: Ferrothorn|95/100 par|[silent]
|upkeep
|turn|40
|
|t:|1666519503
|switch|p2a: Volcanion|Volcanion|40/100
|move|p1a: Corviknight|Defog|p2a: Volcanion
|-unboost|p2a: Volcanion|evasion|1
|-sideend|p1: x19990908|Spikes|[from] move: Defog|[of] p1a: Corviknight
|
|-damage|p1a: Corviknight|76/100|[from] Leech Seed|[of] p2a: Volcanion
|-heal|p2a: Volcanion|56/100|[silent]
|upkeep
|turn|41
|
|t:|1666519512
|switch|p2a: Garchomp|Garchomp, F|61/100
|switch|p1a: Blissey|Blissey, F|100/100
|
|-heal|p2a: Garchomp|67/100|[from] item: Leftovers
|upkeep
|turn|42
|
|t:|1666519520
|switch|p1a: Landorus|Landorus-Therian, M|33/100
|-ability|p1a: Landorus|Intimidate|boost
|-unboost|p2a: Garchomp|atk|1
|move|p2a: Garchomp|Swords Dance|p2a: Garchomp
|-boost|p2a: Garchomp|atk|2
|
|-heal|p2a: Garchomp|73/100|[from] item: Leftovers
|upkeep
|turn|43
|
|t:|1666519528
|move|p2a: Garchomp|Scale Shot|p1a: Landorus
|-damage|p1a: Landorus|19/100
|-damage|p1a: Landorus|6/100
|-hitcount|p1a: Landorus|2
|-unboost|p2a: Garchomp|def|1
|-boost|p2a: Garchomp|spe|1
|move|p1a: Landorus|Earthquake|p2a: Garchomp
|-damage|p2a: Garchomp|3/100
|
|-heal|p2a: Garchomp|9/100|[from] item: Leftovers
|upkeep
|turn|44
|j| Phan009
|
|t:|1666519539
|switch|p1a: Corviknight|Corviknight, F|76/100
|move|p2a: Garchomp|Scale Shot|p1a: Corviknight|[miss]
|-miss|p2a: Garchomp|p1a: Corviknight
|
|-heal|p2a: Garchomp|16/100|[from] item: Leftovers
|upkeep
|turn|45
|
|t:|1666519548
|switch|p2a: Tapu Koko|Tapu Koko|73/100
|-fieldstart|move: Electric Terrain|[from] ability: Electric Surge|[of] p2a: Tapu Koko
|move|p1a: Corviknight|Roost|p1a: Corviknight
|-heal|p1a: Corviknight|100/100
|-singleturn|p1a: Corviknight|move: Roost
|
|upkeep
|turn|46
|
|t:|1666519556
|switch|p1a: Blissey|Blissey, F|100/100
|move|p2a: Tapu Koko|U-turn|p1a: Blissey
|-crit|p1a: Blissey
|-damage|p1a: Blissey|78/100
|
|t:|1666519561
|switch|p2a: Garchomp|Garchomp, F|16/100|[from]move: U-turn
|
|-heal|p2a: Garchomp|22/100|[from] item: Leftovers
|upkeep
|turn|47
|c|☆bizarman|tht hitting 2
|l| Ran Kob
|c|☆bizarman|makes my life so much harder lol
|
|t:|1666519591
|switch|p2a: Ferrothorn|Ferrothorn, M|95/100 par
|switch|p1a: Corviknight|Corviknight, F|100/100
|
|upkeep
|turn|48
|
|t:|1666519604
|switch|p1a: Blissey|Blissey, F|78/100
|move|p2a: Ferrothorn|Thunder Wave|p1a: Blissey
|-status|p1a: Blissey|par
|
|upkeep
|turn|49
|
|t:|1666519609
|move|p2a: Ferrothorn|Spikes|p1a: Blissey
|-sidestart|p1: x19990908|Spikes
|cant|p1a: Blissey|par
|
|-fieldend|move: Electric Terrain
|upkeep
|turn|50
|
|t:|1666519615
|move|p1a: Blissey|Soft-Boiled|p1a: Blissey
|-heal|p1a: Blissey|100/100 par
|cant|p2a: Ferrothorn|par
|
|upkeep
|turn|51
|
|t:|1666519619
|move|p2a: Ferrothorn|Leech Seed|p1a: Blissey
|-start|p1a: Blissey|move: Leech Seed
|move|p1a: Blissey|Teleport|p1a: Blissey
|
|t:|1666519631
|-curestatus|p1a: Blissey|par|[from] ability: Natural Cure
|switch|p1a: Corviknight|Corviknight, F|100/100|[from]move: Teleport
|
|upkeep
|turn|52
|
|t:|1666519636
|move|p1a: Corviknight|Defog|p2a: Ferrothorn
|-unboost|p2a: Ferrothorn|evasion|1
|-sideend|p1: x19990908|Spikes|[from] move: Defog|[of] p1a: Corviknight
|cant|p2a: Ferrothorn|par
|
|upkeep
|turn|53
|
|t:|1666519646
|switch|p1a: Blissey|Blissey, F|100/100
|move|p2a: Ferrothorn|Leech Seed|p1a: Blissey|[miss]
|-miss|p2a: Ferrothorn|p1a: Blissey
|
|upkeep
|turn|54
|
|t:|1666519651
|move|p2a: Ferrothorn|Spikes|p1a: Blissey
|-sidestart|p1: x19990908|Spikes
|move|p1a: Blissey|Teleport|p1a: Blissey
|
|t:|1666519658
|switch|p1a: Corviknight|Corviknight, F|100/100|[from]move: Teleport
|
|upkeep
|turn|55
|l| Phan009
|
|t:|1666519663
|switch|p2a: Garchomp|Garchomp, F|22/100
|move|p1a: Corviknight|Defog|p2a: Garchomp
|-unboost|p2a: Garchomp|evasion|1
|-sideend|p1: x19990908|Spikes|[from] move: Defog|[of] p1a: Corviknight
|
|-heal|p2a: Garchomp|28/100|[from] item: Leftovers
|upkeep
|turn|56
|
|t:|1666519672
|switch|p2a: Ferrothorn|Ferrothorn, M|95/100 par
|move|p1a: Corviknight|U-turn|p2a: Ferrothorn
|-damage|p2a: Ferrothorn|87/100 par
|-damage|p1a: Corviknight|88/100|[from] ability: Iron Barbs|[of] p2a: Ferrothorn
|
|t:|1666519675
|switch|p1a: Nidoking|Nidoking, M|8/100|[from]move: U-turn
|
|upkeep
|turn|57
|
|t:|1666519681
|switch|p2a: Landorus|Landorus-Therian, M|13/100
|-ability|p2a: Landorus|Intimidate|boost
|-unboost|p1a: Nidoking|atk|1
|move|p1a: Nidoking|Flamethrower|p2a: Landorus
|-damage|p2a: Landorus|0 fnt
|faint|p2a: Landorus
|
|upkeep
|
|t:|1666519690
|switch|p2a: Garchomp|Garchomp, F|28/100
|turn|58
|
|t:|1666519695
|switch|p1a: Corviknight|Corviknight, F|88/100
|move|p2a: Garchomp|Earthquake|p1a: Corviknight
|-immune|p1a: Corviknight
|
|-heal|p2a: Garchomp|34/100|[from] item: Leftovers
|upkeep
|turn|59
|
|t:|1666519713
|switch|p2a: Tapu Koko|Tapu Koko|73/100
|-fieldstart|move: Electric Terrain|[from] ability: Electric Surge|[of] p2a: Tapu Koko
|move|p1a: Corviknight|U-turn|p2a: Tapu Koko
|-resisted|p2a: Tapu Koko
|-damage|p2a: Tapu Koko|64/100
|
|t:|1666519722
|switch|p1a: Blissey|Blissey, F|100/100|[from]move: U-turn
|
|upkeep
|turn|60
|
|t:|1666519727
|move|p2a: Tapu Koko|U-turn|p1a: Blissey
|-damage|p1a: Blissey|86/100
|
|t:|1666519729
|switch|p2a: Ferrothorn|Ferrothorn, M|87/100 par|[from]move: U-turn
|move|p1a: Blissey|Teleport|p1a: Blissey
|
|t:|1666519732
|switch|p1a: Nidoking|Nidoking, M|8/100|[from]move: Teleport
|
|upkeep
|turn|61
|
|t:|1666519741
|switch|p2a: Volcanion|Volcanion|56/100
|move|p1a: Nidoking|Flamethrower|p2a: Volcanion
|-resisted|p2a: Volcanion
|-damage|p2a: Volcanion|47/100
|
|upkeep
|turn|62
|
|t:|1666519751
|move|p1a: Nidoking|Earth Power|p2a: Volcanion
|-supereffective|p2a: Volcanion
|-damage|p2a: Volcanion|0 fnt
|faint|p2a: Volcanion
|
|upkeep
|
|t:|1666519756
|switch|p2a: Garchomp|Garchomp, F|34/100
|turn|63
|
|t:|1666519764
|switch|p1a: Corviknight|Corviknight, F|88/100
|move|p2a: Garchomp|Swords Dance|p2a: Garchomp
|-boost|p2a: Garchomp|atk|2
|
|-heal|p2a: Garchomp|40/100|[from] item: Leftovers
|-fieldend|move: Electric Terrain
|upkeep
|turn|64
|
|t:|1666519771
|move|p2a: Garchomp|Scale Shot|p1a: Corviknight
|-resisted|p1a: Corviknight
|-damage|p1a: Corviknight|80/100
|-resisted|p1a: Corviknight
|-damage|p1a: Corviknight|73/100
|-hitcount|p1a: Corviknight|2
|-unboost|p2a: Garchomp|def|1
|-boost|p2a: Garchomp|spe|1
|move|p1a: Corviknight|U-turn|p2a: Garchomp
|-damage|p2a: Garchomp|18/100
|-damage|p1a: Corviknight|60/100|[from] ability: Rough Skin|[of] p2a: Garchomp
|
|t:|1666519786
|switch|p1a: Urshifu|Urshifu-Rapid-Strike, F|24/100|[from]move: U-turn
|
|-heal|p2a: Garchomp|25/100|[from] item: Leftovers
|upkeep
|turn|65
|
|t:|1666519794
|switch|p1a: Landorus|Landorus-Therian, M|6/100
|-ability|p1a: Landorus|Intimidate|boost
|-unboost|p2a: Garchomp|atk|1
|move|p2a: Garchomp|Earthquake|p1a: Landorus
|-immune|p1a: Landorus
|
|-heal|p2a: Garchomp|31/100|[from] item: Leftovers
|upkeep
|turn|66
|
|t:|1666519802
|move|p2a: Garchomp|Scale Shot|p1a: Landorus
|-damage|p1a: Landorus|0 fnt
|faint|p1a: Landorus
|-hitcount|p1: Landorus|1
|-unboost|p2a: Garchomp|def|1
|-boost|p2a: Garchomp|spe|1
|
|-heal|p2a: Garchomp|37/100|[from] item: Leftovers
|upkeep
|
|t:|1666519806
|switch|p1a: Corviknight|Corviknight, F|60/100
|turn|67
|
|t:|1666519815
|switch|p2a: Tapu Koko|Tapu Koko|64/100
|-fieldstart|move: Electric Terrain|[from] ability: Electric Surge|[of] p2a: Tapu Koko
|move|p1a: Corviknight|Brave Bird|p2a: Tapu Koko
|-resisted|p2a: Tapu Koko
|-damage|p2a: Tapu Koko|40/100
|-damage|p1a: Corviknight|55/100|[from] Recoil
|
|upkeep
|turn|68
|
|t:|1666519823
|switch|p1a: Blissey|Blissey, F|86/100
|move|p2a: Tapu Koko|Roost|p2a: Tapu Koko
|-heal|p2a: Tapu Koko|91/100
|-singleturn|p2a: Tapu Koko|move: Roost
|
|upkeep
|turn|69
|
|t:|1666519833
|move|p2a: Tapu Koko|U-turn|p1a: Blissey
|-damage|p1a: Blissey|73/100
|
|t:|1666519835
|switch|p2a: Ferrothorn|Ferrothorn, M|87/100 par|[from]move: U-turn
|move|p1a: Blissey|Teleport|p1a: Blissey
|
|t:|1666519841
|switch|p1a: Nidoking|Nidoking, M|8/100|[from]move: Teleport
|
|upkeep
|turn|70
|
|t:|1666519850
|move|p1a: Nidoking|Flamethrower|p2a: Ferrothorn
|-supereffective|p2a: Ferrothorn
|-damage|p2a: Ferrothorn|0 fnt
|faint|p2a: Ferrothorn
|
|upkeep
|
|t:|1666519855
|switch|p2a: Garchomp|Garchomp, F|37/100
|turn|71
|
|t:|1666519857
|move|p2a: Garchomp|Earthquake|p1a: Nidoking
|-supereffective|p1a: Nidoking
|-damage|p1a: Nidoking|0 fnt
|faint|p1a: Nidoking
|
|-heal|p2a: Garchomp|43/100|[from] item: Leftovers
|-fieldend|move: Electric Terrain
|upkeep
|
|t:|1666519863
|switch|p1a: Tapu Lele|Tapu Lele|88/100
|-fieldstart|move: Psychic Terrain|[from] ability: Psychic Surge|[of] p1a: Tapu Lele
|turn|72
|
|t:|1666519892
|switch|p2a: Tapu Koko|Tapu Koko|91/100
|-fieldstart|move: Electric Terrain|[from] ability: Electric Surge|[of] p2a: Tapu Koko
|move|p1a: Tapu Lele|Moonblast|p2a: Tapu Koko
|-damage|p2a: Tapu Koko|6/100
|-unboost|p2a: Tapu Koko|spa|1
|
|upkeep
|turn|73
|
|t:|1666519899
|move|p1a: Tapu Lele|Moonblast|p2a: Tapu Koko
|-damage|p2a: Tapu Koko|0 fnt
|faint|p2a: Tapu Koko
|
|upkeep
|c|☆bizarman|gg
|
|t:|1666519904
|switch|p2a: Garchomp|Garchomp, F|43/100
|turn|74
|-message|bizarman forfeited.
|
|win|x19990908
|raw|x19990908's rating: 1738 &rarr; <strong>1760</strong><br />(+22 for winning)
|raw|bizarman's rating: 1769 &rarr; <strong>1747</strong><br />(-22 for losing)
|l|☆bizarman
|c|☆x19990908|gg
|l| Rem!x
