|j|☆george malone
|j|☆August is Falling
|t:|1664763195
|gametype|singles
|player|p1|george malone|265|1729
|player|p2|August is Falling|dawn-gen4pt|1880
|teamsize|p1|6
|teamsize|p2|6
|gen|8
|tier|[Gen 8] OU
|rated|
|rule|Sleep Clause Mod: Limit one foe put to sleep
|rule|Species Clause: Limit one of each Pokémon
|rule|OHKO Clause: OHKO moves are banned
|rule|Evasion Items Clause: Evasion items are banned
|rule|Evasion Moves Clause: Evasion moves are banned
|rule|Endless Battle Clause: Forcing endless battles is banned
|rule|HP Percentage Mod: HP is shown in percentages
|rule|Dynamax Clause: You cannot dynamax
|clearpoke
|poke|p1|Rillaboom, F|
|poke|p1|Tornadus-Therian, M|
|poke|p1|Clefable, M|
|poke|p1|Hippowdon, F|
|poke|p1|Rotom-Wash|
|poke|p1|Melmetal|
|poke|p2|Scizor, M|
|poke|p2|Rotom-Wash|
|poke|p2|Swampert, F|
|poke|p2|Dragapult, M|
|poke|p2|Hydreigon, M|
|poke|p2|Clefable, F|
|teampreview
|j| Necrofantasian❦
|inactive|Battle timer is ON: inactive players will automatically lose when time's up. (requested by george malone)
|
|t:|1664763208
|start
|switch|p1a: Tornadus|Tornadus-Therian, M|100/100
|switch|p2a: Swampert|Swampert, F, shiny|100/100
|turn|1
|
|t:|1664763214
|move|p1a: Tornadus|Knock Off|p2a: Swampert
|-damage|p2a: Swampert|87/100
|-enditem|p2a: Swampert|Leftovers|[from] move: Knock Off|[of] p1a: Tornadus
|move|p2a: Swampert|Toxic|p1a: Tornadus
|-status|p1a: Tornadus|tox
|
|-damage|p1a: Tornadus|94/100 tox|[from] psn
|upkeep
|turn|2
|
|t:|1664763217
|move|p1a: Tornadus|Hurricane|p2a: Swampert|[miss]
|-miss|p1a: Tornadus|p2a: Swampert
|move|p2a: Swampert|Stealth Rock|p1a: Tornadus
|-sidestart|p1: george malone|move: Stealth Rock
|
|-damage|p1a: Tornadus|82/100 tox|[from] psn
|upkeep
|turn|3
|
|t:|1664763221
|move|p1a: Tornadus|Defog|p2a: Swampert
|-unboost|p2a: Swampert|evasion|1
|-sideend|p1: george malone|Stealth Rock|[from] move: Defog|[of] p1a: Tornadus
|move|p2a: Swampert|Flip Turn|p1a: Tornadus
|-damage|p1a: Tornadus|58/100 tox
|
|t:|1664763223
|switch|p2a: Rotom|Rotom-Wash, shiny|100/100|[from]move: Flip Turn
|
|-damage|p1a: Tornadus|40/100 tox|[from] psn
|upkeep
|turn|4
|j| chillaccount95
|
|t:|1664763226
|move|p1a: Tornadus|U-turn|p2a: Rotom
|-damage|p2a: Rotom|89/100
|
|t:|1664763228
|switch|p1a: Rotom|Rotom-Wash|100/100|[from]move: U-turn
|move|p2a: Rotom|Volt Switch|p1a: Rotom
|-damage|p1a: Rotom|76/100
|
|t:|1664763230
|switch|p2a: Swampert|Swampert, F, shiny|87/100|[from]move: Volt Switch
|
|-heal|p1a: Rotom|82/100|[from] item: Leftovers
|upkeep
|turn|5
|
|t:|1664763234
|switch|p1a: Clefable|Clefable, M|100/100
|move|p2a: Swampert|Stealth Rock|p1a: Clefable
|-sidestart|p1: george malone|move: Stealth Rock
|
|upkeep
|turn|6
|
|t:|1664763237
|move|p1a: Clefable|Aromatherapy|p1a: Clefable
|-activate|p1a: Clefable|move: Aromatherapy
|-curestatus|p1: Tornadus|tox|[msg]
|move|p2a: Swampert|Flip Turn|p1a: Clefable
|-damage|p1a: Clefable|82/100
|
|t:|1664763243
|switch|p2a: Scizor|Scizor, M|100/100|[from]move: Flip Turn
|
|upkeep
|turn|7
|
|t:|1664763248
|move|p2a: Scizor|Bullet Punch|p1a: Clefable
|-supereffective|p1a: Clefable
|-damage|p1a: Clefable|41/100
|move|p1a: Clefable|Thunder Wave|p2a: Scizor
|-status|p2a: Scizor|par
|
|upkeep
|turn|8
|j| Sunday surfer
|
|t:|1664763254
|switch|p1a: Rotom|Rotom-Wash|82/100
|-damage|p1a: Rotom|70/100|[from] Stealth Rock
|cant|p2a: Scizor|par
|
|-heal|p1a: Rotom|76/100|[from] item: Leftovers
|upkeep
|turn|9
|
|t:|1664763260
|move|p1a: Rotom|Pain Split|p2a: Scizor
|-sethp|p2a: Scizor|84/100 par|[from] move: Pain Split|[silent]
|-sethp|p1a: Rotom|95/100|[from] move: Pain Split
|move|p2a: Scizor|U-turn|p1a: Rotom
|-damage|p1a: Rotom|65/100
|
|t:|1664763265
|switch|p2a: Swampert|Swampert, F, shiny|87/100|[from]move: U-turn
|
|-heal|p1a: Rotom|71/100|[from] item: Leftovers
|-damage|p2a: Swampert|75/100|[from] item: Sticky Barb
|upkeep
|turn|10
|
|t:|1664763272
|move|p1a: Rotom|Hydro Pump|p2a: Swampert
|-damage|p2a: Swampert|37/100
|move|p2a: Swampert|Flip Turn|p1a: Rotom
|-resisted|p1a: Rotom
|-damage|p1a: Rotom|60/100
|
|t:|1664763277
|switch|p2a: Dragapult|Dragapult, M, shiny|100/100|[from]move: Flip Turn
|
|-heal|p1a: Rotom|66/100|[from] item: Leftovers
|upkeep
|turn|11
|
|t:|1664763285
|move|p2a: Dragapult|Dragon Darts|p1a: Rotom
|-damage|p1a: Rotom|41/100
|-anim|p2a: Dragapult|Dragon Darts|p1a: Rotom
|-damage|p1a: Rotom|13/100
|move|p1a: Rotom|Pain Split|p2a: Dragapult
|-sethp|p2a: Dragapult|56/100|[from] move: Pain Split|[silent]
|-sethp|p1a: Rotom|59/100|[from] move: Pain Split
|
|-heal|p1a: Rotom|65/100|[from] item: Leftovers
|upkeep
|turn|12
|
|t:|1664763294
|move|p2a: Dragapult|Dragon Darts|p1a: Rotom
|-damage|p1a: Rotom|38/100
|-anim|p2a: Dragapult|Dragon Darts|p1a: Rotom
|-damage|p1a: Rotom|14/100
|move|p1a: Rotom|Volt Switch|p2a: Dragapult
|-resisted|p2a: Dragapult
|-damage|p2a: Dragapult|38/100
|
|t:|1664763306
|switch|p1a: Clefable|Clefable, M|41/100|[from]move: Volt Switch
|
|upkeep
|turn|13
|
|t:|1664763309
|move|p2a: Dragapult|Steel Wing|p1a: Clefable
|-supereffective|p1a: Clefable
|-damage|p1a: Clefable|7/100
|move|p1a: Clefable|Soft-Boiled|p1a: Clefable
|-heal|p1a: Clefable|57/100
|
|upkeep
|turn|14
|j| Aes Dragon
|
|t:|1664763318
|move|p2a: Dragapult|U-turn|p1a: Clefable
|-resisted|p1a: Clefable
|-damage|p1a: Clefable|48/100
|
|t:|1664763319
|switch|p2a: Scizor|Scizor, M|84/100 par|[from]move: U-turn
|move|p1a: Clefable|Soft-Boiled|p1a: Clefable
|-heal|p1a: Clefable|98/100
|
|-heal|p2a: Scizor|90/100 par|[from] item: Leftovers
|upkeep
|turn|15
|
|t:|1664763328
|switch|p1a: Tornadus|Tornadus-Therian, M|73/100
|move|p2a: Scizor|Swords Dance|p2a: Scizor
|-boost|p2a: Scizor|atk|2
|
|-heal|p2a: Scizor|96/100 par|[from] item: Leftovers
|upkeep
|turn|16
|
|t:|1664763332
|move|p2a: Scizor|Bullet Punch|p1a: Tornadus
|-damage|p1a: Tornadus|23/100
|move|p1a: Tornadus|Defog|p2a: Scizor
|-unboost|p2a: Scizor|evasion|1
|-sideend|p1: george malone|Stealth Rock|[from] move: Defog|[of] p1a: Tornadus
|
|-heal|p2a: Scizor|100/100 par|[from] item: Leftovers
|upkeep
|turn|17
|j| Kwaga
|
|t:|1664763343
|switch|p1a: Melmetal|Melmetal|100/100
|cant|p2a: Scizor|par
|
|upkeep
|turn|18
|
|t:|1664763346
|move|p1a: Melmetal|Double Iron Bash|p2a: Scizor
|-resisted|p2a: Scizor
|-damage|p2a: Scizor|85/100 par
|-resisted|p2a: Scizor
|-damage|p2a: Scizor|70/100 par
|-hitcount|p2a: Scizor|2
|cant|p2a: Scizor|flinch
|
|-heal|p2a: Scizor|76/100 par|[from] item: Leftovers
|upkeep
|turn|19
|
|t:|1664763350
|switch|p2a: Rotom|Rotom-Wash, shiny|89/100
|move|p1a: Melmetal|Double Iron Bash|p2a: Rotom
|-resisted|p2a: Rotom
|-damage|p2a: Rotom|80/100
|-resisted|p2a: Rotom
|-damage|p2a: Rotom|70/100
|-hitcount|p2a: Rotom|2
|
|-heal|p2a: Rotom|76/100|[from] item: Leftovers
|upkeep
|turn|20
|
|t:|1664763357
|move|p1a: Melmetal|Protect|p1a: Melmetal
|-singleturn|p1a: Melmetal|Protect
|move|p2a: Rotom|Volt Switch|p1a: Melmetal
|-activate|p1a: Melmetal|move: Protect
|
|-heal|p2a: Rotom|83/100|[from] item: Leftovers
|upkeep
|turn|21
|
|t:|1664763363
|move|p2a: Rotom|Will-O-Wisp|p1a: Melmetal
|-status|p1a: Melmetal|brn
|move|p1a: Melmetal|Toxic|p2a: Rotom
|-status|p2a: Rotom|tox
|
|-heal|p2a: Rotom|89/100 tox|[from] item: Leftovers
|-damage|p2a: Rotom|83/100 tox|[from] psn
|-damage|p1a: Melmetal|94/100 brn|[from] brn
|upkeep
|turn|22
|
|t:|1664763370
|switch|p2a: Scizor|Scizor, M|76/100 par
|switch|p1a: Clefable|Clefable, M|98/100
|
|-heal|p2a: Scizor|82/100 par|[from] item: Leftovers
|upkeep
|turn|23
|
|t:|1664763374
|cant|p2a: Scizor|par
|move|p1a: Clefable|Aromatherapy|p1a: Clefable
|-activate|p1a: Clefable|move: Aromatherapy
|-curestatus|p1: Melmetal|brn|[msg]
|
|-heal|p2a: Scizor|88/100 par|[from] item: Leftovers
|upkeep
|turn|24
|
|t:|1664763378
|switch|p1a: Tornadus|Tornadus-Therian, M|56/100
|cant|p2a: Scizor|par
|
|-heal|p2a: Scizor|94/100 par|[from] item: Leftovers
|upkeep
|turn|25
|
|t:|1664763384
|switch|p2a: Rotom|Rotom-Wash, shiny|83/100 tox
|move|p1a: Tornadus|Hurricane|p2a: Rotom|[miss]
|-miss|p1a: Tornadus|p2a: Rotom
|
|-heal|p2a: Rotom|89/100 tox|[from] item: Leftovers
|-damage|p2a: Rotom|83/100 tox|[from] psn
|upkeep
|turn|26
|
|t:|1664763388
|move|p1a: Tornadus|U-turn|p2a: Rotom
|-damage|p2a: Rotom|70/100 tox
|
|t:|1664763391
|switch|p1a: Hippowdon|Hippowdon, F|100/100|[from]move: U-turn
|-weather|Sandstorm|[from] ability: Sand Stream|[of] p1a: Hippowdon
|move|p2a: Rotom|Volt Switch|p1a: Hippowdon
|-immune|p1a: Hippowdon
|
|-weather|Sandstorm|[upkeep]
|-damage|p2a: Rotom|64/100 tox|[from] Sandstorm
|-heal|p2a: Rotom|70/100 tox|[from] item: Leftovers
|-damage|p2a: Rotom|58/100 tox|[from] psn
|upkeep
|turn|27
|
|t:|1664763395
|move|p2a: Rotom|Hydro Pump|p1a: Hippowdon
|-supereffective|p1a: Hippowdon
|-damage|p1a: Hippowdon|44/100
|move|p1a: Hippowdon|Stealth Rock|p2a: Rotom
|-sidestart|p2: August is Falling|move: Stealth Rock
|
|-weather|Sandstorm|[upkeep]
|-damage|p2a: Rotom|51/100 tox|[from] Sandstorm
|-heal|p2a: Rotom|58/100 tox|[from] item: Leftovers
|-heal|p1a: Hippowdon|50/100|[from] item: Leftovers
|-damage|p2a: Rotom|39/100 tox|[from] psn
|upkeep
|turn|28
|j| dungiman
|
|t:|1664763401
|move|p2a: Rotom|Volt Switch|p1a: Hippowdon
|-immune|p1a: Hippowdon
|move|p1a: Hippowdon|Slack Off|p1a: Hippowdon
|-heal|p1a: Hippowdon|100/100
|
|-weather|Sandstorm|[upkeep]
|-damage|p2a: Rotom|33/100 tox|[from] Sandstorm
|-heal|p2a: Rotom|39/100 tox|[from] item: Leftovers
|-damage|p2a: Rotom|14/100 tox|[from] psn
|upkeep
|turn|29
|
|t:|1664763404
|switch|p1a: Rotom|Rotom-Wash|14/100
|move|p2a: Rotom|Pain Split|p1a: Rotom
|-sethp|p1a: Rotom|14/100|[from] move: Pain Split|[silent]
|-sethp|p2a: Rotom|14/100 tox|[from] move: Pain Split
|
|-weather|Sandstorm|[upkeep]
|-damage|p1a: Rotom|8/100|[from] Sandstorm
|-damage|p2a: Rotom|7/100 tox|[from] Sandstorm
|-heal|p1a: Rotom|14/100|[from] item: Leftovers
|-heal|p2a: Rotom|14/100 tox|[from] item: Leftovers
|-damage|p2a: Rotom|0 fnt|[from] psn
|faint|p2a: Rotom
|upkeep
|
|t:|1664763407
|switch|p2a: Swampert|Swampert, F, shiny|37/100
|-damage|p2a: Swampert|31/100|[from] Stealth Rock
|turn|30
|
|t:|1664763411
|move|p1a: Rotom|Hydro Pump|p2a: Swampert
|-damage|p2a: Swampert|0 fnt
|faint|p2a: Swampert
|
|-weather|none
|-heal|p1a: Rotom|20/100|[from] item: Leftovers
|upkeep
|-message|August is Falling forfeited.
|
|win|george malone
|raw|george malone's rating: 1729 &rarr; <strong>1757</strong><br />(+28 for winning)
|raw|August is Falling's rating: 1880 &rarr; <strong>1852</strong><br />(-28 for losing)
|l|☆August is Falling
