|j|☆samohi0
|j|☆minimax_ai
|t:|1662594545
|gametype|singles
|player|p1|samohi0|102|1678
|player|p2|minimax_ai|lusamine-nihilego|1582
|teamsize|p1|6
|teamsize|p2|6
|gen|8
|tier|[Gen 8] OU
|rated|
|rule|Sleep Clause Mod: Limit one foe put to sleep
|rule|Species Clause: Limit one of each Pokémon
|rule|OHKO Clause: OHKO moves are banned
|rule|Evasion Items Clause: Evasion items are banned
|rule|Evasion Moves Clause: Evasion moves are banned
|rule|Endless Battle Clause: Forcing endless battles is banned
|rule|HP Percentage Mod: HP is shown in percentages
|rule|Dynamax Clause: You cannot dynamax
|clearpoke
|poke|p1|Nidoking, M|
|poke|p1|Urshifu-*, M|
|poke|p1|Tornadus-Therian, M|
|poke|p1|Landorus-Therian, M|
|poke|p1|Slowbro, M|
|poke|p1|Heatran, M|
|poke|p2|Rotom-Wash|
|poke|p2|Weavile, M|
|poke|p2|Landorus-Therian, M|
|poke|p2|Heatran, M|
|poke|p2|Tangrowth, M|
|poke|p2|Melmetal|
|teampreview
|c|☆minimax_ai|hf
|inactive|Battle timer is ON: inactive players will automatically lose when time's up. (requested by minimax_ai)
|
|t:|1662594548
|start
|switch|p1a: Nidoking|Nidoking, M|100/100
|switch|p2a: rotomwash|Rotom-Wash|100/100
|turn|1
|
|t:|1662594551
|switch|p1a: Tornadus|Tornadus-Therian, M|100/100
|move|p2a: rotomwash|Hydro Pump|p1a: Tornadus
|-damage|p1a: Tornadus|72/100
|
|upkeep
|turn|2
|
|t:|1662594557
|move|p1a: Tornadus|Knock Off|p2a: rotomwash
|-damage|p2a: rotomwash|78/100
|-enditem|p2a: rotomwash|Leftovers|[from] move: Knock Off|[of] p1a: Tornadus
|move|p2a: rotomwash|Hydro Pump|p1a: Tornadus|[miss]
|-miss|p2a: rotomwash|p1a: Tornadus
|
|upkeep
|turn|3
|
|t:|1662594563
|move|p1a: Tornadus|Hurricane|p2a: rotomwash|[miss]
|-miss|p1a: Tornadus|p2a: rotomwash
|move|p2a: rotomwash|Pain Split|p1a: Tornadus
|-sethp|p1a: Tornadus|69/100|[from] move: Pain Split|[silent]
|-sethp|p2a: rotomwash|82/100|[from] move: Pain Split
|
|upkeep
|turn|4
|
|t:|1662594566
|move|p1a: Tornadus|Hurricane|p2a: rotomwash|[miss]
|-miss|p1a: Tornadus|p2a: rotomwash
|move|p2a: rotomwash|Pain Split|p1a: Tornadus
|-sethp|p1a: Tornadus|69/100|[from] move: Pain Split|[silent]
|-sethp|p2a: rotomwash|82/100|[from] move: Pain Split
|
|upkeep
|turn|5
|
|t:|1662594570
|move|p1a: Tornadus|Hurricane|p2a: rotomwash|[miss]
|-miss|p1a: Tornadus|p2a: rotomwash
|move|p2a: rotomwash|Pain Split|p1a: Tornadus
|-sethp|p1a: Tornadus|69/100|[from] move: Pain Split|[silent]
|-sethp|p2a: rotomwash|82/100|[from] move: Pain Split
|
|upkeep
|turn|6
|
|t:|1662594572
|move|p1a: Tornadus|Hurricane|p2a: rotomwash
|-resisted|p2a: rotomwash
|-damage|p2a: rotomwash|59/100
|-start|p2a: rotomwash|confusion
|-activate|p2a: rotomwash|confusion
|move|p2a: rotomwash|Pain Split|p1a: Tornadus
|-sethp|p1a: Tornadus|60/100|[from] move: Pain Split|[silent]
|-sethp|p2a: rotomwash|71/100|[from] move: Pain Split
|
|upkeep
|turn|7
|
|t:|1662594578
|move|p1a: Tornadus|U-turn|p2a: rotomwash
|-damage|p2a: rotomwash|56/100
|
|t:|1662594580
|switch|p1a: Nidoking|Nidoking, M|100/100|[from]move: U-turn
|-activate|p2a: rotomwash|confusion
|move|p2a: rotomwash|Pain Split|p1a: Nidoking
|-sethp|p1a: Nidoking|78/100|[from] move: Pain Split|[silent]
|-sethp|p2a: rotomwash|78/100|[from] move: Pain Split
|
|upkeep
|turn|8
|
|t:|1662594582
|move|p1a: Nidoking|Sludge Wave|p2a: rotomwash
|-damage|p2a: rotomwash|12/100
|-activate|p2a: rotomwash|confusion
|-damage|p2a: rotomwash|6/100|[from] confusion
|
|upkeep
|turn|9
|
|t:|1662594587
|switch|p2a: Heatran|Heatran, M|100/100
|-item|p2a: Heatran|Air Balloon
|move|p1a: Nidoking|Ice Beam|p2a: Heatran
|-resisted|p2a: Heatran
|-damage|p2a: Heatran|91/100
|-enditem|p2a: Heatran|Air Balloon
|
|upkeep
|turn|10
|
|t:|1662594589
|switch|p2a: rotomwash|Rotom-Wash|6/100
|move|p1a: Nidoking|Earth Power|p2a: rotomwash
|-immune|p2a: rotomwash|[from] ability: Levitate
|
|upkeep
|turn|11
|
|t:|1662594591
|move|p1a: Nidoking|Ice Beam|p2a: rotomwash
|-resisted|p2a: rotomwash
|-damage|p2a: rotomwash|0 fnt
|faint|p2a: rotomwash
|
|upkeep
|
|t:|1662594592
|switch|p2a: Weavile|Weavile, M|100/100
|-ability|p2a: Weavile|Pressure
|turn|12
|
|t:|1662594595
|switch|p1a: Urshifu|Urshifu-Rapid-Strike, M|100/100
|move|p2a: Weavile|Knock Off|p1a: Urshifu
|-resisted|p1a: Urshifu
|-damage|p1a: Urshifu|64/100
|-enditem|p1a: Urshifu|Choice Band|[from] move: Knock Off|[of] p2a: Weavile
|
|upkeep
|turn|13
|
|t:|1662594598
|switch|p2a: Tangrowth|Tangrowth, M|100/100
|move|p1a: Urshifu|U-turn|p2a: Tangrowth
|-supereffective|p2a: Tangrowth
|-damage|p2a: Tangrowth|77/100
|-damage|p1a: Urshifu|47/100|[from] item: Rocky Helmet|[of] p2a: Tangrowth
|
|t:|1662594601
|switch|p1a: Nidoking|Nidoking, M|78/100|[from]move: U-turn
|
|upkeep
|turn|14
|
|t:|1662594602
|switch|p2a: landorustherian|Landorus-Therian, M|100/100
|-ability|p2a: landorustherian|Intimidate|boost
|-unboost|p1a: Nidoking|atk|1
|move|p1a: Nidoking|Sludge Wave|p2a: landorustherian
|-resisted|p2a: landorustherian
|-damage|p2a: landorustherian|76/100
|
|-heal|p2a: landorustherian|82/100|[from] item: Leftovers
|upkeep
|turn|15
|
|t:|1662594605
|move|p1a: Nidoking|Ice Beam|p2a: landorustherian
|-supereffective|p2a: landorustherian
|-damage|p2a: landorustherian|0 fnt
|faint|p2a: landorustherian
|
|upkeep
|
|t:|1662594605
|switch|p2a: Weavile|Weavile, M|100/100
|-ability|p2a: Weavile|Pressure
|turn|16
|
|t:|1662594609
|switch|p1a: Urshifu|Urshifu-Rapid-Strike, M|47/100
|move|p2a: Weavile|Knock Off|p1a: Urshifu
|-resisted|p1a: Urshifu
|-damage|p1a: Urshifu|23/100
|
|upkeep
|turn|17
|
|t:|1662594611
|move|p1a: Urshifu|Aqua Jet|p2a: Weavile
|-damage|p2a: Weavile|62/100
|move|p2a: Weavile|Knock Off|p1a: Urshifu
|-resisted|p1a: Urshifu
|-damage|p1a: Urshifu|0 fnt
|faint|p1a: Urshifu
|
|upkeep
|
|t:|1662594618
|switch|p1a: Landorus|Landorus-Therian, M|100/100
|-ability|p1a: Landorus|Intimidate|boost
|-unboost|p2a: Weavile|atk|1
|turn|18
|
|t:|1662594620
|switch|p2a: Tangrowth|Tangrowth, M|100/100
|move|p1a: Landorus|U-turn|p2a: Tangrowth
|-supereffective|p2a: Tangrowth
|-damage|p2a: Tangrowth|78/100
|-damage|p1a: Landorus|84/100|[from] item: Rocky Helmet|[of] p2a: Tangrowth
|j| Ctannn
|
|t:|1662594621
|switch|p1a: Nidoking|Nidoking, M|78/100|[from]move: U-turn
|
|upkeep
|turn|19
|j| Sunday surfer
|
|t:|1662594624
|switch|p2a: Weavile|Weavile, M|62/100
|-ability|p2a: Weavile|Pressure
|move|p1a: Nidoking|Sludge Wave|p2a: Weavile
|-damage|p2a: Weavile|0 fnt
|faint|p2a: Weavile
|
|upkeep
|
|t:|1662594624
|switch|p2a: Melmetal|Melmetal|100/100
|turn|20
|l| Ctannn
|
|t:|1662594631
|switch|p1a: Slowbro|Slowbro, M|100/100
|move|p2a: Melmetal|Ice Punch|p1a: Slowbro
|-resisted|p1a: Slowbro
|-damage|p1a: Slowbro|91/100
|-damage|p2a: Melmetal|84/100|[from] item: Rocky Helmet|[of] p1a: Slowbro
|
|upkeep
|turn|21
|
|t:|1662594633
|move|p2a: Melmetal|Thunder Punch|p1a: Slowbro
|-supereffective|p1a: Slowbro
|-damage|p1a: Slowbro|52/100
|-damage|p2a: Melmetal|67/100|[from] item: Rocky Helmet|[of] p1a: Slowbro
|move|p1a: Slowbro|Future Sight|p2a: Melmetal
|-start|p1a: Slowbro|move: Future Sight
|
|upkeep
|turn|22
|
|t:|1662594636
|move|p2a: Melmetal|Double Iron Bash|p1a: Slowbro
|-resisted|p1a: Slowbro
|-damage|p1a: Slowbro|41/100
|-damage|p2a: Melmetal|51/100|[from] item: Rocky Helmet|[of] p1a: Slowbro
|-resisted|p1a: Slowbro
|-damage|p1a: Slowbro|28/100
|-damage|p2a: Melmetal|34/100|[from] item: Rocky Helmet|[of] p1a: Slowbro
|-hitcount|p1a: Slowbro|2
|move|p1a: Slowbro|Teleport|p1a: Slowbro
|
|t:|1662594641
|switch|p1a: Nidoking|Nidoking, M|78/100|[from]move: Teleport
|
|upkeep
|turn|23
|
|t:|1662594642
|move|p1a: Nidoking|Earth Power|p2a: Melmetal
|-supereffective|p2a: Melmetal
|-damage|p2a: Melmetal|0 fnt
|faint|p2a: Melmetal
|
|-hint|Future Sight did not hit because the target is fainted.
|upkeep
|
|t:|1662594642
|switch|p2a: Tangrowth|Tangrowth, M|100/100
|turn|24
|
|t:|1662594645
|switch|p2a: Heatran|Heatran, M|91/100
|move|p1a: Nidoking|Sludge Wave|p2a: Heatran
|-immune|p2a: Heatran
|
|upkeep
|turn|25
|c|☆samohi0|game changing prediction
|
|t:|1662594673
|move|p1a: Nidoking|Earth Power|p2a: Heatran
|-supereffective|p2a: Heatran
|-damage|p2a: Heatran|0 fnt
|faint|p2a: Heatran
|
|upkeep
|
|t:|1662594673
|switch|p2a: Tangrowth|Tangrowth, M|100/100
|turn|26
|
|t:|1662594677
|move|p1a: Nidoking|Sludge Wave|p2a: Tangrowth
|-supereffective|p2a: Tangrowth
|-damage|p2a: Tangrowth|0 fnt
|faint|p2a: Tangrowth
|
|win|samohi0
|raw|samohi0's rating: 1678 &rarr; <strong>1693</strong><br />(+15 for winning)
|raw|minimax_ai's rating: 1582 &rarr; <strong>1567</strong><br />(-15 for losing)
|c|☆minimax_ai|gg
