|j|☆minimax_ai
|j|☆GGeorgie◕‿◕
|t:|1661370621
|gametype|singles
|player|p1|minimax_ai|lusamine-nihilego|1554
|player|p2|GGeorgie◕‿◕|hiker-gen2|1545
|teamsize|p1|6
|teamsize|p2|6
|gen|8
|tier|[Gen 8] OU
|rated|
|rule|Sleep Clause Mod: Limit one foe put to sleep
|rule|Species Clause: Limit one of each Pokémon
|rule|OHKO Clause: OHKO moves are banned
|rule|Evasion Items Clause: Evasion items are banned
|rule|Evasion Moves Clause: Evasion moves are banned
|rule|Endless Battle Clause: Forcing endless battles is banned
|rule|HP Percentage Mod: HP is shown in percentages
|rule|Dynamax Clause: You cannot dynamax
|clearpoke
|poke|p1|Rotom-Wash|
|poke|p1|Weavile, M|
|poke|p1|Landorus-Therian, M|
|poke|p1|Heatran, M|
|poke|p1|Tangrowth, M|
|poke|p1|Melmetal|
|poke|p2|Zapdos|
|poke|p2|Tyranitar, M|
|poke|p2|Landorus-Therian, M|
|poke|p2|Excadrill, F|
|poke|p2|Clefable, M|
|poke|p2|Ferrothorn, F|
|teampreview
|c|☆minimax_ai|hf
|inactive|Battle timer is ON: inactive players will automatically lose when time's up. (requested by minimax_ai)
|
|t:|1661370627
|start
|switch|p1a: landorustherian|Landorus-Therian, M|100/100
|switch|p2a: Landorus|Landorus-Therian, M|100/100
|-ability|p2a: Landorus|Intimidate|boost
|-unboost|p1a: landorustherian|atk|1
|-ability|p1a: landorustherian|Intimidate|boost
|-unboost|p2a: Landorus|atk|1
|turn|1
|c|☆GGeorgie◕‿◕|hf
|
|t:|1661370631
|switch|p1a: Melmetal|Melmetal|100/100
|move|p2a: Landorus|U-turn|p1a: Melmetal
|-resisted|p1a: Melmetal
|-damage|p1a: Melmetal|96/100
|
|t:|1661370634
|switch|p2a: Zapdos|Zapdos|100/100|[from]move: U-turn
|
|upkeep
|turn|2
|
|t:|1661370637
|switch|p1a: landorustherian|Landorus-Therian, M|100/100
|-ability|p1a: landorustherian|Intimidate|boost
|-unboost|p2a: Zapdos|atk|1
|move|p2a: Zapdos|Heat Wave|p1a: landorustherian
|-crit|p1a: landorustherian
|-damage|p1a: landorustherian|49/100
|
|-heal|p1a: landorustherian|55/100|[from] item: Leftovers
|upkeep
|turn|3
|
|t:|1661370641
|move|p2a: Zapdos|Heat Wave|p1a: landorustherian|[miss]
|-miss|p2a: Zapdos|p1a: landorustherian
|move|p1a: landorustherian|Earthquake|p2a: Zapdos
|-immune|p2a: Zapdos
|
|-heal|p1a: landorustherian|61/100|[from] item: Leftovers
|upkeep
|turn|4
|
|t:|1661370645
|move|p2a: Zapdos|Heat Wave|p1a: landorustherian
|-damage|p1a: landorustherian|23/100
|move|p1a: landorustherian|Earthquake|p2a: Zapdos
|-immune|p2a: Zapdos
|
|-heal|p1a: landorustherian|29/100|[from] item: Leftovers
|upkeep
|turn|5
|
|t:|1661370649
|switch|p2a: Tyranitar|Tyranitar, M, shiny|100/100
|-weather|Sandstorm|[from] ability: Sand Stream|[of] p2a: Tyranitar
|switch|p1a: Heatran|Heatran, M|100/100
|-item|p1a: Heatran|Air Balloon
|
|-weather|Sandstorm|[upkeep]
|upkeep
|turn|6
|
|t:|1661370653
|switch|p1a: Tangrowth|Tangrowth, M|100/100
|move|p2a: Tyranitar|Stone Edge|p1a: Tangrowth
|-crit|p1a: Tangrowth
|-damage|p1a: Tangrowth|53/100
|
|-weather|Sandstorm|[upkeep]
|-damage|p1a: Tangrowth|47/100|[from] Sandstorm
|upkeep
|turn|7
|
|t:|1661370659
|switch|p2a: Clefable|Clefable, M|100/100
|move|p1a: Tangrowth|Giga Drain|p2a: Clefable
|-damage|p2a: Clefable|75/100
|-heal|p1a: Tangrowth|60/100|[from] drain|[of] p2a: Clefable
|
|-weather|Sandstorm|[upkeep]
|-damage|p1a: Tangrowth|54/100|[from] Sandstorm
|upkeep
|turn|8
|
|t:|1661370667
|switch|p1a: Heatran|Heatran, M|100/100
|-item|p1a: Heatran|Air Balloon
|move|p2a: Clefable|Thunder|p1a: Heatran|[miss]
|-miss|p2a: Clefable|p1a: Heatran
|
|-weather|Sandstorm|[upkeep]
|upkeep
|turn|9
|
|t:|1661370674
|switch|p2a: Tyranitar|Tyranitar, M, shiny|100/100
|move|p1a: Heatran|Stealth Rock|p2a: Tyranitar
|-sidestart|p2: GGeorgie◕‿◕|move: Stealth Rock
|
|-weather|none
|upkeep
|turn|10
|
|t:|1661370676
|move|p1a: Heatran|Magma Storm|p2a: Tyranitar
|-resisted|p2a: Tyranitar
|-damage|p2a: Tyranitar|77/100
|-activate|p2a: Tyranitar|move: Magma Storm|[of] p1a: Heatran
|move|p2a: Tyranitar|Stone Edge|p1a: Heatran
|-damage|p1a: Heatran|40/100
|-enditem|p1a: Heatran|Air Balloon
|
|-damage|p2a: Tyranitar|64/100|[from] move: Magma Storm|[partiallytrapped]
|upkeep
|turn|11
|
|t:|1661370680
|switch|p1a: Tangrowth|Tangrowth, M|87/100
|move|p2a: Tyranitar|Stone Edge|p1a: Tangrowth
|-damage|p1a: Tangrowth|54/100
|
|-end|p2a: Tyranitar|Magma Storm|[partiallytrapped]|[silent]
|upkeep
|turn|12
|
|t:|1661370685
|switch|p2a: Clefable|Clefable, M|75/100
|move|p1a: Tangrowth|Focus Blast|p2a: Clefable
|-resisted|p2a: Clefable
|-damage|p2a: Clefable|61/100
|
|upkeep
|turn|13
|
|t:|1661370689
|switch|p1a: Melmetal|Melmetal|96/100
|move|p2a: Clefable|Thunder|p1a: Melmetal|[miss]
|-miss|p2a: Clefable|p1a: Melmetal
|
|upkeep
|turn|14
|
|t:|1661370692
|switch|p2a: Ferrothorn|Ferrothorn, F, shiny|100/100
|-damage|p2a: Ferrothorn|94/100|[from] Stealth Rock
|move|p1a: Melmetal|Ice Punch|p2a: Ferrothorn
|-damage|p2a: Ferrothorn|73/100
|-damage|p1a: Melmetal|83/100|[from] ability: Iron Barbs|[of] p2a: Ferrothorn
|-damage|p1a: Melmetal|67/100|[from] item: Rocky Helmet|[of] p2a: Ferrothorn
|
|upkeep
|turn|15
|
|t:|1661370696
|switch|p1a: Tangrowth|Tangrowth, M|87/100
|move|p2a: Ferrothorn|Spikes|p1a: Tangrowth
|-sidestart|p1: minimax_ai|Spikes
|
|upkeep
|turn|16
|
|t:|1661370698
|switch|p2a: Clefable|Clefable, M|61/100
|move|p1a: Tangrowth|Focus Blast|p2a: Clefable
|-resisted|p2a: Clefable
|-damage|p2a: Clefable|48/100
|
|upkeep
|turn|17
|
|t:|1661370701
|move|p2a: Clefable|Soft-Boiled|p2a: Clefable
|-heal|p2a: Clefable|98/100
|move|p1a: Tangrowth|Sleep Powder|p2a: Clefable
|-status|p2a: Clefable|slp|[from] move: Sleep Powder
|
|upkeep
|turn|18
|
|t:|1661370704
|cant|p2a: Clefable|slp
|move|p1a: Tangrowth|Knock Off|p2a: Clefable
|-resisted|p2a: Clefable
|-damage|p2a: Clefable|89/100 slp
|-enditem|p2a: Clefable|Life Orb|[from] move: Knock Off|[of] p1a: Tangrowth
|
|upkeep
|turn|19
|
|t:|1661370706
|cant|p2a: Clefable|slp
|move|p1a: Tangrowth|Knock Off|p2a: Clefable
|-resisted|p2a: Clefable
|-damage|p2a: Clefable|83/100 slp
|
|upkeep
|turn|20
|
|t:|1661370709
|cant|p2a: Clefable|slp
|move|p1a: Tangrowth|Knock Off|p2a: Clefable
|-resisted|p2a: Clefable
|-damage|p2a: Clefable|77/100 slp
|
|upkeep
|turn|21
|
|t:|1661370710
|-curestatus|p2a: Clefable|slp|[msg]
|move|p2a: Clefable|Moonblast|p1a: Tangrowth
|-damage|p1a: Tangrowth|39/100
|move|p1a: Tangrowth|Knock Off|p2a: Clefable
|-resisted|p2a: Clefable
|-damage|p2a: Clefable|71/100
|
|upkeep
|turn|22
|
|t:|1661370714
|switch|p1a: landorustherian|Landorus-Therian, M|29/100
|-ability|p1a: landorustherian|Intimidate|boost
|-unboost|p2a: Clefable|atk|1
|move|p2a: Clefable|Moonblast|p1a: landorustherian
|-damage|p1a: landorustherian|4/100
|-unboost|p1a: landorustherian|spa|1
|
|-heal|p1a: landorustherian|10/100|[from] item: Leftovers
|upkeep
|turn|23
|
|t:|1661370716
|move|p1a: landorustherian|Earthquake|p2a: Clefable
|-damage|p2a: Clefable|33/100
|move|p2a: Clefable|Moonblast|p1a: landorustherian
|-damage|p1a: landorustherian|0 fnt
|faint|p1a: landorustherian
|
|upkeep
|
|t:|1661370716
|switch|p1a: Heatran|Heatran, M|40/100
|-damage|p1a: Heatran|27/100|[from] Spikes
|turn|24
|
|t:|1661370723
|switch|p2a: Tyranitar|Tyranitar, M, shiny|64/100
|-damage|p2a: Tyranitar|52/100|[from] Stealth Rock
|-weather|Sandstorm|[from] ability: Sand Stream|[of] p2a: Tyranitar
|move|p1a: Heatran|Magma Storm|p2a: Tyranitar
|-resisted|p2a: Tyranitar
|-damage|p2a: Tyranitar|34/100
|-activate|p2a: Tyranitar|move: Magma Storm|[of] p1a: Heatran
|
|-weather|Sandstorm|[upkeep]
|-damage|p2a: Tyranitar|22/100|[from] move: Magma Storm|[partiallytrapped]
|upkeep
|turn|25
|
|t:|1661370725
|move|p1a: Heatran|Magma Storm|p2a: Tyranitar
|-resisted|p2a: Tyranitar
|-damage|p2a: Tyranitar|3/100
|move|p2a: Tyranitar|Earthquake|p1a: Heatran
|-supereffective|p1a: Heatran
|-damage|p1a: Heatran|0 fnt
|faint|p1a: Heatran
|
|-weather|Sandstorm|[upkeep]
|-end|p2a: Tyranitar|Magma Storm|[partiallytrapped]|[silent]
|upkeep
|
|t:|1661370725
|switch|p1a: Melmetal|Melmetal|67/100
|-damage|p1a: Melmetal|54/100|[from] Spikes
|turn|26
|
|t:|1661370728
|move|p2a: Tyranitar|Earthquake|p1a: Melmetal
|-supereffective|p1a: Melmetal
|-damage|p1a: Melmetal|14/100
|move|p1a: Melmetal|Ice Punch|p2a: Tyranitar
|-damage|p2a: Tyranitar|0 fnt
|faint|p2a: Tyranitar
|
|-weather|Sandstorm|[upkeep]
|upkeep
|
|t:|1661370731
|switch|p2a: Excadrill|Excadrill, F|100/100
|-damage|p2a: Excadrill|97/100|[from] Stealth Rock
|turn|27
|
|t:|1661370733
|switch|p1a: rotomwash|Rotom-Wash|100/100
|move|p2a: Excadrill|Earthquake|p1a: rotomwash
|-immune|p1a: rotomwash|[from] ability: Levitate
|
|-weather|Sandstorm|[upkeep]
|-damage|p1a: rotomwash|94/100|[from] Sandstorm
|-heal|p2a: Excadrill|100/100|[from] item: Leftovers
|-heal|p1a: rotomwash|100/100|[from] item: Leftovers
|upkeep
|turn|28
|
|t:|1661370735
|move|p2a: Excadrill|Rapid Spin|p1a: rotomwash
|-damage|p1a: rotomwash|80/100
|-boost|p2a: Excadrill|spe|1
|-sideend|p2: GGeorgie◕‿◕|Stealth Rock|[from] move: Rapid Spin|[of] p2a: Excadrill
|move|p1a: rotomwash|Nasty Plot|p1a: rotomwash
|-boost|p1a: rotomwash|spa|2
|
|-weather|none
|-heal|p1a: rotomwash|86/100|[from] item: Leftovers
|upkeep
|turn|29
|
|t:|1661370744
|switch|p2a: Clefable|Clefable, M|33/100
|move|p1a: rotomwash|Hydro Pump|p2a: Clefable
|-damage|p2a: Clefable|0 fnt
|faint|p2a: Clefable
|
|-heal|p1a: rotomwash|93/100|[from] item: Leftovers
|upkeep
|
|t:|1661370746
|switch|p2a: Zapdos|Zapdos|100/100
|turn|30
|
|t:|1661370747
|move|p2a: Zapdos|Thunderbolt|p1a: rotomwash
|-damage|p1a: rotomwash|24/100
|move|p1a: rotomwash|Pain Split|p2a: Zapdos
|-sethp|p2a: Zapdos|62/100|[from] move: Pain Split|[silent]
|-sethp|p1a: rotomwash|65/100|[from] move: Pain Split
|
|-heal|p1a: rotomwash|71/100|[from] item: Leftovers
|upkeep
|turn|31
|
|t:|1661370750
|switch|p1a: Melmetal|Melmetal|14/100
|-damage|p1a: Melmetal|2/100|[from] Spikes
|move|p2a: Zapdos|Thunderbolt|p1a: Melmetal
|-damage|p1a: Melmetal|0 fnt
|faint|p1a: Melmetal
|
|upkeep
|
|t:|1661370750
|switch|p1a: Weavile|Weavile, M|100/100
|-damage|p1a: Weavile|88/100|[from] Spikes
|-ability|p1a: Weavile|Pressure
|turn|32
|
|t:|1661370753
|switch|p2a: Ferrothorn|Ferrothorn, F, shiny|73/100
|move|p1a: Weavile|Triple Axel|p2a: Ferrothorn|[miss]
|-miss|p1a: Weavile|p2a: Ferrothorn
|
|upkeep
|turn|33
|
|t:|1661370757
|switch|p1a: rotomwash|Rotom-Wash|71/100
|move|p2a: Ferrothorn|Spikes|p1a: rotomwash
|-sidestart|p1: minimax_ai|Spikes
|
|-heal|p1a: rotomwash|77/100|[from] item: Leftovers
|upkeep
|turn|34
|
|t:|1661370758
|move|p1a: rotomwash|Thunderbolt|p2a: Ferrothorn
|-resisted|p2a: Ferrothorn
|-damage|p2a: Ferrothorn|58/100
|-status|p2a: Ferrothorn|par
|move|p2a: Ferrothorn|Power Whip|p1a: rotomwash
|-supereffective|p1a: rotomwash
|-damage|p1a: rotomwash|0 fnt
|faint|p1a: rotomwash
|
|upkeep
|
|t:|1661370758
|switch|p1a: Tangrowth|Tangrowth, M|72/100
|-damage|p1a: Tangrowth|55/100|[from] Spikes
|turn|35
|
|t:|1661370764
|switch|p2a: Zapdos|Zapdos|62/100
|move|p1a: Tangrowth|Sleep Powder|p2a: Zapdos
|-status|p2a: Zapdos|slp|[from] move: Sleep Powder
|
|upkeep
|turn|36
|
|t:|1661370765
|switch|p1a: Weavile|Weavile, M|88/100
|-damage|p1a: Weavile|72/100|[from] Spikes
|-ability|p1a: Weavile|Pressure
|cant|p2a: Zapdos|slp
|
|upkeep
|turn|37
|
|t:|1661370768
|switch|p2a: Ferrothorn|Ferrothorn, F, shiny|58/100 par
|move|p1a: Weavile|Triple Axel|p2a: Ferrothorn
|-damage|p2a: Ferrothorn|49/100 par
|-damage|p1a: Weavile|59/100|[from] ability: Iron Barbs|[of] p2a: Ferrothorn
|-damage|p1a: Weavile|43/100|[from] item: Rocky Helmet|[of] p2a: Ferrothorn
|-damage|p2a: Ferrothorn|29/100 par
|-damage|p1a: Weavile|30/100|[from] ability: Iron Barbs|[of] p2a: Ferrothorn
|-damage|p1a: Weavile|14/100|[from] item: Rocky Helmet|[of] p2a: Ferrothorn
|-damage|p2a: Ferrothorn|1/100 par
|-damage|p1a: Weavile|2/100|[from] ability: Iron Barbs|[of] p2a: Ferrothorn
|-damage|p1a: Weavile|0 fnt|[from] item: Rocky Helmet|[of] p2a: Ferrothorn
|faint|p1a: Weavile
|-hitcount|p2a: Ferrothorn|3
|
|upkeep
|
|t:|1661370768
|switch|p1a: Tangrowth|Tangrowth, M|88/100
|-damage|p1a: Tangrowth|72/100|[from] Spikes
|turn|38
|
|t:|1661370773
|move|p1a: Tangrowth|Knock Off|p2a: Ferrothorn
|-damage|p2a: Ferrothorn|0 fnt
|-damage|p1a: Tangrowth|59/100|[from] ability: Iron Barbs|[of] p2a: Ferrothorn
|-damage|p1a: Tangrowth|43/100|[from] item: Rocky Helmet|[of] p2a: Ferrothorn
|-enditem|p2a: Ferrothorn|Rocky Helmet|[from] move: Knock Off|[of] p1a: Tangrowth
|faint|p2a: Ferrothorn
|
|upkeep
|
|t:|1661370774
|switch|p2a: Landorus|Landorus-Therian, M|100/100
|-ability|p2a: Landorus|Intimidate|boost
|-unboost|p1a: Tangrowth|atk|1
|turn|39
|
|t:|1661370776
|move|p2a: Landorus|U-turn|p1a: Tangrowth
|-supereffective|p1a: Tangrowth
|-damage|p1a: Tangrowth|18/100
|-damage|p2a: Landorus|84/100|[from] item: Rocky Helmet|[of] p1a: Tangrowth
|
|t:|1661370779
|switch|p2a: Excadrill|Excadrill, F|100/100|[from]move: U-turn
|move|p1a: Tangrowth|Giga Drain|p2a: Excadrill
|-damage|p2a: Excadrill|62/100
|-heal|p1a: Tangrowth|35/100|[from] drain|[of] p2a: Excadrill
|
|-heal|p2a: Excadrill|68/100|[from] item: Leftovers
|upkeep
|turn|40
|
|t:|1661370780
|move|p2a: Excadrill|Iron Head|p1a: Tangrowth
|-damage|p1a: Tangrowth|10/100
|-damage|p2a: Excadrill|52/100|[from] item: Rocky Helmet|[of] p1a: Tangrowth
|move|p1a: Tangrowth|Giga Drain|p2a: Excadrill
|-damage|p2a: Excadrill|17/100
|-heal|p1a: Tangrowth|26/100|[from] drain|[of] p2a: Excadrill
|
|-heal|p2a: Excadrill|23/100|[from] item: Leftovers
|upkeep
|turn|41
|
|t:|1661370783
|move|p2a: Excadrill|Iron Head|p1a: Tangrowth
|-damage|p1a: Tangrowth|0 fnt
|-damage|p2a: Excadrill|6/100|[from] item: Rocky Helmet|[of] p1a: Tangrowth
|faint|p1a: Tangrowth
|
|win|GGeorgie◕‿◕
|raw|minimax_ai's rating: 1554 &rarr; <strong>1533</strong><br />(-21 for losing)
|raw|GGeorgie◕‿◕'s rating: 1545 &rarr; <strong>1566</strong><br />(+21 for winning)
|c|☆minimax_ai|gg
