|j|☆Forwards
|j|☆bilabong
|t:|1663186066
|gametype|singles
|player|p1|Forwards|rollerskater|1761
|player|p2|bilabong|2|1716
|teamsize|p1|6
|teamsize|p2|6
|gen|8
|tier|[Gen 8] OU
|rated|
|rule|Sleep Clause Mod: Limit one foe put to sleep
|rule|Species Clause: Limit one of each Pokémon
|rule|OHKO Clause: OHKO moves are banned
|rule|Evasion Items Clause: Evasion items are banned
|rule|Evasion Moves Clause: Evasion moves are banned
|rule|Endless Battle Clause: Forcing endless battles is banned
|rule|HP Percentage Mod: HP is shown in percentages
|rule|Dynamax Clause: You cannot dynamax
|clearpoke
|poke|p1|Tapu Koko|
|poke|p1|Hawlucha, F|
|poke|p1|Registeel|
|poke|p1|Moltres-Galar|
|poke|p1|Landorus-Therian, M|
|poke|p1|Mew|
|poke|p2|Blacephalon|
|poke|p2|Dragapult, F|
|poke|p2|Urshifu-*, M|
|poke|p2|Heatran, F|
|poke|p2|Landorus-Therian, M|
|poke|p2|Tapu Fini|
|teampreview
|
|t:|1663186080
|start
|switch|p1a: Landorus|Landorus-Therian, M|100/100
|switch|p2a: Landorus|Landorus-Therian, M|100/100
|-ability|p1a: Landorus|Intimidate|boost
|-unboost|p2a: Landorus|atk|1
|-ability|p2a: Landorus|Intimidate|boost
|-unboost|p1a: Landorus|atk|1
|turn|1
|inactive|Battle timer is ON: inactive players will automatically lose when time's up. (requested by Forwards)
|j| Tactics4629
|l| Tactics4629
|
|t:|1663186099
|move|p1a: Landorus|Stealth Rock|p2a: Landorus
|-sidestart|p2: bilabong|move: Stealth Rock
|move|p2a: Landorus|Knock Off|p1a: Landorus
|-damage|p1a: Landorus|77/100
|-enditem|p1a: Landorus|Focus Sash|[from] move: Knock Off|[of] p2a: Landorus
|
|upkeep
|turn|2
|
|t:|1663186106
|move|p1a: Landorus|Swords Dance|p1a: Landorus
|-boost|p1a: Landorus|atk|2
|move|p2a: Landorus|Defog|p1a: Landorus
|-unboost|p1a: Landorus|evasion|1
|-sideend|p2: bilabong|Stealth Rock|[from] move: Defog|[of] p2a: Landorus
|
|upkeep
|turn|3
|
|t:|1663186113
|move|p1a: Landorus|Stealth Rock|p2a: Landorus
|-sidestart|p2: bilabong|move: Stealth Rock
|move|p2a: Landorus|U-turn|p1a: Landorus
|-resisted|p1a: Landorus
|-damage|p1a: Landorus|69/100
|
|t:|1663186119
|switch|p2a: Urshifu|Urshifu-Rapid-Strike, M|100/100|[from]move: U-turn
|-damage|p2a: Urshifu|94/100|[from] Stealth Rock
|
|upkeep
|turn|4
|
|t:|1663186128
|move|p2a: Urshifu|Surging Strikes|p1a: Landorus
|-supereffective|p1a: Landorus
|-crit|p1a: Landorus
|-damage|p1a: Landorus|0 fnt
|faint|p1a: Landorus
|-hitcount|p1: Landorus|1
|
|upkeep
|
|t:|1663186130
|switch|p1a: Tapu Koko|Tapu Koko|100/100
|-fieldstart|move: Electric Terrain|[from] ability: Electric Surge|[of] p1a: Tapu Koko
|turn|5
|
|t:|1663186139
|switch|p2a: Heatran|Heatran, F|100/100
|-damage|p2a: Heatran|88/100|[from] Stealth Rock
|move|p1a: Tapu Koko|Reflect|p1a: Tapu Koko
|-sidestart|p1: Forwards|Reflect
|
|-heal|p2a: Heatran|94/100|[from] item: Leftovers
|upkeep
|turn|6
|j| quazasuks
|
|t:|1663186148
|move|p1a: Tapu Koko|Taunt|p2a: Heatran
|-start|p2a: Heatran|move: Taunt
|move|p2a: Heatran|Magma Storm|p1a: Tapu Koko
|-damage|p1a: Tapu Koko|46/100
|-activate|p1a: Tapu Koko|move: Magma Storm|[of] p2a: Heatran
|
|-heal|p2a: Heatran|100/100|[from] item: Leftovers
|-damage|p1a: Tapu Koko|33/100|[from] move: Magma Storm|[partiallytrapped]
|upkeep
|turn|7
|j| simplegent
|
|t:|1663186166
|switch|p2a: Landorus|Landorus-Therian, M|100/100
|-damage|p2a: Landorus|88/100|[from] Stealth Rock
|-ability|p2a: Landorus|Intimidate|boost
|-unboost|p1a: Tapu Koko|atk|1
|move|p1a: Tapu Koko|Light Screen|p1a: Tapu Koko
|-sidestart|p1: Forwards|move: Light Screen
|
|-heal|p2a: Landorus|94/100|[from] item: Leftovers
|-end|p1a: Tapu Koko|Magma Storm|[partiallytrapped]|[silent]
|upkeep
|turn|8
|j| ZUKK Amon
|j| gex fan
|
|t:|1663186176
|move|p1a: Tapu Koko|Taunt|p2a: Landorus
|-start|p2a: Landorus|move: Taunt
|move|p2a: Landorus|U-turn|p1a: Tapu Koko
|-resisted|p1a: Tapu Koko
|-damage|p1a: Tapu Koko|27/100
|j| tapu moxo
|
|t:|1663186189
|switch|p2a: Dragapult|Dragapult, F|100/100|[from]move: U-turn
|-damage|p2a: Dragapult|88/100|[from] Stealth Rock
|
|upkeep
|turn|9
|j| flameengo
|
|t:|1663186198
|switch|p1a: Moltres|Moltres-Galar|100/100
|move|p2a: Dragapult|Shadow Ball|p1a: Moltres
|-resisted|p1a: Moltres
|-damage|p1a: Moltres|80/100
|-unboost|p1a: Moltres|spd|1
|
|-fieldend|move: Electric Terrain
|upkeep
|turn|10
|
|t:|1663186212
|move|p2a: Dragapult|Shadow Ball|p1a: Moltres
|-resisted|p1a: Moltres
|-damage|p1a: Moltres|51/100
|move|p1a: Moltres|Agility|p1a: Moltres
|-boost|p1a: Moltres|spe|2
|
|upkeep
|turn|11
|
|t:|1663186221
|switch|p2a: Heatran|Heatran, F|100/100
|-damage|p2a: Heatran|88/100|[from] Stealth Rock
|move|p1a: Moltres|Nasty Plot|p1a: Moltres
|-boost|p1a: Moltres|spa|2
|
|-heal|p2a: Heatran|94/100|[from] item: Leftovers
|upkeep
|turn|12
|c| gex fan|damn
|
|t:|1663186244
|move|p1a: Moltres|Fiery Wrath|p2a: Heatran
|-damage|p2a: Heatran|46/100
|cant|p2a: Heatran|flinch
|
|-heal|p2a: Heatran|52/100|[from] item: Leftovers
|-sideend|p1: Forwards|Reflect
|upkeep
|turn|13
|
|t:|1663186259
|move|p1a: Moltres|Air Slash|p2a: Heatran
|-resisted|p2a: Heatran
|-damage|p2a: Heatran|32/100
|move|p2a: Heatran|Magma Storm|p1a: Moltres
|-damage|p1a: Moltres|27/100
|-activate|p1a: Moltres|move: Magma Storm|[of] p2a: Heatran
|-ability|p1a: Moltres|Berserk|boost
|-boost|p1a: Moltres|spa|1
|
|-heal|p2a: Heatran|38/100|[from] item: Leftovers
|-damage|p1a: Moltres|15/100|[from] move: Magma Storm|[partiallytrapped]
|upkeep
|turn|14
|
|t:|1663186270
|move|p1a: Moltres|Fiery Wrath|p2a: Heatran
|-damage|p2a: Heatran|0 fnt
|faint|p2a: Heatran
|
|-end|p1a: Moltres|Magma Storm|[partiallytrapped]|[silent]
|-sideend|p1: Forwards|move: Light Screen
|upkeep
|
|t:|1663186277
|switch|p2a: Urshifu|Urshifu-Rapid-Strike, M|94/100
|-damage|p2a: Urshifu|88/100|[from] Stealth Rock
|turn|15
|
|t:|1663186281
|move|p2a: Urshifu|Aqua Jet|p1a: Moltres
|-damage|p1a: Moltres|0 fnt
|faint|p1a: Moltres
|
|upkeep
|
|t:|1663186284
|switch|p1a: Tapu Koko|Tapu Koko|27/100
|-fieldstart|move: Electric Terrain|[from] ability: Electric Surge|[of] p1a: Tapu Koko
|turn|16
|
|t:|1663186298
|switch|p2a: Dragapult|Dragapult, F|88/100
|-damage|p2a: Dragapult|76/100|[from] Stealth Rock
|move|p1a: Tapu Koko|Reflect|p1a: Tapu Koko
|-sidestart|p1: Forwards|Reflect
|
|upkeep
|turn|17
|l| flameengo
|
|t:|1663186305
|move|p2a: Dragapult|Shadow Ball|p1a: Tapu Koko
|-damage|p1a: Tapu Koko|0 fnt
|faint|p1a: Tapu Koko
|
|upkeep
|j| ty-tyui↻
|
|t:|1663186309
|switch|p1a: Hawlucha|Hawlucha, F, shiny|100/100
|-enditem|p1a: Hawlucha|Electric Seed
|-boost|p1a: Hawlucha|def|1|[from] item: Electric Seed
|turn|18
|
|t:|1663186315
|move|p1a: Hawlucha|Swords Dance|p1a: Hawlucha
|-boost|p1a: Hawlucha|atk|2
|move|p2a: Dragapult|Shadow Ball|p1a: Hawlucha
|-damage|p1a: Hawlucha|29/100
|-unboost|p1a: Hawlucha|spd|1
|
|upkeep
|turn|19
|
|t:|1663186325
|switch|p2a: Landorus|Landorus-Therian, M|94/100
|-damage|p2a: Landorus|82/100|[from] Stealth Rock
|-ability|p2a: Landorus|Intimidate|boost
|-unboost|p1a: Hawlucha|atk|1
|move|p1a: Hawlucha|Acrobatics|p2a: Landorus
|-damage|p2a: Landorus|32/100
|
|-heal|p2a: Landorus|38/100|[from] item: Leftovers
|upkeep
|turn|20
|
|t:|1663186337
|move|p1a: Hawlucha|Swords Dance|p1a: Hawlucha
|-boost|p1a: Hawlucha|atk|2
|move|p2a: Landorus|Defog|p1a: Hawlucha
|-unboost|p1a: Hawlucha|evasion|1
|-sideend|p1: Forwards|Reflect
|-sideend|p2: bilabong|Stealth Rock|[from] move: Defog|[of] p2a: Landorus
|-fieldend|move: Electric Terrain
|
|-heal|p2a: Landorus|44/100|[from] item: Leftovers
|upkeep
|turn|21
|
|t:|1663186347
|move|p1a: Hawlucha|Acrobatics|p2a: Landorus
|-damage|p2a: Landorus|0 fnt
|faint|p2a: Landorus
|
|upkeep
|
|t:|1663186352
|switch|p2a: Urshifu|Urshifu-Rapid-Strike, M|88/100
|turn|22
|
|t:|1663186356
|move|p2a: Urshifu|Aqua Jet|p1a: Hawlucha
|-damage|p1a: Hawlucha|0 fnt
|faint|p1a: Hawlucha
|
|upkeep
|
|t:|1663186358
|switch|p1a: Mew|Mew|100/100
|turn|23
|l| gex fan
|inactive|Forwards has 120 seconds left.
|
|t:|1663186394
|switch|p2a: Blacephalon|Blacephalon|100/100
|move|p1a: Mew|Cosmic Power|p1a: Mew
|-boost|p1a: Mew|def|1
|-boost|p1a: Mew|spd|1
|
|upkeep
|turn|24
|
|t:|1663186401
|move|p2a: Blacephalon|Trick|p1a: Mew
|-activate|p2a: Blacephalon|move: Trick|[of] p1a: Mew
|-item|p1a: Mew|Choice Scarf|[from] move: Trick
|-item|p2a: Blacephalon|Weakness Policy|[from] move: Trick
|move|p1a: Mew|Cosmic Power|p1a: Mew
|-boost|p1a: Mew|def|1
|-boost|p1a: Mew|spd|1
|
|upkeep
|turn|25
|-message|Forwards forfeited.
|
|win|bilabong
|raw|Forwards's rating: 1761 &rarr; <strong>1738</strong><br />(-23 for losing)
|raw|bilabong's rating: 1716 &rarr; <strong>1739</strong><br />(+23 for winning)
|l|☆Forwards
|l| simplegent
|l| ty-tyui↻
