|j|☆Pinkacross
|j|☆el_chimbotano_19
|inactive|Battle timer is ON: inactive players will automatically lose when time's up.
|t:|1656122891
|gametype|singles
|player|p1|Pinkacross|artist|
|player|p2|el_chimbotano_19|red|
|teamsize|p1|6
|teamsize|p2|6
|gen|8
|tier|[Gen 8] OU
|rated|Tournament battle
|rule|Sleep Clause Mod: Limit one foe put to sleep
|rule|Species Clause: Limit one of each Pokémon
|rule|OHKO Clause: OHKO moves are banned
|rule|Evasion Moves Clause: Evasion moves are banned
|rule|Endless Battle Clause: Forcing endless battles is banned
|rule|HP Percentage Mod: HP is shown in percentages
|rule|Dynamax Clause: You cannot dynamax
|clearpoke
|poke|p1|Lanturn, F|
|poke|p1|Tapu Bulu|
|poke|p1|Heatran, F|
|poke|p1|Clefable, F|
|poke|p1|Tornadus-Therian, M|
|poke|p1|Kartana|
|poke|p2|Slowking-Galar, F|
|poke|p2|Corviknight, F|
|poke|p2|Zeraora|
|poke|p2|Sirfetch’d, M|
|poke|p2|Tangrowth, M|
|poke|p2|Cofagrigus, M|
|teampreview
|c|☆Pinkacross|hf
|c|☆Pinkacross|oh boy sirfetchd
|c|☆el_chimbotano_19|hi
|c|☆Pinkacross|scares me lol
|c|☆el_chimbotano_19|you too
|c|☆el_chimbotano_19|ajaja
|inactive|Pinkacross has 120 seconds left.
|c|☆el_chimbotano_19|you 4 legendarios
|
|t:|1656122927
|start
|switch|p1a: Kartana|Kartana|100/100
|switch|p2a: Tangrowth|Tangrowth, M|100/100
|turn|1
|
|t:|1656122936
|switch|p1a: Tapu Bulu|Tapu Bulu|100/100
|-fieldstart|move: Grassy Terrain|[from] ability: Grassy Surge|[of] p1a: Tapu Bulu
|switch|p2a: Slowking|Slowking-Galar, F|100/100
|
|upkeep
|turn|2
|
|t:|1656122943
|switch|p1a: Heatran|Heatran, F|100/100
|move|p2a: Slowking|Sludge Bomb|p1a: Heatran
|-immune|p1a: Heatran
|
|upkeep
|turn|3
|
|t:|1656122948
|move|p1a: Heatran|Stealth Rock|p2a: Slowking
|-sidestart|p2: el_chimbotano_19|move: Stealth Rock
|move|p2a: Slowking|Yawn|p1a: Heatran
|-start|p1a: Heatran|move: Yawn|[of] p2a: Slowking
|
|upkeep
|turn|4
|
|t:|1656122961
|switch|p1a: Clefable|Clefable, F|100/100
|switch|p2a: Cofagrigus|Cofagrigus, M|100/100
|-damage|p2a: Cofagrigus|88/100|[from] Stealth Rock
|
|-heal|p2a: Cofagrigus|94/100|[from] Grassy Terrain
|upkeep
|turn|5
|
|t:|1656122974
|move|p1a: Clefable|Moonblast|p2a: Cofagrigus
|-damage|p2a: Cofagrigus|70/100
|-unboost|p2a: Cofagrigus|spa|1
|move|p2a: Cofagrigus|Shadow Ball|p1a: Clefable
|-damage|p1a: Clefable|89/100
|-unboost|p1a: Clefable|spd|1
|
|-heal|p1a: Clefable|95/100|[from] Grassy Terrain
|-heal|p1a: Clefable|100/100|[from] item: Leftovers
|-heal|p2a: Cofagrigus|77/100|[from] Grassy Terrain
|-fieldend|move: Grassy Terrain
|upkeep
|turn|6
|
|t:|1656122995
|switch|p2a: Tangrowth|Tangrowth, M|100/100
|-damage|p2a: Tangrowth|88/100|[from] Stealth Rock
|move|p1a: Clefable|Moonblast|p2a: Tangrowth
|-damage|p2a: Tangrowth|57/100
|
|upkeep
|turn|7
|
|t:|1656123004
|switch|p1a: Tornadus|Tornadus-Therian, M|100/100
|move|p2a: Tangrowth|Leech Seed|p1a: Tornadus
|-start|p1a: Tornadus|move: Leech Seed
|
|-damage|p1a: Tornadus|88/100|[from] Leech Seed|[of] p2a: Tangrowth
|-heal|p2a: Tangrowth|68/100|[silent]
|upkeep
|turn|8
|
|t:|1656123016
|switch|p2a: Cofagrigus|Cofagrigus, M|77/100
|-damage|p2a: Cofagrigus|64/100|[from] Stealth Rock
|move|p1a: Tornadus|U-turn|p2a: Cofagrigus
|-resisted|p2a: Cofagrigus
|-damage|p2a: Cofagrigus|59/100
|-activate|p2a: Cofagrigus|ability: Mummy|Regenerator|[of] p1a: Tornadus
|
|t:|1656123019
|switch|p1a: Kartana|Kartana|100/100|[from]move: U-turn
|
|upkeep
|turn|9
|
|t:|1656123027
|move|p1a: Kartana|Knock Off|p2a: Cofagrigus
|-supereffective|p2a: Cofagrigus
|-damage|p2a: Cofagrigus|0 fnt
|-activate|p2a: Cofagrigus|ability: Mummy|Beast Boost|[of] p1a: Kartana
|-enditem|p2a: Cofagrigus|Sitrus Berry|[from] move: Knock Off|[of] p1a: Kartana
|faint|p2a: Cofagrigus
|
|upkeep
|
|t:|1656123046
|switch|p2a: Sirfetch’d|Sirfetch’d, M|100/100
|-damage|p2a: Sirfetch’d|94/100|[from] Stealth Rock
|turn|10
|
|t:|1656123058
|switch|p1a: Tornadus|Tornadus-Therian, M|88/100
|move|p2a: Sirfetch’d|Close Combat|p1a: Tornadus
|-resisted|p1a: Tornadus
|-damage|p1a: Tornadus|42/100
|-unboost|p2a: Sirfetch’d|def|1
|-unboost|p2a: Sirfetch’d|spd|1
|
|upkeep
|turn|11
|
|t:|1656123080
|switch|p2a: Slowking|Slowking-Galar, F|100/100
|move|p1a: Tornadus|U-turn|p2a: Slowking
|-damage|p2a: Slowking|86/100
|
|t:|1656123082
|switch|p1a: Kartana|Kartana|100/100|[from]move: U-turn
|
|upkeep
|turn|12
|j| Only Shedinja ツ
|
|t:|1656123088
|move|p1a: Kartana|Knock Off|p2a: Slowking
|-supereffective|p2a: Slowking
|-damage|p2a: Slowking|0 fnt
|-enditem|p2a: Slowking|Heavy-Duty Boots|[from] move: Knock Off|[of] p1a: Kartana
|faint|p2a: Slowking
|-ability|p1a: Kartana|Beast Boost|boost
|-boost|p1a: Kartana|atk|1
|
|upkeep
|
|t:|1656123095
|switch|p2a: Sirfetch’d|Sirfetch’d, M|94/100
|-damage|p2a: Sirfetch’d|88/100|[from] Stealth Rock
|turn|13
|
|t:|1656123102
|switch|p1a: Tornadus|Tornadus-Therian, M|75/100
|move|p2a: Sirfetch’d|Close Combat|p1a: Tornadus
|-resisted|p1a: Tornadus
|-crit|p1a: Tornadus
|-damage|p1a: Tornadus|0 fnt
|-unboost|p2a: Sirfetch’d|def|1
|-unboost|p2a: Sirfetch’d|spd|1
|faint|p1a: Tornadus
|
|upkeep
|c|☆Pinkacross|O
|
|t:|1656123108
|switch|p1a: Tapu Bulu|Tapu Bulu|100/100
|-fieldstart|move: Grassy Terrain|[from] ability: Grassy Surge|[of] p1a: Tapu Bulu
|turn|14
|
|t:|1656123119
|switch|p2a: Zeraora|Zeraora|100/100
|-damage|p2a: Zeraora|88/100|[from] Stealth Rock
|move|p1a: Tapu Bulu|Toxic|p2a: Zeraora
|-status|p2a: Zeraora|tox
|
|-heal|p2a: Zeraora|94/100 tox|[from] Grassy Terrain
|-damage|p2a: Zeraora|88/100 tox|[from] psn
|upkeep
|turn|15
|
|t:|1656123142
|move|p2a: Zeraora|Volt Switch|p1a: Tapu Bulu
|-resisted|p1a: Tapu Bulu
|-damage|p1a: Tapu Bulu|89/100
|
|t:|1656123146
|switch|p2a: Sirfetch’d|Sirfetch’d, M|88/100|[from]move: Volt Switch
|-damage|p2a: Sirfetch’d|82/100|[from] Stealth Rock
|move|p1a: Tapu Bulu|Horn Leech|p2a: Sirfetch’d
|-damage|p2a: Sirfetch’d|24/100
|-heal|p1a: Tapu Bulu|100/100|[from] drain|[of] p2a: Sirfetch’d
|
|-heal|p2a: Sirfetch’d|30/100|[from] Grassy Terrain
|upkeep
|turn|16
|
|t:|1656123161
|switch|p1a: Heatran|Heatran, F|100/100
|move|p2a: Sirfetch’d|First Impression|p1a: Heatran
|-resisted|p1a: Heatran
|-damage|p1a: Heatran|93/100
|
|-heal|p1a: Heatran|99/100|[from] Grassy Terrain
|-heal|p1a: Heatran|100/100|[from] item: Leftovers
|-heal|p2a: Sirfetch’d|36/100|[from] Grassy Terrain
|upkeep
|turn|17
|
|t:|1656123174
|switch|p2a: Zeraora|Zeraora|88/100 tox
|-damage|p2a: Zeraora|76/100 tox|[from] Stealth Rock
|move|p1a: Heatran|Lava Plume|p2a: Zeraora
|-damage|p2a: Zeraora|48/100 tox
|
|-heal|p2a: Zeraora|54/100 tox|[from] Grassy Terrain
|-damage|p2a: Zeraora|48/100 tox|[from] psn
|upkeep
|turn|18
|
|t:|1656123184
|move|p1a: Heatran|Protect|p1a: Heatran
|-singleturn|p1a: Heatran|Protect
|move|p2a: Zeraora|Close Combat|p1a: Heatran
|-activate|p1a: Heatran|move: Protect
|
|-heal|p2a: Zeraora|54/100 tox|[from] Grassy Terrain
|-damage|p2a: Zeraora|42/100 tox|[from] psn
|-fieldend|move: Grassy Terrain
|upkeep
|turn|19
|
|t:|1656123200
|switch|p1a: Clefable|Clefable, F|100/100
|move|p2a: Zeraora|Volt Switch|p1a: Clefable
|-crit|p1a: Clefable
|-damage|p1a: Clefable|77/100
|
|t:|1656123216
|switch|p2a: Tangrowth|Tangrowth, M|100/100|[from]move: Volt Switch
|-damage|p2a: Tangrowth|88/100|[from] Stealth Rock
|
|-heal|p1a: Clefable|83/100|[from] item: Leftovers
|upkeep
|turn|20
|
|t:|1656123233
|move|p1a: Clefable|Moonblast|p2a: Tangrowth
|-damage|p2a: Tangrowth|55/100
|move|p2a: Tangrowth|Leech Seed|p1a: Clefable
|-start|p1a: Clefable|move: Leech Seed
|
|-heal|p1a: Clefable|90/100|[from] item: Leftovers
|upkeep
|turn|21
|c|☆el_chimbotano_19|mmm
|c|☆el_chimbotano_19|tu habilidad me olvide
|
|t:|1656123247
|move|p2a: Tangrowth|Protect|p2a: Tangrowth
|-singleturn|p2a: Tangrowth|Protect
|move|p1a: Clefable|Teleport|p1a: Clefable
|
|t:|1656123249
|switch|p1a: Heatran|Heatran, F|100/100|[from]move: Teleport
|
|upkeep
|turn|22
|
|t:|1656123260
|switch|p2a: Zeraora|Zeraora|42/100 tox
|-damage|p2a: Zeraora|29/100 tox|[from] Stealth Rock
|move|p1a: Heatran|Lava Plume|p2a: Zeraora
|-damage|p2a: Zeraora|0 fnt
|faint|p2a: Zeraora
|
|upkeep
|
|t:|1656123272
|switch|p2a: Sirfetch’d|Sirfetch’d, M|36/100
|-damage|p2a: Sirfetch’d|30/100|[from] Stealth Rock
|turn|23
|
|t:|1656123277
|move|p1a: Heatran|Protect|p1a: Heatran
|-singleturn|p1a: Heatran|Protect
|move|p2a: Sirfetch’d|Close Combat|p1a: Heatran
|-activate|p1a: Heatran|move: Protect
|
|upkeep
|turn|24
|
|t:|1656123283
|switch|p1a: Clefable|Clefable, F|90/100
|move|p2a: Sirfetch’d|Close Combat|p1a: Clefable
|-resisted|p1a: Clefable
|-damage|p1a: Clefable|37/100
|-unboost|p2a: Sirfetch’d|def|1
|-unboost|p2a: Sirfetch’d|spd|1
|
|-heal|p1a: Clefable|43/100|[from] item: Leftovers
|upkeep
|turn|25
|
|t:|1656123292
|move|p1a: Clefable|Protect|p1a: Clefable
|-singleturn|p1a: Clefable|Protect
|move|p2a: Sirfetch’d|Close Combat|p1a: Clefable
|-activate|p1a: Clefable|move: Protect
|
|-heal|p1a: Clefable|49/100|[from] item: Leftovers
|upkeep
|turn|26
|c| Only Shedinja ツ|pega fuerte
|c|☆Pinkacross|si lol
|
|t:|1656123299
|switch|p1a: Tapu Bulu|Tapu Bulu|100/100
|-fieldstart|move: Grassy Terrain|[from] ability: Grassy Surge|[of] p1a: Tapu Bulu
|move|p2a: Sirfetch’d|Close Combat|p1a: Tapu Bulu
|-resisted|p1a: Tapu Bulu
|-damage|p1a: Tapu Bulu|61/100
|-unboost|p2a: Sirfetch’d|def|1
|-unboost|p2a: Sirfetch’d|spd|1
|
|-heal|p1a: Tapu Bulu|68/100|[from] Grassy Terrain
|-heal|p1a: Tapu Bulu|74/100|[from] item: Leftovers
|-heal|p2a: Sirfetch’d|36/100|[from] Grassy Terrain
|upkeep
|turn|27
|
|t:|1656123311
|move|p1a: Tapu Bulu|Swords Dance|p1a: Tapu Bulu
|-boost|p1a: Tapu Bulu|atk|2
|move|p2a: Sirfetch’d|Close Combat|p1a: Tapu Bulu
|-resisted|p1a: Tapu Bulu
|-damage|p1a: Tapu Bulu|33/100
|-unboost|p2a: Sirfetch’d|def|1
|-unboost|p2a: Sirfetch’d|spd|1
|
|-heal|p1a: Tapu Bulu|39/100|[from] Grassy Terrain
|-heal|p1a: Tapu Bulu|45/100|[from] item: Leftovers
|-heal|p2a: Sirfetch’d|42/100|[from] Grassy Terrain
|upkeep
|turn|28
|
|t:|1656123321
|move|p1a: Tapu Bulu|Swords Dance|p1a: Tapu Bulu
|-boost|p1a: Tapu Bulu|atk|2
|move|p2a: Sirfetch’d|Close Combat|p1a: Tapu Bulu
|-resisted|p1a: Tapu Bulu
|-damage|p1a: Tapu Bulu|4/100
|-unboost|p2a: Sirfetch’d|def|1
|-unboost|p2a: Sirfetch’d|spd|1
|
|-heal|p1a: Tapu Bulu|10/100|[from] Grassy Terrain
|-heal|p1a: Tapu Bulu|17/100|[from] item: Leftovers
|-heal|p2a: Sirfetch’d|48/100|[from] Grassy Terrain
|upkeep
|turn|29
|
|t:|1656123335
|switch|p2a: Tangrowth|Tangrowth, M|88/100
|-damage|p2a: Tangrowth|75/100|[from] Stealth Rock
|move|p1a: Tapu Bulu|Horn Leech|p2a: Tangrowth
|-resisted|p2a: Tangrowth
|-damage|p2a: Tangrowth|18/100
|-heal|p1a: Tapu Bulu|50/100|[from] drain|[of] p2a: Tangrowth
|-damage|p1a: Tapu Bulu|34/100|[from] item: Rocky Helmet|[of] p2a: Tangrowth
|
|-heal|p1a: Tapu Bulu|40/100|[from] Grassy Terrain
|-heal|p1a: Tapu Bulu|46/100|[from] item: Leftovers
|-heal|p2a: Tangrowth|25/100|[from] Grassy Terrain
|upkeep
|turn|30
|c|☆Pinkacross|pero tapu bulu es muy fuerte tambine
|
|t:|1656123356
|switch|p2a: Sirfetch’d|Sirfetch’d, M|48/100
|-damage|p2a: Sirfetch’d|42/100|[from] Stealth Rock
|move|p1a: Tapu Bulu|Horn Leech|p2a: Sirfetch’d
|-damage|p2a: Sirfetch’d|0 fnt
|-heal|p1a: Tapu Bulu|66/100|[from] drain|[of] p2a: Sirfetch’d
|faint|p2a: Sirfetch’d
|
|-heal|p1a: Tapu Bulu|72/100|[from] Grassy Terrain
|-heal|p1a: Tapu Bulu|78/100|[from] item: Leftovers
|-fieldend|move: Grassy Terrain
|upkeep
|c| Only Shedinja ツ|pinka sos la bestia jaja
|c|☆el_chimbotano_19|nada
|c|☆el_chimbotano_19|ya fue
|inactive|el_chimbotano_19 has 120 seconds left.
|c|☆el_chimbotano_19|muy buena partida
|c| Only Shedinja ツ|gg los 2
|-message|el_chimbotano_19 forfeited.
|
|win|Pinkacross
|n|☆Pinkacross|pinkacross
|n|☆el_chimbotano_19|elchimbotano19
|n| Only Shedinja ツ|onlyshedinja
|l|☆el_chimbotano_19
|c|☆Pinkacross|gg
|c|☆Pinkacross|gracias
