|j|☆flusterstorm
|j|☆VirginJimmy99
|t:|1667316205
|gametype|singles
|player|p1|flusterstorm|elesa-gen5bw2|1535
|player|p2|VirginJimmy99|lucas|1567
|teamsize|p1|6
|teamsize|p2|6
|gen|8
|tier|[Gen 8] OU
|rated|
|rule|Sleep Clause Mod: Limit one foe put to sleep
|rule|Species Clause: Limit one of each Pokémon
|rule|OHKO Clause: OHKO moves are banned
|rule|Evasion Items Clause: Evasion items are banned
|rule|Evasion Moves Clause: Evasion moves are banned
|rule|Endless Battle Clause: Forcing endless battles is banned
|rule|HP Percentage Mod: HP is shown in percentages
|rule|Dynamax Clause: You cannot dynamax
|clearpoke
|poke|p1|Pelipper, M|
|poke|p1|Urshifu-*, M|
|poke|p1|Dragapult, M|
|poke|p1|Landorus-Therian, M|
|poke|p1|Melmetal|
|poke|p1|Tapu Lele|
|poke|p2|Glastrier|
|poke|p2|Slowbro, M|
|poke|p2|Ferrothorn, F|
|poke|p2|Garchomp, F|
|poke|p2|Regieleki|
|poke|p2|Clefable, M|
|teampreview
|
|t:|1667316218
|start
|switch|p1a: Landorus|Landorus-Therian, M, shiny|100/100
|switch|p2a: Regieleki|Regieleki|100/100
|-ability|p1a: Landorus|Intimidate|boost
|-unboost|p2a: Regieleki|atk|1
|turn|1
|
|t:|1667316231
|switch|p2a: Slowbro|Slowbro, M|100/100
|move|p1a: Landorus|U-turn|p2a: Slowbro
|-supereffective|p2a: Slowbro
|-crit|p2a: Slowbro
|-damage|p2a: Slowbro|58/100
|-damage|p1a: Landorus|84/100|[from] item: Rocky Helmet|[of] p2a: Slowbro
|
|t:|1667316243
|switch|p1a: Dragapult|Dragapult, M, shiny|100/100|[from]move: U-turn
|
|upkeep
|turn|2
|
|t:|1667316254
|switch|p2a: Clefable|Clefable, M|100/100
|move|p1a: Dragapult|Shadow Ball|p2a: Clefable
|-damage|p2a: Clefable|51/100
|
|-heal|p2a: Clefable|57/100|[from] item: Leftovers
|upkeep
|turn|3
|
|t:|1667316266
|switch|p1a: Pelipper|Pelipper, M|100/100
|-weather|RainDance|[from] ability: Drizzle|[of] p1a: Pelipper
|move|p2a: Clefable|Soft-Boiled|p2a: Clefable
|-heal|p2a: Clefable|100/100
|
|-weather|RainDance|[upkeep]
|upkeep
|turn|4
|
|t:|1667316284
|move|p1a: Pelipper|Weather Ball|p2a: Clefable
|-damage|p2a: Clefable|20/100
|move|p2a: Clefable|Knock Off|p1a: Pelipper
|-damage|p1a: Pelipper|80/100
|-enditem|p1a: Pelipper|Choice Specs|[from] move: Knock Off|[of] p2a: Clefable
|
|-weather|RainDance|[upkeep]
|-heal|p2a: Clefable|26/100|[from] item: Leftovers
|upkeep
|turn|5
|
|t:|1667316299
|switch|p2a: Ferrothorn|Ferrothorn, F|100/100
|move|p1a: Pelipper|U-turn|p2a: Ferrothorn
|-damage|p2a: Ferrothorn|94/100
|-damage|p1a: Pelipper|68/100|[from] ability: Iron Barbs|[of] p2a: Ferrothorn
|
|t:|1667316311
|switch|p1a: Urshifu|Urshifu-Rapid-Strike, M|100/100|[from]move: U-turn
|
|-weather|RainDance|[upkeep]
|-heal|p2a: Ferrothorn|100/100|[from] item: Leftovers
|upkeep
|turn|6
|
|t:|1667316316
|move|p1a: Urshifu|U-turn|p2a: Ferrothorn
|-damage|p2a: Ferrothorn|80/100
|-activate|p2a: Ferrothorn|ability: Iron Barbs
|-activate|p1a: Urshifu|item: Protective Pads
|
|t:|1667316325
|switch|p1a: Pelipper|Pelipper, M|68/100|[from]move: U-turn
|move|p2a: Ferrothorn|Stealth Rock|p1a: Pelipper
|-sidestart|p1: flusterstorm|move: Stealth Rock
|
|-weather|RainDance|[upkeep]
|-heal|p2a: Ferrothorn|86/100|[from] item: Leftovers
|upkeep
|turn|7
|
|t:|1667316335
|move|p1a: Pelipper|Hurricane|p2a: Ferrothorn
|-damage|p2a: Ferrothorn|54/100
|-start|p2a: Ferrothorn|confusion
|-activate|p2a: Ferrothorn|confusion
|move|p2a: Ferrothorn|Leech Seed|p1a: Pelipper
|-start|p1a: Pelipper|move: Leech Seed
|
|-weather|none
|-heal|p2a: Ferrothorn|61/100|[from] item: Leftovers
|-damage|p1a: Pelipper|56/100|[from] Leech Seed|[of] p2a: Ferrothorn
|-heal|p2a: Ferrothorn|70/100|[silent]
|upkeep
|turn|8
|
|t:|1667316368
|switch|p1a: Urshifu|Urshifu-Rapid-Strike, M|100/100
|-damage|p1a: Urshifu|94/100|[from] Stealth Rock
|switch|p2a: Regieleki|Regieleki|100/100
|
|upkeep
|turn|9
|
|t:|1667316375
|switch|p1a: Landorus|Landorus-Therian, M, shiny|84/100
|-damage|p1a: Landorus|72/100|[from] Stealth Rock
|-ability|p1a: Landorus|Intimidate|boost
|-unboost|p2a: Regieleki|atk|1
|move|p2a: Regieleki|Volt Switch|p1a: Landorus
|-immune|p1a: Landorus
|
|upkeep
|turn|10
|
|t:|1667316382
|switch|p2a: Slowbro|Slowbro, M|92/100
|move|p1a: Landorus|Defog|p2a: Slowbro
|-unboost|p2a: Slowbro|evasion|1
|-sideend|p1: flusterstorm|Stealth Rock|[from] move: Defog|[of] p1a: Landorus
|
|upkeep
|turn|11
|
|t:|1667316385
|move|p1a: Landorus|U-turn|p2a: Slowbro
|-supereffective|p2a: Slowbro
|-damage|p2a: Slowbro|61/100
|-damage|p1a: Landorus|55/100|[from] item: Rocky Helmet|[of] p2a: Slowbro
|
|t:|1667316401
|switch|p1a: Tapu Lele|Tapu Lele|100/100|[from]move: U-turn
|-fieldstart|move: Psychic Terrain|[from] ability: Psychic Surge|[of] p1a: Tapu Lele
|move|p2a: Slowbro|Teleport|p2a: Slowbro
|
|t:|1667316409
|switch|p2a: Ferrothorn|Ferrothorn, F|70/100|[from]move: Teleport
|
|-heal|p2a: Ferrothorn|76/100|[from] item: Leftovers
|upkeep
|turn|12
|
|t:|1667316413
|switch|p2a: Clefable|Clefable, M|26/100
|move|p1a: Tapu Lele|Focus Blast|p2a: Clefable
|-resisted|p2a: Clefable
|-damage|p2a: Clefable|0 fnt
|faint|p2a: Clefable
|
|upkeep
|
|t:|1667316417
|switch|p2a: Garchomp|Garchomp, F|100/100
|turn|13
|
|t:|1667316434
|switch|p1a: Pelipper|Pelipper, M|56/100
|-weather|RainDance|[from] ability: Drizzle|[of] p1a: Pelipper
|move|p2a: Garchomp|Swords Dance|p2a: Garchomp
|-boost|p2a: Garchomp|atk|2
|
|-weather|RainDance|[upkeep]
|upkeep
|turn|14
|
|t:|1667316447
|switch|p1a: Tapu Lele|Tapu Lele|100/100
|move|p2a: Garchomp|Earthquake|p1a: Tapu Lele
|-damage|p1a: Tapu Lele|0 fnt
|faint|p1a: Tapu Lele
|-damage|p2a: Garchomp|91/100|[from] item: Life Orb
|
|-weather|RainDance|[upkeep]
|upkeep
|
|t:|1667316456
|switch|p1a: Dragapult|Dragapult, M, shiny|100/100
|turn|15
|
|t:|1667316463
|switch|p2a: Ferrothorn|Ferrothorn, F|76/100
|move|p1a: Dragapult|Draco Meteor|p2a: Ferrothorn
|-resisted|p2a: Ferrothorn
|-damage|p2a: Ferrothorn|46/100
|-unboost|p1a: Dragapult|spa|2
|
|-weather|RainDance|[upkeep]
|-heal|p2a: Ferrothorn|52/100|[from] item: Leftovers
|-fieldend|move: Psychic Terrain
|upkeep
|turn|16
|
|t:|1667316477
|switch|p1a: Urshifu|Urshifu-Rapid-Strike, M|94/100
|move|p2a: Ferrothorn|Power Whip|p1a: Urshifu
|-supereffective|p1a: Urshifu
|-damage|p1a: Urshifu|9/100
|
|-weather|RainDance|[upkeep]
|-heal|p2a: Ferrothorn|58/100|[from] item: Leftovers
|upkeep
|turn|17
|
|t:|1667316489
|switch|p2a: Slowbro|Slowbro, M|94/100
|move|p1a: Urshifu|Close Combat|p2a: Slowbro
|-resisted|p2a: Slowbro
|-damage|p2a: Slowbro|73/100
|-unboost|p1a: Urshifu|def|1
|-unboost|p1a: Urshifu|spd|1
|
|-weather|none
|upkeep
|turn|18
|
|t:|1667316495
|move|p1a: Urshifu|U-turn|p2a: Slowbro
|-supereffective|p2a: Slowbro
|-damage|p2a: Slowbro|43/100
|
|t:|1667316505
|switch|p1a: Pelipper|Pelipper, M|56/100|[from]move: U-turn
|-weather|RainDance|[from] ability: Drizzle|[of] p1a: Pelipper
|move|p2a: Slowbro|Teleport|p2a: Slowbro
|
|t:|1667316508
|switch|p2a: Ferrothorn|Ferrothorn, F|58/100|[from]move: Teleport
|
|-weather|RainDance|[upkeep]
|-heal|p2a: Ferrothorn|65/100|[from] item: Leftovers
|upkeep
|turn|19
|
|t:|1667316512
|move|p1a: Pelipper|Hurricane|p2a: Ferrothorn
|-damage|p2a: Ferrothorn|30/100
|move|p2a: Ferrothorn|Stealth Rock|p1a: Pelipper
|-sidestart|p1: flusterstorm|move: Stealth Rock
|
|-weather|RainDance|[upkeep]
|-heal|p2a: Ferrothorn|36/100|[from] item: Leftovers
|upkeep
|turn|20
|
|t:|1667316518
|move|p1a: Pelipper|Hurricane|p2a: Ferrothorn
|-damage|p2a: Ferrothorn|0 fnt
|faint|p2a: Ferrothorn
|
|-weather|RainDance|[upkeep]
|upkeep
|
|t:|1667316523
|switch|p2a: Regieleki|Regieleki|100/100
|turn|21
|
|t:|1667316552
|move|p2a: Regieleki|Volt Switch|p1a: Pelipper
|-supereffective|p1a: Pelipper
|-damage|p1a: Pelipper|0 fnt
|faint|p1a: Pelipper
|
|t:|1667316559
|switch|p2a: Glastrier|Glastrier|100/100|[from]move: Volt Switch
|
|-weather|RainDance|[upkeep]
|upkeep
|
|t:|1667316589
|switch|p1a: Urshifu|Urshifu-Rapid-Strike, M|9/100
|-damage|p1a: Urshifu|3/100|[from] Stealth Rock
|turn|22
|
|t:|1667316596
|switch|p2a: Slowbro|Slowbro, M|77/100
|move|p1a: Urshifu|Close Combat|p2a: Slowbro
|-resisted|p2a: Slowbro
|-damage|p2a: Slowbro|55/100
|-unboost|p1a: Urshifu|def|1
|-unboost|p1a: Urshifu|spd|1
|
|-weather|none
|upkeep
|turn|23
|
|t:|1667316603
|move|p1a: Urshifu|U-turn|p2a: Slowbro
|-supereffective|p2a: Slowbro
|-damage|p2a: Slowbro|25/100
|
|t:|1667316610
|switch|p1a: Melmetal|Melmetal|100/100|[from]move: U-turn
|-damage|p1a: Melmetal|94/100|[from] Stealth Rock
|move|p2a: Slowbro|Teleport|p2a: Slowbro
|
|t:|1667316612
|switch|p2a: Garchomp|Garchomp, F|91/100|[from]move: Teleport
|
|-heal|p1a: Melmetal|100/100|[from] item: Leftovers
|upkeep
|turn|24
|
|t:|1667316618
|move|p2a: Garchomp|Earthquake|p1a: Melmetal
|-supereffective|p1a: Melmetal
|-damage|p1a: Melmetal|24/100
|-damage|p2a: Garchomp|81/100|[from] item: Life Orb
|move|p1a: Melmetal|Double Iron Bash|p2a: Garchomp
|-damage|p2a: Garchomp|33/100
|-damage|p1a: Melmetal|11/100|[from] ability: Rough Skin|[of] p2a: Garchomp
|-damage|p2a: Garchomp|0 fnt
|-damage|p1a: Melmetal|0 fnt|[from] ability: Rough Skin|[of] p2a: Garchomp
|faint|p2a: Garchomp
|faint|p1a: Melmetal
|-hitcount|p2: Garchomp|2
|
|upkeep
|
|t:|1667316638
|switch|p2a: Glastrier|Glastrier|100/100
|switch|p1a: Landorus|Landorus-Therian, M, shiny|55/100
|-damage|p1a: Landorus|43/100|[from] Stealth Rock
|-ability|p1a: Landorus|Intimidate|boost
|-unboost|p2a: Glastrier|atk|1
|turn|25
|
|t:|1667316643
|move|p1a: Landorus|Defog|p2a: Glastrier
|-unboost|p2a: Glastrier|evasion|1
|-sideend|p1: flusterstorm|Stealth Rock|[from] move: Defog|[of] p1a: Landorus
|move|p2a: Glastrier|Icicle Crash|p1a: Landorus
|-supereffective|p1a: Landorus
|-damage|p1a: Landorus|0 fnt
|faint|p1a: Landorus
|-ability|p2a: Glastrier|Chilling Neigh|boost
|-boost|p2a: Glastrier|atk|1
|
|upkeep
|
|t:|1667316651
|switch|p1a: Urshifu|Urshifu-Rapid-Strike, M|3/100
|turn|26
|
|t:|1667316658
|switch|p2a: Slowbro|Slowbro, M|58/100
|move|p1a: Urshifu|Close Combat|p2a: Slowbro
|-resisted|p2a: Slowbro
|-damage|p2a: Slowbro|38/100
|-unboost|p1a: Urshifu|def|1
|-unboost|p1a: Urshifu|spd|1
|
|upkeep
|turn|27
|j| MCAdmin2
|
|t:|1667316695
|move|p1a: Urshifu|U-turn|p2a: Slowbro
|-supereffective|p2a: Slowbro
|-damage|p2a: Slowbro|5/100
|
|t:|1667316697
|switch|p1a: Dragapult|Dragapult, M, shiny|100/100|[from]move: U-turn
|move|p2a: Slowbro|Teleport|p2a: Slowbro
|
|t:|1667316699
|switch|p2a: Regieleki|Regieleki|100/100|[from]move: Teleport
|
|upkeep
|turn|28
|
|t:|1667316713
|move|p2a: Regieleki|Volt Switch|p1a: Dragapult
|-resisted|p1a: Dragapult
|-damage|p1a: Dragapult|71/100
|
|t:|1667316715
|switch|p2a: Slowbro|Slowbro, M|39/100|[from]move: Volt Switch
|move|p1a: Dragapult|Shadow Ball|p2a: Slowbro
|-supereffective|p2a: Slowbro
|-damage|p2a: Slowbro|0 fnt
|faint|p2a: Slowbro
|
|upkeep
|
|t:|1667316720
|switch|p2a: Glastrier|Glastrier|100/100
|turn|29
|
|t:|1667316751
|move|p1a: Dragapult|Shadow Ball|p2a: Glastrier
|-damage|p2a: Glastrier|47/100
|move|p2a: Glastrier|Icicle Crash|p1a: Dragapult
|-supereffective|p1a: Dragapult
|-damage|p1a: Dragapult|0 fnt
|faint|p1a: Dragapult
|-ability|p2a: Glastrier|Chilling Neigh|boost
|-boost|p2a: Glastrier|atk|1
|
|upkeep
|-message|flusterstorm forfeited.
|
|win|VirginJimmy99
|raw|flusterstorm's rating: 1535 &rarr; <strong>1517</strong><br />(-18 for losing)
|raw|VirginJimmy99's rating: 1567 &rarr; <strong>1585</strong><br />(+18 for winning)
|l|☆flusterstorm
||Ladder isn't responding, score probably updated but might not have (Request timeout).
