|raw|<div class="broadcast-blue"><strong>This battle is required to be public due to a player having a name starting with 'lt92pf'.</div>
|j|☆LT92PF Futility
|j|☆dmt dreams
|t:|1659754473
|gametype|singles
|player|p1|LT92PF Futility|cynthia-gen4|1732
|player|p2|dmt dreams|102|1992
|teamsize|p1|6
|teamsize|p2|6
|gen|8
|tier|[Gen 8] OU
|rated|
|rule|Sleep Clause Mod: Limit one foe put to sleep
|rule|Species Clause: Limit one of each Pokémon
|rule|OHKO Clause: OHKO moves are banned
|rule|Evasion Items Clause: Evasion items are banned
|rule|Evasion Moves Clause: Evasion moves are banned
|rule|Endless Battle Clause: Forcing endless battles is banned
|rule|HP Percentage Mod: HP is shown in percentages
|rule|Dynamax Clause: You cannot dynamax
|clearpoke
|poke|p1|Tyranitar, M|
|poke|p1|Slowbro-Galar, F|
|poke|p1|Corviknight, F|
|poke|p1|Urshifu-*, M|
|poke|p1|Landorus-Therian, M|
|poke|p1|Dragapult, F|
|poke|p2|Mew|
|poke|p2|Landorus-Therian, M|
|poke|p2|Nihilego|
|poke|p2|Zeraora|
|poke|p2|Celesteela|
|poke|p2|Dragapult, F|
|teampreview
|inactive|Battle timer is ON: inactive players will automatically lose when time's up. (requested by LT92PF Futility)
|
|t:|1659754488
|start
|switch|p1a: Urshifu|Urshifu-Rapid-Strike, M|100/100
|switch|p2a: Mew|Mew|100/100
|turn|1
|
|t:|1659754492
|move|p2a: Mew|Thunder Wave|p1a: Urshifu
|-status|p1a: Urshifu|par
|move|p1a: Urshifu|U-turn|p2a: Mew
|-supereffective|p2a: Mew
|-damage|p2a: Mew|38/100
|
|t:|1659754497
|switch|p1a: Dragapult|Dragapult, F|100/100|[from]move: U-turn
|
|upkeep
|turn|2
|
|t:|1659754502
|move|p1a: Dragapult|Shadow Ball|p2a: Mew
|-supereffective|p2a: Mew
|-damage|p2a: Mew|0 fnt
|faint|p2a: Mew
|
|upkeep
|j| tapu moxo
|
|t:|1659754510
|switch|p2a: Nihilego|Nihilego|100/100
|turn|3
|
|t:|1659754518
|move|p1a: Dragapult|Shadow Ball|p2a: Nihilego
|-damage|p2a: Nihilego|62/100
|move|p2a: Nihilego|Meteor Beam||[still]
|-prepare|p2a: Nihilego|Meteor Beam
|-boost|p2a: Nihilego|spa|1
|-enditem|p2a: Nihilego|Power Herb
|-anim|p2a: Nihilego|Meteor Beam|p1a: Dragapult
|-damage|p1a: Dragapult|0 fnt
|faint|p1a: Dragapult
|-ability|p2a: Nihilego|Beast Boost|boost
|-boost|p2a: Nihilego|spe|1
|
|upkeep
|
|t:|1659754524
|switch|p1a: Tyranitar|Tyranitar, M|100/100
|-weather|Sandstorm|[from] ability: Sand Stream|[of] p1a: Tyranitar
|turn|4
|
|t:|1659754530
|move|p2a: Nihilego|Grass Knot|p1a: Tyranitar
|-supereffective|p1a: Tyranitar
|-damage|p1a: Tyranitar|49/100
|move|p1a: Tyranitar|Earthquake|p2a: Nihilego
|-supereffective|p2a: Nihilego
|-damage|p2a: Nihilego|0 fnt
|faint|p2a: Nihilego
|
|-weather|Sandstorm|[upkeep]
|-heal|p1a: Tyranitar|55/100|[from] item: Leftovers
|upkeep
|
|t:|1659754532
|switch|p2a: Landorus|Landorus-Therian, M|100/100
|-ability|p2a: Landorus|Intimidate|boost
|-unboost|p1a: Tyranitar|atk|1
|turn|5
|
|t:|1659754535
|move|p2a: Landorus|Gravity|p2a: Landorus
|-fieldstart|move: Gravity
|move|p1a: Tyranitar|Stealth Rock|p2a: Landorus
|-sidestart|p2: dmt dreams|move: Stealth Rock
|
|-weather|Sandstorm|[upkeep]
|-heal|p1a: Tyranitar|61/100|[from] item: Leftovers
|upkeep
|turn|6
|j| LT92PF Lio
|
|t:|1659754550
|switch|p1a: Corviknight|Corviknight, F|100/100
|-ability|p1a: Corviknight|Pressure
|move|p2a: Landorus|Earthquake|p1a: Corviknight
|-supereffective|p1a: Corviknight
|-damage|p1a: Corviknight|0 fnt
|faint|p1a: Corviknight
|
|-weather|Sandstorm|[upkeep]
|upkeep
|j| ripreckful
|j| LegendaryC26
|l| LegendaryC26
|
|t:|1659754564
|switch|p1a: Urshifu|Urshifu-Rapid-Strike, M|100/100 par
|turn|7
|
|t:|1659754567
|move|p2a: Landorus|Earthquake|p1a: Urshifu
|-damage|p1a: Urshifu|21/100 par
|move|p1a: Urshifu|Surging Strikes|p2a: Landorus
|-supereffective|p2a: Landorus
|-crit|p2a: Landorus
|-damage|p2a: Landorus|37/100
|-supereffective|p2a: Landorus
|-crit|p2a: Landorus
|-damage|p2a: Landorus|0 fnt
|faint|p2a: Landorus
|-hitcount|p2: Landorus|2
|
|-weather|Sandstorm|[upkeep]
|-damage|p1a: Urshifu|15/100 par|[from] Sandstorm
|upkeep
|
|t:|1659754576
|switch|p2a: Celesteela|Celesteela|100/100
|-damage|p2a: Celesteela|88/100|[from] Stealth Rock
|turn|8
|
|t:|1659754579
|move|p2a: Celesteela|Meteor Beam||[still]
|-prepare|p2a: Celesteela|Meteor Beam
|-boost|p2a: Celesteela|spa|1
|-enditem|p2a: Celesteela|Power Herb
|-anim|p2a: Celesteela|Meteor Beam|p1a: Urshifu
|-resisted|p1a: Urshifu
|-damage|p1a: Urshifu|0 fnt
|faint|p1a: Urshifu
|-ability|p2a: Celesteela|Beast Boost|boost
|-boost|p2a: Celesteela|spa|1
|
|-weather|none
|upkeep
|
|t:|1659754583
|switch|p1a: Landorus|Landorus-Therian, M|100/100
|-ability|p1a: Landorus|Intimidate|boost
|-unboost|p2a: Celesteela|atk|1
|turn|9
|
|t:|1659754585
|move|p1a: Landorus|Earthquake|p2a: Celesteela
|-supereffective|p2a: Celesteela
|-damage|p2a: Celesteela|0 fnt
|faint|p2a: Celesteela
|
|-fieldend|move: Gravity
|upkeep
|
|t:|1659754588
|switch|p2a: Dragapult|Dragapult, F|100/100
|-damage|p2a: Dragapult|88/100|[from] Stealth Rock
|turn|10
|
|t:|1659754597
|switch|p1a: Tyranitar|Tyranitar, M|61/100
|-weather|Sandstorm|[from] ability: Sand Stream|[of] p1a: Tyranitar
|move|p2a: Dragapult|Dragon Darts|p1a: Tyranitar
|-damage|p1a: Tyranitar|32/100
|-anim|p2a: Dragapult|Dragon Darts|p1a: Tyranitar
|-damage|p1a: Tyranitar|3/100
|-damage|p2a: Dragapult|78/100|[from] item: Life Orb
|
|-weather|Sandstorm|[upkeep]
|-damage|p2a: Dragapult|72/100|[from] Sandstorm
|-heal|p1a: Tyranitar|10/100|[from] item: Leftovers
|upkeep
|turn|11
|
|t:|1659754606
|move|p2a: Dragapult|Dragon Darts|p1a: Tyranitar
|-damage|p1a: Tyranitar|0 fnt
|faint|p1a: Tyranitar
|-damage|p2a: Dragapult|63/100|[from] item: Life Orb
|
|-weather|Sandstorm|[upkeep]
|-damage|p2a: Dragapult|57/100|[from] Sandstorm
|upkeep
|
|t:|1659754611
|switch|p1a: Slowbro|Slowbro-Galar, F|100/100
|turn|12
|
|t:|1659754619
|move|p2a: Dragapult|Phantom Force||[still]
|-prepare|p2a: Dragapult|Phantom Force
|move|p1a: Slowbro|Psyshock|p2a: Dragapult|[miss]
|-miss|p1a: Slowbro|p2a: Dragapult
|
|-weather|Sandstorm|[upkeep]
|-damage|p2a: Dragapult|51/100|[from] Sandstorm
|-damage|p1a: Slowbro|94/100|[from] Sandstorm
|upkeep
|turn|13
|
|t:|1659754625
|move|p2a: Dragapult|Phantom Force|p1a: Slowbro|[from]lockedmove
|-supereffective|p1a: Slowbro
|-damage|p1a: Slowbro|0 fnt
|faint|p1a: Slowbro
|-damage|p2a: Dragapult|41/100|[from] item: Life Orb
|
|-weather|Sandstorm|[upkeep]
|-damage|p2a: Dragapult|35/100|[from] Sandstorm
|upkeep
|
|t:|1659754628
|switch|p1a: Landorus|Landorus-Therian, M|100/100
|-ability|p1a: Landorus|Intimidate|boost
|-fail|p2a: Dragapult|unboost|[from] ability: Clear Body|[of] p2a: Dragapult
|turn|14
|
|t:|1659754630
|move|p2a: Dragapult|Dragon Darts|p1a: Landorus
|-damage|p1a: Landorus|56/100
|-anim|p2a: Dragapult|Dragon Darts|p1a: Landorus
|-damage|p1a: Landorus|12/100
|-damage|p2a: Dragapult|25/100|[from] item: Life Orb
|move|p1a: Landorus|Earthquake|p2a: Dragapult
|-damage|p2a: Dragapult|0 fnt
|faint|p2a: Dragapult
|
|-weather|none
|-heal|p1a: Landorus|18/100|[from] item: Leftovers
|upkeep
|
|t:|1659754633
|switch|p2a: Zeraora|Zeraora|100/100
|turn|15
|
|t:|1659754635
|move|p2a: Zeraora|Knock Off|p1a: Landorus
|-damage|p1a: Landorus|0 fnt
|-enditem|p1a: Landorus|Leftovers|[from] move: Knock Off|[of] p2a: Zeraora
|faint|p1a: Landorus
|
|win|dmt dreams
|raw|LT92PF Futility's rating: 1732 &rarr; <strong>1725</strong><br />(-7 for losing)
|raw|dmt dreams's rating: 1992 &rarr; <strong>1999</strong><br />(+7 for winning)
|l|☆LT92PF Futility
|c|☆dmt dreams|gg
