|j|☆ohio boy
|j|☆Steez Ibanez
|t:|1667437035
|gametype|singles
|player|p1|ohio boy|169|1836
|player|p2|Steez Ibanez|acetrainer-gen7|1784
|teamsize|p1|6
|teamsize|p2|6
|gen|8
|tier|[Gen 8] OU
|rated|
|rule|Sleep Clause Mod: Limit one foe put to sleep
|rule|Species Clause: Limit one of each Pokémon
|rule|OHKO Clause: OHKO moves are banned
|rule|Evasion Items Clause: Evasion items are banned
|rule|Evasion Moves Clause: Evasion moves are banned
|rule|Endless Battle Clause: Forcing endless battles is banned
|rule|HP Percentage Mod: HP is shown in percentages
|rule|Dynamax Clause: You cannot dynamax
|clearpoke
|poke|p1|Azelf|
|poke|p1|Blacephalon|
|poke|p1|Metagross|
|poke|p1|Snorlax, M|
|poke|p1|Landorus-Therian, M|
|poke|p1|Cloyster, F|
|poke|p2|Garchomp, M|
|poke|p2|Volcarona, M|
|poke|p2|Landorus-Therian, M|
|poke|p2|Ferrothorn, M|
|poke|p2|Tyranitar, M|
|poke|p2|Alakazam, M|
|teampreview
|inactive|Battle timer is ON: inactive players will automatically lose when time's up. (requested by Steez Ibanez)
|j| blooclipse ✿
|c| blooclipse ✿|LOL
|j| nightsuwu
|
|t:|1667437062
|start
|switch|p1a: Azelf|Azelf|100/100
|switch|p2a: Simba|Landorus-Therian, M|100/100
|-ability|p2a: Simba|Intimidate|boost
|-unboost|p1a: Azelf|atk|1
|turn|1
|
|t:|1667437068
|move|p2a: Simba|U-turn|p1a: Azelf
|-supereffective|p1a: Azelf
|-damage|p1a: Azelf|30/100
|
|t:|1667437071
|switch|p2a: Cereal Killer|Alakazam, M|100/100|[from]move: U-turn
|move|p1a: Azelf|Stealth Rock|p2a: Cereal Killer
|-sidestart|p2: Steez Ibanez|move: Stealth Rock
|
|upkeep
|turn|2
|
|t:|1667437075
|switch|p1a: Metagross|Metagross|100/100
|move|p2a: Cereal Killer|Encore||[still]
|-fail|p2a: Cereal Killer
|
|upkeep
|turn|3
|
|t:|1667437088
|switch|p2a: Susano'o|Volcarona, M|100/100
|move|p1a: Metagross|Agility|p1a: Metagross
|-boost|p1a: Metagross|spe|2
|
|upkeep
|turn|4
|
|t:|1667437092
|move|p1a: Metagross|Explosion|p2a: Susano'o
|-damage|p2a: Susano'o|14/100
|faint|p1a: Metagross
|move|p2a: Susano'o|Flamethrower|p1: Metagross|[notarget]
|-fail|p2a: Susano'o
|
|upkeep
|
|t:|1667437095
|switch|p1a: Blacephalon|Blacephalon|100/100
|turn|5
|
|t:|1667437105
|move|p1a: Blacephalon|Shadow Ball|p2a: Susano'o
|-damage|p2a: Susano'o|0 fnt
|faint|p2a: Susano'o
|-ability|p1a: Blacephalon|Beast Boost|boost
|-boost|p1a: Blacephalon|spe|1
|-damage|p1a: Blacephalon|91/100|[from] item: Life Orb
|
|upkeep
|
|t:|1667437107
|switch|p2a: Reptar|Tyranitar, M|100/100
|-weather|Sandstorm|[from] ability: Sand Stream|[of] p2a: Reptar
|turn|6
|
|t:|1667437113
|switch|p1a: Azelf|Azelf|30/100
|move|p2a: Reptar|Rock Blast|p1a: Azelf
|-damage|p1a: Azelf|14/100
|-damage|p1a: Azelf|0 fnt
|faint|p1a: Azelf
|-hitcount|p1: Azelf|2
|
|-weather|Sandstorm|[upkeep]
|upkeep
|
|t:|1667437119
|switch|p1a: Landorus|Landorus-Therian, M|100/100
|-ability|p1a: Landorus|Intimidate|boost
|-unboost|p2a: Reptar|atk|1
|turn|7
|
|t:|1667437122
|move|p1a: Landorus|Swords Dance|p1a: Landorus
|-boost|p1a: Landorus|atk|2
|move|p2a: Reptar|Ice Beam|p1a: Landorus
|-supereffective|p1a: Landorus
|-enditem|p1a: Landorus|Focus Sash
|-damage|p1a: Landorus|1/100
|
|-weather|Sandstorm|[upkeep]
|upkeep
|turn|8
|
|t:|1667437126
|move|p1a: Landorus|Stone Edge|p2a: Reptar
|-damage|p2a: Reptar|46/100
|move|p2a: Reptar|Stealth Rock|p1a: Landorus
|-sidestart|p1: ohio boy|move: Stealth Rock
|
|-weather|Sandstorm|[upkeep]
|upkeep
|turn|9
|
|t:|1667437129
|move|p1a: Landorus|Stone Edge|p2a: Reptar
|-damage|p2a: Reptar|0 fnt
|faint|p2a: Reptar
|
|-weather|Sandstorm|[upkeep]
|upkeep
|
|t:|1667437131
|switch|p2a: Cereal Killer|Alakazam, M|100/100
|turn|10
|
|t:|1667437133
|move|p2a: Cereal Killer|Psyshock|p1a: Landorus
|-damage|p1a: Landorus|0 fnt
|faint|p1a: Landorus
|
|-weather|none
|upkeep
|
|t:|1667437138
|switch|p1a: Snorlax|Snorlax, M|100/100
|-damage|p1a: Snorlax|88/100|[from] Stealth Rock
|turn|11
|l| nightsuwu
|
|t:|1667437148
|move|p2a: Cereal Killer|Focus Blast|p1a: Snorlax|[miss]
|-miss|p2a: Cereal Killer|p1a: Snorlax
|move|p1a: Snorlax|Earthquake|p2a: Cereal Killer
|-damage|p2a: Cereal Killer|17/100
|
|upkeep
|turn|12
|
|t:|1667437157
|move|p2a: Cereal Killer|Focus Blast|p1a: Snorlax
|-supereffective|p1a: Snorlax
|-damage|p1a: Snorlax|23/100
|move|p1a: Snorlax|Darkest Lariat|p2a: Cereal Killer
|-supereffective|p2a: Cereal Killer
|-damage|p2a: Cereal Killer|0 fnt
|faint|p2a: Cereal Killer
|
|upkeep
|j| nightsuwu
|
|t:|1667437164
|switch|p2a: Samehada|Garchomp, M|100/100
|-damage|p2a: Samehada|94/100|[from] Stealth Rock
|turn|13
|j| BTLT007 Hamzeee
|-enditem|p1a: Snorlax|Custap Berry|[eat]
|-activate|p1a: Snorlax|item: Custap Berry|[consumed]
|
|t:|1667437166
|move|p1a: Snorlax|Self-Destruct|p2a: Samehada
|-damage|p2a: Samehada|1/100
|faint|p1a: Snorlax
|move|p2a: Samehada|Earthquake|p1: Snorlax|[notarget]
|-fail|p2a: Samehada
|
|-heal|p2a: Samehada|7/100|[from] item: Leftovers
|upkeep
|
|t:|1667437169
|switch|p1a: Cloyster|Cloyster, F|100/100
|-damage|p1a: Cloyster|76/100|[from] Stealth Rock
|turn|14
|
|t:|1667437172
|move|p2a: Samehada|Earthquake|p1a: Cloyster
|-damage|p1a: Cloyster|32/100
|move|p1a: Cloyster|Shell Smash|p1a: Cloyster
|-unboost|p1a: Cloyster|def|1
|-unboost|p1a: Cloyster|spd|1
|-boost|p1a: Cloyster|atk|2
|-boost|p1a: Cloyster|spa|2
|-boost|p1a: Cloyster|spe|2
|
|-heal|p2a: Samehada|13/100|[from] item: Leftovers
|upkeep
|turn|15
|
|t:|1667437175
|move|p1a: Cloyster|Icicle Spear|p2a: Samehada
|-supereffective|p2a: Samehada
|-damage|p2a: Samehada|0 fnt
|faint|p2a: Samehada
|-hitcount|p2: Samehada|1
|
|upkeep
|
|t:|1667437176
|switch|p2a: Abomination|Ferrothorn, M|100/100
|-damage|p2a: Abomination|95/100|[from] Stealth Rock
|turn|16
|
|t:|1667437179
|move|p1a: Cloyster|Icicle Spear|p2a: Abomination
|-damage|p2a: Abomination|79/100
|-damage|p2a: Abomination|63/100
|-damage|p2a: Abomination|49/100
|-damage|p2a: Abomination|34/100
|-damage|p2a: Abomination|20/100
|-hitcount|p2a: Abomination|5
|move|p2a: Abomination|Gyro Ball|p1a: Cloyster
|-damage|p1a: Cloyster|0 fnt
|faint|p1a: Cloyster
|
|upkeep
|
|t:|1667437180
|switch|p1a: Blacephalon|Blacephalon|91/100
|-damage|p1a: Blacephalon|66/100|[from] Stealth Rock
|turn|17
|
|t:|1667437183
|move|p1a: Blacephalon|Shadow Ball|p2a: Abomination
|-damage|p2a: Abomination|0 fnt
|faint|p2a: Abomination
|-ability|p1a: Blacephalon|Beast Boost|boost
|-boost|p1a: Blacephalon|spe|1
|-damage|p1a: Blacephalon|56/100|[from] item: Life Orb
|
|upkeep
|
|t:|1667437184
|switch|p2a: Simba|Landorus-Therian, M|100/100
|-damage|p2a: Simba|88/100|[from] Stealth Rock
|-ability|p2a: Simba|Intimidate|boost
|-unboost|p1a: Blacephalon|atk|1
|turn|18
|
|t:|1667437187
|move|p1a: Blacephalon|Fire Blast|p2a: Simba
|-damage|p2a: Simba|0 fnt
|faint|p2a: Simba
|-damage|p1a: Blacephalon|46/100|[from] item: Life Orb
|
|win|ohio boy
|raw|ohio boy's rating: 1836 &rarr; <strong>1853</strong><br />(+17 for winning)
|raw|Steez Ibanez's rating: 1784 &rarr; <strong>1767</strong><br />(-17 for losing)
|c|☆ohio boy|gg
