|raw|<div class="broadcast-blue"><strong>This battle is required to be public due to a player having a name starting with 'lt91bb'.</div>
|j|☆LT91BB Raizen
|j|☆return nirvana
|t:|1659355954
|gametype|singles
|player|p1|LT91BB Raizen|169|2029
|player|p2|return nirvana|gambler-gen1|2011
|teamsize|p1|6
|teamsize|p2|6
|gen|8
|tier|[Gen 8] OU
|rated|
|rule|Sleep Clause Mod: Limit one foe put to sleep
|rule|Species Clause: Limit one of each Pokémon
|rule|OHKO Clause: OHKO moves are banned
|rule|Evasion Moves Clause: Evasion moves are banned
|rule|Endless Battle Clause: Forcing endless battles is banned
|rule|HP Percentage Mod: HP is shown in percentages
|rule|Dynamax Clause: You cannot dynamax
|clearpoke
|poke|p1|Dragapult, F|
|poke|p1|Zapdos|
|poke|p1|Urshifu-*, M|
|poke|p1|Tapu Lele|
|poke|p1|Landorus-Therian, M|
|poke|p1|Melmetal|
|poke|p2|Cresselia, F|
|poke|p2|Clefable, M|
|poke|p2|Quagsire, F|
|poke|p2|Skarmory, F|
|poke|p2|Zapdos|
|poke|p2|Toxapex, F|
|teampreview
|c|☆LT91BB Raizen|hf
|inactive|Battle timer is ON: inactive players will automatically lose when time's up. (requested by LT91BB Raizen)
|c|☆return nirvana|u2
|
|t:|1659355979
|start
|switch|p1a: Landorus|Landorus-Therian, M, shiny|100/100
|switch|p2a: Toxapex|Toxapex, F|100/100
|-ability|p1a: Landorus|Intimidate|boost
|-unboost|p2a: Toxapex|atk|1
|turn|1
|j| SKIP THE DRIP
|
|t:|1659355984
|switch|p2a: Skarmory|Skarmory, F|100/100
|move|p1a: Landorus|Earthquake|p2a: Skarmory
|-immune|p2a: Skarmory
|
|upkeep
|turn|2
|j| simplegent
|
|t:|1659355986
|move|p1a: Landorus|Knock Off|p2a: Skarmory
|-damage|p2a: Skarmory|81/100
|-enditem|p2a: Skarmory|Shed Shell|[from] move: Knock Off|[of] p1a: Landorus
|move|p2a: Skarmory|Toxic|p1a: Landorus
|-status|p1a: Landorus|tox
|
|-damage|p1a: Landorus|94/100 tox|[from] psn
|upkeep
|turn|3
|
|t:|1659355989
|move|p1a: Landorus|Stealth Rock|p2a: Skarmory
|-sidestart|p2: return nirvana|move: Stealth Rock
|move|p2a: Skarmory|Spikes|p1a: Landorus
|-sidestart|p1: LT91BB Raizen|Spikes
|
|-heal|p1a: Landorus|100/100 tox|[from] item: Leftovers
|-damage|p1a: Landorus|88/100 tox|[from] psn
|upkeep
|turn|4
|j| nathaaan
|j| ivehadenoughshit
|j| LT91BB PDC
|j| LT91BB Ox
|
|t:|1659355993
|move|p1a: Landorus|U-turn|p2a: Skarmory
|-resisted|p2a: Skarmory
|-damage|p2a: Skarmory|77/100
|
|t:|1659355995
|switch|p1a: Melmetal|Melmetal, shiny|100/100|[from]move: U-turn
|-damage|p1a: Melmetal|88/100|[from] Spikes
|move|p2a: Skarmory|Roost|p2a: Skarmory
|-heal|p2a: Skarmory|100/100
|-singleturn|p2a: Skarmory|move: Roost
|
|-heal|p1a: Melmetal|94/100|[from] item: Leftovers
|upkeep
|turn|5
|j| hippo kek
|j| LT91BB Xxtarlit
|
|t:|1659355999
|move|p2a: Skarmory|Body Press|p1a: Melmetal
|-supereffective|p1a: Melmetal
|-damage|p1a: Melmetal|54/100
|move|p1a: Melmetal|Double Iron Bash|p2a: Skarmory
|-resisted|p2a: Skarmory
|-damage|p2a: Skarmory|88/100
|-resisted|p2a: Skarmory
|-damage|p2a: Skarmory|76/100
|-hitcount|p2a: Skarmory|2
|
|-heal|p1a: Melmetal|60/100|[from] item: Leftovers
|upkeep
|turn|6
|j| ghost + freakkkk
|
|t:|1659356003
|switch|p1a: Dragapult|Dragapult, F, shiny|100/100
|-damage|p1a: Dragapult|88/100|[from] Spikes
|move|p2a: Skarmory|Spikes|p1a: Dragapult
|-sidestart|p1: LT91BB Raizen|Spikes
|
|upkeep
|turn|7
|j| LT91BB Dasmer
|
|t:|1659356005
|switch|p2a: Toxapex|Toxapex, F|100/100
|-damage|p2a: Toxapex|88/100|[from] Stealth Rock
|move|p1a: Dragapult|Shadow Ball|p2a: Toxapex
|-damage|p2a: Toxapex|49/100
|
|upkeep
|turn|8
|
|t:|1659356009
|move|p1a: Dragapult|Shadow Ball|p2a: Toxapex
|-damage|p2a: Toxapex|15/100
|move|p2a: Toxapex|Recover|p2a: Toxapex
|-heal|p2a: Toxapex|65/100
|
|upkeep
|turn|9
|
|t:|1659356013
|switch|p1a: Zapdos|Zapdos, shiny|100/100
|move|p2a: Toxapex|Recover|p2a: Toxapex
|-heal|p2a: Toxapex|100/100
|
|upkeep
|turn|10
|
|t:|1659356018
|move|p1a: Zapdos|Hurricane|p2a: Toxapex
|-damage|p2a: Toxapex|64/100
|move|p2a: Toxapex|Toxic Spikes|p1a: Zapdos
|-sidestart|p1: LT91BB Raizen|move: Toxic Spikes
|
|upkeep
|turn|11
|
|t:|1659356020
|move|p1a: Zapdos|Defog|p2a: Toxapex
|-unboost|p2a: Toxapex|evasion|1
|-sideend|p2: return nirvana|Stealth Rock|[from] move: Defog|[of] p1a: Zapdos
|-sideend|p1: LT91BB Raizen|Spikes|[from] move: Defog|[of] p1a: Zapdos
|-sideend|p1: LT91BB Raizen|Toxic Spikes|[from] move: Defog|[of] p1a: Zapdos
|move|p2a: Toxapex|Toxic|p1a: Zapdos
|-status|p1a: Zapdos|tox
|
|-damage|p1a: Zapdos|94/100 tox|[from] psn
|upkeep
|turn|12
|j| Tamagochi azulado
|j| Confusien
|j| Fire and wrath
|j| ripreckful
|
|t:|1659356024
|move|p1a: Zapdos|Hurricane|p2a: Toxapex
|-damage|p2a: Toxapex|26/100
|-start|p2a: Toxapex|confusion
|-activate|p2a: Toxapex|confusion
|move|p2a: Toxapex|Recover|p2a: Toxapex
|-heal|p2a: Toxapex|76/100
|
|-damage|p1a: Zapdos|82/100 tox|[from] psn
|upkeep
|turn|13
|j| LT91BBStepthaClown
|
|t:|1659356027
|switch|p2a: Quagsire|Quagsire, F|100/100
|move|p1a: Zapdos|Volt Switch|p2a: Quagsire
|-immune|p2a: Quagsire
|
|-damage|p1a: Zapdos|63/100 tox|[from] psn
|upkeep
|turn|14
|
|t:|1659356031
|switch|p1a: Tapu Lele|Tapu Lele, shiny|100/100
|-fieldstart|move: Psychic Terrain|[from] ability: Psychic Surge|[of] p1a: Tapu Lele
|move|p2a: Quagsire|Scald|p1a: Tapu Lele
|-damage|p1a: Tapu Lele|82/100
|-status|p1a: Tapu Lele|brn
|
|-damage|p1a: Tapu Lele|76/100 brn|[from] brn
|upkeep
|turn|15
|j| AlIoutdragadarts
|j| whoghohou
|
|t:|1659356039
|move|p1a: Tapu Lele|Future Sight|p2a: Quagsire
|-start|p1a: Tapu Lele|move: Future Sight
|move|p2a: Quagsire|Earthquake|p1a: Tapu Lele
|-damage|p1a: Tapu Lele|34/100 brn
|
|-damage|p1a: Tapu Lele|28/100 brn|[from] brn
|upkeep
|turn|16
|
|t:|1659356043
|switch|p1a: Urshifu|Urshifu-Rapid-Strike, M|100/100
|switch|p2a: Cresselia|Cresselia, F|100/100
|
|upkeep
|turn|17
|inactive|LT91BB Raizen has 120 seconds left.
|j| LT91BB Storm
|
|t:|1659356083
|move|p1a: Urshifu|Surging Strikes|p2a: Cresselia
|-crit|p2a: Cresselia
|-damage|p2a: Cresselia|80/100
|-crit|p2a: Cresselia
|-damage|p2a: Cresselia|58/100
|-crit|p2a: Cresselia
|-damage|p2a: Cresselia|36/100
|-hitcount|p2a: Cresselia|3
|move|p2a: Cresselia|Moonlight|p2a: Cresselia
|-heal|p2a: Cresselia|86/100
|
|-end|p2a: Cresselia|move: Future Sight
|-resisted|p2a: Cresselia
|-damage|p2a: Cresselia|65/100
|-heal|p2a: Cresselia|71/100|[from] item: Leftovers
|upkeep
|turn|18
|j| Pazaldo
|j| Newal
|l| LT91BB Dasmer
|l| Tamagochi azulado
|
|t:|1659356112
|switch|p1a: Melmetal|Melmetal, shiny|60/100
|switch|p2a: Toxapex|Toxapex, F|100/100
|
|-heal|p1a: Melmetal|66/100|[from] item: Leftovers
|-fieldend|move: Psychic Terrain
|upkeep
|turn|19
|
|t:|1659356114
|move|p1a: Melmetal|Double Iron Bash|p2a: Toxapex
|-resisted|p2a: Toxapex
|-damage|p2a: Toxapex|82/100
|-resisted|p2a: Toxapex
|-damage|p2a: Toxapex|64/100
|-hitcount|p2a: Toxapex|2
|cant|p2a: Toxapex|flinch
|
|-heal|p1a: Melmetal|73/100|[from] item: Leftovers
|upkeep
|turn|20
|
|t:|1659356118
|switch|p2a: Quagsire|Quagsire, F|100/100
|move|p1a: Melmetal|Earthquake|p2a: Quagsire
|-damage|p2a: Quagsire|68/100
|
|-heal|p1a: Melmetal|79/100|[from] item: Leftovers
|-heal|p2a: Quagsire|74/100|[from] item: Leftovers
|upkeep
|turn|21
|j| HiroZ
|
|t:|1659356121
|switch|p2a: Skarmory|Skarmory, F|76/100
|move|p1a: Melmetal|Toxic|p2a: Skarmory
|-immune|p2a: Skarmory
|
|-heal|p1a: Melmetal|85/100|[from] item: Leftovers
|upkeep
|turn|22
|j| Goju Rashomon
|
|t:|1659356128
|switch|p1a: Dragapult|Dragapult, F, shiny|88/100
|move|p2a: Skarmory|Spikes|p1a: Dragapult
|-sidestart|p1: LT91BB Raizen|Spikes
|
|upkeep
|turn|23
|
|t:|1659356131
|switch|p2a: Toxapex|Toxapex, F|97/100
|move|p1a: Dragapult|Shadow Ball|p2a: Toxapex
|-crit|p2a: Toxapex
|-damage|p2a: Toxapex|41/100
|
|upkeep
|turn|24
|
|t:|1659356133
|move|p1a: Dragapult|Shadow Ball|p2a: Toxapex
|-damage|p2a: Toxapex|2/100
|move|p2a: Toxapex|Recover|p2a: Toxapex
|-heal|p2a: Toxapex|52/100
|
|upkeep
|turn|25
|
|t:|1659356135
|move|p1a: Dragapult|Shadow Ball|p2a: Toxapex
|-damage|p2a: Toxapex|18/100
|-unboost|p2a: Toxapex|spd|1
|move|p2a: Toxapex|Recover|p2a: Toxapex
|-heal|p2a: Toxapex|68/100
|
|upkeep
|turn|26
|j| LT91BB Cute
|
|t:|1659356139
|move|p1a: Dragapult|Shadow Ball|p2a: Toxapex
|-damage|p2a: Toxapex|18/100
|move|p2a: Toxapex|Knock Off|p1a: Dragapult
|-supereffective|p1a: Dragapult
|-damage|p1a: Dragapult|52/100
|-enditem|p1a: Dragapult|Choice Specs|[from] move: Knock Off|[of] p2a: Toxapex
|
|upkeep
|turn|27
|
|t:|1659356145
|switch|p2a: Clefable|Clefable, M|100/100
|move|p1a: Dragapult|U-turn|p2a: Clefable
|-resisted|p2a: Clefable
|-damage|p2a: Clefable|93/100
|j| Bushido Black
|inactive|LT91BB Raizen has 120 seconds left.
|
|t:|1659356176
|switch|p1a: Melmetal|Melmetal, shiny|85/100|[from]move: U-turn
|-damage|p1a: Melmetal|73/100|[from] Spikes
|
|-heal|p1a: Melmetal|79/100|[from] item: Leftovers
|upkeep
|turn|28
|
|t:|1659356184
|switch|p2a: Skarmory|Skarmory, F|76/100
|switch|p1a: Urshifu|Urshifu-Rapid-Strike, M|100/100
|-damage|p1a: Urshifu|88/100|[from] Spikes
|
|upkeep
|turn|29
|
|t:|1659356190
|move|p1a: Urshifu|Surging Strikes|p2a: Skarmory
|-crit|p2a: Skarmory
|-damage|p2a: Skarmory|58/100
|-crit|p2a: Skarmory
|-damage|p2a: Skarmory|40/100
|-crit|p2a: Skarmory
|-damage|p2a: Skarmory|20/100
|-hitcount|p2a: Skarmory|3
|move|p2a: Skarmory|Roost|p2a: Skarmory
|-heal|p2a: Skarmory|70/100
|-singleturn|p2a: Skarmory|move: Roost
|
|upkeep
|turn|30
|
|t:|1659356199
|move|p1a: Urshifu|Surging Strikes|p2a: Skarmory
|-crit|p2a: Skarmory
|-damage|p2a: Skarmory|51/100
|-crit|p2a: Skarmory
|-damage|p2a: Skarmory|32/100
|-crit|p2a: Skarmory
|-damage|p2a: Skarmory|12/100
|-hitcount|p2a: Skarmory|3
|move|p2a: Skarmory|Roost|p2a: Skarmory
|-heal|p2a: Skarmory|62/100
|-singleturn|p2a: Skarmory|move: Roost
|
|upkeep
|turn|31
|j| savx
|j| jey2
|
|t:|1659356207
|move|p1a: Urshifu|Surging Strikes|p2a: Skarmory
|-crit|p2a: Skarmory
|-damage|p2a: Skarmory|43/100
|-crit|p2a: Skarmory
|-damage|p2a: Skarmory|23/100
|-crit|p2a: Skarmory
|-damage|p2a: Skarmory|3/100
|-hitcount|p2a: Skarmory|3
|move|p2a: Skarmory|Roost|p2a: Skarmory
|-heal|p2a: Skarmory|53/100
|-singleturn|p2a: Skarmory|move: Roost
|
|upkeep
|turn|32
|j| JJ09LIE
|j| Mantirps
|
|t:|1659356218
|switch|p2a: Zapdos|Zapdos|100/100
|-ability|p2a: Zapdos|Pressure
|move|p1a: Urshifu|Surging Strikes|p2a: Zapdos
|-crit|p2a: Zapdos
|-damage|p2a: Zapdos|69/100
|-crit|p2a: Zapdos
|-damage|p2a: Zapdos|38/100
|-crit|p2a: Zapdos
|-damage|p2a: Zapdos|11/100
|-hitcount|p2a: Zapdos|3
|
|upkeep
|turn|33
|l| Mantirps
|
|t:|1659356220
|move|p1a: Urshifu|Surging Strikes|p2a: Zapdos
|-crit|p2a: Zapdos
|-damage|p2a: Zapdos|0 fnt
|faint|p2a: Zapdos
|-hitcount|p2: Zapdos|1
|
|upkeep
|
|t:|1659356222
|switch|p2a: Skarmory|Skarmory, F|53/100
|turn|34
|
|t:|1659356232
|switch|p1a: Zapdos|Zapdos, shiny|63/100 tox
|move|p2a: Skarmory|Roost|p2a: Skarmory
|-heal|p2a: Skarmory|100/100
|-singleturn|p2a: Skarmory|move: Roost
|
|-damage|p1a: Zapdos|57/100 tox|[from] psn
|upkeep
|turn|35
|j| lt91bb gray
|
|t:|1659356237
|switch|p2a: Cresselia|Cresselia, F|71/100
|move|p1a: Zapdos|Hurricane|p2a: Cresselia
|-damage|p2a: Cresselia|46/100
|
|-heal|p2a: Cresselia|52/100|[from] item: Leftovers
|-damage|p1a: Zapdos|45/100 tox|[from] psn
|upkeep
|turn|36
|
|t:|1659356242
|move|p1a: Zapdos|Volt Switch|p2a: Cresselia
|-damage|p2a: Cresselia|34/100
|
|t:|1659356244
|switch|p1a: Tapu Lele|Tapu Lele, shiny|28/100 brn|[from]move: Volt Switch
|-damage|p1a: Tapu Lele|15/100 brn|[from] Spikes
|-fieldstart|move: Psychic Terrain|[from] ability: Psychic Surge|[of] p1a: Tapu Lele
|move|p2a: Cresselia|Moonlight|p2a: Cresselia
|-heal|p2a: Cresselia|84/100
|
|-heal|p2a: Cresselia|90/100|[from] item: Leftovers
|-damage|p1a: Tapu Lele|9/100 brn|[from] brn
|upkeep
|turn|37
|j| LT91BB LA BOMBA
|
|t:|1659356250
|move|p1a: Tapu Lele|Future Sight|p2a: Cresselia
|-start|p1a: Tapu Lele|move: Future Sight
|move|p2a: Cresselia|Ice Beam|p1a: Tapu Lele
|-damage|p1a: Tapu Lele|0 fnt
|faint|p1a: Tapu Lele
|
|-heal|p2a: Cresselia|96/100|[from] item: Leftovers
|upkeep
|l| whoghohou
|
|t:|1659356256
|switch|p1a: Urshifu|Urshifu-Rapid-Strike, M|88/100
|-damage|p1a: Urshifu|76/100|[from] Spikes
|turn|38
|j| Heiwa June
|j| LT91BB Harshal
|
|t:|1659356264
|move|p1a: Urshifu|U-turn|p2a: Cresselia
|-supereffective|p2a: Cresselia
|-damage|p2a: Cresselia|41/100
|
|t:|1659356266
|switch|p1a: Melmetal|Melmetal, shiny|79/100|[from]move: U-turn
|-damage|p1a: Melmetal|66/100|[from] Spikes
|move|p2a: Cresselia|Moonlight|p2a: Cresselia
|-heal|p2a: Cresselia|91/100
|
|-heal|p2a: Cresselia|97/100|[from] item: Leftovers
|-heal|p1a: Melmetal|73/100|[from] item: Leftovers
|upkeep
|turn|39
|
|t:|1659356272
|switch|p2a: Skarmory|Skarmory, F|100/100
|move|p1a: Melmetal|Double Iron Bash|p2a: Skarmory
|-resisted|p2a: Skarmory
|-damage|p2a: Skarmory|87/100
|-resisted|p2a: Skarmory
|-damage|p2a: Skarmory|74/100
|-hitcount|p2a: Skarmory|2
|
|-end|p2a: Skarmory|move: Future Sight
|-resisted|p2a: Skarmory
|-damage|p2a: Skarmory|9/100
|-heal|p1a: Melmetal|79/100|[from] item: Leftovers
|upkeep
|turn|40
|c|☆return nirvana|shit
|c|☆return nirvana|forgot
|
|t:|1659356289
|move|p2a: Skarmory|Roost|p2a: Skarmory
|-heal|p2a: Skarmory|59/100
|-singleturn|p2a: Skarmory|move: Roost
|move|p1a: Melmetal|Earthquake|p2a: Skarmory
|-supereffective|p2a: Skarmory
|-damage|p2a: Skarmory|13/100
|
|-heal|p1a: Melmetal|85/100|[from] item: Leftovers
|-fieldend|move: Psychic Terrain
|upkeep
|turn|41
|j| Outhippowdon
|
|t:|1659356291
|move|p2a: Skarmory|Roost|p2a: Skarmory
|-heal|p2a: Skarmory|63/100
|-singleturn|p2a: Skarmory|move: Roost
|move|p1a: Melmetal|Earthquake|p2a: Skarmory
|-supereffective|p2a: Skarmory
|-damage|p2a: Skarmory|12/100
|
|-heal|p1a: Melmetal|91/100|[from] item: Leftovers
|upkeep
|turn|42
|
|t:|1659356294
|move|p2a: Skarmory|Roost|p2a: Skarmory
|-heal|p2a: Skarmory|62/100
|-singleturn|p2a: Skarmory|move: Roost
|move|p1a: Melmetal|Earthquake|p2a: Skarmory
|-supereffective|p2a: Skarmory
|-damage|p2a: Skarmory|18/100
|
|-heal|p1a: Melmetal|98/100|[from] item: Leftovers
|upkeep
|turn|43
|j| eaterban
|j| LT91BB Lennart
|
|t:|1659356296
|move|p2a: Skarmory|Roost|p2a: Skarmory
|-heal|p2a: Skarmory|68/100
|-singleturn|p2a: Skarmory|move: Roost
|move|p1a: Melmetal|Earthquake|p2a: Skarmory
|-supereffective|p2a: Skarmory
|-damage|p2a: Skarmory|20/100
|
|-heal|p1a: Melmetal|100/100|[from] item: Leftovers
|upkeep
|turn|44
|j| thatoneguy5777
|
|t:|1659356298
|move|p2a: Skarmory|Roost|p2a: Skarmory
|-heal|p2a: Skarmory|70/100
|-singleturn|p2a: Skarmory|move: Roost
|move|p1a: Melmetal|Earthquake|p2a: Skarmory
|-supereffective|p2a: Skarmory
|-damage|p2a: Skarmory|22/100
|
|upkeep
|turn|45
|j| xray
|
|t:|1659356301
|move|p2a: Skarmory|Roost|p2a: Skarmory
|-heal|p2a: Skarmory|72/100
|-singleturn|p2a: Skarmory|move: Roost
|move|p1a: Melmetal|Earthquake|p2a: Skarmory
|-supereffective|p2a: Skarmory
|-damage|p2a: Skarmory|22/100
|
|upkeep
|turn|46
|
|t:|1659356304
|move|p2a: Skarmory|Body Press|p1a: Melmetal
|-supereffective|p1a: Melmetal
|-damage|p1a: Melmetal|63/100
|move|p1a: Melmetal|Earthquake|p2a: Skarmory
|-immune|p2a: Skarmory
|
|-heal|p1a: Melmetal|70/100|[from] item: Leftovers
|upkeep
|turn|47
|j| LT91BB yama
|
|t:|1659356306
|move|p2a: Skarmory|Body Press|p1a: Melmetal
|-supereffective|p1a: Melmetal
|-damage|p1a: Melmetal|28/100
|move|p1a: Melmetal|Earthquake|p2a: Skarmory
|-immune|p2a: Skarmory
|
|-heal|p1a: Melmetal|34/100|[from] item: Leftovers
|upkeep
|turn|48
|
|t:|1659356312
|move|p2a: Skarmory|Roost|p2a: Skarmory
|-heal|p2a: Skarmory|72/100
|-singleturn|p2a: Skarmory|move: Roost
|move|p1a: Melmetal|Earthquake|p2a: Skarmory
|-supereffective|p2a: Skarmory
|-crit|p2a: Skarmory
|-damage|p2a: Skarmory|0 fnt
|faint|p2a: Skarmory
|
|-heal|p1a: Melmetal|40/100|[from] item: Leftovers
|upkeep
|
|t:|1659356318
|switch|p2a: Quagsire|Quagsire, F|74/100
|turn|49
|j| LT91BB Ahsan
|
|t:|1659356322
|move|p1a: Melmetal|Protect|p1a: Melmetal
|-singleturn|p1a: Melmetal|Protect
|move|p2a: Quagsire|Earthquake|p1a: Melmetal
|-activate|p1a: Melmetal|move: Protect
|
|-heal|p1a: Melmetal|47/100|[from] item: Leftovers
|-heal|p2a: Quagsire|80/100|[from] item: Leftovers
|upkeep
|turn|50
|
|t:|1659356331
|switch|p1a: Landorus|Landorus-Therian, M, shiny|88/100 tox
|-ability|p1a: Landorus|Intimidate|boost
|-unboost|p2a: Quagsire|atk|1
|move|p2a: Quagsire|Scald|p1a: Landorus
|-supereffective|p1a: Landorus
|-damage|p1a: Landorus|57/100 tox
|
|-heal|p1a: Landorus|63/100 tox|[from] item: Leftovers
|-heal|p2a: Quagsire|86/100|[from] item: Leftovers
|-damage|p1a: Landorus|57/100 tox|[from] psn
|upkeep
|turn|51
|
|t:|1659356336
|switch|p2a: Clefable|Clefable, M|93/100
|move|p1a: Landorus|Stealth Rock|p2a: Clefable
|-sidestart|p2: return nirvana|move: Stealth Rock
|
|-heal|p1a: Landorus|63/100 tox|[from] item: Leftovers
|-damage|p1a: Landorus|51/100 tox|[from] psn
|upkeep
|turn|52
|
|t:|1659356341
|move|p1a: Landorus|Earthquake|p2a: Clefable
|-damage|p2a: Clefable|43/100
|move|p2a: Clefable|Stealth Rock|p1a: Landorus
|-sidestart|p1: LT91BB Raizen|move: Stealth Rock
|
|-heal|p1a: Landorus|57/100 tox|[from] item: Leftovers
|-damage|p1a: Landorus|39/100 tox|[from] psn
|upkeep
|turn|53
|j| LT91BB Indulge
|
|t:|1659356346
|switch|p2a: Cresselia|Cresselia, F|97/100
|-damage|p2a: Cresselia|84/100|[from] Stealth Rock
|move|p1a: Landorus|Earthquake|p2a: Cresselia
|-immune|p2a: Cresselia|[from] ability: Levitate
|
|-heal|p1a: Landorus|45/100 tox|[from] item: Leftovers
|-heal|p2a: Cresselia|90/100|[from] item: Leftovers
|-damage|p1a: Landorus|21/100 tox|[from] psn
|upkeep
|turn|54
|j| egal★vanc
|
|t:|1659356350
|move|p2a: Cresselia|Protect|p2a: Cresselia
|-singleturn|p2a: Cresselia|Protect
|move|p1a: Landorus|Knock Off|p2a: Cresselia
|-activate|p2a: Cresselia|move: Protect
|
|-heal|p1a: Landorus|27/100 tox|[from] item: Leftovers
|-heal|p2a: Cresselia|96/100|[from] item: Leftovers
|-damage|p1a: Landorus|0 fnt|[from] psn
|faint|p1a: Landorus
|upkeep
|
|t:|1659356353
|switch|p1a: Melmetal|Melmetal, shiny|47/100
|-damage|p1a: Melmetal|34/100|[from] Spikes
|-damage|p1a: Melmetal|28/100|[from] Stealth Rock
|turn|55
|
|t:|1659356358
|switch|p2a: Quagsire|Quagsire, F|86/100
|-damage|p2a: Quagsire|80/100|[from] Stealth Rock
|move|p1a: Melmetal|Toxic|p2a: Quagsire
|-status|p2a: Quagsire|tox
|
|-heal|p1a: Melmetal|34/100|[from] item: Leftovers
|-heal|p2a: Quagsire|86/100 tox|[from] item: Leftovers
|-damage|p2a: Quagsire|80/100 tox|[from] psn
|upkeep
|turn|56
|l| Goju Rashomon
|
|t:|1659356363
|move|p1a: Melmetal|Protect|p1a: Melmetal
|-singleturn|p1a: Melmetal|Protect
|move|p2a: Quagsire|Scald|p1a: Melmetal
|-activate|p1a: Melmetal|move: Protect
|
|-heal|p1a: Melmetal|40/100|[from] item: Leftovers
|-heal|p2a: Quagsire|86/100 tox|[from] item: Leftovers
|-damage|p2a: Quagsire|74/100 tox|[from] psn
|upkeep
|turn|57
|j| gatorskk
|j| LT91BB stareal
|j| Separation
|
|t:|1659356373
|switch|p1a: Urshifu|Urshifu-Rapid-Strike, M|76/100
|-damage|p1a: Urshifu|64/100|[from] Spikes
|-damage|p1a: Urshifu|57/100|[from] Stealth Rock
|move|p2a: Quagsire|Earthquake|p1a: Urshifu
|-damage|p1a: Urshifu|29/100
|
|-heal|p2a: Quagsire|80/100 tox|[from] item: Leftovers
|-damage|p2a: Quagsire|62/100 tox|[from] psn
|upkeep
|turn|58
|
|t:|1659356379
|switch|p2a: Toxapex|Toxapex, F|51/100
|-damage|p2a: Toxapex|39/100|[from] Stealth Rock
|move|p1a: Urshifu|Close Combat|p2a: Toxapex
|-resisted|p2a: Toxapex
|-damage|p2a: Toxapex|0 fnt
|-unboost|p1a: Urshifu|def|1
|-unboost|p1a: Urshifu|spd|1
|faint|p2a: Toxapex
|
|upkeep
|j| LowGxeDoritos
|
|t:|1659356382
|switch|p2a: Cresselia|Cresselia, F|96/100
|-damage|p2a: Cresselia|84/100|[from] Stealth Rock
|turn|59
|j| Chose Truc
|
|t:|1659356385
|switch|p1a: Melmetal|Melmetal, shiny|40/100
|-damage|p1a: Melmetal|28/100|[from] Spikes
|-damage|p1a: Melmetal|22/100|[from] Stealth Rock
|move|p2a: Cresselia|Ice Beam|p1a: Melmetal
|-resisted|p1a: Melmetal
|-damage|p1a: Melmetal|15/100
|
|-heal|p2a: Cresselia|90/100|[from] item: Leftovers
|-heal|p1a: Melmetal|21/100|[from] item: Leftovers
|upkeep
|turn|60
|j| newbs001
|
|t:|1659356391
|switch|p2a: Quagsire|Quagsire, F|62/100 tox
|-damage|p2a: Quagsire|56/100 tox|[from] Stealth Rock
|move|p1a: Melmetal|Double Iron Bash|p2a: Quagsire
|-resisted|p2a: Quagsire
|-damage|p2a: Quagsire|40/100 tox
|-resisted|p2a: Quagsire
|-damage|p2a: Quagsire|24/100 tox
|-hitcount|p2a: Quagsire|2
|
|-heal|p1a: Melmetal|27/100|[from] item: Leftovers
|-heal|p2a: Quagsire|30/100 tox|[from] item: Leftovers
|-damage|p2a: Quagsire|24/100 tox|[from] psn
|upkeep
|turn|61
|l| newbs001
|j| Uxilon
|j| Ran Kob
|l| LT91BBStepthaClown
|
|t:|1659356417
|switch|p1a: Dragapult|Dragapult, F, shiny|52/100
|-damage|p1a: Dragapult|39/100|[from] Spikes
|-damage|p1a: Dragapult|27/100|[from] Stealth Rock
|move|p2a: Quagsire|Recover|p2a: Quagsire
|-heal|p2a: Quagsire|74/100 tox
|
|-heal|p2a: Quagsire|80/100 tox|[from] item: Leftovers
|-damage|p2a: Quagsire|68/100 tox|[from] psn
|-damage|p1a: Dragapult|15/100|[from] item: Sticky Barb
|upkeep
|turn|62
|
|t:|1659356427
|switch|p2a: Cresselia|Cresselia, F|90/100
|-damage|p2a: Cresselia|78/100|[from] Stealth Rock
|move|p1a: Dragapult|Shadow Ball|p2a: Cresselia
|-supereffective|p2a: Cresselia
|-damage|p2a: Cresselia|41/100
|
|-heal|p2a: Cresselia|47/100|[from] item: Leftovers
|-damage|p1a: Dragapult|2/100|[from] item: Sticky Barb
|upkeep
|turn|63
|l| Ran Kob
|j| CallMePrimal
|
|t:|1659356432
|move|p1a: Dragapult|Shadow Ball|p2a: Cresselia
|-supereffective|p2a: Cresselia
|-damage|p2a: Cresselia|10/100
|move|p2a: Cresselia|Moonlight|p2a: Cresselia
|-heal|p2a: Cresselia|60/100
|
|-heal|p2a: Cresselia|66/100|[from] item: Leftovers
|-damage|p1a: Dragapult|0 fnt|[from] item: Sticky Barb
|faint|p1a: Dragapult
|upkeep
|
|t:|1659356434
|switch|p1a: Melmetal|Melmetal, shiny|27/100
|-damage|p1a: Melmetal|15/100|[from] Spikes
|-damage|p1a: Melmetal|9/100|[from] Stealth Rock
|turn|64
|
|t:|1659356439
|move|p1a: Melmetal|Protect|p1a: Melmetal
|-singleturn|p1a: Melmetal|Protect
|move|p2a: Cresselia|Ice Beam|p1a: Melmetal
|-activate|p1a: Melmetal|move: Protect
|
|-heal|p2a: Cresselia|73/100|[from] item: Leftovers
|-heal|p1a: Melmetal|15/100|[from] item: Leftovers
|upkeep
|turn|65
|
|t:|1659356445
|move|p2a: Cresselia|Ice Beam|p1a: Melmetal
|-resisted|p1a: Melmetal
|-damage|p1a: Melmetal|7/100
|move|p1a: Melmetal|Double Iron Bash|p2a: Cresselia
|-damage|p2a: Cresselia|41/100
|-damage|p2a: Cresselia|10/100
|-hitcount|p2a: Cresselia|2
|
|-heal|p2a: Cresselia|16/100|[from] item: Leftovers
|-heal|p1a: Melmetal|14/100|[from] item: Leftovers
|upkeep
|turn|66
|
|t:|1659356450
|move|p2a: Cresselia|Ice Beam|p1a: Melmetal
|-resisted|p1a: Melmetal
|-damage|p1a: Melmetal|7/100
|move|p1a: Melmetal|Double Iron Bash|p2a: Cresselia
|-crit|p2a: Cresselia
|-damage|p2a: Cresselia|0 fnt
|faint|p2a: Cresselia
|-hitcount|p2: Cresselia|1
|
|-heal|p1a: Melmetal|13/100|[from] item: Leftovers
|upkeep
|
|t:|1659356452
|switch|p2a: Quagsire|Quagsire, F|68/100 tox
|-damage|p2a: Quagsire|62/100 tox|[from] Stealth Rock
|turn|67
|
|t:|1659356460
|move|p1a: Melmetal|Protect|p1a: Melmetal
|-singleturn|p1a: Melmetal|Protect
|move|p2a: Quagsire|Recover|p2a: Quagsire
|-heal|p2a: Quagsire|100/100 tox
|
|-heal|p1a: Melmetal|19/100|[from] item: Leftovers
|-damage|p2a: Quagsire|94/100 tox|[from] psn
|upkeep
|turn|68
|j| LT91BB xdRudi
|
|t:|1659356463
|switch|p1a: Urshifu|Urshifu-Rapid-Strike, M|29/100
|-damage|p1a: Urshifu|17/100|[from] Spikes
|-damage|p1a: Urshifu|10/100|[from] Stealth Rock
|move|p2a: Quagsire|Earthquake|p1a: Urshifu
|-damage|p1a: Urshifu|0 fnt
|faint|p1a: Urshifu
|
|-heal|p2a: Quagsire|100/100 tox|[from] item: Leftovers
|-damage|p2a: Quagsire|88/100 tox|[from] psn
|upkeep
|
|t:|1659356465
|switch|p1a: Zapdos|Zapdos, shiny|45/100 tox
|turn|69
|
|t:|1659356471
|switch|p2a: Clefable|Clefable, M|43/100
|move|p1a: Zapdos|Defog|p2a: Clefable
|-unboost|p2a: Clefable|evasion|1
|-sideend|p2: return nirvana|Stealth Rock|[from] move: Defog|[of] p1a: Zapdos
|-sideend|p1: LT91BB Raizen|Spikes|[from] move: Defog|[of] p1a: Zapdos
|-sideend|p1: LT91BB Raizen|Stealth Rock|[from] move: Defog|[of] p1a: Zapdos
|
|-damage|p1a: Zapdos|38/100 tox|[from] psn
|upkeep
|turn|70
|
|t:|1659356478
|move|p1a: Zapdos|Hurricane|p2a: Clefable
|-damage|p2a: Clefable|0 fnt
|faint|p2a: Clefable
|
|-damage|p1a: Zapdos|26/100 tox|[from] psn
|upkeep
|
|t:|1659356481
|switch|p2a: Quagsire|Quagsire, F|88/100 tox
|turn|71
|
|t:|1659356484
|move|p1a: Zapdos|Hurricane|p2a: Quagsire
|-damage|p2a: Quagsire|29/100 tox
|move|p2a: Quagsire|Earthquake|p1a: Zapdos
|-immune|p1a: Zapdos
|
|-heal|p2a: Quagsire|36/100 tox|[from] item: Leftovers
|-damage|p1a: Zapdos|7/100 tox|[from] psn
|-damage|p2a: Quagsire|29/100 tox|[from] psn
|upkeep
|turn|72
|l| LT91BB Cute
|
|t:|1659356487
|move|p1a: Zapdos|Hurricane|p2a: Quagsire
|-damage|p2a: Quagsire|0 fnt
|faint|p2a: Quagsire
|
|win|LT91BB Raizen
|raw|LT91BB Raizen's rating: 2029 &rarr; <strong>2048</strong><br />(+19 for winning)
|raw|return nirvana's rating: 2011 &rarr; <strong>1992</strong><br />(-19 for losing)
|c|☆return nirvana|they need to add a "future sight incoming" feature 😂 😂
|c|☆return nirvana|gg
|c|☆LT91BB Raizen|gg
|l| thatoneguy5777
|l| SKIP THE DRIP
|l| LowGxeDoritos
|l| LT91BB Storm
|l| ivehadenoughshit
|l|☆return nirvana
|j| Tiniebla $
|l| LT91BB Harshal
|l| JJ09LIE
|l| Confusien
|l| Newal
|l| LT91BB PDC
|j| Accidere ☁@!
|l| gatorskk
|l| Accidere ☁
|l| xray
|j| LT91BB Highv0ltag3
||Ladder isn't responding, score probably updated but might not have (Request timeout).
|l| CallMePrimal
|l| LT91BB Ox
|l| simplegent
|l| Tiniebla $
|l| jey2
|j| LT91BB AxCypher
|l| ghost + freakkkk
|l| Fire and wrath
|l| Pazaldo
|l| egal★vanc
|l| Chose Truc
|l| Separation
|l| savx
|j| reionatro
|l|uxilon
|l| lt91bb gray
|j| egal★vanc
|l| egal★vanc
|l| LT91BB Ahsan
|l| LT91BB Indulge
|l| Heiwa June
|j| egal★vanc
|l| egal★vanc
|l| ripreckful
|j| Tiniebla $
|l| Tiniebla $
|l| LT91BB Lennart
|l| AlIoutdragadarts
|j| maeve68
|j| jfffj
|l| jfffj
|j| Mantirps
|l|☆LT91BB Raizen
|l| Mantirps
|j| Xghghjj
|l| eaterban
|l| LT91BB Highv0ltag3
|l| hippo kek
|l| maeve68
|l| reionatro
|l| Xghghjj
|l| LT91BB AxCypher
|j| Mikoshi Fans
|l| Mikoshi Fans
|l| nathaaan
|j| LT91BB Sificon
|l| LT91BB Sificon
|l| LT91BB Xxtarlit
|l| LT91BB xdRudi
|l| Outhippowdon
|j| maeve68
