|j|☆GaijinEagle
|j|☆Br jesus
|t:|1596465177
|player|p1|GaijinEagle|101|1200
|player|p2|Br jesus|169|1212
|teamsize|p1|6
|teamsize|p2|6
|gametype|singles
|gen|8
|tier|[Gen 8] OU
|rated|
|html|<div class="broadcast-blue"><strong>OU is currently suspecting Magearna! For information on how to participate check out the <a href="https://www.smogon.com/forums/threads/3667669/">suspect thread</a>.</strong></div>
|clearpoke
|poke|p1|Shuckle, M|
|poke|p1|Urshifu-*, M|
|poke|p1|Lycanroc-Dusk, F|
|poke|p1|Alakazam, M|
|poke|p1|Cinderace, F|
|poke|p1|Dragapult, F|
|poke|p2|Exploud, F|
|poke|p2|Incineroar, M|
|poke|p2|Barraskewda, F|
|poke|p2|Rillaboom, F|
|poke|p2|Weezing-Galar, F|
|poke|p2|Jirachi|
|rule|Sleep Clause Mod: Limit one foe put to sleep
|rule|Species Clause: Limit one of each Pokémon
|rule|OHKO Clause: OHKO moves are banned
|rule|Evasion Moves Clause: Evasion moves are banned
|rule|Endless Battle Clause: Forcing endless battles is banned
|rule|HP Percentage Mod: HP is shown in percentages
|rule|Dynamax Clause: You cannot dynamax
|teampreview
|inactive|Battle timer is ON: inactive players will automatically lose when time's up. (requested by GaijinEagle)
|inactive|GaijinEagle has 120 seconds left.
|inactive|GaijinEagle has 90 seconds left.
|inactive|GaijinEagle has 60 seconds left.
|inactive|GaijinEagle has 30 seconds left.
|inactive|GaijinEagle has 20 seconds left.
|inactiveoff|Battle timer is now OFF.
|
|t:|1596465314
|start
|switch|p1a: Shuckle|Shuckle, M|100/100
|switch|p2a: How Are You?|Jirachi|100/100
|turn|1
|
|t:|1596465329
|move|p2a: How Are You?|Iron Head|p1a: Shuckle
|-supereffective|p1a: Shuckle
|-damage|p1a: Shuckle|63/100
|move|p1a: Shuckle|Sticky Web|p2a: How Are You?
|-sidestart|p2: Br jesus|move: Sticky Web
|
|upkeep
|turn|2
|inactive|Battle timer is ON: inactive players will automatically lose when time's up. (requested by Br jesus)
|
|t:|1596465340
|move|p2a: How Are You?|Iron Head|p1a: Shuckle
|-supereffective|p1a: Shuckle
|-damage|p1a: Shuckle|26/100
|move|p1a: Shuckle|Stealth Rock|p2a: How Are You?
|-sidestart|p2: Br jesus|move: Stealth Rock
|
|upkeep
|turn|3
|inactive|GaijinEagle has 90 seconds left.
|
|t:|1596465348
|move|p2a: How Are You?|Stealth Rock|p1a: Shuckle
|-sidestart|p1: GaijinEagle|move: Stealth Rock
|move|p1a: Shuckle|Final Gambit|p2a: How Are You?
|-damage|p2a: How Are You?|85/100
|faint|p1a: Shuckle
|
|-heal|p2a: How Are You?|91/100|[from] item: Leftovers
|upkeep
|inactive|GaijinEagle has 90 seconds left.
|
|t:|1596465359
|switch|p1a: Cinderace|Cinderace, F|100/100
|turn|4
|
|t:|1596465364
|switch|p2a: Hi|Incineroar, M|100/100
|-ability|p2a: Hi|Intimidate|boost
|-unboost|p1a: Cinderace|atk|1
|move|p1a: Cinderace|Pyro Ball|p2a: Hi
|-resisted|p2a: Hi
|-damage|p2a: Hi|83/100
|
|upkeep
|turn|5
|inactive|GaijinEagle has 90 seconds left.
|
|t:|1596465389
|switch|p1a: Lycanroc|Lycanroc-Dusk, F|100/100
|-damage|p1a: Lycanroc|88/100|[from] Stealth Rock
|move|p2a: Hi|Parting Shot|p1a: Lycanroc
|-unboost|p1a: Lycanroc|atk|1
|-unboost|p1a: Lycanroc|spa|1
|
|t:|1596465401
|switch|p2a: Bye|Rillaboom, F, shiny|100/100|[from]move: Parting Shot
|-damage|p2a: Bye|88/100|[from] Stealth Rock
|-activate|p2a: Bye|move: Sticky Web
|-unboost|p2a: Bye|spe|1
|-fieldstart|move: Grassy Terrain|[from] ability: Grassy Surge|[of] p2a: Bye
|
|-heal|p1a: Lycanroc|94/100|[from] Grassy Terrain
|-heal|p2a: Bye|94/100|[from] Grassy Terrain
|upkeep
|turn|6
|inactive|GaijinEagle has 90 seconds left.
|
|t:|1596465430
|move|p1a: Lycanroc|Accelerock|p2a: Bye
|-damage|p2a: Bye|70/100
|-damage|p1a: Lycanroc|84/100|[from] item: Life Orb
|move|p2a: Bye|Grassy Glide|p1a: Lycanroc
|-supereffective|p1a: Lycanroc
|-damage|p1a: Lycanroc|0 fnt
|faint|p1a: Lycanroc
|
|-heal|p2a: Bye|76/100|[from] Grassy Terrain
|upkeep
|
|t:|1596465438
|switch|p1a: Cinderace|Cinderace, F|100/100
|turn|7
|inactive|GaijinEagle has 60 seconds left.
|
|t:|1596465467
|switch|p1a: Urshifu|Urshifu, M|100/100
|-damage|p1a: Urshifu|94/100|[from] Stealth Rock
|switch|p2a: Its Me Again|Weezing-Galar, F|100/100
|-ability|p2a: Its Me Again|Neutralizing Gas
|
|-heal|p1a: Urshifu|100/100|[from] Grassy Terrain
|upkeep
|turn|8
|inactive|GaijinEagle has 60 seconds left.
|
|t:|1596465492
|switch|p1a: Cinderace|Cinderace, F|100/100
|move|p2a: Its Me Again|Strange Steam|p1a: Cinderace
|-resisted|p1a: Cinderace
|-damage|p1a: Cinderace|78/100
|
|-heal|p1a: Cinderace|84/100|[from] Grassy Terrain
|upkeep
|turn|9
|
|t:|1596465502
|move|p1a: Cinderace|Zen Headbutt|p2a: Its Me Again
|-supereffective|p2a: Its Me Again
|-damage|p2a: Its Me Again|53/100
|cant|p2a: Its Me Again|flinch
|
|-heal|p1a: Cinderace|90/100|[from] Grassy Terrain
|-heal|p2a: Its Me Again|59/100|[from] Grassy Terrain
|-fieldend|move: Grassy Terrain
|upkeep
|turn|10
|
|t:|1596465508
|move|p1a: Cinderace|Zen Headbutt|p2a: Its Me Again
|-supereffective|p2a: Its Me Again
|-damage|p2a: Its Me Again|13/100
|move|p2a: Its Me Again|Pain Split|p1a: Cinderace
|-sethp|p1a: Cinderace|51/100|[from] move: Pain Split|[silent]
|-sethp|p2a: Its Me Again|56/100|[from] move: Pain Split
|
|upkeep
|turn|11
|
|t:|1596465516
|switch|p2a: Hi|Incineroar, M|83/100
|-ability|p2a: Hi|Intimidate|boost
|-unboost|p1a: Cinderace|atk|1
|move|p1a: Cinderace|Zen Headbutt|p2a: Hi
|-start|p1a: Cinderace|typechange|Psychic|[from] ability: Libero
|-immune|p2a: Hi
|
|upkeep
|turn|12
|
|t:|1596465530
|switch|p1a: Urshifu|Urshifu, M|100/100
|-damage|p1a: Urshifu|94/100|[from] Stealth Rock
|move|p2a: Hi|Knock Off|p1a: Urshifu
|-resisted|p1a: Urshifu
|-damage|p1a: Urshifu|81/100
|-enditem|p1a: Urshifu|Life Orb|[from] move: Knock Off|[of] p2a: Hi
|
|upkeep
|turn|13
|
|t:|1596465547
|move|p1a: Urshifu|Close Combat|p2a: Hi
|-supereffective|p2a: Hi
|-damage|p2a: Hi|0 fnt
|-unboost|p1a: Urshifu|def|1
|-unboost|p1a: Urshifu|spd|1
|faint|p2a: Hi
|
|upkeep
|
|t:|1596465557
|switch|p2a: Bye|Rillaboom, F, shiny|76/100
|-damage|p2a: Bye|64/100|[from] Stealth Rock
|-activate|p2a: Bye|move: Sticky Web
|-unboost|p2a: Bye|spe|1
|-fieldstart|move: Grassy Terrain|[from] ability: Grassy Surge|[of] p2a: Bye
|turn|14
|inactive|GaijinEagle has 60 seconds left.
|
|t:|1596465596
|switch|p1a: Cinderace|Cinderace, F|51/100
|move|p2a: Bye|Drum Beating|p1a: Cinderace
|-resisted|p1a: Cinderace
|-damage|p1a: Cinderace|0 fnt
|faint|p1a: Cinderace
|
|-heal|p2a: Bye|70/100|[from] Grassy Terrain
|upkeep
|
|t:|1596465610
|switch|p1a: Urshifu|Urshifu, M|81/100
|-damage|p1a: Urshifu|75/100|[from] Stealth Rock
|turn|15
|
|t:|1596465620
|switch|p2a: How Are You?|Jirachi|91/100
|-activate|p2a: How Are You?|move: Sticky Web
|-unboost|p2a: How Are You?|spe|1
|-damage|p2a: How Are You?|85/100|[from] Stealth Rock
|move|p1a: Urshifu|Close Combat|p2a: How Are You?
|-damage|p2a: How Are You?|26/100
|-unboost|p1a: Urshifu|def|1
|-unboost|p1a: Urshifu|spd|1
|
|-heal|p1a: Urshifu|81/100|[from] Grassy Terrain
|-heal|p2a: How Are You?|32/100|[from] item: Leftovers
|-heal|p2a: How Are You?|38/100|[from] Grassy Terrain
|upkeep
|turn|16
|
|t:|1596465636
|move|p1a: Urshifu|Close Combat|p2a: How Are You?
|-damage|p2a: How Are You?|0 fnt
|-unboost|p1a: Urshifu|def|1
|-unboost|p1a: Urshifu|spd|1
|faint|p2a: How Are You?
|
|-heal|p1a: Urshifu|88/100|[from] Grassy Terrain
|upkeep
|
|t:|1596465642
|switch|p2a: Bye|Rillaboom, F, shiny|70/100
|-damage|p2a: Bye|58/100|[from] Stealth Rock
|-activate|p2a: Bye|move: Sticky Web
|-unboost|p2a: Bye|spe|1
|turn|17
|
|t:|1596465648
|move|p2a: Bye|Grassy Glide|p1a: Urshifu
|-damage|p1a: Urshifu|0 fnt
|faint|p1a: Urshifu
|
|-heal|p2a: Bye|64/100|[from] Grassy Terrain
|upkeep
|
|t:|1596465652
|switch|p1a: Dragapult|Dragapult, F|100/100
|-damage|p1a: Dragapult|88/100|[from] Stealth Rock
|turn|18
|inactive|GaijinEagle has 60 seconds left.
|
|t:|1596465666
|switch|p2a: Sup|Barraskewda, F, shiny|100/100
|-activate|p2a: Sup|move: Sticky Web
|-unboost|p2a: Sup|spe|1
|-damage|p2a: Sup|88/100|[from] Stealth Rock
|move|p1a: Dragapult|Dragon Darts|p2a: Sup
|-damage|p2a: Sup|19/100
|-anim|p1a: Dragapult|Dragon Darts|p2a: Sup
|-damage|p2a: Sup|0 fnt
|-damage|p1a: Dragapult|78/100|[from] item: Life Orb
|faint|p2a: Sup
|
|-heal|p1a: Dragapult|84/100|[from] Grassy Terrain
|-fieldend|move: Grassy Terrain
|upkeep
|
|t:|1596465680
|switch|p2a: Its Me Again|Weezing-Galar, F|56/100
|-ability|p2a: Its Me Again|Neutralizing Gas
|turn|19
|inactive|GaijinEagle has 60 seconds left.
|
|t:|1596465717
|move|p1a: Dragapult|Phantom Force||[still]
|-prepare|p1a: Dragapult|Phantom Force
|move|p2a: Its Me Again|Strange Steam|p1a: Dragapult|[miss]
|-miss|p2a: Its Me Again|p1a: Dragapult
|
|upkeep
|turn|20
|
|t:|1596465725
|move|p1a: Dragapult|Phantom Force|p2a: Its Me Again|[from]lockedmove
|-damage|p2a: Its Me Again|0 fnt
|-damage|p1a: Dragapult|75/100|[from] item: Life Orb
|faint|p2a: Its Me Again
|
|upkeep
|
|t:|1596465730
|switch|p2a: F Yo Ethnicity|Exploud, F, shiny|100/100
|-damage|p2a: F Yo Ethnicity|88/100|[from] Stealth Rock
|-activate|p2a: F Yo Ethnicity|move: Sticky Web
|-unboost|p2a: F Yo Ethnicity|spe|1
|turn|21
|
|t:|1596465743
|move|p1a: Dragapult|Dragon Darts|p2a: F Yo Ethnicity
|-damage|p2a: F Yo Ethnicity|36/100
|-anim|p1a: Dragapult|Dragon Darts|p2a: F Yo Ethnicity
|-damage|p2a: F Yo Ethnicity|0 fnt
|-damage|p1a: Dragapult|65/100|[from] item: Life Orb
|faint|p2a: F Yo Ethnicity
|
|upkeep
|
|t:|1596465747
|switch|p2a: Bye|Rillaboom, F, shiny|64/100
|-activate|p2a: Bye|move: Sticky Web
|-unboost|p2a: Bye|spe|1
|-damage|p2a: Bye|52/100|[from] Stealth Rock
|-fieldstart|move: Grassy Terrain|[from] ability: Grassy Surge|[of] p2a: Bye
|turn|22
|inactive|GaijinEagle has 60 seconds left.
|
|t:|1596465752
|move|p2a: Bye|Grassy Glide|p1a: Dragapult
|-resisted|p1a: Dragapult
|-damage|p1a: Dragapult|19/100
|move|p1a: Dragapult|Phantom Force||[still]
|-prepare|p1a: Dragapult|Phantom Force
|
|-heal|p2a: Bye|58/100|[from] Grassy Terrain
|upkeep
|turn|23
|
|t:|1596465760
|move|p2a: Bye|Grassy Glide|p1a: Dragapult|[miss]
|-miss|p2a: Bye|p1a: Dragapult
|move|p1a: Dragapult|Phantom Force|p2a: Bye|[from]lockedmove
|-damage|p2a: Bye|0 fnt
|-damage|p1a: Dragapult|9/100|[from] item: Life Orb
|faint|p2a: Bye
|
|win|GaijinEagle
|l|☆Br jesus
|c|☆GaijinEagle|gg
