|raw|<div class="broadcast-blue"><strong>This battle is required to be public due to a player having a name starting with 'lt84jm'.</div>
|j|☆LT84JM Ana
|j|☆GuardArc
|t:|1627686681
|gametype|singles
|player|p1|LT84JM Ana|ash-kalos|1634
|player|p2|GuardArc|lance-gen3|1693
|teamsize|p1|6
|teamsize|p2|6
|gen|8
|tier|[Gen 8] OU
|rated|
|rule|Sleep Clause Mod: Limit one foe put to sleep
|rule|Species Clause: Limit one of each Pokémon
|rule|OHKO Clause: OHKO moves are banned
|rule|Evasion Moves Clause: Evasion moves are banned
|rule|Endless Battle Clause: Forcing endless battles is banned
|rule|HP Percentage Mod: HP is shown in percentages
|rule|Dynamax Clause: You cannot dynamax
|clearpoke
|poke|p1|Melmetal|
|poke|p1|Rillaboom, F|
|poke|p1|Hawlucha, F|
|poke|p1|Urshifu-*, F|
|poke|p1|Heatran, M|
|poke|p1|Zapdos|
|poke|p2|Tapu Lele|
|poke|p2|Garchomp, F|
|poke|p2|Volcarona, M|
|poke|p2|Toxapex, F|
|poke|p2|Ferrothorn, F|
|poke|p2|Mandibuzz, F|
|teampreview
|inactive|Battle timer is ON: inactive players will automatically lose when time's up. (requested by LT84JM Ana)
|inactive|GuardArc has 120 seconds left.
|
|t:|1627686727
|start
|switch|p1a: Urshifu|Urshifu-Rapid-Strike, F|100/100
|switch|p2a: Tapu Lele|Tapu Lele|100/100
|-fieldstart|move: Psychic Terrain|[from] ability: Psychic Surge|[of] p2a: Tapu Lele
|turn|1
|
|t:|1627686732
|switch|p2a: Toxapex|Toxapex, F|100/100
|move|p1a: Urshifu|Surging Strikes|p2a: Toxapex
|-resisted|p2a: Toxapex
|-crit|p2a: Toxapex
|-damage|p2a: Toxapex|91/100
|-damage|p1a: Urshifu|84/100|[from] item: Rocky Helmet|[of] p2a: Toxapex
|-resisted|p2a: Toxapex
|-crit|p2a: Toxapex
|-damage|p2a: Toxapex|82/100
|-damage|p1a: Urshifu|68/100|[from] item: Rocky Helmet|[of] p2a: Toxapex
|-resisted|p2a: Toxapex
|-crit|p2a: Toxapex
|-damage|p2a: Toxapex|73/100
|-damage|p1a: Urshifu|51/100|[from] item: Rocky Helmet|[of] p2a: Toxapex
|-hitcount|p2a: Toxapex|3
|
|upkeep
|turn|2
|
|t:|1627686740
|switch|p1a: Melmetal|Melmetal|100/100
|move|p2a: Toxapex|Knock Off|p1a: Melmetal
|-damage|p1a: Melmetal|92/100
|-enditem|p1a: Melmetal|Choice Band|[from] move: Knock Off|[of] p2a: Toxapex
|
|upkeep
|turn|3
|
|t:|1627686751
|switch|p2a: Volcarona|Volcarona, M|100/100
|move|p1a: Melmetal|Thunder Punch|p2a: Volcarona
|-damage|p2a: Volcarona|59/100
|-status|p1a: Melmetal|brn|[from] ability: Flame Body|[of] p2a: Volcarona
|
|-damage|p1a: Melmetal|86/100 brn|[from] brn
|upkeep
|turn|4
|
|t:|1627686761
|switch|p2a: Garchomp|Garchomp, F|100/100
|move|p1a: Melmetal|Earthquake|p2a: Garchomp
|-damage|p2a: Garchomp|79/100
|
|-heal|p2a: Garchomp|85/100|[from] item: Leftovers
|-damage|p1a: Melmetal|80/100 brn|[from] brn
|upkeep
|turn|5
|inactive|GuardArc has 120 seconds left.
|
|t:|1627686806
|switch|p2a: Toxapex|Toxapex, F|100/100
|switch|p1a: Zapdos|Zapdos|100/100
|
|-fieldend|move: Psychic Terrain
|upkeep
|turn|6
|
|t:|1627686813
|switch|p2a: Garchomp|Garchomp, F|85/100
|move|p1a: Zapdos|Discharge|p2a: Garchomp
|-immune|p2a: Garchomp
|
|-heal|p2a: Garchomp|92/100|[from] item: Leftovers
|upkeep
|turn|7
|inactive|GuardArc has 120 seconds left.
|
|t:|1627686839
|move|p2a: Garchomp|Stone Edge|p1a: Zapdos
|-supereffective|p1a: Zapdos
|-damage|p1a: Zapdos|49/100
|move|p1a: Zapdos|Hurricane|p2a: Garchomp
|-damage|p2a: Garchomp|42/100
|
|-heal|p2a: Garchomp|48/100|[from] item: Leftovers
|upkeep
|turn|8
|
|t:|1627686854
|move|p2a: Garchomp|Stone Edge|p1a: Zapdos
|-supereffective|p1a: Zapdos
|-damage|p1a: Zapdos|0 fnt
|faint|p1a: Zapdos
|
|-heal|p2a: Garchomp|54/100|[from] item: Leftovers
|upkeep
|
|t:|1627686857
|switch|p1a: Rillaboom|Rillaboom, F|100/100
|-fieldstart|move: Grassy Terrain|[from] ability: Grassy Surge|[of] p1a: Rillaboom
|turn|9
|
|t:|1627686864
|switch|p2a: Mandibuzz|Mandibuzz, F|100/100
|move|p1a: Rillaboom|Swords Dance|p1a: Rillaboom
|-boost|p1a: Rillaboom|atk|2
|
|upkeep
|turn|10
|
|t:|1627686867
|switch|p1a: Heatran|Heatran, M|100/100
|move|p2a: Mandibuzz|Foul Play|p1a: Heatran
|-crit|p1a: Heatran
|-damage|p1a: Heatran|73/100
|
|-heal|p1a: Heatran|79/100|[from] Grassy Terrain
|-heal|p1a: Heatran|85/100|[from] item: Leftovers
|upkeep
|turn|11
|
|t:|1627686872
|move|p1a: Heatran|Stealth Rock|p2a: Mandibuzz
|-sidestart|p2: GuardArc|move: Stealth Rock
|move|p2a: Mandibuzz|U-turn|p1a: Heatran
|-resisted|p1a: Heatran
|-damage|p1a: Heatran|83/100
|inactive|GuardArc has 120 seconds left.
|
|t:|1627686916
|switch|p2a: Garchomp|Garchomp, F|54/100|[from]move: U-turn
|-damage|p2a: Garchomp|48/100|[from] Stealth Rock
|
|-heal|p2a: Garchomp|54/100|[from] Grassy Terrain
|-heal|p2a: Garchomp|60/100|[from] item: Leftovers
|-heal|p1a: Heatran|89/100|[from] Grassy Terrain
|-heal|p1a: Heatran|95/100|[from] item: Leftovers
|upkeep
|turn|12
|
|t:|1627686921
|move|p2a: Garchomp|Earthquake|p1a: Heatran
|-supereffective|p1a: Heatran
|-damage|p1a: Heatran|4/100
|move|p1a: Heatran|Magma Storm|p2a: Garchomp
|-resisted|p2a: Garchomp
|-damage|p2a: Garchomp|39/100
|-activate|p2a: Garchomp|move: Magma Storm|[of] p1a: Heatran
|
|-heal|p2a: Garchomp|45/100|[from] Grassy Terrain
|-heal|p2a: Garchomp|51/100|[from] item: Leftovers
|-heal|p1a: Heatran|10/100|[from] Grassy Terrain
|-heal|p1a: Heatran|17/100|[from] item: Leftovers
|-damage|p2a: Garchomp|39/100|[from] move: Magma Storm|[partiallytrapped]
|upkeep
|turn|13
|
|t:|1627686933
|move|p2a: Garchomp|Earthquake|p1a: Heatran
|-supereffective|p1a: Heatran
|-damage|p1a: Heatran|0 fnt
|faint|p1a: Heatran
|
|-heal|p2a: Garchomp|45/100|[from] Grassy Terrain
|-heal|p2a: Garchomp|51/100|[from] item: Leftovers
|-end|p2a: Garchomp|Magma Storm|[partiallytrapped]|[silent]
|-fieldend|move: Grassy Terrain
|upkeep
|
|t:|1627686936
|switch|p1a: Rillaboom|Rillaboom, F|100/100
|-fieldstart|move: Grassy Terrain|[from] ability: Grassy Surge|[of] p1a: Rillaboom
|turn|14
|
|t:|1627686940
|switch|p2a: Mandibuzz|Mandibuzz, F|100/100
|move|p1a: Rillaboom|Knock Off|p2a: Mandibuzz
|-resisted|p2a: Mandibuzz
|-damage|p2a: Mandibuzz|85/100
|-enditem|p2a: Mandibuzz|Heavy-Duty Boots|[from] move: Knock Off|[of] p1a: Rillaboom
|-damage|p1a: Rillaboom|91/100|[from] item: Life Orb
|
|-heal|p1a: Rillaboom|97/100|[from] Grassy Terrain
|upkeep
|turn|15
|inactive|GuardArc has 120 seconds left.
|
|t:|1627686952
|switch|p1a: Hawlucha|Hawlucha, F|100/100
|-enditem|p1a: Hawlucha|Grassy Seed
|-boost|p1a: Hawlucha|def|1|[from] item: Grassy Seed
|move|p2a: Mandibuzz|Defog|p1a: Hawlucha
|-unboost|p1a: Hawlucha|evasion|1
|-sideend|p2: GuardArc|Stealth Rock|[from] move: Defog|[of] p2a: Mandibuzz
|-fieldend|move: Grassy Terrain
|
|upkeep
|turn|16
|
|t:|1627686960
|switch|p2a: Toxapex|Toxapex, F|100/100
|move|p1a: Hawlucha|Swords Dance|p1a: Hawlucha
|-boost|p1a: Hawlucha|atk|2
|
|upkeep
|turn|17
|
|t:|1627686973
|move|p1a: Hawlucha|Acrobatics|p2a: Toxapex
|-damage|p2a: Toxapex|41/100
|-damage|p1a: Hawlucha|84/100|[from] item: Rocky Helmet|[of] p2a: Toxapex
|move|p2a: Toxapex|Haze|p2a: Toxapex
|-clearallboost
|
|upkeep
|turn|18
|
|t:|1627686977
|move|p1a: Hawlucha|Swords Dance|p1a: Hawlucha
|-boost|p1a: Hawlucha|atk|2
|move|p2a: Toxapex|Recover|p2a: Toxapex
|-heal|p2a: Toxapex|91/100
|
|upkeep
|turn|19
|
|t:|1627686983
|move|p1a: Hawlucha|Acrobatics|p2a: Toxapex
|-damage|p2a: Toxapex|34/100
|-damage|p1a: Hawlucha|68/100|[from] item: Rocky Helmet|[of] p2a: Toxapex
|move|p2a: Toxapex|Haze|p2a: Toxapex
|-clearallboost
|
|upkeep
|turn|20
|
|t:|1627686989
|move|p1a: Hawlucha|Swords Dance|p1a: Hawlucha
|-boost|p1a: Hawlucha|atk|2
|move|p2a: Toxapex|Recover|p2a: Toxapex
|-heal|p2a: Toxapex|84/100
|
|upkeep
|turn|21
|
|t:|1627686999
|move|p1a: Hawlucha|Acrobatics|p2a: Toxapex
|-crit|p2a: Toxapex
|-damage|p2a: Toxapex|0 fnt
|-damage|p1a: Hawlucha|51/100|[from] item: Rocky Helmet|[of] p2a: Toxapex
|faint|p2a: Toxapex
|
|upkeep
|inactive|GuardArc has 120 seconds left.
|
|t:|1627687035
|switch|p2a: Ferrothorn|Ferrothorn, F|100/100
|turn|22
|
|t:|1627687039
|move|p1a: Hawlucha|High Jump Kick|p2a: Ferrothorn|[miss]
|-miss|p1a: Hawlucha|p2a: Ferrothorn
|-damage|p1a: Hawlucha|1/100|[from] highjumpkick
|move|p2a: Ferrothorn|Stealth Rock|p1a: Hawlucha
|-sidestart|p1: LT84JM Ana|move: Stealth Rock
|
|upkeep
|turn|23
|c|☆GuardArc|oh that sucks lmao
|
|t:|1627687050
|switch|p2a: Garchomp|Garchomp, F|51/100
|move|p1a: Hawlucha|Roost|p1a: Hawlucha
|-heal|p1a: Hawlucha|51/100
|-singleturn|p1a: Hawlucha|move: Roost
|
|-heal|p2a: Garchomp|57/100|[from] item: Leftovers
|upkeep
|turn|24
|
|t:|1627687056
|move|p1a: Hawlucha|High Jump Kick|p2a: Garchomp
|-damage|p2a: Garchomp|0 fnt
|-damage|p1a: Hawlucha|39/100|[from] ability: Rough Skin|[of] p2a: Garchomp
|faint|p2a: Garchomp
|
|upkeep
|
|t:|1627687061
|switch|p2a: Mandibuzz|Mandibuzz, F|85/100
|turn|25
|
|t:|1627687064
|move|p1a: Hawlucha|Roost|p1a: Hawlucha
|-heal|p1a: Hawlucha|89/100
|-singleturn|p1a: Hawlucha|move: Roost
|move|p2a: Mandibuzz|Foul Play|p1a: Hawlucha
|-resisted|p1a: Hawlucha
|-damage|p1a: Hawlucha|26/100
|
|upkeep
|turn|26
|
|t:|1627687070
|move|p1a: Hawlucha|High Jump Kick|p2a: Mandibuzz
|-damage|p2a: Mandibuzz|13/100
|move|p2a: Mandibuzz|Foul Play|p1a: Hawlucha
|-resisted|p1a: Hawlucha
|-damage|p1a: Hawlucha|0 fnt
|faint|p1a: Hawlucha
|
|upkeep
|
|t:|1627687077
|switch|p1a: Urshifu|Urshifu-Rapid-Strike, F|51/100
|-damage|p1a: Urshifu|45/100|[from] Stealth Rock
|turn|27
|
|t:|1627687084
|switch|p2a: Ferrothorn|Ferrothorn, F|100/100
|move|p1a: Urshifu|U-turn|p2a: Ferrothorn
|-damage|p2a: Ferrothorn|74/100
|-damage|p1a: Urshifu|33/100|[from] ability: Iron Barbs|[of] p2a: Ferrothorn
|
|t:|1627687087
|switch|p1a: Rillaboom|Rillaboom, F|97/100|[from]move: U-turn
|-damage|p1a: Rillaboom|84/100|[from] Stealth Rock
|-fieldstart|move: Grassy Terrain|[from] ability: Grassy Surge|[of] p1a: Rillaboom
|
|-heal|p1a: Rillaboom|91/100|[from] Grassy Terrain
|-heal|p2a: Ferrothorn|80/100|[from] Grassy Terrain
|-heal|p2a: Ferrothorn|87/100|[from] item: Leftovers
|upkeep
|turn|28
|
|t:|1627687096
|move|p1a: Rillaboom|Swords Dance|p1a: Rillaboom
|-boost|p1a: Rillaboom|atk|2
|move|p2a: Ferrothorn|Gyro Ball|p1a: Rillaboom
|-damage|p1a: Rillaboom|36/100
|
|-heal|p1a: Rillaboom|42/100|[from] Grassy Terrain
|-heal|p2a: Ferrothorn|93/100|[from] Grassy Terrain
|-heal|p2a: Ferrothorn|99/100|[from] item: Leftovers
|upkeep
|turn|29
|
|t:|1627687099
|move|p1a: Rillaboom|Superpower|p2a: Ferrothorn
|-supereffective|p2a: Ferrothorn
|-damage|p2a: Ferrothorn|0 fnt
|-unboost|p1a: Rillaboom|atk|1
|-unboost|p1a: Rillaboom|def|1
|-damage|p1a: Rillaboom|30/100|[from] ability: Iron Barbs|[of] p2a: Ferrothorn
|faint|p2a: Ferrothorn
|-damage|p1a: Rillaboom|20/100|[from] item: Life Orb
|
|-heal|p1a: Rillaboom|26/100|[from] Grassy Terrain
|upkeep
|
|t:|1627687112
|switch|p2a: Tapu Lele|Tapu Lele|100/100
|-fieldstart|move: Psychic Terrain|[from] ability: Psychic Surge|[of] p2a: Tapu Lele
|turn|30
|
|t:|1627687116
|move|p2a: Tapu Lele|Psychic|p1a: Rillaboom
|-damage|p1a: Rillaboom|0 fnt
|faint|p1a: Rillaboom
|
|upkeep
|
|t:|1627687118
|switch|p1a: Melmetal|Melmetal|80/100 brn
|-damage|p1a: Melmetal|74/100 brn|[from] Stealth Rock
|turn|31
|inactive|GuardArc has 120 seconds left.
|inactive|GuardArc has 90 seconds left.
|
|t:|1627687201
|switch|p2a: Volcarona|Volcarona, M|59/100
|move|p1a: Melmetal|Double Iron Bash|p2a: Volcarona
|-resisted|p2a: Volcarona
|-damage|p2a: Volcarona|47/100
|-resisted|p2a: Volcarona
|-damage|p2a: Volcarona|36/100
|-hitcount|p2a: Volcarona|2
|
|-damage|p1a: Melmetal|68/100 brn|[from] brn
|upkeep
|turn|32
|
|t:|1627687210
|move|p2a: Volcarona|Quiver Dance|p2a: Volcarona
|-boost|p2a: Volcarona|spa|1
|-boost|p2a: Volcarona|spd|1
|-boost|p2a: Volcarona|spe|1
|move|p1a: Melmetal|Earthquake|p2a: Volcarona
|-damage|p2a: Volcarona|13/100
|
|-damage|p1a: Melmetal|61/100 brn|[from] brn
|upkeep
|turn|33
|
|t:|1627687213
|move|p2a: Volcarona|Flamethrower|p1a: Melmetal
|-supereffective|p1a: Melmetal
|-damage|p1a: Melmetal|0 fnt
|faint|p1a: Melmetal
|
|upkeep
|
|t:|1627687215
|switch|p1a: Urshifu|Urshifu-Rapid-Strike, F|33/100
|-damage|p1a: Urshifu|27/100|[from] Stealth Rock
|turn|34
|
|t:|1627687217
|move|p2a: Volcarona|Giga Drain|p1a: Urshifu
|-supereffective|p1a: Urshifu
|-damage|p1a: Urshifu|0 fnt
|-heal|p2a: Volcarona|25/100|[from] drain|[of] p1a: Urshifu
|faint|p1a: Urshifu
|
|win|GuardArc
|raw|LT84JM Ana's rating: 1634 &rarr; <strong>1617</strong><br />(-17 for losing)
|raw|GuardArc's rating: 1693 &rarr; <strong>1710</strong><br />(+17 for winning)
|c|☆GuardArc|gg
|l|☆LT84JM Ana
