|j|☆THE KING MJ
|j|☆legitteambuilder
|t:|1662046162
|gametype|singles
|player|p1|THE KING MJ|ethan-masters|1678
|player|p2|legitteambuilder|koga|1659
|teamsize|p1|6
|teamsize|p2|6
|gen|8
|tier|[Gen 8] OU
|rated|
|rule|Sleep Clause Mod: Limit one foe put to sleep
|rule|Species Clause: Limit one of each Pokémon
|rule|OHKO Clause: OHKO moves are banned
|rule|Evasion Items Clause: Evasion items are banned
|rule|Evasion Moves Clause: Evasion moves are banned
|rule|Endless Battle Clause: Forcing endless battles is banned
|rule|HP Percentage Mod: HP is shown in percentages
|rule|Dynamax Clause: You cannot dynamax
|clearpoke
|poke|p1|Rillaboom, M|
|poke|p1|Tornadus-Therian, M|
|poke|p1|Blaziken, M|
|poke|p1|Melmetal|
|poke|p1|Garchomp, F|
|poke|p1|Slowbro, F|
|poke|p2|Dragapult, M|
|poke|p2|Rillaboom, M|
|poke|p2|Tapu Koko|
|poke|p2|Scolipede, M|
|poke|p2|Blaziken, M|
|poke|p2|Skarmory, M|
|teampreview
|inactive|Battle timer is ON: inactive players will automatically lose when time's up. (requested by legitteambuilder)
|
|t:|1662046177
|start
|switch|p1a: Garchomp|Garchomp, F|100/100
|switch|p2a: Raptor|Skarmory, M, shiny|100/100
|turn|1
|
|t:|1662046194
|switch|p1a: Tornadus|Tornadus-Therian, M|100/100
|move|p2a: Raptor|Stealth Rock|p1a: Tornadus
|-sidestart|p1: THE KING MJ|move: Stealth Rock
|
|upkeep
|turn|2
|
|t:|1662046199
|move|p1a: Tornadus|Defog|p2a: Raptor
|-unboost|p2a: Raptor|evasion|1
|-sideend|p1: THE KING MJ|Stealth Rock|[from] move: Defog|[of] p1a: Tornadus
|move|p2a: Raptor|Taunt|p1a: Tornadus
|-start|p1a: Tornadus|move: Taunt
|
|upkeep
|turn|3
|
|t:|1662046205
|move|p1a: Tornadus|Knock Off|p2a: Raptor
|-damage|p2a: Raptor|83/100
|-enditem|p2a: Raptor|Custap Berry|[from] move: Knock Off|[of] p1a: Tornadus
|move|p2a: Raptor|Stealth Rock|p1a: Tornadus
|-sidestart|p1: THE KING MJ|move: Stealth Rock
|
|upkeep
|turn|4
|
|t:|1662046217
|switch|p2a: Tapu Koko|Tapu Koko|100/100
|-fieldstart|move: Electric Terrain|[from] ability: Electric Surge|[of] p2a: Tapu Koko
|move|p1a: Tornadus|Heat Wave|p2a: Tapu Koko
|-damage|p2a: Tapu Koko|67/100
|
|upkeep
|turn|5
|
|t:|1662046234
|switch|p1a: Melmetal|Melmetal|100/100
|-damage|p1a: Melmetal|94/100|[from] Stealth Rock
|move|p2a: Tapu Koko|Dazzling Gleam|p1a: Melmetal
|-resisted|p1a: Melmetal
|-damage|p1a: Melmetal|80/100
|
|-heal|p1a: Melmetal|86/100|[from] item: Leftovers
|upkeep
|turn|6
|
|t:|1662046248
|move|p2a: Tapu Koko|U-turn|p1a: Melmetal
|-resisted|p1a: Melmetal
|-damage|p1a: Melmetal|81/100
|
|t:|1662046253
|switch|p2a: Raptor|Skarmory, M, shiny|83/100|[from]move: U-turn
|move|p1a: Melmetal|Double Iron Bash|p2a: Raptor
|-resisted|p2a: Raptor
|-damage|p2a: Raptor|62/100
|-resisted|p2a: Raptor
|-damage|p2a: Raptor|40/100
|-hitcount|p2a: Raptor|2
|
|-heal|p1a: Melmetal|87/100|[from] item: Leftovers
|upkeep
|turn|7
|
|t:|1662046259
|switch|p1a: Tornadus|Tornadus-Therian, M|100/100
|move|p2a: Raptor|Brave Bird|p1a: Tornadus
|-damage|p1a: Tornadus|56/100
|-damage|p2a: Raptor|20/100|[from] Recoil
|
|upkeep
|turn|8
|
|t:|1662046265
|move|p1a: Tornadus|Defog|p2a: Raptor
|-unboost|p2a: Raptor|evasion|1
|-sideend|p1: THE KING MJ|Stealth Rock|[from] move: Defog|[of] p1a: Tornadus
|-fieldend|move: Electric Terrain
|move|p2a: Raptor|Stealth Rock|p1a: Tornadus
|-sidestart|p1: THE KING MJ|move: Stealth Rock
|
|upkeep
|turn|9
|
|t:|1662046276
|move|p1a: Tornadus|Defog|p2a: Raptor
|-unboost|p2a: Raptor|evasion|1
|-sideend|p1: THE KING MJ|Stealth Rock|[from] move: Defog|[of] p1a: Tornadus
|move|p2a: Raptor|Stealth Rock|p1a: Tornadus
|-sidestart|p1: THE KING MJ|move: Stealth Rock
|
|upkeep
|turn|10
|j| yunbao是个der
|
|t:|1662046281
|move|p1a: Tornadus|Heat Wave|p2a: Raptor
|-supereffective|p2a: Raptor
|-damage|p2a: Raptor|0 fnt
|faint|p2a: Raptor
|
|upkeep
|
|t:|1662046290
|switch|p2a: Leviathan|Dragapult, M, shiny|100/100
|turn|11
|
|t:|1662046300
|move|p2a: Leviathan|Shadow Ball|p1a: Tornadus
|-damage|p1a: Tornadus|5/100
|move|p1a: Tornadus|Knock Off|p2a: Leviathan
|-supereffective|p2a: Leviathan
|-damage|p2a: Leviathan|51/100
|-enditem|p2a: Leviathan|Choice Specs|[from] move: Knock Off|[of] p1a: Tornadus
|
|upkeep
|turn|12
|
|t:|1662046311
|switch|p1a: Melmetal|Melmetal|87/100
|-damage|p1a: Melmetal|81/100|[from] Stealth Rock
|move|p2a: Leviathan|Shadow Ball|p1a: Melmetal
|-damage|p1a: Melmetal|50/100
|
|-heal|p1a: Melmetal|56/100|[from] item: Leftovers
|upkeep
|turn|13
|
|t:|1662046316
|move|p2a: Leviathan|Fire Blast|p1a: Melmetal
|-supereffective|p1a: Melmetal
|-damage|p1a: Melmetal|1/100
|move|p1a: Melmetal|Double Iron Bash|p2a: Leviathan
|-damage|p2a: Leviathan|0 fnt
|faint|p2a: Leviathan
|-hitcount|p2: Leviathan|1
|
|-heal|p1a: Melmetal|7/100|[from] item: Leftovers
|upkeep
|
|t:|1662046332
|switch|p2a: Predator|Scolipede, M, shiny|100/100
|turn|14
|
|t:|1662046338
|move|p2a: Predator|Earthquake|p1a: Melmetal
|-supereffective|p1a: Melmetal
|-damage|p1a: Melmetal|0 fnt
|faint|p1a: Melmetal
|-damage|p2a: Predator|91/100|[from] item: Life Orb
|
|-ability|p2a: Predator|Speed Boost|boost
|-boost|p2a: Predator|spe|1
|upkeep
|
|t:|1662046346
|switch|p1a: Garchomp|Garchomp, F|100/100
|-damage|p1a: Garchomp|94/100|[from] Stealth Rock
|turn|15
|l| yunbao是个der
|
|t:|1662046371
|move|p2a: Predator|Swords Dance|p2a: Predator
|-boost|p2a: Predator|atk|2
|move|p1a: Garchomp|Stealth Rock|p2a: Predator
|-sidestart|p2: legitteambuilder|move: Stealth Rock
|
|-heal|p1a: Garchomp|100/100|[from] item: Leftovers
|-ability|p2a: Predator|Speed Boost|boost
|-boost|p2a: Predator|spe|1
|upkeep
|turn|16
|
|t:|1662046376
|move|p2a: Predator|Megahorn|p1a: Garchomp
|-damage|p1a: Garchomp|0 fnt
|-damage|p2a: Predator|78/100|[from] ability: Rough Skin|[of] p1a: Garchomp
|faint|p1a: Garchomp
|-damage|p2a: Predator|68/100|[from] item: Life Orb
|
|-ability|p2a: Predator|Speed Boost|boost
|-boost|p2a: Predator|spe|1
|upkeep
|
|t:|1662046395
|switch|p1a: Tornadus|Tornadus-Therian, M|38/100
|turn|17
|
|t:|1662046400
|switch|p1a: Slowbro|Slowbro, F|100/100
|-damage|p1a: Slowbro|88/100|[from] Stealth Rock
|move|p2a: Predator|Aqua Tail|p1a: Slowbro
|-resisted|p1a: Slowbro
|-damage|p1a: Slowbro|67/100
|-damage|p2a: Predator|52/100|[from] item: Rocky Helmet|[of] p1a: Slowbro
|-damage|p2a: Predator|42/100|[from] item: Life Orb
|
|-ability|p2a: Predator|Speed Boost|boost
|-boost|p2a: Predator|spe|1
|upkeep
|turn|18
|
|t:|1662046413
|move|p2a: Predator|Megahorn|p1a: Slowbro
|-supereffective|p1a: Slowbro
|-damage|p1a: Slowbro|0 fnt
|-damage|p2a: Predator|25/100|[from] item: Rocky Helmet|[of] p1a: Slowbro
|faint|p1a: Slowbro
|-damage|p2a: Predator|15/100|[from] item: Life Orb
|
|-ability|p2a: Predator|Speed Boost|boost
|-boost|p2a: Predator|spe|1
|upkeep
|
|t:|1662046419
|switch|p1a: Rillaboom|Rillaboom, M|100/100
|-damage|p1a: Rillaboom|88/100|[from] Stealth Rock
|-fieldstart|move: Grassy Terrain|[from] ability: Grassy Surge|[of] p1a: Rillaboom
|turn|19
|
|t:|1662046423
|move|p1a: Rillaboom|Grassy Glide|p2a: Predator
|-resisted|p2a: Predator
|-damage|p2a: Predator|0 fnt
|faint|p2a: Predator
|
|-heal|p1a: Rillaboom|94/100|[from] Grassy Terrain
|-heal|p1a: Rillaboom|100/100|[from] item: Leftovers
|upkeep
|
|t:|1662046429
|switch|p2a: Kong|Rillaboom, M, shiny|100/100
|-damage|p2a: Kong|88/100|[from] Stealth Rock
|turn|20
|
|t:|1662046447
|switch|p1a: Tornadus|Tornadus-Therian, M|71/100
|move|p2a: Kong|U-turn|p1a: Tornadus
|-resisted|p1a: Tornadus
|-crit|p1a: Tornadus
|-damage|p1a: Tornadus|42/100
|
|t:|1662046450
|switch|p2a: Tapu Koko|Tapu Koko|67/100|[from]move: U-turn
|-fieldstart|move: Electric Terrain|[from] ability: Electric Surge|[of] p2a: Tapu Koko
|
|upkeep
|turn|21
|
|t:|1662046467
|move|p2a: Tapu Koko|Dazzling Gleam|p1a: Tornadus
|-damage|p1a: Tornadus|7/100
|move|p1a: Tornadus|U-turn|p2a: Tapu Koko
|-resisted|p2a: Tapu Koko
|-damage|p2a: Tapu Koko|57/100
|
|t:|1662046481
|switch|p1a: Rillaboom|Rillaboom, M|100/100|[from]move: U-turn
|-damage|p1a: Rillaboom|88/100|[from] Stealth Rock
|-fieldstart|move: Grassy Terrain|[from] ability: Grassy Surge|[of] p1a: Rillaboom
|
|-heal|p2a: Tapu Koko|63/100|[from] Grassy Terrain
|-heal|p1a: Rillaboom|94/100|[from] Grassy Terrain
|-heal|p1a: Rillaboom|100/100|[from] item: Leftovers
|upkeep
|turn|22
|
|t:|1662046488
|switch|p2a: Kong|Rillaboom, M, shiny|88/100
|-damage|p2a: Kong|76/100|[from] Stealth Rock
|move|p1a: Rillaboom|Swords Dance|p1a: Rillaboom
|-boost|p1a: Rillaboom|atk|2
|
|-heal|p2a: Kong|82/100|[from] Grassy Terrain
|upkeep
|turn|23
|
|t:|1662046496
|move|p2a: Kong|U-turn|p1a: Rillaboom
|-supereffective|p1a: Rillaboom
|-damage|p1a: Rillaboom|28/100
|
|t:|1662046499
|switch|p2a: Destroyer|Blaziken, M, shiny|100/100|[from]move: U-turn
|-damage|p2a: Destroyer|88/100|[from] Stealth Rock
|move|p1a: Rillaboom|Drain Punch|p2a: Destroyer
|-damage|p2a: Destroyer|6/100
|-heal|p1a: Rillaboom|59/100|[from] drain|[of] p2a: Destroyer
|
|-heal|p2a: Destroyer|12/100|[from] Grassy Terrain
|-heal|p1a: Rillaboom|65/100|[from] Grassy Terrain
|-heal|p1a: Rillaboom|71/100|[from] item: Leftovers
|upkeep
|turn|24
|
|t:|1662046503
|move|p1a: Rillaboom|Grassy Glide|p2a: Destroyer
|-resisted|p2a: Destroyer
|-damage|p2a: Destroyer|0 fnt
|faint|p2a: Destroyer
|
|-heal|p1a: Rillaboom|77/100|[from] Grassy Terrain
|-heal|p1a: Rillaboom|84/100|[from] item: Leftovers
|upkeep
|
|t:|1662046509
|switch|p2a: Tapu Koko|Tapu Koko|63/100
|-fieldstart|move: Electric Terrain|[from] ability: Electric Surge|[of] p2a: Tapu Koko
|turn|25
|
|t:|1662046515
|move|p2a: Tapu Koko|Dazzling Gleam|p1a: Rillaboom
|-damage|p1a: Rillaboom|46/100
|move|p1a: Rillaboom|Grassy Glide|p2a: Tapu Koko
|-damage|p2a: Tapu Koko|0 fnt
|faint|p2a: Tapu Koko
|
|-heal|p1a: Rillaboom|52/100|[from] item: Leftovers
|upkeep
|
|t:|1662046518
|switch|p2a: Kong|Rillaboom, M, shiny|82/100
|-damage|p2a: Kong|70/100|[from] Stealth Rock
|-fieldstart|move: Grassy Terrain|[from] ability: Grassy Surge|[of] p2a: Kong
|turn|26
|
|t:|1662046521
|move|p2a: Kong|Grassy Glide|p1a: Rillaboom
|-resisted|p1a: Rillaboom
|-crit|p1a: Rillaboom
|-damage|p1a: Rillaboom|0 fnt
|faint|p1a: Rillaboom
|
|-heal|p2a: Kong|76/100|[from] Grassy Terrain
|upkeep
|
|t:|1662046528
|switch|p1a: Blaziken|Blaziken, M|100/100
|-damage|p1a: Blaziken|88/100|[from] Stealth Rock
|turn|27
|
|t:|1662046531
|move|p2a: Kong|Grassy Glide|p1a: Blaziken
|-resisted|p1a: Blaziken
|-damage|p1a: Blaziken|33/100
|move|p1a: Blaziken|Flare Blitz|p2a: Kong
|-supereffective|p2a: Kong
|-damage|p2a: Kong|0 fnt
|faint|p2a: Kong
|-damage|p1a: Blaziken|8/100|[from] Recoil
|
|win|THE KING MJ
|raw|THE KING MJ's rating: 1678 &rarr; <strong>1697</strong><br />(+19 for winning)
|raw|legitteambuilder's rating: 1659 &rarr; <strong>1640</strong><br />(-19 for losing)
|l|☆legitteambuilder
||Ladder isn't responding, score probably updated but might not have (Request timeout).
