|j|☆shooting_star_blu
|j|☆playeraccount
|t:|1663283758
|gametype|singles
|player|p1|shooting_star_blu|rosa|1372
|player|p2|playeraccount|1|1363
|teamsize|p1|6
|teamsize|p2|6
|gen|8
|tier|[Gen 8] OU
|rated|
|rule|Sleep Clause Mod: Limit one foe put to sleep
|rule|Species Clause: Limit one of each Pokémon
|rule|OHKO Clause: OHKO moves are banned
|rule|Evasion Items Clause: Evasion items are banned
|rule|Evasion Moves Clause: Evasion moves are banned
|rule|Endless Battle Clause: Forcing endless battles is banned
|rule|HP Percentage Mod: HP is shown in percentages
|rule|Dynamax Clause: You cannot dynamax
|clearpoke
|poke|p1|Mew|
|poke|p1|Weavile, M|
|poke|p1|Celesteela|
|poke|p1|Crawdaunt, F|
|poke|p1|Garchomp, M|
|poke|p1|Blacephalon|
|poke|p2|Umbreon, F|
|poke|p2|Zapdos|
|poke|p2|Slowbro, F|
|poke|p2|Blissey, F|
|poke|p2|Mew|
|poke|p2|Dragonite, M|
|teampreview
|inactive|Battle timer is ON: inactive players will automatically lose when time's up. (requested by playeraccount)
|
|t:|1663283771
|start
|switch|p1a: Blacephalon|Blacephalon, shiny|100/100
|switch|p2a: Dragonite|Dragonite, M|100/100
|turn|1
|
|t:|1663283778
|move|p1a: Blacephalon|Trick|p2a: Dragonite
|-activate|p1a: Blacephalon|move: Trick|[of] p2a: Dragonite
|-item|p2a: Dragonite|Choice Scarf|[from] move: Trick
|-item|p1a: Blacephalon|Heavy-Duty Boots|[from] move: Trick
|move|p2a: Dragonite|Earthquake|p1a: Blacephalon
|-supereffective|p1a: Blacephalon
|-damage|p1a: Blacephalon|0 fnt
|faint|p1a: Blacephalon
|
|upkeep
|
|t:|1663283784
|switch|p1a: Celesteela|Celesteela, shiny|100/100
|turn|2
|
|t:|1663283791
|switch|p2a: Zapdos|Zapdos|100/100
|switch|p1a: Crawdaunt|Crawdaunt, F, shiny|100/100
|
|upkeep
|turn|3
|
|t:|1663283802
|switch|p1a: Garchomp|Garchomp, M, shiny|100/100
|move|p2a: Zapdos|Toxic|p1a: Garchomp
|-status|p1a: Garchomp|tox
|-enditem|p1a: Garchomp|Lum Berry|[eat]
|-curestatus|p1a: Garchomp|tox|[msg]
|
|upkeep
|turn|4
|
|t:|1663283809
|move|p1a: Garchomp|Stone Edge|p2a: Zapdos|[miss]
|-miss|p1a: Garchomp|p2a: Zapdos
|move|p2a: Zapdos|Toxic|p1a: Garchomp
|-status|p1a: Garchomp|tox
|
|-damage|p1a: Garchomp|94/100 tox|[from] psn
|upkeep
|turn|5
|
|t:|1663283814
|switch|p1a: Mew|Mew, shiny|100/100
|switch|p2a: Slowbro|Slowbro, F|100/100
|
|upkeep
|turn|6
|
|t:|1663283818
|move|p1a: Mew|Spikes|p2a: Slowbro
|-sidestart|p2: playeraccount|Spikes
|move|p2a: Slowbro|Teleport|p2a: Slowbro
|
|t:|1663283822
|switch|p2a: Umbreon|Umbreon, F|100/100|[from]move: Teleport
|-damage|p2a: Umbreon|88/100|[from] Spikes
|
|-heal|p2a: Umbreon|94/100|[from] item: Leftovers
|upkeep
|turn|7
|
|t:|1663283826
|move|p1a: Mew|Taunt|p2a: Umbreon
|-start|p2a: Umbreon|move: Taunt
|move|p2a: Umbreon|Foul Play|p1a: Mew
|-supereffective|p1a: Mew
|-damage|p1a: Mew|48/100
|
|-heal|p2a: Umbreon|99/100|[from] item: Leftovers
|upkeep
|turn|8
|
|t:|1663283841
|move|p1a: Mew|Spikes|p2a: Umbreon
|-sidestart|p2: playeraccount|Spikes
|move|p2a: Umbreon|Foul Play|p1a: Mew
|-supereffective|p1a: Mew
|-damage|p1a: Mew|0 fnt
|faint|p1a: Mew
|
|-heal|p2a: Umbreon|100/100|[from] item: Leftovers
|upkeep
|
|t:|1663283850
|switch|p1a: Weavile|Weavile, M, shiny|100/100
|-ability|p1a: Weavile|Pressure
|turn|9
|
|t:|1663283858
|switch|p2a: Zapdos|Zapdos|100/100
|move|p1a: Weavile|Swords Dance|p1a: Weavile
|-boost|p1a: Weavile|atk|2
|
|upkeep
|turn|10
|
|t:|1663283881
|switch|p2a: Slowbro|Slowbro, F|100/100
|-damage|p2a: Slowbro|84/100|[from] Spikes
|move|p1a: Weavile|Triple Axel|p2a: Slowbro
|-resisted|p2a: Slowbro
|-damage|p2a: Slowbro|76/100
|-damage|p1a: Weavile|84/100|[from] item: Rocky Helmet|[of] p2a: Slowbro
|-resisted|p2a: Slowbro
|-damage|p2a: Slowbro|60/100
|-damage|p1a: Weavile|68/100|[from] item: Rocky Helmet|[of] p2a: Slowbro
|-resisted|p2a: Slowbro
|-damage|p2a: Slowbro|38/100
|-damage|p1a: Weavile|51/100|[from] item: Rocky Helmet|[of] p2a: Slowbro
|-hitcount|p2a: Slowbro|3
|-damage|p1a: Weavile|41/100|[from] item: Life Orb
|
|upkeep
|turn|11
|
|t:|1663283891
|switch|p2a: Zapdos|Zapdos|100/100
|move|p1a: Weavile|Knock Off|p2a: Zapdos
|-damage|p2a: Zapdos|0 fnt
|-enditem|p2a: Zapdos|Heavy-Duty Boots|[from] move: Knock Off|[of] p1a: Weavile
|faint|p2a: Zapdos
|-damage|p1a: Weavile|31/100|[from] item: Life Orb
|
|upkeep
|
|t:|1663283895
|switch|p2a: Mew|Mew|100/100
|-damage|p2a: Mew|84/100|[from] Spikes
|turn|12
|
|t:|1663283898
|move|p2a: Mew|Ancient Power|p1a: Weavile
|-supereffective|p1a: Weavile
|-damage|p1a: Weavile|0 fnt
|faint|p1a: Weavile
|
|upkeep
|
|t:|1663283916
|switch|p1a: Crawdaunt|Crawdaunt, F, shiny|100/100
|turn|13
|
|t:|1663283926
|switch|p2a: Umbreon|Umbreon, F|100/100
|-damage|p2a: Umbreon|84/100|[from] Spikes
|move|p1a: Crawdaunt|Swords Dance|p1a: Crawdaunt
|-boost|p1a: Crawdaunt|atk|2
|
|-heal|p2a: Umbreon|90/100|[from] item: Leftovers
|upkeep
|turn|14
|
|t:|1663283944
|move|p1a: Crawdaunt|Crabhammer|p2a: Umbreon
|-damage|p2a: Umbreon|0 fnt
|faint|p2a: Umbreon
|-damage|p1a: Crawdaunt|91/100|[from] item: Life Orb
|
|upkeep
|
|t:|1663283950
|switch|p2a: Slowbro|Slowbro, F|71/100
|-damage|p2a: Slowbro|54/100|[from] Spikes
|turn|15
|
|t:|1663283961
|switch|p2a: Dragonite|Dragonite, M|100/100
|move|p1a: Crawdaunt|Knock Off|p2a: Dragonite
|-damage|p2a: Dragonite|0 fnt
|-enditem|p2a: Dragonite|Choice Scarf|[from] move: Knock Off|[of] p1a: Crawdaunt
|faint|p2a: Dragonite
|-damage|p1a: Crawdaunt|81/100|[from] item: Life Orb
|
|upkeep
|
|t:|1663283967
|switch|p2a: Mew|Mew|84/100
|-damage|p2a: Mew|68/100|[from] Spikes
|turn|16
|
|t:|1663283972
|switch|p1a: Garchomp|Garchomp, M, shiny|94/100 tox
|move|p2a: Mew|Energy Ball|p1a: Garchomp
|-damage|p1a: Garchomp|64/100 tox
|
|-damage|p1a: Garchomp|58/100 tox|[from] psn
|upkeep
|turn|17
|
|t:|1663283979
|move|p2a: Mew|Energy Ball|p1a: Garchomp
|-damage|p1a: Garchomp|29/100 tox
|-unboost|p1a: Garchomp|spd|1
|move|p1a: Garchomp|Swords Dance|p1a: Garchomp
|-boost|p1a: Garchomp|atk|2
|
|-damage|p1a: Garchomp|16/100 tox|[from] psn
|upkeep
|turn|18
|
|t:|1663283984
|switch|p1a: Celesteela|Celesteela, shiny|100/100
|move|p2a: Mew|Energy Ball|p1a: Celesteela
|-resisted|p1a: Celesteela
|-damage|p1a: Celesteela|94/100
|-unboost|p1a: Celesteela|spd|1
|
|upkeep
|turn|19
|
|t:|1663283997
|switch|p2a: Blissey|Blissey, F|100/100
|-damage|p2a: Blissey|84/100|[from] Spikes
|switch|p1a: Garchomp|Garchomp, M, shiny|16/100 tox
|
|-heal|p2a: Blissey|90/100|[from] item: Leftovers
|-damage|p1a: Garchomp|10/100 tox|[from] psn
|upkeep
|turn|20
|
|t:|1663284002
|move|p1a: Garchomp|Earthquake|p2a: Blissey
|-damage|p2a: Blissey|45/100
|move|p2a: Blissey|Stealth Rock|p1a: Garchomp
|-sidestart|p1: shooting_star_blu|move: Stealth Rock
|
|-heal|p2a: Blissey|51/100|[from] item: Leftovers
|-damage|p1a: Garchomp|0 fnt|[from] psn
|faint|p1a: Garchomp
|upkeep
|
|t:|1663284009
|switch|p1a: Crawdaunt|Crawdaunt, F, shiny|81/100
|-damage|p1a: Crawdaunt|69/100|[from] Stealth Rock
|turn|21
|
|t:|1663284015
|move|p1a: Crawdaunt|Knock Off|p2a: Blissey
|-damage|p2a: Blissey|0 fnt
|-enditem|p2a: Blissey|Leftovers|[from] move: Knock Off|[of] p1a: Crawdaunt
|faint|p2a: Blissey
|-damage|p1a: Crawdaunt|59/100|[from] item: Life Orb
|
|upkeep
|
|t:|1663284018
|switch|p2a: Slowbro|Slowbro, F|88/100
|-damage|p2a: Slowbro|71/100|[from] Spikes
|turn|22
|inactive|shooting_star_blu has 120 seconds left.
|
|t:|1663284055
|move|p1a: Crawdaunt|Knock Off|p2a: Slowbro
|-supereffective|p2a: Slowbro
|-damage|p2a: Slowbro|0 fnt
|-damage|p1a: Crawdaunt|42/100|[from] item: Rocky Helmet|[of] p2a: Slowbro
|-enditem|p2a: Slowbro|Rocky Helmet|[from] move: Knock Off|[of] p1a: Crawdaunt
|faint|p2a: Slowbro
|-damage|p1a: Crawdaunt|33/100|[from] item: Life Orb
|
|upkeep
|
|t:|1663284059
|switch|p2a: Mew|Mew|68/100
|-damage|p2a: Mew|51/100|[from] Spikes
|turn|23
|inactive|shooting_star_blu has 120 seconds left.
|
|t:|1663284073
|switch|p1a: Celesteela|Celesteela, shiny|94/100
|-damage|p1a: Celesteela|82/100|[from] Stealth Rock
|move|p2a: Mew|Ancient Power|p1a: Celesteela
|-damage|p1a: Celesteela|65/100
|
|upkeep
|turn|24
|
|t:|1663284077
|move|p2a: Mew|Ancient Power|p1a: Celesteela
|-damage|p1a: Celesteela|47/100
|move|p1a: Celesteela|Flamethrower|p2a: Mew
|-damage|p2a: Mew|21/100
|-status|p2a: Mew|brn
|-activate|p2a: Mew|ability: Synchronize
|-status|p1a: Celesteela|brn
|
|-damage|p2a: Mew|15/100 brn|[from] brn
|-damage|p1a: Celesteela|41/100 brn|[from] brn
|upkeep
|turn|25
|
|t:|1663284082
|move|p2a: Mew|Ancient Power|p1a: Celesteela
|-crit|p1a: Celesteela
|-damage|p1a: Celesteela|13/100 brn
|move|p1a: Celesteela|Flamethrower|p2a: Mew
|-damage|p2a: Mew|0 fnt
|faint|p2a: Mew
|
|win|shooting_star_blu
|raw|shooting_star_blu's rating: 1372 &rarr; <strong>1391</strong><br />(+19 for winning)
|raw|playeraccount's rating: 1363 &rarr; <strong>1344</strong><br />(-19 for losing)
|l|☆shooting_star_blu
|j|☆shooting_star_blu
|player|p1|shooting_star_blu|rosa
