|j|☆Flashybee
|j|☆AlabasterLight
|player|p1|Flashybee|70|1302
|player|p2|AlabasterLight|shauntal|1308
|teamsize|p1|6
|teamsize|p2|6
|gametype|singles
|gen|8
|tier|[Gen 8] OU
|rated|
|html|<div class="broadcast-red"><strong>OU is currently suspecting Arena Trap! For information on how to participate check out the <a href="https://www.smogon.com/forums/threads/3661134/">suspect thread</a>.</strong></div>
|clearpoke
|poke|p1|Mew|
|poke|p1|Haxorus, F|
|poke|p1|Zeraora|
|poke|p1|Dracovish|
|poke|p1|Kyurem|
|poke|p1|Diggersby, F|
|poke|p2|Durant, F|
|poke|p2|Rotom-Heat|
|poke|p2|Clefable, F|
|poke|p2|Zeraora|
|poke|p2|Kommo-o, F|
|poke|p2|Dugtrio, M|
|rule|Sleep Clause Mod: Limit one foe put to sleep
|rule|Species Clause: Limit one of each Pokémon
|rule|OHKO Clause: OHKO moves are banned
|rule|Evasion Moves Clause: Evasion moves are banned
|rule|Endless Battle Clause: Forcing endless battles is banned
|rule|HP Percentage Mod: HP is shown in percentages
|rule|Dynamax Clause: You cannot dynamax
|teampreview
|inactive|Battle timer is ON: inactive players will automatically lose when time's up. (requested by Flashybee)
|
|start
|switch|p1a: Mew|Mew|100/100
|switch|p2a: Durant|Durant, F|100/100
|turn|1
|
|move|p2a: Durant|First Impression|p1a: Mew
|-supereffective|p1a: Mew
|-enditem|p1a: Mew|Focus Sash
|-damage|p1a: Mew|1/100
|move|p1a: Mew|Stealth Rock|p2a: Durant
|-sidestart|p2: AlabasterLight|move: Stealth Rock
|
|upkeep
|turn|2
|
|switch|p2a: Rotom|Rotom-Heat|100/100
|-damage|p2a: Rotom|76/100|[from] Stealth Rock
|move|p1a: Mew|Spikes|p2a: Rotom
|-sidestart|p2: AlabasterLight|Spikes
|
|upkeep
|turn|3
|
|move|p2a: Rotom|Trick|p1a: Mew
|-activate|p2a: Rotom|move: Trick|[of] p1a: Mew
|-item|p1a: Mew|Choice Scarf|[from] move: Trick
|-enditem|p2a: Rotom|Choice Scarf|[silent]|[from] move: Trick
|move|p1a: Mew|Explosion|p2a: Rotom
|-damage|p2a: Rotom|0 fnt
|faint|p1a: Mew
|faint|p2a: Rotom
|
|upkeep
|inactive|AlabasterLight has 120 seconds left.
|
|switch|p1a: Diggersby|Diggersby, F|100/100
|switch|p2a: Durant|Durant, F|100/100
|-damage|p2a: Durant|88/100|[from] Spikes
|-damage|p2a: Durant|76/100|[from] Stealth Rock
|turn|4
|
|move|p2a: Durant|First Impression|p1a: Diggersby
|-damage|p1a: Diggersby|0 fnt
|faint|p1a: Diggersby
|
|upkeep
|
|switch|p1a: Dracovish|Dracovish|100/100
|turn|5
|
|switch|p2a: Kommo-o|Kommo-o, F|100/100
|-damage|p2a: Kommo-o|88/100|[from] Spikes
|-damage|p2a: Kommo-o|82/100|[from] Stealth Rock
|move|p1a: Dracovish|Fishious Rend|p2a: Kommo-o
|-resisted|p2a: Kommo-o
|-damage|p2a: Kommo-o|30/100
|
|upkeep
|turn|6
|
|move|p1a: Dracovish|Fishious Rend|p2a: Kommo-o
|-resisted|p2a: Kommo-o
|-damage|p2a: Kommo-o|0 fnt
|faint|p2a: Kommo-o
|
|upkeep
|
|switch|p2a: Durant|Durant, F|76/100
|-damage|p2a: Durant|63/100|[from] Spikes
|-damage|p2a: Durant|51/100|[from] Stealth Rock
|turn|7
|
|switch|p1a: Haxorus|Haxorus, F|100/100
|-ability|p1a: Haxorus|Mold Breaker
|move|p2a: Durant|First Impression|p1a: Haxorus
|-damage|p1a: Haxorus|0 fnt
|faint|p1a: Haxorus
|
|upkeep
|
|switch|p1a: Dracovish|Dracovish|100/100
|turn|8
|
|switch|p2a: Dugtrio|Dugtrio, M|100/100
|-damage|p2a: Dugtrio|88/100|[from] Spikes
|-damage|p2a: Dugtrio|82/100|[from] Stealth Rock
|move|p1a: Dracovish|Fishious Rend|p2a: Dugtrio
|-supereffective|p2a: Dugtrio
|-damage|p2a: Dugtrio|0 fnt
|faint|p2a: Dugtrio
|
|upkeep
|
|switch|p2a: Zeraora|Zeraora|100/100
|-damage|p2a: Zeraora|88/100|[from] Stealth Rock
|-damage|p2a: Zeraora|76/100|[from] Spikes
|turn|9
|
|move|p2a: Zeraora|Plasma Fists|p1a: Dracovish
|-damage|p1a: Dracovish|29/100
|-fieldactivate|move: Ion Deluge
|move|p1a: Dracovish|Fishious Rend|p2a: Zeraora
|-damage|p2a: Zeraora|6/100
|
|upkeep
|turn|10
|
|move|p2a: Zeraora|Plasma Fists|p1a: Dracovish
|-damage|p1a: Dracovish|0 fnt
|-fieldactivate|move: Ion Deluge
|faint|p1a: Dracovish
|
|upkeep
|
|switch|p1a: Zeraora|Zeraora|100/100
|turn|11
|
|move|p2a: Zeraora|Plasma Fists|p1a: Zeraora
|-immune|p1a: Zeraora|[from] ability: Volt Absorb
|move|p1a: Zeraora|Knock Off|p2a: Zeraora
|-damage|p2a: Zeraora|0 fnt
|-enditem|p2a: Zeraora|Choice Band|[from] move: Knock Off|[of] p1a: Zeraora
|-damage|p1a: Zeraora|91/100|[from] item: Life Orb
|faint|p2a: Zeraora
|
|upkeep
|
|switch|p2a: Durant|Durant, F|51/100
|-damage|p2a: Durant|38/100|[from] Spikes
|-damage|p2a: Durant|26/100|[from] Stealth Rock
|turn|12
|
|move|p2a: Durant|First Impression|p1a: Zeraora
|-crit|p1a: Zeraora
|-damage|p1a: Zeraora|0 fnt
|faint|p1a: Zeraora
|
|upkeep
|
|switch|p1a: Kyurem|Kyurem|100/100
|-ability|p1a: Kyurem|Pressure
|turn|13
|
|switch|p2a: Clefable|Clefable, F|100/100
|move|p1a: Kyurem|Dragon Dance|p1a: Kyurem
|-boost|p1a: Kyurem|atk|1
|-boost|p1a: Kyurem|spe|1
|
|upkeep
|turn|14
|
|move|p1a: Kyurem|Icicle Spear|p2a: Clefable
|-damage|p2a: Clefable|78/100
|-damage|p2a: Clefable|55/100
|-damage|p2a: Clefable|34/100
|-damage|p2a: Clefable|12/100
|-damage|p2a: Clefable|0 fnt
|-hitcount|p2a: Clefable|5
|faint|p2a: Clefable
|
|upkeep
|
|switch|p2a: Durant|Durant, F|26/100
|-damage|p2a: Durant|13/100|[from] Spikes
|-damage|p2a: Durant|1/100|[from] Stealth Rock
|turn|15
|
|move|p2a: Durant|First Impression|p1a: Kyurem
|-damage|p1a: Kyurem|11/100
|move|p1a: Kyurem|Icicle Spear|p2a: Durant
|-resisted|p2a: Durant
|-damage|p2a: Durant|0 fnt
|-hitcount|p2a: Durant|1
|faint|p2a: Durant
|
|win|Flashybee
|c|☆AlabasterLight|gg
|l|☆Flashybee
