|raw|<div class="broadcast-blue"><strong>This battle is required to be public due to a player having a name starting with 'lt94je'.</div>
|j|☆lt94je cuzzie
|j|☆misplayin
|t:|1661622274
|gametype|singles
|player|p1|lt94je cuzzie|266|1733
|player|p2|misplayin|acetrainer-gen4dp|1721
|teamsize|p1|6
|teamsize|p2|6
|gen|8
|tier|[Gen 8] OU
|rated|
|rule|Sleep Clause Mod: Limit one foe put to sleep
|rule|Species Clause: Limit one of each Pokémon
|rule|OHKO Clause: OHKO moves are banned
|rule|Evasion Items Clause: Evasion items are banned
|rule|Evasion Moves Clause: Evasion moves are banned
|rule|Endless Battle Clause: Forcing endless battles is banned
|rule|HP Percentage Mod: HP is shown in percentages
|rule|Dynamax Clause: You cannot dynamax
|clearpoke
|poke|p1|Dragapult, M|
|poke|p1|Talonflame, F|
|poke|p1|Gengar, F|
|poke|p1|Clefable, F|
|poke|p1|Corviknight, F|
|poke|p1|Mamoswine, F|
|poke|p2|Azumarill, F|
|poke|p2|Gengar, M|
|poke|p2|Garchomp, F|
|poke|p2|Tornadus-Therian, M|
|poke|p2|Landorus-Therian, M|
|poke|p2|Buzzwole|
|teampreview
|inactive|Battle timer is ON: inactive players will automatically lose when time's up. (requested by misplayin)
|
|t:|1661622296
|start
|switch|p1a: diabolical one|Clefable, F|100/100
|switch|p2a: Azumarill|Azumarill, F|100/100
|turn|1
|
|t:|1661622302
|move|p2a: Azumarill|Liquidation|p1a: diabolical one
|-damage|p1a: diabolical one|36/100
|-damage|p2a: Azumarill|84/100|[from] item: Rocky Helmet|[of] p1a: diabolical one
|move|p1a: diabolical one|Knock Off|p2a: Azumarill
|-resisted|p2a: Azumarill
|-damage|p2a: Azumarill|76/100
|-enditem|p2a: Azumarill|Choice Band|[from] move: Knock Off|[of] p1a: diabolical one
|
|upkeep
|turn|2
|
|t:|1661622308
|switch|p1a: ol' nellie|Corviknight, F|100/100
|-ability|p1a: ol' nellie|Pressure
|move|p2a: Azumarill|Liquidation|p1a: ol' nellie
|-damage|p1a: ol' nellie|64/100
|
|-heal|p1a: ol' nellie|70/100|[from] item: Leftovers
|upkeep
|turn|3
|
|t:|1661622322
|switch|p1a: Flamingfowl|Talonflame, F|100/100
|move|p2a: Azumarill|Knock Off|p1a: Flamingfowl
|-damage|p1a: Flamingfowl|64/100
|-status|p2a: Azumarill|brn|[from] ability: Flame Body|[of] p1a: Flamingfowl
|
|-damage|p2a: Azumarill|70/100 brn|[from] brn
|upkeep
|turn|4
|c|☆misplayin|:(
|c|☆lt94je cuzzie|op knock answer
|c|☆misplayin|no item is crazy
|j| Yuipo
|c| Yuipo|aha
|
|t:|1661622350
|switch|p1a: ol' nellie|Corviknight, F|70/100
|-ability|p1a: ol' nellie|Pressure
|move|p2a: Azumarill|Liquidation|p1a: ol' nellie
|-damage|p1a: ol' nellie|53/100
|
|-heal|p1a: ol' nellie|59/100|[from] item: Leftovers
|-damage|p2a: Azumarill|64/100 brn|[from] brn
|upkeep
|turn|5
|c| Yuipo|ikr
|c| Yuipo|no one
|c| Yuipo|in this meta
|c|☆misplayin|not  a soul
|c| Yuipo|runs no item
|
|t:|1661622362
|move|p2a: Azumarill|Knock Off|p1a: ol' nellie
|-damage|p1a: ol' nellie|47/100
|-enditem|p1a: ol' nellie|Leftovers|[from] move: Knock Off|[of] p2a: Azumarill
|move|p1a: ol' nellie|Roost|p1a: ol' nellie
|-heal|p1a: ol' nellie|97/100
|-singleturn|p1a: ol' nellie|move: Roost
|
|-damage|p2a: Azumarill|58/100 brn|[from] brn
|upkeep
|turn|6
|
|t:|1661622367
|switch|p2a: Tornadus|Tornadus-Therian, M|100/100
|move|p1a: ol' nellie|Brave Bird|p2a: Tornadus
|-damage|p2a: Tornadus|59/100
|-damage|p1a: ol' nellie|84/100|[from] Recoil
|
|upkeep
|turn|7
|c| Yuipo|so that's why knock so broken
|
|t:|1661622370
|switch|p1a: Flamingfowl|Talonflame, F|64/100
|move|p2a: Tornadus|Heat Wave|p1a: Flamingfowl
|-resisted|p1a: Flamingfowl
|-damage|p1a: Flamingfowl|53/100
|
|upkeep
|turn|8
|
|t:|1661622376
|move|p2a: Tornadus|Hurricane|p1a: Flamingfowl|[miss]
|-miss|p2a: Tornadus|p1a: Flamingfowl
|move|p1a: Flamingfowl|Roost|p1a: Flamingfowl
|-heal|p1a: Flamingfowl|100/100
|-singleturn|p1a: Flamingfowl|move: Roost
|
|upkeep
|turn|9
|c| Yuipo|but i thought talonflame made a good case for running no item
|c| Yuipo|so here we are :P
|
|t:|1661622387
|move|p2a: Tornadus|Hurricane|p1a: Flamingfowl
|-damage|p1a: Flamingfowl|62/100
|move|p1a: Flamingfowl|Acrobatics|p2a: Tornadus
|-damage|p2a: Tornadus|21/100
|
|upkeep
|turn|10
|c| Yuipo|omy
|
|t:|1661622394
|switch|p2a: Garchomp|Garchomp, F|100/100
|move|p1a: Flamingfowl|Will-O-Wisp|p2a: Garchomp
|-status|p2a: Garchomp|brn
|
|-damage|p2a: Garchomp|94/100 brn|[from] brn
|upkeep
|turn|11
|c| Yuipo|fat talon countering torn too
|
|t:|1661622401
|move|p1a: Flamingfowl|Taunt|p2a: Garchomp
|-start|p2a: Garchomp|move: Taunt
|cant|p2a: Garchomp|move: Taunt|Stealth Rock
|
|-heal|p2a: Garchomp|100/100 brn|[from] item: Leftovers
|-damage|p2a: Garchomp|94/100 brn|[from] brn
|upkeep
|turn|12
|c| Yuipo|wewwwwww
|c| Yuipo|bahahahahha
|c| Yuipo|bruh
|c|☆lt94je cuzzie|uh
|c|☆misplayin|this is crazyyyyyyyyyyy
|c| Yuipo|it's 6-0ing LOL
|c|☆lt94je cuzzie|what have u done yui
|c| Yuipo|ahahahaha
|c| Yuipo|yoooooooo
|c|☆misplayin|lmaooo
|c| Yuipo|we've brought it back
|c| Yuipo|:^)
|
|t:|1661622419
|switch|p2a: Tornadus|Tornadus-Therian, M|54/100
|move|p1a: Flamingfowl|Acrobatics|p2a: Tornadus
|-damage|p2a: Tornadus|16/100
|
|upkeep
|turn|13
|c| Yuipo|everyone abusing knock
|
|t:|1661622425
|switch|p2a: Garchomp|Garchomp, F|94/100 brn
|move|p1a: Flamingfowl|Roost|p1a: Flamingfowl
|-heal|p1a: Flamingfowl|100/100
|-singleturn|p1a: Flamingfowl|move: Roost
|
|-heal|p2a: Garchomp|100/100 brn|[from] item: Leftovers
|-damage|p2a: Garchomp|94/100 brn|[from] brn
|upkeep
|turn|14
|
|t:|1661622429
|move|p2a: Garchomp|Protect|p2a: Garchomp
|-singleturn|p2a: Garchomp|Protect
|move|p1a: Flamingfowl|Taunt|p2a: Garchomp
|-activate|p2a: Garchomp|move: Protect
|
|-heal|p2a: Garchomp|100/100 brn|[from] item: Leftovers
|-damage|p2a: Garchomp|94/100 brn|[from] brn
|upkeep
|turn|15
|c| Yuipo|while sulking that knock gets too much value
|
|t:|1661622434
|switch|p2a: Tornadus|Tornadus-Therian, M|49/100
|move|p1a: Flamingfowl|Taunt|p2a: Tornadus
|-start|p2a: Tornadus|move: Taunt
|
|upkeep
|turn|16
|c| Yuipo|and talon out here laughing and burning
|
|t:|1661622437
|switch|p2a: Garchomp|Garchomp, F|94/100 brn
|move|p1a: Flamingfowl|Acrobatics|p2a: Garchomp
|-damage|p2a: Garchomp|68/100 brn
|-damage|p1a: Flamingfowl|88/100|[from] ability: Rough Skin|[of] p2a: Garchomp
|
|-heal|p2a: Garchomp|74/100 brn|[from] item: Leftovers
|-damage|p2a: Garchomp|68/100 brn|[from] brn
|upkeep
|turn|17
|c| Yuipo|it ain't a waterfowl
|c| Yuipo|it's a
|c| Yuipo|flamingfowl
|
|t:|1661622451
|switch|p2a: Gengar|Gengar, M|100/100
|move|p1a: Flamingfowl|Taunt|p2a: Gengar
|-start|p2a: Gengar|move: Taunt
|
|upkeep
|turn|18
|
|t:|1661622455
|switch|p1a: MUZZIE|Mamoswine, F|100/100
|move|p2a: Gengar|Thunderbolt|p1a: MUZZIE
|-immune|p1a: MUZZIE
|
|upkeep
|turn|19
|c| Yuipo|goat muzzie...
|c|☆misplayin|im getting smashed
|
|t:|1661622470
|switch|p1a: blurry vision|Gengar, F|100/100
|move|p2a: Gengar|Focus Blast|p1a: blurry vision
|-immune|p1a: blurry vision
|
|-end|p2a: Gengar|move: Taunt
|upkeep
|turn|20
|c|☆misplayin|yooooooooooooooooooooooo
|
|t:|1661622488
|switch|p1a: MUZZIE|Mamoswine, F|100/100
|switch|p2a: Landorus|Landorus-Therian, M|100/100
|-ability|p2a: Landorus|Intimidate|boost
|-unboost|p1a: MUZZIE|atk|1
|
|upkeep
|turn|21
|
|t:|1661622493
|switch|p2a: Buzzwole|Buzzwole|100/100
|move|p1a: MUZZIE|Icicle Crash|p2a: Buzzwole
|-damage|p2a: Buzzwole|83/100
|
|upkeep
|turn|22
|c| Yuipo|cuzzie on fire
|c| Yuipo|what the
|c|☆misplayin|cool down pls
|
|t:|1661622507
|switch|p2a: Gengar|Gengar, M|100/100
|switch|p1a: Flamingfowl|Talonflame, F|88/100
|
|upkeep
|turn|23
|c| Yuipo|he's talonflame itself
|
|t:|1661622511
|switch|p1a: MUZZIE|Mamoswine, F|100/100
|move|p2a: Gengar|Nasty Plot|p2a: Gengar
|-boost|p2a: Gengar|spa|2
|
|upkeep
|turn|24
|c| Yuipo|got the flame booty
|j| ShaqFromBasketball
|
|t:|1661622517
|move|p2a: Gengar|Shadow Ball|p1a: MUZZIE
|-damage|p1a: MUZZIE|7/100
|-damage|p2a: Gengar|91/100|[from] item: Life Orb
|move|p1a: MUZZIE|Earthquake|p2a: Gengar
|-supereffective|p2a: Gengar
|-damage|p2a: Gengar|0 fnt
|faint|p2a: Gengar
|
|upkeep
|c| Yuipo|ah mamo
|c| Yuipo|ahhh mamo
|c|☆lt94je cuzzie|wait up
|c|☆lt94je cuzzie|this is not the muzzie spread is it
|c| Yuipo|yeah it is
|c|☆lt94je cuzzie|dang thats hard hitting
|inactive|misplayin has 120 seconds left.
|c|☆misplayin|this is a wrap
|c| Yuipo|but of course
|c|☆misplayin|wp
|c|☆misplayin|wp
|c| ShaqFromBasketball|mamo is insane what
|-message|misplayin forfeited.
|
|win|lt94je cuzzie
|raw|lt94je cuzzie's rating: 1733 &rarr; <strong>1753</strong><br />(+20 for winning)
|raw|misplayin's rating: 1738 &rarr; <strong>1718</strong><br />(-20 for losing)
|l|☆misplayin
|c| Yuipo|ahahahha LGI BOI
|c| ShaqFromBasketball|man
|c| ShaqFromBasketball|this thing cooks
|c| Yuipo|this is mr million btw cuzzie
||Ladder isn't responding, score probably updated but might not have (Request timeout).
|c| Yuipo|i sent him the team and asked him to keep it a secret
|c| ShaqFromBasketball|oh yeah sorry for lurking lol
|c| Yuipo|np enjoy the cuzzie outplays
|c| ShaqFromBasketball|yeah man
|c| ShaqFromBasketball|that was insane
