|j|☆lando expando
|j|☆bebo
|t:|1610471595
|player|p1|lando expando|lucas|1743
|player|p2|bebo|266|1766
|teamsize|p1|6
|teamsize|p2|6
|gametype|singles
|gen|8
|tier|[Gen 8] OU
|rated|
|clearpoke
|poke|p1|Lucario, F|
|poke|p1|Noivern, M|
|poke|p1|Sirfetch’d, F|
|poke|p1|Weezing-Galar, M|
|poke|p1|Mantine, M|
|poke|p1|Darmanitan, M|
|poke|p2|Dragapult, M|
|poke|p2|Landorus-Therian, M|
|poke|p2|Rillaboom, F|
|poke|p2|Heatran, M|
|poke|p2|Zapdos|
|poke|p2|Clefable, M|
|rule|Sleep Clause Mod: Limit one foe put to sleep
|rule|Species Clause: Limit one of each Pokémon
|rule|OHKO Clause: OHKO moves are banned
|rule|Evasion Moves Clause: Evasion moves are banned
|rule|Endless Battle Clause: Forcing endless battles is banned
|rule|HP Percentage Mod: HP is shown in percentages
|rule|Dynamax Clause: You cannot dynamax
|teampreview
|
|t:|1610471619
|start
|switch|p1a: Lucario|Lucario, F|100/100
|switch|p2a: Zapdos|Zapdos|100/100
|turn|1
|
|t:|1610471622
|move|p2a: Zapdos|Discharge|p1a: Lucario
|-damage|p1a: Lucario|50/100
|-status|p1a: Lucario|par
|cant|p1a: Lucario|par
|
|upkeep
|turn|2
|j| shadolid
|
|t:|1610471631
|switch|p1a: Noivern|Noivern, M|100/100
|move|p2a: Zapdos|Discharge|p1a: Noivern
|-damage|p1a: Noivern|60/100
|
|upkeep
|turn|3
|
|t:|1610471641
|move|p1a: Noivern|Draco Meteor|p2a: Zapdos
|-damage|p2a: Zapdos|21/100
|-unboost|p1a: Noivern|spa|2
|move|p2a: Zapdos|Discharge|p1a: Noivern
|-damage|p1a: Noivern|16/100
|
|upkeep
|turn|4
|
|t:|1610471649
|switch|p1a: Darmanitan|Darmanitan, M|100/100
|switch|p2a: Landorus|Landorus-Therian, M|100/100
|-ability|p2a: Landorus|Intimidate|boost
|-unboost|p1a: Darmanitan|atk|1
|
|upkeep
|turn|5
|
|t:|1610471657
|switch|p1a: Mantine|Mantine, M|100/100
|move|p2a: Landorus|Stealth Rock|p1a: Mantine
|-sidestart|p1: lando expando|move: Stealth Rock
|
|upkeep
|turn|6
|
|t:|1610471660
|move|p2a: Landorus|Toxic|p1a: Mantine|[miss]
|-miss|p2a: Landorus|p1a: Mantine
|move|p1a: Mantine|Scald|p2a: Landorus
|-supereffective|p2a: Landorus
|-damage|p2a: Landorus|46/100
|
|-heal|p2a: Landorus|52/100|[from] item: Leftovers
|upkeep
|turn|7
|
|t:|1610471667
|switch|p2a: Clefable|Clefable, M|100/100
|move|p1a: Mantine|Scald|p2a: Clefable
|-crit|p2a: Clefable
|-damage|p2a: Clefable|71/100
|-status|p2a: Clefable|brn
|
|upkeep
|turn|8
|
|t:|1610471671
|move|p1a: Mantine|Defog|p2a: Clefable
|-unboost|p2a: Clefable|evasion|1
|-sideend|p1: lando expando|Stealth Rock|[from] move: Defog|[of] p1a: Mantine
|move|p2a: Clefable|Trick|p1a: Mantine
|-activate|p2a: Clefable|move: Trick|[of] p1a: Mantine
|-item|p1a: Mantine|Sticky Barb|[from] move: Trick
|-item|p2a: Clefable|Heavy-Duty Boots|[from] move: Trick
|
|-damage|p1a: Mantine|88/100|[from] item: Sticky Barb
|upkeep
|turn|9
|
|t:|1610471675
|switch|p1a: Darmanitan|Darmanitan, M|100/100
|switch|p2a: Landorus|Landorus-Therian, M|52/100
|-ability|p2a: Landorus|Intimidate|boost
|-unboost|p1a: Darmanitan|atk|1
|
|-heal|p2a: Landorus|58/100|[from] item: Leftovers
|upkeep
|turn|10
|l| shadolid
|
|t:|1610471678
|move|p1a: Darmanitan|Flare Blitz|p2a: Landorus
|-damage|p2a: Landorus|0 fnt
|-damage|p1a: Darmanitan|81/100|[from] Recoil
|faint|p2a: Landorus
|
|upkeep
|j| a7 blazing
|
|t:|1610471682
|switch|p2a: Heatran|Heatran, M|100/100
|turn|11
|l| a7 blazing
|
|t:|1610471686
|switch|p1a: Mantine|Mantine, M|88/100
|move|p2a: Heatran|Magma Storm|p1a: Mantine
|-resisted|p1a: Mantine
|-damage|p1a: Mantine|75/100
|-activate|p1a: Mantine|move: Magma Storm|[of] p2a: Heatran
|
|-damage|p1a: Mantine|63/100|[from] move: Magma Storm|[partiallytrapped]
|-damage|p1a: Mantine|51/100|[from] item: Sticky Barb
|upkeep
|turn|12
|
|t:|1610471691
|move|p2a: Heatran|Toxic|p1a: Mantine
|-status|p1a: Mantine|tox
|move|p1a: Mantine|Scald|p2a: Heatran
|-supereffective|p2a: Heatran
|-damage|p2a: Heatran|58/100
|
|-heal|p2a: Heatran|64/100|[from] item: Leftovers
|-damage|p1a: Mantine|44/100 tox|[from] psn
|-damage|p1a: Mantine|32/100 tox|[from] move: Magma Storm|[partiallytrapped]
|-damage|p1a: Mantine|20/100 tox|[from] item: Sticky Barb
|upkeep
|turn|13
|
|t:|1610471698
|move|p2a: Heatran|Protect|p2a: Heatran
|-singleturn|p2a: Heatran|Protect
|move|p1a: Mantine|Scald|p2a: Heatran
|-activate|p2a: Heatran|move: Protect
|
|-heal|p2a: Heatran|70/100|[from] item: Leftovers
|-damage|p1a: Mantine|7/100 tox|[from] psn
|-damage|p1a: Mantine|0 fnt|[from] move: Magma Storm|[partiallytrapped]
|faint|p1a: Mantine
|upkeep
|
|t:|1610471700
|switch|p1a: Sirfetch’d|Sirfetch’d, F|100/100
|turn|14
|
|t:|1610471708
|switch|p2a: Rillaboom|Rillaboom, F|100/100
|-fieldstart|move: Grassy Terrain|[from] ability: Grassy Surge|[of] p2a: Rillaboom
|move|p1a: Sirfetch’d|Close Combat|p2a: Rillaboom
|-damage|p2a: Rillaboom|0 fnt
|-unboost|p1a: Sirfetch’d|def|1
|-unboost|p1a: Sirfetch’d|spd|1
|faint|p2a: Rillaboom
|
|upkeep
|
|t:|1610471718
|switch|p2a: Clefable|Clefable, M|71/100 brn
|turn|15
|j| galhenig
|
|t:|1610471723
|switch|p1a: Lucario|Lucario, F|50/100 par
|move|p2a: Clefable|Thunder Wave|p1a: Lucario
|-fail|p1a: Lucario|par
|
|-heal|p2a: Clefable|77/100 brn|[from] Grassy Terrain
|-heal|p1a: Lucario|56/100 par|[from] Grassy Terrain
|upkeep
|turn|16
|
|t:|1610471728
|switch|p2a: Heatran|Heatran, M|70/100
|move|p1a: Lucario|Flash Cannon|p2a: Heatran
|-resisted|p2a: Heatran
|-damage|p2a: Heatran|58/100
|-damage|p1a: Lucario|46/100 par|[from] item: Life Orb
|
|-heal|p2a: Heatran|64/100|[from] Grassy Terrain
|-heal|p2a: Heatran|70/100|[from] item: Leftovers
|-heal|p1a: Lucario|52/100 par|[from] Grassy Terrain
|upkeep
|turn|17
|j| IM AT MY LIMIT
|
|t:|1610471736
|move|p2a: Heatran|Earth Power|p1a: Lucario
|-supereffective|p1a: Lucario
|-damage|p1a: Lucario|0 fnt
|faint|p1a: Lucario
|
|-heal|p2a: Heatran|76/100|[from] Grassy Terrain
|-heal|p2a: Heatran|82/100|[from] item: Leftovers
|upkeep
|j| shadolid
|l| shadolid
|
|t:|1610471744
|switch|p1a: Sirfetch’d|Sirfetch’d, F|100/100
|turn|18
|
|t:|1610471748
|switch|p2a: Clefable|Clefable, M|77/100 brn
|move|p1a: Sirfetch’d|Close Combat|p2a: Clefable
|-resisted|p2a: Clefable
|-damage|p2a: Clefable|33/100 brn
|-unboost|p1a: Sirfetch’d|def|1
|-unboost|p1a: Sirfetch’d|spd|1
|
|-heal|p2a: Clefable|39/100 brn|[from] Grassy Terrain
|-fieldend|move: Grassy Terrain
|upkeep
|turn|19
|
|t:|1610471758
|switch|p2a: Zapdos|Zapdos|21/100
|move|p1a: Sirfetch’d|Close Combat|p2a: Zapdos
|-resisted|p2a: Zapdos
|-damage|p2a: Zapdos|0 fnt
|-unboost|p1a: Sirfetch’d|def|1
|-unboost|p1a: Sirfetch’d|spd|1
|faint|p2a: Zapdos
|
|upkeep
|
|t:|1610471761
|switch|p2a: Dragapult|Dragapult, M|100/100
|turn|20
|
|t:|1610471765
|switch|p1a: Noivern|Noivern, M|16/100
|move|p2a: Dragapult|Substitute|p2a: Dragapult
|-start|p2a: Dragapult|Substitute
|-damage|p2a: Dragapult|76/100
|
|-heal|p2a: Dragapult|82/100|[from] item: Leftovers
|upkeep
|turn|21
|
|t:|1610471769
|move|p2a: Dragapult|Hex|p1a: Noivern
|-damage|p1a: Noivern|0 fnt
|faint|p1a: Noivern
|
|-heal|p2a: Dragapult|88/100|[from] item: Leftovers
|upkeep
|
|t:|1610471772
|switch|p1a: Weezing|Weezing-Galar, M|100/100
|-ability|p1a: Weezing|Neutralizing Gas
|turn|22
|l| IM AT MY LIMIT
|
|t:|1610471775
|move|p2a: Dragapult|Thunder Wave|p1a: Weezing
|-status|p1a: Weezing|par
|move|p1a: Weezing|Strange Steam|p2a: Dragapult
|-supereffective|p2a: Dragapult
|-end|p2a: Dragapult|Substitute
|
|-heal|p2a: Dragapult|94/100|[from] item: Leftovers
|upkeep
|turn|23
|
|t:|1610471780
|move|p2a: Dragapult|Substitute|p2a: Dragapult
|-start|p2a: Dragapult|Substitute
|-damage|p2a: Dragapult|69/100
|cant|p1a: Weezing|par
|
|-heal|p2a: Dragapult|75/100|[from] item: Leftovers
|upkeep
|turn|24
|
|t:|1610471784
|move|p2a: Dragapult|Hex|p1a: Weezing
|-damage|p1a: Weezing|24/100 par
|move|p1a: Weezing|Strange Steam|p2a: Dragapult
|-supereffective|p2a: Dragapult
|-end|p2a: Dragapult|Substitute
|
|-heal|p2a: Dragapult|81/100|[from] item: Leftovers
|-heal|p1a: Weezing|30/100 par|[from] item: Black Sludge
|upkeep
|turn|25
|
|t:|1610471788
|move|p2a: Dragapult|Substitute|p2a: Dragapult
|-start|p2a: Dragapult|Substitute
|-damage|p2a: Dragapult|56/100
|move|p1a: Weezing|Strange Steam|p2a: Dragapult
|-supereffective|p2a: Dragapult
|-end|p2a: Dragapult|Substitute
|
|-heal|p2a: Dragapult|62/100|[from] item: Leftovers
|-heal|p1a: Weezing|36/100 par|[from] item: Black Sludge
|upkeep
|turn|26
|
|t:|1610471791
|move|p2a: Dragapult|Substitute|p2a: Dragapult
|-start|p2a: Dragapult|Substitute
|-damage|p2a: Dragapult|37/100
|move|p1a: Weezing|Strange Steam|p2a: Dragapult
|-supereffective|p2a: Dragapult
|-end|p2a: Dragapult|Substitute
|
|-heal|p2a: Dragapult|43/100|[from] item: Leftovers
|-heal|p1a: Weezing|42/100 par|[from] item: Black Sludge
|upkeep
|turn|27
|
|t:|1610471795
|move|p2a: Dragapult|Substitute|p2a: Dragapult
|-start|p2a: Dragapult|Substitute
|-damage|p2a: Dragapult|18/100
|move|p1a: Weezing|Strange Steam|p2a: Dragapult
|-supereffective|p2a: Dragapult
|-end|p2a: Dragapult|Substitute
|
|-heal|p2a: Dragapult|24/100|[from] item: Leftovers
|-heal|p1a: Weezing|48/100 par|[from] item: Black Sludge
|upkeep
|turn|28
|
|t:|1610471799
|move|p2a: Dragapult|Hex|p1a: Weezing
|-damage|p1a: Weezing|0 fnt
|faint|p1a: Weezing
|-end|p1a: Weezing|ability: Neutralizing Gas
|
|-heal|p2a: Dragapult|30/100|[from] item: Leftovers
|upkeep
|
|t:|1610471802
|switch|p1a: Sirfetch’d|Sirfetch’d, F|100/100
|turn|29
|
|t:|1610471807
|move|p2a: Dragapult|Substitute|p2a: Dragapult
|-start|p2a: Dragapult|Substitute
|-damage|p2a: Dragapult|5/100
|move|p1a: Sirfetch’d|Close Combat|p2a: Dragapult
|-end|p2a: Dragapult|Substitute
|-unboost|p1a: Sirfetch’d|def|1
|-unboost|p1a: Sirfetch’d|spd|1
|
|-heal|p2a: Dragapult|11/100|[from] item: Leftovers
|upkeep
|turn|30
|
|t:|1610471821
|switch|p2a: Clefable|Clefable, M|39/100 brn
|move|p1a: Sirfetch’d|Close Combat|p2a: Clefable
|-resisted|p2a: Clefable
|-damage|p2a: Clefable|0 fnt
|-unboost|p1a: Sirfetch’d|def|1
|-unboost|p1a: Sirfetch’d|spd|1
|faint|p2a: Clefable
|
|upkeep
|
|t:|1610471830
|switch|p2a: Heatran|Heatran, M|82/100
|turn|31
|
|t:|1610471836
|move|p2a: Heatran|Magma Storm|p1a: Sirfetch’d
|-damage|p1a: Sirfetch’d|0 fnt
|faint|p1a: Sirfetch’d
|
|-heal|p2a: Heatran|88/100|[from] item: Leftovers
|upkeep
|
|t:|1610471839
|switch|p1a: Darmanitan|Darmanitan, M|81/100
|turn|32
|
|t:|1610471844
|move|p2a: Heatran|Protect|p2a: Heatran
|-singleturn|p2a: Heatran|Protect
|move|p1a: Darmanitan|Earthquake|p2a: Heatran
|-activate|p2a: Heatran|move: Protect
|
|-heal|p2a: Heatran|94/100|[from] item: Leftovers
|upkeep
|turn|33
|
|t:|1610471848
|move|p1a: Darmanitan|Earthquake|p2a: Heatran
|-supereffective|p2a: Heatran
|-damage|p2a: Heatran|0 fnt
|faint|p2a: Heatran
|
|upkeep
|
|t:|1610471849
|switch|p2a: Dragapult|Dragapult, M|11/100
|turn|34
|
|t:|1610471851
|move|p2a: Dragapult|Dragon Darts|p1a: Darmanitan
|-damage|p1a: Darmanitan|49/100
|-anim|p2a: Dragapult|Dragon Darts|p1a: Darmanitan
|-damage|p1a: Darmanitan|15/100
|move|p1a: Darmanitan|Earthquake|p2a: Dragapult
|-crit|p2a: Dragapult
|-damage|p2a: Dragapult|0 fnt
|faint|p2a: Dragapult
|
|win|lando expando
|l|☆bebo
