|html|<div class="broadcast-blue"><strong>[Gen 8] OU is currently suspecting Melmetal! For information on how to participate check out the <a href="https://www.smogon.com/forums/threads/np-ss-ou-suspect-process-round-12-monster-mash.3709234/">suspect thread</a>.</strong></div>
|j|☆minimax_ai
|j|☆misplayin
|t:|1665748120
|gametype|singles
|player|p1|minimax_ai|101|1636
|player|p2|misplayin|pokemonrangerf-gen4|1690
|teamsize|p1|6
|teamsize|p2|6
|gen|8
|tier|[Gen 8] OU
|rated|
|rule|Sleep Clause Mod: Limit one foe put to sleep
|rule|Species Clause: Limit one of each Pokémon
|rule|OHKO Clause: OHKO moves are banned
|rule|Evasion Items Clause: Evasion items are banned
|rule|Evasion Moves Clause: Evasion moves are banned
|rule|Endless Battle Clause: Forcing endless battles is banned
|rule|HP Percentage Mod: HP is shown in percentages
|rule|Dynamax Clause: You cannot dynamax
|clearpoke
|poke|p1|Rotom-Wash|
|poke|p1|Weavile, M|
|poke|p1|Landorus-Therian, M|
|poke|p1|Heatran, M|
|poke|p1|Tangrowth, M|
|poke|p1|Melmetal|
|poke|p2|Azumarill, F|
|poke|p2|Gengar, F|
|poke|p2|Garchomp, M|
|poke|p2|Tornadus-Therian, M|
|poke|p2|Landorus-Therian, M|
|poke|p2|Buzzwole|
|teampreview
|inactive|Battle timer is ON: inactive players will automatically lose when time's up. (requested by misplayin)
|c|☆minimax_ai|hf
|inactive|minimax_ai also wants the timer to be on.
|c|☆misplayin|I'll try
|
|t:|1665748138
|start
|switch|p1a: landorustherian|Landorus-Therian, M|100/100
|switch|p2a: Garchomp|Garchomp, M|100/100
|-ability|p1a: landorustherian|Intimidate|boost
|-unboost|p2a: Garchomp|atk|1
|turn|1
|
|t:|1665748141
|move|p2a: Garchomp|Toxic|p1a: landorustherian
|-status|p1a: landorustherian|tox
|move|p1a: landorustherian|Toxic|p2a: Garchomp
|-status|p2a: Garchomp|tox
|
|-damage|p2a: Garchomp|94/100 tox|[from] psn
|-damage|p1a: landorustherian|94/100 tox|[from] psn
|upkeep
|turn|2
|
|t:|1665748144
|switch|p1a: Heatran|Heatran, M|100/100
|-item|p1a: Heatran|Air Balloon
|move|p2a: Garchomp|Stealth Rock|p1a: Heatran
|-sidestart|p1: minimax_ai|move: Stealth Rock
|
|-heal|p2a: Garchomp|100/100 tox|[from] item: Leftovers
|-damage|p2a: Garchomp|88/100 tox|[from] psn
|upkeep
|turn|3
|
|t:|1665748147
|switch|p2a: Landorus|Landorus-Therian, M|100/100
|-ability|p2a: Landorus|Intimidate|boost
|-unboost|p1a: Heatran|atk|1
|move|p1a: Heatran|Stealth Rock|p2a: Landorus
|-sidestart|p2: misplayin|move: Stealth Rock
|
|upkeep
|turn|4
|
|t:|1665748149
|move|p1a: Heatran|Eruption|p2a: Landorus
|-damage|p2a: Landorus|42/100
|move|p2a: Landorus|U-turn|p1a: Heatran
|-resisted|p1a: Heatran
|-damage|p1a: Heatran|95/100
|-enditem|p1a: Heatran|Air Balloon
|
|t:|1665748153
|switch|p2a: Garchomp|Garchomp, M|88/100 tox|[from]move: U-turn
|-damage|p2a: Garchomp|82/100 tox|[from] Stealth Rock
|
|-heal|p2a: Garchomp|88/100 tox|[from] item: Leftovers
|-damage|p2a: Garchomp|82/100 tox|[from] psn
|upkeep
|turn|5
|
|t:|1665748157
|switch|p1a: rotomwash|Rotom-Wash|100/100
|-damage|p1a: rotomwash|88/100|[from] Stealth Rock
|switch|p2a: Landorus|Landorus-Therian, M|42/100
|-damage|p2a: Landorus|29/100|[from] Stealth Rock
|-ability|p2a: Landorus|Intimidate|boost
|-unboost|p1a: rotomwash|atk|1
|
|-heal|p1a: rotomwash|94/100|[from] item: Leftovers
|-heal|p2a: Landorus|35/100|[from] item: Leftovers
|upkeep
|turn|6
|
|t:|1665748167
|switch|p2a: Tornadus|Tornadus-Therian, M|100/100
|-damage|p2a: Tornadus|76/100|[from] Stealth Rock
|move|p1a: rotomwash|Nasty Plot|p1a: rotomwash
|-boost|p1a: rotomwash|spa|2
|
|-heal|p1a: rotomwash|100/100|[from] item: Leftovers
|upkeep
|turn|7
|
|t:|1665748169
|move|p2a: Tornadus|Knock Off|p1a: rotomwash
|-damage|p1a: rotomwash|78/100
|-enditem|p1a: rotomwash|Leftovers|[from] move: Knock Off|[of] p2a: Tornadus
|move|p1a: rotomwash|Hydro Pump|p2a: Tornadus|[miss]
|-miss|p1a: rotomwash|p2a: Tornadus
|
|upkeep
|turn|8
|
|t:|1665748172
|move|p2a: Tornadus|Hurricane|p1a: rotomwash|[miss]
|-miss|p2a: Tornadus|p1a: rotomwash
|move|p1a: rotomwash|Hydro Pump|p2a: Tornadus
|-damage|p2a: Tornadus|21/100
|
|upkeep
|turn|9
|
|t:|1665748174
|move|p2a: Tornadus|U-turn|p1a: rotomwash
|-damage|p1a: rotomwash|63/100
|
|t:|1665748178
|switch|p2a: Landorus|Landorus-Therian, M|35/100|[from]move: U-turn
|-damage|p2a: Landorus|23/100|[from] Stealth Rock
|-ability|p2a: Landorus|Intimidate|boost
|-unboost|p1a: rotomwash|atk|1
|move|p1a: rotomwash|Hydro Pump|p2a: Landorus
|-supereffective|p2a: Landorus
|-damage|p2a: Landorus|0 fnt
|faint|p2a: Landorus
|
|upkeep
|
|t:|1665748181
|switch|p2a: Gengar|Gengar, F|100/100
|-damage|p2a: Gengar|88/100|[from] Stealth Rock
|turn|10
|
|t:|1665748182
|switch|p1a: Melmetal|Melmetal|100/100
|-damage|p1a: Melmetal|94/100|[from] Stealth Rock
|move|p2a: Gengar|Shadow Ball|p1a: Melmetal
|-damage|p1a: Melmetal|64/100
|-unboost|p1a: Melmetal|spd|1
|-damage|p2a: Gengar|78/100|[from] item: Life Orb
|
|upkeep
|turn|11
|
|t:|1665748185
|move|p2a: Gengar|Focus Blast|p1a: Melmetal
|-supereffective|p1a: Melmetal
|-damage|p1a: Melmetal|0 fnt
|faint|p1a: Melmetal
|-damage|p2a: Gengar|68/100|[from] item: Life Orb
|
|upkeep
|
|t:|1665748185
|switch|p1a: Weavile|Weavile, M|100/100
|-damage|p1a: Weavile|76/100|[from] Stealth Rock
|-ability|p1a: Weavile|Pressure
|turn|12
|
|t:|1665748188
|switch|p2a: Buzzwole|Buzzwole|100/100
|-damage|p2a: Buzzwole|88/100|[from] Stealth Rock
|move|p1a: Weavile|Triple Axel|p2a: Buzzwole
|-damage|p2a: Buzzwole|81/100
|-damage|p1a: Weavile|59/100|[from] item: Rocky Helmet|[of] p2a: Buzzwole
|-hitcount|p2a: Buzzwole|1
|
|upkeep
|turn|13
|
|t:|1665748192
|switch|p1a: Tangrowth|Tangrowth, M|100/100
|-damage|p1a: Tangrowth|88/100|[from] Stealth Rock
|switch|p2a: Gengar|Gengar, F|68/100
|-damage|p2a: Gengar|56/100|[from] Stealth Rock
|
|upkeep
|turn|14
|
|t:|1665748194
|switch|p1a: landorustherian|Landorus-Therian, M|94/100 tox
|-damage|p1a: landorustherian|82/100 tox|[from] Stealth Rock
|-ability|p1a: landorustherian|Intimidate|boost
|-unboost|p2a: Gengar|atk|1
|move|p2a: Gengar|Shadow Ball|p1a: landorustherian
|-damage|p1a: landorustherian|40/100 tox
|-damage|p2a: Gengar|46/100|[from] item: Life Orb
|
|-heal|p1a: landorustherian|46/100 tox|[from] item: Leftovers
|-damage|p1a: landorustherian|40/100 tox|[from] psn
|upkeep
|turn|15
|
|t:|1665748196
|move|p2a: Gengar|Shadow Ball|p1a: landorustherian
|-damage|p1a: landorustherian|2/100 tox
|-damage|p2a: Gengar|36/100|[from] item: Life Orb
|move|p1a: landorustherian|Earthquake|p2a: Gengar
|-supereffective|p2a: Gengar
|-damage|p2a: Gengar|0 fnt
|faint|p2a: Gengar
|
|-heal|p1a: landorustherian|8/100 tox|[from] item: Leftovers
|-damage|p1a: landorustherian|0 fnt|[from] psn
|faint|p1a: landorustherian
|upkeep
|c|☆misplayin|:(
|
|t:|1665748209
|switch|p2a: Azumarill|Azumarill, F|100/100
|switch|p1a: Tangrowth|Tangrowth, M|100/100
|-damage|p2a: Azumarill|88/100|[from] Stealth Rock
|-damage|p1a: Tangrowth|88/100|[from] Stealth Rock
|turn|16
|
|t:|1665748212
|switch|p2a: Buzzwole|Buzzwole|81/100
|-damage|p2a: Buzzwole|68/100|[from] Stealth Rock
|move|p1a: Tangrowth|Giga Drain|p2a: Buzzwole
|-resisted|p2a: Buzzwole
|-damage|p2a: Buzzwole|49/100
|-heal|p1a: Tangrowth|98/100|[from] drain|[of] p2a: Buzzwole
|
|upkeep
|turn|17
|
|t:|1665748214
|move|p2a: Buzzwole|Roost|p2a: Buzzwole
|-heal|p2a: Buzzwole|99/100
|-singleturn|p2a: Buzzwole|move: Roost
|move|p1a: Tangrowth|Sleep Powder|p2a: Buzzwole
|-status|p2a: Buzzwole|slp|[from] move: Sleep Powder
|
|upkeep
|turn|18
|
|t:|1665748220
|switch|p2a: Azumarill|Azumarill, F|88/100
|-damage|p2a: Azumarill|76/100|[from] Stealth Rock
|move|p1a: Tangrowth|Giga Drain|p2a: Azumarill
|-supereffective|p2a: Azumarill
|-damage|p2a: Azumarill|14/100
|-heal|p1a: Tangrowth|100/100|[from] drain|[of] p2a: Azumarill
|
|upkeep
|turn|19
|
|t:|1665748223
|move|p2a: Azumarill|Play Rough|p1a: Tangrowth|[miss]
|-miss|p2a: Azumarill|p1a: Tangrowth
|move|p1a: Tangrowth|Giga Drain|p2a: Azumarill
|-supereffective|p2a: Azumarill
|-damage|p2a: Azumarill|0 fnt
|faint|p2a: Azumarill
|
|upkeep
|c|☆misplayin|gg
|-message|misplayin forfeited.
|
|win|minimax_ai
|raw|minimax_ai's rating: 1636 &rarr; <strong>1659</strong><br />(+23 for winning)
|raw|misplayin's rating: 1690 &rarr; <strong>1667</strong><br />(-23 for losing)
|c|☆minimax_ai|gg
|l|☆misplayin
