|raw|<div class="broadcast-blue"><strong>This battle is required to be public due to a player having a name starting with 'lt92pf'.</div>
|j|☆j_albacino023
|j|☆lt92pf jf
|t:|1659906059
|gametype|singles
|player|p1|j_albacino023|265|1872
|player|p2|lt92pf jf|misty-masters|1901
|teamsize|p1|6
|teamsize|p2|6
|gen|8
|tier|[Gen 8] OU
|rated|
|rule|Sleep Clause Mod: Limit one foe put to sleep
|rule|Species Clause: Limit one of each Pokémon
|rule|OHKO Clause: OHKO moves are banned
|rule|Evasion Items Clause: Evasion items are banned
|rule|Evasion Moves Clause: Evasion moves are banned
|rule|Endless Battle Clause: Forcing endless battles is banned
|rule|HP Percentage Mod: HP is shown in percentages
|rule|Dynamax Clause: You cannot dynamax
|clearpoke
|poke|p1|Ferrothorn, F|
|poke|p1|Rotom-Wash|
|poke|p1|Tyranitar, M|
|poke|p1|Excadrill, M|
|poke|p1|Clefable, F|
|poke|p1|Dragapult, M|
|poke|p2|Blissey, F|
|poke|p2|Slowking-Galar, F|
|poke|p2|Corviknight, M|
|poke|p2|Toxapex, M|
|poke|p2|Clefable, F|
|poke|p2|Gastrodon, F|
|teampreview
|inactive|Battle timer is ON: inactive players will automatically lose when time's up. (requested by lt92pf jf)
|j| Arch-Otis
|
|t:|1659906076
|start
|switch|p1a: Tyranitar|Tyranitar, M|100/100
|switch|p2a: Toxapex|Toxapex, M|100/100
|-weather|Sandstorm|[from] ability: Sand Stream|[of] p1a: Tyranitar
|turn|1
|
|t:|1659906087
|switch|p1a: Clefable|Clefable, F|100/100
|move|p2a: Toxapex|Knock Off|p1a: Clefable
|-resisted|p1a: Clefable
|-damage|p1a: Clefable|96/100
|-damage|p2a: Toxapex|84/100|[from] item: Rocky Helmet|[of] p1a: Clefable
|-enditem|p1a: Clefable|Rocky Helmet|[from] move: Knock Off|[of] p2a: Toxapex
|
|-weather|Sandstorm|[upkeep]
|-damage|p2a: Toxapex|78/100|[from] Sandstorm
|upkeep
|turn|2
|
|t:|1659906094
|switch|p2a: Slowking|Slowking-Galar, F|100/100
|move|p1a: Clefable|Knock Off|p2a: Slowking
|-supereffective|p2a: Slowking
|-damage|p2a: Slowking|69/100
|-enditem|p2a: Slowking|Assault Vest|[from] move: Knock Off|[of] p1a: Clefable
|
|-weather|Sandstorm|[upkeep]
|-damage|p2a: Slowking|63/100|[from] Sandstorm
|upkeep
|turn|3
|
|t:|1659906099
|move|p1a: Clefable|Stealth Rock|p2a: Slowking
|-sidestart|p2: lt92pf jf|move: Stealth Rock
|move|p2a: Slowking|Sludge Bomb|p1a: Clefable
|-supereffective|p1a: Clefable
|-damage|p1a: Clefable|4/100
|-status|p1a: Clefable|psn
|
|-weather|Sandstorm|[upkeep]
|-damage|p2a: Slowking|57/100|[from] Sandstorm
|upkeep
|turn|4
|
|t:|1659906103
|switch|p1a: Rotom|Rotom-Wash|100/100
|move|p2a: Slowking|Sludge Bomb|p1a: Rotom
|-damage|p1a: Rotom|55/100
|
|-weather|Sandstorm|[upkeep]
|-damage|p1a: Rotom|49/100|[from] Sandstorm
|-damage|p2a: Slowking|51/100|[from] Sandstorm
|-heal|p1a: Rotom|55/100|[from] item: Leftovers
|upkeep
|turn|5
|j|+avarice
|
|t:|1659906108
|move|p1a: Rotom|Volt Switch|p2a: Slowking
|-damage|p2a: Slowking|30/100
|
|t:|1659906112
|switch|p1a: Excadrill|Excadrill, M|100/100|[from]move: Volt Switch
|move|p2a: Slowking|Sludge Bomb|p1a: Excadrill
|-immune|p1a: Excadrill
|
|-weather|none
|upkeep
|turn|6
|
|t:|1659906118
|switch|p1a: Rotom|Rotom-Wash|55/100
|switch|p2a: Corviknight|Corviknight, M|100/100
|-damage|p2a: Corviknight|88/100|[from] Stealth Rock
|-ability|p2a: Corviknight|Pressure
|
|-heal|p1a: Rotom|61/100|[from] item: Leftovers
|-heal|p2a: Corviknight|94/100|[from] item: Leftovers
|upkeep
|turn|7
|j| Livio el Tito
|
|t:|1659906127
|switch|p2a: Slowking|Slowking-Galar, F|63/100
|-damage|p2a: Slowking|51/100|[from] Stealth Rock
|move|p1a: Rotom|Volt Switch|p2a: Slowking
|-damage|p2a: Slowking|30/100
|j| isudbhfahsb
|
|t:|1659906130
|switch|p1a: Tyranitar|Tyranitar, M|100/100|[from]move: Volt Switch
|-weather|Sandstorm|[from] ability: Sand Stream|[of] p1a: Tyranitar
|
|-weather|Sandstorm|[upkeep]
|-damage|p2a: Slowking|24/100|[from] Sandstorm
|upkeep
|turn|8
|
|t:|1659906138
|switch|p2a: Toxapex|Toxapex, M|100/100
|-damage|p2a: Toxapex|88/100|[from] Stealth Rock
|move|p1a: Tyranitar|Stone Edge|p2a: Toxapex
|-damage|p2a: Toxapex|32/100
|
|-weather|Sandstorm|[upkeep]
|-damage|p2a: Toxapex|26/100|[from] Sandstorm
|upkeep
|turn|9
|
|t:|1659906142
|switch|p2a: Gastrodon|Gastrodon, F|100/100
|-damage|p2a: Gastrodon|94/100|[from] Stealth Rock
|move|p1a: Tyranitar|Stone Edge|p2a: Gastrodon
|-resisted|p2a: Gastrodon
|-damage|p2a: Gastrodon|48/100
|
|-weather|Sandstorm|[upkeep]
|-heal|p2a: Gastrodon|54/100|[from] item: Leftovers
|upkeep
|turn|10
|
|t:|1659906149
|switch|p1a: Clefable|Clefable, F|4/100 psn
|move|p2a: Gastrodon|Recover|p2a: Gastrodon
|-heal|p2a: Gastrodon|100/100
|
|-weather|Sandstorm|[upkeep]
|upkeep
|turn|11
|
|t:|1659906155
|switch|p2a: Slowking|Slowking-Galar, F|57/100
|-damage|p2a: Slowking|45/100|[from] Stealth Rock
|move|p1a: Clefable|Soft-Boiled|p1a: Clefable
|-heal|p1a: Clefable|54/100 psn
|
|-weather|none
|upkeep
|turn|12
|
|t:|1659906167
|switch|p1a: Dragapult|Dragapult, M|100/100
|move|p2a: Slowking|Scald|p1a: Dragapult
|-resisted|p1a: Dragapult
|-damage|p1a: Dragapult|82/100
|
|upkeep
|turn|13
|
|t:|1659906174
|switch|p2a: Blissey|Blissey, F|100/100
|move|p1a: Dragapult|U-turn|p2a: Blissey
|-damage|p2a: Blissey|85/100
|
|t:|1659906178
|switch|p1a: Tyranitar|Tyranitar, M|100/100|[from]move: U-turn
|-weather|Sandstorm|[from] ability: Sand Stream|[of] p1a: Tyranitar
|
|-weather|Sandstorm|[upkeep]
|-damage|p2a: Blissey|79/100|[from] Sandstorm
|upkeep
|turn|14
|
|t:|1659906192
|move|p1a: Tyranitar|Crunch|p2a: Blissey
|-damage|p2a: Blissey|18/100
|move|p2a: Blissey|Toxic|p1a: Tyranitar
|-status|p1a: Tyranitar|tox
|
|-weather|Sandstorm|[upkeep]
|-damage|p2a: Blissey|12/100|[from] Sandstorm
|-damage|p1a: Tyranitar|94/100 tox|[from] psn
|upkeep
|turn|15
|
|t:|1659906196
|switch|p2a: Clefable|Clefable, F|100/100
|-damage|p2a: Clefable|88/100|[from] Stealth Rock
|move|p1a: Tyranitar|Crunch|p2a: Clefable
|-resisted|p2a: Clefable
|-damage|p2a: Clefable|60/100
|
|-weather|Sandstorm|[upkeep]
|-damage|p2a: Clefable|54/100|[from] Sandstorm
|-heal|p2a: Clefable|60/100|[from] item: Leftovers
|-damage|p1a: Tyranitar|82/100 tox|[from] psn
|upkeep
|turn|16
|
|t:|1659906200
|switch|p1a: Excadrill|Excadrill, M|100/100
|move|p2a: Clefable|Soft-Boiled|p2a: Clefable
|-heal|p2a: Clefable|100/100
|
|-weather|Sandstorm|[upkeep]
|-damage|p2a: Clefable|94/100|[from] Sandstorm
|-heal|p2a: Clefable|100/100|[from] item: Leftovers
|upkeep
|turn|17
|j| juicelol
|
|t:|1659906211
|switch|p1a: Rotom|Rotom-Wash|61/100
|switch|p2a: Corviknight|Corviknight, M|94/100
|-damage|p2a: Corviknight|82/100|[from] Stealth Rock
|-ability|p2a: Corviknight|Pressure
|
|-weather|none
|-heal|p1a: Rotom|67/100|[from] item: Leftovers
|-heal|p2a: Corviknight|88/100|[from] item: Leftovers
|upkeep
|turn|18
|
|t:|1659906217
|switch|p2a: Gastrodon|Gastrodon, F|100/100
|-damage|p2a: Gastrodon|94/100|[from] Stealth Rock
|move|p1a: Rotom|Volt Switch|p2a: Gastrodon
|-immune|p2a: Gastrodon
|
|-heal|p1a: Rotom|74/100|[from] item: Leftovers
|-heal|p2a: Gastrodon|100/100|[from] item: Leftovers
|upkeep
|turn|19
|
|t:|1659906219
|switch|p2a: Slowking|Slowking-Galar, F|78/100
|-damage|p2a: Slowking|66/100|[from] Stealth Rock
|move|p1a: Rotom|Toxic|p2a: Slowking
|-immune|p2a: Slowking
|
|-heal|p1a: Rotom|80/100|[from] item: Leftovers
|upkeep
|turn|20
|
|t:|1659906232
|move|p1a: Rotom|Volt Switch|p2a: Slowking
|-damage|p2a: Slowking|46/100
|
|t:|1659906245
|switch|p1a: Tyranitar|Tyranitar, M|82/100 tox|[from]move: Volt Switch
|-weather|Sandstorm|[from] ability: Sand Stream|[of] p1a: Tyranitar
|move|p2a: Slowking|Scald|p1a: Tyranitar
|-supereffective|p1a: Tyranitar
|-damage|p1a: Tyranitar|49/100 tox
|
|-weather|Sandstorm|[upkeep]
|-damage|p2a: Slowking|40/100|[from] Sandstorm
|-damage|p1a: Tyranitar|42/100 tox|[from] psn
|upkeep
|turn|21
|
|t:|1659906255
|switch|p2a: Blissey|Blissey, F|12/100
|move|p1a: Tyranitar|Crunch|p2a: Blissey
|-damage|p2a: Blissey|0 fnt
|faint|p2a: Blissey
|
|-weather|Sandstorm|[upkeep]
|-damage|p1a: Tyranitar|30/100 tox|[from] psn
|upkeep
|j| LT91BB Zilla
|
|t:|1659906263
|switch|p2a: Corviknight|Corviknight, M|88/100
|-damage|p2a: Corviknight|75/100|[from] Stealth Rock
|-ability|p2a: Corviknight|Pressure
|turn|22
|
|t:|1659906266
|switch|p1a: Rotom|Rotom-Wash|80/100
|move|p2a: Corviknight|Roost|p2a: Corviknight
|-heal|p2a: Corviknight|100/100
|-singleturn|p2a: Corviknight|move: Roost
|
|-weather|Sandstorm|[upkeep]
|-damage|p1a: Rotom|74/100|[from] Sandstorm
|-heal|p1a: Rotom|80/100|[from] item: Leftovers
|upkeep
|turn|23
|
|t:|1659906278
|move|p1a: Rotom|Volt Switch|p2a: Corviknight
|-supereffective|p2a: Corviknight
|-damage|p2a: Corviknight|49/100
|
|t:|1659906294
|switch|p1a: Dragapult|Dragapult, M|82/100|[from]move: Volt Switch
|move|p2a: Corviknight|Defog|p1a: Dragapult
|-unboost|p1a: Dragapult|evasion|1
|-sideend|p2: lt92pf jf|Stealth Rock|[from] move: Defog|[of] p2a: Corviknight
|
|-weather|Sandstorm|[upkeep]
|-damage|p1a: Dragapult|76/100|[from] Sandstorm
|-heal|p2a: Corviknight|56/100|[from] item: Leftovers
|upkeep
|turn|24
|
|t:|1659906298
|switch|p2a: Gastrodon|Gastrodon, F|100/100
|move|p1a: Dragapult|Shadow Ball|p2a: Gastrodon
|-damage|p2a: Gastrodon|60/100
|-unboost|p2a: Gastrodon|spd|1
|
|-weather|none
|-heal|p2a: Gastrodon|66/100|[from] item: Leftovers
|upkeep
|turn|25
|
|t:|1659906301
|move|p2a: Gastrodon|Protect|p2a: Gastrodon
|-singleturn|p2a: Gastrodon|Protect
|move|p1a: Dragapult|Shadow Ball|p2a: Gastrodon
|-activate|p2a: Gastrodon|move: Protect
|
|-heal|p2a: Gastrodon|73/100|[from] item: Leftovers
|upkeep
|turn|26
|
|t:|1659906310
|switch|p2a: Toxapex|Toxapex, M|59/100
|move|p1a: Dragapult|Shadow Ball|p2a: Toxapex
|-damage|p2a: Toxapex|16/100
|
|upkeep
|turn|27
|
|t:|1659906314
|switch|p2a: Gastrodon|Gastrodon, F|73/100
|move|p1a: Dragapult|Shadow Ball|p2a: Gastrodon
|-damage|p2a: Gastrodon|34/100
|
|-heal|p2a: Gastrodon|40/100|[from] item: Leftovers
|upkeep
|turn|28
|
|t:|1659906323
|switch|p1a: Clefable|Clefable, F|54/100 psn
|move|p2a: Gastrodon|Protect||[still]
|-fail|p2a: Gastrodon
|
|-heal|p2a: Gastrodon|46/100|[from] item: Leftovers
|upkeep
|turn|29
|j| 2013 idm room
|
|t:|1659906330
|move|p1a: Clefable|Stealth Rock|p2a: Gastrodon
|-sidestart|p2: lt92pf jf|move: Stealth Rock
|move|p2a: Gastrodon|Recover|p2a: Gastrodon
|-heal|p2a: Gastrodon|96/100
|
|-heal|p2a: Gastrodon|100/100|[from] item: Leftovers
|upkeep
|turn|30
|
|t:|1659906342
|switch|p1a: Rotom|Rotom-Wash|80/100
|switch|p2a: Corviknight|Corviknight, M|56/100
|-damage|p2a: Corviknight|43/100|[from] Stealth Rock
|-ability|p2a: Corviknight|Pressure
|
|-heal|p1a: Rotom|86/100|[from] item: Leftovers
|-heal|p2a: Corviknight|49/100|[from] item: Leftovers
|upkeep
|turn|31
|l| LT91BB Zilla
|l|2013idmroom
|
|t:|1659906350
|switch|p2a: Slowking|Slowking-Galar, F|73/100
|-damage|p2a: Slowking|60/100|[from] Stealth Rock
|move|p1a: Rotom|Volt Switch|p2a: Slowking
|-damage|p2a: Slowking|40/100
|
|t:|1659906363
|switch|p1a: Tyranitar|Tyranitar, M|30/100 tox|[from]move: Volt Switch
|-weather|Sandstorm|[from] ability: Sand Stream|[of] p1a: Tyranitar
|
|-weather|Sandstorm|[upkeep]
|-damage|p2a: Slowking|33/100|[from] Sandstorm
|-damage|p1a: Tyranitar|24/100 tox|[from] psn
|upkeep
|turn|32
|j| sdfbsdf1
|
|t:|1659906366
|switch|p2a: Clefable|Clefable, F|100/100
|-damage|p2a: Clefable|88/100|[from] Stealth Rock
|move|p1a: Tyranitar|Crunch|p2a: Clefable
|-resisted|p2a: Clefable
|-damage|p2a: Clefable|62/100
|
|-weather|Sandstorm|[upkeep]
|-damage|p2a: Clefable|56/100|[from] Sandstorm
|-heal|p2a: Clefable|62/100|[from] item: Leftovers
|-damage|p1a: Tyranitar|12/100 tox|[from] psn
|upkeep
|turn|33
|
|t:|1659906369
|switch|p1a: Excadrill|Excadrill, M|100/100
|move|p2a: Clefable|Soft-Boiled|p2a: Clefable
|-heal|p2a: Clefable|100/100
|
|-weather|Sandstorm|[upkeep]
|-damage|p2a: Clefable|94/100|[from] Sandstorm
|-heal|p2a: Clefable|100/100|[from] item: Leftovers
|upkeep
|turn|34
|
|t:|1659906377
|switch|p1a: Rotom|Rotom-Wash|86/100
|switch|p2a: Corviknight|Corviknight, M|49/100
|-damage|p2a: Corviknight|37/100|[from] Stealth Rock
|-ability|p2a: Corviknight|Pressure
|
|-weather|Sandstorm|[upkeep]
|-damage|p1a: Rotom|80/100|[from] Sandstorm
|-heal|p1a: Rotom|86/100|[from] item: Leftovers
|-heal|p2a: Corviknight|43/100|[from] item: Leftovers
|upkeep
|turn|35
|
|t:|1659906384
|switch|p2a: Gastrodon|Gastrodon, F|100/100
|-damage|p2a: Gastrodon|94/100|[from] Stealth Rock
|move|p1a: Rotom|Volt Switch|p2a: Gastrodon
|-immune|p2a: Gastrodon
|
|-weather|none
|-heal|p1a: Rotom|92/100|[from] item: Leftovers
|-heal|p2a: Gastrodon|100/100|[from] item: Leftovers
|upkeep
|turn|36
|j| Venositile
|l| Venositile
|
|t:|1659906402
|switch|p2a: Slowking|Slowking-Galar, F|67/100
|-damage|p2a: Slowking|54/100|[from] Stealth Rock
|move|p1a: Rotom|Volt Switch|p2a: Slowking
|-damage|p2a: Slowking|33/100
|
|t:|1659906405
|switch|p1a: Dragapult|Dragapult, M|76/100|[from]move: Volt Switch
|
|upkeep
|turn|37
|
|t:|1659906408
|switch|p2a: Gastrodon|Gastrodon, F|100/100
|-damage|p2a: Gastrodon|94/100|[from] Stealth Rock
|move|p1a: Dragapult|Shadow Ball|p2a: Gastrodon
|-damage|p2a: Gastrodon|51/100
|
|-heal|p2a: Gastrodon|57/100|[from] item: Leftovers
|upkeep
|turn|38
|
|t:|1659906411
|move|p1a: Dragapult|Shadow Ball|p2a: Gastrodon
|-damage|p2a: Gastrodon|15/100
|move|p2a: Gastrodon|Recover|p2a: Gastrodon
|-heal|p2a: Gastrodon|65/100
|
|-heal|p2a: Gastrodon|71/100|[from] item: Leftovers
|upkeep
|turn|39
|
|t:|1659906413
|move|p1a: Dragapult|Shadow Ball|p2a: Gastrodon
|-damage|p2a: Gastrodon|28/100
|move|p2a: Gastrodon|Recover|p2a: Gastrodon
|-heal|p2a: Gastrodon|78/100
|
|-heal|p2a: Gastrodon|84/100|[from] item: Leftovers
|upkeep
|turn|40
|
|t:|1659906422
|switch|p1a: Ferrothorn|Ferrothorn, F|100/100
|move|p2a: Gastrodon|Scald|p1a: Ferrothorn
|-resisted|p1a: Ferrothorn
|-damage|p1a: Ferrothorn|90/100
|
|-heal|p2a: Gastrodon|90/100|[from] item: Leftovers
|-heal|p1a: Ferrothorn|96/100|[from] item: Leftovers
|upkeep
|turn|41
|l| sdfbsdf1
|j| Trumps convoy
|
|t:|1659906443
|move|p2a: Gastrodon|Protect|p2a: Gastrodon
|-singleturn|p2a: Gastrodon|Protect
|move|p1a: Ferrothorn|Spikes|p2a: Gastrodon
|-sidestart|p2: lt92pf jf|Spikes
|
|-heal|p2a: Gastrodon|96/100|[from] item: Leftovers
|-heal|p1a: Ferrothorn|100/100|[from] item: Leftovers
|upkeep
|turn|42
|
|t:|1659906449
|switch|p1a: Rotom|Rotom-Wash|92/100
|move|p2a: Gastrodon|Scald|p1a: Rotom
|-resisted|p1a: Rotom
|-damage|p1a: Rotom|79/100
|-status|p1a: Rotom|brn
|
|-heal|p1a: Rotom|85/100 brn|[from] item: Leftovers
|-heal|p2a: Gastrodon|100/100|[from] item: Leftovers
|-damage|p1a: Rotom|79/100 brn|[from] brn
|upkeep
|turn|43
|
|t:|1659906456
|switch|p2a: Slowking|Slowking-Galar, F|66/100
|-damage|p2a: Slowking|54/100|[from] Stealth Rock
|-damage|p2a: Slowking|41/100|[from] Spikes
|move|p1a: Rotom|Volt Switch|p2a: Slowking
|-damage|p2a: Slowking|20/100
|
|t:|1659906459
|switch|p1a: Dragapult|Dragapult, M|76/100|[from]move: Volt Switch
|
|upkeep
|turn|44
|
|t:|1659906467
|switch|p2a: Gastrodon|Gastrodon, F|100/100
|-damage|p2a: Gastrodon|94/100|[from] Stealth Rock
|-damage|p2a: Gastrodon|82/100|[from] Spikes
|move|p1a: Dragapult|Shadow Ball|p2a: Gastrodon
|-damage|p2a: Gastrodon|38/100
|
|-heal|p2a: Gastrodon|44/100|[from] item: Leftovers
|upkeep
|turn|45
|
|t:|1659906477
|move|p1a: Dragapult|Shadow Ball|p2a: Gastrodon
|-damage|p2a: Gastrodon|2/100
|move|p2a: Gastrodon|Recover|p2a: Gastrodon
|-heal|p2a: Gastrodon|52/100
|
|-heal|p2a: Gastrodon|58/100|[from] item: Leftovers
|upkeep
|turn|46
|
|t:|1659906481
|switch|p1a: Rotom|Rotom-Wash|79/100 brn
|move|p2a: Gastrodon|Recover|p2a: Gastrodon
|-heal|p2a: Gastrodon|100/100
|
|-heal|p1a: Rotom|85/100 brn|[from] item: Leftovers
|-damage|p1a: Rotom|79/100 brn|[from] brn
|upkeep
|turn|47
|
|t:|1659906487
|move|p1a: Rotom|Volt Switch|p2a: Gastrodon
|-immune|p2a: Gastrodon
|move|p2a: Gastrodon|Scald|p1a: Rotom
|-resisted|p1a: Rotom
|-damage|p1a: Rotom|66/100 brn
|
|-heal|p1a: Rotom|72/100 brn|[from] item: Leftovers
|-damage|p1a: Rotom|66/100 brn|[from] brn
|upkeep
|turn|48
|
|t:|1659906498
|move|p1a: Rotom|Volt Switch|p2a: Gastrodon
|-immune|p2a: Gastrodon
|move|p2a: Gastrodon|Scald|p1a: Rotom
|-resisted|p1a: Rotom
|-damage|p1a: Rotom|52/100 brn
|
|-heal|p1a: Rotom|59/100 brn|[from] item: Leftovers
|-damage|p1a: Rotom|52/100 brn|[from] brn
|upkeep
|turn|49
|
|t:|1659906502
|switch|p2a: Slowking|Slowking-Galar, F|53/100
|-damage|p2a: Slowking|41/100|[from] Stealth Rock
|-damage|p2a: Slowking|28/100|[from] Spikes
|move|p1a: Rotom|Volt Switch|p2a: Slowking
|-damage|p2a: Slowking|8/100
|
|t:|1659906505
|switch|p1a: Dragapult|Dragapult, M|76/100|[from]move: Volt Switch
|
|upkeep
|turn|50
|
|t:|1659906509
|switch|p2a: Gastrodon|Gastrodon, F|100/100
|-damage|p2a: Gastrodon|94/100|[from] Stealth Rock
|-damage|p2a: Gastrodon|82/100|[from] Spikes
|move|p1a: Dragapult|Shadow Ball|p2a: Gastrodon
|-damage|p2a: Gastrodon|43/100
|-unboost|p2a: Gastrodon|spd|1
|
|-heal|p2a: Gastrodon|49/100|[from] item: Leftovers
|upkeep
|turn|51
|-message|lt92pf jf forfeited.
|
|win|j_albacino023
|raw|j_albacino023's rating: 1872 &rarr; <strong>1894</strong><br />(+22 for winning)
|raw|lt92pf jf's rating: 1901 &rarr; <strong>1879</strong><br />(-22 for losing)
|l|☆lt92pf jf
|c|☆j_albacino023|u need to be less passive w stall
|l|☆j_albacino023
|l| Arch-Otis
|l| Trumps convoy
||Ladder isn't responding, score probably updated but might not have (Request timeout).
|l| Livio el Tito
|l|+avarice
|l| juicelol
