|html|<div class="broadcast-blue"><strong>[Gen 8] OU is currently suspecting Melmetal! For information on how to participate check out the <a href="https://www.smogon.com/forums/threads/np-ss-ou-suspect-process-round-12-monster-mash.3709234/">suspect thread</a>.</strong></div>
|j|☆will-i-am2
|j|☆knexhawk2
|t:|1666485126
|gametype|singles
|player|p1|will-i-am2|169|1796
|player|p2|knexhawk2|red-masters|1819
|teamsize|p1|6
|teamsize|p2|6
|gen|8
|tier|[Gen 8] OU
|rated|
|rule|Sleep Clause Mod: Limit one foe put to sleep
|rule|Species Clause: Limit one of each Pokémon
|rule|OHKO Clause: OHKO moves are banned
|rule|Evasion Items Clause: Evasion items are banned
|rule|Evasion Moves Clause: Evasion moves are banned
|rule|Endless Battle Clause: Forcing endless battles is banned
|rule|HP Percentage Mod: HP is shown in percentages
|rule|Dynamax Clause: You cannot dynamax
|clearpoke
|poke|p1|Registeel|
|poke|p1|Hydreigon, F|
|poke|p1|Slowbro, M|
|poke|p1|Mandibuzz, F|
|poke|p1|Mamoswine, M|
|poke|p1|Scolipede, F|
|poke|p2|Hippowdon, F|
|poke|p2|Blissey, F|
|poke|p2|Corviknight, M|
|poke|p2|Quagsire, M|
|poke|p2|Toxapex, F|
|poke|p2|Tornadus-Therian, M|
|teampreview
|j| Majic Poketester
|inactive|Battle timer is ON: inactive players will automatically lose when time's up. (requested by will-i-am2)
|c|☆knexhawk2|gl
|
|t:|1666485159
|start
|switch|p1a: Slowbro|Slowbro, M|100/100
|switch|p2a: under pressure|Corviknight, M|100/100
|-ability|p2a: under pressure|Pressure
|turn|1
|j| rzurzr777rrz
|
|t:|1666485172
|switch|p2a: i love pex|Toxapex, F|100/100
|move|p1a: Slowbro|Scald|p2a: i love pex
|-resisted|p2a: i love pex
|-damage|p2a: i love pex|86/100
|-status|p2a: i love pex|brn
|
|-damage|p2a: i love pex|80/100 brn|[from] brn
|upkeep
|turn|2
|
|t:|1666485178
|move|p1a: Slowbro|Psychic|p2a: i love pex
|-supereffective|p2a: i love pex
|-damage|p2a: i love pex|13/100 brn
|move|p2a: i love pex|Knock Off|p1a: Slowbro
|-supereffective|p1a: Slowbro
|-damage|p1a: Slowbro|89/100
|-enditem|p1a: Slowbro|Leftovers|[from] move: Knock Off|[of] p2a: i love pex
|
|-damage|p2a: i love pex|7/100 brn|[from] brn
|upkeep
|turn|3
|
|t:|1666485187
|switch|p1a: Mamoswine|Mamoswine, M|100/100
|switch|p2a: the blob|Blissey, F|100/100
|
|upkeep
|turn|4
|
|t:|1666485200
|switch|p2a: under pressure|Corviknight, M|100/100
|-ability|p2a: under pressure|Pressure
|move|p1a: Mamoswine|Icicle Crash|p2a: under pressure
|-damage|p2a: under pressure|47/100
|
|upkeep
|turn|5
|
|t:|1666485209
|switch|p2a: i love pex|Toxapex, F|40/100 brn
|move|p1a: Mamoswine|Icicle Crash|p2a: i love pex|[miss]
|-miss|p1a: Mamoswine|p2a: i love pex
|
|-damage|p2a: i love pex|34/100 brn|[from] brn
|upkeep
|turn|6
|
|t:|1666485216
|switch|p1a: Slowbro|Slowbro, M|100/100
|move|p2a: i love pex|Recover|p2a: i love pex
|-heal|p2a: i love pex|84/100 brn
|
|-damage|p2a: i love pex|77/100 brn|[from] brn
|upkeep
|turn|7
|
|t:|1666485219
|switch|p1a: Mamoswine|Mamoswine, M|100/100
|switch|p2a: the blob|Blissey, F|100/100
|
|upkeep
|turn|8
|
|t:|1666485224
|switch|p2a: God Himself|Quagsire, M|100/100
|move|p1a: Mamoswine|Earthquake|p2a: God Himself
|-damage|p2a: God Himself|42/100
|
|-heal|p2a: God Himself|48/100|[from] item: Leftovers
|upkeep
|turn|9
|
|t:|1666485236
|switch|p1a: Hydreigon|Hydreigon, F|100/100
|move|p2a: God Himself|Protect||[still]
|-fail|p2a: God Himself
|
|-heal|p2a: God Himself|54/100|[from] item: Leftovers
|upkeep
|turn|10
|
|t:|1666485241
|move|p2a: God Himself|Protect|p2a: God Himself
|-singleturn|p2a: God Himself|Protect
|move|p1a: Hydreigon|Nasty Plot|p1a: Hydreigon
|-boost|p1a: Hydreigon|spa|2
|
|-heal|p2a: God Himself|60/100|[from] item: Leftovers
|upkeep
|turn|11
|
|t:|1666485246
|switch|p2a: the blob|Blissey, F|100/100
|move|p1a: Hydreigon|Nasty Plot|p1a: Hydreigon
|-boost|p1a: Hydreigon|spa|2
|
|upkeep
|turn|12
|
|t:|1666485248
|move|p1a: Hydreigon|Dark Pulse|p2a: the blob
|-damage|p2a: the blob|54/100
|move|p2a: the blob|Toxic|p1a: Hydreigon|[miss]
|-miss|p2a: the blob|p1a: Hydreigon
|
|-heal|p2a: the blob|60/100|[from] item: Leftovers
|upkeep
|turn|13
|
|t:|1666485252
|move|p1a: Hydreigon|Draco Meteor|p2a: the blob|[miss]
|-miss|p1a: Hydreigon|p2a: the blob
|move|p2a: the blob|Soft-Boiled|p2a: the blob
|-heal|p2a: the blob|100/100
|
|upkeep
|turn|14
|
|t:|1666485257
|move|p1a: Hydreigon|Dark Pulse|p2a: the blob
|-damage|p2a: the blob|55/100
|move|p2a: the blob|Toxic|p1a: Hydreigon
|-status|p1a: Hydreigon|tox
|
|-heal|p2a: the blob|61/100|[from] item: Leftovers
|-damage|p1a: Hydreigon|94/100 tox|[from] psn
|upkeep
|turn|15
|
|t:|1666485261
|switch|p2a: God Himself|Quagsire, M|60/100
|move|p1a: Hydreigon|Dark Pulse|p2a: God Himself
|-damage|p2a: God Himself|9/100
|
|-heal|p2a: God Himself|15/100|[from] item: Leftovers
|-damage|p1a: Hydreigon|82/100 tox|[from] psn
|upkeep
|turn|16
|
|t:|1666485264
|move|p2a: God Himself|Protect|p2a: God Himself
|-singleturn|p2a: God Himself|Protect
|move|p1a: Hydreigon|Dark Pulse|p2a: God Himself
|-activate|p2a: God Himself|move: Protect
|
|-heal|p2a: God Himself|21/100|[from] item: Leftovers
|-damage|p1a: Hydreigon|64/100 tox|[from] psn
|upkeep
|turn|17
|
|t:|1666485268
|switch|p2a: under pressure|Corviknight, M|47/100
|-ability|p2a: under pressure|Pressure
|move|p1a: Hydreigon|Dark Pulse|p2a: under pressure
|-damage|p2a: under pressure|0 fnt
|faint|p2a: under pressure
|
|-damage|p1a: Hydreigon|39/100 tox|[from] psn
|upkeep
|
|t:|1666485270
|switch|p2a: God Himself|Quagsire, M|21/100
|turn|18
|
|t:|1666485277
|switch|p1a: Mamoswine|Mamoswine, M|100/100
|move|p2a: God Himself|Protect||[still]
|-fail|p2a: God Himself
|
|-heal|p2a: God Himself|27/100|[from] item: Leftovers
|upkeep
|turn|19
|
|t:|1666485281
|move|p2a: God Himself|Protect|p2a: God Himself
|-singleturn|p2a: God Himself|Protect
|move|p1a: Mamoswine|Icicle Crash|p2a: God Himself
|-activate|p2a: God Himself|move: Protect
|
|-heal|p2a: God Himself|33/100|[from] item: Leftovers
|upkeep
|turn|20
|
|t:|1666485284
|switch|p1a: Slowbro|Slowbro, M|100/100
|switch|p2a: i love pex|Toxapex, F|100/100 brn
|
|-damage|p2a: i love pex|94/100 brn|[from] brn
|upkeep
|turn|21
|
|t:|1666485292
|switch|p1a: Mamoswine|Mamoswine, M|100/100
|switch|p2a: the blob|Blissey, F|61/100
|
|-heal|p2a: the blob|67/100|[from] item: Leftovers
|upkeep
|turn|22
|
|t:|1666485301
|switch|p2a: weeeeeeeeeeeeeeeee|Tornadus-Therian, M|100/100
|move|p1a: Mamoswine|Earthquake|p2a: weeeeeeeeeeeeeeeee
|-immune|p2a: weeeeeeeeeeeeeeeee
|
|upkeep
|turn|23
|
|t:|1666485307
|switch|p1a: Registeel|Registeel|100/100
|move|p2a: weeeeeeeeeeeeeeeee|U-turn|p1a: Registeel
|-resisted|p1a: Registeel
|-damage|p1a: Registeel|96/100
|
|t:|1666485311
|switch|p2a: i love pex|Toxapex, F|100/100 brn|[from]move: U-turn
|
|-heal|p1a: Registeel|100/100|[from] item: Leftovers
|-damage|p2a: i love pex|94/100 brn|[from] brn
|upkeep
|turn|24
|
|t:|1666485314
|move|p1a: Registeel|Stealth Rock|p2a: i love pex
|-sidestart|p2: knexhawk2|move: Stealth Rock
|move|p2a: i love pex|Knock Off|p1a: Registeel
|-damage|p1a: Registeel|96/100
|-enditem|p1a: Registeel|Leftovers|[from] move: Knock Off|[of] p2a: i love pex
|
|-damage|p2a: i love pex|88/100 brn|[from] brn
|upkeep
|turn|25
|
|t:|1666485317
|switch|p1a: Slowbro|Slowbro, M|100/100
|move|p2a: i love pex|Light Screen|p2a: i love pex
|-sidestart|p2: knexhawk2|move: Light Screen
|
|-damage|p2a: i love pex|82/100 brn|[from] brn
|upkeep
|turn|26
|
|t:|1666485327
|switch|p2a: the blob|Blissey, F|67/100
|-damage|p2a: the blob|55/100|[from] Stealth Rock
|move|p1a: Slowbro|Psychic|p2a: the blob
|-damage|p2a: the blob|47/100
|
|-heal|p2a: the blob|53/100|[from] item: Leftovers
|upkeep
|turn|27
|
|t:|1666485331
|switch|p1a: Mamoswine|Mamoswine, M|100/100
|move|p2a: the blob|Aromatherapy|p2a: the blob
|-activate|p2a: the blob|move: Aromatherapy
|-curestatus|p2: i love pex|brn|[msg]
|
|-heal|p2a: the blob|60/100|[from] item: Leftovers
|upkeep
|turn|28
|
|t:|1666485339
|switch|p2a: i love pex|Toxapex, F|100/100
|-damage|p2a: i love pex|88/100|[from] Stealth Rock
|move|p1a: Mamoswine|Earthquake|p2a: i love pex
|-supereffective|p2a: i love pex
|-damage|p2a: i love pex|0 fnt
|faint|p2a: i love pex
|
|upkeep
|-message|knexhawk2 forfeited.
|
|win|will-i-am2
|raw|will-i-am2's rating: 1796 &rarr; <strong>1817</strong><br />(+21 for winning)
|raw|knexhawk2's rating: 1819 &rarr; <strong>1798</strong><br />(-21 for losing)
|l|☆knexhawk2
||Ladder isn't responding, score probably updated but might not have (Request timeout).
