|j|☆lou dort
|j|☆pleumboiboi
|t:|1658823158
|gametype|singles
|player|p1|lou dort|nate|1424
|player|p2|pleumboiboi|bellelba|1476
|teamsize|p1|6
|teamsize|p2|6
|gen|8
|tier|[Gen 8] OU
|rated|
|rule|Sleep Clause Mod: Limit one foe put to sleep
|rule|Species Clause: Limit one of each Pokémon
|rule|OHKO Clause: OHKO moves are banned
|rule|Evasion Moves Clause: Evasion moves are banned
|rule|Endless Battle Clause: Forcing endless battles is banned
|rule|HP Percentage Mod: HP is shown in percentages
|rule|Dynamax Clause: You cannot dynamax
|clearpoke
|poke|p1|Tapu Fini|
|poke|p1|Tornadus-Therian, M|
|poke|p1|Zeraora|
|poke|p1|Victini|
|poke|p1|Landorus-Therian, M|
|poke|p1|Ferrothorn, M|
|poke|p2|Clefable, F|
|poke|p2|Heatran, F|
|poke|p2|Rillaboom, F|
|poke|p2|Tornadus-Therian, M|
|poke|p2|Melmetal|
|poke|p2|Gastrodon-East, F|
|teampreview
|inactive|Battle timer is ON: inactive players will automatically lose when time's up. (requested by pleumboiboi)
|inactive|lou dort also wants the timer to be on.
|
|t:|1658823182
|start
|switch|p1a: Ferrothorn|Ferrothorn, M|100/100
|switch|p2a: UNPN: Enabled|Tornadus-Therian, M|100/100
|turn|1
|
|t:|1658823189
|move|p2a: UNPN: Enabled|Knock Off|p1a: Ferrothorn
|-damage|p1a: Ferrothorn|88/100
|-damage|p2a: UNPN: Enabled|88/100|[from] ability: Iron Barbs|[of] p1a: Ferrothorn
|-enditem|p1a: Ferrothorn|Leftovers|[from] move: Knock Off|[of] p2a: UNPN: Enabled
|move|p1a: Ferrothorn|Leech Seed|p2a: UNPN: Enabled
|-start|p2a: UNPN: Enabled|move: Leech Seed
|
|-damage|p2a: UNPN: Enabled|76/100|[from] Leech Seed|[of] p1a: Ferrothorn
|-heal|p1a: Ferrothorn|100/100|[silent]
|upkeep
|turn|2
|
|t:|1658823194
|switch|p2a: 70.225|Heatran, F|100/100
|switch|p1a: Landorus|Landorus-Therian, M|100/100
|-ability|p1a: Landorus|Intimidate|boost
|-unboost|p2a: 70.225|atk|1
|
|upkeep
|turn|3
|
|t:|1658823199
|switch|p2a: UNPN: Enabled|Tornadus-Therian, M|100/100
|move|p1a: Landorus|U-turn|p2a: UNPN: Enabled
|-resisted|p2a: UNPN: Enabled
|-damage|p2a: UNPN: Enabled|89/100
|
|t:|1658823204
|switch|p1a: Tornadus|Tornadus-Therian, M|100/100|[from]move: U-turn
|
|upkeep
|turn|4
|
|t:|1658823206
|move|p1a: Tornadus|Hurricane|p2a: UNPN: Enabled
|-damage|p2a: UNPN: Enabled|35/100
|-start|p2a: UNPN: Enabled|confusion
|-activate|p2a: UNPN: Enabled|confusion
|move|p2a: UNPN: Enabled|Knock Off|p1a: Tornadus
|-damage|p1a: Tornadus|70/100
|-enditem|p1a: Tornadus|Wide Lens|[from] move: Knock Off|[of] p2a: UNPN: Enabled
|
|upkeep
|turn|5
|
|t:|1658823210
|switch|p2a: 156.33. 241.5|Clefable, F|100/100
|move|p1a: Tornadus|Nasty Plot|p1a: Tornadus
|-boost|p1a: Tornadus|spa|2
|
|upkeep
|turn|6
|
|t:|1658823216
|switch|p2a: 70.225|Heatran, F|100/100
|move|p1a: Tornadus|Hurricane|p2a: 70.225
|-resisted|p2a: 70.225
|-damage|p2a: 70.225|63/100
|-start|p2a: 70.225|confusion
|
|-heal|p2a: 70.225|69/100|[from] item: Leftovers
|upkeep
|turn|7
|
|t:|1658823223
|switch|p2a: 104.28.96.65|Gastrodon-East, F|100/100
|move|p1a: Tornadus|Focus Blast|p2a: 104.28.96.65
|-damage|p2a: 104.28.96.65|51/100
|
|upkeep
|turn|8
|
|t:|1658823233
|switch|p2a: 156.33. 241.5|Clefable, F|100/100
|move|p1a: Tornadus|Hurricane|p2a: 156.33. 241.5
|-damage|p2a: 156.33. 241.5|16/100
|
|upkeep
|turn|9
|
|t:|1658823242
|move|p1a: Tornadus|Icy Wind|p2a: 156.33. 241.5
|-damage|p2a: 156.33. 241.5|0 fnt
|faint|p2a: 156.33. 241.5
|
|upkeep
|
|t:|1658823244
|switch|p2a: 104.103.236.0|Melmetal|100/100
|turn|10
|
|t:|1658823245
|move|p1a: Tornadus|Focus Blast|p2a: 104.103.236.0
|-supereffective|p2a: 104.103.236.0
|-damage|p2a: 104.103.236.0|0 fnt
|faint|p2a: 104.103.236.0
|
|upkeep
|-message|pleumboiboi forfeited.
|
|win|lou dort
|raw|lou dort's rating: 1424 &rarr; <strong>1447</strong><br />(+23 for winning)
|raw|pleumboiboi's rating: 1476 &rarr; <strong>1453</strong><br />(-23 for losing)
|l|☆pleumboiboi
