|raw|<div class="broadcast-blue"><strong>This battle is required to be public due to a player having a name starting with 'lt93oq'.</div>
|j|☆lt93oq im garbage
|j|☆Plasmeek
|t:|1660875724
|gametype|singles
|player|p1|lt93oq im garbage|1|1990
|player|p2|Plasmeek|youngster-gen4dp|1919
|teamsize|p1|6
|teamsize|p2|6
|gen|8
|tier|[Gen 8] OU
|rated|
|rule|Sleep Clause Mod: Limit one foe put to sleep
|rule|Species Clause: Limit one of each Pokémon
|rule|OHKO Clause: OHKO moves are banned
|rule|Evasion Items Clause: Evasion items are banned
|rule|Evasion Moves Clause: Evasion moves are banned
|rule|Endless Battle Clause: Forcing endless battles is banned
|rule|HP Percentage Mod: HP is shown in percentages
|rule|Dynamax Clause: You cannot dynamax
|clearpoke
|poke|p1|Jirachi|
|poke|p1|Chansey, F|
|poke|p1|Quagsire, M|
|poke|p1|Corviknight, F|
|poke|p1|Zapdos|
|poke|p1|Toxapex, F|
|poke|p2|Slowking-Galar, M|
|poke|p2|Mandibuzz, F|
|poke|p2|Tapu Lele|
|poke|p2|Ferrothorn, M|
|poke|p2|Rotom-Wash|
|poke|p2|Garchomp, M|
|teampreview
|inactive|Battle timer is ON: inactive players will automatically lose when time's up. (requested by lt93oq im garbage)
|j| Smash Time steez
|inactive|lt93oq im garbage has 120 seconds left.
|
|t:|1660875769
|start
|switch|p1a: Toxapex|Toxapex, F|100/100
|switch|p2a: Rotom|Rotom-Wash|100/100
|turn|1
|
|t:|1660875773
|move|p2a: Rotom|Volt Switch|p1a: Toxapex
|-supereffective|p1a: Toxapex
|-damage|p1a: Toxapex|59/100
|
|t:|1660875776
|switch|p2a: Ferrothorn|Ferrothorn, M|100/100|[from]move: Volt Switch
|move|p1a: Toxapex|Toxic|p2a: Ferrothorn
|-immune|p2a: Ferrothorn
|
|upkeep
|turn|2
|
|t:|1660875781
|move|p1a: Toxapex|Knock Off|p2a: Ferrothorn
|-damage|p2a: Ferrothorn|92/100
|-damage|p1a: Toxapex|47/100|[from] ability: Iron Barbs|[of] p2a: Ferrothorn
|-damage|p1a: Toxapex|30/100|[from] item: Rocky Helmet|[of] p2a: Ferrothorn
|-enditem|p2a: Ferrothorn|Rocky Helmet|[from] move: Knock Off|[of] p1a: Toxapex
|move|p2a: Ferrothorn|Spikes|p1a: Toxapex
|-sidestart|p1: lt93oq im garbage|Spikes
|
|upkeep
|turn|3
|
|t:|1660875785
|move|p1a: Toxapex|Recover|p1a: Toxapex
|-heal|p1a: Toxapex|80/100
|move|p2a: Ferrothorn|Leech Seed|p1a: Toxapex
|-start|p1a: Toxapex|move: Leech Seed
|
|-damage|p1a: Toxapex|68/100|[from] Leech Seed|[of] p2a: Ferrothorn
|-heal|p2a: Ferrothorn|100/100|[silent]
|upkeep
|turn|4
|j| WOFlw
|
|t:|1660875794
|switch|p1a: Corviknight|Corviknight, F|100/100
|-ability|p1a: Corviknight|Pressure
|move|p2a: Ferrothorn|Spikes|p1a: Corviknight
|-sidestart|p1: lt93oq im garbage|Spikes
|
|upkeep
|turn|5
|
|t:|1660875799
|switch|p2a: Slowking|Slowking-Galar, M|100/100
|move|p1a: Corviknight|Defog|p2a: Slowking
|-unboost|p2a: Slowking|evasion|1
|-sideend|p1: lt93oq im garbage|Spikes|[from] move: Defog|[of] p1a: Corviknight
|
|upkeep
|turn|6
|j| Abcdefp
|j| LT93OQ Surispliff
|
|t:|1660875805
|switch|p1a: Toxapex|Toxapex, F|100/100
|move|p2a: Slowking|Nasty Plot|p2a: Slowking
|-boost|p2a: Slowking|spa|2
|
|upkeep
|turn|7
|
|t:|1660875810
|switch|p2a: Ferrothorn|Ferrothorn, M|100/100
|switch|p1a: Jirachi|Jirachi|100/100
|
|upkeep
|turn|8
|j| pop smoke
|
|t:|1660875817
|switch|p1a: Toxapex|Toxapex, F|100/100
|move|p2a: Ferrothorn|Spikes|p1a: Toxapex
|-sidestart|p1: lt93oq im garbage|Spikes
|
|upkeep
|turn|9
|
|t:|1660875820
|move|p1a: Toxapex|Scald|p2a: Ferrothorn
|-resisted|p2a: Ferrothorn
|-damage|p2a: Ferrothorn|94/100
|move|p2a: Ferrothorn|Leech Seed|p1a: Toxapex
|-start|p1a: Toxapex|move: Leech Seed
|
|-damage|p1a: Toxapex|88/100|[from] Leech Seed|[of] p2a: Ferrothorn
|-heal|p2a: Ferrothorn|100/100|[silent]
|upkeep
|turn|10
|
|t:|1660875828
|switch|p2a: Rotom|Rotom-Wash|100/100
|move|p1a: Toxapex|Toxic|p2a: Rotom
|-status|p2a: Rotom|tox
|
|-damage|p1a: Toxapex|76/100|[from] Leech Seed|[of] p2a: Rotom
|-damage|p2a: Rotom|95/100 tox|[from] psn
|upkeep
|turn|11
|j| LT93OQ rej=
|
|t:|1660875835
|switch|p1a: Quagsire|Quagsire, M|100/100
|-damage|p1a: Quagsire|88/100|[from] Spikes
|move|p2a: Rotom|Volt Switch|p1a: Quagsire
|-immune|p1a: Quagsire
|
|-heal|p2a: Rotom|100/100 tox|[from] item: Leftovers
|-heal|p1a: Quagsire|94/100|[from] item: Leftovers
|-damage|p2a: Rotom|89/100 tox|[from] psn
|upkeep
|turn|12
|l| pop smoke
|
|t:|1660875840
|switch|p2a: Ferrothorn|Ferrothorn, M|100/100
|switch|p1a: Zapdos|Zapdos|100/100
|-ability|p1a: Zapdos|Pressure
|
|upkeep
|turn|13
|
|t:|1660875843
|switch|p2a: Garchomp|Garchomp, M|100/100
|move|p1a: Zapdos|Defog|p2a: Garchomp
|-unboost|p2a: Garchomp|evasion|1
|-sideend|p1: lt93oq im garbage|Spikes|[from] move: Defog|[of] p1a: Zapdos
|
|upkeep
|turn|14
|
|t:|1660875845
|switch|p1a: Corviknight|Corviknight, F|100/100
|-ability|p1a: Corviknight|Pressure
|move|p2a: Garchomp|Toxic|p1a: Corviknight
|-immune|p1a: Corviknight
|
|upkeep
|turn|15
|
|t:|1660875849
|move|p2a: Garchomp|Stealth Rock|p1a: Corviknight
|-sidestart|p1: lt93oq im garbage|move: Stealth Rock
|move|p1a: Corviknight|Iron Defense|p1a: Corviknight
|-boost|p1a: Corviknight|def|2
|
|upkeep
|turn|16
|
|t:|1660875853
|move|p2a: Garchomp|Protect|p2a: Garchomp
|-singleturn|p2a: Garchomp|Protect
|move|p1a: Corviknight|Defog|p2a: Garchomp
|-activate|p2a: Garchomp|move: Protect
|
|upkeep
|turn|17
|
|t:|1660875859
|switch|p2a: Slowking|Slowking-Galar, M|100/100
|move|p1a: Corviknight|Defog|p2a: Slowking
|-unboost|p2a: Slowking|evasion|1
|-sideend|p1: lt93oq im garbage|Stealth Rock|[from] move: Defog|[of] p1a: Corviknight
|
|upkeep
|turn|18
|
|t:|1660875863
|switch|p1a: Toxapex|Toxapex, F|100/100
|move|p2a: Slowking|Nasty Plot|p2a: Slowking
|-boost|p2a: Slowking|spa|2
|
|upkeep
|turn|19
|
|t:|1660875868
|switch|p2a: Ferrothorn|Ferrothorn, M|100/100
|move|p1a: Toxapex|Knock Off|p2a: Ferrothorn
|-damage|p2a: Ferrothorn|95/100
|-damage|p1a: Toxapex|88/100|[from] ability: Iron Barbs|[of] p2a: Ferrothorn
|
|upkeep
|turn|20
|
|t:|1660875873
|move|p1a: Toxapex|Scald|p2a: Ferrothorn
|-resisted|p2a: Ferrothorn
|-damage|p2a: Ferrothorn|88/100
|-status|p2a: Ferrothorn|brn
|move|p2a: Ferrothorn|Spikes|p1a: Toxapex
|-sidestart|p1: lt93oq im garbage|Spikes
|
|-damage|p2a: Ferrothorn|82/100 brn|[from] brn
|upkeep
|turn|21
|
|t:|1660875877
|move|p1a: Toxapex|Knock Off|p2a: Ferrothorn
|-damage|p2a: Ferrothorn|76/100 brn
|-damage|p1a: Toxapex|76/100|[from] ability: Iron Barbs|[of] p2a: Ferrothorn
|move|p2a: Ferrothorn|Leech Seed|p1a: Toxapex
|-start|p1a: Toxapex|move: Leech Seed
|
|-damage|p1a: Toxapex|64/100|[from] Leech Seed|[of] p2a: Ferrothorn
|-heal|p2a: Ferrothorn|87/100 brn|[silent]
|-damage|p2a: Ferrothorn|81/100 brn|[from] brn
|upkeep
|turn|22
|j|+ez
|
|t:|1660875882
|switch|p1a: Zapdos|Zapdos|100/100
|-ability|p1a: Zapdos|Pressure
|move|p2a: Ferrothorn|Spikes|p1a: Zapdos
|-sidestart|p1: lt93oq im garbage|Spikes
|
|-damage|p2a: Ferrothorn|75/100 brn|[from] brn
|upkeep
|turn|23
|j| Croatie
|
|t:|1660875885
|switch|p2a: Garchomp|Garchomp, M|100/100
|move|p1a: Zapdos|Defog|p2a: Garchomp
|-unboost|p2a: Garchomp|evasion|1
|-sideend|p1: lt93oq im garbage|Spikes|[from] move: Defog|[of] p1a: Zapdos
|
|upkeep
|turn|24
|
|t:|1660875889
|switch|p1a: Corviknight|Corviknight, F|100/100
|-ability|p1a: Corviknight|Pressure
|move|p2a: Garchomp|Stealth Rock|p1a: Corviknight
|-sidestart|p1: lt93oq im garbage|move: Stealth Rock
|
|upkeep
|turn|25
|j| Tace
|
|t:|1660875892
|switch|p2a: Slowking|Slowking-Galar, M|100/100
|switch|p1a: Zapdos|Zapdos|100/100
|-ability|p1a: Zapdos|Pressure
|
|upkeep
|turn|26
|
|t:|1660875896
|move|p1a: Zapdos|Discharge|p2a: Slowking
|-damage|p2a: Slowking|70/100
|-status|p2a: Slowking|par
|move|p2a: Slowking|Nasty Plot|p2a: Slowking
|-boost|p2a: Slowking|spa|2
|
|-heal|p2a: Slowking|76/100 par|[from] item: Black Sludge
|upkeep
|turn|27
|
|t:|1660875906
|move|p1a: Zapdos|Defog|p2a: Slowking
|-unboost|p2a: Slowking|evasion|1
|-sideend|p1: lt93oq im garbage|Stealth Rock|[from] move: Defog|[of] p1a: Zapdos
|cant|p2a: Slowking|par
|
|-heal|p2a: Slowking|82/100 par|[from] item: Black Sludge
|upkeep
|turn|28
|
|t:|1660875924
|switch|p1a: Quagsire|Quagsire, M|94/100
|move|p2a: Slowking|Psychic|p1a: Quagsire
|-damage|p1a: Quagsire|59/100
|-unboost|p1a: Quagsire|spd|1
|
|-heal|p1a: Quagsire|66/100|[from] item: Leftovers
|-heal|p2a: Slowking|88/100 par|[from] item: Black Sludge
|upkeep
|turn|29
|
|t:|1660875930
|move|p1a: Quagsire|Haze|p1a: Quagsire
|-clearallboost
|move|p2a: Slowking|Psychic|p1a: Quagsire
|-damage|p1a: Quagsire|29/100
|
|-heal|p1a: Quagsire|36/100|[from] item: Leftovers
|-heal|p2a: Slowking|94/100 par|[from] item: Black Sludge
|upkeep
|turn|30
|
|t:|1660875935
|move|p1a: Quagsire|Recover|p1a: Quagsire
|-heal|p1a: Quagsire|86/100
|cant|p2a: Slowking|par
|
|-heal|p1a: Quagsire|92/100|[from] item: Leftovers
|-heal|p2a: Slowking|100/100 par|[from] item: Black Sludge
|upkeep
|turn|31
|
|t:|1660875939
|switch|p1a: Toxapex|Toxapex, F|97/100
|move|p2a: Slowking|Sludge Bomb|p1a: Toxapex
|-resisted|p1a: Toxapex
|-damage|p1a: Toxapex|84/100
|
|upkeep
|turn|32
|
|t:|1660875945
|switch|p2a: Ferrothorn|Ferrothorn, M|75/100 brn
|move|p1a: Toxapex|Scald|p2a: Ferrothorn
|-resisted|p2a: Ferrothorn
|-damage|p2a: Ferrothorn|69/100 brn
|
|-damage|p2a: Ferrothorn|63/100 brn|[from] brn
|upkeep
|turn|33
|
|t:|1660875948
|switch|p1a: Zapdos|Zapdos|100/100
|-ability|p1a: Zapdos|Pressure
|move|p2a: Ferrothorn|Leech Seed|p1a: Zapdos
|-start|p1a: Zapdos|move: Leech Seed
|
|-damage|p1a: Zapdos|88/100|[from] Leech Seed|[of] p2a: Ferrothorn
|-heal|p2a: Ferrothorn|76/100 brn|[silent]
|-damage|p2a: Ferrothorn|70/100 brn|[from] brn
|upkeep
|turn|34
|
|t:|1660875951
|switch|p1a: Corviknight|Corviknight, F|100/100
|-ability|p1a: Corviknight|Pressure
|switch|p2a: Garchomp|Garchomp, M|100/100
|
|upkeep
|turn|35
|
|t:|1660875955
|switch|p2a: Slowking|Slowking-Galar, M|100/100 par
|move|p1a: Corviknight|Defog|p2a: Slowking
|-unboost|p2a: Slowking|evasion|1
|
|upkeep
|turn|36
|
|t:|1660875961
|switch|p1a: Chansey|Chansey, F|100/100
|move|p2a: Slowking|Nasty Plot|p2a: Slowking
|-boost|p2a: Slowking|spa|2
|
|upkeep
|turn|37
|
|t:|1660875964
|move|p1a: Chansey|Stealth Rock|p2a: Slowking
|-sidestart|p2: Plasmeek|move: Stealth Rock
|cant|p2a: Slowking|par
|
|upkeep
|turn|38
|
|t:|1660875969
|switch|p1a: Quagsire|Quagsire, M|92/100
|move|p2a: Slowking|Sludge Bomb|p1a: Quagsire
|-resisted|p1a: Quagsire
|-damage|p1a: Quagsire|73/100
|
|-heal|p1a: Quagsire|79/100|[from] item: Leftovers
|upkeep
|turn|39
|
|t:|1660875972
|move|p1a: Quagsire|Earthquake|p2a: Slowking
|-supereffective|p2a: Slowking
|-damage|p2a: Slowking|59/100 par
|move|p2a: Slowking|Sludge Bomb|p1a: Quagsire
|-resisted|p1a: Quagsire
|-damage|p1a: Quagsire|61/100
|
|-heal|p1a: Quagsire|67/100|[from] item: Leftovers
|-heal|p2a: Slowking|65/100 par|[from] item: Black Sludge
|upkeep
|turn|40
|
|t:|1660875975
|move|p1a: Quagsire|Earthquake|p2a: Slowking
|-supereffective|p2a: Slowking
|-damage|p2a: Slowking|23/100 par
|move|p2a: Slowking|Sludge Bomb|p1a: Quagsire
|-resisted|p1a: Quagsire
|-damage|p1a: Quagsire|50/100
|-status|p1a: Quagsire|psn
|
|-heal|p1a: Quagsire|56/100 psn|[from] item: Leftovers
|-heal|p2a: Slowking|29/100 par|[from] item: Black Sludge
|-damage|p1a: Quagsire|44/100 psn|[from] psn
|upkeep
|turn|41
|
|t:|1660875980
|switch|p2a: Tapu Lele|Tapu Lele, shiny|100/100
|-damage|p2a: Tapu Lele|88/100|[from] Stealth Rock
|-fieldstart|move: Psychic Terrain|[from] ability: Psychic Surge|[of] p2a: Tapu Lele
|move|p1a: Quagsire|Recover|p1a: Quagsire
|-heal|p1a: Quagsire|94/100 psn
|
|-heal|p1a: Quagsire|99/100 psn|[from] item: Leftovers
|-damage|p1a: Quagsire|88/100 psn|[from] psn
|upkeep
|turn|42
|
|t:|1660875984
|switch|p2a: Garchomp|Garchomp, M|100/100
|-damage|p2a: Garchomp|94/100|[from] Stealth Rock
|switch|p1a: Jirachi|Jirachi|100/100
|
|-heal|p2a: Garchomp|100/100|[from] item: Leftovers
|upkeep
|turn|43
|
|t:|1660875990
|switch|p1a: Chansey|Chansey, F|100/100
|move|p2a: Garchomp|Stealth Rock|p1a: Chansey
|-sidestart|p1: lt93oq im garbage|move: Stealth Rock
|
|upkeep
|turn|44
|
|t:|1660875996
|switch|p2a: Ferrothorn|Ferrothorn, M|70/100 brn
|-damage|p2a: Ferrothorn|64/100 brn|[from] Stealth Rock
|move|p1a: Chansey|Heal Bell|p1a: Chansey
|-activate|p1a: Chansey|move: Heal Bell
|-curestatus|p1: Quagsire|psn|[msg]
|
|-damage|p2a: Ferrothorn|58/100 brn|[from] brn
|upkeep
|turn|45
|
|t:|1660876002
|move|p1a: Chansey|Seismic Toss|p2a: Ferrothorn
|-damage|p2a: Ferrothorn|30/100 brn
|-damage|p1a: Chansey|88/100|[from] ability: Iron Barbs|[of] p2a: Ferrothorn
|move|p2a: Ferrothorn|Spikes|p1a: Chansey
|-sidestart|p1: lt93oq im garbage|Spikes
|
|-damage|p2a: Ferrothorn|24/100 brn|[from] brn
|-fieldend|move: Psychic Terrain
|upkeep
|turn|46
|
|t:|1660876009
|switch|p2a: Mandibuzz|Mandibuzz, F|100/100
|move|p1a: Chansey|Seismic Toss|p2a: Mandibuzz
|-damage|p2a: Mandibuzz|77/100
|
|upkeep
|turn|47
|
|t:|1660876011
|move|p2a: Mandibuzz|U-turn|p1a: Chansey
|-damage|p1a: Chansey|79/100
|j| LT93OQ Nick
|
|t:|1660876014
|switch|p2a: Rotom|Rotom-Wash|89/100 tox|[from]move: U-turn
|-damage|p2a: Rotom|76/100 tox|[from] Stealth Rock
|move|p1a: Chansey|Seismic Toss|p2a: Rotom
|-damage|p2a: Rotom|43/100 tox
|
|-heal|p2a: Rotom|49/100 tox|[from] item: Leftovers
|-damage|p2a: Rotom|43/100 tox|[from] psn
|upkeep
|turn|48
|
|t:|1660876019
|switch|p1a: Zapdos|Zapdos|88/100
|-ability|p1a: Zapdos|Pressure
|move|p2a: Rotom|Pain Split|p1a: Zapdos
|-sethp|p1a: Zapdos|61/100|[from] move: Pain Split|[silent]
|-sethp|p2a: Rotom|77/100 tox|[from] move: Pain Split
|
|-heal|p2a: Rotom|83/100 tox|[from] item: Leftovers
|-damage|p2a: Rotom|71/100 tox|[from] psn
|upkeep
|turn|49
|
|t:|1660876021
|move|p1a: Zapdos|Roost|p1a: Zapdos
|-heal|p1a: Zapdos|100/100
|-singleturn|p1a: Zapdos|move: Roost
|move|p2a: Rotom|Volt Switch|p1a: Zapdos
|-resisted|p1a: Zapdos
|-damage|p1a: Zapdos|90/100
|
|t:|1660876023
|switch|p2a: Garchomp|Garchomp, M|100/100|[from]move: Volt Switch
|-damage|p2a: Garchomp|94/100|[from] Stealth Rock
|
|-heal|p2a: Garchomp|100/100|[from] item: Leftovers
|upkeep
|turn|50
|
|t:|1660876026
|move|p1a: Zapdos|Defog|p2a: Garchomp
|-unboost|p2a: Garchomp|evasion|1
|-sideend|p2: Plasmeek|Stealth Rock|[from] move: Defog|[of] p1a: Zapdos
|-sideend|p1: lt93oq im garbage|Spikes|[from] move: Defog|[of] p1a: Zapdos
|-sideend|p1: lt93oq im garbage|Stealth Rock|[from] move: Defog|[of] p1a: Zapdos
|move|p2a: Garchomp|Toxic|p1a: Zapdos
|-status|p1a: Zapdos|tox
|
|-damage|p1a: Zapdos|84/100 tox|[from] psn
|upkeep
|turn|51
|
|t:|1660876029
|switch|p1a: Corviknight|Corviknight, F|100/100
|-ability|p1a: Corviknight|Pressure
|move|p2a: Garchomp|Stealth Rock|p1a: Corviknight
|-sidestart|p1: lt93oq im garbage|move: Stealth Rock
|
|upkeep
|turn|52
|
|t:|1660876032
|switch|p2a: Slowking|Slowking-Galar, M|62/100 par
|move|p1a: Corviknight|Defog|p2a: Slowking
|-unboost|p2a: Slowking|evasion|1
|-sideend|p1: lt93oq im garbage|Stealth Rock|[from] move: Defog|[of] p1a: Corviknight
|
|-heal|p2a: Slowking|68/100 par|[from] item: Black Sludge
|upkeep
|turn|53
|
|t:|1660876035
|switch|p1a: Quagsire|Quagsire, M|88/100
|move|p2a: Slowking|Nasty Plot|p2a: Slowking
|-boost|p2a: Slowking|spa|2
|
|-heal|p1a: Quagsire|94/100|[from] item: Leftovers
|-heal|p2a: Slowking|75/100 par|[from] item: Black Sludge
|upkeep
|turn|54
|l|ez
|
|t:|1660876037
|move|p1a: Quagsire|Haze|p1a: Quagsire
|-clearallboost
|move|p2a: Slowking|Sludge Bomb|p1a: Quagsire
|-resisted|p1a: Quagsire
|-damage|p1a: Quagsire|75/100
|
|-heal|p1a: Quagsire|82/100|[from] item: Leftovers
|-heal|p2a: Slowking|81/100 par|[from] item: Black Sludge
|upkeep
|turn|55
|
|t:|1660876042
|switch|p1a: Toxapex|Toxapex, F|100/100
|move|p2a: Slowking|Sludge Bomb|p1a: Toxapex
|-resisted|p1a: Toxapex
|-damage|p1a: Toxapex|87/100
|
|-heal|p2a: Slowking|87/100 par|[from] item: Black Sludge
|upkeep
|turn|56
|j| XuanR
|
|t:|1660876047
|switch|p2a: Ferrothorn|Ferrothorn, M|24/100 brn
|move|p1a: Toxapex|Scald|p2a: Ferrothorn
|-resisted|p2a: Ferrothorn
|-damage|p2a: Ferrothorn|17/100 brn
|
|-damage|p2a: Ferrothorn|11/100 brn|[from] brn
|upkeep
|turn|57
|
|t:|1660876051
|switch|p1a: Corviknight|Corviknight, F|100/100
|-ability|p1a: Corviknight|Pressure
|move|p2a: Ferrothorn|Leech Seed|p1a: Corviknight
|-start|p1a: Corviknight|move: Leech Seed
|
|-damage|p1a: Corviknight|88/100|[from] Leech Seed|[of] p2a: Ferrothorn
|-heal|p2a: Ferrothorn|26/100 brn|[silent]
|-damage|p2a: Ferrothorn|20/100 brn|[from] brn
|upkeep
|turn|58
|
|t:|1660876057
|switch|p2a: Slowking|Slowking-Galar, M|100/100 par
|move|p1a: Corviknight|Body Press|p2a: Slowking
|-resisted|p2a: Slowking
|-damage|p2a: Slowking|96/100 par
|
|-heal|p1a: Corviknight|94/100|[from] item: Leftovers
|-heal|p2a: Slowking|100/100 par|[from] item: Black Sludge
|-damage|p1a: Corviknight|82/100|[from] Leech Seed|[of] p2a: Slowking
|upkeep
|turn|59
|
|t:|1660876059
|switch|p1a: Toxapex|Toxapex, F|100/100
|move|p2a: Slowking|Nasty Plot|p2a: Slowking
|-boost|p2a: Slowking|spa|2
|
|upkeep
|turn|60
|j| LT_Alt1
|
|t:|1660876068
|switch|p1a: Quagsire|Quagsire, M|82/100
|move|p2a: Slowking|Psychic|p1a: Quagsire
|-damage|p1a: Quagsire|42/100
|
|-heal|p1a: Quagsire|48/100|[from] item: Leftovers
|upkeep
|turn|61
|
|t:|1660876071
|move|p1a: Quagsire|Recover|p1a: Quagsire
|-heal|p1a: Quagsire|98/100
|move|p2a: Slowking|Sludge Bomb|p1a: Quagsire
|-resisted|p1a: Quagsire
|-damage|p1a: Quagsire|81/100
|
|-heal|p1a: Quagsire|87/100|[from] item: Leftovers
|upkeep
|turn|62
|
|t:|1660876074
|move|p1a: Quagsire|Haze|p1a: Quagsire
|-clearallboost
|move|p2a: Slowking|Sludge Bomb|p1a: Quagsire
|-resisted|p1a: Quagsire
|-damage|p1a: Quagsire|69/100
|
|-heal|p1a: Quagsire|75/100|[from] item: Leftovers
|upkeep
|turn|63
|
|t:|1660876081
|switch|p1a: Toxapex|Toxapex, F|100/100
|cant|p2a: Slowking|par
|
|upkeep
|turn|64
|-message|Plasmeek forfeited.
|
|win|lt93oq im garbage
|raw|lt93oq im garbage's rating: 1990 &rarr; <strong>2006</strong><br />(+16 for winning)
|raw|Plasmeek's rating: 1919 &rarr; <strong>1903</strong><br />(-16 for losing)
|l|☆Plasmeek
|l| LT93OQ rej=
|l| Smash Time steez
||Ladder isn't responding, score probably updated but might not have (Request timeout).
