|j|‽okaybears
|j|☆LT94JE Ahsan
|t:|1661177513
|gametype|singles
|player|p1|okaybears|bugcatcher-gen4dp|1732
|player|p2|LT94JE Ahsan|furisodegirl-blue|1753
|teamsize|p1|6
|teamsize|p2|6
|gen|8
|tier|[Gen 8] OU
|rated|
|rule|Sleep Clause Mod: Limit one foe put to sleep
|rule|Species Clause: Limit one of each Pokémon
|rule|OHKO Clause: OHKO moves are banned
|rule|Evasion Items Clause: Evasion items are banned
|rule|Evasion Moves Clause: Evasion moves are banned
|rule|Endless Battle Clause: Forcing endless battles is banned
|rule|HP Percentage Mod: HP is shown in percentages
|rule|Dynamax Clause: You cannot dynamax
|clearpoke
|poke|p1|Excadrill, F|
|poke|p1|Tyranitar, F|
|poke|p1|Kartana|
|poke|p1|Tornadus-Therian, M|
|poke|p1|Buzzwole|
|poke|p1|Slowking, M|
|poke|p2|Dragapult, M|
|poke|p2|Landorus-Therian, M|
|poke|p2|Slowking-Galar, F|
|poke|p2|Rotom-Wash|
|poke|p2|Melmetal|
|poke|p2|Buzzwole|
|teampreview
|inactive|Battle timer is ON: inactive players will automatically lose when time's up. (requested by LT94JE Ahsan)
|
|t:|1661177528
|start
|switch|p1a: Slowking|Slowking, M|100/100
|switch|p2a: Landorus|Landorus-Therian, M|100/100
|-ability|p2a: Landorus|Intimidate|boost
|-unboost|p1a: Slowking|atk|1
|turn|1
|j| cox melly
|
|t:|1661177536
|switch|p2a: Rotom|Rotom-Wash|100/100
|move|p1a: Slowking|Scald|p2a: Rotom
|-resisted|p2a: Rotom
|-damage|p2a: Rotom|89/100
|-status|p2a: Rotom|brn
|
|-heal|p2a: Rotom|95/100 brn|[from] item: Leftovers
|-damage|p2a: Rotom|89/100 brn|[from] brn
|upkeep
|turn|2
|
|t:|1661177543
|move|p2a: Rotom|Volt Switch|p1a: Slowking
|-supereffective|p1a: Slowking
|-damage|p1a: Slowking|68/100
|
|t:|1661177545
|switch|p2a: Slowking|Slowking-Galar, F|100/100|[from]move: Volt Switch
|move|p1a: Slowking|Future Sight|p2a: Slowking
|-start|p1a: Slowking|move: Future Sight
|
|upkeep
|turn|3
|
|t:|1661177550
|move|p2a: Slowking|Future Sight|p1a: Slowking
|-start|p2a: Slowking|move: Future Sight
|move|p1a: Slowking|Teleport|p1a: Slowking
|
|t:|1661177553
|switch|p1a: Tyranitar|Tyranitar, F|100/100|[from]move: Teleport
|-weather|Sandstorm|[from] ability: Sand Stream|[of] p1a: Tyranitar
|
|-weather|Sandstorm|[upkeep]
|-damage|p2a: Slowking|94/100|[from] Sandstorm
|upkeep
|turn|4
|j| hariyana grande
|
|t:|1661177561
|switch|p2a: Landorus|Landorus-Therian, M|100/100
|-ability|p2a: Landorus|Intimidate|boost
|-unboost|p1a: Tyranitar|atk|1
|move|p1a: Tyranitar|Crunch|p2a: Landorus
|-damage|p2a: Landorus|55/100
|
|-weather|Sandstorm|[upkeep]
|-end|p2a: Landorus|move: Future Sight
|-damage|p2a: Landorus|22/100
|-heal|p2a: Landorus|28/100|[from] item: Leftovers
|upkeep
|turn|5
|
|t:|1661177568
|move|p2a: Landorus|Stealth Rock|p1a: Tyranitar
|-sidestart|p1: okaybears|move: Stealth Rock
|move|p1a: Tyranitar|Crunch|p2a: Landorus
|-damage|p2a: Landorus|0 fnt
|faint|p2a: Landorus
|
|-weather|Sandstorm|[upkeep]
|-end|p1a: Tyranitar|move: Future Sight
|-immune|p1a: Tyranitar
|upkeep
|
|t:|1661177574
|switch|p2a: Melmetal|Melmetal|100/100
|turn|6
|
|t:|1661177577
|switch|p1a: Buzzwole|Buzzwole|100/100
|-damage|p1a: Buzzwole|88/100|[from] Stealth Rock
|move|p2a: Melmetal|Double Iron Bash|p1a: Buzzwole
|-damage|p1a: Buzzwole|62/100
|-damage|p1a: Buzzwole|34/100
|-hitcount|p1a: Buzzwole|2
|
|-weather|Sandstorm|[upkeep]
|-damage|p1a: Buzzwole|27/100|[from] Sandstorm
|upkeep
|turn|7
|
|t:|1661177584
|switch|p2a: Slowking|Slowking-Galar, F|100/100
|move|p1a: Buzzwole|Roost|p1a: Buzzwole
|-heal|p1a: Buzzwole|77/100
|-singleturn|p1a: Buzzwole|move: Roost
|
|-weather|none
|upkeep
|turn|8
|j| Not Daki
|
|t:|1661177594
|move|p1a: Buzzwole|Earthquake|p2a: Slowking
|-supereffective|p2a: Slowking
|-damage|p2a: Slowking|30/100
|move|p2a: Slowking|Future Sight|p1a: Buzzwole
|-start|p2a: Slowking|move: Future Sight
|
|upkeep
|turn|9
|
|t:|1661177606
|switch|p1a: Tornadus|Tornadus-Therian, M|100/100
|switch|p2a: Dragapult|Dragapult, M|100/100
|
|upkeep
|turn|10
|
|t:|1661177626
|switch|p1a: Slowking|Slowking, M|100/100
|move|p2a: Dragapult|Thunder|p1a: Slowking|[miss]
|-miss|p2a: Dragapult|p1a: Slowking
|
|-end|p1a: Slowking|move: Future Sight
|-resisted|p1a: Slowking
|-damage|p1a: Slowking|81/100
|upkeep
|turn|11
|
|t:|1661177635
|move|p2a: Dragapult|Shadow Ball|p1a: Slowking
|-supereffective|p1a: Slowking
|-damage|p1a: Slowking|28/100
|move|p1a: Slowking|Teleport|p1a: Slowking
|
|t:|1661177643
|switch|p1a: Tyranitar|Tyranitar, F|100/100|[from]move: Teleport
|-damage|p1a: Tyranitar|88/100|[from] Stealth Rock
|-weather|Sandstorm|[from] ability: Sand Stream|[of] p1a: Tyranitar
|
|-weather|Sandstorm|[upkeep]
|-damage|p2a: Dragapult|95/100|[from] Sandstorm
|upkeep
|turn|12
|
|t:|1661177651
|switch|p2a: Buzzwole|Buzzwole|100/100
|move|p1a: Tyranitar|Crunch|p2a: Buzzwole
|-resisted|p2a: Buzzwole
|-damage|p2a: Buzzwole|82/100
|
|-weather|Sandstorm|[upkeep]
|-damage|p2a: Buzzwole|76/100|[from] Sandstorm
|upkeep
|turn|13
|j| egal★vanc
|
|t:|1661177660
|switch|p1a: Buzzwole|Buzzwole|77/100
|-damage|p1a: Buzzwole|65/100|[from] Stealth Rock
|move|p2a: Buzzwole|Ice Punch|p1a: Buzzwole
|-damage|p1a: Buzzwole|51/100
|-damage|p2a: Buzzwole|59/100|[from] item: Rocky Helmet|[of] p1a: Buzzwole
|
|-weather|Sandstorm|[upkeep]
|-damage|p1a: Buzzwole|44/100|[from] Sandstorm
|-damage|p2a: Buzzwole|53/100|[from] Sandstorm
|upkeep
|turn|14
|
|t:|1661177671
|move|p2a: Buzzwole|Roost|p2a: Buzzwole
|-heal|p2a: Buzzwole|100/100
|-singleturn|p2a: Buzzwole|move: Roost
|move|p1a: Buzzwole|Roost|p1a: Buzzwole
|-heal|p1a: Buzzwole|94/100
|-singleturn|p1a: Buzzwole|move: Roost
|
|-weather|Sandstorm|[upkeep]
|-damage|p2a: Buzzwole|94/100|[from] Sandstorm
|-damage|p1a: Buzzwole|88/100|[from] Sandstorm
|upkeep
|turn|15
|
|t:|1661177675
|switch|p2a: Rotom|Rotom-Wash|89/100 brn
|move|p1a: Buzzwole|Ice Punch|p2a: Rotom
|-resisted|p2a: Rotom
|-damage|p2a: Rotom|76/100 brn
|
|-weather|none
|-heal|p2a: Rotom|82/100 brn|[from] item: Leftovers
|-damage|p2a: Rotom|76/100 brn|[from] brn
|upkeep
|turn|16
|j| tytyui↻
|
|t:|1661177681
|switch|p1a: Slowking|Slowking, M|61/100
|move|p2a: Rotom|Volt Switch|p1a: Slowking
|-supereffective|p1a: Slowking
|-damage|p1a: Slowking|29/100
|
|t:|1661177694
|switch|p2a: Melmetal|Melmetal|100/100|[from]move: Volt Switch
|
|upkeep
|turn|17
|
|t:|1661177700
|switch|p1a: Buzzwole|Buzzwole|88/100
|-damage|p1a: Buzzwole|76/100|[from] Stealth Rock
|move|p2a: Melmetal|Double Iron Bash|p1a: Buzzwole
|-damage|p1a: Buzzwole|47/100
|-damage|p1a: Buzzwole|19/100
|-hitcount|p1a: Buzzwole|2
|
|upkeep
|turn|18
|
|t:|1661177708
|switch|p2a: Dragapult|Dragapult, M|95/100
|move|p1a: Buzzwole|Roost|p1a: Buzzwole
|-heal|p1a: Buzzwole|69/100
|-singleturn|p1a: Buzzwole|move: Roost
|
|upkeep
|turn|19
|
|t:|1661177718
|switch|p1a: Tyranitar|Tyranitar, F|88/100
|-damage|p1a: Tyranitar|76/100|[from] Stealth Rock
|-weather|Sandstorm|[from] ability: Sand Stream|[of] p1a: Tyranitar
|move|p2a: Dragapult|Hydro Pump|p1a: Tyranitar
|-supereffective|p1a: Tyranitar
|-damage|p1a: Tyranitar|25/100
|
|-weather|Sandstorm|[upkeep]
|-damage|p2a: Dragapult|89/100|[from] Sandstorm
|upkeep
|turn|20
|
|t:|1661177731
|move|p2a: Dragapult|Hydro Pump|p1a: Tyranitar
|-supereffective|p1a: Tyranitar
|-damage|p1a: Tyranitar|0 fnt
|faint|p1a: Tyranitar
|
|-weather|Sandstorm|[upkeep]
|-damage|p2a: Dragapult|83/100|[from] Sandstorm
|upkeep
|
|t:|1661177735
|switch|p1a: Kartana|Kartana|100/100
|-damage|p1a: Kartana|94/100|[from] Stealth Rock
|turn|21
|
|t:|1661177741
|switch|p2a: Buzzwole|Buzzwole|94/100
|move|p1a: Kartana|Swords Dance|p1a: Kartana
|-boost|p1a: Kartana|atk|2
|
|-weather|Sandstorm|[upkeep]
|-damage|p2a: Buzzwole|88/100|[from] Sandstorm
|upkeep
|turn|22
|
|t:|1661177750
|move|p1a: Kartana|Swords Dance|p1a: Kartana
|-boost|p1a: Kartana|atk|2
|move|p2a: Buzzwole|Close Combat|p1a: Kartana
|-supereffective|p1a: Kartana
|-enditem|p1a: Kartana|Chople Berry|[eat]
|-enditem|p1a: Kartana|Chople Berry|[weaken]
|-damage|p1a: Kartana|33/100
|-unboost|p2a: Buzzwole|def|1
|-unboost|p2a: Buzzwole|spd|1
|
|-weather|Sandstorm|[upkeep]
|-damage|p2a: Buzzwole|82/100|[from] Sandstorm
|upkeep
|turn|23
|j| diufbfdjhgbdfg
|
|t:|1661177760
|move|p1a: Kartana|Leaf Blade|p2a: Buzzwole
|-resisted|p2a: Buzzwole
|-damage|p2a: Buzzwole|2/100
|move|p2a: Buzzwole|Close Combat|p1a: Kartana
|-supereffective|p1a: Kartana
|-damage|p1a: Kartana|0 fnt
|-unboost|p2a: Buzzwole|def|1
|-unboost|p2a: Buzzwole|spd|1
|faint|p1a: Kartana
|-ability|p2a: Buzzwole|Beast Boost|boost
|-boost|p2a: Buzzwole|def|1
|
|-weather|none
|upkeep
|j| lt94je ACII
|l| lt94je ACII
|inactive|okaybears has 120 seconds left.
|
|t:|1661177789
|switch|p1a: Tornadus|Tornadus-Therian, M|100/100
|turn|24
|j| HereForFrens
|
|t:|1661177806
|switch|p2a: Slowking|Slowking-Galar, F|63/100
|move|p1a: Tornadus|Nasty Plot|p1a: Tornadus
|-boost|p1a: Tornadus|spa|2
|
|upkeep
|turn|25
|
|t:|1661177817
|move|p1a: Tornadus|Hurricane|p2a: Slowking
|-damage|p2a: Slowking|6/100
|move|p2a: Slowking|Sludge Bomb|p1a: Tornadus
|-damage|p1a: Tornadus|38/100
|-status|p1a: Tornadus|psn
|
|-damage|p1a: Tornadus|26/100 psn|[from] psn
|upkeep
|turn|26
|
|t:|1661177827
|move|p1a: Tornadus|Focus Blast|p2a: Slowking|[miss]
|-miss|p1a: Tornadus|p2a: Slowking
|move|p2a: Slowking|Future Sight|p1a: Tornadus
|-start|p2a: Slowking|move: Future Sight
|
|-damage|p1a: Tornadus|14/100 psn|[from] psn
|upkeep
|turn|27
|
|t:|1661177835
|switch|p2a: Buzzwole|Buzzwole|2/100
|move|p1a: Tornadus|Hurricane|p2a: Buzzwole
|-supereffective|p2a: Buzzwole
|-damage|p2a: Buzzwole|0 fnt
|faint|p2a: Buzzwole
|
|-damage|p1a: Tornadus|1/100 psn|[from] psn
|upkeep
|
|t:|1661177838
|switch|p2a: Dragapult|Dragapult, M|83/100
|turn|28
|
|t:|1661177842
|move|p2a: Dragapult|Shadow Ball|p1a: Tornadus
|-damage|p1a: Tornadus|0 fnt
|faint|p1a: Tornadus
|
|-hint|Future Sight did not hit because the target is fainted.
|upkeep
|
|t:|1661177852
|switch|p1a: Excadrill|Excadrill, F|100/100
|-damage|p1a: Excadrill|97/100|[from] Stealth Rock
|turn|29
|
|t:|1661177857
|move|p2a: Dragapult|Fire Blast|p1a: Excadrill|[miss]
|-miss|p2a: Dragapult|p1a: Excadrill
|move|p1a: Excadrill|Earthquake|p2a: Dragapult
|-damage|p2a: Dragapult|0 fnt
|faint|p2a: Dragapult
|
|-heal|p1a: Excadrill|100/100|[from] item: Leftovers
|upkeep
|
|t:|1661177860
|switch|p2a: Rotom|Rotom-Wash|76/100 brn
|turn|30
|
|t:|1661177866
|switch|p1a: Slowking|Slowking, M|62/100
|move|p2a: Rotom|Will-O-Wisp|p1a: Slowking
|-status|p1a: Slowking|brn
|
|-heal|p2a: Rotom|82/100 brn|[from] item: Leftovers
|-damage|p2a: Rotom|76/100 brn|[from] brn
|-damage|p1a: Slowking|56/100 brn|[from] brn
|upkeep
|turn|31
|
|t:|1661177872
|move|p2a: Rotom|Volt Switch|p1a: Slowking
|-supereffective|p1a: Slowking
|-damage|p1a: Slowking|27/100 brn
|
|t:|1661177874
|switch|p2a: Slowking|Slowking-Galar, F|39/100|[from]move: Volt Switch
|move|p1a: Slowking|Slack Off|p1a: Slowking
|-heal|p1a: Slowking|77/100 brn
|
|-damage|p1a: Slowking|71/100 brn|[from] brn
|upkeep
|turn|32
|j| A Lucky Guy
|
|t:|1661177882
|switch|p2a: Melmetal|Melmetal|100/100
|move|p1a: Slowking|Future Sight|p2a: Melmetal
|-start|p1a: Slowking|move: Future Sight
|
|-damage|p1a: Slowking|65/100 brn|[from] brn
|upkeep
|turn|33
|j| LT94JE Ornstein
|
|t:|1661177887
|switch|p1a: Excadrill|Excadrill, F|100/100
|-damage|p1a: Excadrill|97/100|[from] Stealth Rock
|move|p2a: Melmetal|Double Iron Bash|p1a: Excadrill
|-resisted|p1a: Excadrill
|-damage|p1a: Excadrill|66/100
|-resisted|p1a: Excadrill
|-crit|p1a: Excadrill
|-damage|p1a: Excadrill|23/100
|-hitcount|p1a: Excadrill|2
|
|-heal|p1a: Excadrill|29/100|[from] item: Leftovers
|upkeep
|turn|34
|
|t:|1661177900
|move|p1a: Excadrill|Rapid Spin|p2a: Melmetal
|-resisted|p2a: Melmetal
|-damage|p2a: Melmetal|94/100
|-boost|p1a: Excadrill|spe|1
|-sideend|p1: okaybears|Stealth Rock|[from] move: Rapid Spin|[of] p1a: Excadrill
|move|p2a: Melmetal|Double Iron Bash|p1a: Excadrill
|-resisted|p1a: Excadrill
|-crit|p1a: Excadrill
|-damage|p1a: Excadrill|0 fnt
|faint|p1a: Excadrill
|-hitcount|p1: Excadrill|1
|
|-end|p2a: Melmetal|move: Future Sight
|-resisted|p2a: Melmetal
|-damage|p2a: Melmetal|75/100
|upkeep
|
|t:|1661177904
|switch|p1a: Buzzwole|Buzzwole|69/100
|turn|35
|
|t:|1661177914
|switch|p2a: Slowking|Slowking-Galar, F|73/100
|move|p1a: Buzzwole|Earthquake|p2a: Slowking
|-supereffective|p2a: Slowking
|-damage|p2a: Slowking|0 fnt
|faint|p2a: Slowking
|-ability|p1a: Buzzwole|Beast Boost|boost
|-boost|p1a: Buzzwole|atk|1
|
|upkeep
|
|t:|1661177916
|switch|p2a: Rotom|Rotom-Wash|76/100 brn
|turn|36
|
|t:|1661177920
|move|p1a: Buzzwole|Leech Life|p2a: Rotom
|-damage|p2a: Rotom|16/100 brn
|-heal|p1a: Buzzwole|90/100|[from] drain|[of] p2a: Rotom
|move|p2a: Rotom|Volt Switch|p1a: Buzzwole
|-damage|p1a: Buzzwole|55/100
|
|t:|1661177928
|switch|p2a: Melmetal|Melmetal|75/100|[from]move: Volt Switch
|
|upkeep
|turn|37
|
|t:|1661177931
|move|p1a: Buzzwole|Leech Life|p2a: Melmetal
|-resisted|p2a: Melmetal
|-damage|p2a: Melmetal|55/100
|-heal|p1a: Buzzwole|65/100|[from] drain|[of] p2a: Melmetal
|move|p2a: Melmetal|Double Iron Bash|p1a: Buzzwole
|-damage|p1a: Buzzwole|36/100
|-damage|p1a: Buzzwole|6/100
|-hitcount|p1a: Buzzwole|2
|
|upkeep
|turn|38
|l| LT94JE Ornstein
|j| Not_Taken_Name637
|
|t:|1661177937
|move|p1a: Buzzwole|Earthquake|p2a: Melmetal
|-supereffective|p2a: Melmetal
|-damage|p2a: Melmetal|0 fnt
|faint|p2a: Melmetal
|-ability|p1a: Buzzwole|Beast Boost|boost
|-boost|p1a: Buzzwole|atk|1
|
|upkeep
|-message|LT94JE Ahsan forfeited.
|
|win|okaybears
|raw|okaybears's rating: 1732 &rarr; <strong>1753</strong><br />(+21 for winning)
|raw|LT94JE Ahsan's rating: 1753 &rarr; <strong>1732</strong><br />(-21 for losing)
|l|☆LT94JE Ahsan
|l| HereForFrens
|l| Not Daki
|l| cox melly
|l| tytyui↻
||Ladder isn't responding, score probably updated but might not have (Request timeout).
|l| diufbfdjhgbdfg
|l| A Lucky Guy
|l|‽okaybears
|l| hariyana grande
|j|‽okaybears
|player|p1|okaybears|bugcatcher-gen4dp
|n|‽okaybears|okaybears
|l|‽okaybears
|player|p1|
|l| Not_Taken_Name637
|j| Bird of belief ❀
|l| egal★vanc
|l| Bird of belief ❀
|j| Bird of belief ❀
