|html|<div class="broadcast-blue"><strong>[Gen 8] OU is currently suspecting Melmetal! For information on how to participate check out the <a href="https://www.smogon.com/forums/threads/np-ss-ou-suspect-process-round-12-monster-mash.3709234/">suspect thread</a>.</strong></div>
|j|☆Tyranitar titan
|j|☆Elite4donovan
|t:|1666565733
|gametype|singles
|player|p1|Tyranitar titan|clair|1444
|player|p2|Elite4donovan|lucas|1487
|teamsize|p1|6
|teamsize|p2|6
|gen|8
|tier|[Gen 8] OU
|rated|
|rule|Sleep Clause Mod: Limit one foe put to sleep
|rule|Species Clause: Limit one of each Pokémon
|rule|OHKO Clause: OHKO moves are banned
|rule|Evasion Items Clause: Evasion items are banned
|rule|Evasion Moves Clause: Evasion moves are banned
|rule|Endless Battle Clause: Forcing endless battles is banned
|rule|HP Percentage Mod: HP is shown in percentages
|rule|Dynamax Clause: You cannot dynamax
|clearpoke
|poke|p1|Slowking-Galar, M|
|poke|p1|Dragapult, M|
|poke|p1|Tapu Lele|
|poke|p1|Landorus-Therian, M|
|poke|p1|Mandibuzz, F|
|poke|p1|Heatran, F|
|poke|p2|Regieleki|
|poke|p2|Ferrothorn, F|
|poke|p2|Garchomp, M|
|poke|p2|Tyranitar, F|
|poke|p2|Tornadus-Therian, M|
|poke|p2|Dragapult, M|
|teampreview
|j| Zardothy
|
|t:|1666565762
|start
|switch|p1a: Heatran|Heatran, F|100/100
|switch|p2a: Tornadus|Tornadus-Therian, M|100/100
|turn|1
|c| Zardothy|wheres ur ttat
|c| Zardothy|u fuckin fraud
|
|t:|1666565774
|move|p2a: Tornadus|Knock Off|p1a: Heatran
|-damage|p1a: Heatran|87/100
|-status|p2a: Tornadus|brn|[from] ability: Flame Body|[of] p1a: Heatran
|-enditem|p1a: Heatran|Leftovers|[from] move: Knock Off|[of] p2a: Tornadus
|move|p1a: Heatran|Stealth Rock|p2a: Tornadus
|-sidestart|p2: Elite4donovan|move: Stealth Rock
|
|-damage|p2a: Tornadus|94/100 brn|[from] brn
|upkeep
|turn|2
|
|t:|1666565797
|move|p2a: Tornadus|Defog|p1a: Heatran
|-unboost|p1a: Heatran|evasion|1
|-sideend|p2: Elite4donovan|Stealth Rock|[from] move: Defog|[of] p2a: Tornadus
|move|p1a: Heatran|Magma Storm|p2a: Tornadus
|-damage|p2a: Tornadus|46/100 brn
|-activate|p2a: Tornadus|move: Magma Storm|[of] p1a: Heatran
|
|-damage|p2a: Tornadus|40/100 brn|[from] brn
|-damage|p2a: Tornadus|28/100 brn|[from] move: Magma Storm|[partiallytrapped]
|upkeep
|turn|3
|
|t:|1666565807
|move|p1a: Heatran|Protect|p1a: Heatran
|-singleturn|p1a: Heatran|Protect
|move|p2a: Tornadus|U-turn|p1a: Heatran
|-activate|p1a: Heatran|move: Protect
|
|-damage|p2a: Tornadus|21/100 brn|[from] brn
|-damage|p2a: Tornadus|9/100 brn|[from] move: Magma Storm|[partiallytrapped]
|upkeep
|turn|4
|
|t:|1666565816
|move|p2a: Tornadus|U-turn|p1a: Heatran
|-resisted|p1a: Heatran
|-damage|p1a: Heatran|86/100
|
|t:|1666565818
|switch|p2a: Garchomp|Garchomp, M|100/100|[from]move: U-turn
|move|p1a: Heatran|Stealth Rock|p2a: Garchomp
|-sidestart|p2: Elite4donovan|move: Stealth Rock
|
|upkeep
|turn|5
|
|t:|1666565833
|switch|p1a: Landorus|Landorus-Therian, M|100/100
|-ability|p1a: Landorus|Intimidate|boost
|-unboost|p2a: Garchomp|atk|1
|move|p2a: Garchomp|Stealth Rock|p1a: Landorus
|-sidestart|p1: Tyranitar titan|move: Stealth Rock
|
|upkeep
|turn|6
|
|t:|1666565845
|move|p1a: Landorus|Knock Off|p2a: Garchomp
|-damage|p2a: Garchomp|64/100
|-damage|p1a: Landorus|88/100|[from] ability: Rough Skin|[of] p2a: Garchomp
|-enditem|p2a: Garchomp|Life Orb|[from] move: Knock Off|[of] p1a: Landorus
|move|p2a: Garchomp|Draco Meteor|p1a: Landorus
|-damage|p1a: Landorus|38/100
|-unboost|p2a: Garchomp|spa|2
|
|upkeep
|turn|7
|
|t:|1666565872
|switch|p1a: Tapu Lele|Tapu Lele|100/100
|-damage|p1a: Tapu Lele|88/100|[from] Stealth Rock
|-fieldstart|move: Psychic Terrain|[from] ability: Psychic Surge|[of] p1a: Tapu Lele
|switch|p2a: Regieleki|Regieleki|100/100
|-damage|p2a: Regieleki|88/100|[from] Stealth Rock
|
|upkeep
|turn|8
|
|t:|1666565897
|switch|p1a: Landorus|Landorus-Therian, M|38/100
|-damage|p1a: Landorus|26/100|[from] Stealth Rock
|-ability|p1a: Landorus|Intimidate|boost
|-unboost|p2a: Regieleki|atk|1
|move|p2a: Regieleki|Assurance|p1a: Landorus
|-damage|p1a: Landorus|0 fnt
|faint|p1a: Landorus
|
|upkeep
|
|t:|1666565908
|switch|p1a: Heatran|Heatran, F|86/100
|-damage|p1a: Heatran|74/100|[from] Stealth Rock
|turn|9
|
|t:|1666565914
|switch|p2a: Garchomp|Garchomp, M|64/100
|-damage|p2a: Garchomp|58/100|[from] Stealth Rock
|move|p1a: Heatran|Magma Storm|p2a: Garchomp
|-resisted|p2a: Garchomp
|-damage|p2a: Garchomp|34/100
|-activate|p2a: Garchomp|move: Magma Storm|[of] p1a: Heatran
|
|-damage|p2a: Garchomp|22/100|[from] move: Magma Storm|[partiallytrapped]
|upkeep
|turn|10
|
|t:|1666565923
|move|p1a: Heatran|Protect|p1a: Heatran
|-singleturn|p1a: Heatran|Protect
|move|p2a: Garchomp|Earthquake|p1a: Heatran
|-activate|p1a: Heatran|move: Protect
|
|-damage|p2a: Garchomp|10/100|[from] move: Magma Storm|[partiallytrapped]
|upkeep
|turn|11
|
|t:|1666565938
|switch|p1a: Mandibuzz|Mandibuzz, F|100/100
|move|p2a: Garchomp|Earthquake|p1a: Mandibuzz
|-immune|p1a: Mandibuzz
|
|-end|p2a: Garchomp|Magma Storm|[partiallytrapped]|[silent]
|-fieldend|move: Psychic Terrain
|upkeep
|turn|12
|
|t:|1666565946
|move|p2a: Garchomp|Draco Meteor|p1a: Mandibuzz|[miss]
|-miss|p2a: Garchomp|p1a: Mandibuzz
|move|p1a: Mandibuzz|Foul Play|p2a: Garchomp
|-damage|p2a: Garchomp|0 fnt
|-damage|p1a: Mandibuzz|88/100|[from] ability: Rough Skin|[of] p2a: Garchomp
|faint|p2a: Garchomp
|
|upkeep
|
|t:|1666565950
|switch|p2a: Regieleki|Regieleki|88/100
|-damage|p2a: Regieleki|76/100|[from] Stealth Rock
|turn|13
|
|t:|1666565962
|switch|p1a: Heatran|Heatran, F|74/100
|-damage|p1a: Heatran|61/100|[from] Stealth Rock
|move|p2a: Regieleki|Wild Charge|p1a: Heatran
|-damage|p1a: Heatran|0 fnt
|faint|p1a: Heatran
|-damage|p2a: Regieleki|56/100|[from] Recoil
|
|upkeep
|
|t:|1666565967
|switch|p1a: Dragapult|Dragapult, M|100/100
|-damage|p1a: Dragapult|88/100|[from] Stealth Rock
|turn|14
|
|t:|1666565979
|switch|p2a: Tyranitar|Tyranitar, F|100/100
|-damage|p2a: Tyranitar|88/100|[from] Stealth Rock
|-weather|Sandstorm|[from] ability: Sand Stream|[of] p2a: Tyranitar
|move|p1a: Dragapult|Sucker Punch||[still]
|-fail|p1a: Dragapult
|
|-weather|Sandstorm|[upkeep]
|-damage|p1a: Dragapult|82/100|[from] Sandstorm
|upkeep
|turn|15
|
|t:|1666565985
|switch|p1a: Mandibuzz|Mandibuzz, F|88/100
|move|p2a: Tyranitar|Stone Edge|p1a: Mandibuzz|[miss]
|-miss|p2a: Tyranitar|p1a: Mandibuzz
|
|-weather|Sandstorm|[upkeep]
|upkeep
|turn|16
|
|t:|1666565993
|move|p2a: Tyranitar|Stone Edge|p1a: Mandibuzz|[miss]
|-miss|p2a: Tyranitar|p1a: Mandibuzz
|move|p1a: Mandibuzz|Defog|p2a: Tyranitar
|-unboost|p2a: Tyranitar|evasion|1
|-sideend|p2: Elite4donovan|Stealth Rock|[from] move: Defog|[of] p1a: Mandibuzz
|-sideend|p1: Tyranitar titan|Stealth Rock|[from] move: Defog|[of] p1a: Mandibuzz
|
|-weather|Sandstorm|[upkeep]
|upkeep
|turn|17
|
|t:|1666566010
|move|p2a: Tyranitar|Stone Edge|p1a: Mandibuzz
|-supereffective|p1a: Mandibuzz
|-damage|p1a: Mandibuzz|0 fnt
|faint|p1a: Mandibuzz
|
|-weather|Sandstorm|[upkeep]
|upkeep
|
|t:|1666566014
|switch|p1a: Tapu Lele|Tapu Lele|88/100
|-fieldstart|move: Psychic Terrain|[from] ability: Psychic Surge|[of] p1a: Tapu Lele
|turn|18
|
|t:|1666566027
|switch|p2a: Tornadus|Tornadus-Therian, M|42/100 brn
|move|p1a: Tapu Lele|Focus Blast|p2a: Tornadus
|-resisted|p2a: Tornadus
|-damage|p2a: Tornadus|5/100 brn
|
|-weather|none
|-damage|p2a: Tornadus|0 fnt|[from] brn
|faint|p2a: Tornadus
|upkeep
|
|t:|1666566030
|switch|p2a: Dragapult|Dragapult, M|100/100
|turn|19
|
|t:|1666566037
|switch|p1a: Slowking|Slowking-Galar, M|100/100
|move|p2a: Dragapult|Shadow Ball|p1a: Slowking
|-supereffective|p1a: Slowking
|-damage|p1a: Slowking|21/100
|-unboost|p1a: Slowking|spd|1
|
|-heal|p1a: Slowking|27/100|[from] item: Black Sludge
|upkeep
|turn|20
|
|t:|1666566044
|move|p2a: Dragapult|Shadow Ball|p1a: Slowking
|-supereffective|p1a: Slowking
|-damage|p1a: Slowking|0 fnt
|faint|p1a: Slowking
|
|upkeep
|
|t:|1666566051
|switch|p1a: Tapu Lele|Tapu Lele|88/100
|turn|21
|
|t:|1666566072
|switch|p2a: Ferrothorn|Ferrothorn, F|100/100
|move|p1a: Tapu Lele|Moonblast|p2a: Ferrothorn
|-resisted|p2a: Ferrothorn
|-damage|p2a: Ferrothorn|65/100
|
|-heal|p2a: Ferrothorn|71/100|[from] item: Leftovers
|upkeep
|turn|22
|
|t:|1666566081
|switch|p1a: Dragapult|Dragapult, M|82/100
|move|p2a: Ferrothorn|Gyro Ball|p1a: Dragapult
|-damage|p1a: Dragapult|14/100
|
|-heal|p2a: Ferrothorn|77/100|[from] item: Leftovers
|-fieldend|move: Psychic Terrain
|upkeep
|turn|23
|
|t:|1666566111
|switch|p2a: Tyranitar|Tyranitar, F|88/100
|-weather|Sandstorm|[from] ability: Sand Stream|[of] p2a: Tyranitar
|move|p1a: Dragapult|Dragon Darts|p2a: Tyranitar
|-damage|p2a: Tyranitar|54/100
|-anim|p1a: Dragapult|Dragon Darts|p2a: Tyranitar
|-damage|p2a: Tyranitar|14/100
|
|-weather|Sandstorm|[upkeep]
|-damage|p1a: Dragapult|8/100|[from] Sandstorm
|upkeep
|turn|24
|
|t:|1666566118
|move|p1a: Dragapult|Dragon Darts|p2a: Tyranitar
|-crit|p2a: Tyranitar
|-damage|p2a: Tyranitar|0 fnt
|faint|p2a: Tyranitar
|
|-weather|Sandstorm|[upkeep]
|-damage|p1a: Dragapult|2/100|[from] Sandstorm
|upkeep
|
|t:|1666566120
|switch|p2a: Regieleki|Regieleki|56/100
|turn|25
|
|t:|1666566124
|switch|p1a: Tapu Lele|Tapu Lele|88/100
|-fieldstart|move: Psychic Terrain|[from] ability: Psychic Surge|[of] p1a: Tapu Lele
|move|p2a: Regieleki|Wild Charge|p1a: Tapu Lele
|-damage|p1a: Tapu Lele|0 fnt
|faint|p1a: Tapu Lele
|-damage|p2a: Regieleki|36/100|[from] Recoil
|
|-weather|Sandstorm|[upkeep]
|-damage|p2a: Regieleki|30/100|[from] Sandstorm
|upkeep
|
|t:|1666566127
|switch|p1a: Dragapult|Dragapult, M|2/100
|turn|26
|
|t:|1666566129
|move|p1a: Dragapult|Sucker Punch|p2a: Regieleki
|-activate|p2a: Regieleki|move: Psychic Terrain
|move|p2a: Regieleki|Wild Charge|p1a: Dragapult
|-resisted|p1a: Dragapult
|-damage|p1a: Dragapult|0 fnt
|faint|p1a: Dragapult
|-damage|p2a: Regieleki|30/100|[from] Recoil
|
|win|Elite4donovan
|raw|Tyranitar titan's rating: 1444 &rarr; <strong>1426</strong><br />(-18 for losing)
|raw|Elite4donovan's rating: 1487 &rarr; <strong>1505</strong><br />(+18 for winning)
|l|☆Tyranitar titan
|l| Zardothy
||Ladder isn't responding, score probably updated but might not have (Request timeout).
