|j|☆JooshP
|j|☆fasterfaster88
|t:|1631530703
|gametype|singles
|player|p1|JooshP|red|1635
|player|p2|fasterfaster88|lass-gen4dp|1862
|teamsize|p1|6
|teamsize|p2|6
|gen|8
|tier|[Gen 8] OU
|rated|
|rule|Sleep Clause Mod: Limit one foe put to sleep
|rule|Species Clause: Limit one of each Pokémon
|rule|OHKO Clause: OHKO moves are banned
|rule|Evasion Moves Clause: Evasion moves are banned
|rule|Endless Battle Clause: Forcing endless battles is banned
|rule|HP Percentage Mod: HP is shown in percentages
|rule|Dynamax Clause: You cannot dynamax
|clearpoke
|poke|p1|Melmetal|
|poke|p1|Suicune|
|poke|p1|Garchomp, M|
|poke|p1|Ferrothorn, F|
|poke|p1|Heatran, F|
|poke|p1|Zapdos|
|poke|p2|Aegislash, F|
|poke|p2|Mamoswine, M|
|poke|p2|Toxapex, F|
|poke|p2|Clefable, F|
|poke|p2|Zapdos|
|poke|p2|Umbreon, F|
|teampreview
|inactive|Battle timer is ON: inactive players will automatically lose when time's up. (requested by fasterfaster88)
|
|t:|1631530716
|start
|switch|p1a: Melmetal|Melmetal|100/100
|switch|p2a: Zapdos|Zapdos|100/100
|turn|1
|
|t:|1631530724
|move|p2a: Zapdos|Volt Switch|p1a: Melmetal
|-damage|p1a: Melmetal|68/100
|
|t:|1631530727
|switch|p2a: Toxapex|Toxapex, F|100/100|[from]move: Volt Switch
|move|p1a: Melmetal|Toxic|p2a: Toxapex
|-immune|p2a: Toxapex
|
|-heal|p1a: Melmetal|74/100|[from] item: Leftovers
|upkeep
|turn|2
|
|t:|1631530734
|switch|p1a: Ferrothorn|Ferrothorn, F|100/100
|move|p2a: Toxapex|Knock Off|p1a: Ferrothorn
|-damage|p1a: Ferrothorn|92/100
|-damage|p2a: Toxapex|88/100|[from] ability: Iron Barbs|[of] p1a: Ferrothorn
|-enditem|p1a: Ferrothorn|Leftovers|[from] move: Knock Off|[of] p2a: Toxapex
|
|upkeep
|turn|3
|
|t:|1631530740
|move|p2a: Toxapex|Toxic Spikes|p1a: Ferrothorn
|-sidestart|p1: JooshP|move: Toxic Spikes
|move|p1a: Ferrothorn|Knock Off|p2a: Toxapex
|-crit|p2a: Toxapex
|-damage|p2a: Toxapex|68/100
|-enditem|p2a: Toxapex|Shed Shell|[from] move: Knock Off|[of] p1a: Ferrothorn
|
|upkeep
|turn|4
|
|t:|1631530744
|switch|p2a: Zapdos|Zapdos|100/100
|move|p1a: Ferrothorn|Spikes|p2a: Zapdos
|-sidestart|p2: fasterfaster88|Spikes
|
|upkeep
|turn|5
|
|t:|1631530754
|switch|p1a: Heatran|Heatran, F|100/100
|move|p2a: Zapdos|Hurricane|p1a: Heatran|[miss]
|-miss|p2a: Zapdos|p1a: Heatran
|
|upkeep
|turn|6
|
|t:|1631530758
|move|p2a: Zapdos|Volt Switch|p1a: Heatran
|-damage|p1a: Heatran|76/100
|
|t:|1631530760
|switch|p2a: Goat#2|Mamoswine, M|100/100|[from]move: Volt Switch
|-damage|p2a: Goat#2|88/100|[from] Spikes
|move|p1a: Heatran|Magma Storm|p2a: Goat#2
|-supereffective|p2a: Goat#2
|-damage|p2a: Goat#2|48/100
|-activate|p2a: Goat#2|move: Magma Storm|[of] p1a: Heatran
|
|-heal|p1a: Heatran|83/100|[from] item: Leftovers
|-damage|p2a: Goat#2|36/100|[from] move: Magma Storm|[partiallytrapped]
|upkeep
|turn|7
|
|t:|1631530768
|switch|p1a: Ferrothorn|Ferrothorn, F|92/100
|move|p2a: Goat#2|Earthquake|p1a: Ferrothorn
|-damage|p1a: Ferrothorn|61/100
|
|-end|p2a: Goat#2|Magma Storm|[partiallytrapped]|[silent]
|upkeep
|turn|8
|
|t:|1631530773
|move|p2a: Goat#2|Earthquake|p1a: Ferrothorn
|-damage|p1a: Ferrothorn|26/100
|move|p1a: Ferrothorn|Body Press|p2a: Goat#2
|-supereffective|p2a: Goat#2
|-damage|p2a: Goat#2|0 fnt
|faint|p2a: Goat#2
|
|upkeep
|
|t:|1631530778
|switch|p2a: Zapdos|Zapdos|100/100
|turn|9
|
|t:|1631530783
|move|p2a: Zapdos|Hurricane|p1a: Ferrothorn
|-damage|p1a: Ferrothorn|0 fnt
|faint|p1a: Ferrothorn
|
|upkeep
|
|t:|1631530786
|switch|p1a: Garchomp|Garchomp, M|100/100
|-status|p1a: Garchomp|psn
|turn|10
|
|t:|1631530792
|move|p1a: Garchomp|Swords Dance|p1a: Garchomp
|-boost|p1a: Garchomp|atk|2
|move|p2a: Zapdos|Hurricane|p1a: Garchomp|[miss]
|-miss|p2a: Zapdos|p1a: Garchomp
|
|-damage|p1a: Garchomp|88/100 psn|[from] psn
|upkeep
|turn|11
|
|t:|1631530796
|switch|p2a: Clefable|Clefable, F|100/100
|-damage|p2a: Clefable|88/100|[from] Spikes
|move|p1a: Garchomp|Stone Edge|p2a: Clefable
|-damage|p2a: Clefable|54/100
|
|-heal|p1a: Garchomp|94/100 psn|[from] item: Leftovers
|-heal|p2a: Clefable|60/100|[from] item: Leftovers
|-damage|p1a: Garchomp|82/100 psn|[from] psn
|upkeep
|turn|12
|
|t:|1631530802
|move|p1a: Garchomp|Stealth Rock|p2a: Clefable
|-sidestart|p2: fasterfaster88|move: Stealth Rock
|move|p2a: Clefable|Soft-Boiled|p2a: Clefable
|-heal|p2a: Clefable|100/100
|
|-heal|p1a: Garchomp|88/100 psn|[from] item: Leftovers
|-damage|p1a: Garchomp|76/100 psn|[from] psn
|upkeep
|turn|13
|
|t:|1631530804
|switch|p1a: Heatran|Heatran, F|83/100
|move|p2a: Clefable|Stealth Rock|p1a: Heatran
|-sidestart|p1: JooshP|move: Stealth Rock
|
|-heal|p1a: Heatran|89/100|[from] item: Leftovers
|upkeep
|turn|14
|
|t:|1631530812
|switch|p2a: Toxapex|Toxapex, F|100/100
|-damage|p2a: Toxapex|88/100|[from] Stealth Rock
|-damage|p2a: Toxapex|75/100|[from] Spikes
|move|p1a: Heatran|Magma Storm|p2a: Toxapex|[miss]
|-miss|p1a: Heatran|p2a: Toxapex
|
|-heal|p1a: Heatran|95/100|[from] item: Leftovers
|upkeep
|turn|15
|
|t:|1631530817
|move|p1a: Heatran|Magma Storm|p2a: Toxapex
|-resisted|p2a: Toxapex
|-damage|p2a: Toxapex|60/100
|-activate|p2a: Toxapex|move: Magma Storm|[of] p1a: Heatran
|move|p2a: Toxapex|Knock Off|p1a: Heatran
|-damage|p1a: Heatran|81/100
|-enditem|p1a: Heatran|Leftovers|[from] move: Knock Off|[of] p2a: Toxapex
|
|-damage|p2a: Toxapex|47/100|[from] move: Magma Storm|[partiallytrapped]
|upkeep
|turn|16
|
|t:|1631530820
|move|p1a: Heatran|Earth Power|p2a: Toxapex
|-supereffective|p2a: Toxapex
|-crit|p2a: Toxapex
|-damage|p2a: Toxapex|0 fnt
|faint|p2a: Toxapex
|
|upkeep
|
|t:|1631530824
|switch|p2a: Zapdos|Zapdos|100/100
|turn|17
|
|t:|1631530827
|move|p2a: Zapdos|Volt Switch|p1a: Heatran
|-damage|p1a: Heatran|57/100
|
|t:|1631530832
|switch|p2a: Umbreon|Umbreon, F|100/100|[from]move: Volt Switch
|-damage|p2a: Umbreon|88/100|[from] Stealth Rock
|-damage|p2a: Umbreon|76/100|[from] Spikes
|move|p1a: Heatran|Toxic|p2a: Umbreon
|-status|p2a: Umbreon|tox
|-activate|p2a: Umbreon|ability: Synchronize
|-immune|p1a: Heatran
|
|-heal|p2a: Umbreon|82/100 tox|[from] item: Leftovers
|-damage|p2a: Umbreon|76/100 tox|[from] psn
|upkeep
|turn|18
|
|t:|1631530838
|move|p1a: Heatran|Taunt|p2a: Umbreon
|-start|p2a: Umbreon|move: Taunt
|move|p2a: Umbreon|Foul Play|p1a: Heatran
|-damage|p1a: Heatran|38/100
|
|-heal|p2a: Umbreon|82/100 tox|[from] item: Leftovers
|-damage|p2a: Umbreon|70/100 tox|[from] psn
|upkeep
|turn|19
|
|t:|1631530841
|move|p1a: Heatran|Magma Storm|p2a: Umbreon|[miss]
|-miss|p1a: Heatran|p2a: Umbreon
|move|p2a: Umbreon|Foul Play|p1a: Heatran
|-damage|p1a: Heatran|18/100
|
|-heal|p2a: Umbreon|76/100 tox|[from] item: Leftovers
|-damage|p2a: Umbreon|57/100 tox|[from] psn
|upkeep
|turn|20
|
|t:|1631530843
|move|p1a: Heatran|Magma Storm|p2a: Umbreon
|-damage|p2a: Umbreon|28/100 tox
|-activate|p2a: Umbreon|move: Magma Storm|[of] p1a: Heatran
|move|p2a: Umbreon|Foul Play|p1a: Heatran
|-damage|p1a: Heatran|0 fnt
|faint|p1a: Heatran
|
|-heal|p2a: Umbreon|35/100 tox|[from] item: Leftovers
|-damage|p2a: Umbreon|10/100 tox|[from] psn
|-end|p2a: Umbreon|Magma Storm|[partiallytrapped]|[silent]
|-end|p2a: Umbreon|move: Taunt
|upkeep
|j| OU make me yawn♤
|
|t:|1631530865
|switch|p1a: Suicune|Suicune|100/100
|-status|p1a: Suicune|psn
|-damage|p1a: Suicune|88/100 psn|[from] Stealth Rock
|-ability|p1a: Suicune|Pressure
|turn|21
|j| ChuisSurZoom
|
|t:|1631530879
|switch|p2a: Zapdos|Zapdos|100/100
|move|p1a: Suicune|Scald|p2a: Zapdos
|-damage|p2a: Zapdos|70/100
|
|-heal|p1a: Suicune|94/100 psn|[from] item: Leftovers
|-damage|p1a: Suicune|82/100 psn|[from] psn
|upkeep
|turn|22
|
|t:|1631530883
|move|p2a: Zapdos|Defog|p1a: Suicune
|-unboost|p1a: Suicune|evasion|1
|-sideend|p1: JooshP|Toxic Spikes|[from] move: Defog|[of] p2a: Zapdos
|-sideend|p1: JooshP|Stealth Rock|[from] move: Defog|[of] p2a: Zapdos
|-sideend|p2: fasterfaster88|Spikes|[from] move: Defog|[of] p2a: Zapdos
|-sideend|p2: fasterfaster88|Stealth Rock|[from] move: Defog|[of] p2a: Zapdos
|move|p1a: Suicune|Calm Mind|p1a: Suicune
|-boost|p1a: Suicune|spa|1
|-boost|p1a: Suicune|spd|1
|
|-heal|p1a: Suicune|88/100 psn|[from] item: Leftovers
|-damage|p1a: Suicune|76/100 psn|[from] psn
|upkeep
|turn|23
|
|t:|1631530890
|move|p2a: Zapdos|Hurricane|p1a: Suicune|[miss]
|-miss|p2a: Zapdos|p1a: Suicune
|move|p1a: Suicune|Scald|p2a: Zapdos
|-damage|p2a: Zapdos|23/100
|-status|p2a: Zapdos|brn
|
|-heal|p1a: Suicune|82/100 psn|[from] item: Leftovers
|-damage|p1a: Suicune|70/100 psn|[from] psn
|-damage|p2a: Zapdos|17/100 brn|[from] brn
|upkeep
|turn|24
|c|☆fasterfaster88|lol
|
|t:|1631530895
|switch|p1a: Garchomp|Garchomp, M|76/100 psn
|move|p2a: Zapdos|Volt Switch|p1a: Garchomp
|-immune|p1a: Garchomp
|
|-heal|p1a: Garchomp|82/100 psn|[from] item: Leftovers
|-damage|p1a: Garchomp|70/100 psn|[from] psn
|-damage|p2a: Zapdos|10/100 brn|[from] brn
|upkeep
|turn|25
|
|t:|1631530902
|move|p1a: Garchomp|Stone Edge|p2a: Zapdos
|-supereffective|p2a: Zapdos
|-damage|p2a: Zapdos|0 fnt
|faint|p2a: Zapdos
|
|-heal|p1a: Garchomp|76/100 psn|[from] item: Leftovers
|-damage|p1a: Garchomp|64/100 psn|[from] psn
|upkeep
|
|t:|1631530905
|switch|p2a: Clefable|Clefable, F|100/100
|turn|26
|
|t:|1631530908
|switch|p1a: Melmetal|Melmetal|74/100
|move|p2a: Clefable|Moonblast|p1a: Melmetal
|-resisted|p1a: Melmetal
|-damage|p1a: Melmetal|61/100
|
|-heal|p1a: Melmetal|67/100|[from] item: Leftovers
|upkeep
|turn|27
|
|t:|1631530915
|switch|p2a: Umbreon|Umbreon, F|10/100 tox
|move|p1a: Melmetal|Double Iron Bash|p2a: Umbreon
|-damage|p2a: Umbreon|0 fnt
|faint|p2a: Umbreon
|-hitcount|p2: Umbreon|1
|
|-heal|p1a: Melmetal|73/100|[from] item: Leftovers
|upkeep
|-message|fasterfaster88 forfeited.
|
|win|JooshP
|raw|JooshP's rating: 1635 &rarr; <strong>1666</strong><br />(+31 for winning)
|raw|fasterfaster88's rating: 1862 &rarr; <strong>1831</strong><br />(-31 for losing)
|l|☆fasterfaster88
|l|☆JooshP
