|j|☆Pinks1ip
|j|☆S pri Chaunen
|t:|1656031839
|gametype|singles
|player|p1|Pinks1ip|skierf|1375
|player|p2|S pri Chaunen|red|1383
|teamsize|p1|6
|teamsize|p2|6
|gen|8
|tier|[Gen 8] OU
|rated|
|rule|Sleep Clause Mod: Limit one foe put to sleep
|rule|Species Clause: Limit one of each Pokémon
|rule|OHKO Clause: OHKO moves are banned
|rule|Evasion Moves Clause: Evasion moves are banned
|rule|Endless Battle Clause: Forcing endless battles is banned
|rule|HP Percentage Mod: HP is shown in percentages
|rule|Dynamax Clause: You cannot dynamax
|clearpoke
|poke|p1|Mamoswine, F|
|poke|p1|Slowbro, M|
|poke|p1|Magnezone|
|poke|p1|Garchomp, F|
|poke|p1|Clefable, F|
|poke|p1|Tapu Fini|
|poke|p2|Landorus-Therian, M|
|poke|p2|Heatran, M|
|poke|p2|Dragonite, M|
|poke|p2|Clefable, M|
|poke|p2|Ferrothorn, F|
|poke|p2|Tapu Koko|
|teampreview
|
|t:|1656031872
|start
|switch|p1a: Mamoswine|Mamoswine, F|100/100
|switch|p2a: Heatran|Heatran, M, shiny|100/100
|-item|p2a: Heatran|Air Balloon
|turn|1
|
|t:|1656031894
|switch|p1a: Tapu Fini|Tapu Fini, shiny|100/100
|-fieldstart|move: Misty Terrain|[from] ability: Misty Surge|[of] p1a: Tapu Fini
|move|p2a: Heatran|Stealth Rock|p1a: Tapu Fini
|-sidestart|p1: Pinks1ip|move: Stealth Rock
|
|upkeep
|turn|2
|
|t:|1656031908
|switch|p2a: Ferrothorn|Ferrothorn, F|100/100
|move|p1a: Tapu Fini|Trick|p2a: Ferrothorn
|-activate|p1a: Tapu Fini|move: Trick|[of] p2a: Ferrothorn
|-item|p2a: Ferrothorn|Choice Scarf|[from] move: Trick
|-item|p1a: Tapu Fini|Rocky Helmet|[from] move: Trick
|
|upkeep
|turn|3
|
|t:|1656031931
|switch|p1a: Magnezone|Magnezone|100/100
|-damage|p1a: Magnezone|94/100|[from] Stealth Rock
|move|p2a: Ferrothorn|Leech Seed|p1a: Magnezone
|-start|p1a: Magnezone|move: Leech Seed
|
|-damage|p1a: Magnezone|82/100|[from] Leech Seed|[of] p2a: Ferrothorn
|upkeep
|turn|4
|
|t:|1656031950
|move|p1a: Magnezone|Iron Defense|p1a: Magnezone
|-boost|p1a: Magnezone|def|2
|move|p2a: Ferrothorn|Leech Seed||[still]
|-fail|p2a: Ferrothorn
|
|-damage|p1a: Magnezone|70/100|[from] Leech Seed|[of] p2a: Ferrothorn
|upkeep
|turn|5
|
|t:|1656031958
|move|p1a: Magnezone|Body Press|p2a: Ferrothorn
|-supereffective|p2a: Ferrothorn
|-damage|p2a: Ferrothorn|37/100
|-damage|p1a: Magnezone|57/100|[from] ability: Iron Barbs|[of] p2a: Ferrothorn
|move|p2a: Ferrothorn|Leech Seed||[still]
|-fail|p2a: Ferrothorn
|
|-damage|p1a: Magnezone|45/100|[from] Leech Seed|[of] p2a: Ferrothorn
|-heal|p2a: Ferrothorn|47/100|[silent]
|-fieldend|Misty Terrain
|upkeep
|turn|6
|
|t:|1656031968
|move|p1a: Magnezone|Body Press|p2a: Ferrothorn
|-supereffective|p2a: Ferrothorn
|-damage|p2a: Ferrothorn|0 fnt
|-damage|p1a: Magnezone|32/100|[from] ability: Iron Barbs|[of] p2a: Ferrothorn
|faint|p2a: Ferrothorn
|
|upkeep
|inactive|Battle timer is ON: inactive players will automatically lose when time's up. (requested by Pinks1ip)
|inactive|S pri Chaunen has 120 seconds left.
|
|t:|1656032021
|switch|p2a: Dragonite|Dragonite, M|100/100
|turn|7
|
|t:|1656032027
|move|p2a: Dragonite|Earthquake|p1a: Magnezone
|-supereffective|p1a: Magnezone
|-damage|p1a: Magnezone|0 fnt
|faint|p1a: Magnezone
|
|upkeep
|
|t:|1656032046
|switch|p1a: Clefable|Clefable, F|100/100
|turn|8
|
|t:|1656032066
|switch|p2a: Clefable|Clefable, M, shiny|100/100
|move|p1a: Clefable|Trick|p2a: Clefable
|-activate|p1a: Clefable|move: Trick|[of] p2a: Clefable
|-item|p2a: Clefable|Sticky Barb|[from] move: Trick
|-item|p1a: Clefable|Sticky Barb|[from] move: Trick
|
|upkeep
|turn|9
|
|t:|1656032077
|move|p2a: Clefable|Thunder Wave|p1a: Clefable
|-status|p1a: Clefable|par
|cant|p1a: Clefable|par
|
|upkeep
|turn|10
|
|t:|1656032084
|move|p2a: Clefable|Moonblast|p1a: Clefable
|-damage|p1a: Clefable|78/100 par
|cant|p1a: Clefable|par
|
|upkeep
|turn|11
|
|t:|1656032089
|move|p2a: Clefable|Moonblast|p1a: Clefable
|-damage|p1a: Clefable|57/100 par
|cant|p1a: Clefable|par
|
|upkeep
|turn|12
|
|t:|1656032094
|move|p2a: Clefable|Moonblast|p1a: Clefable
|-damage|p1a: Clefable|34/100 par
|move|p1a: Clefable|Soft-Boiled|p1a: Clefable
|-heal|p1a: Clefable|84/100 par
|
|upkeep
|turn|13
|
|t:|1656032104
|move|p2a: Clefable|Moonblast|p1a: Clefable
|-damage|p1a: Clefable|62/100 par
|move|p1a: Clefable|Stealth Rock|p2a: Clefable
|-sidestart|p2: S pri Chaunen|move: Stealth Rock
|
|upkeep
|turn|14
|
|t:|1656032113
|move|p2a: Clefable|Moonblast|p1a: Clefable
|-damage|p1a: Clefable|43/100 par
|move|p1a: Clefable|Moonblast|p2a: Clefable
|-damage|p2a: Clefable|76/100
|
|upkeep
|turn|15
|
|t:|1656032119
|move|p2a: Clefable|Moonblast|p1a: Clefable
|-damage|p1a: Clefable|23/100 par
|move|p1a: Clefable|Soft-Boiled|p1a: Clefable
|-heal|p1a: Clefable|73/100 par
|
|upkeep
|turn|16
|
|t:|1656032128
|switch|p1a: Mamoswine|Mamoswine, F|100/100
|-damage|p1a: Mamoswine|88/100|[from] Stealth Rock
|move|p2a: Clefable|Moonblast|p1a: Mamoswine
|-damage|p1a: Mamoswine|44/100
|
|upkeep
|turn|17
|
|t:|1656032142
|switch|p2a: Heatran|Heatran, M, shiny|100/100
|-damage|p2a: Heatran|88/100|[from] Stealth Rock
|-item|p2a: Heatran|Air Balloon
|move|p1a: Mamoswine|Icicle Crash|p2a: Heatran
|-resisted|p2a: Heatran
|-damage|p2a: Heatran|68/100
|-enditem|p2a: Heatran|Air Balloon
|
|upkeep
|turn|18
|
|t:|1656032155
|switch|p1a: Slowbro|Slowbro, M|100/100
|-damage|p1a: Slowbro|88/100|[from] Stealth Rock
|move|p2a: Heatran|Magma Storm|p1a: Slowbro
|-resisted|p1a: Slowbro
|-damage|p1a: Slowbro|62/100
|-activate|p1a: Slowbro|move: Magma Storm|[of] p2a: Heatran
|
|-damage|p1a: Slowbro|49/100|[from] move: Magma Storm|[partiallytrapped]
|upkeep
|turn|19
|
|t:|1656032166
|move|p2a: Heatran|Earth Power|p1a: Slowbro
|-damage|p1a: Slowbro|18/100
|move|p1a: Slowbro|Body Press|p2a: Heatran
|-supereffective|p2a: Heatran
|-damage|p2a: Heatran|15/100
|
|-damage|p1a: Slowbro|6/100|[from] move: Magma Storm|[partiallytrapped]
|upkeep
|turn|20
|
|t:|1656032176
|move|p2a: Heatran|Earth Power|p1a: Slowbro
|-damage|p1a: Slowbro|0 fnt
|faint|p1a: Slowbro
|
|upkeep
|
|t:|1656032191
|switch|p1a: Tapu Fini|Tapu Fini, shiny|100/100
|-damage|p1a: Tapu Fini|88/100|[from] Stealth Rock
|-fieldstart|move: Misty Terrain|[from] ability: Misty Surge|[of] p1a: Tapu Fini
|turn|21
|inactive|S pri Chaunen has 120 seconds left.
|
|t:|1656032227
|move|p1a: Tapu Fini|Surf|p2a: Heatran
|-supereffective|p2a: Heatran
|-damage|p2a: Heatran|0 fnt
|faint|p2a: Heatran
|
|upkeep
|
|t:|1656032235
|switch|p2a: Clefable|Clefable, M, shiny|76/100
|turn|22
|
|t:|1656032238
|move|p1a: Tapu Fini|Defog|p2a: Clefable
|-unboost|p2a: Clefable|evasion|1
|-sideend|p2: S pri Chaunen|Stealth Rock|[from] move: Defog|[of] p1a: Tapu Fini
|-sideend|p1: Pinks1ip|Stealth Rock|[from] move: Defog|[of] p1a: Tapu Fini
|-fieldend|Misty Terrain
|move|p2a: Clefable|Thunder Wave|p1a: Tapu Fini
|-status|p1a: Tapu Fini|par
|
|upkeep
|turn|23
|
|t:|1656032250
|move|p2a: Clefable|Trick|p1a: Tapu Fini
|-activate|p2a: Clefable|move: Trick|[of] p1a: Tapu Fini
|-item|p1a: Tapu Fini|Sticky Barb|[from] move: Trick
|-item|p2a: Clefable|Rocky Helmet|[from] move: Trick
|move|p1a: Tapu Fini|Surf|p2a: Clefable
|-damage|p2a: Clefable|49/100
|
|-damage|p1a: Tapu Fini|76/100 par|[from] item: Sticky Barb
|upkeep
|turn|24
|
|t:|1656032257
|switch|p1a: Mamoswine|Mamoswine, F|44/100
|move|p2a: Clefable|Soft-Boiled|p2a: Clefable
|-heal|p2a: Clefable|99/100
|
|upkeep
|turn|25
|
|t:|1656032263
|move|p1a: Mamoswine|Icicle Crash|p2a: Clefable
|-damage|p2a: Clefable|27/100
|move|p2a: Clefable|Moonblast|p1a: Mamoswine
|-damage|p1a: Mamoswine|3/100
|
|upkeep
|turn|26
|inactive|S pri Chaunen has 120 seconds left.
|
|t:|1656032298
|move|p1a: Mamoswine|Icicle Crash|p2a: Clefable
|-damage|p2a: Clefable|0 fnt
|faint|p2a: Clefable
|
|upkeep
|
|t:|1656032309
|switch|p2a: Tapu Koko|Tapu Koko|100/100
|-fieldstart|move: Electric Terrain|[from] ability: Electric Surge|[of] p2a: Tapu Koko
|turn|27
|
|t:|1656032314
|switch|p1a: Tapu Fini|Tapu Fini, shiny|76/100 par
|-fieldstart|move: Misty Terrain|[from] ability: Misty Surge|[of] p1a: Tapu Fini
|move|p2a: Tapu Koko|Dazzling Gleam|p1a: Tapu Fini
|-damage|p1a: Tapu Fini|47/100 par
|
|-damage|p1a: Tapu Fini|34/100 par|[from] item: Sticky Barb
|upkeep
|turn|28
|inactive|S pri Chaunen has 120 seconds left.
|
|t:|1656032338
|move|p2a: Tapu Koko|Calm Mind|p2a: Tapu Koko
|-boost|p2a: Tapu Koko|spa|1
|-boost|p2a: Tapu Koko|spd|1
|move|p1a: Tapu Fini|Trick|p2a: Tapu Koko
|-activate|p1a: Tapu Fini|move: Trick|[of] p2a: Tapu Koko
|-item|p2a: Tapu Koko|Sticky Barb|[from] move: Trick
|-item|p1a: Tapu Fini|Heavy-Duty Boots|[from] move: Trick
|
|-damage|p2a: Tapu Koko|88/100|[from] item: Sticky Barb
|upkeep
|turn|29
|
|t:|1656032354
|move|p2a: Tapu Koko|Thunderbolt|p1a: Tapu Fini
|-supereffective|p1a: Tapu Fini
|-damage|p1a: Tapu Fini|0 fnt
|faint|p1a: Tapu Fini
|
|-damage|p2a: Tapu Koko|76/100|[from] item: Sticky Barb
|upkeep
|
|t:|1656032357
|switch|p1a: Clefable|Clefable, F|73/100 par
|turn|30
|inactive|S pri Chaunen has 120 seconds left.
|
|t:|1656032370
|move|p2a: Tapu Koko|Calm Mind|p2a: Tapu Koko
|-boost|p2a: Tapu Koko|spa|1
|-boost|p2a: Tapu Koko|spd|1
|move|p1a: Clefable|Soft-Boiled|p1a: Clefable
|-heal|p1a: Clefable|100/100 par
|
|-damage|p2a: Tapu Koko|63/100|[from] item: Sticky Barb
|upkeep
|turn|31
|inactive|S pri Chaunen has 120 seconds left.
|
|t:|1656032377
|move|p2a: Tapu Koko|Roost|p2a: Tapu Koko
|-heal|p2a: Tapu Koko|100/100
|-singleturn|p2a: Tapu Koko|move: Roost
|move|p1a: Clefable|Moonblast|p2a: Tapu Koko
|-damage|p2a: Tapu Koko|78/100
|
|-fieldend|Misty Terrain
|-damage|p2a: Tapu Koko|65/100|[from] item: Sticky Barb
|upkeep
|turn|32
|inactive|S pri Chaunen has 120 seconds left.
|
|t:|1656032391
|move|p2a: Tapu Koko|Roost|p2a: Tapu Koko
|-heal|p2a: Tapu Koko|100/100
|-singleturn|p2a: Tapu Koko|move: Roost
|move|p1a: Clefable|Moonblast|p2a: Tapu Koko
|-damage|p2a: Tapu Koko|76/100
|
|-damage|p2a: Tapu Koko|63/100|[from] item: Sticky Barb
|upkeep
|turn|33
|
|t:|1656032398
|move|p2a: Tapu Koko|Thunderbolt|p1a: Clefable
|-crit|p1a: Clefable
|-damage|p1a: Clefable|31/100 par
|move|p1a: Clefable|Moonblast|p2a: Tapu Koko
|-damage|p2a: Tapu Koko|40/100
|
|-damage|p2a: Tapu Koko|27/100|[from] item: Sticky Barb
|upkeep
|turn|34
|
|t:|1656032407
|move|p2a: Tapu Koko|Roost|p2a: Tapu Koko
|-heal|p2a: Tapu Koko|77/100
|-singleturn|p2a: Tapu Koko|move: Roost
|move|p1a: Clefable|Soft-Boiled|p1a: Clefable
|-heal|p1a: Clefable|81/100 par
|
|-damage|p2a: Tapu Koko|65/100|[from] item: Sticky Barb
|upkeep
|turn|35
|
|t:|1656032414
|move|p2a: Tapu Koko|Thunderbolt|p1a: Clefable
|-damage|p1a: Clefable|30/100 par
|move|p1a: Clefable|Moonblast|p2a: Tapu Koko
|-damage|p2a: Tapu Koko|40/100
|
|-damage|p2a: Tapu Koko|28/100|[from] item: Sticky Barb
|upkeep
|turn|36
|
|t:|1656032421
|move|p2a: Tapu Koko|Roost|p2a: Tapu Koko
|-heal|p2a: Tapu Koko|78/100
|-singleturn|p2a: Tapu Koko|move: Roost
|move|p1a: Clefable|Moonblast|p2a: Tapu Koko
|-damage|p2a: Tapu Koko|53/100
|
|-damage|p2a: Tapu Koko|40/100|[from] item: Sticky Barb
|upkeep
|turn|37
|
|t:|1656032427
|move|p2a: Tapu Koko|Roost|p2a: Tapu Koko
|-heal|p2a: Tapu Koko|91/100
|-singleturn|p2a: Tapu Koko|move: Roost
|move|p1a: Clefable|Soft-Boiled|p1a: Clefable
|-heal|p1a: Clefable|80/100 par
|
|-damage|p2a: Tapu Koko|78/100|[from] item: Sticky Barb
|upkeep
|turn|38
|
|t:|1656032436
|move|p2a: Tapu Koko|Calm Mind|p2a: Tapu Koko
|-boost|p2a: Tapu Koko|spa|1
|-boost|p2a: Tapu Koko|spd|1
|move|p1a: Clefable|Moonblast|p2a: Tapu Koko
|-damage|p2a: Tapu Koko|58/100
|
|-damage|p2a: Tapu Koko|45/100|[from] item: Sticky Barb
|upkeep
|turn|39
|
|t:|1656032443
|move|p2a: Tapu Koko|Roost|p2a: Tapu Koko
|-heal|p2a: Tapu Koko|96/100
|-singleturn|p2a: Tapu Koko|move: Roost
|move|p1a: Clefable|Moonblast|p2a: Tapu Koko
|-damage|p2a: Tapu Koko|74/100
|
|-damage|p2a: Tapu Koko|62/100|[from] item: Sticky Barb
|upkeep
|turn|40
|
|t:|1656032450
|move|p2a: Tapu Koko|Thunderbolt|p1a: Clefable
|-damage|p1a: Clefable|11/100 par
|move|p1a: Clefable|Moonblast|p2a: Tapu Koko
|-damage|p2a: Tapu Koko|42/100
|
|-damage|p2a: Tapu Koko|30/100|[from] item: Sticky Barb
|upkeep
|turn|41
|
|t:|1656032458
|move|p2a: Tapu Koko|Roost|p2a: Tapu Koko
|-heal|p2a: Tapu Koko|80/100
|-singleturn|p2a: Tapu Koko|move: Roost
|move|p1a: Clefable|Moonblast|p2a: Tapu Koko
|-damage|p2a: Tapu Koko|60/100
|
|-damage|p2a: Tapu Koko|47/100|[from] item: Sticky Barb
|upkeep
|turn|42
|
|t:|1656032465
|move|p2a: Tapu Koko|Thunderbolt|p1a: Clefable
|-damage|p1a: Clefable|0 fnt
|faint|p1a: Clefable
|
|-damage|p2a: Tapu Koko|35/100|[from] item: Sticky Barb
|upkeep
|
|t:|1656032467
|switch|p1a: Mamoswine|Mamoswine, F|3/100
|turn|43
|
|t:|1656032492
|move|p1a: Mamoswine|Ice Shard|p2a: Tapu Koko
|-damage|p2a: Tapu Koko|0 fnt
|faint|p2a: Tapu Koko
|
|upkeep
|
|t:|1656032498
|switch|p2a: Dragonite|Dragonite, M|100/100
|turn|44
|
|t:|1656032505
|switch|p1a: Garchomp|Garchomp, F|100/100
|move|p2a: Dragonite|Ice Punch|p1a: Garchomp
|-supereffective|p1a: Garchomp
|-damage|p1a: Garchomp|1/100
|-damage|p2a: Dragonite|88/100|[from] ability: Rough Skin|[of] p1a: Garchomp
|
|-heal|p1a: Garchomp|7/100|[from] item: Leftovers
|upkeep
|turn|45
|
|t:|1656032514
|move|p1a: Garchomp|Scale Shot|p2a: Dragonite
|-supereffective|p2a: Dragonite
|-damage|p2a: Dragonite|60/100
|-supereffective|p2a: Dragonite
|-damage|p2a: Dragonite|31/100
|-hitcount|p2a: Dragonite|2
|-unboost|p1a: Garchomp|def|1
|-boost|p1a: Garchomp|spe|1
|move|p2a: Dragonite|Ice Punch|p1a: Garchomp
|-supereffective|p1a: Garchomp
|-damage|p1a: Garchomp|0 fnt
|-damage|p2a: Dragonite|19/100|[from] ability: Rough Skin|[of] p1a: Garchomp
|faint|p1a: Garchomp
|
|upkeep
|
|t:|1656032519
|switch|p1a: Mamoswine|Mamoswine, F|3/100
|turn|46
|
|t:|1656032534
|move|p1a: Mamoswine|Ice Shard|p2a: Dragonite
|-supereffective|p2a: Dragonite
|-damage|p2a: Dragonite|0 fnt
|faint|p2a: Dragonite
|
|upkeep
|
|t:|1656032537
|switch|p2a: Landorus|Landorus-Therian, M|100/100
|-ability|p2a: Landorus|Intimidate|boost
|-fail|p1a: Mamoswine|unboost|Attack|[from] ability: Oblivious|[of] p1a: Mamoswine
|turn|47
|
|t:|1656032547
|move|p1a: Mamoswine|Ice Shard|p2a: Landorus
|-supereffective|p2a: Landorus
|-damage|p2a: Landorus|0 fnt
|faint|p2a: Landorus
|
|win|Pinks1ip
|raw|Pinks1ip's rating: 1375 &rarr; <strong>1395</strong><br />(+20 for winning)
|raw|S pri Chaunen's rating: 1383 &rarr; <strong>1363</strong><br />(-20 for losing)
|l|☆S pri Chaunen
||Ladder isn't responding, score probably updated but might not have (Request timeout).
