|j|☆Trogba Trogba
|j|☆Stotch303
|player|p1|Trogba Trogba|lance|1574
|player|p2|Stotch303|266|1515
|teamsize|p1|6
|teamsize|p2|6
|gametype|singles
|gen|8
|tier|[Gen 8] OU
|rated|
|clearpoke
|poke|p1|Hippowdon, M|
|poke|p1|Magearna|
|poke|p1|Urshifu-*, F|
|poke|p1|Rotom-Heat|
|poke|p1|Toxapex, M|
|poke|p1|Excadrill, M|
|poke|p2|Urshifu-*, F|
|poke|p2|Rillaboom, M|
|poke|p2|Hawlucha, M|
|poke|p2|Magnezone|
|poke|p2|Mimikyu, F|
|poke|p2|Terrakion|
|rule|Sleep Clause Mod: Limit one foe put to sleep
|rule|Species Clause: Limit one of each Pokémon
|rule|OHKO Clause: OHKO moves are banned
|rule|Evasion Moves Clause: Evasion moves are banned
|rule|Endless Battle Clause: Forcing endless battles is banned
|rule|HP Percentage Mod: HP is shown in percentages
|rule|Dynamax Clause: You cannot dynamax
|teampreview
|inactive|Battle timer is ON: inactive players will automatically lose when time's up. (requested by Stotch303)
|
|start
|switch|p1a: Urshifu|Urshifu, F|100/100
|switch|p2a: Terrakion|Terrakion|100/100
|turn|1
|
|switch|p1a: Hippowdon|Hippowdon, M|100/100
|-weather|Sandstorm|[from] ability: Sand Stream|[of] p1a: Hippowdon
|move|p2a: Terrakion|Close Combat|p1a: Hippowdon
|-damage|p1a: Hippowdon|66/100
|-unboost|p2a: Terrakion|def|1
|-unboost|p2a: Terrakion|spd|1
|-damage|p2a: Terrakion|84/100|[from] item: Rocky Helmet|[of] p1a: Hippowdon
|
|-weather|Sandstorm|[upkeep]
|upkeep
|turn|2
|
|move|p2a: Terrakion|Taunt|p1a: Hippowdon
|-start|p1a: Hippowdon|move: Taunt
|cant|p1a: Hippowdon|move: Taunt|Slack Off
|
|-weather|Sandstorm|[upkeep]
|upkeep
|turn|3
|
|move|p2a: Terrakion|Stealth Rock|p1a: Hippowdon
|-sidestart|p1: Trogba Trogba|move: Stealth Rock
|move|p1a: Hippowdon|Earthquake|p2a: Terrakion
|-supereffective|p2a: Terrakion
|-damage|p2a: Terrakion|0 fnt
|faint|p2a: Terrakion
|
|-weather|Sandstorm|[upkeep]
|upkeep
|
|switch|p2a: Rillaboom|Rillaboom, M|100/100
|-fieldstart|move: Grassy Terrain|[from] ability: Grassy Surge|[of] p2a: Rillaboom
|turn|4
|
|switch|p1a: Rotom|Rotom-Heat|100/100
|move|p2a: Rillaboom|Wood Hammer|p1a: Rotom
|-resisted|p1a: Rotom
|-damage|p1a: Rotom|36/100
|-damage|p2a: Rillaboom|81/100|[from] Recoil
|
|-weather|Sandstorm|[upkeep]
|-damage|p1a: Rotom|30/100|[from] Sandstorm
|-damage|p2a: Rillaboom|75/100|[from] Sandstorm
|-heal|p2a: Rillaboom|81/100|[from] Grassy Terrain
|upkeep
|turn|5
|
|switch|p2a: Mimikyu|Mimikyu, F|100/100
|move|p1a: Rotom|Overheat|p2a: Mimikyu
|-activate|p2a: Mimikyu|ability: Disguise
|-damage|p2a: Mimikyu|100/100
|-unboost|p1a: Rotom|spa|2
|detailschange|p2a: Mimikyu|Mimikyu-Busted, F
|-damage|p2a: Mimikyu|88/100|[from] pokemon: Mimikyu-Busted
|
|-weather|none
|-heal|p2a: Mimikyu|94/100|[from] Grassy Terrain
|upkeep
|turn|6
|
|move|p2a: Mimikyu|Swords Dance|p2a: Mimikyu
|-boost|p2a: Mimikyu|atk|2
|move|p1a: Rotom|Defog|p2a: Mimikyu
|-unboost|p2a: Mimikyu|evasion|1
|-sideend|p1: Trogba Trogba|Stealth Rock|[from] move: Defog|[of] p1a: Rotom
|-fieldend|move: Grassy Terrain
|
|upkeep
|turn|7
|
|move|p2a: Mimikyu|Play Rough|p1a: Rotom
|-resisted|p1a: Rotom
|-damage|p1a: Rotom|0 fnt
|-damage|p2a: Mimikyu|84/100|[from] item: Life Orb
|faint|p1a: Rotom
|
|upkeep
|
|switch|p1a: Toxapex|Toxapex, M|100/100
|turn|8
|
|move|p2a: Mimikyu|Shadow Claw|p1a: Toxapex
|-damage|p1a: Toxapex|45/100
|-damage|p2a: Mimikyu|74/100|[from] item: Life Orb
|move|p1a: Toxapex|Haze|p1a: Toxapex
|-clearallboost
|
|-heal|p1a: Toxapex|51/100|[from] item: Black Sludge
|upkeep
|turn|9
|
|switch|p2a: Magnezone|Magnezone|100/100
|move|p1a: Toxapex|Recover|p1a: Toxapex
|-heal|p1a: Toxapex|100/100
|
|upkeep
|turn|10
|
|switch|p1a: Hippowdon|Hippowdon, M|66/100
|-weather|Sandstorm|[from] ability: Sand Stream|[of] p1a: Hippowdon
|move|p2a: Magnezone|Substitute|p2a: Magnezone
|-start|p2a: Magnezone|Substitute
|-damage|p2a: Magnezone|76/100
|
|-weather|Sandstorm|[upkeep]
|-heal|p2a: Magnezone|82/100|[from] item: Leftovers
|upkeep
|turn|11
|
|move|p2a: Magnezone|Flash Cannon|p1a: Hippowdon
|-damage|p1a: Hippowdon|18/100
|move|p1a: Hippowdon|Earthquake|p2a: Magnezone
|-supereffective|p2a: Magnezone
|-crit|p2a: Magnezone
|-end|p2a: Magnezone|Substitute
|
|-weather|Sandstorm|[upkeep]
|-heal|p2a: Magnezone|88/100|[from] item: Leftovers
|upkeep
|turn|12
|
|switch|p1a: Excadrill|Excadrill, M|100/100
|move|p2a: Magnezone|Substitute|p2a: Magnezone
|-start|p2a: Magnezone|Substitute
|-damage|p2a: Magnezone|63/100
|
|-weather|Sandstorm|[upkeep]
|-heal|p2a: Magnezone|69/100|[from] item: Leftovers
|upkeep
|turn|13
|
|move|p1a: Excadrill|Earthquake|p2a: Magnezone
|-supereffective|p2a: Magnezone
|-end|p2a: Magnezone|Substitute
|move|p2a: Magnezone|Flash Cannon|p1a: Excadrill
|-resisted|p1a: Excadrill
|-damage|p1a: Excadrill|68/100
|
|-weather|Sandstorm|[upkeep]
|-heal|p2a: Magnezone|75/100|[from] item: Leftovers
|upkeep
|turn|14
|
|switch|p2a: Rillaboom|Rillaboom, M|81/100
|-fieldstart|move: Grassy Terrain|[from] ability: Grassy Surge|[of] p2a: Rillaboom
|move|p1a: Excadrill|Earthquake|p2a: Rillaboom
|-resisted|p2a: Rillaboom
|-damage|p2a: Rillaboom|64/100
|
|-weather|none
|-heal|p1a: Excadrill|74/100|[from] Grassy Terrain
|-heal|p2a: Rillaboom|70/100|[from] Grassy Terrain
|upkeep
|turn|15
|
|switch|p1a: Toxapex|Toxapex, M|100/100
|move|p2a: Rillaboom|Wood Hammer|p1a: Toxapex
|-crit|p1a: Toxapex
|-damage|p1a: Toxapex|0 fnt
|-damage|p2a: Rillaboom|41/100|[from] Recoil
|faint|p1a: Toxapex
|
|-heal|p2a: Rillaboom|47/100|[from] Grassy Terrain
|upkeep
|
|switch|p1a: Urshifu|Urshifu, F|100/100
|turn|16
|
|switch|p2a: Mimikyu|Mimikyu-Busted, F|74/100
|move|p1a: Urshifu|Wicked Blow|p2a: Mimikyu
|-crit|p2a: Mimikyu
|-damage|p2a: Mimikyu|0 fnt
|faint|p2a: Mimikyu
|
|upkeep
|
|switch|p2a: Hawlucha|Hawlucha, M|100/100
|-enditem|p2a: Hawlucha|Grassy Seed
|-boost|p2a: Hawlucha|def|1|[from] item: Grassy Seed
|turn|17
|
|switch|p1a: Magearna|Magearna|100/100
|move|p2a: Hawlucha|Swords Dance|p2a: Hawlucha
|-boost|p2a: Hawlucha|atk|2
|
|upkeep
|turn|18
|
|switch|p1a: Hippowdon|Hippowdon, M|18/100
|-weather|Sandstorm|[from] ability: Sand Stream|[of] p1a: Hippowdon
|move|p2a: Hawlucha|Close Combat|p1a: Hippowdon
|-damage|p1a: Hippowdon|0 fnt
|-unboost|p2a: Hawlucha|def|1
|-unboost|p2a: Hawlucha|spd|1
|-damage|p2a: Hawlucha|84/100|[from] item: Rocky Helmet|[of] p1a: Hippowdon
|faint|p1a: Hippowdon
|
|-weather|Sandstorm|[upkeep]
|-damage|p2a: Hawlucha|78/100|[from] Sandstorm
|-fieldend|move: Grassy Terrain
|upkeep
|
|switch|p1a: Magearna|Magearna|100/100
|turn|19
|
|move|p2a: Hawlucha|Close Combat|p1a: Magearna
|-crit|p1a: Magearna
|-damage|p1a: Magearna|0 fnt
|-unboost|p2a: Hawlucha|def|1
|-unboost|p2a: Hawlucha|spd|1
|faint|p1a: Magearna
|
|-weather|Sandstorm|[upkeep]
|-damage|p2a: Hawlucha|72/100|[from] Sandstorm
|upkeep
|-message|Trogba Trogba forfeited.
|
|win|Stotch303
|l|☆Trogba Trogba
