|j|☆2(H2O)-Alt
|j|☆Lothlorien2000
|t:|1655521152
|gametype|singles
|player|p1|2(H2O)-Alt|lady|1577
|player|p2|Lothlorien2000|steven|1592
|teamsize|p1|6
|teamsize|p2|6
|gen|8
|tier|[Gen 8] OU
|rated|
|rule|Sleep Clause Mod: Limit one foe put to sleep
|rule|Species Clause: Limit one of each Pokémon
|rule|OHKO Clause: OHKO moves are banned
|rule|Evasion Moves Clause: Evasion moves are banned
|rule|Endless Battle Clause: Forcing endless battles is banned
|rule|HP Percentage Mod: HP is shown in percentages
|rule|Dynamax Clause: You cannot dynamax
|clearpoke
|poke|p1|Kartana|
|poke|p1|Dragapult, M|
|poke|p1|Slowbro-Galar, F|
|poke|p1|Registeel|
|poke|p1|Zoroark, M|
|poke|p1|Garchomp, F|
|poke|p2|Excadrill, F|
|poke|p2|Garchomp, F|
|poke|p2|Kartana|
|poke|p2|Toxapex, M|
|poke|p2|Tyranitar, M|
|poke|p2|Zapdos|
|teampreview
|inactive|Battle timer is ON: inactive players will automatically lose when time's up. (requested by 2(H2O)-Alt)
|inactive|Lothlorien2000 has 120 seconds left.
|
|t:|1655521211
|start
|switch|p1a: Zero|Dragapult, M, shiny|100/100
|switch|p2a: Kartana|Kartana|100/100
|turn|1
|
|t:|1655521219
|switch|p2a: Tyranitar|Tyranitar, M|100/100
|-weather|Sandstorm|[from] ability: Sand Stream|[of] p2a: Tyranitar
|move|p1a: Zero|Reflect|p1a: Zero
|-sidestart|p1: 2(H2O)-Alt|Reflect
|
|-weather|Sandstorm|[upkeep]
|-damage|p1a: Zero|94/100|[from] Sandstorm
|upkeep
|turn|2
|
|t:|1655521225
|move|p1a: Zero|Light Screen|p1a: Zero
|-sidestart|p1: 2(H2O)-Alt|move: Light Screen
|move|p2a: Tyranitar|Toxic|p1a: Zero
|-status|p1a: Zero|tox
|
|-weather|Sandstorm|[upkeep]
|-damage|p1a: Zero|88/100 tox|[from] Sandstorm
|-damage|p1a: Zero|82/100 tox|[from] psn
|upkeep
|turn|3
|
|t:|1655521227
|move|p1a: Zero|Thunder Wave|p2a: Tyranitar
|-status|p2a: Tyranitar|par
|move|p2a: Tyranitar|Stealth Rock|p1a: Zero
|-sidestart|p1: 2(H2O)-Alt|move: Stealth Rock
|
|-weather|Sandstorm|[upkeep]
|-damage|p1a: Zero|76/100 tox|[from] Sandstorm
|-damage|p1a: Zero|64/100 tox|[from] psn
|upkeep
|turn|4
|
|t:|1655521233
|move|p1a: Zero|Curse|p2a: Tyranitar
|-start|p2a: Tyranitar|Curse|[of] p1a: Zero
|-damage|p1a: Zero|14/100 tox
|move|p2a: Tyranitar|Rock Blast|p1a: Zero
|-damage|p1a: Zero|8/100 tox
|-damage|p1a: Zero|2/100 tox
|-start|p2a: Tyranitar|Disable|Rock Blast|[from] ability: Cursed Body|[of] p1a: Zero
|-damage|p1a: Zero|0 fnt
|faint|p1a: Zero
|-hitcount|p1: Zero|3
|
|-weather|Sandstorm|[upkeep]
|-damage|p2a: Tyranitar|76/100 par|[from] Curse
|upkeep
|
|t:|1655521236
|switch|p1a: Suzaku|Kartana, shiny|100/100
|-damage|p1a: Suzaku|88/100|[from] Stealth Rock
|turn|5
|
|t:|1655521241
|switch|p2a: Zapdos|Zapdos|100/100
|move|p1a: Suzaku|Memento|p2a: Zapdos
|-unboost|p2a: Zapdos|atk|2
|-unboost|p2a: Zapdos|spa|2
|faint|p1a: Suzaku
|
|-weather|none
|upkeep
|
|t:|1655521244
|switch|p1a: C.C.|Slowbro-Galar, F|100/100
|-damage|p1a: C.C.|88/100|[from] Stealth Rock
|turn|6
|
|t:|1655521256
|switch|p2a: Kartana|Kartana|100/100
|move|p1a: C.C.|Belly Drum|p1a: C.C.
|-damage|p1a: C.C.|38/100
|-setboost|p1a: C.C.|atk|6|[from] move: Belly Drum
|
|upkeep
|turn|7
|
|t:|1655521260
|move|p2a: Kartana|Knock Off|p1a: C.C.
|-supereffective|p1a: C.C.
|-damage|p1a: C.C.|0 fnt
|-enditem|p1a: C.C.|Quick Claw|[from] move: Knock Off|[of] p2a: Kartana
|faint|p1a: C.C.
|-ability|p2a: Kartana|Beast Boost|boost
|-boost|p2a: Kartana|atk|1
|-damage|p2a: Kartana|91/100|[from] item: Life Orb
|
|upkeep
|-message|2(H2O)-Alt forfeited.
|
|win|Lothlorien2000
|raw|2(H2O)-Alt's rating: 1577 &rarr; <strong>1558</strong><br />(-19 for losing)
|raw|Lothlorien2000's rating: 1592 &rarr; <strong>1611</strong><br />(+19 for winning)
|l|☆2(H2O)-Alt
||Ladder isn't responding, score probably updated but might not have (Request timeout).
