|j|☆Dr. Elite
|j|☆IIIodyne
|inactive|Battle timer is ON: inactive players will automatically lose when time's up.
|t:|1665715024
|gametype|singles
|player|p1|Dr. Elite|#drelite|
|player|p2|IIIodyne|266|
|teamsize|p1|6
|teamsize|p2|6
|gen|8
|tier|[Gen 8] OU
|rated|Tournament battle
|rule|Sleep Clause Mod: Limit one foe put to sleep
|rule|Species Clause: Limit one of each Pokémon
|rule|OHKO Clause: OHKO moves are banned
|rule|Evasion Items Clause: Evasion items are banned
|rule|Evasion Moves Clause: Evasion moves are banned
|rule|Endless Battle Clause: Forcing endless battles is banned
|rule|HP Percentage Mod: HP is shown in percentages
|rule|Dynamax Clause: You cannot dynamax
|
|t:|1665715024
|start
|switch|p1a: Love|Primarina, F|100/100
|switch|p2a: Gastrodon|Gastrodon, F|100/100
|turn|1
|j| switchbladess
|
|t:|1665715039
|move|p1a: Love|Substitute|p1a: Love
|-start|p1a: Love|Substitute
|-damage|p1a: Love|75/100
|move|p2a: Gastrodon|Earth Power|p1a: Love
|-crit|p1a: Love
|-end|p1a: Love|Substitute
|
|-heal|p1a: Love|82/100|[from] item: Leftovers
|upkeep
|turn|2
|c|☆Dr. Elite|I gotta walk my dog. He just woke up.
|
|t:|1665715050
|move|p1a: Love|Calm Mind|p1a: Love
|-boost|p1a: Love|spa|1
|-boost|p1a: Love|spd|1
|move|p2a: Gastrodon|Earth Power|p1a: Love
|-crit|p1a: Love
|-damage|p1a: Love|44/100
|
|-heal|p1a: Love|50/100|[from] item: Leftovers
|upkeep
|turn|3
|c|☆IIIodyne|k
|
|t:|1665715061
|move|p1a: Love|Substitute|p1a: Love
|-start|p1a: Love|Substitute
|-damage|p1a: Love|25/100
|move|p2a: Gastrodon|Earth Power|p1a: Love
|-activate|p1a: Love|move: Substitute|[damage]
|
|-heal|p1a: Love|31/100|[from] item: Leftovers
|upkeep
|turn|4
|
|t:|1665715064
|move|p1a: Love|Calm Mind|p1a: Love
|-boost|p1a: Love|spa|1
|-boost|p1a: Love|spd|1
|move|p2a: Gastrodon|Earth Power|p1a: Love
|-end|p1a: Love|Substitute
|
|-heal|p1a: Love|37/100|[from] item: Leftovers
|upkeep
|turn|5
|
|t:|1665715066
|move|p1a: Love|Substitute|p1a: Love
|-start|p1a: Love|Substitute
|-damage|p1a: Love|12/100
|move|p2a: Gastrodon|Earth Power|p1a: Love
|-activate|p1a: Love|move: Substitute|[damage]
|
|-heal|p1a: Love|18/100|[from] item: Leftovers
|upkeep
|turn|6
|j| Misterioussaint
|
|t:|1665715071
|move|p1a: Love|Draining Kiss|p2a: Gastrodon
|-damage|p2a: Gastrodon|59/100
|-heal|p1a: Love|54/100|[from] drain|[of] p2a: Gastrodon
|move|p2a: Gastrodon|Earth Power|p1a: Love
|-end|p1a: Love|Substitute
|
|-heal|p1a: Love|60/100|[from] item: Leftovers
|-heal|p2a: Gastrodon|66/100|[from] item: Leftovers
|upkeep
|turn|7
|l| Misterioussaint
|
|t:|1665715074
|move|p1a: Love|Substitute|p1a: Love
|-start|p1a: Love|Substitute
|-damage|p1a: Love|35/100
|move|p2a: Gastrodon|Earth Power|p1a: Love
|-activate|p1a: Love|move: Substitute|[damage]
|
|-heal|p1a: Love|41/100|[from] item: Leftovers
|-heal|p2a: Gastrodon|72/100|[from] item: Leftovers
|upkeep
|turn|8
|
|t:|1665715076
|move|p1a: Love|Calm Mind|p1a: Love
|-boost|p1a: Love|spa|1
|-boost|p1a: Love|spd|1
|move|p2a: Gastrodon|Earth Power|p1a: Love
|-activate|p1a: Love|move: Substitute|[damage]
|
|-heal|p1a: Love|47/100|[from] item: Leftovers
|-heal|p2a: Gastrodon|78/100|[from] item: Leftovers
|upkeep
|turn|9
|
|t:|1665715082
|move|p1a: Love|Calm Mind|p1a: Love
|-boost|p1a: Love|spa|1
|-boost|p1a: Love|spd|1
|move|p2a: Gastrodon|Earth Power|p1a: Love
|-end|p1a: Love|Substitute
|
|-heal|p1a: Love|53/100|[from] item: Leftovers
|-heal|p2a: Gastrodon|84/100|[from] item: Leftovers
|upkeep
|turn|10
|
|t:|1665715084
|switch|p2a: Rillaboom|Rillaboom, F|100/100
|-fieldstart|move: Grassy Terrain|[from] ability: Grassy Surge|[of] p2a: Rillaboom
|move|p1a: Love|Substitute|p1a: Love
|-start|p1a: Love|Substitute
|-damage|p1a: Love|28/100
|
|-heal|p1a: Love|34/100|[from] Grassy Terrain
|-heal|p1a: Love|40/100|[from] item: Leftovers
|upkeep
|turn|11
|
|t:|1665715092
|move|p2a: Rillaboom|Grassy Glide|p1a: Love
|-supereffective|p1a: Love
|-end|p1a: Love|Substitute
|move|p1a: Love|Draining Kiss|p2a: Rillaboom
|-damage|p2a: Rillaboom|21/100
|-heal|p1a: Love|96/100|[from] drain|[of] p2a: Rillaboom
|
|-heal|p2a: Rillaboom|27/100|[from] Grassy Terrain
|-heal|p1a: Love|100/100|[from] Grassy Terrain
|upkeep
|turn|12
|
|t:|1665715097
|switch|p1a: Peace|Togekiss, M|100/100
|move|p2a: Rillaboom|Grassy Glide|p1a: Peace
|-resisted|p1a: Peace
|-damage|p1a: Peace|64/100
|
|-heal|p2a: Rillaboom|34/100|[from] Grassy Terrain
|upkeep
|turn|13
|
|t:|1665715101
|switch|p2a: Rotom|Rotom-Heat|100/100
|move|p1a: Peace|Nasty Plot|p1a: Peace
|-boost|p1a: Peace|spa|2
|
|upkeep
|turn|14
|
|t:|1665715118
|move|p2a: Rotom|Overheat|p1a: Peace
|-damage|p1a: Peace|17/100
|-unboost|p2a: Rotom|spa|2
|move|p1a: Peace|Aura Sphere|p2a: Rotom
|-crit|p2a: Rotom
|-damage|p2a: Rotom|13/100
|
|-fieldend|move: Grassy Terrain
|upkeep
|turn|15
|
|t:|1665715124
|switch|p1a: Love|Primarina, F|100/100
|move|p2a: Rotom|Volt Switch|p1a: Love
|-supereffective|p1a: Love
|-damage|p1a: Love|79/100
|
|t:|1665715133
|switch|p2a: Rillaboom|Rillaboom, F|34/100|[from]move: Volt Switch
|-fieldstart|move: Grassy Terrain|[from] ability: Grassy Surge|[of] p2a: Rillaboom
|
|-heal|p2a: Rillaboom|40/100|[from] Grassy Terrain
|-heal|p1a: Love|85/100|[from] Grassy Terrain
|-heal|p1a: Love|91/100|[from] item: Leftovers
|upkeep
|turn|16
|
|t:|1665715138
|switch|p1a: Kindness|Klefki, F|100/100
|move|p2a: Rillaboom|Grassy Glide|p1a: Kindness
|-resisted|p1a: Kindness
|-damage|p1a: Kindness|71/100
|
|-heal|p2a: Rillaboom|46/100|[from] Grassy Terrain
|-heal|p1a: Kindness|77/100|[from] Grassy Terrain
|upkeep
|turn|17
|
|t:|1665715143
|switch|p2a: Rotom|Rotom-Heat|13/100
|move|p1a: Kindness|Reflect|p1a: Kindness
|-sidestart|p1: Dr. Elite|Reflect
|
|-heal|p1a: Kindness|83/100|[from] Grassy Terrain
|upkeep
|turn|18
|
|t:|1665715149
|switch|p1a: Love|Primarina, F|91/100
|move|p2a: Rotom|Volt Switch|p1a: Love
|-supereffective|p1a: Love
|-damage|p1a: Love|47/100
|
|t:|1665715160
|switch|p2a: Rillaboom|Rillaboom, F|46/100|[from]move: Volt Switch
|
|-heal|p2a: Rillaboom|52/100|[from] Grassy Terrain
|-heal|p1a: Love|53/100|[from] Grassy Terrain
|-heal|p1a: Love|59/100|[from] item: Leftovers
|upkeep
|turn|19
|
|t:|1665715164
|switch|p1a: Peace|Togekiss, M|17/100
|move|p2a: Rillaboom|Wood Hammer|p1a: Peace
|-resisted|p1a: Peace
|-damage|p1a: Peace|0 fnt
|faint|p1a: Peace
|-damage|p2a: Rillaboom|47/100|[from] Recoil
|
|-heal|p2a: Rillaboom|53/100|[from] Grassy Terrain
|-fieldend|move: Grassy Terrain
|upkeep
|
|t:|1665715167
|switch|p1a: Goodness|Gardevoir, F|100/100
|-ability|p1a: Goodness|Grassy Surge|[from] ability: Trace|[of] p2a: Rillaboom
|-fieldstart|move: Grassy Terrain|[from] ability: Grassy Surge|[of] p1a: Goodness
|turn|20
|j| outd brnk
|
|t:|1665715189
|switch|p2a: Bronzong|Bronzong|100/100
|move|p1a: Goodness|Moonblast|p2a: Bronzong
|-resisted|p2a: Bronzong
|-damage|p2a: Bronzong|87/100
|
|-heal|p2a: Bronzong|93/100|[from] Grassy Terrain
|upkeep
|turn|21
|
|t:|1665715202
|switch|p1a: Kindness|Klefki, F|83/100
|move|p2a: Bronzong|Iron Head|p1a: Kindness
|-damage|p1a: Kindness|70/100
|
|-heal|p1a: Kindness|76/100|[from] Grassy Terrain
|-heal|p2a: Bronzong|99/100|[from] Grassy Terrain
|-sideend|p1: Dr. Elite|Reflect
|upkeep
|turn|22
|inactive|IIIodyne has 120 seconds left.
|
|t:|1665715248
|switch|p2a: Rotom|Rotom-Heat|13/100
|move|p1a: Kindness|Reflect|p1a: Kindness
|-sidestart|p1: Dr. Elite|Reflect
|
|-heal|p1a: Kindness|82/100|[from] Grassy Terrain
|upkeep
|turn|23
|
|t:|1665715253
|move|p1a: Kindness|Light Screen|p1a: Kindness
|-sidestart|p1: Dr. Elite|move: Light Screen
|move|p2a: Rotom|Will-O-Wisp|p1a: Kindness
|-status|p1a: Kindness|brn
|
|-heal|p1a: Kindness|88/100 brn|[from] Grassy Terrain
|-damage|p1a: Kindness|82/100 brn|[from] brn
|upkeep
|turn|24
|
|t:|1665715257
|move|p2a: Rotom|Volt Switch|p1a: Kindness
|-damage|p1a: Kindness|67/100 brn
|
|t:|1665715261
|switch|p2a: Weezing|Weezing-Galar, M|100/100|[from]move: Volt Switch
|move|p1a: Kindness|Foul Play|p2a: Weezing
|-resisted|p2a: Weezing
|-damage|p2a: Weezing|98/100
|-damage|p1a: Kindness|50/100 brn|[from] item: Rocky Helmet|[of] p2a: Weezing
|
|-heal|p1a: Kindness|56/100 brn|[from] Grassy Terrain
|-damage|p1a: Kindness|50/100 brn|[from] brn
|-fieldend|move: Grassy Terrain
|upkeep
|turn|25
|
|t:|1665715267
|switch|p1a: Patience|Hatterene, F|100/100
|move|p2a: Weezing|Flamethrower|p1a: Patience
|-damage|p1a: Patience|90/100
|
|upkeep
|turn|26
|
|t:|1665715276
|switch|p1a: Goodness|Gardevoir, F|100/100
|-ability|p1a: Goodness|Levitate|[from] ability: Trace|[of] p2a: Weezing
|move|p2a: Weezing|Clear Smog|p1a: Goodness
|-supereffective|p1a: Goodness
|-damage|p1a: Goodness|85/100
|-clearboost|p1a: Goodness
|
|-sideend|p1: Dr. Elite|Reflect
|upkeep
|turn|27
|
|t:|1665715299
|switch|p2a: Bronzong|Bronzong|99/100
|move|p1a: Goodness|Trick|p2a: Bronzong
|-activate|p1a: Goodness|move: Trick|[of] p2a: Bronzong
|-item|p2a: Bronzong|Choice Scarf|[from] move: Trick
|-item|p1a: Goodness|Assault Vest|[from] move: Trick
|
|-sideend|p1: Dr. Elite|move: Light Screen
|upkeep
|turn|28
|
|t:|1665715307
|switch|p1a: Love|Primarina, F|59/100
|move|p2a: Bronzong|Iron Head|p1a: Love
|-damage|p1a: Love|33/100
|
|-heal|p1a: Love|39/100|[from] item: Leftovers
|upkeep
|turn|29
|
|t:|1665715309
|move|p2a: Bronzong|Iron Head|p1a: Love
|-crit|p1a: Love
|-damage|p1a: Love|0 fnt
|faint|p1a: Love
|
|upkeep
|
|t:|1665715315
|switch|p1a: Kindness|Klefki, F|50/100 brn
|turn|30
|j| Quizziii
|
|t:|1665715329
|move|p1a: Kindness|Reflect|p1a: Kindness
|-sidestart|p1: Dr. Elite|Reflect
|move|p2a: Bronzong|Iron Head|p1a: Kindness
|-damage|p1a: Kindness|37/100 brn
|
|-damage|p1a: Kindness|31/100 brn|[from] brn
|upkeep
|turn|31
|
|t:|1665715332
|move|p2a: Bronzong|Iron Head|p1a: Kindness
|-damage|p1a: Kindness|17/100 brn
|cant|p1a: Kindness|flinch
|
|-damage|p1a: Kindness|11/100 brn|[from] brn
|upkeep
|turn|32
|
|t:|1665715335
|move|p2a: Bronzong|Iron Head|p1a: Kindness
|-damage|p1a: Kindness|0 fnt
|faint|p1a: Kindness
|
|upkeep
|
|t:|1665715339
|switch|p1a: Joy|Comfey, F, shiny|100/100
|turn|33
|
|t:|1665715340
|move|p1a: Joy|Calm Mind|p1a: Joy
|-boost|p1a: Joy|spa|1
|-boost|p1a: Joy|spd|1
|move|p2a: Bronzong|Iron Head|p1a: Joy
|-supereffective|p1a: Joy
|-damage|p1a: Joy|55/100
|
|upkeep
|turn|34
|
|t:|1665715355
|move|p1a: Joy|Calm Mind|p1a: Joy
|-boost|p1a: Joy|spa|1
|-boost|p1a: Joy|spd|1
|move|p2a: Bronzong|Iron Head|p1a: Joy
|-supereffective|p1a: Joy
|-damage|p1a: Joy|16/100
|
|-sideend|p1: Dr. Elite|Reflect
|upkeep
|turn|35
|
|t:|1665715357
|move|p1a: Joy|Draining Kiss|p2a: Bronzong
|-resisted|p2a: Bronzong
|-damage|p2a: Bronzong|74/100
|-heal|p1a: Joy|37/100|[from] drain|[of] p2a: Bronzong
|-damage|p1a: Joy|27/100|[from] item: Life Orb
|move|p2a: Bronzong|Iron Head|p1a: Joy
|-supereffective|p1a: Joy
|-damage|p1a: Joy|0 fnt
|faint|p1a: Joy
|
|upkeep
|
|t:|1665715360
|switch|p1a: Goodness|Gardevoir, F|85/100
|-ability|p1a: Goodness|Heatproof|[from] ability: Trace|[of] p2a: Bronzong
|turn|36
|
|t:|1665715362
|move|p1a: Goodness|Moonblast|p2a: Bronzong
|-resisted|p2a: Bronzong
|-damage|p2a: Bronzong|52/100
|move|p2a: Bronzong|Iron Head|p1a: Goodness
|-supereffective|p1a: Goodness
|-damage|p1a: Goodness|0 fnt
|faint|p1a: Goodness
|
|upkeep
|
|t:|1665715365
|switch|p1a: Patience|Hatterene, F|90/100
|turn|37
|
|t:|1665715367
|move|p2a: Bronzong|Iron Head|p1a: Patience
|-supereffective|p1a: Patience
|-damage|p1a: Patience|32/100
|move|p1a: Patience|Calm Mind|p1a: Patience
|-boost|p1a: Patience|spa|1
|-boost|p1a: Patience|spd|1
|
|upkeep
|turn|38
|
|t:|1665715371
|move|p2a: Bronzong|Iron Head|p1a: Patience
|-supereffective|p1a: Patience
|-damage|p1a: Patience|0 fnt
|faint|p1a: Patience
|
|win|IIIodyne
|n|☆Dr. Elite|drelite
|n|☆IIIodyne|iiiodyne
|n| switchbladess|switchbladess
|n| outd brnk|outdbrnk
|n| Quizziii|quizziii
|c|☆IIIodyne|gg
|c|☆Dr. Elite|Nicely done.
