|j|☆Fcuk Antipriority
|j|☆PokemonCestDur
|t:|1663616383
|gametype|singles
|player|p1|Fcuk Antipriority|hilbert|1658
|player|p2|PokemonCestDur|#ruplixsleekslushrushers|1690
|teamsize|p1|6
|teamsize|p2|6
|gen|8
|tier|[Gen 8] OU
|rated|
|rule|Sleep Clause Mod: Limit one foe put to sleep
|rule|Species Clause: Limit one of each Pokémon
|rule|OHKO Clause: OHKO moves are banned
|rule|Evasion Items Clause: Evasion items are banned
|rule|Evasion Moves Clause: Evasion moves are banned
|rule|Endless Battle Clause: Forcing endless battles is banned
|rule|HP Percentage Mod: HP is shown in percentages
|rule|Dynamax Clause: You cannot dynamax
|clearpoke
|poke|p1|Tyranitar, M|
|poke|p1|Slowking-Galar, F|
|poke|p1|Corviknight, F|
|poke|p1|Tapu Lele|
|poke|p1|Zeraora|
|poke|p1|Volcarona, F|
|poke|p2|Rillaboom, M|
|poke|p2|Tornadus-Therian, M|
|poke|p2|Blaziken, M|
|poke|p2|Melmetal|
|poke|p2|Garchomp, F|
|poke|p2|Slowbro, M|
|teampreview
|inactive|Battle timer is ON: inactive players will automatically lose when time's up. (requested by Fcuk Antipriority)
|
|t:|1663616424
|start
|switch|p1a: Tyranitar|Tyranitar, M|100/100
|switch|p2a: Slowbro|Slowbro, M|100/100
|-weather|Sandstorm|[from] ability: Sand Stream|[of] p1a: Tyranitar
|turn|1
|
|t:|1663616442
|move|p1a: Tyranitar|Stealth Rock|p2a: Slowbro
|-sidestart|p2: PokemonCestDur|move: Stealth Rock
|move|p2a: Slowbro|Scald|p1a: Tyranitar
|-supereffective|p1a: Tyranitar
|-damage|p1a: Tyranitar|63/100
|
|-weather|Sandstorm|[upkeep]
|-damage|p2a: Slowbro|94/100|[from] Sandstorm
|upkeep
|turn|2
|
|t:|1663616448
|move|p1a: Tyranitar|Thunderbolt|p2a: Slowbro
|-supereffective|p2a: Slowbro
|-damage|p2a: Slowbro|35/100
|move|p2a: Slowbro|Scald|p1a: Tyranitar
|-supereffective|p1a: Tyranitar
|-damage|p1a: Tyranitar|24/100
|
|-weather|Sandstorm|[upkeep]
|-damage|p2a: Slowbro|29/100|[from] Sandstorm
|upkeep
|turn|3
|j| 0SiegeWarfare
|
|t:|1663616459
|switch|p2a: Melmetal|Melmetal|100/100
|-damage|p2a: Melmetal|94/100|[from] Stealth Rock
|move|p1a: Tyranitar|Flamethrower|p2a: Melmetal
|-supereffective|p2a: Melmetal
|-damage|p2a: Melmetal|44/100
|
|-weather|Sandstorm|[upkeep]
|-heal|p2a: Melmetal|50/100|[from] item: Leftovers
|upkeep
|turn|4
|
|t:|1663616465
|move|p2a: Melmetal|Protect|p2a: Melmetal
|-singleturn|p2a: Melmetal|Protect
|move|p1a: Tyranitar|Flamethrower|p2a: Melmetal
|-activate|p2a: Melmetal|move: Protect
|
|-weather|Sandstorm|[upkeep]
|-heal|p2a: Melmetal|56/100|[from] item: Leftovers
|upkeep
|turn|5
|
|t:|1663616476
|switch|p2a: Tornadus|Tornadus-Therian, M|100/100
|move|p1a: Tyranitar|Flamethrower|p2a: Tornadus
|-damage|p2a: Tornadus|75/100
|
|-weather|none
|upkeep
|turn|6
|
|t:|1663616483
|move|p2a: Tornadus|Defog|p1a: Tyranitar
|-unboost|p1a: Tyranitar|evasion|1
|-sideend|p2: PokemonCestDur|Stealth Rock|[from] move: Defog|[of] p2a: Tornadus
|move|p1a: Tyranitar|Ice Beam|p2a: Tornadus
|-supereffective|p2a: Tornadus
|-crit|p2a: Tornadus
|-damage|p2a: Tornadus|0 fnt
|faint|p2a: Tornadus
|
|upkeep
|
|t:|1663616488
|switch|p2a: Garchomp|Garchomp, F|100/100
|turn|7
|
|t:|1663616492
|move|p2a: Garchomp|Earthquake|p1a: Tyranitar
|-supereffective|p1a: Tyranitar
|-damage|p1a: Tyranitar|0 fnt
|faint|p1a: Tyranitar
|
|upkeep
|
|t:|1663616496
|switch|p1a: Tapu Lele|Tapu Lele|100/100
|-fieldstart|move: Psychic Terrain|[from] ability: Psychic Surge|[of] p1a: Tapu Lele
|turn|8
|
|t:|1663616503
|switch|p2a: Rillaboom|Rillaboom, M|100/100
|-fieldstart|move: Grassy Terrain|[from] ability: Grassy Surge|[of] p2a: Rillaboom
|move|p1a: Tapu Lele|Moonblast|p2a: Rillaboom
|-damage|p2a: Rillaboom|37/100
|
|-heal|p2a: Rillaboom|43/100|[from] Grassy Terrain
|-heal|p2a: Rillaboom|50/100|[from] item: Leftovers
|upkeep
|turn|9
|
|t:|1663616513
|switch|p1a: Volcarona|Volcarona, F|100/100
|switch|p2a: Melmetal|Melmetal|56/100
|
|-heal|p2a: Melmetal|62/100|[from] Grassy Terrain
|-heal|p2a: Melmetal|69/100|[from] item: Leftovers
|upkeep
|turn|10
|
|t:|1663616520
|switch|p2a: Garchomp|Garchomp, F|100/100
|move|p1a: Volcarona|Quiver Dance|p1a: Volcarona
|-boost|p1a: Volcarona|spa|1
|-boost|p1a: Volcarona|spd|1
|-boost|p1a: Volcarona|spe|1
|
|upkeep
|turn|11
|
|t:|1663616525
|move|p1a: Volcarona|Quiver Dance|p1a: Volcarona
|-boost|p1a: Volcarona|spa|1
|-boost|p1a: Volcarona|spd|1
|-boost|p1a: Volcarona|spe|1
|move|p2a: Garchomp|Toxic|p1a: Volcarona
|-status|p1a: Volcarona|tox
|
|-damage|p1a: Volcarona|94/100 tox|[from] psn
|upkeep
|turn|12
|
|t:|1663616530
|move|p2a: Garchomp|Protect|p2a: Garchomp
|-singleturn|p2a: Garchomp|Protect
|move|p1a: Volcarona|Psychic|p2a: Garchomp
|-activate|p2a: Garchomp|move: Protect
|
|-heal|p1a: Volcarona|100/100 tox|[from] Grassy Terrain
|-damage|p1a: Volcarona|88/100 tox|[from] psn
|-fieldend|move: Grassy Terrain
|upkeep
|turn|13
|
|t:|1663616535
|move|p1a: Volcarona|Psychic|p2a: Garchomp
|-damage|p2a: Garchomp|65/100
|move|p2a: Garchomp|Earthquake|p1a: Volcarona
|-damage|p1a: Volcarona|36/100 tox
|
|-heal|p2a: Garchomp|71/100|[from] item: Leftovers
|-damage|p1a: Volcarona|18/100 tox|[from] psn
|upkeep
|turn|14
|
|t:|1663616543
|switch|p1a: Tapu Lele|Tapu Lele|100/100
|-fieldstart|move: Psychic Terrain|[from] ability: Psychic Surge|[of] p1a: Tapu Lele
|move|p2a: Garchomp|Protect||[still]
|-fail|p2a: Garchomp
|
|-heal|p2a: Garchomp|77/100|[from] item: Leftovers
|upkeep
|turn|15
|
|t:|1663616548
|move|p2a: Garchomp|Protect|p2a: Garchomp
|-singleturn|p2a: Garchomp|Protect
|move|p1a: Tapu Lele|Moonblast|p2a: Garchomp
|-activate|p2a: Garchomp|move: Protect
|
|-heal|p2a: Garchomp|83/100|[from] item: Leftovers
|upkeep
|turn|16
|inactive|PokemonCestDur has 120 seconds left.
|
|t:|1663616583
|switch|p2a: Melmetal|Melmetal|69/100
|move|p1a: Tapu Lele|Moonblast|p2a: Melmetal
|-resisted|p2a: Melmetal
|-damage|p2a: Melmetal|43/100
|
|-heal|p2a: Melmetal|50/100|[from] item: Leftovers
|upkeep
|turn|17
|inactive|PokemonCestDur has 120 seconds left.
|l|☆Fcuk Antipriority
|inactive|Fcuk Antipriority disconnected and has a minute to reconnect!
|player|p1|
|j|☆Fcuk Antipriority
|inactive|Fcuk Antipriority reconnected and has 125 seconds left.
|player|p1|Fcuk Antipriority|hilbert
|inactive|Fcuk Antipriority has 120 seconds left.
|
|t:|1663616632
|switch|p1a: Volcarona|Volcarona, F|18/100 tox
|move|p2a: Melmetal|Double Iron Bash|p1a: Volcarona
|-resisted|p1a: Volcarona
|-damage|p1a: Volcarona|0 fnt
|faint|p1a: Volcarona
|-hitcount|p1: Volcarona|1
|
|-heal|p2a: Melmetal|56/100|[from] item: Leftovers
|upkeep
|
|t:|1663616640
|switch|p1a: Zeraora|Zeraora, shiny|100/100
|turn|18
|
|t:|1663616650
|switch|p2a: Garchomp|Garchomp, F|83/100
|move|p1a: Zeraora|Knock Off|p2a: Garchomp
|-damage|p2a: Garchomp|58/100
|-damage|p1a: Zeraora|88/100|[from] ability: Rough Skin|[of] p2a: Garchomp
|-enditem|p2a: Garchomp|Leftovers|[from] move: Knock Off|[of] p1a: Zeraora
|
|-fieldend|move: Psychic Terrain
|upkeep
|turn|19
|inactive|Fcuk Antipriority has 120 seconds left.
|
|t:|1663616658
|switch|p1a: Corviknight|Corviknight, F|100/100
|-ability|p1a: Corviknight|Pressure
|move|p2a: Garchomp|Earthquake|p1a: Corviknight
|-immune|p1a: Corviknight
|
|upkeep
|turn|20
|
|t:|1663616667
|move|p2a: Garchomp|Stealth Rock|p1a: Corviknight
|-sidestart|p1: Fcuk Antipriority|move: Stealth Rock
|move|p1a: Corviknight|Brave Bird|p2a: Garchomp
|-damage|p2a: Garchomp|24/100
|-damage|p1a: Corviknight|88/100|[from] ability: Rough Skin|[of] p2a: Garchomp
|-damage|p1a: Corviknight|76/100|[from] Recoil
|
|upkeep
|turn|21
|inactive|Fcuk Antipriority has 120 seconds left.
|
|t:|1663616691
|switch|p2a: Slowbro|Slowbro, M|62/100
|move|p1a: Corviknight|U-turn|p2a: Slowbro
|-supereffective|p2a: Slowbro
|-damage|p2a: Slowbro|46/100
|-damage|p1a: Corviknight|60/100|[from] item: Rocky Helmet|[of] p2a: Slowbro
|
|t:|1663616700
|switch|p1a: Tapu Lele|Tapu Lele|100/100|[from]move: U-turn
|-damage|p1a: Tapu Lele|88/100|[from] Stealth Rock
|-fieldstart|move: Psychic Terrain|[from] ability: Psychic Surge|[of] p1a: Tapu Lele
|
|upkeep
|turn|22
|
|t:|1663616705
|switch|p2a: Garchomp|Garchomp, F|24/100
|move|p1a: Tapu Lele|Moonblast|p2a: Garchomp
|-supereffective|p2a: Garchomp
|-damage|p2a: Garchomp|0 fnt
|faint|p2a: Garchomp
|
|upkeep
|
|t:|1663616710
|switch|p2a: Blaziken|Blaziken, M|100/100
|turn|23
|
|t:|1663616712
|move|p2a: Blaziken|Protect|p2a: Blaziken
|-singleturn|p2a: Blaziken|Protect
|move|p1a: Tapu Lele|Moonblast|p2a: Blaziken
|-activate|p2a: Blaziken|move: Protect
|
|-ability|p2a: Blaziken|Speed Boost|boost
|-boost|p2a: Blaziken|spe|1
|upkeep
|turn|24
|
|t:|1663616719
|move|p1a: Tapu Lele|Moonblast|p2a: Blaziken
|-damage|p2a: Blaziken|27/100
|-unboost|p2a: Blaziken|spa|1
|move|p2a: Blaziken|Flare Blitz|p1a: Tapu Lele
|-damage|p1a: Tapu Lele|0 fnt
|faint|p1a: Tapu Lele
|-damage|p2a: Blaziken|3/100|[from] Recoil
|
|-heal|p2a: Blaziken|9/100|[from] item: Leftovers
|-ability|p2a: Blaziken|Speed Boost|boost
|-boost|p2a: Blaziken|spe|1
|upkeep
|
|t:|1663616736
|switch|p1a: Slowking|Slowking-Galar, F|100/100
|-damage|p1a: Slowking|88/100|[from] Stealth Rock
|turn|25
|
|t:|1663616753
|move|p2a: Blaziken|Protect|p2a: Blaziken
|-singleturn|p2a: Blaziken|Protect
|move|p1a: Slowking|Future Sight|p2a: Blaziken
|-start|p1a: Slowking|move: Future Sight
|
|-heal|p2a: Blaziken|16/100|[from] item: Leftovers
|-fieldend|move: Psychic Terrain
|-ability|p2a: Blaziken|Speed Boost|boost
|-boost|p2a: Blaziken|spe|1
|upkeep
|turn|26
|
|t:|1663616769
|move|p2a: Blaziken|Flare Blitz|p1a: Slowking
|-damage|p1a: Slowking|23/100
|-damage|p2a: Blaziken|0 fnt|[from] Recoil
|faint|p2a: Blaziken
|move|p1a: Slowking|Flamethrower|p2: Blaziken|[notarget]
|-fail|p1a: Slowking
|
|upkeep
|
|t:|1663616780
|switch|p2a: Melmetal|Melmetal|56/100
|turn|27
|
|t:|1663616790
|switch|p1a: Corviknight|Corviknight, F|60/100
|-damage|p1a: Corviknight|47/100|[from] Stealth Rock
|-ability|p1a: Corviknight|Pressure
|move|p2a: Melmetal|Thunder Punch|p1a: Corviknight
|-supereffective|p1a: Corviknight
|-damage|p1a: Corviknight|5/100
|-damage|p2a: Melmetal|39/100|[from] item: Rocky Helmet|[of] p1a: Corviknight
|
|-end|p2a: Melmetal|move: Future Sight
|-resisted|p2a: Melmetal
|-damage|p2a: Melmetal|19/100
|-heal|p2a: Melmetal|25/100|[from] item: Leftovers
|upkeep
|turn|28
|
|t:|1663616794
|switch|p2a: Slowbro|Slowbro, M|79/100
|move|p1a: Corviknight|Roost|p1a: Corviknight
|-heal|p1a: Corviknight|55/100
|-singleturn|p1a: Corviknight|move: Roost
|
|upkeep
|turn|29
|
|t:|1663616800
|move|p1a: Corviknight|Roost|p1a: Corviknight
|-heal|p1a: Corviknight|100/100
|-singleturn|p1a: Corviknight|move: Roost
|move|p2a: Slowbro|Scald|p1a: Corviknight
|-damage|p1a: Corviknight|77/100
|
|upkeep
|turn|30
|
|t:|1663616808
|move|p1a: Corviknight|U-turn|p2a: Slowbro
|-supereffective|p2a: Slowbro
|-damage|p2a: Slowbro|62/100
|-damage|p1a: Corviknight|60/100|[from] item: Rocky Helmet|[of] p2a: Slowbro
|
|t:|1663616813
|switch|p1a: Slowking|Slowking-Galar, F|56/100|[from]move: U-turn
|-damage|p1a: Slowking|44/100|[from] Stealth Rock
|move|p2a: Slowbro|Scald|p1a: Slowking
|-damage|p1a: Slowking|32/100
|-status|p1a: Slowking|brn
|
|-damage|p1a: Slowking|26/100 brn|[from] brn
|upkeep
|turn|31
|
|t:|1663616822
|switch|p2a: Melmetal|Melmetal|25/100
|move|p1a: Slowking|Future Sight|p2a: Melmetal
|-start|p1a: Slowking|move: Future Sight
|
|-heal|p2a: Melmetal|32/100|[from] item: Leftovers
|-damage|p1a: Slowking|20/100 brn|[from] brn
|upkeep
|turn|32
|
|t:|1663616828
|switch|p2a: Slowbro|Slowbro, M|95/100
|switch|p1a: Corviknight|Corviknight, F|60/100
|-damage|p1a: Corviknight|48/100|[from] Stealth Rock
|-ability|p1a: Corviknight|Pressure
|
|upkeep
|turn|33
|
|t:|1663616831
|move|p1a: Corviknight|Roost|p1a: Corviknight
|-heal|p1a: Corviknight|98/100
|-singleturn|p1a: Corviknight|move: Roost
|move|p2a: Slowbro|Scald|p1a: Corviknight
|-damage|p1a: Corviknight|71/100
|
|-end|p2a: Slowbro|move: Future Sight
|-resisted|p2a: Slowbro
|-damage|p2a: Slowbro|70/100
|upkeep
|turn|34
|
|t:|1663616842
|move|p1a: Corviknight|U-turn|p2a: Slowbro
|-supereffective|p2a: Slowbro
|-damage|p2a: Slowbro|54/100
|-damage|p1a: Corviknight|55/100|[from] item: Rocky Helmet|[of] p2a: Slowbro
|
|t:|1663616844
|switch|p1a: Slowking|Slowking-Galar, F|54/100 brn|[from]move: U-turn
|-damage|p1a: Slowking|41/100 brn|[from] Stealth Rock
|move|p2a: Slowbro|Scald|p1a: Slowking
|-damage|p1a: Slowking|29/100 brn
|
|-damage|p1a: Slowking|23/100 brn|[from] brn
|upkeep
|turn|35
|
|t:|1663616853
|move|p1a: Slowking|Sludge Bomb|p2a: Slowbro
|-damage|p2a: Slowbro|16/100
|-status|p2a: Slowbro|psn
|move|p2a: Slowbro|Scald|p1a: Slowking
|-damage|p1a: Slowking|12/100 brn
|
|-damage|p2a: Slowbro|4/100 psn|[from] psn
|-damage|p1a: Slowking|6/100 brn|[from] brn
|upkeep
|turn|36
|
|t:|1663616860
|switch|p1a: Corviknight|Corviknight, F|55/100
|-damage|p1a: Corviknight|43/100|[from] Stealth Rock
|-ability|p1a: Corviknight|Pressure
|switch|p2a: Melmetal|Melmetal|32/100
|
|-heal|p2a: Melmetal|38/100|[from] item: Leftovers
|upkeep
|turn|37
|l| 0SiegeWarfare
|
|t:|1663616868
|move|p1a: Corviknight|Roost|p1a: Corviknight
|-heal|p1a: Corviknight|93/100
|-singleturn|p1a: Corviknight|move: Roost
|move|p2a: Melmetal|Superpower|p1a: Corviknight
|-supereffective|p1a: Corviknight
|-damage|p1a: Corviknight|36/100
|-unboost|p2a: Melmetal|atk|1
|-unboost|p2a: Melmetal|def|1
|-damage|p2a: Melmetal|21/100|[from] item: Rocky Helmet|[of] p1a: Corviknight
|
|-heal|p2a: Melmetal|27/100|[from] item: Leftovers
|upkeep
|turn|38
|
|t:|1663616874
|move|p1a: Corviknight|Roost|p1a: Corviknight
|-heal|p1a: Corviknight|86/100
|-singleturn|p1a: Corviknight|move: Roost
|move|p2a: Melmetal|Superpower|p1a: Corviknight
|-supereffective|p1a: Corviknight
|-damage|p1a: Corviknight|49/100
|-unboost|p2a: Melmetal|atk|1
|-unboost|p2a: Melmetal|def|1
|-damage|p2a: Melmetal|11/100|[from] item: Rocky Helmet|[of] p1a: Corviknight
|
|-heal|p2a: Melmetal|17/100|[from] item: Leftovers
|upkeep
|turn|39
|
|t:|1663616880
|switch|p2a: Slowbro|Slowbro, M|37/100 psn
|move|p1a: Corviknight|Roost|p1a: Corviknight
|-heal|p1a: Corviknight|99/100
|-singleturn|p1a: Corviknight|move: Roost
|
|-damage|p2a: Slowbro|25/100 psn|[from] psn
|upkeep
|turn|40
|
|t:|1663616887
|switch|p1a: Slowking|Slowking-Galar, F|39/100 brn
|-damage|p1a: Slowking|27/100 brn|[from] Stealth Rock
|move|p2a: Slowbro|Teleport|p2a: Slowbro
|
|t:|1663616891
|switch|p2a: Rillaboom|Rillaboom, M|50/100|[from]move: Teleport
|-fieldstart|move: Grassy Terrain|[from] ability: Grassy Surge|[of] p2a: Rillaboom
|
|-heal|p2a: Rillaboom|56/100|[from] Grassy Terrain
|-heal|p2a: Rillaboom|62/100|[from] item: Leftovers
|-heal|p1a: Slowking|33/100 brn|[from] Grassy Terrain
|-damage|p1a: Slowking|27/100 brn|[from] brn
|upkeep
|turn|41
|
|t:|1663616895
|switch|p1a: Corviknight|Corviknight, F|99/100
|-damage|p1a: Corviknight|86/100|[from] Stealth Rock
|-ability|p1a: Corviknight|Pressure
|move|p2a: Rillaboom|Knock Off|p1a: Corviknight
|-damage|p1a: Corviknight|65/100
|-damage|p2a: Rillaboom|46/100|[from] item: Rocky Helmet|[of] p1a: Corviknight
|-enditem|p1a: Corviknight|Rocky Helmet|[from] move: Knock Off|[of] p2a: Rillaboom
|
|-heal|p2a: Rillaboom|52/100|[from] Grassy Terrain
|-heal|p2a: Rillaboom|58/100|[from] item: Leftovers
|upkeep
|turn|42
|
|t:|1663616903
|switch|p2a: Melmetal|Melmetal|17/100
|move|p1a: Corviknight|Roost|p1a: Corviknight
|-heal|p1a: Corviknight|100/100
|-singleturn|p1a: Corviknight|move: Roost
|
|-heal|p2a: Melmetal|23/100|[from] Grassy Terrain
|-heal|p2a: Melmetal|30/100|[from] item: Leftovers
|upkeep
|turn|43
|
|t:|1663616907
|move|p1a: Corviknight|Body Press|p2a: Melmetal
|-supereffective|p2a: Melmetal
|-damage|p2a: Melmetal|0 fnt
|faint|p2a: Melmetal
|
|upkeep
|
|t:|1663616913
|switch|p2a: Slowbro|Slowbro, M|58/100 psn
|turn|44
|
|t:|1663616929
|switch|p1a: Slowking|Slowking-Galar, F|60/100 brn
|-damage|p1a: Slowking|47/100 brn|[from] Stealth Rock
|move|p2a: Slowbro|Future Sight|p1a: Slowking
|-start|p2a: Slowbro|move: Future Sight
|
|-heal|p1a: Slowking|54/100 brn|[from] Grassy Terrain
|-heal|p2a: Slowbro|64/100 psn|[from] Grassy Terrain
|-damage|p2a: Slowbro|52/100 psn|[from] psn
|-damage|p1a: Slowking|47/100 brn|[from] brn
|-fieldend|move: Grassy Terrain
|upkeep
|turn|45
|
|t:|1663616934
|move|p1a: Slowking|Sludge Bomb|p2a: Slowbro
|-damage|p2a: Slowbro|16/100 psn
|move|p2a: Slowbro|Teleport|p2a: Slowbro
|
|t:|1663616937
|switch|p2a: Rillaboom|Rillaboom, M|58/100|[from]move: Teleport
|-fieldstart|move: Grassy Terrain|[from] ability: Grassy Surge|[of] p2a: Rillaboom
|
|-heal|p2a: Rillaboom|64/100|[from] Grassy Terrain
|-heal|p2a: Rillaboom|71/100|[from] item: Leftovers
|-heal|p1a: Slowking|54/100 brn|[from] Grassy Terrain
|-damage|p1a: Slowking|47/100 brn|[from] brn
|upkeep
|turn|46
|
|t:|1663616950
|switch|p1a: Corviknight|Corviknight, F|100/100
|-damage|p1a: Corviknight|88/100|[from] Stealth Rock
|-ability|p1a: Corviknight|Pressure
|move|p2a: Rillaboom|Swords Dance|p2a: Rillaboom
|-boost|p2a: Rillaboom|atk|2
|
|-end|p1a: Corviknight|move: Future Sight
|-resisted|p1a: Corviknight
|-damage|p1a: Corviknight|68/100
|-heal|p2a: Rillaboom|77/100|[from] Grassy Terrain
|-heal|p2a: Rillaboom|83/100|[from] item: Leftovers
|upkeep
|turn|47
|
|t:|1663616958
|move|p2a: Rillaboom|Swords Dance|p2a: Rillaboom
|-boost|p2a: Rillaboom|atk|2
|move|p1a: Corviknight|Brave Bird|p2a: Rillaboom
|-supereffective|p2a: Rillaboom
|-damage|p2a: Rillaboom|19/100
|-damage|p1a: Corviknight|46/100|[from] Recoil
|
|-heal|p2a: Rillaboom|25/100|[from] Grassy Terrain
|-heal|p2a: Rillaboom|31/100|[from] item: Leftovers
|upkeep
|turn|48
|
|t:|1663616968
|move|p2a: Rillaboom|Drain Punch|p1a: Corviknight
|-damage|p1a: Corviknight|0 fnt
|-heal|p2a: Rillaboom|54/100|[from] drain|[of] p1a: Corviknight
|faint|p1a: Corviknight
|
|-heal|p2a: Rillaboom|60/100|[from] Grassy Terrain
|-heal|p2a: Rillaboom|66/100|[from] item: Leftovers
|upkeep
|
|t:|1663616975
|switch|p1a: Slowking|Slowking-Galar, F|81/100 brn
|-damage|p1a: Slowking|68/100 brn|[from] Stealth Rock
|turn|49
|
|t:|1663616979
|move|p2a: Rillaboom|Knock Off|p1a: Slowking
|-supereffective|p1a: Slowking
|-damage|p1a: Slowking|0 fnt
|-enditem|p1a: Slowking|Assault Vest|[from] move: Knock Off|[of] p2a: Rillaboom
|faint|p1a: Slowking
|
|-heal|p2a: Rillaboom|72/100|[from] Grassy Terrain
|-heal|p2a: Rillaboom|79/100|[from] item: Leftovers
|-fieldend|move: Grassy Terrain
|upkeep
|
|t:|1663616981
|switch|p1a: Zeraora|Zeraora, shiny|88/100
|turn|50
|
|t:|1663616984
|move|p1a: Zeraora|Close Combat|p2a: Rillaboom
|-damage|p2a: Rillaboom|43/100
|-unboost|p1a: Zeraora|def|1
|-unboost|p1a: Zeraora|spd|1
|move|p2a: Rillaboom|Drain Punch|p1a: Zeraora
|-damage|p1a: Zeraora|0 fnt
|-heal|p2a: Rillaboom|78/100|[from] drain|[of] p1a: Zeraora
|faint|p1a: Zeraora
|
|win|PokemonCestDur
|raw|Fcuk Antipriority's rating: 1658 &rarr; <strong>1640</strong><br />(-18 for losing)
|raw|PokemonCestDur's rating: 1690 &rarr; <strong>1708</strong><br />(+18 for winning)
|l|☆Fcuk Antipriority
