|j|☆Ash's Zacian
|j|☆PokeDa
|player|p1|Ash's Zacian|266|1455
|player|p2|PokeDa|wallace|1472
|teamsize|p1|6
|teamsize|p2|6
|gametype|singles
|gen|8
|tier|[Gen 8] OU
|rated|
|clearpoke
|poke|p1|Rotom-Mow|
|poke|p1|Morpeko, M|
|poke|p1|Mamoswine, M|
|poke|p1|Venusaur, M|
|poke|p1|Dugtrio, F|
|poke|p1|Hitmonlee, M|
|poke|p2|Pelipper, M|
|poke|p2|Dracovish|
|poke|p2|Mantine, M|
|poke|p2|Seismitoad, M|
|poke|p2|Ferrothorn, F|
|poke|p2|Jirachi|
|rule|Sleep Clause Mod: Limit one foe put to sleep
|rule|Species Clause: Limit one of each Pokémon
|rule|OHKO Clause: OHKO moves are banned
|rule|Evasion Moves Clause: Evasion moves are banned
|rule|Endless Battle Clause: Forcing endless battles is banned
|rule|HP Percentage Mod: HP is shown in percentages
|rule|Dynamax Clause: You cannot dynamax
|teampreview
|inactive|Battle timer is ON: inactive players will automatically lose when time's up. (requested by PokeDa)
|
|start
|switch|p1a: Rotom|Rotom-Mow|100/100
|switch|p2a: Ferrothorn|Ferrothorn, F, shiny|100/100
|turn|1
|
|move|p1a: Rotom|Substitute|p1a: Rotom
|-start|p1a: Rotom|Substitute
|-damage|p1a: Rotom|76/100
|move|p2a: Ferrothorn|Stealth Rock|p1a: Rotom
|-sidestart|p1: Ash's Zacian|move: Stealth Rock
|
|-heal|p1a: Rotom|82/100|[from] item: Leftovers
|upkeep
|turn|2
|
|move|p1a: Rotom|Nasty Plot|p1a: Rotom
|-boost|p1a: Rotom|spa|2
|move|p2a: Ferrothorn|Body Press|p1a: Rotom
|-end|p1a: Rotom|Substitute
|
|-heal|p1a: Rotom|88/100|[from] item: Leftovers
|upkeep
|turn|3
|
|move|p1a: Rotom|Substitute|p1a: Rotom
|-start|p1a: Rotom|Substitute
|-damage|p1a: Rotom|63/100
|move|p2a: Ferrothorn|Body Press|p1a: Rotom
|-crit|p1a: Rotom
|-end|p1a: Rotom|Substitute
|
|-heal|p1a: Rotom|69/100|[from] item: Leftovers
|upkeep
|turn|4
|
|move|p1a: Rotom|Dark Pulse|p2a: Ferrothorn
|-damage|p2a: Ferrothorn|59/100
|move|p2a: Ferrothorn|Body Press|p1a: Rotom
|-damage|p1a: Rotom|32/100
|
|-heal|p1a: Rotom|38/100|[from] item: Leftovers
|upkeep
|turn|5
|
|move|p1a: Rotom|Dark Pulse|p2a: Ferrothorn
|-damage|p2a: Ferrothorn|19/100
|move|p2a: Ferrothorn|Body Press|p1a: Rotom
|-crit|p1a: Rotom
|-damage|p1a: Rotom|0 fnt
|faint|p1a: Rotom
|
|upkeep
|
|switch|p1a: Dugtrio|Dugtrio, F|100/100
|-damage|p1a: Dugtrio|94/100|[from] Stealth Rock
|turn|6
|
|move|p1a: Dugtrio|Earthquake|p2a: Ferrothorn
|-damage|p2a: Ferrothorn|0 fnt
|faint|p2a: Ferrothorn
|
|upkeep
|
|switch|p2a: Pelipper|Pelipper, M|100/100
|-weather|RainDance|[from] ability: Drizzle|[of] p2a: Pelipper
|turn|7
|
|move|p1a: Dugtrio|Sunny Day|p1a: Dugtrio
|-weather|SunnyDay
|move|p2a: Pelipper|U-turn|p1a: Dugtrio
|-damage|p1a: Dugtrio|74/100
|
|switch|p2a: Dracovish|Dracovish, shiny|100/100|[from]move: U-turn
|
|-weather|SunnyDay|[upkeep]
|upkeep
|turn|8
|
|move|p2a: Dracovish|Rain Dance|p2a: Dracovish
|-weather|RainDance
|move|p1a: Dugtrio|Stealth Rock|p2a: Dracovish
|-sidestart|p2: PokeDa|move: Stealth Rock
|
|-weather|RainDance|[upkeep]
|upkeep
|turn|9
|c|☆Ash's Zacian|scarf
|c|☆Ash's Zacian|lol
|
|move|p2a: Dracovish|Rain Dance||[still]
|-fail|p2a: Dracovish
|move|p1a: Dugtrio|Sunny Day|p1a: Dugtrio
|-weather|SunnyDay
|
|-weather|SunnyDay|[upkeep]
|upkeep
|turn|10
|c|☆PokeDa|lol gg
|c|☆Ash's Zacian|gg
|
|move|p2a: Dracovish|Rain Dance|p2a: Dracovish
|-weather|RainDance
|move|p1a: Dugtrio|Earthquake|p2a: Dracovish
|-damage|p2a: Dracovish|65/100
|
|-weather|RainDance|[upkeep]
|upkeep
|turn|11
|
|move|p2a: Dracovish|Rain Dance||[still]
|-fail|p2a: Dracovish
|move|p1a: Dugtrio|Sunny Day|p1a: Dugtrio
|-weather|SunnyDay
|
|-weather|SunnyDay|[upkeep]
|upkeep
|turn|12
|
|move|p2a: Dracovish|Rain Dance|p2a: Dracovish
|-weather|RainDance
|move|p1a: Dugtrio|Earthquake|p2a: Dracovish
|-damage|p2a: Dracovish|31/100
|
|-weather|RainDance|[upkeep]
|upkeep
|turn|13
|
|move|p2a: Dracovish|Rain Dance||[still]
|-fail|p2a: Dracovish
|move|p1a: Dugtrio|Sunny Day|p1a: Dugtrio
|-weather|SunnyDay
|
|-weather|SunnyDay|[upkeep]
|upkeep
|turn|14
|
|move|p2a: Dracovish|Rain Dance|p2a: Dracovish
|-weather|RainDance
|move|p1a: Dugtrio|Sunny Day|p1a: Dugtrio
|-weather|SunnyDay
|
|-weather|SunnyDay|[upkeep]
|upkeep
|turn|15
|
|move|p2a: Dracovish|Rain Dance|p2a: Dracovish
|-weather|RainDance
|move|p1a: Dugtrio|Sunny Day|p1a: Dugtrio
|-weather|SunnyDay
|
|-weather|SunnyDay|[upkeep]
|upkeep
|turn|16
|
|-activate|p2a: Dracovish|move: Struggle
|move|p2a: Dracovish|Struggle|p1a: Dugtrio
|-damage|p1a: Dugtrio|39/100
|-damage|p2a: Dracovish|6/100|[from] recoil
|move|p1a: Dugtrio|Earthquake|p2a: Dracovish
|-damage|p2a: Dracovish|0 fnt
|faint|p2a: Dracovish
|
|-weather|SunnyDay|[upkeep]
|upkeep
|
|switch|p2a: Jirachi|Jirachi, shiny|100/100
|-damage|p2a: Jirachi|94/100|[from] Stealth Rock
|turn|17
|
|move|p2a: Jirachi|Iron Head|p1a: Dugtrio
|-crit|p1a: Dugtrio
|-damage|p1a: Dugtrio|0 fnt
|faint|p1a: Dugtrio
|
|-weather|SunnyDay|[upkeep]
|upkeep
|
|switch|p1a: Venusaur|Venusaur, M|100/100
|-damage|p1a: Venusaur|88/100|[from] Stealth Rock
|turn|18
|
|switch|p2a: Pelipper|Pelipper, M|100/100
|-damage|p2a: Pelipper|76/100|[from] Stealth Rock
|-weather|RainDance|[from] ability: Drizzle|[of] p2a: Pelipper
|move|p1a: Venusaur|Giga Drain|p2a: Pelipper
|-damage|p2a: Pelipper|26/100
|-heal|p1a: Venusaur|100/100|[from] drain|[of] p2a: Pelipper
|-damage|p1a: Venusaur|91/100|[from] item: Life Orb
|
|-weather|RainDance|[upkeep]
|upkeep
|turn|19
|
|move|p1a: Venusaur|Giga Drain|p2a: Pelipper
|-damage|p2a: Pelipper|0 fnt
|-heal|p1a: Venusaur|100/100|[from] drain|[of] p2a: Pelipper
|-damage|p1a: Venusaur|91/100|[from] item: Life Orb
|faint|p2a: Pelipper
|
|-weather|RainDance|[upkeep]
|upkeep
|
|switch|p2a: Mantine|Mantine, M|100/100
|-damage|p2a: Mantine|76/100|[from] Stealth Rock
|turn|20
|
|move|p2a: Mantine|Hurricane|p1a: Venusaur
|-supereffective|p1a: Venusaur
|-damage|p1a: Venusaur|0 fnt
|faint|p1a: Venusaur
|
|-weather|RainDance|[upkeep]
|upkeep
|
|switch|p1a: Mamoswine|Mamoswine, M|100/100
|-damage|p1a: Mamoswine|88/100|[from] Stealth Rock
|turn|21
|
|move|p2a: Mantine|Hurricane|p1a: Mamoswine
|-damage|p1a: Mamoswine|0 fnt
|faint|p1a: Mamoswine
|
|-weather|RainDance|[upkeep]
|upkeep
|
|switch|p1a: Morpeko|Morpeko, M|100/100
|-damage|p1a: Morpeko|88/100|[from] Stealth Rock
|turn|22
|
|move|p2a: Mantine|Hurricane|p1a: Morpeko
|-resisted|p1a: Morpeko
|-damage|p1a: Morpeko|13/100
|-start|p1a: Morpeko|confusion
|-activate|p1a: Morpeko|confusion
|move|p1a: Morpeko|Aura Wheel|p2a: Mantine
|-supereffective|p2a: Mantine
|-damage|p2a: Mantine|0 fnt
|-boost|p1a: Morpeko|spe|1
|faint|p2a: Mantine
|
|-weather|RainDance|[upkeep]
|-formechange|p1a: Morpeko|Morpeko-Hangry||[from] ability: Hunger Switch
|upkeep
|
|switch|p2a: Seismitoad|Seismitoad, M|100/100
|-damage|p2a: Seismitoad|95/100|[from] Stealth Rock
|turn|23
|
|move|p2a: Seismitoad|Earthquake|p1a: Morpeko
|-supereffective|p1a: Morpeko
|-damage|p1a: Morpeko|0 fnt
|-damage|p2a: Seismitoad|85/100|[from] item: Life Orb
|faint|p1a: Morpeko
|
|-weather|RainDance|[upkeep]
|upkeep
|
|switch|p1a: Hitmonlee|Hitmonlee, M, shiny|100/100
|-damage|p1a: Hitmonlee|94/100|[from] Stealth Rock
|turn|24
|
|move|p2a: Seismitoad|Liquidation|p1a: Hitmonlee
|-damage|p1a: Hitmonlee|0 fnt
|-damage|p2a: Seismitoad|75/100|[from] item: Life Orb
|faint|p1a: Hitmonlee
|
|win|PokeDa
|c|☆Ash's Zacian|gg
|c|☆PokeDa|gg
|raw|Ash&apos;s Zacian's rating: 1456 &rarr; <strong>1437</strong><br />(-19 for losing)
|raw|PokeDa's rating: 1472 &rarr; <strong>1491</strong><br />(+19 for winning)
