|j|☆madness10
|j|☆roboPOKE
|player|p1|madness10|102|1745
|player|p2|roboPOKE|2|1716
|teamsize|p1|6
|teamsize|p2|6
|gametype|singles
|gen|8
|tier|[Gen 8] OU
|rated|
|clearpoke
|poke|p1|Dragapult, M|
|poke|p1|Togekiss, M|
|poke|p1|Venusaur, M|
|poke|p1|Cinderace, F|
|poke|p1|Seismitoad, M|
|poke|p1|Clefable, M|
|poke|p2|Darmanitan, M|
|poke|p2|Venusaur, M|
|poke|p2|Torkoal, M|
|poke|p2|Cinderace, F|
|poke|p2|Gardevoir, M|
|poke|p2|Incineroar, F|
|rule|Sleep Clause Mod: Limit one foe put to sleep
|rule|Species Clause: Limit one of each Pokémon
|rule|OHKO Clause: OHKO moves are banned
|rule|Evasion Moves Clause: Evasion moves are banned
|rule|Endless Battle Clause: Forcing endless battles is banned
|rule|HP Percentage Mod: HP is shown in percentages
|rule|Dynamax Clause: You cannot dynamax
|teampreview
|inactive|Battle timer is ON: inactive players will automatically lose when time's up. (requested by roboPOKE)
|
|start
|switch|p1a: Togekiss|Togekiss, M, shiny|100/100
|switch|p2a: Incineroar|Incineroar, F|100/100
|-ability|p2a: Incineroar|Intimidate|boost
|-unboost|p1a: Togekiss|atk|1
|turn|1
|
|move|p2a: Incineroar|Flame Charge|p1a: Togekiss
|-damage|p1a: Togekiss|82/100
|-boost|p2a: Incineroar|spe|1
|move|p1a: Togekiss|Air Slash|p2a: Incineroar
|-damage|p2a: Incineroar|60/100
|
|-heal|p1a: Togekiss|89/100|[from] item: Leftovers
|upkeep
|turn|2
|j| Shiox
|
|switch|p1a: Seismitoad|Seismitoad, M|100/100
|move|p2a: Incineroar|Swords Dance|p2a: Incineroar
|-boost|p2a: Incineroar|atk|2
|
|upkeep
|turn|3
|
|move|p2a: Incineroar|Power Trip|p1a: Seismitoad
|-damage|p1a: Seismitoad|56/100
|move|p1a: Seismitoad|Stealth Rock|p2a: Incineroar
|-sidestart|p2: roboPOKE|move: Stealth Rock
|
|-heal|p1a: Seismitoad|62/100|[from] item: Leftovers
|upkeep
|turn|4
|
|move|p2a: Incineroar|Power Trip|p1a: Seismitoad
|-damage|p1a: Seismitoad|19/100
|move|p1a: Seismitoad|Earthquake|p2a: Incineroar
|-supereffective|p2a: Incineroar
|-damage|p2a: Incineroar|0 fnt
|faint|p2a: Incineroar
|
|-heal|p1a: Seismitoad|25/100|[from] item: Leftovers
|upkeep
|
|switch|p2a: Gardevoir|Gardevoir, M|100/100
|-damage|p2a: Gardevoir|88/100|[from] Stealth Rock
|-ability|p2a: Gardevoir|Water Absorb|[from] ability: Trace|[of] p1a: Seismitoad
|turn|5
|
|move|p2a: Gardevoir|Moonblast|p1a: Seismitoad
|-damage|p1a: Seismitoad|0 fnt
|faint|p1a: Seismitoad
|
|upkeep
|
|switch|p1a: Cinderace|Cinderace, F|100/100
|turn|6
|
|switch|p2a: Torkoal|Torkoal, M|100/100
|-damage|p2a: Torkoal|76/100|[from] Stealth Rock
|-weather|SunnyDay|[from] ability: Drought|[of] p2a: Torkoal
|move|p1a: Cinderace|Pyro Ball|p2a: Torkoal
|-resisted|p2a: Torkoal
|-damage|p2a: Torkoal|50/100
|
|-weather|SunnyDay|[upkeep]
|upkeep
|turn|7
|
|move|p1a: Cinderace|U-turn|p2a: Torkoal
|-resisted|p2a: Torkoal
|-damage|p2a: Torkoal|45/100
|
|switch|p1a: Togekiss|Togekiss, M, shiny|89/100|[from]move: U-turn
|move|p2a: Torkoal|Rapid Spin|p1a: Togekiss
|-damage|p1a: Togekiss|81/100
|-boost|p2a: Torkoal|spe|1
|-sideend|p2: roboPOKE|Stealth Rock|[from] move: Rapid Spin|[of] p2a: Torkoal
|
|-weather|SunnyDay|[upkeep]
|-heal|p1a: Togekiss|87/100|[from] item: Leftovers
|upkeep
|turn|8
|
|switch|p2a: Cinderace|Cinderace, F|100/100
|move|p1a: Togekiss|Air Slash|p2a: Cinderace
|-damage|p2a: Cinderace|44/100
|
|-weather|SunnyDay|[upkeep]
|-heal|p1a: Togekiss|93/100|[from] item: Leftovers
|upkeep
|turn|9
|
|switch|p1a: Dragapult|Dragapult, M, shiny|100/100
|move|p2a: Cinderace|Flare Blitz|p1a: Dragapult
|-resisted|p1a: Dragapult
|-damage|p1a: Dragapult|7/100
|-damage|p2a: Cinderace|11/100|[from] Recoil
|
|-weather|SunnyDay|[upkeep]
|upkeep
|turn|10
|
|switch|p1a: Venusaur|Venusaur, M, shiny|100/100
|move|p2a: Cinderace|Flare Blitz|p1a: Venusaur
|-supereffective|p1a: Venusaur
|-damage|p1a: Venusaur|0 fnt
|-damage|p2a: Cinderace|0 fnt|[from] Recoil
|faint|p1a: Venusaur
|faint|p2a: Cinderace
|
|-weather|SunnyDay|[upkeep]
|upkeep
|j| SemiProHawk707
|j| Vapzitar
|
|switch|p2a: Darmanitan|Darmanitan, M|100/100
|switch|p1a: Clefable|Clefable, M, shiny|100/100
|turn|11
|
|move|p2a: Darmanitan|Flare Blitz|p1a: Clefable
|-damage|p1a: Clefable|0 fnt
|-damage|p2a: Darmanitan|64/100|[from] Recoil
|faint|p1a: Clefable
|
|-weather|SunnyDay|[upkeep]
|upkeep
|
|switch|p1a: Dragapult|Dragapult, M, shiny|7/100
|turn|12
|j| Boloh intim
|
|move|p2a: Darmanitan|Flare Blitz|p1a: Dragapult
|-resisted|p1a: Dragapult
|-damage|p1a: Dragapult|0 fnt
|-damage|p2a: Darmanitan|62/100|[from] Recoil
|faint|p1a: Dragapult
|
|-weather|SunnyDay|[upkeep]
|upkeep
|
|switch|p1a: Cinderace|Cinderace, F|100/100
|turn|13
|
|switch|p2a: Venusaur|Venusaur, M|100/100
|move|p1a: Cinderace|Sucker Punch||[still]
|-fail|p1a: Cinderace
|
|-weather|none
|upkeep
|turn|14
|j| screamertwo
|
|switch|p1a: Togekiss|Togekiss, M, shiny|93/100
|switch|p2a: Torkoal|Torkoal, M|45/100
|-weather|SunnyDay|[from] ability: Drought|[of] p2a: Torkoal
|
|-weather|SunnyDay|[upkeep]
|-heal|p1a: Togekiss|99/100|[from] item: Leftovers
|upkeep
|turn|15
|
|switch|p2a: Venusaur|Venusaur, M|100/100
|move|p1a: Togekiss|Substitute|p1a: Togekiss
|-start|p1a: Togekiss|Substitute
|-damage|p1a: Togekiss|75/100
|
|-weather|SunnyDay|[upkeep]
|-heal|p1a: Togekiss|81/100|[from] item: Leftovers
|upkeep
|turn|16
|
|move|p2a: Venusaur|Sludge Bomb|p1a: Togekiss
|-supereffective|p1a: Togekiss
|-end|p1a: Togekiss|Substitute
|-damage|p2a: Venusaur|91/100|[from] item: Life Orb
|move|p1a: Togekiss|Air Slash|p2a: Venusaur
|-supereffective|p2a: Venusaur
|-damage|p2a: Venusaur|0 fnt
|faint|p2a: Venusaur
|
|-weather|SunnyDay|[upkeep]
|-heal|p1a: Togekiss|87/100|[from] item: Leftovers
|upkeep
|
|switch|p2a: Darmanitan|Darmanitan, M|62/100
|turn|17
|
|move|p2a: Darmanitan|Flare Blitz|p1a: Togekiss
|-damage|p1a: Togekiss|0 fnt
|-damage|p2a: Darmanitan|32/100|[from] Recoil
|faint|p1a: Togekiss
|
|-weather|SunnyDay|[upkeep]
|upkeep
|
|switch|p1a: Cinderace|Cinderace, F|100/100
|turn|18
|j| sloop john a
|
|switch|p2a: Torkoal|Torkoal, M|45/100
|move|p1a: Cinderace|Sucker Punch||[still]
|-fail|p1a: Cinderace
|
|-weather|SunnyDay|[upkeep]
|upkeep
|turn|19
|
|move|p1a: Cinderace|Pyro Ball|p2a: Torkoal
|-resisted|p2a: Torkoal
|-damage|p2a: Torkoal|21/100
|move|p2a: Torkoal|Yawn|p1a: Cinderace
|-start|p1a: Cinderace|move: Yawn|[of] p2a: Torkoal
|
|-weather|SunnyDay|[upkeep]
|upkeep
|turn|20
|
|switch|p2a: Gardevoir|Gardevoir, M|88/100
|-ability|p2a: Gardevoir|Blaze|[from] ability: Trace|[of] p1a: Cinderace
|move|p1a: Cinderace|Pyro Ball|p2a: Gardevoir
|-damage|p2a: Gardevoir|0 fnt
|faint|p2a: Gardevoir
|
|-weather|SunnyDay|[upkeep]
|-end|p1a: Cinderace|move: Yawn|[silent]
|-status|p1a: Cinderace|slp
|upkeep
|
|switch|p2a: Darmanitan|Darmanitan, M|32/100
|turn|21
|j| difspa
|
|cant|p1a: Cinderace|slp
|move|p2a: Darmanitan|Earthquake|p1a: Cinderace
|-supereffective|p1a: Cinderace
|-damage|p1a: Cinderace|0 fnt
|faint|p1a: Cinderace
|
|win|roboPOKE
|raw|madness10's rating: 1746 &rarr; <strong>1724</strong><br />(-22 for losing)
|raw|roboPOKE's rating: 1716 &rarr; <strong>1738</strong><br />(+22 for winning)
