|html|<div class="broadcast-blue"><strong>[Gen 8] OU is currently suspecting Melmetal! For information on how to participate check out the <a href="https://www.smogon.com/forums/threads/np-ss-ou-suspect-process-round-12-monster-mash.3709234/">suspect thread</a>.</strong></div>
|j|☆Envyetta/TTV
|j|☆64j3t3hrt3h
|t:|1666124489
|gametype|singles
|player|p1|Envyetta/TTV|marnie|1670
|player|p2|64j3t3hrt3h|101|1723
|teamsize|p1|6
|teamsize|p2|6
|gen|8
|tier|[Gen 8] OU
|rated|
|rule|Sleep Clause Mod: Limit one foe put to sleep
|rule|Species Clause: Limit one of each Pokémon
|rule|OHKO Clause: OHKO moves are banned
|rule|Evasion Items Clause: Evasion items are banned
|rule|Evasion Moves Clause: Evasion moves are banned
|rule|Endless Battle Clause: Forcing endless battles is banned
|rule|HP Percentage Mod: HP is shown in percentages
|rule|Dynamax Clause: You cannot dynamax
|clearpoke
|poke|p1|Primarina, F|
|poke|p1|Gigalith, M|
|poke|p1|Nidoqueen, F|
|poke|p1|Skarmory, F|
|poke|p1|Excadrill, F|
|poke|p1|Hydreigon, F|
|poke|p2|Buzzwole|
|poke|p2|Landorus-Therian, M|
|poke|p2|Magnezone|
|poke|p2|Tyranitar, M|
|poke|p2|Tapu Lele|
|poke|p2|Toxapex, F|
|teampreview
|inactive|Battle timer is ON: inactive players will automatically lose when time's up. (requested by Envyetta/TTV)
|
|t:|1666124503
|start
|switch|p1a: Nidoqueen|Nidoqueen, F, shiny|100/100
|switch|p2a: Landorus|Landorus-Therian, M|100/100
|-ability|p2a: Landorus|Intimidate|boost
|-unboost|p1a: Nidoqueen|atk|1
|turn|1
|
|t:|1666124516
|move|p1a: Nidoqueen|Ice Beam|p2a: Landorus
|-supereffective|p2a: Landorus
|-damage|p2a: Landorus|0 fnt
|faint|p2a: Landorus
|
|upkeep
|
|t:|1666124521
|switch|p2a: Tapu Lele|Tapu Lele, shiny|100/100
|-fieldstart|move: Psychic Terrain|[from] ability: Psychic Surge|[of] p2a: Tapu Lele
|turn|2
|
|t:|1666124529
|switch|p1a: Emerald|Gigalith, M, shiny|100/100
|-weather|Sandstorm|[from] ability: Sand Stream|[of] p1a: Emerald
|move|p2a: Tapu Lele|Moonblast|p1a: Emerald
|-damage|p1a: Emerald|56/100
|
|-weather|Sandstorm|[upkeep]
|-damage|p2a: Tapu Lele|94/100|[from] Sandstorm
|-heal|p1a: Emerald|62/100|[from] item: Leftovers
|upkeep
|turn|3
|
|t:|1666124539
|switch|p2a: Buzzwole|Buzzwole|100/100
|move|p1a: Emerald|Heavy Slam|p2a: Buzzwole
|-damage|p2a: Buzzwole|91/100
|
|-weather|Sandstorm|[upkeep]
|-damage|p2a: Buzzwole|85/100|[from] Sandstorm
|-heal|p1a: Emerald|68/100|[from] item: Leftovers
|upkeep
|turn|4
|
|t:|1666124547
|switch|p1a: Nidoqueen|Nidoqueen, F, shiny|100/100
|move|p2a: Buzzwole|Close Combat|p1a: Nidoqueen
|-resisted|p1a: Nidoqueen
|-damage|p1a: Nidoqueen|59/100
|-unboost|p2a: Buzzwole|def|1
|-unboost|p2a: Buzzwole|spd|1
|
|-weather|Sandstorm|[upkeep]
|-damage|p2a: Buzzwole|79/100|[from] Sandstorm
|upkeep
|turn|5
|
|t:|1666124557
|switch|p2a: Tyranitar|Tyranitar, M|100/100
|move|p1a: Nidoqueen|Sludge Wave|p2a: Tyranitar
|-resisted|p2a: Tyranitar
|-damage|p2a: Tyranitar|86/100
|
|-weather|Sandstorm|[upkeep]
|-heal|p2a: Tyranitar|93/100|[from] item: Leftovers
|upkeep
|turn|6
|
|t:|1666124584
|switch|p1a: Excadrill|Excadrill, F, shiny|100/100
|-item|p1a: Excadrill|Air Balloon
|move|p2a: Tyranitar|Earthquake|p1a: Excadrill
|-immune|p1a: Excadrill
|
|-weather|none
|-heal|p2a: Tyranitar|99/100|[from] item: Leftovers
|-fieldend|move: Psychic Terrain
|upkeep
|turn|7
|
|t:|1666124597
|switch|p1a: Nidoqueen|Nidoqueen, F, shiny|59/100
|switch|p2a: Buzzwole|Buzzwole|79/100
|
|upkeep
|turn|8
|
|t:|1666124608
|move|p2a: Buzzwole|Ice Punch|p1a: Nidoqueen
|-supereffective|p1a: Nidoqueen
|-damage|p1a: Nidoqueen|0 fnt
|faint|p1a: Nidoqueen
|-ability|p2a: Buzzwole|Beast Boost|boost
|-boost|p2a: Buzzwole|atk|1
|
|upkeep
|
|t:|1666124615
|switch|p1a: Marina|Primarina, F, shiny|100/100
|turn|9
|
|t:|1666124620
|switch|p2a: Toxapex|Toxapex, F|100/100
|move|p1a: Marina|Substitute|p1a: Marina
|-start|p1a: Marina|Substitute
|-damage|p1a: Marina|75/100
|
|-heal|p1a: Marina|82/100|[from] item: Leftovers
|upkeep
|turn|10
|
|t:|1666124624
|switch|p2a: Magnezone|Magnezone|100/100
|move|p1a: Marina|Calm Mind|p1a: Marina
|-boost|p1a: Marina|spa|1
|-boost|p1a: Marina|spd|1
|
|-heal|p1a: Marina|88/100|[from] item: Leftovers
|upkeep
|turn|11
|
|t:|1666124625
|move|p2a: Magnezone|Thunderbolt|p1a: Marina
|-supereffective|p1a: Marina
|-end|p1a: Marina|Substitute
|move|p1a: Marina|Scald|p2a: Magnezone
|-damage|p2a: Magnezone|22/100
|
|-heal|p2a: Magnezone|28/100|[from] item: Leftovers
|-heal|p1a: Marina|94/100|[from] item: Leftovers
|upkeep
|turn|12
|
|t:|1666124633
|move|p2a: Magnezone|Thunderbolt|p1a: Marina
|-supereffective|p1a: Marina
|-damage|p1a: Marina|47/100
|move|p1a: Marina|Scald|p2a: Magnezone
|-damage|p2a: Magnezone|0 fnt
|faint|p2a: Magnezone
|
|-heal|p1a: Marina|54/100|[from] item: Leftovers
|upkeep
|
|t:|1666124637
|switch|p2a: Tapu Lele|Tapu Lele, shiny|94/100
|-fieldstart|move: Psychic Terrain|[from] ability: Psychic Surge|[of] p2a: Tapu Lele
|turn|13
|
|t:|1666124649
|move|p2a: Tapu Lele|Moonblast|p1a: Marina
|-damage|p1a: Marina|7/100
|move|p1a: Marina|Scald|p2a: Tapu Lele
|-damage|p2a: Tapu Lele|0 fnt
|faint|p2a: Tapu Lele
|
|-heal|p1a: Marina|13/100|[from] item: Leftovers
|upkeep
|-message|64j3t3hrt3h forfeited.
|
|win|Envyetta/TTV
|raw|Envyetta&#x2f;TTV's rating: 1670 &rarr; <strong>1693</strong><br />(+23 for winning)
|raw|64j3t3hrt3h's rating: 1723 &rarr; <strong>1700</strong><br />(-23 for losing)
|l|☆64j3t3hrt3h
