|html|<div class="broadcast-blue"><strong>[Gen 8] OU is currently suspecting Melmetal! For information on how to participate check out the <a href="https://www.smogon.com/forums/threads/np-ss-ou-suspect-process-round-12-monster-mash.3709234/">suspect thread</a>.</strong></div>
|j|☆flowre
|j|☆Run For Me Plz
|t:|1666870677
|gametype|singles
|player|p1|flowre|waitress-gen4|1634
|player|p2|Run For Me Plz|zinnia|1724
|teamsize|p1|6
|teamsize|p2|6
|gen|8
|tier|[Gen 8] OU
|rated|
|rule|Sleep Clause Mod: Limit one foe put to sleep
|rule|Species Clause: Limit one of each Pokémon
|rule|OHKO Clause: OHKO moves are banned
|rule|Evasion Items Clause: Evasion items are banned
|rule|Evasion Moves Clause: Evasion moves are banned
|rule|Endless Battle Clause: Forcing endless battles is banned
|rule|HP Percentage Mod: HP is shown in percentages
|rule|Dynamax Clause: You cannot dynamax
|clearpoke
|poke|p1|Togekiss, M|
|poke|p1|Ribombee, M|
|poke|p1|Cloyster, M|
|poke|p1|Blacephalon|
|poke|p1|Victini|
|poke|p1|Necrozma|
|poke|p2|Tapu Koko|
|poke|p2|Hippowdon, M|
|poke|p2|Skarmory, M|
|poke|p2|Toxapex, M|
|poke|p2|Clefable, F|
|poke|p2|Slowking, M|
|teampreview
|inactive|Battle timer is ON: inactive players will automatically lose when time's up. (requested by Run For Me Plz)
|
|t:|1666870700
|start
|switch|p1a: Victini|Victini|100/100
|switch|p2a: Toxapex|Toxapex, M|100/100
|turn|1
|
|t:|1666870713
|move|p1a: Victini|Final Gambit|p2a: Toxapex
|-damage|p2a: Toxapex|0 fnt
|faint|p1a: Victini
|faint|p2a: Toxapex
|
|upkeep
|
|t:|1666870722
|switch|p1a: Blacephalon|Blacephalon, shiny|100/100
|switch|p2a: Hippowdon|Hippowdon, M, shiny|100/100
|-weather|Sandstorm|[from] ability: Sand Stream|[of] p2a: Hippowdon
|turn|2
|
|t:|1666870727
|move|p1a: Blacephalon|Trick|p2a: Hippowdon
|-activate|p1a: Blacephalon|move: Trick|[of] p2a: Hippowdon
|-item|p2a: Hippowdon|Choice Scarf|[from] move: Trick
|-item|p1a: Blacephalon|Leftovers|[from] move: Trick
|move|p2a: Hippowdon|Stealth Rock|p1a: Blacephalon
|-sidestart|p1: flowre|move: Stealth Rock
|
|-weather|Sandstorm|[upkeep]
|-damage|p1a: Blacephalon|94/100|[from] Sandstorm
|-heal|p1a: Blacephalon|100/100|[from] item: Leftovers
|upkeep
|turn|3
|
|t:|1666870733
|switch|p2a: Clefable|Clefable, F, shiny|100/100
|move|p1a: Blacephalon|Shadow Ball|p2a: Clefable
|-damage|p2a: Clefable|69/100
|
|-weather|Sandstorm|[upkeep]
|-damage|p1a: Blacephalon|94/100|[from] Sandstorm
|-heal|p1a: Blacephalon|100/100|[from] item: Leftovers
|-heal|p2a: Clefable|75/100|[from] item: Leftovers
|upkeep
|turn|4
|
|t:|1666870742
|move|p1a: Blacephalon|Mind Blown|p2a: Clefable
|-damage|p2a: Clefable|13/100
|-damage|p1a: Blacephalon|50/100|[from] mindblown
|move|p2a: Clefable|Thunder Wave|p1a: Blacephalon
|-status|p1a: Blacephalon|par
|
|-weather|Sandstorm|[upkeep]
|-damage|p1a: Blacephalon|44/100 par|[from] Sandstorm
|-heal|p1a: Blacephalon|50/100 par|[from] item: Leftovers
|-heal|p2a: Clefable|19/100|[from] item: Leftovers
|upkeep
|turn|5
|
|t:|1666870745
|move|p1a: Blacephalon|Shadow Ball|p2a: Clefable
|-damage|p2a: Clefable|0 fnt
|faint|p2a: Clefable
|-ability|p1a: Blacephalon|Beast Boost|boost
|-boost|p1a: Blacephalon|spa|1
|
|-weather|Sandstorm|[upkeep]
|-damage|p1a: Blacephalon|44/100 par|[from] Sandstorm
|-heal|p1a: Blacephalon|50/100 par|[from] item: Leftovers
|upkeep
|
|t:|1666870748
|switch|p2a: Tapu Koko|Tapu Koko, shiny|100/100
|-fieldstart|move: Electric Terrain|[from] ability: Electric Surge|[of] p2a: Tapu Koko
|turn|6
|
|t:|1666870760
|move|p2a: Tapu Koko|Thunderbolt|p1a: Blacephalon
|-damage|p1a: Blacephalon|0 fnt
|faint|p1a: Blacephalon
|
|-weather|none
|upkeep
|
|t:|1666870768
|switch|p1a: Necrozma|Necrozma, shiny|100/100
|-damage|p1a: Necrozma|88/100|[from] Stealth Rock
|turn|7
|
|t:|1666870772
|move|p2a: Tapu Koko|Toxic|p1a: Necrozma
|-status|p1a: Necrozma|tox
|move|p1a: Necrozma|Calm Mind|p1a: Necrozma
|-boost|p1a: Necrozma|spa|1
|-boost|p1a: Necrozma|spd|1
|
|-damage|p1a: Necrozma|82/100 tox|[from] psn
|upkeep
|turn|8
|
|t:|1666870779
|switch|p2a: Slowking|Slowking, M, shiny|100/100
|move|p1a: Necrozma|Calm Mind|p1a: Necrozma
|-boost|p1a: Necrozma|spa|1
|-boost|p1a: Necrozma|spd|1
|
|-damage|p1a: Necrozma|70/100 tox|[from] psn
|upkeep
|turn|9
|
|t:|1666870785
|move|p1a: Necrozma|Calm Mind|p1a: Necrozma
|-boost|p1a: Necrozma|spa|1
|-boost|p1a: Necrozma|spd|1
|move|p2a: Slowking|Teleport|p2a: Slowking
|
|t:|1666870787
|switch|p2a: Skarmory|Skarmory, M, shiny|100/100|[from]move: Teleport
|
|-damage|p1a: Necrozma|52/100 tox|[from] psn
|upkeep
|turn|10
|
|t:|1666870792
|move|p1a: Necrozma|Stored Power|p2a: Skarmory
|-resisted|p2a: Skarmory
|-ability|p2a: Skarmory|Sturdy
|-damage|p2a: Skarmory|1/100
|move|p2a: Skarmory|Toxic|p1a: Necrozma
|-fail|p1a: Necrozma|tox
|
|-damage|p1a: Necrozma|28/100 tox|[from] psn
|-fieldend|move: Electric Terrain
|upkeep
|turn|11
|c|☆Run For Me Plz|Missclick
|
|t:|1666870809
|move|p1a: Necrozma|Rest|p1a: Necrozma
|-status|p1a: Necrozma|slp|[from] move: Rest
|-heal|p1a: Necrozma|100/100 slp|[silent]
|-enditem|p1a: Necrozma|Chesto Berry|[eat]
|-curestatus|p1a: Necrozma|slp|[msg]
|move|p2a: Skarmory|Spikes|p1a: Necrozma
|-sidestart|p1: flowre|Spikes
|
|upkeep
|turn|12
|
|t:|1666870818
|move|p1a: Necrozma|Calm Mind|p1a: Necrozma
|-boost|p1a: Necrozma|spa|1
|-boost|p1a: Necrozma|spd|1
|move|p2a: Skarmory|Toxic|p1a: Necrozma
|-status|p1a: Necrozma|tox
|
|-damage|p1a: Necrozma|94/100 tox|[from] psn
|upkeep
|turn|13
|
|t:|1666870822
|move|p1a: Necrozma|Stored Power|p2a: Skarmory
|-resisted|p2a: Skarmory
|-damage|p2a: Skarmory|0 fnt
|faint|p2a: Skarmory
|
|-damage|p1a: Necrozma|82/100 tox|[from] psn
|upkeep
|
|t:|1666870824
|switch|p2a: Hippowdon|Hippowdon, M, shiny|100/100
|-weather|Sandstorm|[from] ability: Sand Stream|[of] p2a: Hippowdon
|turn|14
|
|t:|1666870834
|move|p1a: Necrozma|Stored Power|p2a: Hippowdon
|-damage|p2a: Hippowdon|0 fnt
|faint|p2a: Hippowdon
|
|-weather|Sandstorm|[upkeep]
|-damage|p1a: Necrozma|76/100 tox|[from] Sandstorm
|-damage|p1a: Necrozma|58/100 tox|[from] psn
|upkeep
|
|t:|1666870838
|switch|p2a: Slowking|Slowking, M, shiny|100/100
|turn|15
|
|t:|1666870841
|move|p1a: Necrozma|Rest|p1a: Necrozma
|-status|p1a: Necrozma|slp|[from] move: Rest
|-heal|p1a: Necrozma|100/100 slp|[silent]
|move|p2a: Slowking|Teleport|p2a: Slowking
|
|t:|1666870843
|switch|p2a: Tapu Koko|Tapu Koko, shiny|100/100|[from]move: Teleport
|-fieldstart|move: Electric Terrain|[from] ability: Electric Surge|[of] p2a: Tapu Koko
|
|-weather|Sandstorm|[upkeep]
|-damage|p2a: Tapu Koko|94/100|[from] Sandstorm
|-damage|p1a: Necrozma|94/100 slp|[from] Sandstorm
|upkeep
|turn|16
|
|t:|1666870845
|move|p2a: Tapu Koko|Thunderbolt|p1a: Necrozma
|-damage|p1a: Necrozma|82/100 slp
|cant|p1a: Necrozma|slp
|
|-weather|Sandstorm|[upkeep]
|-damage|p2a: Tapu Koko|88/100|[from] Sandstorm
|-damage|p1a: Necrozma|76/100 slp|[from] Sandstorm
|upkeep
|turn|17
|
|t:|1666870848
|move|p2a: Tapu Koko|Thunderbolt|p1a: Necrozma
|-damage|p1a: Necrozma|63/100 slp
|cant|p1a: Necrozma|slp
|
|-weather|Sandstorm|[upkeep]
|-damage|p2a: Tapu Koko|82/100|[from] Sandstorm
|-damage|p1a: Necrozma|57/100 slp|[from] Sandstorm
|upkeep
|turn|18
|
|t:|1666870864
|switch|p2a: Slowking|Slowking, M, shiny|100/100
|-curestatus|p1a: Necrozma|slp|[msg]
|move|p1a: Necrozma|Stored Power|p2a: Slowking
|-resisted|p2a: Slowking
|-damage|p2a: Slowking|32/100
|
|-weather|none
|upkeep
|turn|19
|
|t:|1666870867
|move|p1a: Necrozma|Stored Power|p2a: Slowking
|-resisted|p2a: Slowking
|-damage|p2a: Slowking|0 fnt
|faint|p2a: Slowking
|
|-fieldend|move: Electric Terrain
|upkeep
|
|t:|1666870868
|switch|p2a: Tapu Koko|Tapu Koko, shiny|82/100
|-fieldstart|move: Electric Terrain|[from] ability: Electric Surge|[of] p2a: Tapu Koko
|turn|20
|
|t:|1666870870
|move|p2a: Tapu Koko|Thunderbolt|p1a: Necrozma
|-damage|p1a: Necrozma|43/100
|move|p1a: Necrozma|Stored Power|p2a: Tapu Koko
|-damage|p2a: Tapu Koko|0 fnt
|faint|p2a: Tapu Koko
|
|win|flowre
|raw|flowre's rating: 1634 &rarr; <strong>1659</strong><br />(+25 for winning)
|raw|Run For Me Plz's rating: 1724 &rarr; <strong>1699</strong><br />(-25 for losing)
|l|☆flowre
|l|☆Run For Me Plz
||Ladder isn't responding, score probably updated but might not have (Request timeout).
