|j|☆3 for 25
|j|☆Corumba
|t:|1648827433
|gametype|singles
|player|p1|3 for 25|102|1800
|player|p2|Corumba|101|1849
|teamsize|p1|6
|teamsize|p2|6
|gen|8
|tier|[Gen 8] OU
|rated|
|rule|Sleep Clause Mod: Limit one foe put to sleep
|rule|Species Clause: Limit one of each Pokémon
|rule|OHKO Clause: OHKO moves are banned
|rule|Evasion Moves Clause: Evasion moves are banned
|rule|Endless Battle Clause: Forcing endless battles is banned
|rule|HP Percentage Mod: HP is shown in percentages
|rule|Dynamax Clause: You cannot dynamax
|clearpoke
|poke|p1|Slowking, F|
|poke|p1|Buzzwole|
|poke|p1|Ferrothorn, M|
|poke|p1|Tapu Koko|
|poke|p1|Landorus-Therian, M|
|poke|p1|Tyranitar, F|
|poke|p2|Shuckle, M|
|poke|p2|Barbaracle, F|
|poke|p2|Dragapult, M|
|poke|p2|Blaziken, M|
|poke|p2|Landorus-Therian, M|
|poke|p2|Dragonite, M|
|teampreview
|inactive|Battle timer is ON: inactive players will automatically lose when time's up. (requested by 3 for 25)
|j| DolmeoDaily
|
|t:|1648827446
|start
|switch|p1a: Landorus|Landorus-Therian, M|100/100
|switch|p2a: Shuckle|Shuckle, M|100/100
|-ability|p1a: Landorus|Intimidate|boost
|-unboost|p2a: Shuckle|atk|1
|turn|1
|j| Vexxja
|
|t:|1648827453
|move|p1a: Landorus|Toxic|p2a: Shuckle
|-status|p2a: Shuckle|tox
|move|p2a: Shuckle|Sticky Web|p1a: Landorus
|-sidestart|p1: 3 for 25|move: Sticky Web
|
|-damage|p2a: Shuckle|94/100 tox|[from] psn
|upkeep
|turn|2
|
|t:|1648827461
|move|p1a: Landorus|U-turn|p2a: Shuckle
|-damage|p2a: Shuckle|82/100 tox
|-damage|p1a: Landorus|84/100|[from] item: Rocky Helmet|[of] p2a: Shuckle
|
|t:|1648827462
|switch|p1a: Ferrothorn|Ferrothorn, M|100/100|[from]move: U-turn
|-activate|p1a: Ferrothorn|move: Sticky Web
|-unboost|p1a: Ferrothorn|spe|1
|move|p2a: Shuckle|Encore||[still]
|-fail|p2a: Shuckle
|
|-damage|p2a: Shuckle|70/100 tox|[from] psn
|upkeep
|turn|3
|
|t:|1648827471
|move|p1a: Ferrothorn|Stealth Rock|p2a: Shuckle
|-sidestart|p2: Corumba|move: Stealth Rock
|move|p2a: Shuckle|Stealth Rock|p1a: Ferrothorn
|-sidestart|p1: 3 for 25|move: Stealth Rock
|
|-damage|p2a: Shuckle|51/100 tox|[from] psn
|upkeep
|turn|4
|j| IAn36
|
|t:|1648827476
|switch|p1a: Slowking|Slowking, F|100/100
|move|p2a: Shuckle|Final Gambit|p1a: Slowking
|-damage|p1a: Slowking|69/100
|faint|p2a: Shuckle
|
|upkeep
|j| MessyTrousers
|
|t:|1648827496
|switch|p2a: Landorus|Landorus-Therian, M|100/100
|-damage|p2a: Landorus|88/100|[from] Stealth Rock
|-ability|p2a: Landorus|Intimidate|boost
|-unboost|p1a: Slowking|atk|1
|turn|5
|
|t:|1648827505
|switch|p1a: Ferrothorn|Ferrothorn, M|100/100
|-activate|p1a: Ferrothorn|move: Sticky Web
|-unboost|p1a: Ferrothorn|spe|1
|-damage|p1a: Ferrothorn|94/100|[from] Stealth Rock
|move|p2a: Landorus|Swords Dance|p2a: Landorus
|-boost|p2a: Landorus|atk|2
|
|upkeep
|turn|6
|
|t:|1648827510
|move|p2a: Landorus|Earthquake|p1a: Ferrothorn
|-damage|p1a: Ferrothorn|9/100
|move|p1a: Ferrothorn|Power Whip|p2a: Landorus|[miss]
|-miss|p1a: Ferrothorn|p2a: Landorus
|
|upkeep
|turn|7
|j| Majic PokeTester
|
|t:|1648827518
|move|p2a: Landorus|Rock Slide|p1a: Ferrothorn
|-resisted|p1a: Ferrothorn
|-damage|p1a: Ferrothorn|0 fnt
|faint|p1a: Ferrothorn
|
|upkeep
|
|t:|1648827520
|switch|p1a: Landorus|Landorus-Therian, M|84/100
|-damage|p1a: Landorus|72/100|[from] Stealth Rock
|-ability|p1a: Landorus|Intimidate|boost
|-unboost|p2a: Landorus|atk|1
|turn|8
|
|t:|1648827527
|move|p2a: Landorus|Rock Slide|p1a: Landorus
|-damage|p1a: Landorus|32/100
|move|p1a: Landorus|Toxic|p2a: Landorus
|-status|p2a: Landorus|tox
|
|-heal|p1a: Landorus|38/100|[from] item: Leftovers
|-damage|p2a: Landorus|82/100 tox|[from] psn
|upkeep
|turn|9
|j|+Dragonillis
|
|t:|1648827534
|switch|p1a: Buzzwole|Buzzwole|100/100
|move|p2a: Landorus|Rock Slide|p1a: Buzzwole
|-damage|p1a: Buzzwole|66/100
|
|-damage|p2a: Landorus|70/100 tox|[from] psn
|upkeep
|turn|10
|
|t:|1648827551
|move|p1a: Buzzwole|Roost|p1a: Buzzwole
|-heal|p1a: Buzzwole|100/100
|-singleturn|p1a: Buzzwole|move: Roost
|move|p2a: Landorus|Rock Slide|p1a: Buzzwole
|-damage|p1a: Buzzwole|64/100
|
|-damage|p2a: Landorus|52/100 tox|[from] psn
|upkeep
|turn|11
|
|t:|1648827558
|switch|p2a: Dragapult|Dragapult, M|100/100
|-damage|p2a: Dragapult|88/100|[from] Stealth Rock
|move|p1a: Buzzwole|Roost|p1a: Buzzwole
|-heal|p1a: Buzzwole|100/100
|-singleturn|p1a: Buzzwole|move: Roost
|
|upkeep
|turn|12
|
|t:|1648827569
|switch|p1a: Landorus|Landorus-Therian, M|38/100
|-damage|p1a: Landorus|26/100|[from] Stealth Rock
|-ability|p1a: Landorus|Intimidate|boost
|-fail|p2a: Dragapult|unboost|[from] ability: Clear Body|[of] p2a: Dragapult
|move|p2a: Dragapult|Dragon Dance|p2a: Dragapult
|-boost|p2a: Dragapult|atk|1
|-boost|p2a: Dragapult|spe|1
|
|-heal|p1a: Landorus|32/100|[from] item: Leftovers
|upkeep
|turn|13
|l| MessyTrousers
|
|t:|1648827575
|move|p2a: Dragapult|Dragon Darts|p1a: Landorus
|-damage|p1a: Landorus|0 fnt
|faint|p1a: Landorus
|-damage|p2a: Dragapult|78/100|[from] item: Life Orb
|
|upkeep
|
|t:|1648827579
|switch|p1a: Tapu Koko|Tapu Koko|100/100
|-fieldstart|move: Electric Terrain|[from] ability: Electric Surge|[of] p1a: Tapu Koko
|turn|14
|
|t:|1648827589
|switch|p1a: Tyranitar|Tyranitar, F|100/100
|-activate|p1a: Tyranitar|move: Sticky Web
|-unboost|p1a: Tyranitar|spe|1
|-damage|p1a: Tyranitar|88/100|[from] Stealth Rock
|-weather|Sandstorm|[from] ability: Sand Stream|[of] p1a: Tyranitar
|move|p2a: Dragapult|Steel Wing|p1a: Tyranitar
|-supereffective|p1a: Tyranitar
|-damage|p1a: Tyranitar|0 fnt
|faint|p1a: Tyranitar
|-damage|p2a: Dragapult|69/100|[from] item: Life Orb
|
|-weather|Sandstorm|[upkeep]
|-damage|p2a: Dragapult|63/100|[from] Sandstorm
|upkeep
|
|t:|1648827593
|switch|p1a: Tapu Koko|Tapu Koko|100/100
|turn|15
|
|t:|1648827604
|move|p2a: Dragapult|Steel Wing|p1a: Tapu Koko
|-damage|p1a: Tapu Koko|30/100
|-damage|p2a: Dragapult|53/100|[from] item: Life Orb
|move|p1a: Tapu Koko|Dazzling Gleam|p2a: Dragapult
|-supereffective|p2a: Dragapult
|-damage|p2a: Dragapult|0 fnt
|faint|p2a: Dragapult
|
|-weather|Sandstorm|[upkeep]
|-damage|p1a: Tapu Koko|24/100|[from] Sandstorm
|upkeep
|inactive|Corumba has 120 seconds left.
|
|t:|1648827631
|switch|p2a: Dragonite|Dragonite, M|100/100
|turn|16
|
|t:|1648827640
|move|p1a: Tapu Koko|Volt Switch|p2a: Dragonite
|-damage|p2a: Dragonite|79/100
|
|t:|1648827642
|switch|p1a: Buzzwole|Buzzwole|100/100|[from]move: Volt Switch
|move|p2a: Dragonite|Earthquake|p1a: Buzzwole
|-resisted|p1a: Buzzwole
|-damage|p1a: Buzzwole|87/100
|
|-weather|Sandstorm|[upkeep]
|-damage|p2a: Dragonite|72/100|[from] Sandstorm
|-damage|p1a: Buzzwole|81/100|[from] Sandstorm
|upkeep
|turn|17
|
|t:|1648827651
|switch|p2a: Landorus|Landorus-Therian, M|52/100 tox
|-damage|p2a: Landorus|40/100 tox|[from] Stealth Rock
|-ability|p2a: Landorus|Intimidate|boost
|-unboost|p1a: Buzzwole|atk|1
|move|p1a: Buzzwole|Thunder Punch|p2a: Landorus
|-immune|p2a: Landorus
|
|-weather|Sandstorm|[upkeep]
|-damage|p1a: Buzzwole|75/100|[from] Sandstorm
|-damage|p2a: Landorus|34/100 tox|[from] psn
|upkeep
|turn|18
|
|t:|1648827658
|move|p1a: Buzzwole|Roost|p1a: Buzzwole
|-heal|p1a: Buzzwole|100/100
|-singleturn|p1a: Buzzwole|move: Roost
|move|p2a: Landorus|Swords Dance|p2a: Landorus
|-boost|p2a: Landorus|atk|2
|
|-weather|none
|-damage|p2a: Landorus|21/100 tox|[from] psn
|-fieldend|move: Electric Terrain
|upkeep
|turn|19
|
|t:|1648827660
|move|p1a: Buzzwole|Close Combat|p2a: Landorus
|-resisted|p2a: Landorus
|-damage|p2a: Landorus|0 fnt
|-unboost|p1a: Buzzwole|def|1
|-unboost|p1a: Buzzwole|spd|1
|faint|p2a: Landorus
|-ability|p1a: Buzzwole|Beast Boost|boost
|-boost|p1a: Buzzwole|atk|1
|
|upkeep
|
|t:|1648827665
|switch|p2a: Blaziken|Blaziken, M|100/100
|-damage|p2a: Blaziken|88/100|[from] Stealth Rock
|turn|20
|
|t:|1648827672
|move|p1a: Buzzwole|Close Combat|p2a: Blaziken
|-damage|p2a: Blaziken|1/100
|-unboost|p1a: Buzzwole|def|1
|-unboost|p1a: Buzzwole|spd|1
|move|p2a: Blaziken|Swords Dance|p2a: Blaziken
|-boost|p2a: Blaziken|atk|2
|
|-ability|p2a: Blaziken|Speed Boost|boost
|-boost|p2a: Blaziken|spe|1
|upkeep
|turn|21
|
|t:|1648827697
|move|p2a: Blaziken|Close Combat|p1a: Buzzwole
|-resisted|p1a: Buzzwole
|-damage|p1a: Buzzwole|8/100
|-unboost|p2a: Blaziken|def|1
|-unboost|p2a: Blaziken|spd|1
|-heal|p2a: Blaziken|13/100|[from] item: Shell Bell|[of] p1a: Buzzwole
|move|p1a: Buzzwole|Thunder Punch|p2a: Blaziken
|-damage|p2a: Blaziken|0 fnt
|faint|p2a: Blaziken
|-ability|p1a: Buzzwole|Beast Boost|boost
|-boost|p1a: Buzzwole|atk|1
|
|upkeep
|
|t:|1648827708
|switch|p2a: Dragonite|Dragonite, M|72/100
|turn|22
|
|t:|1648827711
|move|p2a: Dragonite|Ice Punch|p1a: Buzzwole
|-damage|p1a: Buzzwole|0 fnt
|faint|p1a: Buzzwole
|
|upkeep
|
|t:|1648827713
|switch|p1a: Slowking|Slowking, F|100/100
|turn|23
|
|t:|1648827718
|move|p2a: Dragonite|Dragon Dance|p2a: Dragonite
|-boost|p2a: Dragonite|atk|1
|-boost|p2a: Dragonite|spe|1
|move|p1a: Slowking|Scald|p2a: Dragonite
|-resisted|p2a: Dragonite
|-damage|p2a: Dragonite|57/100
|
|upkeep
|turn|24
|
|t:|1648827723
|move|p2a: Dragonite|Dragon Dance|p2a: Dragonite
|-boost|p2a: Dragonite|atk|1
|-boost|p2a: Dragonite|spe|1
|move|p1a: Slowking|Scald|p2a: Dragonite
|-resisted|p2a: Dragonite
|-damage|p2a: Dragonite|42/100
|-status|p2a: Dragonite|brn
|
|-damage|p2a: Dragonite|36/100 brn|[from] brn
|upkeep
|turn|25
|
|t:|1648827726
|move|p2a: Dragonite|Roost|p2a: Dragonite
|-heal|p2a: Dragonite|86/100 brn
|-singleturn|p2a: Dragonite|move: Roost
|move|p1a: Slowking|Future Sight|p2a: Dragonite
|-start|p1a: Slowking|move: Future Sight
|
|-damage|p2a: Dragonite|80/100 brn|[from] brn
|upkeep
|turn|26
|
|t:|1648827731
|move|p2a: Dragonite|Dragon Dance|p2a: Dragonite
|-boost|p2a: Dragonite|atk|1
|-boost|p2a: Dragonite|spe|1
|move|p1a: Slowking|Scald|p2a: Dragonite
|-resisted|p2a: Dragonite
|-damage|p2a: Dragonite|66/100 brn
|
|-damage|p2a: Dragonite|60/100 brn|[from] brn
|upkeep
|turn|27
|
|t:|1648827734
|move|p2a: Dragonite|Roost|p2a: Dragonite
|-heal|p2a: Dragonite|100/100 brn
|-singleturn|p2a: Dragonite|move: Roost
|move|p1a: Slowking|Scald|p2a: Dragonite
|-resisted|p2a: Dragonite
|-damage|p2a: Dragonite|94/100 brn
|
|-end|p2a: Dragonite|move: Future Sight
|-damage|p2a: Dragonite|53/100 brn
|-damage|p2a: Dragonite|46/100 brn|[from] brn
|upkeep
|turn|28
|
|t:|1648827737
|move|p2a: Dragonite|Roost|p2a: Dragonite
|-heal|p2a: Dragonite|96/100 brn
|-singleturn|p2a: Dragonite|move: Roost
|move|p1a: Slowking|Future Sight|p2a: Dragonite
|-start|p1a: Slowking|move: Future Sight
|
|-damage|p2a: Dragonite|90/100 brn|[from] brn
|upkeep
|turn|29
|
|t:|1648827740
|move|p2a: Dragonite|Earthquake|p1a: Slowking
|-damage|p1a: Slowking|58/100
|move|p1a: Slowking|Scald|p2a: Dragonite
|-resisted|p2a: Dragonite
|-damage|p2a: Dragonite|76/100 brn
|
|-damage|p2a: Dragonite|70/100 brn|[from] brn
|upkeep
|turn|30
|
|t:|1648827747
|move|p2a: Dragonite|Roost|p2a: Dragonite
|-heal|p2a: Dragonite|100/100 brn
|-singleturn|p2a: Dragonite|move: Roost
|move|p1a: Slowking|Teleport|p1a: Slowking
|
|t:|1648827749
|switch|p1a: Tapu Koko|Tapu Koko|24/100|[from]move: Teleport
|-fieldstart|move: Electric Terrain|[from] ability: Electric Surge|[of] p1a: Tapu Koko
|
|-end|p2a: Dragonite|move: Future Sight
|-damage|p2a: Dragonite|79/100 brn
|-damage|p2a: Dragonite|72/100 brn|[from] brn
|upkeep
|turn|31
|
|t:|1648827753
|switch|p1a: Slowking|Slowking, F|91/100
|move|p2a: Dragonite|Earthquake|p1a: Slowking
|-damage|p1a: Slowking|45/100
|
|-damage|p2a: Dragonite|66/100 brn|[from] brn
|upkeep
|turn|32
|-message|3 for 25 forfeited.
|
|win|Corumba
|raw|3 for 25's rating: 1818 &rarr; <strong>1800</strong><br />(-18 for losing)
|raw|Corumba's rating: 1849 &rarr; <strong>1867</strong><br />(+18 for winning)
|l|☆3 for 25
|l|☆Corumba
|l| IAn36
||Ladder isn't responding, score probably updated but might not have (Request timeout).
|j| The Delta Maybca☆〜
|l| The Delta Maybca☆〜
