|raw|<div class="broadcast-blue"><strong>This battle is required to be public due to a player having a name starting with 'lt92pf'.</div>
|j|☆Flashybee
|j|‽LT92PF EMPIR3
|t:|1659754912
|gametype|singles
|player|p1|Flashybee|266|1624
|player|p2|LT92PF EMPIR3|bruno|1813
|teamsize|p1|6
|teamsize|p2|6
|gen|8
|tier|[Gen 8] OU
|rated|
|rule|Sleep Clause Mod: Limit one foe put to sleep
|rule|Species Clause: Limit one of each Pokémon
|rule|OHKO Clause: OHKO moves are banned
|rule|Evasion Items Clause: Evasion items are banned
|rule|Evasion Moves Clause: Evasion moves are banned
|rule|Endless Battle Clause: Forcing endless battles is banned
|rule|HP Percentage Mod: HP is shown in percentages
|rule|Dynamax Clause: You cannot dynamax
|clearpoke
|poke|p1|Blacephalon|
|poke|p1|Klefki, F|
|poke|p1|Malamar, M|
|poke|p1|Tyranitar, F|
|poke|p1|Rillaboom, M|
|poke|p1|Hawlucha, F|
|poke|p2|Terrakion|
|poke|p2|Zapdos|
|poke|p2|Melmetal|
|poke|p2|Jirachi|
|poke|p2|Blissey, F|
|poke|p2|Gastrodon, F|
|teampreview
|inactive|Battle timer is ON: inactive players will automatically lose when time's up. (requested by LT92PF EMPIR3)
|j| dividing by 0
|
|t:|1659754935
|start
|switch|p1a: Blacephalon|Blacephalon|100/100
|switch|p2a: Terrakion|Terrakion|100/100
|turn|1
|j| LT92PF Buzzwole
|inactive|Flashybee has 120 seconds left.
|
|t:|1659754976
|move|p1a: Blacephalon|Trick|p2a: Terrakion
|-activate|p1a: Blacephalon|move: Trick|[of] p2a: Terrakion
|-item|p2a: Terrakion|Choice Scarf|[from] move: Trick
|-item|p1a: Blacephalon|Choice Band|[from] move: Trick
|move|p2a: Terrakion|Earthquake|p1a: Blacephalon
|-supereffective|p1a: Blacephalon
|-damage|p1a: Blacephalon|0 fnt
|faint|p1a: Blacephalon
|
|upkeep
|
|t:|1659754983
|switch|p1a: Klefki|Klefki, F|100/100
|turn|2
|j| drain it up
|
|t:|1659754987
|move|p1a: Klefki|Fairy Lock|p1a: Klefki
|-fieldactivate|move: Fairy Lock
|move|p2a: Terrakion|Earthquake|p1a: Klefki
|-supereffective|p1a: Klefki
|-damage|p1a: Klefki|36/100
|-enditem|p1a: Klefki|Eject Button
|inactive|Flashybee has 120 seconds left.
|c| LT92PF Buzzwole|Oh shit
|j| LT92PF Sagordo
|c| LT92PF Buzzwole|Balloon mal?
|j| NoTollsNoRolls
|inactive|Flashybee has 90 seconds left.
|j| anthony provenzano
|
|t:|1659755045
|switch|p1a: Tyranitar|Tyranitar, F|100/100
|-weather|Sandstorm|[from] ability: Sand Stream|[of] p1a: Tyranitar
|-item|p1a: Tyranitar|Air Balloon
|
|-weather|Sandstorm|[upkeep]
|upkeep
|turn|3
|
|t:|1659755049
|move|p2a: Terrakion|Earthquake|p1a: Tyranitar
|-immune|p1a: Tyranitar
|move|p1a: Tyranitar|Block|p2a: Terrakion
|-activate|p2a: Terrakion|trapped
|
|-weather|Sandstorm|[upkeep]
|upkeep
|turn|4
|
|t:|1659755053
|move|p2a: Terrakion|Earthquake|p1a: Tyranitar
|-immune|p1a: Tyranitar
|move|p1a: Tyranitar|Dragon Dance|p1a: Tyranitar
|-boost|p1a: Tyranitar|atk|1
|-boost|p1a: Tyranitar|spe|1
|
|-weather|Sandstorm|[upkeep]
|upkeep
|turn|5
|
|t:|1659755056
|move|p2a: Terrakion|Earthquake|p1a: Tyranitar
|-immune|p1a: Tyranitar
|move|p1a: Tyranitar|Dragon Dance|p1a: Tyranitar
|-boost|p1a: Tyranitar|atk|1
|-boost|p1a: Tyranitar|spe|1
|
|-weather|Sandstorm|[upkeep]
|upkeep
|turn|6
|
|t:|1659755057
|move|p2a: Terrakion|Earthquake|p1a: Tyranitar
|-immune|p1a: Tyranitar
|move|p1a: Tyranitar|Dragon Dance|p1a: Tyranitar
|-boost|p1a: Tyranitar|atk|1
|-boost|p1a: Tyranitar|spe|1
|
|-weather|none
|upkeep
|turn|7
|
|t:|1659755059
|move|p1a: Tyranitar|Dragon Dance|p1a: Tyranitar
|-boost|p1a: Tyranitar|atk|1
|-boost|p1a: Tyranitar|spe|1
|move|p2a: Terrakion|Earthquake|p1a: Tyranitar
|-immune|p1a: Tyranitar
|
|upkeep
|turn|8
|j| LT92PF Ryusui
|
|t:|1659755062
|move|p1a: Tyranitar|Dragon Dance|p1a: Tyranitar
|-boost|p1a: Tyranitar|atk|1
|-boost|p1a: Tyranitar|spe|1
|move|p2a: Terrakion|Earthquake|p1a: Tyranitar
|-immune|p1a: Tyranitar
|
|upkeep
|turn|9
|
|t:|1659755065
|move|p1a: Tyranitar|Dragon Dance|p1a: Tyranitar
|-boost|p1a: Tyranitar|atk|1
|-boost|p1a: Tyranitar|spe|1
|move|p2a: Terrakion|Earthquake|p1a: Tyranitar
|-immune|p1a: Tyranitar
|
|upkeep
|turn|10
|c| LT92PF Buzzwole|Looololl
|
|t:|1659755068
|move|p1a: Tyranitar|Crunch|p2a: Terrakion
|-resisted|p2a: Terrakion
|-damage|p2a: Terrakion|0 fnt
|faint|p2a: Terrakion
|
|upkeep
|j| Gotta get on it
|j| justamente
|j| wocaowocao
|
|t:|1659755071
|switch|p2a: Melmetal|Melmetal|100/100
|turn|11
|
|t:|1659755074
|move|p1a: Tyranitar|Crunch|p2a: Melmetal
|-damage|p2a: Melmetal|0 fnt
|faint|p2a: Melmetal
|
|upkeep
|
|t:|1659755077
|switch|p2a: Zapdos|Zapdos|100/100
|turn|12
|j| vt46
|j| LT92PF Lio
|-message|LT92PF EMPIR3 forfeited.
|
|win|Flashybee
|raw|Flashybee's rating: 1624 &rarr; <strong>1654</strong><br />(+30 for winning)
|raw|LT92PF EMPIR3's rating: 1813 &rarr; <strong>1783</strong><br />(-30 for losing)
|l| wocaowocao
|l| LT92PF Ryusui
|c|☆Flashybee|LOOOOOOL
|l|‽LT92PF EMPIR3
|l| vt46
|c| dividing by 0|LMao
|j|‽LT92PF EMPIR3
|player|p2|LT92PF EMPIR3|bruno
|l| justamente
|l| LT92PF Buzzwole
||Ladder isn't responding, score probably updated but might not have (Request timeout).
|l|☆Flashybee
|l| NoTollsNoRolls
|l|‽LT92PF EMPIR3
|player|p2|
|l| drain it up
|l| LT92PF Lio
|l| Gotta get on it
|j|‽LT92PF EMPIR3
|player|p2|LT92PF EMPIR3|bruno
