|j|☆CoconutCrabs
|j|☆greystaple
|t:|1646091377
|gametype|singles
|player|p1|CoconutCrabs|chuck|1657
|player|p2|greystaple|hiker-gen4|1688
|teamsize|p1|6
|teamsize|p2|6
|gen|8
|tier|[Gen 8] OU
|rated|
|rule|Sleep Clause Mod: Limit one foe put to sleep
|rule|Species Clause: Limit one of each Pokémon
|rule|OHKO Clause: OHKO moves are banned
|rule|Evasion Moves Clause: Evasion moves are banned
|rule|Endless Battle Clause: Forcing endless battles is banned
|rule|HP Percentage Mod: HP is shown in percentages
|rule|Dynamax Clause: You cannot dynamax
|clearpoke
|poke|p1|Tyranitar, F|
|poke|p1|Excadrill, F|
|poke|p1|Tornadus-Therian, M|
|poke|p1|Toxapex, F|
|poke|p1|Heatran, M|
|poke|p1|Tangrowth, F|
|poke|p2|Tornadus-Therian, M|
|poke|p2|Ferrothorn, F|
|poke|p2|Buzzwole|
|poke|p2|Dragapult, F|
|poke|p2|Garchomp, M|
|poke|p2|Weavile, M|
|teampreview
|
|t:|1646091388
|start
|switch|p1a: Tornadus|Tornadus-Therian, M|100/100
|switch|p2a: Weavile|Weavile, M|100/100
|-ability|p2a: Weavile|Pressure
|turn|1
|inactive|Battle timer is ON: inactive players will automatically lose when time's up. (requested by CoconutCrabs)
|
|t:|1646091398
|switch|p1a: Toxapex|Toxapex, F|100/100
|move|p2a: Weavile|Triple Axel|p1a: Toxapex
|-resisted|p1a: Toxapex
|-damage|p1a: Toxapex|97/100
|-damage|p2a: Weavile|84/100|[from] item: Rocky Helmet|[of] p1a: Toxapex
|-resisted|p1a: Toxapex
|-damage|p1a: Toxapex|91/100
|-damage|p2a: Weavile|68/100|[from] item: Rocky Helmet|[of] p1a: Toxapex
|-resisted|p1a: Toxapex
|-damage|p1a: Toxapex|82/100
|-damage|p2a: Weavile|51/100|[from] item: Rocky Helmet|[of] p1a: Toxapex
|-hitcount|p1a: Toxapex|3
|
|upkeep
|turn|2
|
|t:|1646091405
|switch|p2a: Ferrothorn|Ferrothorn, F|100/100
|switch|p1a: Tornadus|Tornadus-Therian, M|100/100
|
|upkeep
|turn|3
|j| Jimmy Powka
|
|t:|1646091410
|switch|p2a: Tornadus|Tornadus-Therian, M|100/100
|move|p1a: Tornadus|Heat Wave|p2a: Tornadus|[miss]
|-miss|p1a: Tornadus|p2a: Tornadus
|
|upkeep
|turn|4
|
|t:|1646091415
|switch|p1a: Toxapex|Toxapex, F|100/100
|move|p2a: Tornadus|Knock Off|p1a: Toxapex
|-damage|p1a: Toxapex|88/100
|-damage|p2a: Tornadus|84/100|[from] item: Rocky Helmet|[of] p1a: Toxapex
|-enditem|p1a: Toxapex|Rocky Helmet|[from] move: Knock Off|[of] p2a: Tornadus
|
|upkeep
|turn|5
|
|t:|1646091418
|move|p2a: Tornadus|U-turn|p1a: Toxapex
|-resisted|p1a: Toxapex
|-damage|p1a: Toxapex|84/100
|
|t:|1646091420
|switch|p2a: Ferrothorn|Ferrothorn, F|100/100|[from]move: U-turn
|move|p1a: Toxapex|Knock Off|p2a: Ferrothorn
|-damage|p2a: Ferrothorn|88/100
|-damage|p1a: Toxapex|72/100|[from] ability: Iron Barbs|[of] p2a: Ferrothorn
|-enditem|p2a: Ferrothorn|Leftovers|[from] move: Knock Off|[of] p1a: Toxapex
|
|upkeep
|turn|6
|
|t:|1646091425
|switch|p1a: Heatran|Heatran, M|100/100
|move|p2a: Ferrothorn|Spikes|p1a: Heatran
|-sidestart|p1: CoconutCrabs|Spikes
|
|upkeep
|turn|7
|
|t:|1646091428
|switch|p2a: Garchomp|Garchomp, M|100/100
|move|p1a: Heatran|Eruption|p2a: Garchomp
|-resisted|p2a: Garchomp
|-damage|p2a: Garchomp|63/100
|
|upkeep
|turn|8
|
|t:|1646091438
|switch|p1a: Tornadus|Tornadus-Therian, M|100/100
|move|p2a: Garchomp|Stealth Rock|p1a: Tornadus
|-sidestart|p1: CoconutCrabs|move: Stealth Rock
|
|upkeep
|turn|9
|
|t:|1646091446
|switch|p2a: Weavile|Weavile, M|51/100
|-ability|p2a: Weavile|Pressure
|move|p1a: Tornadus|Hurricane|p2a: Weavile
|-damage|p2a: Weavile|0 fnt
|faint|p2a: Weavile
|
|upkeep
|
|t:|1646091451
|switch|p2a: Dragapult|Dragapult, F|100/100
|turn|10
|
|t:|1646091458
|switch|p1a: Toxapex|Toxapex, F|100/100
|-damage|p1a: Toxapex|88/100|[from] Spikes
|-damage|p1a: Toxapex|76/100|[from] Stealth Rock
|move|p2a: Dragapult|U-turn|p1a: Toxapex
|-resisted|p1a: Toxapex
|-damage|p1a: Toxapex|71/100
|
|t:|1646091463
|switch|p2a: Garchomp|Garchomp, M|63/100|[from]move: U-turn
|
|upkeep
|turn|11
|j| Nesnot
|
|t:|1646091475
|switch|p2a: Dragapult|Dragapult, F|100/100
|switch|p1a: Tangrowth|Tangrowth, F|100/100
|-damage|p1a: Tangrowth|88/100|[from] Stealth Rock
|-damage|p1a: Tangrowth|76/100|[from] Spikes
|
|upkeep
|turn|12
|
|t:|1646091483
|switch|p1a: Toxapex|Toxapex, F|100/100
|-damage|p1a: Toxapex|88/100|[from] Spikes
|-damage|p1a: Toxapex|76/100|[from] Stealth Rock
|move|p2a: Dragapult|U-turn|p1a: Toxapex
|-resisted|p1a: Toxapex
|-damage|p1a: Toxapex|70/100
|
|t:|1646091496
|switch|p2a: Ferrothorn|Ferrothorn, F|88/100|[from]move: U-turn
|
|upkeep
|turn|13
|
|t:|1646091499
|switch|p1a: Tornadus|Tornadus-Therian, M|100/100
|-damage|p1a: Tornadus|76/100|[from] Stealth Rock
|move|p2a: Ferrothorn|Spikes|p1a: Tornadus
|-sidestart|p1: CoconutCrabs|Spikes
|
|upkeep
|turn|14
|
|t:|1646091505
|switch|p2a: Tornadus|Tornadus-Therian, M|100/100
|move|p1a: Tornadus|Hurricane|p2a: Tornadus
|-damage|p2a: Tornadus|23/100
|
|upkeep
|turn|15
|
|t:|1646091523
|move|p2a: Tornadus|Knock Off|p1a: Tornadus
|-damage|p1a: Tornadus|46/100
|-enditem|p1a: Tornadus|Choice Specs|[from] move: Knock Off|[of] p2a: Tornadus
|move|p1a: Tornadus|Hurricane|p2a: Tornadus
|-damage|p2a: Tornadus|0 fnt
|faint|p2a: Tornadus
|
|upkeep
|
|t:|1646091529
|switch|p2a: Dragapult|Dragapult, F|100/100
|turn|16
|
|t:|1646091537
|switch|p1a: Toxapex|Toxapex, F|100/100
|-damage|p1a: Toxapex|84/100|[from] Spikes
|-damage|p1a: Toxapex|72/100|[from] Stealth Rock
|move|p2a: Dragapult|Shadow Ball|p1a: Toxapex
|-damage|p1a: Toxapex|33/100
|
|upkeep
|turn|17
|
|t:|1646091541
|switch|p2a: Buzzwole|Buzzwole|100/100
|switch|p1a: Tyranitar|Tyranitar, F|100/100
|-damage|p1a: Tyranitar|88/100|[from] Stealth Rock
|-damage|p1a: Tyranitar|72/100|[from] Spikes
|-weather|Sandstorm|[from] ability: Sand Stream|[of] p1a: Tyranitar
|
|-weather|Sandstorm|[upkeep]
|-damage|p2a: Buzzwole|94/100|[from] Sandstorm
|-heal|p1a: Tyranitar|78/100|[from] item: Leftovers
|upkeep
|turn|18
|
|t:|1646091550
|switch|p2a: Dragapult|Dragapult, F|100/100
|move|p1a: Tyranitar|Stealth Rock|p2a: Dragapult
|-sidestart|p2: greystaple|move: Stealth Rock
|
|-weather|Sandstorm|[upkeep]
|-damage|p2a: Dragapult|95/100|[from] Sandstorm
|-heal|p1a: Tyranitar|84/100|[from] item: Leftovers
|upkeep
|turn|19
|
|t:|1646091555
|move|p2a: Dragapult|U-turn|p1a: Tyranitar
|-supereffective|p1a: Tyranitar
|-damage|p1a: Tyranitar|56/100
|
|t:|1646091558
|switch|p2a: Buzzwole|Buzzwole|94/100|[from]move: U-turn
|-damage|p2a: Buzzwole|82/100|[from] Stealth Rock
|move|p1a: Tyranitar|Thunder Wave|p2a: Buzzwole
|-status|p2a: Buzzwole|par
|
|-weather|Sandstorm|[upkeep]
|-damage|p2a: Buzzwole|76/100 par|[from] Sandstorm
|-heal|p1a: Tyranitar|62/100|[from] item: Leftovers
|upkeep
|turn|20
|
|t:|1646091564
|switch|p1a: Tornadus|Tornadus-Therian, M|79/100
|-damage|p1a: Tornadus|55/100|[from] Stealth Rock
|switch|p2a: Garchomp|Garchomp, M|63/100
|-damage|p2a: Garchomp|57/100|[from] Stealth Rock
|
|-weather|Sandstorm|[upkeep]
|-damage|p1a: Tornadus|49/100|[from] Sandstorm
|upkeep
|turn|21
|
|t:|1646091569
|move|p1a: Tornadus|Icy Wind|p2a: Garchomp
|-supereffective|p2a: Garchomp
|-damage|p2a: Garchomp|0 fnt
|faint|p2a: Garchomp
|
|-weather|none
|upkeep
|
|t:|1646091571
|switch|p2a: Dragapult|Dragapult, F|95/100
|-damage|p2a: Dragapult|82/100|[from] Stealth Rock
|turn|22
|
|t:|1646091578
|switch|p1a: Toxapex|Toxapex, F|66/100
|-damage|p1a: Toxapex|50/100|[from] Spikes
|-damage|p1a: Toxapex|37/100|[from] Stealth Rock
|move|p2a: Dragapult|Draco Meteor|p1a: Toxapex
|-damage|p1a: Toxapex|0 fnt
|-unboost|p2a: Dragapult|spa|2
|faint|p1a: Toxapex
|
|upkeep
|
|t:|1646091581
|switch|p1a: Excadrill|Excadrill, F|100/100
|-damage|p1a: Excadrill|97/100|[from] Stealth Rock
|-damage|p1a: Excadrill|81/100|[from] Spikes
|turn|23
|
|t:|1646091586
|move|p2a: Dragapult|Draco Meteor|p1a: Excadrill
|-resisted|p1a: Excadrill
|-damage|p1a: Excadrill|51/100
|-unboost|p2a: Dragapult|spa|2
|move|p1a: Excadrill|Rapid Spin|p2a: Dragapult
|-immune|p2a: Dragapult
|
|-heal|p1a: Excadrill|58/100|[from] item: Leftovers
|upkeep
|turn|24
|
|t:|1646091594
|switch|p2a: Buzzwole|Buzzwole|76/100 par
|-damage|p2a: Buzzwole|63/100 par|[from] Stealth Rock
|move|p1a: Excadrill|Earthquake|p2a: Buzzwole
|-resisted|p2a: Buzzwole
|-damage|p2a: Buzzwole|46/100 par
|
|-heal|p1a: Excadrill|64/100|[from] item: Leftovers
|upkeep
|turn|25
|
|t:|1646091596
|move|p1a: Excadrill|Rapid Spin|p2a: Buzzwole
|-damage|p2a: Buzzwole|33/100 par
|-boost|p1a: Excadrill|spe|1
|-damage|p1a: Excadrill|47/100|[from] item: Rocky Helmet|[of] p2a: Buzzwole
|-sideend|p1: CoconutCrabs|Spikes|[from] move: Rapid Spin|[of] p1a: Excadrill
|-sideend|p1: CoconutCrabs|Stealth Rock|[from] move: Rapid Spin|[of] p1a: Excadrill
|cant|p2a: Buzzwole|par
|
|-heal|p1a: Excadrill|53/100|[from] item: Leftovers
|upkeep
|turn|26
|
|t:|1646091601
|switch|p1a: Heatran|Heatran, M|100/100
|move|p2a: Buzzwole|Roost|p2a: Buzzwole
|-heal|p2a: Buzzwole|83/100 par
|-singleturn|p2a: Buzzwole|move: Roost
|
|upkeep
|turn|27
|
|t:|1646091606
|switch|p2a: Ferrothorn|Ferrothorn, F|88/100
|-damage|p2a: Ferrothorn|81/100|[from] Stealth Rock
|move|p1a: Heatran|Eruption|p2a: Ferrothorn
|-supereffective|p2a: Ferrothorn
|-damage|p2a: Ferrothorn|0 fnt
|faint|p2a: Ferrothorn
|
|upkeep
|
|t:|1646091607
|switch|p2a: Dragapult|Dragapult, F|82/100
|-damage|p2a: Dragapult|70/100|[from] Stealth Rock
|turn|28
|
|t:|1646091615
|switch|p1a: Tangrowth|Tangrowth, F|100/100
|move|p2a: Dragapult|Shadow Ball|p1a: Tangrowth
|-damage|p1a: Tangrowth|21/100
|
|upkeep
|turn|29
|
|t:|1646091620
|switch|p2a: Buzzwole|Buzzwole|83/100 par
|-damage|p2a: Buzzwole|70/100 par|[from] Stealth Rock
|move|p1a: Tangrowth|Knock Off|p2a: Buzzwole
|-resisted|p2a: Buzzwole
|-damage|p2a: Buzzwole|64/100 par
|-damage|p1a: Tangrowth|4/100|[from] item: Rocky Helmet|[of] p2a: Buzzwole
|-enditem|p2a: Buzzwole|Rocky Helmet|[from] move: Knock Off|[of] p1a: Tangrowth
|
|upkeep
|turn|30
|
|t:|1646091625
|move|p1a: Tangrowth|Giga Drain|p2a: Buzzwole
|-resisted|p2a: Buzzwole
|-crit|p2a: Buzzwole
|-damage|p2a: Buzzwole|36/100 par
|-heal|p1a: Tangrowth|18/100|[from] drain|[of] p2a: Buzzwole
|cant|p2a: Buzzwole|par
|
|upkeep
|turn|31
|
|t:|1646091627
|move|p1a: Tangrowth|Giga Drain|p2a: Buzzwole
|-resisted|p2a: Buzzwole
|-crit|p2a: Buzzwole
|-damage|p2a: Buzzwole|6/100 par
|-heal|p1a: Tangrowth|33/100|[from] drain|[of] p2a: Buzzwole
|cant|p2a: Buzzwole|par
|
|upkeep
|turn|32
|
|t:|1646091629
|move|p1a: Tangrowth|Giga Drain|p2a: Buzzwole
|-resisted|p2a: Buzzwole
|-crit|p2a: Buzzwole
|-damage|p2a: Buzzwole|0 fnt
|-heal|p1a: Tangrowth|36/100|[from] drain|[of] p2a: Buzzwole
|faint|p2a: Buzzwole
|
|upkeep
|
|t:|1646091635
|switch|p2a: Dragapult|Dragapult, F|70/100
|-damage|p2a: Dragapult|58/100|[from] Stealth Rock
|turn|33
|
|t:|1646091639
|move|p2a: Dragapult|Shadow Ball|p1a: Tangrowth
|-damage|p1a: Tangrowth|0 fnt
|faint|p1a: Tangrowth
|
|upkeep
|c|☆greystaple|gg
|
|t:|1646091641
|switch|p1a: Tyranitar|Tyranitar, F|62/100
|-weather|Sandstorm|[from] ability: Sand Stream|[of] p1a: Tyranitar
|turn|34
|
|t:|1646091643
|move|p2a: Dragapult|Shadow Ball|p1a: Tyranitar
|-resisted|p1a: Tyranitar
|-damage|p1a: Tyranitar|51/100
|move|p1a: Tyranitar|Earthquake|p2a: Dragapult
|-damage|p2a: Dragapult|19/100
|
|-weather|Sandstorm|[upkeep]
|-damage|p2a: Dragapult|13/100|[from] Sandstorm
|-heal|p1a: Tyranitar|57/100|[from] item: Leftovers
|upkeep
|turn|35
|
|t:|1646091649
|move|p2a: Dragapult|Shadow Ball|p1a: Tyranitar
|-resisted|p1a: Tyranitar
|-crit|p1a: Tyranitar
|-damage|p1a: Tyranitar|42/100
|move|p1a: Tyranitar|Earthquake|p2a: Dragapult
|-damage|p2a: Dragapult|0 fnt
|faint|p2a: Dragapult
|
|win|CoconutCrabs
|raw|CoconutCrabs's rating: 1657 &rarr; <strong>1679</strong><br />(+22 for winning)
|raw|greystaple's rating: 1688 &rarr; <strong>1666</strong><br />(-22 for losing)
