|j|☆Ferromolybdenum
|j|☆Kaiserkaiba
|t:|1657668710
|gametype|singles
|player|p1|Ferromolybdenum|101|
|player|p2|Kaiserkaiba|169|
|teamsize|p1|1
|teamsize|p2|1
|gen|8
|tier|[Gen 8] OU
|rule|Sleep Clause Mod: Limit one foe put to sleep
|rule|Species Clause: Limit one of each Pokémon
|rule|OHKO Clause: OHKO moves are banned
|rule|Evasion Moves Clause: Evasion moves are banned
|rule|Endless Battle Clause: Forcing endless battles is banned
|rule|HP Percentage Mod: HP is shown in percentages
|rule|Dynamax Clause: You cannot dynamax
|clearpoke
|poke|p1|Tapu Koko|
|poke|p2|Shedinja|
|teampreview
|
|t:|1657668712
|start
|switch|p1a: Tapu Koko|Tapu Koko|100/100
|switch|p2a: Shedinja|Shedinja|100/100
|-fieldstart|move: Electric Terrain|[from] ability: Electric Surge|[of] p1a: Tapu Koko
|turn|1
|
|t:|1657668715
|move|p1a: Tapu Koko|Nature's Madness|p2a: Shedinja
|-immune|p2a: Shedinja|[from] ability: Wonder Guard
|move|p2a: Shedinja|Swords Dance|p2a: Shedinja
|-boost|p2a: Shedinja|atk|2
|
|upkeep
|turn|2
|c|☆Ferromolybdenum|Wait
|c|☆Kaiserkaiba|Hum
|
|t:|1657668738
|move|p1a: Tapu Koko|Nature's Madness|p2a: Shedinja
|-immune|p2a: Shedinja|[from] ability: Wonder Guard
|move|p2a: Shedinja|Swords Dance|p2a: Shedinja
|-boost|p2a: Shedinja|atk|2
|
|upkeep
|turn|3
|c|☆Ferromolybdenum|Ok yeah
|
|t:|1657668748
|move|p1a: Tapu Koko|Nature's Madness|p2a: Shedinja
|-immune|p2a: Shedinja|[from] ability: Wonder Guard
|move|p2a: Shedinja|Swords Dance|p2a: Shedinja
|-boost|p2a: Shedinja|atk|2
|
|upkeep
|turn|4
|c|☆Kaiserkaiba|Yep, does not work at all
|
|t:|1657668755
|move|p1a: Tapu Koko|Nature's Madness|p2a: Shedinja
|-immune|p2a: Shedinja|[from] ability: Wonder Guard
|move|p2a: Shedinja|Swords Dance|p2a: Shedinja
|-boost|p2a: Shedinja|atk|0
|
|upkeep
|turn|5
|
|t:|1657668757
|move|p1a: Tapu Koko|Nature's Madness|p2a: Shedinja
|-immune|p2a: Shedinja|[from] ability: Wonder Guard
|move|p2a: Shedinja|Swords Dance|p2a: Shedinja
|-boost|p2a: Shedinja|atk|0
|
|-fieldend|move: Electric Terrain
|upkeep
|turn|6
|-message|Ferromolybdenum forfeited.
|
|win|Kaiserkaiba
|l|☆Kaiserkaiba
