|j|☆SMxVale
|j|☆LT94JE Allistair
|t:|1667306249
|gametype|singles
|player|p1|SMxVale|bruno|1795
|player|p2|LT94JE Allistair|170|1737
|teamsize|p1|6
|teamsize|p2|6
|gen|8
|tier|[Gen 8] OU
|rated|
|rule|Sleep Clause Mod: Limit one foe put to sleep
|rule|Species Clause: Limit one of each Pokémon
|rule|OHKO Clause: OHKO moves are banned
|rule|Evasion Items Clause: Evasion items are banned
|rule|Evasion Moves Clause: Evasion moves are banned
|rule|Endless Battle Clause: Forcing endless battles is banned
|rule|HP Percentage Mod: HP is shown in percentages
|rule|Dynamax Clause: You cannot dynamax
|clearpoke
|poke|p1|Dragapult, M|
|poke|p1|Tapu Lele|
|poke|p1|Landorus-Therian, M|
|poke|p1|Toxapex, F|
|poke|p1|Aegislash, F|
|poke|p1|Tornadus-Therian, M|
|poke|p2|Mew|
|poke|p2|Slurpuff, M|
|poke|p2|Vanilluxe, M|
|poke|p2|Jirachi|
|poke|p2|Weavile, M|
|poke|p2|Nidoking, M|
|teampreview
|inactive|Battle timer is ON: inactive players will automatically lose when time's up. (requested by SMxVale)
|inactive|LT94JE Allistair has 120 seconds left.
|
|t:|1667306315
|start
|switch|p1a: Dragapult|Dragapult, M|100/100
|switch|p2a: Slurpuff|Slurpuff, M|100/100
|turn|1
|
|t:|1667306322
|move|p1a: Dragapult|U-turn|p2a: Slurpuff
|-resisted|p2a: Slurpuff
|-damage|p2a: Slurpuff|85/100
|
|t:|1667306323
|switch|p1a: Aegislash|Aegislash, F|100/100|[from]move: U-turn
|move|p2a: Slurpuff|Sticky Web|p1a: Aegislash
|-sidestart|p1: SMxVale|move: Sticky Web
|
|upkeep
|turn|2
|j| hi iddii
|
|t:|1667306343
|move|p2a: Slurpuff|Yawn|p1a: Aegislash
|-start|p1a: Aegislash|move: Yawn|[of] p2a: Slurpuff
|-formechange|p1a: Aegislash|Aegislash-Blade||[from] ability: Stance Change
|move|p1a: Aegislash|Iron Head|p2a: Slurpuff
|-supereffective|p2a: Slurpuff
|-damage|p2a: Slurpuff|23/100
|
|upkeep
|turn|3
|
|t:|1667306365
|switch|p2a: Weavile|Weavile, M|100/100
|-ability|p2a: Weavile|Pressure
|switch|p1a: Toxapex|Toxapex, F|100/100
|-activate|p1a: Toxapex|move: Sticky Web
|-unboost|p1a: Toxapex|spe|1
|
|upkeep
|turn|4
|
|t:|1667306372
|move|p2a: Weavile|Swords Dance|p2a: Weavile
|-boost|p2a: Weavile|atk|2
|move|p1a: Toxapex|Toxic|p2a: Weavile
|-status|p2a: Weavile|tox
|
|-damage|p2a: Weavile|94/100 tox|[from] psn
|upkeep
|turn|5
|
|t:|1667306382
|move|p2a: Weavile|Knock Off|p1a: Toxapex
|-damage|p1a: Toxapex|21/100
|-damage|p2a: Weavile|78/100 tox|[from] item: Rocky Helmet|[of] p1a: Toxapex
|-enditem|p1a: Toxapex|Rocky Helmet|[from] move: Knock Off|[of] p2a: Weavile
|-damage|p2a: Weavile|68/100 tox|[from] item: Life Orb
|move|p1a: Toxapex|Haze|p1a: Toxapex
|-clearallboost
|
|-damage|p2a: Weavile|56/100 tox|[from] psn
|upkeep
|turn|6
|
|t:|1667306409
|switch|p1a: Tornadus|Tornadus-Therian, M|100/100
|move|p2a: Weavile|Triple Axel|p1a: Tornadus|[miss]
|-miss|p2a: Weavile|p1a: Tornadus
|
|-damage|p2a: Weavile|38/100 tox|[from] psn
|upkeep
|turn|7
|
|t:|1667306424
|switch|p1a: Toxapex|Toxapex, F|54/100
|-activate|p1a: Toxapex|move: Sticky Web
|-unboost|p1a: Toxapex|spe|1
|move|p2a: Weavile|Swords Dance|p2a: Weavile
|-boost|p2a: Weavile|atk|2
|
|-damage|p2a: Weavile|14/100 tox|[from] psn
|upkeep
|turn|8
|inactive|SMxVale has 120 seconds left.
|
|t:|1667306440
|switch|p1a: Tornadus|Tornadus-Therian, M|100/100
|move|p2a: Weavile|Knock Off|p1a: Tornadus
|-damage|p1a: Tornadus|0 fnt
|-enditem|p1a: Tornadus|Heavy-Duty Boots|[from] move: Knock Off|[of] p2a: Weavile
|faint|p1a: Tornadus
|-damage|p2a: Weavile|4/100 tox|[from] item: Life Orb
|
|-damage|p2a: Weavile|0 fnt|[from] psn
|faint|p2a: Weavile
|upkeep
|inactive|SMxVale has 120 seconds left.
|
|t:|1667306458
|switch|p1a: Dragapult|Dragapult, M|100/100
|switch|p2a: Vanilluxe|Vanilluxe, M|100/100
|-activate|p1a: Dragapult|move: Sticky Web
|-fail|p1a: Dragapult|unboost|[from] ability: Clear Body|[of] p1a: Dragapult
|-weather|Hail|[from] ability: Snow Warning|[of] p2a: Vanilluxe
|turn|9
|j| 1212122e
|inactive|SMxVale has 120 seconds left.
|
|t:|1667306470
|switch|p2a: Slurpuff|Slurpuff, M|23/100
|move|p1a: Dragapult|U-turn|p2a: Slurpuff
|-resisted|p2a: Slurpuff
|-damage|p2a: Slurpuff|6/100
|
|t:|1667306482
|switch|p1a: Aegislash|Aegislash, F|100/100|[from]move: U-turn
|-activate|p1a: Aegislash|move: Sticky Web
|-unboost|p1a: Aegislash|spe|1
|
|-weather|Hail|[upkeep]
|-damage|p2a: Slurpuff|0 fnt|[from] Hail
|-damage|p1a: Aegislash|94/100|[from] Hail
|faint|p2a: Slurpuff
|-heal|p1a: Aegislash|100/100|[from] item: Leftovers
|upkeep
|
|t:|1667306487
|switch|p2a: Vanilluxe|Vanilluxe, M|100/100
|turn|10
|inactive|SMxVale has 120 seconds left.
|
|t:|1667306495
|move|p2a: Vanilluxe|Aurora Veil|p2a: Vanilluxe
|-sidestart|p2: LT94JE Allistair|move: Aurora Veil
|-formechange|p1a: Aegislash|Aegislash-Blade||[from] ability: Stance Change
|move|p1a: Aegislash|Iron Head|p2a: Vanilluxe
|-supereffective|p2a: Vanilluxe
|-damage|p2a: Vanilluxe|49/100
|
|-weather|Hail|[upkeep]
|-damage|p1a: Aegislash|94/100|[from] Hail
|-heal|p1a: Aegislash|100/100|[from] item: Leftovers
|upkeep
|turn|11
|
|t:|1667306502
|-formechange|p1a: Aegislash|Aegislash||[from] ability: Stance Change
|move|p1a: Aegislash|King's Shield|p1a: Aegislash
|-singleturn|p1a: Aegislash|Protect
|move|p2a: Vanilluxe|Taunt|p1a: Aegislash
|-start|p1a: Aegislash|move: Taunt
|
|-weather|Hail|[upkeep]
|-damage|p1a: Aegislash|94/100|[from] Hail
|-heal|p1a: Aegislash|100/100|[from] item: Leftovers
|upkeep
|turn|12
|
|t:|1667306516
|move|p2a: Vanilluxe|Explosion|p1a: Aegislash
|-immune|p1a: Aegislash
|faint|p2a: Vanilluxe
|-formechange|p1a: Aegislash|Aegislash-Blade||[from] ability: Stance Change
|move|p1a: Aegislash|Iron Head|p2: Vanilluxe|[notarget]
|-fail|p1a: Aegislash
|
|-weather|Hail|[upkeep]
|-damage|p1a: Aegislash|94/100|[from] Hail
|-heal|p1a: Aegislash|100/100|[from] item: Leftovers
|upkeep
|
|t:|1667306520
|switch|p2a: Mew|Mew|100/100
|turn|13
|
|t:|1667306529
|switch|p1a: Toxapex|Toxapex, F|87/100
|-activate|p1a: Toxapex|move: Sticky Web
|-unboost|p1a: Toxapex|spe|1
|move|p2a: Mew|Cosmic Power|p2a: Mew
|-boost|p2a: Mew|def|1
|-boost|p2a: Mew|spd|1
|
|-weather|none
|upkeep
|turn|14
|inactive|SMxVale has 120 seconds left.
|
|t:|1667306555
|switch|p1a: Dragapult|Dragapult, M|100/100
|-activate|p1a: Dragapult|move: Sticky Web
|-fail|p1a: Dragapult|unboost|[from] ability: Clear Body|[of] p1a: Dragapult
|move|p2a: Mew|Taunt|p1a: Dragapult
|-start|p1a: Dragapult|move: Taunt
|
|upkeep
|turn|15
|
|t:|1667306564
|move|p1a: Dragapult|Dragon Darts|p2a: Mew
|-crit|p2a: Mew
|-damage|p2a: Mew|49/100
|-anim|p1a: Dragapult|Dragon Darts|p2a: Mew
|-damage|p2a: Mew|38/100
|move|p2a: Mew|Stored Power|p1a: Dragapult
|-damage|p1a: Dragapult|73/100
|
|upkeep
|turn|16
|j| Horvendil
|
|t:|1667306574
|move|p1a: Dragapult|Dragon Darts|p2a: Mew
|-damage|p2a: Mew|27/100
|-anim|p1a: Dragapult|Dragon Darts|p2a: Mew
|-damage|p2a: Mew|15/100
|move|p2a: Mew|Roost|p2a: Mew
|-heal|p2a: Mew|65/100
|-singleturn|p2a: Mew|move: Roost
|
|-end|p1a: Dragapult|move: Taunt
|upkeep
|turn|17
|
|t:|1667306580
|move|p1a: Dragapult|Dragon Darts|p2a: Mew
|-damage|p2a: Mew|53/100
|-anim|p1a: Dragapult|Dragon Darts|p2a: Mew
|-damage|p2a: Mew|40/100
|move|p2a: Mew|Cosmic Power|p2a: Mew
|-boost|p2a: Mew|def|1
|-boost|p2a: Mew|spd|1
|
|-sideend|p2: LT94JE Allistair|move: Aurora Veil
|upkeep
|turn|18
|
|t:|1667306586
|move|p1a: Dragapult|Dragon Darts|p2a: Mew
|-damage|p2a: Mew|23/100
|-anim|p1a: Dragapult|Dragon Darts|p2a: Mew
|-damage|p2a: Mew|6/100
|move|p2a: Mew|Roost|p2a: Mew
|-heal|p2a: Mew|57/100
|-singleturn|p2a: Mew|move: Roost
|
|upkeep
|turn|19
|
|t:|1667306592
|move|p1a: Dragapult|Dragon Darts|p2a: Mew
|-damage|p2a: Mew|39/100
|-anim|p1a: Dragapult|Dragon Darts|p2a: Mew
|-damage|p2a: Mew|21/100
|move|p2a: Mew|Roost|p2a: Mew
|-heal|p2a: Mew|71/100
|-singleturn|p2a: Mew|move: Roost
|
|upkeep
|turn|20
|
|t:|1667306616
|move|p1a: Dragapult|Dragon Darts|p2a: Mew
|-damage|p2a: Mew|52/100
|-anim|p1a: Dragapult|Dragon Darts|p2a: Mew
|-damage|p2a: Mew|35/100
|move|p2a: Mew|Roost|p2a: Mew
|-heal|p2a: Mew|85/100
|-singleturn|p2a: Mew|move: Roost
|
|upkeep
|turn|21
|
|t:|1667306630
|move|p1a: Dragapult|Dragon Darts|p2a: Mew
|-damage|p2a: Mew|67/100
|-anim|p1a: Dragapult|Dragon Darts|p2a: Mew
|-damage|p2a: Mew|49/100
|move|p2a: Mew|Cosmic Power|p2a: Mew
|-boost|p2a: Mew|def|1
|-boost|p2a: Mew|spd|1
|
|upkeep
|turn|22
|
|t:|1667306634
|move|p1a: Dragapult|Dragon Darts|p2a: Mew
|-damage|p2a: Mew|36/100
|-anim|p1a: Dragapult|Dragon Darts|p2a: Mew
|-damage|p2a: Mew|23/100
|move|p2a: Mew|Roost|p2a: Mew
|-heal|p2a: Mew|73/100
|-singleturn|p2a: Mew|move: Roost
|
|upkeep
|turn|23
|j| Vickyris
|
|t:|1667306662
|move|p1a: Dragapult|Dragon Darts|p2a: Mew
|-crit|p2a: Mew
|-damage|p2a: Mew|19/100
|-anim|p1a: Dragapult|Dragon Darts|p2a: Mew
|-damage|p2a: Mew|6/100
|move|p2a: Mew|Roost|p2a: Mew
|-heal|p2a: Mew|56/100
|-singleturn|p2a: Mew|move: Roost
|
|upkeep
|turn|24
|
|t:|1667306668
|move|p1a: Dragapult|Dragon Darts|p2a: Mew
|-damage|p2a: Mew|42/100
|-anim|p1a: Dragapult|Dragon Darts|p2a: Mew
|-damage|p2a: Mew|28/100
|move|p2a: Mew|Roost|p2a: Mew
|-heal|p2a: Mew|78/100
|-singleturn|p2a: Mew|move: Roost
|
|upkeep
|turn|25
|
|t:|1667306672
|move|p1a: Dragapult|Dragon Darts|p2a: Mew
|-damage|p2a: Mew|63/100
|-anim|p1a: Dragapult|Dragon Darts|p2a: Mew
|-damage|p2a: Mew|48/100
|move|p2a: Mew|Cosmic Power|p2a: Mew
|-boost|p2a: Mew|def|1
|-boost|p2a: Mew|spd|1
|
|upkeep
|turn|26
|
|t:|1667306680
|move|p1a: Dragapult|Dragon Darts|p2a: Mew
|-damage|p2a: Mew|35/100
|-anim|p1a: Dragapult|Dragon Darts|p2a: Mew
|-damage|p2a: Mew|24/100
|move|p2a: Mew|Roost|p2a: Mew
|-heal|p2a: Mew|74/100
|-singleturn|p2a: Mew|move: Roost
|
|upkeep
|turn|27
|
|t:|1667306685
|move|p1a: Dragapult|Dragon Darts|p2a: Mew
|-damage|p2a: Mew|61/100
|-anim|p1a: Dragapult|Dragon Darts|p2a: Mew
|-damage|p2a: Mew|49/100
|move|p2a: Mew|Roost|p2a: Mew
|-heal|p2a: Mew|99/100
|-singleturn|p2a: Mew|move: Roost
|
|upkeep
|turn|28
|
|t:|1667306689
|move|p1a: Dragapult|Dragon Darts|p2a: Mew
|-damage|p2a: Mew|87/100
|-anim|p1a: Dragapult|Dragon Darts|p2a: Mew
|-damage|p2a: Mew|76/100
|move|p2a: Mew|Cosmic Power|p2a: Mew
|-boost|p2a: Mew|def|1
|-boost|p2a: Mew|spd|1
|
|upkeep
|turn|29
|
|t:|1667306692
|move|p1a: Dragapult|Dragon Darts|p2a: Mew
|-damage|p2a: Mew|66/100
|-anim|p1a: Dragapult|Dragon Darts|p2a: Mew
|-damage|p2a: Mew|56/100
|move|p2a: Mew|Roost|p2a: Mew
|-heal|p2a: Mew|100/100
|-singleturn|p2a: Mew|move: Roost
|
|upkeep
|turn|30
|
|t:|1667306698
|move|p1a: Dragapult|Dragon Darts|p2a: Mew
|-damage|p2a: Mew|91/100
|-anim|p1a: Dragapult|Dragon Darts|p2a: Mew
|-damage|p2a: Mew|81/100
|move|p2a: Mew|Cosmic Power|p2a: Mew
|-boost|p2a: Mew|def|1
|-boost|p2a: Mew|spd|1
|
|upkeep
|turn|31
|
|t:|1667306708
|switch|p1a: Aegislash|Aegislash, F|100/100
|-activate|p1a: Aegislash|move: Sticky Web
|-unboost|p1a: Aegislash|spe|1
|move|p2a: Mew|Roost|p2a: Mew
|-heal|p2a: Mew|100/100
|-singleturn|p2a: Mew|move: Roost
|
|upkeep
|turn|32
|
|t:|1667306724
|switch|p1a: Tapu Lele|Tapu Lele|100/100
|-activate|p1a: Tapu Lele|move: Sticky Web
|-unboost|p1a: Tapu Lele|spe|1
|-fieldstart|move: Psychic Terrain|[from] ability: Psychic Surge|[of] p1a: Tapu Lele
|move|p2a: Mew|Taunt|p1a: Tapu Lele
|-start|p1a: Tapu Lele|move: Taunt
|
|upkeep
|turn|33
|j| izuminite
|inactive|LT94JE Allistair has 120 seconds left.
|
|t:|1667306760
|move|p2a: Mew|Stored Power|p1a: Tapu Lele
|-resisted|p1a: Tapu Lele
|-damage|p1a: Tapu Lele|42/100
|move|p1a: Tapu Lele|Moonblast|p2a: Mew
|-damage|p2a: Mew|81/100
|
|upkeep
|turn|34
|l| 1212122e
|j| Takinah
|
|t:|1667306784
|switch|p1a: Aegislash|Aegislash, F|100/100
|-activate|p1a: Aegislash|move: Sticky Web
|-unboost|p1a: Aegislash|spe|1
|move|p2a: Mew|Stored Power|p1a: Aegislash
|-resisted|p1a: Aegislash
|-damage|p1a: Aegislash|64/100
|
|-heal|p1a: Aegislash|70/100|[from] item: Leftovers
|upkeep
|turn|35
|inactive|LT94JE Allistair has 120 seconds left.
|
|t:|1667306808
|switch|p1a: Dragapult|Dragapult, M|73/100
|-activate|p1a: Dragapult|move: Sticky Web
|-fail|p1a: Dragapult|unboost|[from] ability: Clear Body|[of] p1a: Dragapult
|move|p2a: Mew|Taunt|p1a: Dragapult
|-start|p1a: Dragapult|move: Taunt
|
|upkeep
|turn|36
|
|t:|1667306821
|move|p1a: Dragapult|Phantom Force||[still]
|-prepare|p1a: Dragapult|Phantom Force
|move|p2a: Mew|Roost|p2a: Mew
|-heal|p2a: Mew|100/100
|-singleturn|p2a: Mew|move: Roost
|
|-fieldend|move: Psychic Terrain
|upkeep
|turn|37
|inactive|LT94JE Allistair has 120 seconds left.
|
|t:|1667306860
|move|p1a: Dragapult|Phantom Force|p2a: Mew|[from]lockedmove
|-supereffective|p2a: Mew
|-damage|p2a: Mew|65/100
|-enditem|p2a: Mew|Weakness Policy
|-boost|p2a: Mew|atk|2|[from] item: Weakness Policy
|-boost|p2a: Mew|spa|2|[from] item: Weakness Policy
|move|p2a: Mew|Stored Power|p1a: Dragapult
|-damage|p1a: Dragapult|0 fnt
|faint|p1a: Dragapult
|
|upkeep
|j| ISimpForKlara
|-message|SMxVale forfeited.
|
|win|LT94JE Allistair
|raw|SMxVale's rating: 1795 &rarr; <strong>1772</strong><br />(-23 for losing)
|raw|LT94JE Allistair's rating: 1737 &rarr; <strong>1760</strong><br />(+23 for winning)
|l|☆SMxVale
|l|☆LT94JE Allistair
|l| Horvendil
||Ladder isn't responding, score probably updated but might not have (Request timeout).
|l| Takinah
|l| izuminite
|l| Vickyris
|l| ISimpForKlara
