|j|☆TX01NET
|j|☆Draco09876
|t:|1621312686
|gametype|singles
|player|p1|TX01NET|#clone|1636
|player|p2|Draco09876|170|1626
|teamsize|p1|6
|teamsize|p2|6
|gen|8
|tier|[Gen 8] OU
|rated|
|rule|Sleep Clause Mod: Limit one foe put to sleep
|rule|Species Clause: Limit one of each Pokémon
|rule|OHKO Clause: OHKO moves are banned
|rule|Evasion Moves Clause: Evasion moves are banned
|rule|Endless Battle Clause: Forcing endless battles is banned
|rule|HP Percentage Mod: HP is shown in percentages
|rule|Dynamax Clause: You cannot dynamax
|clearpoke
|poke|p1|Blaziken, F|
|poke|p1|Slowking, M|
|poke|p1|Dragonite, M|
|poke|p1|Landorus-Therian, M|
|poke|p1|Scizor, F|
|poke|p1|Zeraora|
|poke|p2|Hawlucha, M|
|poke|p2|Dragapult, F|
|poke|p2|Tapu Lele|
|poke|p2|Slowking-Galar, M|
|poke|p2|Ferrothorn, F|
|poke|p2|Mandibuzz, F|
|teampreview
|inactive|Battle timer is ON: inactive players will automatically lose when time's up. (requested by Draco09876)
|inactive|TX01NET also wants the timer to be on.
|
|t:|1621312705
|start
|switch|p1a: Blaziken|Blaziken, F|100/100
|switch|p2a: Ferrothorn|Ferrothorn, F|100/100
|turn|1
|
|t:|1621312714
|move|p1a: Blaziken|Knock Off|p2a: Ferrothorn
|-damage|p2a: Ferrothorn|70/100
|-damage|p1a: Blaziken|88/100|[from] ability: Iron Barbs|[of] p2a: Ferrothorn
|-damage|p1a: Blaziken|72/100|[from] item: Rocky Helmet|[of] p2a: Ferrothorn
|-enditem|p2a: Ferrothorn|Rocky Helmet|[from] move: Knock Off|[of] p1a: Blaziken
|move|p2a: Ferrothorn|Leech Seed|p1a: Blaziken
|-start|p1a: Blaziken|move: Leech Seed
|
|-damage|p1a: Blaziken|59/100|[from] Leech Seed|[of] p2a: Ferrothorn
|-heal|p2a: Ferrothorn|81/100|[silent]
|-ability|p1a: Blaziken|Speed Boost|boost
|-boost|p1a: Blaziken|spe|1
|upkeep
|turn|2
|
|t:|1621312728
|switch|p1a: Landorus|Landorus-Therian, M|100/100
|-ability|p1a: Landorus|Intimidate|boost
|-unboost|p2a: Ferrothorn|atk|1
|switch|p2a: Mandibuzz|Mandibuzz, F|100/100
|
|upkeep
|turn|3
|
|t:|1621312735
|move|p1a: Landorus|Toxic|p2a: Mandibuzz
|-status|p2a: Mandibuzz|tox
|move|p2a: Mandibuzz|Knock Off|p1a: Landorus
|-damage|p1a: Landorus|84/100
|-enditem|p1a: Landorus|Leftovers|[from] move: Knock Off|[of] p2a: Mandibuzz
|
|-damage|p2a: Mandibuzz|94/100 tox|[from] psn
|upkeep
|turn|4
|
|t:|1621312744
|switch|p2a: Tapu Lele|Tapu Lele|100/100
|-fieldstart|move: Psychic Terrain|[from] ability: Psychic Surge|[of] p2a: Tapu Lele
|move|p1a: Landorus|Stealth Rock|p2a: Tapu Lele
|-sidestart|p2: Draco09876|move: Stealth Rock
|
|upkeep
|turn|5
|
|t:|1621312751
|switch|p1a: Scizor|Scizor, F|100/100
|move|p2a: Tapu Lele|Psyshock|p1a: Scizor
|-resisted|p1a: Scizor
|-damage|p1a: Scizor|59/100
|
|upkeep
|turn|6
|
|t:|1621312758
|switch|p2a: Ferrothorn|Ferrothorn, F|81/100
|-damage|p2a: Ferrothorn|75/100|[from] Stealth Rock
|move|p1a: Scizor|U-turn|p2a: Ferrothorn
|-damage|p2a: Ferrothorn|56/100
|-damage|p1a: Scizor|46/100|[from] ability: Iron Barbs|[of] p2a: Ferrothorn
|
|t:|1621312767
|switch|p1a: Blaziken|Blaziken, F|59/100|[from]move: U-turn
|
|upkeep
|turn|7
|
|t:|1621312772
|move|p1a: Blaziken|Flare Blitz|p2a: Ferrothorn
|-supereffective|p2a: Ferrothorn
|-damage|p2a: Ferrothorn|0 fnt
|-damage|p1a: Blaziken|47/100|[from] ability: Iron Barbs|[of] p2a: Ferrothorn
|faint|p2a: Ferrothorn
|-damage|p1a: Blaziken|26/100|[from] Recoil
|
|-ability|p1a: Blaziken|Speed Boost|boost
|-boost|p1a: Blaziken|spe|1
|upkeep
|
|t:|1621312800
|switch|p2a: Mandibuzz|Mandibuzz, F|94/100 tox
|turn|8
|
|t:|1621312805
|switch|p1a: Zeraora|Zeraora|100/100
|move|p2a: Mandibuzz|Knock Off|p1a: Zeraora
|-damage|p1a: Zeraora|70/100
|-enditem|p1a: Zeraora|Heavy-Duty Boots|[from] move: Knock Off|[of] p2a: Mandibuzz
|
|-damage|p2a: Mandibuzz|88/100 tox|[from] psn
|-fieldend|move: Psychic Terrain
|upkeep
|turn|9
|
|t:|1621312816
|move|p1a: Zeraora|Bulk Up|p1a: Zeraora
|-boost|p1a: Zeraora|atk|1
|-boost|p1a: Zeraora|def|1
|move|p2a: Mandibuzz|Defog|p1a: Zeraora
|-unboost|p1a: Zeraora|evasion|1
|-sideend|p2: Draco09876|Stealth Rock|[from] move: Defog|[of] p2a: Mandibuzz
|
|-damage|p2a: Mandibuzz|76/100 tox|[from] psn
|upkeep
|turn|10
|
|t:|1621312826
|move|p1a: Zeraora|Plasma Fists|p2a: Mandibuzz
|-supereffective|p2a: Mandibuzz
|-damage|p2a: Mandibuzz|2/100 tox
|move|p2a: Mandibuzz|Whirlwind|p1a: Zeraora
|-heal|p1a: Zeraora|95/100|[from] ability: Volt Absorb|[of] p2a: Mandibuzz
|
|-damage|p2a: Mandibuzz|0 fnt|[from] psn
|faint|p2a: Mandibuzz
|upkeep
|
|t:|1621312830
|switch|p2a: Tapu Lele|Tapu Lele|100/100
|-fieldstart|move: Psychic Terrain|[from] ability: Psychic Surge|[of] p2a: Tapu Lele
|turn|11
|
|t:|1621312841
|move|p1a: Zeraora|Plasma Fists|p2a: Tapu Lele
|-damage|p2a: Tapu Lele|0 fnt
|faint|p2a: Tapu Lele
|
|upkeep
|
|t:|1621312845
|switch|p2a: Hawlucha|Hawlucha, M|100/100
|-enditem|p2a: Hawlucha|Psychic Seed
|-boost|p2a: Hawlucha|spd|1|[from] item: Psychic Seed
|turn|12
|
|t:|1621312850
|move|p2a: Hawlucha|Close Combat|p1a: Zeraora
|-damage|p1a: Zeraora|44/100
|-unboost|p2a: Hawlucha|def|1
|-unboost|p2a: Hawlucha|spd|1
|move|p1a: Zeraora|Plasma Fists|p2a: Hawlucha
|-supereffective|p2a: Hawlucha
|-damage|p2a: Hawlucha|0 fnt
|faint|p2a: Hawlucha
|
|upkeep
|-message|Draco09876 forfeited.
|
|win|TX01NET
|raw|TX01NET's rating: 1636 &rarr; <strong>1655</strong><br />(+19 for winning)
|raw|Draco09876's rating: 1626 &rarr; <strong>1607</strong><br />(-19 for losing)
|l|☆Draco09876
