|j|☆The Northern Blade
|j|☆enpathy
|t:|1647778426
|gametype|singles
|player|p1|The Northern Blade|bugsy|1728
|player|p2|enpathy|2|1739
|teamsize|p1|6
|teamsize|p2|6
|gen|8
|tier|[Gen 8] OU
|rated|
|rule|Sleep Clause Mod: Limit one foe put to sleep
|rule|Species Clause: Limit one of each Pokémon
|rule|OHKO Clause: OHKO moves are banned
|rule|Evasion Moves Clause: Evasion moves are banned
|rule|Endless Battle Clause: Forcing endless battles is banned
|rule|HP Percentage Mod: HP is shown in percentages
|rule|Dynamax Clause: You cannot dynamax
|clearpoke
|poke|p1|Magnezone|
|poke|p1|Kartana|
|poke|p1|Landorus-Therian, M|
|poke|p1|Tapu Fini|
|poke|p1|Dragonite, F|
|poke|p1|Tapu Lele|
|poke|p2|Slowbro, F|
|poke|p2|Mandibuzz, F|
|poke|p2|Landorus-Therian, M|
|poke|p2|Zeraora|
|poke|p2|Weavile, M|
|poke|p2|Kartana|
|teampreview
|inactive|Battle timer is ON: inactive players will automatically lose when time's up. (requested by The Northern Blade)
|j| El Paccino
|inactive|enpathy has 120 seconds left.
|l| El Paccino
|
|t:|1647778497
|start
|switch|p1a: Landorus|Landorus-Therian, M|100/100
|switch|p2a: Slowbro|Slowbro, F|100/100
|-ability|p1a: Landorus|Intimidate|boost
|-unboost|p2a: Slowbro|atk|1
|turn|1
|
|t:|1647778507
|move|p1a: Landorus|Toxic|p2a: Slowbro
|-status|p2a: Slowbro|tox
|move|p2a: Slowbro|Scald|p1a: Landorus
|-supereffective|p1a: Landorus
|-damage|p1a: Landorus|59/100
|
|-heal|p1a: Landorus|65/100|[from] item: Leftovers
|-damage|p2a: Slowbro|94/100 tox|[from] psn
|upkeep
|turn|2
|
|t:|1647778519
|move|p1a: Landorus|Stealth Rock|p2a: Slowbro
|-sidestart|p2: enpathy|move: Stealth Rock
|move|p2a: Slowbro|Scald|p1a: Landorus
|-supereffective|p1a: Landorus
|-damage|p1a: Landorus|21/100
|-status|p1a: Landorus|brn
|
|-heal|p1a: Landorus|27/100 brn|[from] item: Leftovers
|-damage|p2a: Slowbro|82/100 tox|[from] psn
|-damage|p1a: Landorus|21/100 brn|[from] brn
|upkeep
|turn|3
|
|t:|1647778521
|move|p1a: Landorus|U-turn|p2a: Slowbro
|-supereffective|p2a: Slowbro
|-damage|p2a: Slowbro|69/100 tox
|-enditem|p2a: Slowbro|Eject Button
|
|t:|1647778524
|switch|p2a: Mandibuzz|Mandibuzz, F|100/100
|
|-heal|p1a: Landorus|27/100 brn|[from] item: Leftovers
|-damage|p1a: Landorus|21/100 brn|[from] brn
|upkeep
|turn|4
|
|t:|1647778526
|move|p1a: Landorus|Stealth Rock||[still]
|-fail|p1a: Landorus
|move|p2a: Mandibuzz|Defog|p1a: Landorus
|-unboost|p1a: Landorus|evasion|1
|-sideend|p2: enpathy|Stealth Rock|[from] move: Defog|[of] p2a: Mandibuzz
|
|-heal|p1a: Landorus|27/100 brn|[from] item: Leftovers
|-damage|p1a: Landorus|21/100 brn|[from] brn
|upkeep
|turn|5
|
|t:|1647778531
|move|p1a: Landorus|Stealth Rock|p2a: Mandibuzz
|-sidestart|p2: enpathy|move: Stealth Rock
|move|p2a: Mandibuzz|Foul Play|p1a: Landorus
|-crit|p1a: Landorus
|-damage|p1a: Landorus|0 fnt
|faint|p1a: Landorus
|
|upkeep
|
|t:|1647778534
|switch|p1a: Tapu Lele|Tapu Lele|100/100
|-fieldstart|move: Psychic Terrain|[from] ability: Psychic Surge|[of] p1a: Tapu Lele
|turn|6
|j| El Paccino
|l| El Paccino
|
|t:|1647778551
|switch|p2a: Slowbro|Slowbro, F|100/100 tox
|-damage|p2a: Slowbro|88/100 tox|[from] Stealth Rock
|move|p1a: Tapu Lele|Moonblast|p2a: Slowbro
|-damage|p2a: Slowbro|41/100 tox
|-unboost|p2a: Slowbro|spa|1
|
|-damage|p2a: Slowbro|35/100 tox|[from] psn
|upkeep
|turn|7
|
|t:|1647778556
|switch|p2a: Landorus|Landorus-Therian, M|100/100
|-damage|p2a: Landorus|88/100|[from] Stealth Rock
|-ability|p2a: Landorus|Intimidate|boost
|-unboost|p1a: Tapu Lele|atk|1
|move|p1a: Tapu Lele|Moonblast|p2a: Landorus
|-damage|p2a: Landorus|37/100
|-unboost|p2a: Landorus|spa|1
|
|-heal|p2a: Landorus|43/100|[from] item: Leftovers
|upkeep
|turn|8
|
|t:|1647778558
|move|p1a: Tapu Lele|Moonblast|p2a: Landorus
|-damage|p2a: Landorus|0 fnt
|faint|p2a: Landorus
|
|upkeep
|
|t:|1647778562
|switch|p2a: Kartana|Kartana|100/100
|-damage|p2a: Kartana|94/100|[from] Stealth Rock
|turn|9
|
|t:|1647778564
|switch|p1a: Magnezone|Magnezone|100/100
|move|p2a: Kartana|Sacred Sword|p1a: Magnezone
|-supereffective|p1a: Magnezone
|-damage|p1a: Magnezone|19/100
|
|-heal|p1a: Magnezone|25/100|[from] item: Leftovers
|upkeep
|turn|10
|
|t:|1647778570
|switch|p1a: Dragonite|Dragonite, F|100/100
|move|p2a: Kartana|Sacred Sword|p1a: Dragonite
|-resisted|p1a: Dragonite
|-damage|p1a: Dragonite|88/100
|
|-fieldend|move: Psychic Terrain
|upkeep
|turn|11
|j| Guineacats
|
|t:|1647778573
|switch|p2a: Weavile|Weavile, M|100/100
|-ability|p2a: Weavile|Pressure
|switch|p1a: Tapu Lele|Tapu Lele|100/100
|-fieldstart|move: Psychic Terrain|[from] ability: Psychic Surge|[of] p1a: Tapu Lele
|
|upkeep
|turn|12
|
|t:|1647778578
|switch|p1a: Magnezone|Magnezone|25/100
|move|p2a: Weavile|Triple Axel|p1a: Magnezone
|-resisted|p1a: Magnezone
|-damage|p1a: Magnezone|21/100
|-resisted|p1a: Magnezone
|-damage|p1a: Magnezone|14/100
|-resisted|p1a: Magnezone
|-damage|p1a: Magnezone|4/100
|-hitcount|p1a: Magnezone|3
|
|-heal|p1a: Magnezone|10/100|[from] item: Leftovers
|upkeep
|turn|13
|
|t:|1647778581
|move|p2a: Weavile|Knock Off|p1a: Magnezone
|-damage|p1a: Magnezone|0 fnt
|-enditem|p1a: Magnezone|Leftovers|[from] move: Knock Off|[of] p2a: Weavile
|faint|p1a: Magnezone
|
|upkeep
|
|t:|1647778588
|switch|p1a: Kartana|Kartana|100/100
|turn|14
|
|t:|1647778593
|switch|p2a: Slowbro|Slowbro, F|68/100 tox
|-damage|p2a: Slowbro|55/100 tox|[from] Stealth Rock
|move|p1a: Kartana|Sacred Sword|p2a: Slowbro
|-resisted|p2a: Slowbro
|-damage|p2a: Slowbro|43/100 tox
|
|-damage|p2a: Slowbro|37/100 tox|[from] psn
|upkeep
|turn|15
|
|t:|1647778597
|move|p1a: Kartana|Sacred Sword|p2a: Slowbro
|-resisted|p2a: Slowbro
|-damage|p2a: Slowbro|24/100 tox
|move|p2a: Slowbro|Teleport|p2a: Slowbro
|
|t:|1647778603
|switch|p2a: Mandibuzz|Mandibuzz, F|100/100|[from]move: Teleport
|
|-fieldend|move: Psychic Terrain
|upkeep
|turn|16
|
|t:|1647778605
|switch|p1a: Tapu Lele|Tapu Lele|100/100
|-fieldstart|move: Psychic Terrain|[from] ability: Psychic Surge|[of] p1a: Tapu Lele
|move|p2a: Mandibuzz|U-turn|p1a: Tapu Lele
|-damage|p1a: Tapu Lele|83/100
|
|t:|1647778608
|switch|p2a: Weavile|Weavile, M|100/100|[from]move: U-turn
|-ability|p2a: Weavile|Pressure
|
|upkeep
|turn|17
|
|t:|1647778611
|switch|p1a: Tapu Fini|Tapu Fini|100/100
|-fieldstart|move: Misty Terrain|[from] ability: Misty Surge|[of] p1a: Tapu Fini
|move|p2a: Weavile|Knock Off|p1a: Tapu Fini
|-resisted|p1a: Tapu Fini
|-damage|p1a: Tapu Fini|84/100
|-enditem|p1a: Tapu Fini|Leftovers|[from] move: Knock Off|[of] p2a: Weavile
|
|upkeep
|turn|18
|
|t:|1647778615
|switch|p2a: Zeraora|Zeraora|100/100
|move|p1a: Tapu Fini|Scald|p2a: Zeraora
|-damage|p2a: Zeraora|68/100
|
|upkeep
|turn|19
|
|t:|1647778619
|switch|p1a: Kartana|Kartana|100/100
|move|p2a: Zeraora|Plasma Fists|p1a: Kartana
|-resisted|p1a: Kartana
|-damage|p1a: Kartana|76/100
|-fieldactivate|move: Ion Deluge
|-hint|Normal-type moves become Electric-type after using Plasma Fists.
|
|upkeep
|turn|20
|j| AloneVR
|
|t:|1647778624
|switch|p2a: Mandibuzz|Mandibuzz, F|100/100
|move|p1a: Kartana|Leaf Blade|p2a: Mandibuzz
|-resisted|p2a: Mandibuzz
|-damage|p2a: Mandibuzz|82/100
|
|upkeep
|turn|21
|
|t:|1647778628
|switch|p1a: Tapu Lele|Tapu Lele|83/100
|-fieldstart|move: Psychic Terrain|[from] ability: Psychic Surge|[of] p1a: Tapu Lele
|move|p2a: Mandibuzz|U-turn|p1a: Tapu Lele
|-damage|p1a: Tapu Lele|66/100
|
|t:|1647778634
|switch|p2a: Zeraora|Zeraora|68/100|[from]move: U-turn
|
|upkeep
|turn|22
|c| Guineacats|Rip
|
|t:|1647778646
|switch|p1a: Tapu Fini|Tapu Fini|84/100
|-fieldstart|move: Misty Terrain|[from] ability: Misty Surge|[of] p1a: Tapu Fini
|move|p2a: Zeraora|Plasma Fists|p1a: Tapu Fini
|-supereffective|p1a: Tapu Fini
|-damage|p1a: Tapu Fini|16/100
|-fieldactivate|move: Ion Deluge
|-hint|Normal-type moves become Electric-type after using Plasma Fists.
|
|upkeep
|turn|23
|
|t:|1647778650
|move|p2a: Zeraora|Plasma Fists|p1a: Tapu Fini
|-supereffective|p1a: Tapu Fini
|-damage|p1a: Tapu Fini|0 fnt
|-fieldactivate|move: Ion Deluge
|-hint|Normal-type moves become Electric-type after using Plasma Fists.
|faint|p1a: Tapu Fini
|
|upkeep
|
|t:|1647778654
|switch|p1a: Kartana|Kartana|76/100
|turn|24
|
|t:|1647778660
|switch|p1a: Dragonite|Dragonite, F|88/100
|switch|p2a: Mandibuzz|Mandibuzz, F|82/100
|
|upkeep
|turn|25
|
|t:|1647778664
|switch|p1a: Tapu Lele|Tapu Lele|66/100
|-fieldstart|move: Psychic Terrain|[from] ability: Psychic Surge|[of] p1a: Tapu Lele
|move|p2a: Mandibuzz|Foul Play|p1a: Tapu Lele
|-damage|p1a: Tapu Lele|31/100
|
|upkeep
|turn|26
|
|t:|1647778671
|switch|p2a: Slowbro|Slowbro, F|58/100 tox
|-damage|p2a: Slowbro|45/100 tox|[from] Stealth Rock
|move|p1a: Tapu Lele|Moonblast|p2a: Slowbro
|-damage|p2a: Slowbro|0 fnt
|faint|p2a: Slowbro
|
|upkeep
|
|t:|1647778679
|switch|p2a: Weavile|Weavile, M|100/100
|-ability|p2a: Weavile|Pressure
|turn|27
|
|t:|1647778685
|move|p2a: Weavile|Knock Off|p1a: Tapu Lele
|-damage|p1a: Tapu Lele|0 fnt
|-enditem|p1a: Tapu Lele|Metronome|[from] move: Knock Off|[of] p2a: Weavile
|faint|p1a: Tapu Lele
|
|upkeep
|
|t:|1647778688
|switch|p1a: Kartana|Kartana|76/100
|turn|28
|
|t:|1647778691
|switch|p2a: Mandibuzz|Mandibuzz, F|82/100
|move|p1a: Kartana|Sacred Sword|p2a: Mandibuzz
|-damage|p2a: Mandibuzz|57/100
|
|upkeep
|turn|29
|
|t:|1647778694
|switch|p1a: Dragonite|Dragonite, F|88/100
|move|p2a: Mandibuzz|Roost|p2a: Mandibuzz
|-heal|p2a: Mandibuzz|100/100
|-singleturn|p2a: Mandibuzz|move: Roost
|
|-fieldend|move: Psychic Terrain
|upkeep
|turn|30
|
|t:|1647778699
|move|p1a: Dragonite|Roost|p1a: Dragonite
|-heal|p1a: Dragonite|100/100
|-singleturn|p1a: Dragonite|move: Roost
|move|p2a: Mandibuzz|Foul Play|p1a: Dragonite
|-damage|p1a: Dragonite|80/100
|
|upkeep
|turn|31
|
|t:|1647778702
|move|p1a: Dragonite|Dragon Dance|p1a: Dragonite
|-boost|p1a: Dragonite|atk|1
|-boost|p1a: Dragonite|spe|1
|move|p2a: Mandibuzz|Foul Play|p1a: Dragonite
|-damage|p1a: Dragonite|18/100
|
|upkeep
|turn|32
|
|t:|1647778706
|move|p1a: Dragonite|Dual Wingbeat|p2a: Mandibuzz
|-damage|p2a: Mandibuzz|81/100
|-damage|p2a: Mandibuzz|61/100
|-hitcount|p2a: Mandibuzz|2
|move|p2a: Mandibuzz|Foul Play|p1a: Dragonite
|-damage|p1a: Dragonite|0 fnt
|faint|p1a: Dragonite
|
|upkeep
|
|t:|1647778708
|switch|p1a: Kartana|Kartana|76/100
|turn|33
|
|t:|1647778710
|move|p1a: Kartana|Sacred Sword|p2a: Mandibuzz
|-damage|p2a: Mandibuzz|36/100
|move|p2a: Mandibuzz|Foul Play|p1a: Kartana
|-damage|p1a: Kartana|6/100
|
|upkeep
|turn|34
|
|t:|1647778714
|move|p1a: Kartana|Sacred Sword|p2a: Mandibuzz
|-damage|p2a: Mandibuzz|10/100
|move|p2a: Mandibuzz|Foul Play|p1a: Kartana
|-damage|p1a: Kartana|0 fnt
|faint|p1a: Kartana
|
|win|enpathy
|raw|The Northern Blade's rating: 1728 &rarr; <strong>1709</strong><br />(-19 for losing)
|raw|enpathy's rating: 1739 &rarr; <strong>1758</strong><br />(+19 for winning)
|l| Guineacats
