|j|☆GorLeon
|j|☆AlphaTherai
|t:|1667745351
|gametype|singles
|player|p1|GorLeon|dragontamer|1622
|player|p2|AlphaTherai|waitress-gen4|1706
|teamsize|p1|6
|teamsize|p2|6
|gen|8
|tier|[Gen 8] OU
|rated|
|rule|Sleep Clause Mod: Limit one foe put to sleep
|rule|Species Clause: Limit one of each Pokémon
|rule|OHKO Clause: OHKO moves are banned
|rule|Evasion Items Clause: Evasion items are banned
|rule|Evasion Moves Clause: Evasion moves are banned
|rule|Endless Battle Clause: Forcing endless battles is banned
|rule|HP Percentage Mod: HP is shown in percentages
|rule|Dynamax Clause: You cannot dynamax
|clearpoke
|poke|p1|Dragapult, M|
|poke|p1|Buzzwole|
|poke|p1|Tapu Lele|
|poke|p1|Landorus-Therian, M|
|poke|p1|Slowbro, F|
|poke|p1|Tyranitar, M|
|poke|p2|Kartana|
|poke|p2|Ferrothorn, M|
|poke|p2|Toxapex, M|
|poke|p2|Mandibuzz, F|
|poke|p2|Garchomp, F|
|poke|p2|Dragapult, F|
|teampreview
|inactive|Battle timer is ON: inactive players will automatically lose when time's up. (requested by GorLeon)
|j| xiaolong891
|c|☆GorLeon|gl hf
|j| pocus pocus
|inactive|AlphaTherai has 120 seconds left.
|
|t:|1667745383
|start
|switch|p1a: Landorus|Landorus-Therian, M|100/100
|switch|p2a: Garchomp|Garchomp, F|100/100
|-ability|p1a: Landorus|Intimidate|boost
|-unboost|p2a: Garchomp|atk|1
|turn|1
|
|t:|1667745388
|switch|p2a: Ferrothorn|Ferrothorn, M|100/100
|move|p1a: Landorus|U-turn|p2a: Ferrothorn
|-damage|p2a: Ferrothorn|85/100
|-damage|p1a: Landorus|88/100|[from] ability: Iron Barbs|[of] p2a: Ferrothorn
|l| pocus pocus
|
|t:|1667745397
|switch|p1a: Buzzwole|Buzzwole|100/100|[from]move: U-turn
|
|-heal|p2a: Ferrothorn|91/100|[from] item: Leftovers
|upkeep
|turn|2
|
|t:|1667745404
|switch|p2a: Toxapex|Toxapex, M|100/100
|move|p1a: Buzzwole|Close Combat|p2a: Toxapex
|-resisted|p2a: Toxapex
|-damage|p2a: Toxapex|74/100
|-unboost|p1a: Buzzwole|def|1
|-unboost|p1a: Buzzwole|spd|1
|-enditem|p2a: Toxapex|Eject Button
|
|t:|1667745410
|switch|p2a: Dragapult|Dragapult, F|100/100
|
|upkeep
|turn|3
|
|t:|1667745413
|switch|p1a: Tyranitar|Tyranitar, M|100/100
|-weather|Sandstorm|[from] ability: Sand Stream|[of] p1a: Tyranitar
|move|p2a: Dragapult|Dragon Darts|p1a: Tyranitar
|-damage|p1a: Tyranitar|78/100
|-anim|p2a: Dragapult|Dragon Darts|p1a: Tyranitar
|-damage|p1a: Tyranitar|56/100
|
|-weather|Sandstorm|[upkeep]
|-damage|p2a: Dragapult|95/100|[from] Sandstorm
|-heal|p2a: Dragapult|100/100|[from] item: Leftovers
|-heal|p1a: Tyranitar|62/100|[from] item: Leftovers
|upkeep
|turn|4
|
|t:|1667745427
|switch|p2a: Ferrothorn|Ferrothorn, M|91/100
|move|p1a: Tyranitar|Rock Blast|p2a: Ferrothorn
|-resisted|p2a: Ferrothorn
|-damage|p2a: Ferrothorn|87/100
|-resisted|p2a: Ferrothorn
|-damage|p2a: Ferrothorn|82/100
|-resisted|p2a: Ferrothorn
|-damage|p2a: Ferrothorn|78/100
|-hitcount|p2a: Ferrothorn|3
|
|-weather|Sandstorm|[upkeep]
|-heal|p1a: Tyranitar|68/100|[from] item: Leftovers
|-heal|p2a: Ferrothorn|84/100|[from] item: Leftovers
|upkeep
|turn|5
|
|t:|1667745431
|move|p1a: Tyranitar|Flamethrower|p2a: Ferrothorn
|-supereffective|p2a: Ferrothorn
|-damage|p2a: Ferrothorn|30/100
|move|p2a: Ferrothorn|Leech Seed|p1a: Tyranitar
|-start|p1a: Tyranitar|move: Leech Seed
|
|-weather|Sandstorm|[upkeep]
|-heal|p1a: Tyranitar|74/100|[from] item: Leftovers
|-heal|p2a: Ferrothorn|36/100|[from] item: Leftovers
|-damage|p1a: Tyranitar|62/100|[from] Leech Seed|[of] p2a: Ferrothorn
|-heal|p2a: Ferrothorn|49/100|[silent]
|upkeep
|turn|6
|
|t:|1667745437
|switch|p1a: Slowbro|Slowbro, F|100/100
|switch|p2a: Garchomp|Garchomp, F|100/100
|
|-weather|Sandstorm|[upkeep]
|-damage|p1a: Slowbro|94/100|[from] Sandstorm
|upkeep
|turn|7
|j| El Pogo Loco
|
|t:|1667745441
|move|p2a: Garchomp|Toxic|p1a: Slowbro
|-status|p1a: Slowbro|tox
|move|p1a: Slowbro|Teleport|p1a: Slowbro
|
|t:|1667745445
|switch|p1a: Tapu Lele|Tapu Lele|100/100|[from]move: Teleport
|-fieldstart|move: Psychic Terrain|[from] ability: Psychic Surge|[of] p1a: Tapu Lele
|
|-weather|none
|upkeep
|turn|8
|
|t:|1667745448
|switch|p2a: Toxapex|Toxapex, M|100/100
|move|p1a: Tapu Lele|Moonblast|p2a: Toxapex
|-resisted|p2a: Toxapex
|-damage|p2a: Toxapex|76/100
|
|upkeep
|turn|9
|
|t:|1667745454
|switch|p1a: Slowbro|Slowbro, F|100/100 tox
|move|p2a: Toxapex|Scald|p1a: Slowbro
|-resisted|p1a: Slowbro
|-damage|p1a: Slowbro|91/100 tox
|
|-damage|p1a: Slowbro|85/100 tox|[from] psn
|upkeep
|turn|10
|
|t:|1667745458
|move|p2a: Toxapex|Toxic Spikes|p1a: Slowbro
|-sidestart|p1: GorLeon|move: Toxic Spikes
|move|p1a: Slowbro|Future Sight|p2a: Toxapex
|-start|p1a: Slowbro|move: Future Sight
|
|-damage|p1a: Slowbro|73/100 tox|[from] psn
|upkeep
|turn|11
|
|t:|1667745461
|move|p2a: Toxapex|Toxic Spikes|p1a: Slowbro
|-sidestart|p1: GorLeon|move: Toxic Spikes
|move|p1a: Slowbro|Teleport|p1a: Slowbro
|
|t:|1667745468
|switch|p1a: Landorus|Landorus-Therian, M|88/100|[from]move: Teleport
|-ability|p1a: Landorus|Intimidate|boost
|-unboost|p2a: Toxapex|atk|1
|
|-heal|p1a: Landorus|94/100|[from] item: Leftovers
|-fieldend|move: Psychic Terrain
|upkeep
|turn|12
|
|t:|1667745470
|switch|p2a: Mandibuzz|Mandibuzz, F|100/100
|move|p1a: Landorus|Defog|p2a: Mandibuzz
|-unboost|p2a: Mandibuzz|evasion|1
|-sideend|p1: GorLeon|Toxic Spikes|[from] move: Defog|[of] p1a: Landorus
|
|-end|p2a: Mandibuzz|move: Future Sight
|-immune|p2a: Mandibuzz
|-heal|p1a: Landorus|99/100|[from] item: Leftovers
|upkeep
|turn|13
|
|t:|1667745473
|switch|p2a: Ferrothorn|Ferrothorn, M|49/100
|move|p1a: Landorus|Stealth Rock|p2a: Ferrothorn
|-sidestart|p2: AlphaTherai|move: Stealth Rock
|
|-heal|p1a: Landorus|100/100|[from] item: Leftovers
|-heal|p2a: Ferrothorn|55/100|[from] item: Leftovers
|upkeep
|turn|14
|
|t:|1667745478
|switch|p1a: Slowbro|Slowbro, F|100/100 tox
|move|p2a: Ferrothorn|Leech Seed|p1a: Slowbro
|-start|p1a: Slowbro|move: Leech Seed
|
|-heal|p2a: Ferrothorn|62/100|[from] item: Leftovers
|-damage|p1a: Slowbro|88/100 tox|[from] Leech Seed|[of] p2a: Ferrothorn
|-heal|p2a: Ferrothorn|75/100|[silent]
|-damage|p1a: Slowbro|82/100 tox|[from] psn
|upkeep
|turn|15
|
|t:|1667745482
|move|p2a: Ferrothorn|Spikes|p1a: Slowbro
|-sidestart|p1: GorLeon|Spikes
|move|p1a: Slowbro|Teleport|p1a: Slowbro
|
|t:|1667745490
|switch|p1a: Buzzwole|Buzzwole|100/100|[from]move: Teleport
|-damage|p1a: Buzzwole|88/100|[from] Spikes
|
|-heal|p2a: Ferrothorn|82/100|[from] item: Leftovers
|upkeep
|turn|16
|
|t:|1667745497
|switch|p2a: Toxapex|Toxapex, M|100/100
|-damage|p2a: Toxapex|88/100|[from] Stealth Rock
|move|p1a: Buzzwole|Close Combat|p2a: Toxapex
|-resisted|p2a: Toxapex
|-damage|p2a: Toxapex|62/100
|-unboost|p1a: Buzzwole|def|1
|-unboost|p1a: Buzzwole|spd|1
|
|upkeep
|turn|17
|j| avatar wan's bae
|
|t:|1667745502
|switch|p1a: Slowbro|Slowbro, F|100/100 tox
|-damage|p1a: Slowbro|88/100 tox|[from] Spikes
|move|p2a: Toxapex|Scald|p1a: Slowbro
|-resisted|p1a: Slowbro
|-damage|p1a: Slowbro|79/100 tox
|
|-damage|p1a: Slowbro|73/100 tox|[from] psn
|upkeep
|turn|18
|
|t:|1667745505
|move|p2a: Toxapex|Toxic Spikes|p1a: Slowbro
|-sidestart|p1: GorLeon|move: Toxic Spikes
|move|p1a: Slowbro|Future Sight|p2a: Toxapex
|-start|p1a: Slowbro|move: Future Sight
|
|-damage|p1a: Slowbro|61/100 tox|[from] psn
|upkeep
|turn|19
|
|t:|1667745509
|switch|p2a: Mandibuzz|Mandibuzz, F|100/100
|move|p1a: Slowbro|Scald|p2a: Mandibuzz
|-damage|p2a: Mandibuzz|78/100
|-status|p2a: Mandibuzz|brn
|
|-damage|p1a: Slowbro|43/100 tox|[from] psn
|-damage|p2a: Mandibuzz|72/100 brn|[from] brn
|upkeep
|turn|20
|
|t:|1667745514
|move|p2a: Mandibuzz|U-turn|p1a: Slowbro
|-supereffective|p1a: Slowbro
|-damage|p1a: Slowbro|36/100 tox
|-damage|p2a: Mandibuzz|56/100 brn|[from] item: Rocky Helmet|[of] p1a: Slowbro
|
|t:|1667745516
|switch|p2a: Kartana|Kartana|100/100|[from]move: U-turn
|-damage|p2a: Kartana|94/100|[from] Stealth Rock
|move|p1a: Slowbro|Teleport|p1a: Slowbro
|
|t:|1667745520
|switch|p1a: Landorus|Landorus-Therian, M|100/100|[from]move: Teleport
|-ability|p1a: Landorus|Intimidate|boost
|-unboost|p2a: Kartana|atk|1
|
|-end|p2a: Kartana|move: Future Sight
|-resisted|p2a: Kartana
|-damage|p2a: Kartana|32/100
|upkeep
|turn|21
|
|t:|1667745526
|switch|p2a: Ferrothorn|Ferrothorn, M|82/100
|-damage|p2a: Ferrothorn|75/100|[from] Stealth Rock
|move|p1a: Landorus|Defog|p2a: Ferrothorn
|-unboost|p2a: Ferrothorn|evasion|1
|-sideend|p2: AlphaTherai|Stealth Rock|[from] move: Defog|[of] p1a: Landorus
|-sideend|p1: GorLeon|Spikes|[from] move: Defog|[of] p1a: Landorus
|-sideend|p1: GorLeon|Toxic Spikes|[from] move: Defog|[of] p1a: Landorus
|
|-heal|p2a: Ferrothorn|82/100|[from] item: Leftovers
|upkeep
|turn|22
|
|t:|1667745536
|move|p1a: Landorus|Stealth Rock|p2a: Ferrothorn
|-sidestart|p2: AlphaTherai|move: Stealth Rock
|move|p2a: Ferrothorn|Leech Seed|p1a: Landorus
|-start|p1a: Landorus|move: Leech Seed
|
|-heal|p2a: Ferrothorn|88/100|[from] item: Leftovers
|-damage|p1a: Landorus|88/100|[from] Leech Seed|[of] p2a: Ferrothorn
|-heal|p2a: Ferrothorn|100/100|[silent]
|upkeep
|turn|23
|
|t:|1667745540
|switch|p1a: Slowbro|Slowbro, F|69/100 tox
|move|p2a: Ferrothorn|Leech Seed|p1a: Slowbro
|-start|p1a: Slowbro|move: Leech Seed
|
|-damage|p1a: Slowbro|57/100 tox|[from] Leech Seed|[of] p2a: Ferrothorn
|-damage|p1a: Slowbro|50/100 tox|[from] psn
|upkeep
|turn|24
|
|t:|1667745544
|move|p1a: Slowbro|Future Sight|p2a: Ferrothorn
|-start|p1a: Slowbro|move: Future Sight
|move|p2a: Ferrothorn|Knock Off|p1a: Slowbro
|-supereffective|p1a: Slowbro
|-damage|p1a: Slowbro|25/100 tox
|-damage|p2a: Ferrothorn|84/100|[from] item: Rocky Helmet|[of] p1a: Slowbro
|-enditem|p1a: Slowbro|Rocky Helmet|[from] move: Knock Off|[of] p2a: Ferrothorn
|
|-heal|p2a: Ferrothorn|90/100|[from] item: Leftovers
|-damage|p1a: Slowbro|12/100 tox|[from] Leech Seed|[of] p2a: Ferrothorn
|-heal|p2a: Ferrothorn|100/100|[silent]
|-damage|p1a: Slowbro|0 fnt|[from] psn
|faint|p1a: Slowbro
|upkeep
|
|t:|1667745550
|switch|p1a: Buzzwole|Buzzwole|88/100
|turn|25
|
|t:|1667745559
|switch|p2a: Mandibuzz|Mandibuzz, F|56/100 brn
|move|p1a: Buzzwole|Close Combat|p2a: Mandibuzz
|-crit|p2a: Mandibuzz
|-damage|p2a: Mandibuzz|1/100 brn
|-unboost|p1a: Buzzwole|def|1
|-unboost|p1a: Buzzwole|spd|1
|
|-damage|p2a: Mandibuzz|0 fnt|[from] brn
|faint|p2a: Mandibuzz
|upkeep
|
|t:|1667745562
|switch|p2a: Dragapult|Dragapult, F|100/100
|-damage|p2a: Dragapult|88/100|[from] Stealth Rock
|turn|26
|
|t:|1667745565
|switch|p1a: Tyranitar|Tyranitar, M|62/100
|-weather|Sandstorm|[from] ability: Sand Stream|[of] p1a: Tyranitar
|move|p2a: Dragapult|Dragon Darts|p1a: Tyranitar
|-damage|p1a: Tyranitar|40/100
|-anim|p2a: Dragapult|Dragon Darts|p1a: Tyranitar
|-damage|p1a: Tyranitar|20/100
|
|-weather|Sandstorm|[upkeep]
|-damage|p2a: Dragapult|82/100|[from] Sandstorm
|-end|p2a: Dragapult|move: Future Sight
|-damage|p2a: Dragapult|29/100
|-heal|p2a: Dragapult|35/100|[from] item: Leftovers
|-heal|p1a: Tyranitar|27/100|[from] item: Leftovers
|upkeep
|turn|27
|
|t:|1667745573
|switch|p1a: Landorus|Landorus-Therian, M|88/100
|-ability|p1a: Landorus|Intimidate|boost
|-fail|p2a: Dragapult|unboost|[from] ability: Clear Body|[of] p2a: Dragapult
|move|p2a: Dragapult|Dragon Dance|p2a: Dragapult
|-boost|p2a: Dragapult|atk|1
|-boost|p2a: Dragapult|spe|1
|
|-weather|Sandstorm|[upkeep]
|-damage|p2a: Dragapult|29/100|[from] Sandstorm
|-heal|p2a: Dragapult|35/100|[from] item: Leftovers
|-heal|p1a: Landorus|94/100|[from] item: Leftovers
|upkeep
|turn|28
|
|t:|1667745589
|switch|p2a: Ferrothorn|Ferrothorn, M|100/100
|-damage|p2a: Ferrothorn|94/100|[from] Stealth Rock
|move|p1a: Landorus|Earthquake|p2a: Ferrothorn
|-damage|p2a: Ferrothorn|61/100
|
|-weather|Sandstorm|[upkeep]
|-heal|p1a: Landorus|99/100|[from] item: Leftovers
|-heal|p2a: Ferrothorn|67/100|[from] item: Leftovers
|upkeep
|turn|29
|j| StreaMoustache
|
|t:|1667745614
|switch|p1a: Tyranitar|Tyranitar, M|27/100
|move|p2a: Ferrothorn|Gyro Ball|p1a: Tyranitar
|-supereffective|p1a: Tyranitar
|-crit|p1a: Tyranitar
|-damage|p1a: Tyranitar|0 fnt
|faint|p1a: Tyranitar
|
|-weather|Sandstorm|[upkeep]
|-heal|p2a: Ferrothorn|74/100|[from] item: Leftovers
|upkeep
|
|t:|1667745619
|switch|p1a: Tapu Lele|Tapu Lele|100/100
|-fieldstart|move: Psychic Terrain|[from] ability: Psychic Surge|[of] p1a: Tapu Lele
|turn|30
|
|t:|1667745622
|move|p1a: Tapu Lele|Focus Blast|p2a: Ferrothorn
|-supereffective|p2a: Ferrothorn
|-damage|p2a: Ferrothorn|0 fnt
|faint|p2a: Ferrothorn
|
|-weather|none
|upkeep
|
|t:|1667745625
|switch|p2a: Dragapult|Dragapult, F|35/100
|-damage|p2a: Dragapult|23/100|[from] Stealth Rock
|turn|31
|
|t:|1667745629
|switch|p1a: Landorus|Landorus-Therian, M|99/100
|-ability|p1a: Landorus|Intimidate|boost
|-fail|p2a: Dragapult|unboost|[from] ability: Clear Body|[of] p2a: Dragapult
|move|p2a: Dragapult|Dragon Darts|p1a: Landorus
|-damage|p1a: Landorus|75/100
|-anim|p2a: Dragapult|Dragon Darts|p1a: Landorus
|-crit|p1a: Landorus
|-damage|p1a: Landorus|37/100
|
|-heal|p2a: Dragapult|29/100|[from] item: Leftovers
|-heal|p1a: Landorus|43/100|[from] item: Leftovers
|upkeep
|turn|32
|
|t:|1667745635
|move|p2a: Dragapult|Dragon Darts|p1a: Landorus
|-damage|p1a: Landorus|17/100
|-anim|p2a: Dragapult|Dragon Darts|p1a: Landorus
|-damage|p1a: Landorus|0 fnt
|faint|p1a: Landorus
|
|-heal|p2a: Dragapult|35/100|[from] item: Leftovers
|upkeep
|
|t:|1667745641
|switch|p1a: Buzzwole|Buzzwole|88/100
|turn|33
|
|t:|1667745647
|switch|p2a: Kartana|Kartana|32/100
|-damage|p2a: Kartana|26/100|[from] Stealth Rock
|move|p1a: Buzzwole|Earthquake|p2a: Kartana
|-damage|p2a: Kartana|0 fnt
|faint|p2a: Kartana
|-ability|p1a: Buzzwole|Beast Boost|boost
|-boost|p1a: Buzzwole|atk|1
|
|upkeep
|
|t:|1667745649
|switch|p2a: Garchomp|Garchomp, F|100/100
|-damage|p2a: Garchomp|94/100|[from] Stealth Rock
|turn|34
|
|t:|1667745659
|switch|p1a: Tapu Lele|Tapu Lele|100/100
|move|p2a: Garchomp|Dragon Tail|p1a: Tapu Lele
|-immune|p1a: Tapu Lele
|
|-heal|p2a: Garchomp|100/100|[from] item: Leftovers
|-fieldend|move: Psychic Terrain
|upkeep
|turn|35
|
|t:|1667745664
|move|p1a: Tapu Lele|Psyshock|p2a: Garchomp
|-damage|p2a: Garchomp|50/100
|move|p2a: Garchomp|Earthquake|p1a: Tapu Lele
|-damage|p1a: Tapu Lele|36/100
|
|-heal|p2a: Garchomp|57/100|[from] item: Leftovers
|upkeep
|turn|36
|
|t:|1667745668
|move|p1a: Tapu Lele|Psyshock|p2a: Garchomp
|-damage|p2a: Garchomp|1/100
|move|p2a: Garchomp|Toxic|p1a: Tapu Lele
|-status|p1a: Tapu Lele|tox
|
|-heal|p2a: Garchomp|8/100|[from] item: Leftovers
|-damage|p1a: Tapu Lele|30/100 tox|[from] psn
|upkeep
|turn|37
|-message|AlphaTherai forfeited.
|
|win|GorLeon
|raw|GorLeon's rating: 1622 &rarr; <strong>1647</strong><br />(+25 for winning)
|raw|AlphaTherai's rating: 1706 &rarr; <strong>1681</strong><br />(-25 for losing)
|l|☆AlphaTherai
|c|☆GorLeon|gg
|l|☆GorLeon
||Ladder isn't responding, score probably updated but might not have (Request timeout).
|l| avatar wan's bae
|l| El Pogo Loco
|j| pocus pocus
|l| xiaolong891
