|j|☆Fastpitchkiller
|j|☆CmStyles
|t:|1645904275
|gametype|singles
|player|p1|Fastpitchkiller|170|
|player|p2|CmStyles|acetrainer-gen4|
|teamsize|p1|6
|teamsize|p2|6
|gen|8
|tier|[Gen 8] OU
|rule|Sleep Clause Mod: Limit one foe put to sleep
|rule|Species Clause: Limit one of each Pokémon
|rule|OHKO Clause: OHKO moves are banned
|rule|Evasion Moves Clause: Evasion moves are banned
|rule|Endless Battle Clause: Forcing endless battles is banned
|rule|HP Percentage Mod: HP is shown in percentages
|rule|Dynamax Clause: You cannot dynamax
|clearpoke
|poke|p1|Porygon2|
|poke|p1|Dragapult, M|
|poke|p1|Garchomp, F|
|poke|p1|Zeraora|
|poke|p1|Corviknight, M|
|poke|p1|Melmetal|
|poke|p2|Garchomp, M|
|poke|p2|Tornadus-Therian, M|
|poke|p2|Ferrothorn, M|
|poke|p2|Regieleki|
|poke|p2|Blissey, F|
|poke|p2|Kartana|
|teampreview
|
|t:|1645904306
|start
|switch|p1a: Sharkchomp|Garchomp, F|100/100
|switch|p2a: Tornadus|Tornadus-Therian, M|100/100
|turn|1
|
|t:|1645904313
|move|p2a: Tornadus|Hurricane|p1a: Sharkchomp
|-crit|p1a: Sharkchomp
|-damage|p1a: Sharkchomp|25/100
|-start|p1a: Sharkchomp|confusion
|-activate|p1a: Sharkchomp|confusion
|move|p1a: Sharkchomp|Toxic|p2a: Tornadus
|-status|p2a: Tornadus|tox
|
|-heal|p1a: Sharkchomp|32/100|[from] item: Leftovers
|-damage|p2a: Tornadus|94/100 tox|[from] psn
|upkeep
|turn|2
|
|t:|1645904324
|switch|p1a: Pato|Porygon2|100/100
|-ability|p1a: Pato|Regenerator|[from] ability: Trace|[of] p2a: Tornadus
|move|p2a: Tornadus|Knock Off|p1a: Pato
|-damage|p1a: Pato|87/100
|-enditem|p1a: Pato|Eviolite|[from] move: Knock Off|[of] p2a: Tornadus
|
|-damage|p2a: Tornadus|82/100 tox|[from] psn
|upkeep
|turn|3
|
|t:|1645904336
|move|p2a: Tornadus|U-turn|p1a: Pato
|-damage|p1a: Pato|72/100
|
|t:|1645904341
|switch|p2a: Ferrothorn|Ferrothorn, M|100/100|[from]move: U-turn
|move|p1a: Pato|Teleport|p1a: Pato
|
|t:|1645904348
|switch|p1a: Sharkchomp|Garchomp, F|32/100|[from]move: Teleport
|
|-heal|p1a: Sharkchomp|38/100|[from] item: Leftovers
|upkeep
|turn|4
|
|t:|1645904355
|move|p1a: Sharkchomp|Fire Blast|p2a: Ferrothorn
|-supereffective|p2a: Ferrothorn
|-crit|p2a: Ferrothorn
|-damage|p2a: Ferrothorn|8/100
|move|p2a: Ferrothorn|Leech Seed|p1a: Sharkchomp|[miss]
|-miss|p2a: Ferrothorn|p1a: Sharkchomp
|
|-heal|p1a: Sharkchomp|44/100|[from] item: Leftovers
|upkeep
|turn|5
|
|t:|1645904364
|switch|p2a: Tornadus|Tornadus-Therian, M|100/100 tox
|move|p1a: Sharkchomp|Stealth Rock|p2a: Tornadus
|-sidestart|p2: CmStyles|move: Stealth Rock
|
|-heal|p1a: Sharkchomp|50/100|[from] item: Leftovers
|-damage|p2a: Tornadus|94/100 tox|[from] psn
|upkeep
|turn|6
|
|t:|1645904373
|switch|p1a: Pato|Porygon2|100/100
|-ability|p1a: Pato|Regenerator|[from] ability: Trace|[of] p2a: Tornadus
|move|p2a: Tornadus|Hurricane|p1a: Pato
|-crit|p1a: Pato
|-damage|p1a: Pato|50/100
|-start|p1a: Pato|confusion
|
|-damage|p2a: Tornadus|82/100 tox|[from] psn
|upkeep
|turn|7
|
|t:|1645904386
|move|p2a: Tornadus|Hurricane|p1a: Pato
|-damage|p1a: Pato|18/100
|-activate|p1a: Pato|confusion
|move|p1a: Pato|Recover|p1a: Pato
|-heal|p1a: Pato|68/100
|
|-damage|p2a: Tornadus|64/100 tox|[from] psn
|upkeep
|turn|8
|
|t:|1645904395
|move|p2a: Tornadus|U-turn|p1a: Pato
|-damage|p1a: Pato|53/100
|
|t:|1645904398
|switch|p2a: Ferrothorn|Ferrothorn, M|8/100|[from]move: U-turn
|-damage|p2a: Ferrothorn|2/100|[from] Stealth Rock
|-end|p1a: Pato|confusion
|move|p1a: Pato|Recover|p1a: Pato
|-heal|p1a: Pato|100/100
|
|upkeep
|turn|9
|
|t:|1645904411
|move|p2a: Ferrothorn|Spikes|p1a: Pato
|-sidestart|p1: Fastpitchkiller|Spikes
|move|p1a: Pato|Teleport|p1a: Pato
|
|t:|1645904430
|switch|p1a: Ryuk|Dragapult, M|100/100|[from]move: Teleport
|-damage|p1a: Ryuk|88/100|[from] Spikes
|
|upkeep
|turn|10
|
|t:|1645904436
|move|p1a: Ryuk|U-turn|p2a: Ferrothorn
|-damage|p2a: Ferrothorn|0 fnt
|-damage|p1a: Ryuk|76/100|[from] ability: Iron Barbs|[of] p2a: Ferrothorn
|-damage|p1a: Ryuk|59/100|[from] item: Rocky Helmet|[of] p2a: Ferrothorn
|faint|p2a: Ferrothorn
|
|t:|1645904449
|switch|p1a: Pato|Porygon2|100/100|[from]move: U-turn
|-damage|p1a: Pato|88/100|[from] Spikes
|
|upkeep
|
|t:|1645904457
|switch|p2a: Regieleki|Regieleki|100/100
|-ability|p1a: Pato|Transistor|[from] ability: Trace|[of] p2a: Regieleki
|-damage|p2a: Regieleki|88/100|[from] Stealth Rock
|turn|11
|
|t:|1645904466
|move|p2a: Regieleki|Rapid Spin|p1a: Pato
|-crit|p1a: Pato
|-damage|p1a: Pato|66/100
|-boost|p2a: Regieleki|spe|1
|-sideend|p2: CmStyles|Stealth Rock|[from] move: Rapid Spin|[of] p2a: Regieleki
|-damage|p2a: Regieleki|78/100|[from] item: Life Orb
|move|p1a: Pato|Toxic|p2a: Regieleki
|-status|p2a: Regieleki|tox
|
|-damage|p2a: Regieleki|72/100 tox|[from] psn
|upkeep
|turn|12
|
|t:|1645904477
|move|p2a: Regieleki|Thunderbolt|p1a: Pato
|-damage|p1a: Pato|16/100
|-damage|p2a: Regieleki|62/100 tox|[from] item: Life Orb
|move|p1a: Pato|Recover|p1a: Pato
|-heal|p1a: Pato|66/100
|
|-damage|p2a: Regieleki|50/100 tox|[from] psn
|upkeep
|turn|13
|
|t:|1645904487
|switch|p2a: Blissey|Blissey, F|100/100
|switch|p1a: Sharkchomp|Garchomp, F|50/100
|-damage|p1a: Sharkchomp|38/100|[from] Spikes
|
|-heal|p1a: Sharkchomp|44/100|[from] item: Leftovers
|upkeep
|turn|14
|
|t:|1645904496
|switch|p1a: Johnny Bravo|Melmetal|100/100
|-damage|p1a: Johnny Bravo|88/100|[from] Spikes
|move|p2a: Blissey|Toxic|p1a: Johnny Bravo
|-immune|p1a: Johnny Bravo
|
|upkeep
|turn|15
|
|t:|1645904504
|move|p1a: Johnny Bravo|Double Iron Bash|p2a: Blissey
|-damage|p2a: Blissey|64/100
|-damage|p2a: Blissey|26/100
|-hitcount|p2a: Blissey|2
|cant|p2a: Blissey|flinch
|
|upkeep
|turn|16
|
|t:|1645904517
|switch|p2a: Regieleki|Regieleki|50/100 tox
|move|p1a: Johnny Bravo|Double Iron Bash|p2a: Regieleki
|-resisted|p2a: Regieleki
|-damage|p2a: Regieleki|2/100 tox
|-resisted|p2a: Regieleki
|-damage|p2a: Regieleki|0 fnt
|faint|p2a: Regieleki
|-hitcount|p2: Regieleki|2
|
|upkeep
|
|t:|1645904518
|switch|p2a: Garchomp|Garchomp, M, shiny|100/100
|turn|17
|
|t:|1645904528
|move|p2a: Garchomp|Stealth Rock|p1a: Johnny Bravo
|-sidestart|p1: Fastpitchkiller|move: Stealth Rock
|move|p1a: Johnny Bravo|Double Iron Bash|p2a: Garchomp
|-damage|p2a: Garchomp|56/100
|-activate|p2a: Garchomp|ability: Rough Skin
|-activate|p1a: Johnny Bravo|item: Protective Pads
|-damage|p2a: Garchomp|13/100
|-activate|p2a: Garchomp|ability: Rough Skin
|-activate|p1a: Johnny Bravo|item: Protective Pads
|-hitcount|p2a: Garchomp|2
|
|-heal|p2a: Garchomp|19/100|[from] item: Leftovers
|upkeep
|turn|18
|
|t:|1645904540
|switch|p1a: Corvikstall|Corviknight, M|100/100
|-damage|p1a: Corvikstall|88/100|[from] Stealth Rock
|-ability|p1a: Corvikstall|Pressure
|move|p2a: Garchomp|Earthquake|p1a: Corvikstall
|-immune|p1a: Corvikstall
|
|-heal|p2a: Garchomp|25/100|[from] item: Leftovers
|upkeep
|turn|19
|
|t:|1645904550
|switch|p2a: Tornadus|Tornadus-Therian, M|98/100 tox
|move|p1a: Corvikstall|Defog|p2a: Tornadus
|-unboost|p2a: Tornadus|evasion|1
|-sideend|p1: Fastpitchkiller|Spikes|[from] move: Defog|[of] p1a: Corvikstall
|-sideend|p1: Fastpitchkiller|Stealth Rock|[from] move: Defog|[of] p1a: Corvikstall
|
|-damage|p2a: Tornadus|92/100 tox|[from] psn
|upkeep
|turn|20
|
|t:|1645904560
|move|p2a: Tornadus|Hurricane|p1a: Corvikstall
|-resisted|p1a: Corvikstall
|-damage|p1a: Corvikstall|65/100
|move|p1a: Corvikstall|U-turn|p2a: Tornadus
|-resisted|p2a: Tornadus
|-damage|p2a: Tornadus|82/100 tox
|
|t:|1645904566
|switch|p1a: Don gato|Zeraora|100/100|[from]move: U-turn
|
|-damage|p2a: Tornadus|70/100 tox|[from] psn
|upkeep
|turn|21
|
|t:|1645904574
|move|p1a: Don gato|Bulk Up|p1a: Don gato
|-boost|p1a: Don gato|atk|1
|-boost|p1a: Don gato|def|1
|move|p2a: Tornadus|Knock Off|p1a: Don gato
|-damage|p1a: Don gato|82/100
|-enditem|p1a: Don gato|Heavy-Duty Boots|[from] move: Knock Off|[of] p2a: Tornadus
|
|-damage|p2a: Tornadus|52/100 tox|[from] psn
|upkeep
|turn|22
|
|t:|1645904584
|move|p1a: Don gato|Plasma Fists|p2a: Tornadus
|-supereffective|p2a: Tornadus
|-damage|p2a: Tornadus|0 fnt
|-fieldactivate|move: Ion Deluge
|-hint|Normal-type moves become Electric-type after using Plasma Fists.
|faint|p2a: Tornadus
|
|upkeep
|
|t:|1645904587
|switch|p2a: Garchomp|Garchomp, M, shiny|25/100
|turn|23
|
|t:|1645904594
|move|p1a: Don gato|Knock Off|p2a: Garchomp
|-damage|p2a: Garchomp|0 fnt
|-damage|p1a: Don gato|69/100|[from] ability: Rough Skin|[of] p2a: Garchomp
|-enditem|p2a: Garchomp|Leftovers|[from] move: Knock Off|[of] p1a: Don gato
|faint|p2a: Garchomp
|
|upkeep
|
|t:|1645904598
|switch|p2a: Kartana|Kartana|100/100
|turn|24
|
|t:|1645904603
|move|p2a: Kartana|Leaf Blade|p1a: Don gato
|-damage|p1a: Don gato|11/100
|move|p1a: Don gato|Close Combat|p2a: Kartana
|-supereffective|p2a: Kartana
|-damage|p2a: Kartana|0 fnt
|-unboost|p1a: Don gato|def|1
|-unboost|p1a: Don gato|spd|1
|faint|p2a: Kartana
|
|upkeep
|
|t:|1645904609
|switch|p2a: Blissey|Blissey, F|26/100
|turn|25
|
|t:|1645904615
|move|p1a: Don gato|Close Combat|p2a: Blissey
|-supereffective|p2a: Blissey
|-damage|p2a: Blissey|0 fnt
|-unboost|p1a: Don gato|def|1
|-unboost|p1a: Don gato|spd|1
|faint|p2a: Blissey
|
|win|Fastpitchkiller
