|j|☆8balljacketguy
|j|☆L.A shmovinnn
|t:|1652073395
|gametype|singles
|player|p1|8balljacketguy|266|1383
|player|p2|L.A shmovinnn|psychic-gen4|1360
|teamsize|p1|6
|teamsize|p2|6
|gen|8
|tier|[Gen 8] OU
|rated|
|rule|Sleep Clause Mod: Limit one foe put to sleep
|rule|Species Clause: Limit one of each Pokémon
|rule|OHKO Clause: OHKO moves are banned
|rule|Evasion Moves Clause: Evasion moves are banned
|rule|Endless Battle Clause: Forcing endless battles is banned
|rule|HP Percentage Mod: HP is shown in percentages
|rule|Dynamax Clause: You cannot dynamax
|clearpoke
|poke|p1|Metagross|
|poke|p1|Magnezone|
|poke|p1|Volcarona, M|
|poke|p1|Regieleki|
|poke|p1|Toxapex, F|
|poke|p1|Landorus-Therian, M|
|poke|p2|Tapu Lele|
|poke|p2|Urshifu-*, F|
|poke|p2|Ferrothorn, F|
|poke|p2|Zapdos|
|poke|p2|Excadrill, F|
|poke|p2|Tyranitar, M|
|teampreview
|inactive|Battle timer is ON: inactive players will automatically lose when time's up. (requested by 8balljacketguy)
|
|t:|1652073405
|start
|switch|p1a: Magnezone|Magnezone|100/100
|switch|p2a: Urshifu|Urshifu-Rapid-Strike, F|100/100
|turn|1
|
|t:|1652073414
|switch|p1a: Toxapex|Toxapex, F|100/100
|move|p2a: Urshifu|Close Combat|p1a: Toxapex
|-resisted|p1a: Toxapex
|-crit|p1a: Toxapex
|-damage|p1a: Toxapex|75/100
|-unboost|p2a: Urshifu|def|1
|-unboost|p2a: Urshifu|spd|1
|
|upkeep
|turn|2
|
|t:|1652073418
|move|p2a: Urshifu|U-turn|p1a: Toxapex
|-resisted|p1a: Toxapex
|-damage|p1a: Toxapex|67/100
|
|t:|1652073423
|switch|p2a: Zapdos|Zapdos|100/100|[from]move: U-turn
|move|p1a: Toxapex|Toxic Spikes|p2a: Zapdos
|-sidestart|p2: L.A shmovinnn|move: Toxic Spikes
|
|upkeep
|turn|3
|
|t:|1652073431
|switch|p1a: Landorus|Landorus-Therian, M|100/100
|-ability|p1a: Landorus|Intimidate|boost
|-unboost|p2a: Zapdos|atk|1
|move|p2a: Zapdos|Defog|p1a: Landorus
|-unboost|p1a: Landorus|evasion|1
|-sideend|p2: L.A shmovinnn|Toxic Spikes|[from] move: Defog|[of] p2a: Zapdos
|
|upkeep
|turn|4
|
|t:|1652073441
|move|p1a: Landorus|Rock Polish|p1a: Landorus
|-boost|p1a: Landorus|spe|2
|move|p2a: Zapdos|Hurricane|p1a: Landorus
|-damage|p1a: Landorus|23/100
|-start|p1a: Landorus|confusion
|
|-heal|p1a: Landorus|29/100|[from] item: Leftovers
|upkeep
|turn|5
|
|t:|1652073451
|switch|p2a: Ferrothorn|Ferrothorn, F|100/100
|-activate|p1a: Landorus|confusion
|move|p1a: Landorus|Swords Dance|p1a: Landorus
|-boost|p1a: Landorus|atk|2
|
|-heal|p1a: Landorus|35/100|[from] item: Leftovers
|upkeep
|turn|6
|
|t:|1652073460
|-end|p1a: Landorus|confusion
|move|p1a: Landorus|Earthquake|p2a: Ferrothorn
|-damage|p2a: Ferrothorn|24/100
|move|p2a: Ferrothorn|Power Whip|p1a: Landorus
|-damage|p1a: Landorus|0 fnt
|faint|p1a: Landorus
|
|-heal|p2a: Ferrothorn|30/100|[from] item: Leftovers
|upkeep
|
|t:|1652073468
|switch|p1a: Volcarona|Volcarona, M|100/100
|turn|7
|
|t:|1652073475
|switch|p1a: Magnezone|Magnezone|100/100
|switch|p2a: Tyranitar|Tyranitar, M|100/100
|-weather|Sandstorm|[from] ability: Sand Stream|[of] p2a: Tyranitar
|
|-weather|Sandstorm|[upkeep]
|upkeep
|turn|8
|
|t:|1652073483
|move|p1a: Magnezone|Iron Defense|p1a: Magnezone
|-boost|p1a: Magnezone|def|2
|move|p2a: Tyranitar|Earthquake|p1a: Magnezone
|-supereffective|p1a: Magnezone
|-damage|p1a: Magnezone|5/100
|
|-weather|Sandstorm|[upkeep]
|-heal|p1a: Magnezone|11/100|[from] item: Leftovers
|upkeep
|turn|9
|
|t:|1652073485
|move|p1a: Magnezone|Body Press|p2a: Tyranitar
|-supereffective|p2a: Tyranitar
|-damage|p2a: Tyranitar|0 fnt
|faint|p2a: Tyranitar
|
|-weather|Sandstorm|[upkeep]
|-heal|p1a: Magnezone|18/100|[from] item: Leftovers
|upkeep
|
|t:|1652073489
|switch|p2a: Excadrill|Excadrill, F|100/100
|turn|10
|
|t:|1652073492
|move|p2a: Excadrill|Earthquake|p1a: Magnezone
|-supereffective|p1a: Magnezone
|-damage|p1a: Magnezone|0 fnt
|faint|p1a: Magnezone
|-damage|p2a: Excadrill|91/100|[from] item: Life Orb
|
|-weather|Sandstorm|[upkeep]
|upkeep
|
|t:|1652073497
|switch|p1a: Regieleki|Regieleki|100/100
|turn|11
|
|t:|1652073503
|move|p2a: Excadrill|Earthquake|p1a: Regieleki
|-supereffective|p1a: Regieleki
|-damage|p1a: Regieleki|0 fnt
|faint|p1a: Regieleki
|-damage|p2a: Excadrill|81/100|[from] item: Life Orb
|
|-weather|none
|upkeep
|
|t:|1652073512
|switch|p1a: Toxapex|Toxapex, F|100/100
|turn|12
|
|t:|1652073514
|move|p2a: Excadrill|Earthquake|p1a: Toxapex
|-supereffective|p1a: Toxapex
|-crit|p1a: Toxapex
|-damage|p1a: Toxapex|0 fnt
|faint|p1a: Toxapex
|-damage|p2a: Excadrill|71/100|[from] item: Life Orb
|
|upkeep
|
|t:|1652073522
|switch|p1a: Volcarona|Volcarona, M|100/100
|turn|13
|
|t:|1652073527
|move|p1a: Volcarona|Quiver Dance|p1a: Volcarona
|-boost|p1a: Volcarona|spa|1
|-boost|p1a: Volcarona|spd|1
|-boost|p1a: Volcarona|spe|1
|move|p2a: Excadrill|Rock Slide|p1a: Volcarona
|-supereffective|p1a: Volcarona
|-damage|p1a: Volcarona|0 fnt
|faint|p1a: Volcarona
|-damage|p2a: Excadrill|61/100|[from] item: Life Orb
|
|upkeep
|
|t:|1652073530
|switch|p1a: Metagross|Metagross|100/100
|turn|14
|
|t:|1652073532
|move|p2a: Excadrill|Earthquake|p1a: Metagross
|-supereffective|p1a: Metagross
|-damage|p1a: Metagross|0 fnt
|faint|p1a: Metagross
|-damage|p2a: Excadrill|51/100|[from] item: Life Orb
|
|win|L.A shmovinnn
|raw|8balljacketguy's rating: 1383 &rarr; <strong>1362</strong><br />(-21 for losing)
|raw|L.A shmovinnn's rating: 1360 &rarr; <strong>1381</strong><br />(+21 for winning)
|l|☆8balljacketguy
