|j|☆galarian dragapult
|j|☆Yoyolord
|t:|1662603527
|gametype|singles
|player|p1|galarian dragapult|zinzolin|1775
|player|p2|Yoyolord|1|1706
|teamsize|p1|6
|teamsize|p2|6
|gen|8
|tier|[Gen 8] OU
|rated|
|rule|Sleep Clause Mod: Limit one foe put to sleep
|rule|Species Clause: Limit one of each Pokémon
|rule|OHKO Clause: OHKO moves are banned
|rule|Evasion Items Clause: Evasion items are banned
|rule|Evasion Moves Clause: Evasion moves are banned
|rule|Endless Battle Clause: Forcing endless battles is banned
|rule|HP Percentage Mod: HP is shown in percentages
|rule|Dynamax Clause: You cannot dynamax
|clearpoke
|poke|p1|Corviknight, F|
|poke|p1|Tangrowth, M|
|poke|p1|Tapu Fini|
|poke|p1|Chansey, F|
|poke|p1|Volcarona, F|
|poke|p1|Hippowdon, F|
|poke|p2|Magnezone|
|poke|p2|Tapu Fini|
|poke|p2|Hippowdon, F|
|poke|p2|Tornadus-Therian, M|
|poke|p2|Slowking, M|
|poke|p2|Amoonguss, F|
|teampreview
|
|t:|1662603531
|start
|switch|p1a: Hippowdon|Hippowdon, F|100/100
|switch|p2a: Tornadus|Tornadus-Therian, M, shiny|100/100
|-weather|Sandstorm|[from] ability: Sand Stream|[of] p1a: Hippowdon
|turn|1
|inactive|Battle timer is ON: inactive players will automatically lose when time's up. (requested by galarian dragapult)
|
|t:|1662603535
|move|p2a: Tornadus|Knock Off|p1a: Hippowdon
|-damage|p1a: Hippowdon|87/100
|-enditem|p1a: Hippowdon|Leftovers|[from] move: Knock Off|[of] p2a: Tornadus
|move|p1a: Hippowdon|Toxic|p2a: Tornadus
|-status|p2a: Tornadus|tox
|
|-weather|Sandstorm|[upkeep]
|-damage|p2a: Tornadus|94/100 tox|[from] Sandstorm
|-damage|p2a: Tornadus|88/100 tox|[from] psn
|upkeep
|turn|2
|
|t:|1662603541
|move|p2a: Tornadus|U-turn|p1a: Hippowdon
|-damage|p1a: Hippowdon|77/100
|
|t:|1662603551
|switch|p2a: Amoonguss|Amoonguss, F|100/100|[from]move: U-turn
|move|p1a: Hippowdon|Stealth Rock|p2a: Amoonguss
|-sidestart|p2: Yoyolord|move: Stealth Rock
|
|-weather|Sandstorm|[upkeep]
|-damage|p2a: Amoonguss|94/100|[from] Sandstorm
|upkeep
|turn|3
|
|t:|1662603569
|switch|p1a: Chansey|Chansey, F|100/100
|move|p2a: Amoonguss|Spore|p1a: Chansey
|-status|p1a: Chansey|slp|[from] move: Spore
|
|-weather|Sandstorm|[upkeep]
|-damage|p1a: Chansey|94/100 slp|[from] Sandstorm
|-damage|p2a: Amoonguss|88/100|[from] Sandstorm
|upkeep
|turn|4
|
|t:|1662603572
|-curestatus|p1a: Chansey|slp|[from] ability: Natural Cure
|switch|p1a: Corviknight|Corviknight, F|100/100
|-ability|p1a: Corviknight|Pressure
|switch|p2a: Tornadus|Tornadus-Therian, M, shiny|100/100 tox
|
|-weather|Sandstorm|[upkeep]
|-damage|p2a: Tornadus|94/100 tox|[from] Sandstorm
|-damage|p2a: Tornadus|88/100 tox|[from] psn
|upkeep
|turn|5
|
|t:|1662603575
|switch|p1a: Hippowdon|Hippowdon, F|77/100
|move|p2a: Tornadus|Defog|p1a: Hippowdon
|-unboost|p1a: Hippowdon|evasion|1
|-sideend|p2: Yoyolord|Stealth Rock|[from] move: Defog|[of] p2a: Tornadus
|
|-weather|none
|-damage|p2a: Tornadus|76/100 tox|[from] psn
|upkeep
|turn|6
|
|t:|1662603579
|move|p2a: Tornadus|U-turn|p1a: Hippowdon
|-damage|p1a: Hippowdon|67/100
|
|t:|1662603583
|switch|p2a: Amoonguss|Amoonguss, F|100/100|[from]move: U-turn
|move|p1a: Hippowdon|Slack Off|p1a: Hippowdon
|-heal|p1a: Hippowdon|100/100
|
|upkeep
|turn|7
|
|t:|1662603587
|switch|p1a: Tapu Fini|Tapu Fini|100/100
|-fieldstart|move: Misty Terrain|[from] ability: Misty Surge|[of] p1a: Tapu Fini
|move|p2a: Amoonguss|Spore|p1a: Tapu Fini
|-activate|p1a: Tapu Fini|move: Misty Terrain
|
|upkeep
|turn|8
|
|t:|1662603590
|switch|p1a: Volcarona|Volcarona, F|100/100
|move|p2a: Amoonguss|Giga Drain|p1a: Volcarona
|-resisted|p1a: Volcarona
|-damage|p1a: Volcarona|96/100
|
|upkeep
|turn|9
|j| unimportant PS alt
|
|t:|1662603603
|switch|p2a: Tricking|Slowking, M, shiny|100/100
|move|p1a: Volcarona|Quiver Dance|p1a: Volcarona
|-boost|p1a: Volcarona|spa|1
|-boost|p1a: Volcarona|spd|1
|-boost|p1a: Volcarona|spe|1
|
|upkeep
|turn|10
|
|t:|1662603606
|move|p1a: Volcarona|Quiver Dance|p1a: Volcarona
|-boost|p1a: Volcarona|spa|1
|-boost|p1a: Volcarona|spd|1
|-boost|p1a: Volcarona|spe|1
|move|p2a: Tricking|Dragon Tail|p1a: Volcarona
|-damage|p1a: Volcarona|91/100
|drag|p1a: Corviknight|Corviknight, F|100/100
|-ability|p1a: Corviknight|Pressure
|
|upkeep
|turn|11
|j| JabamiKY
|
|t:|1662603615
|switch|p1a: Hippowdon|Hippowdon, F|100/100
|-weather|Sandstorm|[from] ability: Sand Stream|[of] p1a: Hippowdon
|move|p2a: Tricking|Future Sight|p1a: Hippowdon
|-start|p2a: Tricking|move: Future Sight
|
|-weather|Sandstorm|[upkeep]
|-damage|p2a: Tricking|94/100|[from] Sandstorm
|-fieldend|Misty Terrain
|upkeep
|turn|12
|
|t:|1662603624
|move|p1a: Hippowdon|Toxic|p2a: Tricking
|-status|p2a: Tricking|tox
|move|p2a: Tricking|Scald|p1a: Hippowdon
|-supereffective|p1a: Hippowdon
|-damage|p1a: Hippowdon|59/100
|
|-weather|Sandstorm|[upkeep]
|-damage|p2a: Tricking|88/100 tox|[from] Sandstorm
|-damage|p2a: Tricking|82/100 tox|[from] psn
|upkeep
|turn|13
|
|t:|1662603633
|switch|p2a: Tornadus|Tornadus-Therian, M, shiny|100/100 tox
|move|p1a: Hippowdon|Slack Off|p1a: Hippowdon
|-heal|p1a: Hippowdon|100/100
|
|-weather|Sandstorm|[upkeep]
|-damage|p2a: Tornadus|94/100 tox|[from] Sandstorm
|-end|p1a: Hippowdon|move: Future Sight
|-damage|p1a: Hippowdon|68/100
|-damage|p2a: Tornadus|88/100 tox|[from] psn
|upkeep
|turn|14
|l| unimportant PS alt
|
|t:|1662603638
|move|p2a: Tornadus|U-turn|p1a: Hippowdon
|-damage|p1a: Hippowdon|57/100
|
|t:|1662603641
|switch|p2a: Amoonguss|Amoonguss, F|100/100|[from]move: U-turn
|move|p1a: Hippowdon|Slack Off|p1a: Hippowdon
|-heal|p1a: Hippowdon|100/100
|
|-weather|Sandstorm|[upkeep]
|-damage|p2a: Amoonguss|94/100|[from] Sandstorm
|upkeep
|turn|15
|j| SAGBLZ
|
|t:|1662603647
|switch|p1a: Chansey|Chansey, F|94/100
|move|p2a: Amoonguss|Spore|p1a: Chansey
|-status|p1a: Chansey|slp|[from] move: Spore
|
|-weather|none
|upkeep
|turn|16
|
|t:|1662603650
|-curestatus|p1a: Chansey|slp|[from] ability: Natural Cure
|switch|p1a: Tapu Fini|Tapu Fini|100/100
|-fieldstart|move: Misty Terrain|[from] ability: Misty Surge|[of] p1a: Tapu Fini
|move|p2a: Amoonguss|Spore|p1a: Tapu Fini
|-activate|p1a: Tapu Fini|move: Misty Terrain
|
|upkeep
|turn|17
|
|t:|1662603657
|switch|p1a: Volcarona|Volcarona, F|91/100
|switch|p2a: Tornadus|Tornadus-Therian, M, shiny|100/100 tox
|
|-damage|p2a: Tornadus|94/100 tox|[from] psn
|upkeep
|turn|18
|
|t:|1662603659
|switch|p1a: Hippowdon|Hippowdon, F|100/100
|-weather|Sandstorm|[from] ability: Sand Stream|[of] p1a: Hippowdon
|move|p2a: Tornadus|Knock Off|p1a: Hippowdon
|-damage|p1a: Hippowdon|91/100
|
|-weather|Sandstorm|[upkeep]
|-damage|p2a: Tornadus|88/100 tox|[from] Sandstorm
|-damage|p2a: Tornadus|76/100 tox|[from] psn
|upkeep
|turn|19
|
|t:|1662603662
|move|p2a: Tornadus|U-turn|p1a: Hippowdon
|-damage|p1a: Hippowdon|81/100
|
|t:|1662603664
|switch|p2a: Amoonguss|Amoonguss, F|100/100|[from]move: U-turn
|move|p1a: Hippowdon|Stealth Rock|p2a: Amoonguss
|-sidestart|p2: Yoyolord|move: Stealth Rock
|
|-weather|Sandstorm|[upkeep]
|-damage|p2a: Amoonguss|94/100|[from] Sandstorm
|upkeep
|turn|20
|
|t:|1662603669
|switch|p1a: Volcarona|Volcarona, F|91/100
|move|p2a: Amoonguss|Giga Drain|p1a: Volcarona
|-resisted|p1a: Volcarona
|-crit|p1a: Volcarona
|-damage|p1a: Volcarona|83/100
|-heal|p2a: Amoonguss|97/100|[from] drain|[of] p1a: Volcarona
|
|-weather|Sandstorm|[upkeep]
|-damage|p1a: Volcarona|77/100|[from] Sandstorm
|-damage|p2a: Amoonguss|91/100|[from] Sandstorm
|-fieldend|Misty Terrain
|upkeep
|turn|21
|
|t:|1662603673
|switch|p2a: Hippowdon|Hippowdon, F|100/100
|-damage|p2a: Hippowdon|94/100|[from] Stealth Rock
|move|p1a: Volcarona|Roost|p1a: Volcarona
|-heal|p1a: Volcarona|100/100
|-singleturn|p1a: Volcarona|move: Roost
|
|-weather|Sandstorm|[upkeep]
|-damage|p1a: Volcarona|94/100|[from] Sandstorm
|-heal|p2a: Hippowdon|100/100|[from] item: Leftovers
|upkeep
|turn|22
|
|t:|1662603676
|switch|p1a: Corviknight|Corviknight, F|100/100
|-ability|p1a: Corviknight|Pressure
|move|p2a: Hippowdon|Stealth Rock|p1a: Corviknight
|-sidestart|p1: galarian dragapult|move: Stealth Rock
|
|-weather|none
|upkeep
|turn|23
|j| 5555faiz
|
|t:|1662603685
|switch|p1a: Tangrowth|Tangrowth, M|100/100
|-damage|p1a: Tangrowth|88/100|[from] Stealth Rock
|switch|p2a: Magnezone|Magnezone|100/100
|-damage|p2a: Magnezone|94/100|[from] Stealth Rock
|
|-heal|p2a: Magnezone|100/100|[from] item: Leftovers
|upkeep
|turn|24
|
|t:|1662603689
|switch|p2a: Amoonguss|Amoonguss, F|100/100
|-damage|p2a: Amoonguss|88/100|[from] Stealth Rock
|move|p1a: Tangrowth|Knock Off|p2a: Amoonguss
|-damage|p2a: Amoonguss|71/100
|-damage|p1a: Tangrowth|72/100|[from] item: Rocky Helmet|[of] p2a: Amoonguss
|-enditem|p2a: Amoonguss|Rocky Helmet|[from] move: Knock Off|[of] p1a: Tangrowth
|
|upkeep
|turn|25
|
|t:|1662603694
|switch|p1a: Chansey|Chansey, F|94/100
|-damage|p1a: Chansey|82/100|[from] Stealth Rock
|switch|p2a: Magnezone|Magnezone|100/100
|-damage|p2a: Magnezone|94/100|[from] Stealth Rock
|
|-heal|p2a: Magnezone|100/100|[from] item: Leftovers
|upkeep
|turn|26
|
|t:|1662603699
|switch|p1a: Tangrowth|Tangrowth, M|100/100
|-damage|p1a: Tangrowth|88/100|[from] Stealth Rock
|move|p2a: Magnezone|Body Press|p1a: Tangrowth
|-damage|p1a: Tangrowth|73/100
|-damage|p2a: Magnezone|84/100|[from] item: Rocky Helmet|[of] p1a: Tangrowth
|
|-heal|p2a: Magnezone|90/100|[from] item: Leftovers
|upkeep
|turn|27
|
|t:|1662603711
|move|p2a: Magnezone|Thunderbolt|p1a: Tangrowth
|-resisted|p1a: Tangrowth
|-damage|p1a: Tangrowth|44/100
|move|p1a: Tangrowth|Knock Off|p2a: Magnezone
|-damage|p2a: Magnezone|74/100
|-enditem|p2a: Magnezone|Leftovers|[from] move: Knock Off|[of] p1a: Tangrowth
|
|upkeep
|turn|28
|
|t:|1662603716
|switch|p2a: Amoonguss|Amoonguss, F|100/100
|-damage|p2a: Amoonguss|88/100|[from] Stealth Rock
|switch|p1a: Hippowdon|Hippowdon, F|81/100
|-damage|p1a: Hippowdon|75/100|[from] Stealth Rock
|-weather|Sandstorm|[from] ability: Sand Stream|[of] p1a: Hippowdon
|
|-weather|Sandstorm|[upkeep]
|-damage|p2a: Amoonguss|82/100|[from] Sandstorm
|upkeep
|turn|29
|
|t:|1662603719
|switch|p1a: Tapu Fini|Tapu Fini|100/100
|-damage|p1a: Tapu Fini|88/100|[from] Stealth Rock
|-fieldstart|move: Misty Terrain|[from] ability: Misty Surge|[of] p1a: Tapu Fini
|move|p2a: Amoonguss|Giga Drain|p1a: Tapu Fini
|-supereffective|p1a: Tapu Fini
|-damage|p1a: Tapu Fini|56/100
|-heal|p2a: Amoonguss|94/100|[from] drain|[of] p1a: Tapu Fini
|
|-weather|Sandstorm|[upkeep]
|-damage|p1a: Tapu Fini|50/100|[from] Sandstorm
|-damage|p2a: Amoonguss|88/100|[from] Sandstorm
|-heal|p1a: Tapu Fini|56/100|[from] item: Leftovers
|upkeep
|turn|30
|
|t:|1662603726
|switch|p1a: Volcarona|Volcarona, F|94/100
|move|p2a: Amoonguss|Giga Drain|p1a: Volcarona
|-resisted|p1a: Volcarona
|-damage|p1a: Volcarona|90/100
|-heal|p2a: Amoonguss|90/100|[from] drain|[of] p1a: Volcarona
|
|-weather|Sandstorm|[upkeep]
|-damage|p1a: Volcarona|83/100|[from] Sandstorm
|-damage|p2a: Amoonguss|84/100|[from] Sandstorm
|upkeep
|turn|31
|
|t:|1662603729
|switch|p1a: Tangrowth|Tangrowth, M|77/100
|-damage|p1a: Tangrowth|65/100|[from] Stealth Rock
|switch|p2a: Hippowdon|Hippowdon, F|100/100
|-damage|p2a: Hippowdon|94/100|[from] Stealth Rock
|
|-weather|Sandstorm|[upkeep]
|-damage|p1a: Tangrowth|58/100|[from] Sandstorm
|-heal|p2a: Hippowdon|100/100|[from] item: Leftovers
|upkeep
|turn|32
|
|t:|1662603735
|switch|p2a: Amoonguss|Amoonguss, F|100/100
|-damage|p2a: Amoonguss|88/100|[from] Stealth Rock
|move|p1a: Tangrowth|Giga Drain|p2a: Amoonguss
|-resisted|p2a: Amoonguss
|-damage|p2a: Amoonguss|81/100
|-heal|p1a: Tangrowth|62/100|[from] drain|[of] p2a: Amoonguss
|
|-weather|none
|upkeep
|turn|33
|
|t:|1662603743
|switch|p1a: Chansey|Chansey, F|82/100
|-damage|p1a: Chansey|70/100|[from] Stealth Rock
|switch|p2a: Hippowdon|Hippowdon, F|100/100
|-damage|p2a: Hippowdon|94/100|[from] Stealth Rock
|-weather|Sandstorm|[from] ability: Sand Stream|[of] p2a: Hippowdon
|
|-weather|Sandstorm|[upkeep]
|-damage|p1a: Chansey|64/100|[from] Sandstorm
|-heal|p2a: Hippowdon|100/100|[from] item: Leftovers
|-fieldend|Misty Terrain
|upkeep
|turn|34
|
|t:|1662603750
|move|p1a: Chansey|Soft-Boiled|p1a: Chansey
|-heal|p1a: Chansey|100/100
|move|p2a: Hippowdon|Earthquake|p1a: Chansey
|-damage|p1a: Chansey|77/100
|
|-weather|Sandstorm|[upkeep]
|-damage|p1a: Chansey|71/100|[from] Sandstorm
|upkeep
|turn|35
|
|t:|1662603755
|switch|p2a: Amoonguss|Amoonguss, F|100/100
|-damage|p2a: Amoonguss|88/100|[from] Stealth Rock
|move|p1a: Chansey|Soft-Boiled|p1a: Chansey
|-heal|p1a: Chansey|100/100
|
|-weather|Sandstorm|[upkeep]
|-damage|p1a: Chansey|94/100|[from] Sandstorm
|-damage|p2a: Amoonguss|82/100|[from] Sandstorm
|upkeep
|turn|36
|
|t:|1662603758
|switch|p2a: Tornadus|Tornadus-Therian, M, shiny|100/100 tox
|move|p1a: Chansey|Seismic Toss|p2a: Tornadus
|-damage|p2a: Tornadus|73/100 tox
|
|-weather|Sandstorm|[upkeep]
|-damage|p2a: Tornadus|67/100 tox|[from] Sandstorm
|-damage|p1a: Chansey|88/100|[from] Sandstorm
|-damage|p2a: Tornadus|61/100 tox|[from] psn
|upkeep
|turn|37
|
|t:|1662603762
|switch|p1a: Hippowdon|Hippowdon, F|75/100
|-damage|p1a: Hippowdon|68/100|[from] Stealth Rock
|move|p2a: Tornadus|Knock Off|p1a: Hippowdon
|-damage|p1a: Hippowdon|58/100
|
|-weather|none
|-damage|p2a: Tornadus|48/100 tox|[from] psn
|upkeep
|turn|38
|l| SAGBLZ
|
|t:|1662603764
|move|p2a: Tornadus|U-turn|p1a: Hippowdon
|-damage|p1a: Hippowdon|47/100
|
|t:|1662603765
|switch|p2a: Amoonguss|Amoonguss, F|100/100|[from]move: U-turn
|-damage|p2a: Amoonguss|88/100|[from] Stealth Rock
|move|p1a: Hippowdon|Slack Off|p1a: Hippowdon
|-heal|p1a: Hippowdon|97/100
|
|upkeep
|turn|39
|
|t:|1662603777
|switch|p1a: Corviknight|Corviknight, F|100/100
|-damage|p1a: Corviknight|88/100|[from] Stealth Rock
|-ability|p1a: Corviknight|Pressure
|move|p2a: Amoonguss|Giga Drain|p1a: Corviknight
|-resisted|p1a: Corviknight
|-damage|p1a: Corviknight|82/100
|-heal|p2a: Amoonguss|91/100|[from] drain|[of] p1a: Corviknight
|
|-heal|p1a: Corviknight|89/100|[from] item: Leftovers
|upkeep
|turn|40
|l| JabamiKY
|j| RandomNublet
|
|t:|1662603783
|switch|p2a: Magnezone|Magnezone|74/100
|-damage|p2a: Magnezone|67/100|[from] Stealth Rock
|move|p1a: Corviknight|Body Press|p2a: Magnezone
|-supereffective|p2a: Magnezone
|-damage|p2a: Magnezone|34/100
|
|-heal|p1a: Corviknight|95/100|[from] item: Leftovers
|upkeep
|turn|41
|
|t:|1662603786
|move|p2a: Magnezone|Thunderbolt|p1a: Corviknight
|-supereffective|p1a: Corviknight
|-damage|p1a: Corviknight|25/100
|move|p1a: Corviknight|Body Press|p2a: Magnezone
|-supereffective|p2a: Magnezone
|-damage|p2a: Magnezone|0 fnt
|faint|p2a: Magnezone
|
|-heal|p1a: Corviknight|32/100|[from] item: Leftovers
|upkeep
|
|t:|1662603793
|switch|p2a: Tapu Fini|Tapu Fini|100/100
|-damage|p2a: Tapu Fini|88/100|[from] Stealth Rock
|-fieldstart|move: Misty Terrain|[from] ability: Misty Surge|[of] p2a: Tapu Fini
|turn|42
|
|t:|1662603799
|switch|p1a: Chansey|Chansey, F|88/100
|-damage|p1a: Chansey|76/100|[from] Stealth Rock
|move|p2a: Tapu Fini|Calm Mind|p2a: Tapu Fini
|-boost|p2a: Tapu Fini|spa|1
|-boost|p2a: Tapu Fini|spd|1
|
|-heal|p2a: Tapu Fini|94/100|[from] item: Leftovers
|upkeep
|turn|43
|
|t:|1662603804
|switch|p2a: Amoonguss|Amoonguss, F|100/100
|-damage|p2a: Amoonguss|88/100|[from] Stealth Rock
|move|p1a: Chansey|Seismic Toss|p2a: Amoonguss
|-damage|p2a: Amoonguss|65/100
|
|upkeep
|turn|44
|
|t:|1662603809
|switch|p1a: Volcarona|Volcarona, F|83/100
|move|p2a: Amoonguss|Spore|p1a: Volcarona
|-activate|p1a: Volcarona|move: Misty Terrain
|
|upkeep
|turn|45
|
|t:|1662603824
|switch|p1a: Corviknight|Corviknight, F|32/100
|-damage|p1a: Corviknight|19/100|[from] Stealth Rock
|-ability|p1a: Corviknight|Pressure
|move|p2a: Amoonguss|Spore|p1a: Corviknight
|-status|p1a: Corviknight|slp|[from] move: Spore
|
|-heal|p1a: Corviknight|25/100 slp|[from] item: Leftovers
|upkeep
|turn|46
|
|t:|1662603829
|switch|p1a: Chansey|Chansey, F|76/100
|-damage|p1a: Chansey|64/100|[from] Stealth Rock
|switch|p2a: Tornadus|Tornadus-Therian, M, shiny|82/100 tox
|
|-damage|p2a: Tornadus|76/100 tox|[from] psn
|-fieldend|Misty Terrain
|upkeep
|turn|47
|
|t:|1662603832
|switch|p1a: Hippowdon|Hippowdon, F|97/100
|-damage|p1a: Hippowdon|91/100|[from] Stealth Rock
|-weather|Sandstorm|[from] ability: Sand Stream|[of] p1a: Hippowdon
|move|p2a: Tornadus|U-turn|p1a: Hippowdon
|-damage|p1a: Hippowdon|80/100
|
|t:|1662603835
|switch|p2a: Amoonguss|Amoonguss, F|98/100|[from]move: U-turn
|-damage|p2a: Amoonguss|86/100|[from] Stealth Rock
|
|-weather|Sandstorm|[upkeep]
|-damage|p2a: Amoonguss|79/100|[from] Sandstorm
|upkeep
|turn|48
|
|t:|1662603842
|switch|p1a: Corviknight|Corviknight, F|25/100 slp
|-damage|p1a: Corviknight|13/100 slp|[from] Stealth Rock
|-ability|p1a: Corviknight|Pressure
|switch|p2a: Tricking|Slowking, M, shiny|100/100 tox
|-damage|p2a: Tricking|88/100 tox|[from] Stealth Rock
|
|-weather|Sandstorm|[upkeep]
|-damage|p2a: Tricking|82/100 tox|[from] Sandstorm
|-heal|p1a: Corviknight|19/100 slp|[from] item: Leftovers
|-damage|p2a: Tricking|76/100 tox|[from] psn
|upkeep
|turn|49
|
|t:|1662603845
|switch|p1a: Chansey|Chansey, F|64/100
|-damage|p1a: Chansey|51/100|[from] Stealth Rock
|move|p2a: Tricking|Scald|p1a: Chansey
|-damage|p1a: Chansey|42/100
|-status|p1a: Chansey|brn
|
|-weather|Sandstorm|[upkeep]
|-damage|p1a: Chansey|36/100 brn|[from] Sandstorm
|-damage|p2a: Tricking|70/100 tox|[from] Sandstorm
|-damage|p2a: Tricking|58/100 tox|[from] psn
|-damage|p1a: Chansey|30/100 brn|[from] brn
|upkeep
|turn|50
|
|t:|1662603848
|move|p1a: Chansey|Soft-Boiled|p1a: Chansey
|-heal|p1a: Chansey|80/100 brn
|move|p2a: Tricking|Future Sight|p1a: Chansey
|-start|p2a: Tricking|move: Future Sight
|
|-weather|Sandstorm|[upkeep]
|-damage|p1a: Chansey|74/100 brn|[from] Sandstorm
|-damage|p2a: Tricking|52/100 tox|[from] Sandstorm
|-damage|p2a: Tricking|33/100 tox|[from] psn
|-damage|p1a: Chansey|68/100 brn|[from] brn
|upkeep
|turn|51
|
|t:|1662603853
|switch|p2a: Tornadus|Tornadus-Therian, M, shiny|100/100 tox
|move|p1a: Chansey|Aromatherapy|p1a: Chansey
|-activate|p1a: Chansey|move: Aromatherapy
|-curestatus|p1a: Chansey|brn|[msg]
|-curestatus|p1: Corviknight|slp|[msg]
|
|-weather|none
|-damage|p2a: Tornadus|94/100 tox|[from] psn
|upkeep
|turn|52
|
|t:|1662603858
|move|p2a: Tornadus|U-turn|p1a: Chansey
|-damage|p1a: Chansey|59/100
|
|t:|1662603861
|switch|p2a: Amoonguss|Amoonguss, F|100/100|[from]move: U-turn
|-damage|p2a: Amoonguss|88/100|[from] Stealth Rock
|move|p1a: Chansey|Soft-Boiled|p1a: Chansey
|-heal|p1a: Chansey|100/100
|
|-end|p1a: Chansey|move: Future Sight
|-damage|p1a: Chansey|87/100
|upkeep
|turn|53
|
|t:|1662603873
|switch|p1a: Tangrowth|Tangrowth, M|95/100
|-damage|p1a: Tangrowth|83/100|[from] Stealth Rock
|switch|p2a: Tornadus|Tornadus-Therian, M, shiny|100/100 tox
|
|-damage|p2a: Tornadus|94/100 tox|[from] psn
|upkeep
|turn|54
|
|t:|1662603879
|switch|p1a: Hippowdon|Hippowdon, F|80/100
|-damage|p1a: Hippowdon|74/100|[from] Stealth Rock
|-weather|Sandstorm|[from] ability: Sand Stream|[of] p1a: Hippowdon
|move|p2a: Tornadus|Hurricane|p1a: Hippowdon
|-damage|p1a: Hippowdon|46/100
|-start|p1a: Hippowdon|confusion
|
|-weather|Sandstorm|[upkeep]
|-damage|p2a: Tornadus|88/100 tox|[from] Sandstorm
|-damage|p2a: Tornadus|76/100 tox|[from] psn
|upkeep
|turn|55
|
|t:|1662603885
|move|p2a: Tornadus|U-turn|p1a: Hippowdon
|-damage|p1a: Hippowdon|35/100
|
|t:|1662603886
|switch|p2a: Tapu Fini|Tapu Fini|94/100|[from]move: U-turn
|-damage|p2a: Tapu Fini|82/100|[from] Stealth Rock
|-fieldstart|move: Misty Terrain|[from] ability: Misty Surge|[of] p2a: Tapu Fini
|-activate|p1a: Hippowdon|confusion
|move|p1a: Hippowdon|Slack Off|p1a: Hippowdon
|-heal|p1a: Hippowdon|85/100
|
|-weather|Sandstorm|[upkeep]
|-damage|p2a: Tapu Fini|75/100|[from] Sandstorm
|-heal|p2a: Tapu Fini|82/100|[from] item: Leftovers
|upkeep
|turn|56
|j| asadbin
|
|t:|1662603890
|switch|p1a: Chansey|Chansey, F|87/100
|-damage|p1a: Chansey|75/100|[from] Stealth Rock
|move|p2a: Tapu Fini|Calm Mind|p2a: Tapu Fini
|-boost|p2a: Tapu Fini|spa|1
|-boost|p2a: Tapu Fini|spd|1
|
|-weather|Sandstorm|[upkeep]
|-damage|p2a: Tapu Fini|75/100|[from] Sandstorm
|-damage|p1a: Chansey|69/100|[from] Sandstorm
|-heal|p2a: Tapu Fini|82/100|[from] item: Leftovers
|upkeep
|turn|57
|
|t:|1662603892
|move|p2a: Tapu Fini|Draining Kiss|p1a: Chansey
|-damage|p1a: Chansey|61/100
|-heal|p2a: Tapu Fini|94/100|[from] drain|[of] p1a: Chansey
|move|p1a: Chansey|Seismic Toss|p2a: Tapu Fini
|-damage|p2a: Tapu Fini|64/100
|
|-weather|Sandstorm|[upkeep]
|-damage|p2a: Tapu Fini|58/100|[from] Sandstorm
|-damage|p1a: Chansey|55/100|[from] Sandstorm
|-heal|p2a: Tapu Fini|64/100|[from] item: Leftovers
|upkeep
|turn|58
|
|t:|1662603895
|switch|p2a: Tricking|Slowking, M, shiny|66/100 tox
|-damage|p2a: Tricking|54/100 tox|[from] Stealth Rock
|move|p1a: Chansey|Soft-Boiled|p1a: Chansey
|-heal|p1a: Chansey|100/100
|
|-weather|none
|-damage|p2a: Tricking|48/100 tox|[from] psn
|upkeep
|turn|59
|
|t:|1662603900
|switch|p1a: Corviknight|Corviknight, F|19/100
|-damage|p1a: Corviknight|7/100|[from] Stealth Rock
|-ability|p1a: Corviknight|Pressure
|move|p2a: Tricking|Future Sight|p1a: Corviknight
|-start|p2a: Tricking|move: Future Sight
|
|-heal|p1a: Corviknight|13/100|[from] item: Leftovers
|-damage|p2a: Tricking|36/100 tox|[from] psn
|-fieldend|Misty Terrain
|upkeep
|turn|60
|
|t:|1662603902
|move|p1a: Corviknight|Roost|p1a: Corviknight
|-heal|p1a: Corviknight|63/100
|-singleturn|p1a: Corviknight|move: Roost
|move|p2a: Tricking|Flamethrower|p1a: Corviknight
|-supereffective|p1a: Corviknight
|-damage|p1a: Corviknight|27/100
|
|-heal|p1a: Corviknight|33/100|[from] item: Leftovers
|-damage|p2a: Tricking|18/100 tox|[from] psn
|upkeep
|turn|61
|
|t:|1662603904
|switch|p2a: Tornadus|Tornadus-Therian, M, shiny|100/100 tox
|move|p1a: Corviknight|Roost|p1a: Corviknight
|-heal|p1a: Corviknight|83/100
|-singleturn|p1a: Corviknight|move: Roost
|
|-end|p1a: Corviknight|move: Future Sight
|-resisted|p1a: Corviknight
|-damage|p1a: Corviknight|66/100
|-heal|p1a: Corviknight|72/100|[from] item: Leftovers
|-damage|p2a: Tornadus|94/100 tox|[from] psn
|upkeep
|turn|62
|
|t:|1662603906
|switch|p1a: Hippowdon|Hippowdon, F|85/100
|-damage|p1a: Hippowdon|79/100|[from] Stealth Rock
|-weather|Sandstorm|[from] ability: Sand Stream|[of] p1a: Hippowdon
|move|p2a: Tornadus|Knock Off|p1a: Hippowdon
|-damage|p1a: Hippowdon|69/100
|
|-weather|Sandstorm|[upkeep]
|-damage|p2a: Tornadus|88/100 tox|[from] Sandstorm
|-damage|p2a: Tornadus|76/100 tox|[from] psn
|upkeep
|turn|63
|
|t:|1662603913
|move|p2a: Tornadus|U-turn|p1a: Hippowdon
|-damage|p1a: Hippowdon|57/100
|
|t:|1662603914
|switch|p2a: Tricking|Slowking, M, shiny|51/100 tox|[from]move: U-turn
|-damage|p2a: Tricking|38/100 tox|[from] Stealth Rock
|move|p1a: Hippowdon|Slack Off|p1a: Hippowdon
|-heal|p1a: Hippowdon|100/100
|
|-weather|Sandstorm|[upkeep]
|-damage|p2a: Tricking|32/100 tox|[from] Sandstorm
|-damage|p2a: Tricking|26/100 tox|[from] psn
|upkeep
|turn|64
|
|t:|1662603931
|switch|p1a: Corviknight|Corviknight, F|72/100
|-damage|p1a: Corviknight|59/100|[from] Stealth Rock
|-ability|p1a: Corviknight|Pressure
|switch|p2a: Amoonguss|Amoonguss, F|100/100
|-damage|p2a: Amoonguss|88/100|[from] Stealth Rock
|
|-weather|Sandstorm|[upkeep]
|-damage|p2a: Amoonguss|82/100|[from] Sandstorm
|-heal|p1a: Corviknight|66/100|[from] item: Leftovers
|upkeep
|turn|65
|
|t:|1662603935
|switch|p2a: Tapu Fini|Tapu Fini|64/100
|-damage|p2a: Tapu Fini|52/100|[from] Stealth Rock
|-fieldstart|move: Misty Terrain|[from] ability: Misty Surge|[of] p2a: Tapu Fini
|move|p1a: Corviknight|Defog|p2a: Tapu Fini
|-unboost|p2a: Tapu Fini|evasion|1
|-sideend|p2: Yoyolord|Stealth Rock|[from] move: Defog|[of] p1a: Corviknight
|-sideend|p1: galarian dragapult|Stealth Rock|[from] move: Defog|[of] p1a: Corviknight
|-fieldend|Misty Terrain
|
|-weather|Sandstorm|[upkeep]
|-damage|p2a: Tapu Fini|46/100|[from] Sandstorm
|-heal|p2a: Tapu Fini|52/100|[from] item: Leftovers
|-heal|p1a: Corviknight|72/100|[from] item: Leftovers
|upkeep
|turn|66
|
|t:|1662603941
|switch|p1a: Chansey|Chansey, F|100/100
|move|p2a: Tapu Fini|Draining Kiss|p1a: Chansey
|-damage|p1a: Chansey|96/100
|-heal|p2a: Tapu Fini|59/100|[from] drain|[of] p1a: Chansey
|
|-weather|none
|-heal|p2a: Tapu Fini|65/100|[from] item: Leftovers
|upkeep
|turn|67
|
|t:|1662603945
|switch|p2a: Amoonguss|Amoonguss, F|100/100
|move|p1a: Chansey|Seismic Toss|p2a: Amoonguss
|-damage|p2a: Amoonguss|77/100
|
|upkeep
|turn|68
|
|t:|1662603951
|move|p1a: Chansey|Seismic Toss|p2a: Amoonguss
|-damage|p2a: Amoonguss|54/100
|move|p2a: Amoonguss|Giga Drain|p1a: Chansey
|-damage|p1a: Chansey|89/100
|-heal|p2a: Amoonguss|60/100|[from] drain|[of] p1a: Chansey
|
|upkeep
|turn|69
|
|t:|1662603953
|switch|p2a: Tornadus|Tornadus-Therian, M, shiny|100/100 tox
|move|p1a: Chansey|Seismic Toss|p2a: Tornadus
|-damage|p2a: Tornadus|73/100 tox
|
|-damage|p2a: Tornadus|67/100 tox|[from] psn
|upkeep
|turn|70
|
|t:|1662603956
|switch|p1a: Hippowdon|Hippowdon, F|100/100
|-weather|Sandstorm|[from] ability: Sand Stream|[of] p1a: Hippowdon
|move|p2a: Tornadus|Knock Off|p1a: Hippowdon
|-damage|p1a: Hippowdon|91/100
|
|-weather|Sandstorm|[upkeep]
|-damage|p2a: Tornadus|61/100 tox|[from] Sandstorm
|-damage|p2a: Tornadus|48/100 tox|[from] psn
|upkeep
|turn|71
|
|t:|1662603958
|move|p2a: Tornadus|U-turn|p1a: Hippowdon
|-damage|p1a: Hippowdon|81/100
|
|t:|1662603959
|switch|p2a: Amoonguss|Amoonguss, F|94/100|[from]move: U-turn
|move|p1a: Hippowdon|Stealth Rock|p2a: Amoonguss
|-sidestart|p2: Yoyolord|move: Stealth Rock
|
|-weather|Sandstorm|[upkeep]
|-damage|p2a: Amoonguss|87/100|[from] Sandstorm
|upkeep
|turn|72
|
|t:|1662603961
|switch|p1a: Chansey|Chansey, F|89/100
|switch|p2a: Tornadus|Tornadus-Therian, M, shiny|82/100 tox
|
|-weather|Sandstorm|[upkeep]
|-damage|p2a: Tornadus|76/100 tox|[from] Sandstorm
|-damage|p1a: Chansey|82/100|[from] Sandstorm
|-damage|p2a: Tornadus|69/100 tox|[from] psn
|upkeep
|turn|73
|
|t:|1662603963
|switch|p2a: Amoonguss|Amoonguss, F|100/100
|-damage|p2a: Amoonguss|88/100|[from] Stealth Rock
|switch|p1a: Hippowdon|Hippowdon, F|81/100
|
|-weather|Sandstorm|[upkeep]
|-damage|p2a: Amoonguss|82/100|[from] Sandstorm
|upkeep
|turn|74
|
|t:|1662603965
|switch|p1a: Chansey|Chansey, F|82/100
|switch|p2a: Tornadus|Tornadus-Therian, M, shiny|100/100 tox
|
|-weather|none
|-damage|p2a: Tornadus|94/100 tox|[from] psn
|upkeep
|turn|75
|
|t:|1662603966
|switch|p2a: Amoonguss|Amoonguss, F|100/100
|-damage|p2a: Amoonguss|88/100|[from] Stealth Rock
|switch|p1a: Hippowdon|Hippowdon, F|81/100
|-weather|Sandstorm|[from] ability: Sand Stream|[of] p1a: Hippowdon
|
|-weather|Sandstorm|[upkeep]
|-damage|p2a: Amoonguss|82/100|[from] Sandstorm
|upkeep
|turn|76
|
|t:|1662603968
|switch|p1a: Chansey|Chansey, F|82/100
|switch|p2a: Tornadus|Tornadus-Therian, M, shiny|100/100 tox
|
|-weather|Sandstorm|[upkeep]
|-damage|p2a: Tornadus|94/100 tox|[from] Sandstorm
|-damage|p1a: Chansey|76/100|[from] Sandstorm
|-damage|p2a: Tornadus|88/100 tox|[from] psn
|upkeep
|turn|77
|
|t:|1662603969
|switch|p2a: Amoonguss|Amoonguss, F|100/100
|-damage|p2a: Amoonguss|88/100|[from] Stealth Rock
|switch|p1a: Hippowdon|Hippowdon, F|81/100
|
|-weather|Sandstorm|[upkeep]
|-damage|p2a: Amoonguss|82/100|[from] Sandstorm
|upkeep
|turn|78
|
|t:|1662603971
|switch|p1a: Chansey|Chansey, F|76/100
|switch|p2a: Tornadus|Tornadus-Therian, M, shiny|100/100 tox
|
|-weather|Sandstorm|[upkeep]
|-damage|p2a: Tornadus|94/100 tox|[from] Sandstorm
|-damage|p1a: Chansey|70/100|[from] Sandstorm
|-damage|p2a: Tornadus|88/100 tox|[from] psn
|upkeep
|turn|79
|
|t:|1662603972
|switch|p2a: Amoonguss|Amoonguss, F|100/100
|-damage|p2a: Amoonguss|88/100|[from] Stealth Rock
|switch|p1a: Hippowdon|Hippowdon, F|81/100
|
|-weather|none
|upkeep
|turn|80
|
|t:|1662603974
|switch|p1a: Chansey|Chansey, F|70/100
|switch|p2a: Tornadus|Tornadus-Therian, M, shiny|100/100 tox
|
|-damage|p2a: Tornadus|94/100 tox|[from] psn
|upkeep
|turn|81
|
|t:|1662603975
|switch|p2a: Amoonguss|Amoonguss, F|100/100
|-damage|p2a: Amoonguss|88/100|[from] Stealth Rock
|move|p1a: Chansey|Soft-Boiled|p1a: Chansey
|-heal|p1a: Chansey|100/100
|
|upkeep
|turn|82
|
|t:|1662603977
|switch|p2a: Tornadus|Tornadus-Therian, M, shiny|100/100 tox
|move|p1a: Chansey|Seismic Toss|p2a: Tornadus
|-damage|p2a: Tornadus|73/100 tox
|
|-damage|p2a: Tornadus|67/100 tox|[from] psn
|upkeep
|turn|83
|
|t:|1662603979
|switch|p2a: Amoonguss|Amoonguss, F|100/100
|-damage|p2a: Amoonguss|88/100|[from] Stealth Rock
|move|p1a: Chansey|Seismic Toss|p2a: Amoonguss
|-damage|p2a: Amoonguss|65/100
|
|upkeep
|turn|84
|
|t:|1662603980
|switch|p2a: Tornadus|Tornadus-Therian, M, shiny|99/100 tox
|move|p1a: Chansey|Seismic Toss|p2a: Tornadus
|-damage|p2a: Tornadus|72/100 tox
|
|-damage|p2a: Tornadus|66/100 tox|[from] psn
|upkeep
|turn|85
|
|t:|1662603988
|switch|p1a: Tapu Fini|Tapu Fini|56/100
|-fieldstart|move: Misty Terrain|[from] ability: Misty Surge|[of] p1a: Tapu Fini
|move|p2a: Tornadus|Knock Off|p1a: Tapu Fini
|-resisted|p1a: Tapu Fini
|-damage|p1a: Tapu Fini|49/100
|-enditem|p1a: Tapu Fini|Leftovers|[from] move: Knock Off|[of] p2a: Tornadus
|
|-damage|p2a: Tornadus|54/100 tox|[from] psn
|upkeep
|turn|86
|
|t:|1662603993
|switch|p2a: Amoonguss|Amoonguss, F|98/100
|-damage|p2a: Amoonguss|86/100|[from] Stealth Rock
|move|p1a: Tapu Fini|Nature's Madness|p2a: Amoonguss|[miss]
|-miss|p1a: Tapu Fini|p2a: Amoonguss
|
|upkeep
|turn|87
|l| asadbin
|
|t:|1662603999
|switch|p1a: Volcarona|Volcarona, F|83/100
|switch|p2a: Tornadus|Tornadus-Therian, M, shiny|87/100 tox
|
|-damage|p2a: Tornadus|81/100 tox|[from] psn
|upkeep
|turn|88
|
|t:|1662604005
|switch|p1a: Hippowdon|Hippowdon, F|81/100
|-weather|Sandstorm|[from] ability: Sand Stream|[of] p1a: Hippowdon
|move|p2a: Tornadus|Hurricane|p1a: Hippowdon|[miss]
|-miss|p2a: Tornadus|p1a: Hippowdon
|
|-weather|Sandstorm|[upkeep]
|-damage|p2a: Tornadus|75/100 tox|[from] Sandstorm
|-damage|p2a: Tornadus|63/100 tox|[from] psn
|upkeep
|turn|89
|
|t:|1662604009
|switch|p2a: Amoonguss|Amoonguss, F|100/100
|-damage|p2a: Amoonguss|88/100|[from] Stealth Rock
|move|p1a: Hippowdon|Earthquake|p2a: Amoonguss
|-damage|p2a: Amoonguss|62/100
|
|-weather|Sandstorm|[upkeep]
|-damage|p2a: Amoonguss|56/100|[from] Sandstorm
|-fieldend|Misty Terrain
|upkeep
|turn|90
|
|t:|1662604015
|switch|p1a: Chansey|Chansey, F|100/100
|switch|p2a: Tornadus|Tornadus-Therian, M, shiny|96/100 tox
|
|-weather|Sandstorm|[upkeep]
|-damage|p2a: Tornadus|90/100 tox|[from] Sandstorm
|-damage|p1a: Chansey|94/100|[from] Sandstorm
|-damage|p2a: Tornadus|84/100 tox|[from] psn
|upkeep
|turn|91
|
|t:|1662604021
|switch|p2a: Amoonguss|Amoonguss, F|89/100
|-damage|p2a: Amoonguss|77/100|[from] Stealth Rock
|switch|p1a: Hippowdon|Hippowdon, F|81/100
|
|-weather|Sandstorm|[upkeep]
|-damage|p2a: Amoonguss|71/100|[from] Sandstorm
|upkeep
|turn|92
|
|t:|1662604026
|switch|p1a: Corviknight|Corviknight, F|72/100
|-ability|p1a: Corviknight|Pressure
|switch|p2a: Tornadus|Tornadus-Therian, M, shiny|100/100 tox
|
|-weather|none
|-heal|p1a: Corviknight|78/100|[from] item: Leftovers
|-damage|p2a: Tornadus|94/100 tox|[from] psn
|upkeep
|turn|93
|
|t:|1662604035
|move|p2a: Tornadus|Defog|p1a: Corviknight
|-unboost|p1a: Corviknight|evasion|1
|-sideend|p2: Yoyolord|Stealth Rock|[from] move: Defog|[of] p2a: Tornadus
|move|p1a: Corviknight|Brave Bird|p2a: Tornadus
|-damage|p2a: Tornadus|56/100 tox
|-damage|p1a: Corviknight|67/100|[from] Recoil
|
|-heal|p1a: Corviknight|73/100|[from] item: Leftovers
|-damage|p2a: Tornadus|44/100 tox|[from] psn
|upkeep
|turn|94
|
|t:|1662604041
|switch|p2a: Hippowdon|Hippowdon, F|100/100
|-weather|Sandstorm|[from] ability: Sand Stream|[of] p2a: Hippowdon
|move|p1a: Corviknight|Brave Bird|p2a: Hippowdon
|-damage|p2a: Hippowdon|74/100
|-damage|p1a: Corviknight|64/100|[from] Recoil
|
|-weather|Sandstorm|[upkeep]
|-heal|p1a: Corviknight|70/100|[from] item: Leftovers
|-heal|p2a: Hippowdon|80/100|[from] item: Leftovers
|upkeep
|turn|95
|
|t:|1662604054
|switch|p2a: Tornadus|Tornadus-Therian, M, shiny|77/100 tox
|move|p1a: Corviknight|Body Press|p2a: Tornadus
|-resisted|p2a: Tornadus
|-crit|p2a: Tornadus
|-damage|p2a: Tornadus|57/100 tox
|
|-weather|Sandstorm|[upkeep]
|-damage|p2a: Tornadus|51/100 tox|[from] Sandstorm
|-heal|p1a: Corviknight|76/100|[from] item: Leftovers
|-damage|p2a: Tornadus|45/100 tox|[from] psn
|upkeep
|turn|96
|
|t:|1662604058
|switch|p2a: Hippowdon|Hippowdon, F|80/100
|move|p1a: Corviknight|Brave Bird|p2a: Hippowdon
|-damage|p2a: Hippowdon|53/100
|-damage|p1a: Corviknight|67/100|[from] Recoil
|
|-weather|Sandstorm|[upkeep]
|-heal|p1a: Corviknight|73/100|[from] item: Leftovers
|-heal|p2a: Hippowdon|60/100|[from] item: Leftovers
|upkeep
|turn|97
|
|t:|1662604061
|move|p1a: Corviknight|Brave Bird|p2a: Hippowdon
|-damage|p2a: Hippowdon|36/100
|-damage|p1a: Corviknight|65/100|[from] Recoil
|move|p2a: Hippowdon|Slack Off|p2a: Hippowdon
|-heal|p2a: Hippowdon|86/100
|
|-weather|Sandstorm|[upkeep]
|-heal|p1a: Corviknight|71/100|[from] item: Leftovers
|-heal|p2a: Hippowdon|92/100|[from] item: Leftovers
|upkeep
|turn|98
|
|t:|1662604065
|move|p1a: Corviknight|Brave Bird|p2a: Hippowdon
|-damage|p2a: Hippowdon|65/100
|-damage|p1a: Corviknight|62/100|[from] Recoil
|move|p2a: Hippowdon|Stealth Rock|p1a: Corviknight
|-sidestart|p1: galarian dragapult|move: Stealth Rock
|
|-weather|none
|-heal|p1a: Corviknight|68/100|[from] item: Leftovers
|-heal|p2a: Hippowdon|71/100|[from] item: Leftovers
|upkeep
|turn|99
|
|t:|1662604069
|switch|p2a: Tapu Fini|Tapu Fini|65/100
|-fieldstart|move: Misty Terrain|[from] ability: Misty Surge|[of] p2a: Tapu Fini
|move|p1a: Corviknight|Defog|p2a: Tapu Fini
|-unboost|p2a: Tapu Fini|evasion|1
|-sideend|p1: galarian dragapult|Stealth Rock|[from] move: Defog|[of] p1a: Corviknight
|-fieldend|Misty Terrain
|
|-heal|p2a: Tapu Fini|71/100|[from] item: Leftovers
|-heal|p1a: Corviknight|74/100|[from] item: Leftovers
|upkeep
|turn|100
|
|t:|1662604075
|switch|p1a: Chansey|Chansey, F|94/100
|move|p2a: Tapu Fini|Calm Mind|p2a: Tapu Fini
|-boost|p2a: Tapu Fini|spa|1
|-boost|p2a: Tapu Fini|spd|1
|
|-heal|p2a: Tapu Fini|78/100|[from] item: Leftovers
|upkeep
|turn|101
|
|t:|1662604079
|switch|p2a: Amoonguss|Amoonguss, F|100/100
|move|p1a: Chansey|Seismic Toss|p2a: Amoonguss
|-damage|p2a: Amoonguss|77/100
|
|upkeep
|turn|102
|
|t:|1662604084
|switch|p1a: Tangrowth|Tangrowth, M|100/100
|switch|p2a: Tornadus|Tornadus-Therian, M, shiny|78/100 tox
|
|-damage|p2a: Tornadus|72/100 tox|[from] psn
|upkeep
|turn|103
|
|t:|1662604087
|switch|p2a: Amoonguss|Amoonguss, F|100/100
|move|p1a: Tangrowth|Knock Off|p2a: Amoonguss
|-damage|p2a: Amoonguss|90/100
|
|upkeep
|turn|104
|
|t:|1662604092
|switch|p2a: Tornadus|Tornadus-Therian, M, shiny|100/100 tox
|move|p1a: Tangrowth|Knock Off|p2a: Tornadus
|-damage|p2a: Tornadus|76/100 tox
|-enditem|p2a: Tornadus|Heavy-Duty Boots|[from] move: Knock Off|[of] p1a: Tangrowth
|
|-damage|p2a: Tornadus|69/100 tox|[from] psn
|upkeep
|turn|105
|
|t:|1662604097
|switch|p2a: Amoonguss|Amoonguss, F|100/100
|switch|p1a: Hippowdon|Hippowdon, F|81/100
|-weather|Sandstorm|[from] ability: Sand Stream|[of] p1a: Hippowdon
|
|-weather|Sandstorm|[upkeep]
|-damage|p2a: Amoonguss|94/100|[from] Sandstorm
|upkeep
|turn|106
|
|t:|1662604101
|switch|p2a: Tornadus|Tornadus-Therian, M, shiny|100/100 tox
|move|p1a: Hippowdon|Stealth Rock|p2a: Tornadus
|-sidestart|p2: Yoyolord|move: Stealth Rock
|
|-weather|Sandstorm|[upkeep]
|-damage|p2a: Tornadus|94/100 tox|[from] Sandstorm
|-damage|p2a: Tornadus|88/100 tox|[from] psn
|upkeep
|turn|107
|
|t:|1662604107
|switch|p1a: Corviknight|Corviknight, F|74/100
|-ability|p1a: Corviknight|Pressure
|move|p2a: Tornadus|Defog|p1a: Corviknight
|-unboost|p1a: Corviknight|evasion|1
|-sideend|p2: Yoyolord|Stealth Rock|[from] move: Defog|[of] p2a: Tornadus
|
|-weather|Sandstorm|[upkeep]
|-damage|p2a: Tornadus|82/100 tox|[from] Sandstorm
|-heal|p1a: Corviknight|80/100|[from] item: Leftovers
|-damage|p2a: Tornadus|70/100 tox|[from] psn
|upkeep
|turn|108
|
|t:|1662604112
|move|p2a: Tornadus|U-turn|p1a: Corviknight
|-resisted|p1a: Corviknight
|-damage|p1a: Corviknight|78/100
|
|t:|1662604114
|switch|p2a: Hippowdon|Hippowdon, F|71/100|[from]move: U-turn
|move|p1a: Corviknight|Brave Bird|p2a: Hippowdon
|-damage|p2a: Hippowdon|47/100
|-damage|p1a: Corviknight|70/100|[from] Recoil
|
|-weather|Sandstorm|[upkeep]
|-heal|p1a: Corviknight|76/100|[from] item: Leftovers
|-heal|p2a: Hippowdon|53/100|[from] item: Leftovers
|upkeep
|turn|109
|
|t:|1662604117
|move|p1a: Corviknight|Body Press|p2a: Hippowdon
|-crit|p2a: Hippowdon
|-damage|p2a: Hippowdon|28/100
|move|p2a: Hippowdon|Slack Off|p2a: Hippowdon
|-heal|p2a: Hippowdon|78/100
|
|-weather|none
|-heal|p1a: Corviknight|82/100|[from] item: Leftovers
|-heal|p2a: Hippowdon|84/100|[from] item: Leftovers
|upkeep
|turn|110
|
|t:|1662604120
|move|p1a: Corviknight|Body Press|p2a: Hippowdon
|-damage|p2a: Hippowdon|68/100
|move|p2a: Hippowdon|Stealth Rock|p1a: Corviknight
|-sidestart|p1: galarian dragapult|move: Stealth Rock
|
|-heal|p1a: Corviknight|88/100|[from] item: Leftovers
|-heal|p2a: Hippowdon|74/100|[from] item: Leftovers
|upkeep
|turn|111
|
|t:|1662604122
|move|p1a: Corviknight|Defog|p2a: Hippowdon
|-unboost|p2a: Hippowdon|evasion|1
|-sideend|p1: galarian dragapult|Stealth Rock|[from] move: Defog|[of] p1a: Corviknight
|move|p2a: Hippowdon|Toxic|p1a: Corviknight
|-immune|p1a: Corviknight
|
|-heal|p1a: Corviknight|95/100|[from] item: Leftovers
|-heal|p2a: Hippowdon|80/100|[from] item: Leftovers
|upkeep
|turn|112
|
|t:|1662604124
|move|p1a: Corviknight|Body Press|p2a: Hippowdon
|-damage|p2a: Hippowdon|64/100
|move|p2a: Hippowdon|Stealth Rock|p1a: Corviknight
|-sidestart|p1: galarian dragapult|move: Stealth Rock
|
|-heal|p1a: Corviknight|100/100|[from] item: Leftovers
|-heal|p2a: Hippowdon|70/100|[from] item: Leftovers
|upkeep
|turn|113
|
|t:|1662604129
|switch|p2a: Tapu Fini|Tapu Fini|78/100
|-fieldstart|move: Misty Terrain|[from] ability: Misty Surge|[of] p2a: Tapu Fini
|move|p1a: Corviknight|Defog|p2a: Tapu Fini
|-unboost|p2a: Tapu Fini|evasion|1
|-sideend|p1: galarian dragapult|Stealth Rock|[from] move: Defog|[of] p1a: Corviknight
|-fieldend|Misty Terrain
|
|-heal|p2a: Tapu Fini|84/100|[from] item: Leftovers
|upkeep
|turn|114
|
|t:|1662604132
|switch|p2a: Tornadus|Tornadus-Therian, M, shiny|100/100 tox
|switch|p1a: Chansey|Chansey, F|94/100
|
|-damage|p2a: Tornadus|94/100 tox|[from] psn
|upkeep
|turn|115
|
|t:|1662604137
|switch|p2a: Amoonguss|Amoonguss, F|100/100
|move|p1a: Chansey|Seismic Toss|p2a: Amoonguss
|-damage|p2a: Amoonguss|77/100
|
|upkeep
|turn|116
|
|t:|1662604140
|switch|p1a: Tangrowth|Tangrowth, M|100/100
|switch|p2a: Tornadus|Tornadus-Therian, M, shiny|100/100 tox
|
|-damage|p2a: Tornadus|94/100 tox|[from] psn
|upkeep
|turn|117
|j| ParroTiest
|
|t:|1662604146
|move|p2a: Tornadus|Knock Off|p1a: Tangrowth
|-crit|p1a: Tangrowth
|-damage|p1a: Tangrowth|85/100
|-damage|p2a: Tornadus|78/100 tox|[from] item: Rocky Helmet|[of] p1a: Tangrowth
|-enditem|p1a: Tangrowth|Rocky Helmet|[from] move: Knock Off|[of] p2a: Tornadus
|move|p1a: Tangrowth|Infestation|p2a: Tornadus
|-resisted|p2a: Tornadus
|-crit|p2a: Tornadus
|-damage|p2a: Tornadus|74/100 tox
|-activate|p2a: Tornadus|move: Infestation|[of] p1a: Tangrowth
|
|-damage|p2a: Tornadus|62/100 tox|[from] psn
|-damage|p2a: Tornadus|49/100 tox|[from] move: Infestation|[partiallytrapped]
|upkeep
|turn|118
|
|t:|1662604151
|move|p2a: Tornadus|U-turn|p1a: Tangrowth
|-supereffective|p1a: Tangrowth
|-damage|p1a: Tangrowth|70/100
|
|t:|1662604153
|switch|p2a: Amoonguss|Amoonguss, F|100/100|[from]move: U-turn
|move|p1a: Tangrowth|Infestation|p2a: Amoonguss
|-crit|p2a: Amoonguss
|-damage|p2a: Amoonguss|93/100
|-activate|p2a: Amoonguss|move: Infestation|[of] p1a: Tangrowth
|
|-damage|p2a: Amoonguss|81/100|[from] move: Infestation|[partiallytrapped]
|upkeep
|turn|119
|
|t:|1662604157
|move|p1a: Tangrowth|Knock Off|p2a: Amoonguss
|-damage|p2a: Amoonguss|69/100
|move|p2a: Amoonguss|Clear Smog|p1a: Tangrowth
|-supereffective|p1a: Tangrowth
|-damage|p1a: Tangrowth|25/100
|-clearboost|p1a: Tangrowth
|
|-damage|p2a: Amoonguss|57/100|[from] move: Infestation|[partiallytrapped]
|upkeep
|turn|120
|
|t:|1662604159
|switch|p1a: Hippowdon|Hippowdon, F|81/100
|-weather|Sandstorm|[from] ability: Sand Stream|[of] p1a: Hippowdon
|move|p2a: Amoonguss|Clear Smog|p1a: Hippowdon
|-resisted|p1a: Hippowdon
|-damage|p1a: Hippowdon|76/100
|-clearboost|p1a: Hippowdon
|
|-weather|Sandstorm|[upkeep]
|-damage|p2a: Amoonguss|50/100|[from] Sandstorm
|-end|p2a: Amoonguss|Infestation|[partiallytrapped]|[silent]
|upkeep
|turn|121
|
|t:|1662604160
|move|p1a: Hippowdon|Stealth Rock|p2a: Amoonguss
|-sidestart|p2: Yoyolord|move: Stealth Rock
|move|p2a: Amoonguss|Giga Drain|p1a: Hippowdon
|-supereffective|p1a: Hippowdon
|-damage|p1a: Hippowdon|46/100
|-heal|p2a: Amoonguss|65/100|[from] drain|[of] p1a: Hippowdon
|
|-weather|Sandstorm|[upkeep]
|-damage|p2a: Amoonguss|59/100|[from] Sandstorm
|upkeep
|turn|122
|
|t:|1662604162
|switch|p2a: Tornadus|Tornadus-Therian, M, shiny|82/100 tox
|-damage|p2a: Tornadus|58/100 tox|[from] Stealth Rock
|move|p1a: Hippowdon|Slack Off|p1a: Hippowdon
|-heal|p1a: Hippowdon|96/100
|
|-weather|Sandstorm|[upkeep]
|-damage|p2a: Tornadus|51/100 tox|[from] Sandstorm
|-damage|p2a: Tornadus|45/100 tox|[from] psn
|upkeep
|turn|123
|
|t:|1662604165
|switch|p1a: Corviknight|Corviknight, F|100/100
|-ability|p1a: Corviknight|Pressure
|move|p2a: Tornadus|Defog|p1a: Corviknight
|-unboost|p1a: Corviknight|evasion|1
|-sideend|p2: Yoyolord|Stealth Rock|[from] move: Defog|[of] p2a: Tornadus
|
|-weather|Sandstorm|[upkeep]
|-damage|p2a: Tornadus|39/100 tox|[from] Sandstorm
|-damage|p2a: Tornadus|27/100 tox|[from] psn
|upkeep
|turn|124
|
|t:|1662604168
|switch|p1a: Hippowdon|Hippowdon, F|96/100
|move|p2a: Tornadus|U-turn|p1a: Hippowdon
|-damage|p1a: Hippowdon|85/100
|
|t:|1662604170
|switch|p2a: Tapu Fini|Tapu Fini|84/100|[from]move: U-turn
|-fieldstart|move: Misty Terrain|[from] ability: Misty Surge|[of] p2a: Tapu Fini
|
|-weather|none
|-heal|p2a: Tapu Fini|90/100|[from] item: Leftovers
|upkeep
|turn|125
|
|t:|1662604173
|switch|p2a: Tornadus|Tornadus-Therian, M, shiny|60/100 tox
|move|p1a: Hippowdon|Stealth Rock|p2a: Tornadus
|-sidestart|p2: Yoyolord|move: Stealth Rock
|
|-damage|p2a: Tornadus|54/100 tox|[from] psn
|upkeep
|turn|126
|
|t:|1662604174
|switch|p1a: Corviknight|Corviknight, F|100/100
|-ability|p1a: Corviknight|Pressure
|move|p2a: Tornadus|Defog|p1a: Corviknight
|-unboost|p1a: Corviknight|evasion|1
|-sideend|p2: Yoyolord|Stealth Rock|[from] move: Defog|[of] p2a: Tornadus
|-fieldend|Misty Terrain
|
|-damage|p2a: Tornadus|42/100 tox|[from] psn
|upkeep
|turn|127
|
|t:|1662604181
|switch|p2a: Hippowdon|Hippowdon, F|70/100
|-weather|Sandstorm|[from] ability: Sand Stream|[of] p2a: Hippowdon
|move|p1a: Corviknight|Brave Bird|p2a: Hippowdon
|-damage|p2a: Hippowdon|44/100
|-damage|p1a: Corviknight|91/100|[from] Recoil
|
|-weather|Sandstorm|[upkeep]
|-heal|p1a: Corviknight|98/100|[from] item: Leftovers
|-heal|p2a: Hippowdon|50/100|[from] item: Leftovers
|upkeep
|turn|128
|
|t:|1662604183
|move|p1a: Corviknight|Body Press|p2a: Hippowdon
|-damage|p2a: Hippowdon|34/100
|move|p2a: Hippowdon|Slack Off|p2a: Hippowdon
|-heal|p2a: Hippowdon|84/100
|
|-weather|Sandstorm|[upkeep]
|-heal|p1a: Corviknight|100/100|[from] item: Leftovers
|-heal|p2a: Hippowdon|90/100|[from] item: Leftovers
|upkeep
|turn|129
|
|t:|1662604186
|move|p1a: Corviknight|Body Press|p2a: Hippowdon
|-damage|p2a: Hippowdon|73/100
|move|p2a: Hippowdon|Stealth Rock|p1a: Corviknight
|-sidestart|p1: galarian dragapult|move: Stealth Rock
|
|-weather|Sandstorm|[upkeep]
|-heal|p2a: Hippowdon|79/100|[from] item: Leftovers
|upkeep
|turn|130
|
|t:|1662604191
|switch|p2a: Tricking|Slowking, M, shiny|59/100 tox
|move|p1a: Corviknight|Defog|p2a: Tricking
|-unboost|p2a: Tricking|evasion|1
|-sideend|p1: galarian dragapult|Stealth Rock|[from] move: Defog|[of] p1a: Corviknight
|
|-weather|Sandstorm|[upkeep]
|-damage|p2a: Tricking|53/100 tox|[from] Sandstorm
|-damage|p2a: Tricking|47/100 tox|[from] psn
|upkeep
|turn|131
|
|t:|1662604194
|switch|p1a: Tangrowth|Tangrowth, M|58/100
|move|p2a: Tricking|Future Sight|p1a: Tangrowth
|-start|p2a: Tricking|move: Future Sight
|
|-weather|none
|-damage|p2a: Tricking|35/100 tox|[from] psn
|upkeep
|turn|132
|
|t:|1662604201
|switch|p1a: Chansey|Chansey, F|94/100
|switch|p2a: Tornadus|Tornadus-Therian, M, shiny|75/100 tox
|
|-damage|p2a: Tornadus|69/100 tox|[from] psn
|upkeep
|turn|133
|
|t:|1662604207
|move|p2a: Tornadus|Knock Off|p1a: Chansey
|-damage|p1a: Chansey|81/100
|-enditem|p1a: Chansey|Eviolite|[from] move: Knock Off|[of] p2a: Tornadus
|move|p1a: Chansey|Seismic Toss|p2a: Tornadus
|-damage|p2a: Tornadus|41/100 tox
|
|-end|p1a: Chansey|move: Future Sight
|-damage|p1a: Chansey|62/100
|-damage|p2a: Tornadus|29/100 tox|[from] psn
|upkeep
|turn|134
|
|t:|1662604212
|move|p2a: Tornadus|U-turn|p1a: Chansey
|-damage|p1a: Chansey|48/100
|l| ParroTiest
|
|t:|1662604214
|switch|p2a: Tricking|Slowking, M, shiny|68/100 tox|[from]move: U-turn
|move|p1a: Chansey|Soft-Boiled|p1a: Chansey
|-heal|p1a: Chansey|98/100
|
|-damage|p2a: Tricking|62/100 tox|[from] psn
|upkeep
|turn|135
|
|t:|1662604223
|switch|p1a: Tapu Fini|Tapu Fini|49/100
|-fieldstart|move: Misty Terrain|[from] ability: Misty Surge|[of] p1a: Tapu Fini
|move|p2a: Tricking|Future Sight|p1a: Tapu Fini
|-start|p2a: Tricking|move: Future Sight
|
|-damage|p2a: Tricking|50/100 tox|[from] psn
|upkeep
|turn|136
|
|t:|1662604233
|switch|p1a: Chansey|Chansey, F|98/100
|switch|p2a: Amoonguss|Amoonguss, F|92/100
|
|upkeep
|turn|137
|
|t:|1662604239
|switch|p2a: Tornadus|Tornadus-Therian, M, shiny|63/100 tox
|move|p1a: Chansey|Seismic Toss|p2a: Tornadus
|-damage|p2a: Tornadus|35/100 tox
|
|-end|p1a: Chansey|move: Future Sight
|-damage|p1a: Chansey|78/100
|-damage|p2a: Tornadus|29/100 tox|[from] psn
|upkeep
|turn|138
|
|t:|1662604242
|switch|p1a: Hippowdon|Hippowdon, F|85/100
|-weather|Sandstorm|[from] ability: Sand Stream|[of] p1a: Hippowdon
|move|p2a: Tornadus|U-turn|p1a: Hippowdon
|-damage|p1a: Hippowdon|75/100
|
|t:|1662604244
|switch|p2a: Tapu Fini|Tapu Fini|90/100|[from]move: U-turn
|
|-weather|Sandstorm|[upkeep]
|-damage|p2a: Tapu Fini|84/100|[from] Sandstorm
|-heal|p2a: Tapu Fini|90/100|[from] item: Leftovers
|upkeep
|turn|139
|
|t:|1662604248
|switch|p1a: Chansey|Chansey, F|78/100
|move|p2a: Tapu Fini|Calm Mind|p2a: Tapu Fini
|-boost|p2a: Tapu Fini|spa|1
|-boost|p2a: Tapu Fini|spd|1
|
|-weather|Sandstorm|[upkeep]
|-damage|p2a: Tapu Fini|84/100|[from] Sandstorm
|-damage|p1a: Chansey|72/100|[from] Sandstorm
|-heal|p2a: Tapu Fini|90/100|[from] item: Leftovers
|-fieldend|Misty Terrain
|upkeep
|turn|140
|
|t:|1662604252
|move|p2a: Tapu Fini|Calm Mind|p2a: Tapu Fini
|-boost|p2a: Tapu Fini|spa|1
|-boost|p2a: Tapu Fini|spd|1
|move|p1a: Chansey|Soft-Boiled|p1a: Chansey
|-heal|p1a: Chansey|100/100
|
|-weather|Sandstorm|[upkeep]
|-damage|p2a: Tapu Fini|84/100|[from] Sandstorm
|-damage|p1a: Chansey|94/100|[from] Sandstorm
|-heal|p2a: Tapu Fini|90/100|[from] item: Leftovers
|upkeep
|turn|141
|
|t:|1662604253
|move|p2a: Tapu Fini|Taunt|p1a: Chansey
|-start|p1a: Chansey|move: Taunt
|cant|p1a: Chansey|move: Taunt|Toxic
|
|-weather|Sandstorm|[upkeep]
|-damage|p2a: Tapu Fini|84/100|[from] Sandstorm
|-damage|p1a: Chansey|88/100|[from] Sandstorm
|-heal|p2a: Tapu Fini|90/100|[from] item: Leftovers
|upkeep
|turn|142
|
|t:|1662604255
|move|p2a: Tapu Fini|Calm Mind|p2a: Tapu Fini
|-boost|p2a: Tapu Fini|spa|1
|-boost|p2a: Tapu Fini|spd|1
|move|p1a: Chansey|Seismic Toss|p2a: Tapu Fini
|-damage|p2a: Tapu Fini|61/100
|
|-weather|none
|-heal|p2a: Tapu Fini|67/100|[from] item: Leftovers
|upkeep
|turn|143
|
|t:|1662604257
|move|p2a: Tapu Fini|Calm Mind|p2a: Tapu Fini
|-boost|p2a: Tapu Fini|spa|1
|-boost|p2a: Tapu Fini|spd|1
|move|p1a: Chansey|Seismic Toss|p2a: Tapu Fini
|-damage|p2a: Tapu Fini|38/100
|
|-heal|p2a: Tapu Fini|44/100|[from] item: Leftovers
|-end|p1a: Chansey|move: Taunt
|upkeep
|turn|144
|
|t:|1662604258
|move|p2a: Tapu Fini|Taunt|p1a: Chansey
|-start|p1a: Chansey|move: Taunt
|move|p1a: Chansey|Seismic Toss|p2a: Tapu Fini
|-damage|p2a: Tapu Fini|15/100
|
|-heal|p2a: Tapu Fini|21/100|[from] item: Leftovers
|upkeep
|turn|145
|
|t:|1662604259
|move|p2a: Tapu Fini|Draining Kiss|p1a: Chansey
|-damage|p1a: Chansey|67/100
|-heal|p2a: Tapu Fini|53/100|[from] drain|[of] p1a: Chansey
|move|p1a: Chansey|Seismic Toss|p2a: Tapu Fini
|-damage|p2a: Tapu Fini|24/100
|
|-heal|p2a: Tapu Fini|30/100|[from] item: Leftovers
|upkeep
|turn|146
|
|t:|1662604262
|move|p2a: Tapu Fini|Draining Kiss|p1a: Chansey
|-damage|p1a: Chansey|46/100
|-heal|p2a: Tapu Fini|62/100|[from] drain|[of] p1a: Chansey
|move|p1a: Chansey|Seismic Toss|p2a: Tapu Fini
|-damage|p2a: Tapu Fini|33/100
|
|-heal|p2a: Tapu Fini|39/100|[from] item: Leftovers
|-end|p1a: Chansey|move: Taunt
|upkeep
|turn|147
|
|t:|1662604265
|move|p2a: Tapu Fini|Taunt|p1a: Chansey
|-start|p1a: Chansey|move: Taunt
|move|p1a: Chansey|Seismic Toss|p2a: Tapu Fini
|-damage|p2a: Tapu Fini|10/100
|
|-heal|p2a: Tapu Fini|16/100|[from] item: Leftovers
|upkeep
|turn|148
|
|t:|1662604268
|switch|p1a: Volcarona|Volcarona, F|83/100
|move|p2a: Tapu Fini|Draining Kiss|p1a: Volcarona
|-resisted|p1a: Volcarona
|-damage|p1a: Volcarona|63/100
|-heal|p2a: Tapu Fini|32/100|[from] drain|[of] p1a: Volcarona
|-status|p2a: Tapu Fini|brn|[from] ability: Flame Body|[of] p1a: Volcarona
|
|-heal|p2a: Tapu Fini|39/100 brn|[from] item: Leftovers
|-damage|p2a: Tapu Fini|32/100 brn|[from] brn
|upkeep
|turn|149
|
|t:|1662604276
|switch|p1a: Chansey|Chansey, F|46/100
|move|p2a: Tapu Fini|Stored Power|p1a: Chansey
|-damage|p1a: Chansey|0 fnt
|faint|p1a: Chansey
|
|-heal|p2a: Tapu Fini|39/100 brn|[from] item: Leftovers
|-damage|p2a: Tapu Fini|32/100 brn|[from] brn
|upkeep
|
|t:|1662604280
|switch|p1a: Tangrowth|Tangrowth, M|92/100
|turn|150
|
|t:|1662604290
|switch|p1a: Corviknight|Corviknight, F|100/100
|-ability|p1a: Corviknight|Pressure
|move|p2a: Tapu Fini|Stored Power|p1a: Corviknight
|-resisted|p1a: Corviknight
|-damage|p1a: Corviknight|45/100
|
|-heal|p2a: Tapu Fini|39/100 brn|[from] item: Leftovers
|-heal|p1a: Corviknight|51/100|[from] item: Leftovers
|-damage|p2a: Tapu Fini|32/100 brn|[from] brn
|upkeep
|turn|151
|
|t:|1662604292
|move|p2a: Tapu Fini|Draining Kiss|p1a: Corviknight
|-resisted|p1a: Corviknight
|-damage|p1a: Corviknight|31/100
|-heal|p2a: Tapu Fini|50/100 brn|[from] drain|[of] p1a: Corviknight
|move|p1a: Corviknight|Brave Bird|p2a: Tapu Fini
|-damage|p2a: Tapu Fini|25/100 brn
|-damage|p1a: Corviknight|24/100|[from] Recoil
|
|-heal|p2a: Tapu Fini|31/100 brn|[from] item: Leftovers
|-heal|p1a: Corviknight|30/100|[from] item: Leftovers
|-damage|p2a: Tapu Fini|25/100 brn|[from] brn
|upkeep
|turn|152
|
|t:|1662604296
|move|p2a: Tapu Fini|Stored Power|p1a: Corviknight
|-resisted|p1a: Corviknight
|-damage|p1a: Corviknight|0 fnt
|faint|p1a: Corviknight
|
|-heal|p2a: Tapu Fini|31/100 brn|[from] item: Leftovers
|-damage|p2a: Tapu Fini|25/100 brn|[from] brn
|upkeep
|l| 5555faiz
|
|t:|1662604305
|switch|p1a: Hippowdon|Hippowdon, F|75/100
|-weather|Sandstorm|[from] ability: Sand Stream|[of] p1a: Hippowdon
|turn|153
|j| 5555faiz
|
|t:|1662604308
|move|p2a: Tapu Fini|Draining Kiss|p1a: Hippowdon
|-damage|p1a: Hippowdon|40/100
|-heal|p2a: Tapu Fini|56/100 brn|[from] drain|[of] p1a: Hippowdon
|move|p1a: Hippowdon|Earthquake|p2a: Tapu Fini
|-damage|p2a: Tapu Fini|31/100 brn
|
|-weather|Sandstorm|[upkeep]
|-damage|p2a: Tapu Fini|25/100 brn|[from] Sandstorm
|-heal|p2a: Tapu Fini|31/100 brn|[from] item: Leftovers
|-damage|p2a: Tapu Fini|25/100 brn|[from] brn
|upkeep
|turn|154
|
|t:|1662604314
|move|p2a: Tapu Fini|Stored Power|p1a: Hippowdon
|-damage|p1a: Hippowdon|0 fnt
|faint|p1a: Hippowdon
|
|-weather|Sandstorm|[upkeep]
|-damage|p2a: Tapu Fini|19/100 brn|[from] Sandstorm
|-heal|p2a: Tapu Fini|25/100 brn|[from] item: Leftovers
|-damage|p2a: Tapu Fini|19/100 brn|[from] brn
|upkeep
|
|t:|1662604317
|switch|p1a: Tangrowth|Tangrowth, M|100/100
|turn|155
|
|t:|1662604319
|move|p2a: Tapu Fini|Draining Kiss|p1a: Tangrowth
|-damage|p1a: Tangrowth|25/100
|-heal|p2a: Tapu Fini|85/100 brn|[from] drain|[of] p1a: Tangrowth
|move|p1a: Tangrowth|Giga Drain|p2a: Tapu Fini
|-supereffective|p2a: Tapu Fini
|-damage|p2a: Tapu Fini|69/100 brn
|-heal|p1a: Tangrowth|32/100|[from] drain|[of] p2a: Tapu Fini
|
|-weather|Sandstorm|[upkeep]
|-damage|p2a: Tapu Fini|63/100 brn|[from] Sandstorm
|-damage|p1a: Tangrowth|26/100|[from] Sandstorm
|-heal|p2a: Tapu Fini|69/100 brn|[from] item: Leftovers
|-damage|p2a: Tapu Fini|63/100 brn|[from] brn
|upkeep
|turn|156
|-message|galarian dragapult forfeited.
|
|win|Yoyolord
|raw|galarian dragapult's rating: 1775 &rarr; <strong>1751</strong><br />(-24 for losing)
|raw|Yoyolord's rating: 1706 &rarr; <strong>1730</strong><br />(+24 for winning)
|l|☆galarian dragapult
|c|☆Yoyolord|Gg
|l| 5555faiz
||Ladder isn't responding, score probably updated but might not have (Request timeout).
|l| RandomNublet
