|html|<div class="broadcast-blue"><strong>[Gen 8] OU is currently suspecting Melmetal! For information on how to participate check out the <a href="https://www.smogon.com/forums/threads/np-ss-ou-suspect-process-round-12-monster-mash.3709234/">suspect thread</a>.</strong></div>
|j|☆badslowking
|j|☆Saimasseuh v8
|t:|1666688705
|gametype|singles
|player|p1|badslowking|lusamine-nihilego|1741
|player|p2|Saimasseuh v8|102|1958
|teamsize|p1|6
|teamsize|p2|6
|gen|8
|tier|[Gen 8] OU
|rated|
|rule|Sleep Clause Mod: Limit one foe put to sleep
|rule|Species Clause: Limit one of each Pokémon
|rule|OHKO Clause: OHKO moves are banned
|rule|Evasion Items Clause: Evasion items are banned
|rule|Evasion Moves Clause: Evasion moves are banned
|rule|Endless Battle Clause: Forcing endless battles is banned
|rule|HP Percentage Mod: HP is shown in percentages
|rule|Dynamax Clause: You cannot dynamax
|clearpoke
|poke|p1|Melmetal|
|poke|p1|Porygon2|
|poke|p1|Cresselia, F|
|poke|p1|Marowak-Alola, M|
|poke|p1|Hatterene, F|
|poke|p1|Crawdaunt, F|
|poke|p2|Dragapult, F|
|poke|p2|Ferrothorn, F|
|poke|p2|Heatran, F|
|poke|p2|Nidoking, M|
|poke|p2|Tapu Lele|
|poke|p2|Landorus-Therian, M|
|teampreview
|inactive|Battle timer is ON: inactive players will automatically lose when time's up. (requested by Saimasseuh v8)
|
|t:|1666688719
|start
|switch|p1a: 没吃吃我一拳*2|Crawdaunt, F|100/100
|switch|p2a: Heatran|Heatran, F|100/100
|-item|p2a: Heatran|Air Balloon
|turn|1
|
|t:|1666688726
|switch|p2a: Landorus|Landorus-Therian, M|100/100
|-ability|p2a: Landorus|Intimidate|boost
|-unboost|p1a: 没吃吃我一拳*2|atk|1
|move|p1a: 没吃吃我一拳*2|Knock Off|p2a: Landorus
|-damage|p2a: Landorus|55/100
|-damage|p1a: 没吃吃我一拳*2|84/100|[from] item: Rocky Helmet|[of] p2a: Landorus
|-enditem|p2a: Landorus|Rocky Helmet|[from] move: Knock Off|[of] p1a: 没吃吃我一拳*2
|-damage|p1a: 没吃吃我一拳*2|74/100|[from] item: Life Orb
|
|upkeep
|turn|2
|j| Chiwis Del Norte
|inactive|Saimasseuh v8 has 120 seconds left.
|inactive|Saimasseuh v8 has 90 seconds left.
|
|t:|1666688801
|switch|p2a: Tapu Lele|Tapu Lele|100/100
|-fieldstart|move: Psychic Terrain|[from] ability: Psychic Surge|[of] p2a: Tapu Lele
|switch|p1a: 你水流连打一个试试？|Cresselia, F|100/100
|
|upkeep
|turn|3
|
|t:|1666688814
|move|p2a: Tapu Lele|Moonblast|p1a: 你水流连打一个试试？
|-damage|p1a: 你水流连打一个试试？|53/100
|move|p1a: 你水流连打一个试试？|Trick Room|p1a: 你水流连打一个试试？
|-fieldstart|move: Trick Room|[of] p1a: 你水流连打一个试试？
|
|upkeep
|turn|4
|
|t:|1666688818
|switch|p1a: 吃了吗，没吃吃我两拳|Melmetal|100/100
|move|p2a: Tapu Lele|Moonblast|p1a: 吃了吗，没吃吃我两拳
|-resisted|p1a: 吃了吗，没吃吃我两拳
|-damage|p1a: 吃了吗，没吃吃我两拳|63/100
|
|upkeep
|turn|5
|
|t:|1666688824
|move|p1a: 吃了吗，没吃吃我两拳|Superpower|p2a: Tapu Lele
|-resisted|p2a: Tapu Lele
|-damage|p2a: Tapu Lele|72/100
|-unboost|p1a: 吃了吗，没吃吃我两拳|atk|1
|-unboost|p1a: 吃了吗，没吃吃我两拳|def|1
|move|p2a: Tapu Lele|Moonblast|p1a: 吃了吗，没吃吃我两拳
|-resisted|p1a: 吃了吗，没吃吃我两拳
|-damage|p1a: 吃了吗，没吃吃我两拳|24/100
|-unboost|p1a: 吃了吗，没吃吃我两拳|spa|1
|
|upkeep
|turn|6
|
|t:|1666688828
|switch|p1a: 不是石脑的|Marowak-Alola, M|100/100
|move|p2a: Tapu Lele|Moonblast|p1a: 不是石脑的
|-resisted|p1a: 不是石脑的
|-damage|p1a: 不是石脑的|51/100
|-unboost|p1a: 不是石脑的|spa|1
|
|-fieldend|move: Psychic Terrain
|upkeep
|turn|7
|j| vezbrovez
|
|t:|1666688835
|switch|p2a: Landorus|Landorus-Therian, M|55/100
|-ability|p2a: Landorus|Intimidate|boost
|-unboost|p1a: 不是石脑的|atk|1
|move|p1a: 不是石脑的|Poltergeist||[still]
|-fail|p1a: 不是石脑的
|
|-fieldend|move: Trick Room
|upkeep
|turn|8
|l| vezbrovez
|
|t:|1666688846
|switch|p1a: 死鸭子哪都硬|Porygon2|100/100
|-ability|p1a: 死鸭子哪都硬|Intimidate|[from] ability: Trace|[of] p2a: Landorus
|-ability|p1a: 死鸭子哪都硬|Intimidate|boost
|-unboost|p2a: Landorus|atk|1
|move|p2a: Landorus|U-turn|p1a: 死鸭子哪都硬
|-damage|p1a: 死鸭子哪都硬|91/100
|inactive|Saimasseuh v8 has 120 seconds left.
|
|t:|1666688855
|switch|p2a: Ferrothorn|Ferrothorn, F|100/100|[from]move: U-turn
|
|upkeep
|turn|9
|
|t:|1666688859
|switch|p1a: 一号炮灰|Hatterene, F|100/100
|move|p2a: Ferrothorn|Knock Off|p1a: 一号炮灰
|-damage|p1a: 一号炮灰|78/100
|-enditem|p1a: 一号炮灰|Focus Sash|[from] move: Knock Off|[of] p2a: Ferrothorn
|
|upkeep
|turn|10
|
|t:|1666688866
|switch|p2a: Heatran|Heatran, F|100/100
|-item|p2a: Heatran|Air Balloon
|move|p1a: 一号炮灰|Mystical Fire|p2a: Heatran
|-start|p2a: Heatran|ability: Flash Fire
|
|upkeep
|turn|11
|
|t:|1666688869
|switch|p1a: 死鸭子哪都硬|Porygon2|91/100
|-ability|p1a: 死鸭子哪都硬|Flash Fire|[from] ability: Trace|[of] p2a: Heatran
|move|p2a: Heatran|Magma Storm|p1a: 死鸭子哪都硬
|-start|p1a: 死鸭子哪都硬|ability: Flash Fire
|
|upkeep
|turn|12
|
|t:|1666688876
|-end|p1a: 死鸭子哪都硬|ability: Flash Fire|[silent]
|switch|p1a: 一号炮灰|Hatterene, F|78/100
|move|p2a: Heatran|Stealth Rock|p1a: 一号炮灰
|move|p1a: 一号炮灰|Stealth Rock|p2a: Heatran|[from]ability: Magic Bounce
|-sidestart|p2: Saimasseuh v8|move: Stealth Rock
|
|upkeep
|turn|13
|
|t:|1666688880
|move|p2a: Heatran|Magma Storm|p1a: 一号炮灰
|-damage|p1a: 一号炮灰|9/100
|-activate|p1a: 一号炮灰|move: Magma Storm|[of] p2a: Heatran
|move|p1a: 一号炮灰|Trick Room|p1a: 一号炮灰
|-fieldstart|move: Trick Room|[of] p1a: 一号炮灰
|
|-damage|p1a: 一号炮灰|0 fnt|[from] move: Magma Storm|[partiallytrapped]
|faint|p1a: 一号炮灰
|upkeep
|
|t:|1666688883
|switch|p1a: 没吃吃我一拳*2|Crawdaunt, F|74/100
|turn|14
|
|t:|1666688892
|move|p1a: 没吃吃我一拳*2|Crabhammer|p2a: Heatran
|-supereffective|p2a: Heatran
|-damage|p2a: Heatran|0 fnt
|-enditem|p2a: Heatran|Air Balloon
|faint|p2a: Heatran
|-damage|p1a: 没吃吃我一拳*2|64/100|[from] item: Life Orb
|
|upkeep
|
|t:|1666688897
|switch|p2a: Ferrothorn|Ferrothorn, F|100/100
|-damage|p2a: Ferrothorn|94/100|[from] Stealth Rock
|turn|15
|
|t:|1666688899
|move|p2a: Ferrothorn|Spikes|p1a: 没吃吃我一拳*2
|-sidestart|p1: badslowking|Spikes
|move|p1a: 没吃吃我一拳*2|Close Combat|p2a: Ferrothorn
|-supereffective|p2a: Ferrothorn
|-damage|p2a: Ferrothorn|31/100
|-unboost|p1a: 没吃吃我一拳*2|def|1
|-unboost|p1a: 没吃吃我一拳*2|spd|1
|-damage|p1a: 没吃吃我一拳*2|51/100|[from] ability: Iron Barbs|[of] p2a: Ferrothorn
|-damage|p1a: 没吃吃我一拳*2|41/100|[from] item: Life Orb
|
|-heal|p2a: Ferrothorn|37/100|[from] item: Leftovers
|upkeep
|turn|16
|
|t:|1666688906
|move|p2a: Ferrothorn|Protect|p2a: Ferrothorn
|-singleturn|p2a: Ferrothorn|Protect
|move|p1a: 没吃吃我一拳*2|Close Combat|p2a: Ferrothorn
|-activate|p2a: Ferrothorn|move: Protect
|
|-heal|p2a: Ferrothorn|43/100|[from] item: Leftovers
|upkeep
|turn|17
|
|t:|1666688909
|switch|p2a: Landorus|Landorus-Therian, M|55/100
|-damage|p2a: Landorus|43/100|[from] Stealth Rock
|-ability|p2a: Landorus|Intimidate|boost
|-unboost|p1a: 没吃吃我一拳*2|atk|1
|move|p1a: 没吃吃我一拳*2|Close Combat|p2a: Landorus
|-resisted|p2a: Landorus
|-damage|p2a: Landorus|30/100
|-unboost|p1a: 没吃吃我一拳*2|def|1
|-unboost|p1a: 没吃吃我一拳*2|spd|1
|-damage|p1a: 没吃吃我一拳*2|31/100|[from] item: Life Orb
|
|-fieldend|move: Trick Room
|upkeep
|turn|18
|
|t:|1666688912
|move|p1a: 没吃吃我一拳*2|Aqua Jet|p2a: Landorus
|-supereffective|p2a: Landorus
|-damage|p2a: Landorus|0 fnt
|faint|p2a: Landorus
|-damage|p1a: 没吃吃我一拳*2|21/100|[from] item: Life Orb
|
|upkeep
|j| darkrows
|
|t:|1666688914
|switch|p2a: Tapu Lele|Tapu Lele|72/100
|-damage|p2a: Tapu Lele|59/100|[from] Stealth Rock
|-fieldstart|move: Psychic Terrain|[from] ability: Psychic Surge|[of] p2a: Tapu Lele
|turn|19
|
|t:|1666688918
|move|p2a: Tapu Lele|Moonblast|p1a: 没吃吃我一拳*2
|-supereffective|p1a: 没吃吃我一拳*2
|-damage|p1a: 没吃吃我一拳*2|0 fnt
|faint|p1a: 没吃吃我一拳*2
|
|upkeep
|
|t:|1666688920
|switch|p1a: 死鸭子哪都硬|Porygon2|91/100
|-damage|p1a: 死鸭子哪都硬|78/100|[from] Spikes
|-ability|p1a: 死鸭子哪都硬|Psychic Surge|[from] ability: Trace|[of] p2a: Tapu Lele
|turn|20
|
|t:|1666688922
|move|p2a: Tapu Lele|Moonblast|p1a: 死鸭子哪都硬
|-damage|p1a: 死鸭子哪都硬|44/100
|move|p1a: 死鸭子哪都硬|Trick Room|p1a: 死鸭子哪都硬
|-fieldstart|move: Trick Room|[of] p1a: 死鸭子哪都硬
|
|upkeep
|turn|21
|
|t:|1666688928
|move|p2a: Tapu Lele|Moonblast|p1a: 死鸭子哪都硬
|-damage|p1a: 死鸭子哪都硬|9/100
|move|p1a: 死鸭子哪都硬|Teleport|p1a: 死鸭子哪都硬
|
|t:|1666688929
|switch|p1a: 吃了吗，没吃吃我两拳|Melmetal|24/100|[from]move: Teleport
|-damage|p1a: 吃了吗，没吃吃我两拳|11/100|[from] Spikes
|
|upkeep
|turn|22
|j| sack2005
|
|t:|1666688947
|switch|p2a: Ferrothorn|Ferrothorn, F|43/100
|-damage|p2a: Ferrothorn|37/100|[from] Stealth Rock
|move|p1a: 吃了吗，没吃吃我两拳|Earthquake|p2a: Ferrothorn
|-crit|p2a: Ferrothorn
|-damage|p2a: Ferrothorn|0 fnt
|faint|p2a: Ferrothorn
|
|upkeep
|
|t:|1666688963
|switch|p2a: Tapu Lele|Tapu Lele|59/100
|-damage|p2a: Tapu Lele|47/100|[from] Stealth Rock
|turn|23
|
|t:|1666688965
|move|p1a: 吃了吗，没吃吃我两拳|Earthquake|p2a: Tapu Lele
|-damage|p2a: Tapu Lele|0 fnt
|faint|p2a: Tapu Lele
|
|-fieldend|move: Psychic Terrain
|upkeep
|
|t:|1666688967
|switch|p2a: Dragapult|Dragapult, F|100/100
|-damage|p2a: Dragapult|88/100|[from] Stealth Rock
|turn|24
|
|t:|1666688969
|switch|p1a: 死鸭子哪都硬|Porygon2|9/100
|-damage|p1a: 死鸭子哪都硬|0 fnt|[from] Spikes
|faint|p1a: 死鸭子哪都硬
|move|p2a: Dragapult|Dragon Dance|p2a: Dragapult
|-boost|p2a: Dragapult|atk|1
|-boost|p2a: Dragapult|spe|1
|
|-fieldend|move: Trick Room
|upkeep
|
|t:|1666688975
|switch|p1a: 你水流连打一个试试？|Cresselia, F|53/100
|turn|25
|
|t:|1666688977
|move|p2a: Dragapult|Dragon Darts|p1a: 你水流连打一个试试？
|-damage|p1a: 你水流连打一个试试？|27/100
|-anim|p2a: Dragapult|Dragon Darts|p1a: 你水流连打一个试试？
|-damage|p1a: 你水流连打一个试试？|1/100
|-damage|p2a: Dragapult|78/100|[from] item: Life Orb
|move|p1a: 你水流连打一个试试？|Trick Room|p1a: 你水流连打一个试试？
|-fieldstart|move: Trick Room|[of] p1a: 你水流连打一个试试？
|
|upkeep
|turn|26
|
|t:|1666688989
|move|p1a: 你水流连打一个试试？|Lunar Dance|p1a: 你水流连打一个试试？
|faint|p1a: 你水流连打一个试试？
|move|p2a: Dragapult|Phantom Force||[still]
|-prepare|p2a: Dragapult|Phantom Force
|
|upkeep
|
|t:|1666688991
|switch|p1a: 吃了吗，没吃吃我两拳|Melmetal|11/100
|-heal|p1a: 吃了吗，没吃吃我两拳|100/100|[from] move: Lunar Dance
|-damage|p1a: 吃了吗，没吃吃我两拳|88/100|[from] Spikes
|turn|27
|
|t:|1666688996
|move|p1a: 吃了吗，没吃吃我两拳|Double Iron Bash|p2a: Dragapult|[miss]
|-miss|p1a: 吃了吗，没吃吃我两拳|p2a: Dragapult
|move|p2a: Dragapult|Phantom Force|p1a: 吃了吗，没吃吃我两拳|[from]lockedmove
|-damage|p1a: 吃了吗，没吃吃我两拳|38/100
|-damage|p2a: Dragapult|69/100|[from] item: Life Orb
|
|upkeep
|turn|28
|
|t:|1666689009
|move|p1a: 吃了吗，没吃吃我两拳|Double Iron Bash|p2a: Dragapult
|-damage|p2a: Dragapult|0 fnt
|faint|p2a: Dragapult
|-hitcount|p2: Dragapult|1
|
|upkeep
|
|t:|1666689010
|switch|p2a: Nidoking|Nidoking, M|100/100
|-damage|p2a: Nidoking|95/100|[from] Stealth Rock
|turn|29
|
|t:|1666689012
|move|p1a: 吃了吗，没吃吃我两拳|Double Iron Bash|p2a: Nidoking
|-damage|p2a: Nidoking|1/100
|-damage|p2a: Nidoking|0 fnt
|faint|p2a: Nidoking
|-hitcount|p2: Nidoking|2
|
|win|badslowking
|raw|badslowking's rating: 1741 &rarr; <strong>1772</strong><br />(+31 for winning)
|raw|Saimasseuh v8's rating: 1958 &rarr; <strong>1927</strong><br />(-31 for losing)
|c|☆badslowking|gg
|l|☆Saimasseuh v8
