|j|☆eromangagaki
|j|‽hypervortexreturns
|t:|1663093688
|gametype|singles
|player|p1|eromangagaki|101|1889
|player|p2|hypervortexreturns|170|1909
|teamsize|p1|6
|teamsize|p2|6
|gen|8
|tier|[Gen 8] OU
|rated|
|rule|Sleep Clause Mod: Limit one foe put to sleep
|rule|Species Clause: Limit one of each Pokémon
|rule|OHKO Clause: OHKO moves are banned
|rule|Evasion Items Clause: Evasion items are banned
|rule|Evasion Moves Clause: Evasion moves are banned
|rule|Endless Battle Clause: Forcing endless battles is banned
|rule|HP Percentage Mod: HP is shown in percentages
|rule|Dynamax Clause: You cannot dynamax
|clearpoke
|poke|p1|Zapdos|
|poke|p1|Mew|
|poke|p1|Polteageist|
|poke|p1|Heatran, F|
|poke|p1|Obstagoon, M|
|poke|p1|Klefki, M|
|poke|p2|Hydreigon, M|
|poke|p2|Zapdos|
|poke|p2|Tangrowth, M|
|poke|p2|Corviknight, M|
|poke|p2|Excadrill, M|
|poke|p2|Azumarill, F|
|teampreview
|j| JoleneFreezu
|
|t:|1663093711
|start
|switch|p1a: Obstagoon|Obstagoon, M|100/100
|switch|p2a: Tangrowth|Tangrowth, M|100/100
|turn|1
|
|t:|1663093733
|switch|p1a: Heatran|Heatran, F|100/100
|move|p2a: Tangrowth|Sleep Powder|p1a: Heatran
|-status|p1a: Heatran|slp|[from] move: Sleep Powder
|
|upkeep
|turn|2
|
|t:|1663093740
|switch|p1a: Klefki|Klefki, M|100/100
|move|p2a: Tangrowth|Knock Off|p1a: Klefki
|-resisted|p1a: Klefki
|-damage|p1a: Klefki|84/100
|-enditem|p1a: Klefki|Flame Orb|[from] move: Knock Off|[of] p2a: Tangrowth
|
|upkeep
|turn|3
|j| emo705
|
|t:|1663093761
|switch|p2a: Excadrill|Excadrill, M|100/100
|-ability|p2a: Excadrill|Mold Breaker
|move|p1a: Klefki|Switcheroo|p2a: Excadrill
|-activate|p1a: Klefki|move: Trick|[of] p2a: Excadrill
|-enditem|p2a: Excadrill|Leftovers|[silent]|[from] move: Switcheroo
|-item|p1a: Klefki|Leftovers|[from] move: Switcheroo
|
|-heal|p1a: Klefki|91/100|[from] item: Leftovers
|upkeep
|turn|4
|
|t:|1663093778
|switch|p1a: Heatran|Heatran, F|100/100 slp
|move|p2a: Excadrill|Stealth Rock|p1a: Heatran
|-sidestart|p1: eromangagaki|move: Stealth Rock
|
|upkeep
|turn|5
|
|t:|1663093784
|move|p2a: Excadrill|Earthquake|p1a: Heatran
|-supereffective|p1a: Heatran
|-damage|p1a: Heatran|0 fnt
|faint|p1a: Heatran
|
|upkeep
|j| Congwuyu
|
|t:|1663093799
|switch|p1a: Obstagoon|Obstagoon, M|100/100
|-damage|p1a: Obstagoon|88/100|[from] Stealth Rock
|turn|6
|j| BabyPigsAreLaughin
|
|t:|1663093810
|switch|p1a: Polteageist|Polteageist|100/100
|-damage|p1a: Polteageist|88/100|[from] Stealth Rock
|switch|p2a: Tangrowth|Tangrowth, M|100/100
|
|-status|p1a: Polteageist|brn|[from] item: Flame Orb
|upkeep
|turn|7
|
|t:|1663093823
|switch|p2a: Hydreigon|Hydreigon, M|100/100
|move|p1a: Polteageist|Trick|p2a: Hydreigon
|-activate|p1a: Polteageist|move: Trick|[of] p2a: Hydreigon
|-item|p2a: Hydreigon|Flame Orb|[from] move: Trick
|-item|p1a: Polteageist|Leftovers|[from] move: Trick
|
|-heal|p1a: Polteageist|94/100 brn|[from] item: Leftovers
|-damage|p1a: Polteageist|88/100 brn|[from] brn
|-status|p2a: Hydreigon|brn|[from] item: Flame Orb
|upkeep
|turn|8
|
|t:|1663093839
|switch|p1a: Obstagoon|Obstagoon, M|88/100
|-damage|p1a: Obstagoon|76/100|[from] Stealth Rock
|move|p2a: Hydreigon|Dark Pulse|p1a: Obstagoon
|-resisted|p1a: Obstagoon
|-damage|p1a: Obstagoon|56/100
|
|-damage|p2a: Hydreigon|94/100 brn|[from] brn
|-status|p1a: Obstagoon|brn|[from] item: Flame Orb
|upkeep
|turn|9
|
|t:|1663093851
|switch|p2a: Tangrowth|Tangrowth, M|100/100
|move|p1a: Obstagoon|Facade|p2a: Tangrowth
|-damage|p2a: Tangrowth|58/100
|-damage|p1a: Obstagoon|40/100 brn|[from] item: Rocky Helmet|[of] p2a: Tangrowth
|
|-damage|p1a: Obstagoon|34/100 brn|[from] brn
|upkeep
|turn|10
|c| JoleneFreezu|lol, des everyone have flame orb?
|
|t:|1663093864
|switch|p1a: Klefki|Klefki, M|91/100
|-damage|p1a: Klefki|84/100|[from] Stealth Rock
|move|p2a: Tangrowth|Power Whip|p1a: Klefki
|-resisted|p1a: Klefki
|-damage|p1a: Klefki|55/100
|
|-heal|p1a: Klefki|61/100|[from] item: Leftovers
|upkeep
|turn|11
|
|t:|1663093876
|switch|p2a: Excadrill|Excadrill, M|100/100
|-ability|p2a: Excadrill|Mold Breaker
|move|p1a: Klefki|Spikes|p2a: Excadrill
|-sidestart|p2: hypervortexreturns|Spikes
|
|-heal|p1a: Klefki|68/100|[from] item: Leftovers
|upkeep
|turn|12
|
|t:|1663093885
|switch|p1a: Polteageist|Polteageist|88/100 brn
|-damage|p1a: Polteageist|76/100 brn|[from] Stealth Rock
|move|p2a: Excadrill|Earthquake|p1a: Polteageist
|-damage|p1a: Polteageist|0 fnt
|faint|p1a: Polteageist
|
|upkeep
|
|t:|1663093886
|switch|p1a: Obstagoon|Obstagoon, M|34/100 brn
|-damage|p1a: Obstagoon|21/100 brn|[from] Stealth Rock
|turn|13
|
|t:|1663093897
|switch|p2a: Tangrowth|Tangrowth, M|91/100
|-damage|p2a: Tangrowth|79/100|[from] Spikes
|move|p1a: Obstagoon|Trick|p2a: Tangrowth
|-activate|p1a: Obstagoon|move: Trick|[of] p2a: Tangrowth
|-item|p2a: Tangrowth|Flame Orb|[from] move: Trick
|-item|p1a: Obstagoon|Rocky Helmet|[from] move: Trick
|
|-damage|p1a: Obstagoon|15/100 brn|[from] brn
|-status|p2a: Tangrowth|brn|[from] item: Flame Orb
|upkeep
|turn|14
|
|t:|1663093916
|move|p1a: Obstagoon|Facade|p2a: Tangrowth
|-crit|p2a: Tangrowth
|-damage|p2a: Tangrowth|17/100 brn
|move|p2a: Tangrowth|Power Whip|p1a: Obstagoon
|-damage|p1a: Obstagoon|0 fnt
|-damage|p2a: Tangrowth|0 fnt|[from] item: Rocky Helmet|[of] p1a: Obstagoon
|faint|p1a: Obstagoon
|faint|p2a: Tangrowth
|
|upkeep
|
|t:|1663093927
|switch|p1a: Mew|Mew|100/100
|switch|p2a: Zapdos|Zapdos|100/100
|-damage|p1a: Mew|88/100|[from] Stealth Rock
|turn|15
|
|t:|1663093937
|move|p2a: Zapdos|Toxic|p1a: Mew
|-status|p1a: Mew|tox
|-activate|p1a: Mew|ability: Synchronize
|-status|p2a: Zapdos|tox
|move|p1a: Mew|Cosmic Power|p1a: Mew
|-boost|p1a: Mew|def|1
|-boost|p1a: Mew|spd|1
|
|-damage|p2a: Zapdos|94/100 tox|[from] psn
|-damage|p1a: Mew|82/100 tox|[from] psn
|upkeep
|turn|16
|
|t:|1663093950
|switch|p2a: Corviknight|Corviknight, M|100/100
|-ability|p2a: Corviknight|Pressure
|move|p1a: Mew|Cosmic Power|p1a: Mew
|-boost|p1a: Mew|def|1
|-boost|p1a: Mew|spd|1
|
|-damage|p1a: Mew|70/100 tox|[from] psn
|upkeep
|turn|17
|
|t:|1663093960
|move|p1a: Mew|Cosmic Power|p1a: Mew
|-boost|p1a: Mew|def|1
|-boost|p1a: Mew|spd|1
|move|p2a: Corviknight|Taunt|p1a: Mew
|-start|p1a: Mew|move: Taunt
|
|-damage|p1a: Mew|51/100 tox|[from] psn
|upkeep
|turn|18
|j| CyberXatri
|
|t:|1663093969
|move|p1a: Mew|Stored Power|p2a: Corviknight
|-resisted|p2a: Corviknight
|-damage|p2a: Corviknight|83/100
|move|p2a: Corviknight|Roost|p2a: Corviknight
|-heal|p2a: Corviknight|100/100
|-singleturn|p2a: Corviknight|move: Roost
|
|-damage|p1a: Mew|26/100 tox|[from] psn
|upkeep
|turn|19
|
|t:|1663093981
|switch|p1a: Klefki|Klefki, M|68/100
|-damage|p1a: Klefki|61/100|[from] Stealth Rock
|move|p2a: Corviknight|Roost||[still]
|-fail|p2a: Corviknight|heal
|
|-heal|p1a: Klefki|68/100|[from] item: Leftovers
|upkeep
|turn|20
|
|t:|1663093991
|switch|p2a: Excadrill|Excadrill, M|100/100
|-damage|p2a: Excadrill|88/100|[from] Spikes
|-ability|p2a: Excadrill|Mold Breaker
|move|p1a: Klefki|Steel Beam|p2a: Excadrill
|-resisted|p2a: Excadrill
|-damage|p2a: Excadrill|48/100
|-damage|p1a: Klefki|18/100|[from] mindblown
|
|-heal|p1a: Klefki|24/100|[from] item: Leftovers
|upkeep
|turn|21
|
|t:|1663094003
|switch|p1a: Mew|Mew|26/100 tox
|-damage|p1a: Mew|14/100 tox|[from] Stealth Rock
|move|p2a: Excadrill|Iron Head|p1a: Mew
|-crit|p1a: Mew
|-damage|p1a: Mew|0 fnt
|faint|p1a: Mew
|
|upkeep
|
|t:|1663094004
|switch|p1a: Zapdos|Zapdos|100/100
|-damage|p1a: Zapdos|75/100|[from] Stealth Rock
|-ability|p1a: Zapdos|Pressure
|turn|22
|
|t:|1663094018
|move|p1a: Zapdos|Substitute|p1a: Zapdos
|-start|p1a: Zapdos|Substitute
|-damage|p1a: Zapdos|50/100
|move|p2a: Excadrill|Swords Dance|p2a: Excadrill
|-boost|p2a: Excadrill|atk|2
|
|-heal|p1a: Zapdos|57/100|[from] item: Leftovers
|upkeep
|turn|23
|
|t:|1663094033
|move|p1a: Zapdos|Roost|p1a: Zapdos
|-heal|p1a: Zapdos|100/100
|-singleturn|p1a: Zapdos|move: Roost
|move|p2a: Excadrill|Swords Dance|p2a: Excadrill
|-boost|p2a: Excadrill|atk|2
|
|upkeep
|turn|24
|l| CyberXatri
|
|t:|1663094044
|move|p1a: Zapdos|Charge|p1a: Zapdos
|-boost|p1a: Zapdos|spd|1
|-activate|p1a: Zapdos|move: Charge
|move|p2a: Excadrill|Iron Head|p1a: Zapdos
|-resisted|p1a: Zapdos
|-end|p1a: Zapdos|Substitute
|
|upkeep
|turn|25
|
|t:|1663094056
|move|p1a: Zapdos|Substitute|p1a: Zapdos
|-start|p1a: Zapdos|Substitute
|-damage|p1a: Zapdos|75/100
|move|p2a: Excadrill|Swords Dance|p2a: Excadrill
|-boost|p2a: Excadrill|atk|2
|
|-heal|p1a: Zapdos|82/100|[from] item: Leftovers
|upkeep
|turn|26
|
|t:|1663094067
|move|p1a: Zapdos|Roost|p1a: Zapdos
|-heal|p1a: Zapdos|100/100
|-singleturn|p1a: Zapdos|move: Roost
|move|p2a: Excadrill|Iron Head|p1a: Zapdos
|-resisted|p1a: Zapdos
|-end|p1a: Zapdos|Substitute
|
|upkeep
|turn|27
|
|t:|1663094077
|move|p1a: Zapdos|Substitute|p1a: Zapdos
|-start|p1a: Zapdos|Substitute
|-damage|p1a: Zapdos|75/100
|move|p2a: Excadrill|Iron Head|p1a: Zapdos
|-resisted|p1a: Zapdos
|-end|p1a: Zapdos|Substitute
|
|-heal|p1a: Zapdos|82/100|[from] item: Leftovers
|upkeep
|turn|28
|
|t:|1663094090
|move|p1a: Zapdos|Substitute|p1a: Zapdos
|-start|p1a: Zapdos|Substitute
|-damage|p1a: Zapdos|57/100
|move|p2a: Excadrill|Iron Head|p1a: Zapdos
|-resisted|p1a: Zapdos
|-end|p1a: Zapdos|Substitute
|
|-heal|p1a: Zapdos|63/100|[from] item: Leftovers
|upkeep
|turn|29
|l| emo705
|
|t:|1663094101
|move|p1a: Zapdos|Roost|p1a: Zapdos
|-heal|p1a: Zapdos|100/100
|-singleturn|p1a: Zapdos|move: Roost
|move|p2a: Excadrill|Iron Head|p1a: Zapdos
|-resisted|p1a: Zapdos
|-damage|p1a: Zapdos|7/100
|
|-heal|p1a: Zapdos|13/100|[from] item: Leftovers
|upkeep
|turn|30
|
|t:|1663094111
|move|p1a: Zapdos|Roost|p1a: Zapdos
|-heal|p1a: Zapdos|63/100
|-singleturn|p1a: Zapdos|move: Roost
|move|p2a: Excadrill|Iron Head|p1a: Zapdos
|-resisted|p1a: Zapdos
|-damage|p1a: Zapdos|0 fnt
|faint|p1a: Zapdos
|
|upkeep
|-message|eromangagaki forfeited.
|
|win|hypervortexreturns
|raw|eromangagaki's rating: 1889 &rarr; <strong>1870</strong><br />(-19 for losing)
|raw|hypervortexreturns's rating: 1909 &rarr; <strong>1928</strong><br />(+19 for winning)
|l|☆eromangagaki
|c| BabyPigsAreLaughin|He tried hard.
|c| JoleneFreezu|and got so far...
|l| JoleneFreezu
||Ladder isn't responding, score probably updated but might not have (Request timeout).
|l| Congwuyu
