|raw|<div class="broadcast-blue"><strong>This battle is required to be public due to a player having a name starting with 'lt94je'.</div>
|j|☆LT94JE Iznamakin
|j|☆return nirvana
|t:|1661519340
|gametype|singles
|player|p1|LT94JE Iznamakin|chase|1694
|player|p2|return nirvana|gambler-gen1|1909
|teamsize|p1|6
|teamsize|p2|6
|gen|8
|tier|[Gen 8] OU
|rated|
|rule|Sleep Clause Mod: Limit one foe put to sleep
|rule|Species Clause: Limit one of each Pokémon
|rule|OHKO Clause: OHKO moves are banned
|rule|Evasion Items Clause: Evasion items are banned
|rule|Evasion Moves Clause: Evasion moves are banned
|rule|Endless Battle Clause: Forcing endless battles is banned
|rule|HP Percentage Mod: HP is shown in percentages
|rule|Dynamax Clause: You cannot dynamax
|clearpoke
|poke|p1|Tapu Lele|
|poke|p1|Victini|
|poke|p1|Melmetal|
|poke|p1|Dragonite, M|
|poke|p1|Landorus-Therian, M|
|poke|p1|Urshifu-*, M|
|poke|p2|Melmetal|
|poke|p2|Landorus-Therian, M|
|poke|p2|Pelipper, F|
|poke|p2|Kingdra, F|
|poke|p2|Kartana|
|poke|p2|Dragapult, M|
|teampreview
|j| ArianaBlonde
|inactive|Battle timer is ON: inactive players will automatically lose when time's up. (requested by LT94JE Iznamakin)
|j| ilcavalierebianco
|j| Currently building
|inactive|return nirvana has 120 seconds left.
|j| pls send team
|l| pls send team
|
|t:|1661519399
|start
|switch|p1a: Tapu Lele|Tapu Lele|100/100
|switch|p2a: Kartana|Kartana|100/100
|-fieldstart|move: Psychic Terrain|[from] ability: Psychic Surge|[of] p1a: Tapu Lele
|turn|1
|
|t:|1661519415
|switch|p1a: Landorus|Landorus-Therian, M|100/100
|-ability|p1a: Landorus|Intimidate|boost
|-unboost|p2a: Kartana|atk|1
|move|p2a: Kartana|Knock Off|p1a: Landorus
|-damage|p1a: Landorus|55/100
|-enditem|p1a: Landorus|Leftovers|[from] move: Knock Off|[of] p2a: Kartana
|
|upkeep
|turn|2
|
|t:|1661519418
|switch|p2a: Landorus|Landorus-Therian, M|100/100
|-ability|p2a: Landorus|Intimidate|boost
|-unboost|p1a: Landorus|atk|1
|move|p1a: Landorus|Stealth Rock|p2a: Landorus
|-sidestart|p2: return nirvana|move: Stealth Rock
|
|upkeep
|turn|3
|
|t:|1661519421
|move|p2a: Landorus|Stealth Rock|p1a: Landorus
|-sidestart|p1: LT94JE Iznamakin|move: Stealth Rock
|move|p1a: Landorus|Toxic|p2a: Landorus
|-status|p2a: Landorus|tox
|
|-damage|p2a: Landorus|94/100 tox|[from] psn
|upkeep
|turn|4
|
|t:|1661519427
|move|p2a: Landorus|U-turn|p1a: Landorus
|-resisted|p1a: Landorus
|-damage|p1a: Landorus|44/100
|
|t:|1661519429
|switch|p2a: Melmetal|Melmetal|100/100|[from]move: U-turn
|-damage|p2a: Melmetal|94/100|[from] Stealth Rock
|move|p1a: Landorus|U-turn|p2a: Melmetal
|-resisted|p2a: Melmetal
|-damage|p2a: Melmetal|90/100
|
|t:|1661519432
|switch|p1a: Urshifu|Urshifu-Rapid-Strike, M|100/100|[from]move: U-turn
|-damage|p1a: Urshifu|94/100|[from] Stealth Rock
|
|-heal|p2a: Melmetal|96/100|[from] item: Leftovers
|upkeep
|turn|5
|
|t:|1661519438
|switch|p2a: Dragapult|Dragapult, M|100/100
|-damage|p2a: Dragapult|88/100|[from] Stealth Rock
|move|p1a: Urshifu|Surging Strikes|p2a: Dragapult
|-resisted|p2a: Dragapult
|-crit|p2a: Dragapult
|-damage|p2a: Dragapult|68/100
|-resisted|p2a: Dragapult
|-crit|p2a: Dragapult
|-damage|p2a: Dragapult|48/100
|-resisted|p2a: Dragapult
|-crit|p2a: Dragapult
|-damage|p2a: Dragapult|27/100
|-hitcount|p2a: Dragapult|3
|
|-fieldend|move: Psychic Terrain
|upkeep
|turn|6
|
|t:|1661519449
|switch|p1a: Melmetal|Melmetal|100/100
|-damage|p1a: Melmetal|94/100|[from] Stealth Rock
|move|p2a: Dragapult|Shadow Ball|p1a: Melmetal
|-damage|p1a: Melmetal|64/100
|
|upkeep
|turn|7
|
|t:|1661519459
|switch|p2a: Melmetal|Melmetal|96/100
|-damage|p2a: Melmetal|90/100|[from] Stealth Rock
|move|p1a: Melmetal|Double Iron Bash|p2a: Melmetal
|-resisted|p2a: Melmetal
|-damage|p2a: Melmetal|80/100
|-resisted|p2a: Melmetal
|-damage|p2a: Melmetal|68/100
|-hitcount|p2a: Melmetal|2
|
|-heal|p2a: Melmetal|74/100|[from] item: Leftovers
|upkeep
|turn|8
|
|t:|1661519468
|switch|p1a: Landorus|Landorus-Therian, M|44/100
|-damage|p1a: Landorus|31/100|[from] Stealth Rock
|-ability|p1a: Landorus|Intimidate|boost
|-unboost|p2a: Melmetal|atk|1
|move|p2a: Melmetal|Earthquake|p1a: Landorus
|-immune|p1a: Landorus
|
|-heal|p2a: Melmetal|80/100|[from] item: Leftovers
|upkeep
|turn|9
|
|t:|1661519474
|move|p2a: Melmetal|Protect|p2a: Melmetal
|-singleturn|p2a: Melmetal|Protect
|move|p1a: Landorus|Earthquake|p2a: Melmetal
|-activate|p2a: Melmetal|move: Protect
|
|-heal|p2a: Melmetal|87/100|[from] item: Leftovers
|upkeep
|turn|10
|
|t:|1661519478
|switch|p2a: Pelipper|Pelipper, F|100/100
|-damage|p2a: Pelipper|76/100|[from] Stealth Rock
|-weather|RainDance|[from] ability: Drizzle|[of] p2a: Pelipper
|move|p1a: Landorus|U-turn|p2a: Pelipper
|-resisted|p2a: Pelipper
|-damage|p2a: Pelipper|65/100
|
|t:|1661519483
|switch|p1a: Tapu Lele|Tapu Lele|100/100|[from]move: U-turn
|-damage|p1a: Tapu Lele|88/100|[from] Stealth Rock
|-fieldstart|move: Psychic Terrain|[from] ability: Psychic Surge|[of] p1a: Tapu Lele
|
|-weather|RainDance|[upkeep]
|upkeep
|turn|11
|
|t:|1661519487
|switch|p2a: Melmetal|Melmetal|87/100
|-damage|p2a: Melmetal|80/100|[from] Stealth Rock
|move|p1a: Tapu Lele|Future Sight|p2a: Melmetal
|-start|p1a: Tapu Lele|move: Future Sight
|
|-weather|RainDance|[upkeep]
|-heal|p2a: Melmetal|87/100|[from] item: Leftovers
|upkeep
|turn|12
|
|t:|1661519491
|switch|p1a: Urshifu|Urshifu-Rapid-Strike, M|94/100
|-damage|p1a: Urshifu|88/100|[from] Stealth Rock
|move|p2a: Melmetal|Double Iron Bash|p1a: Urshifu
|-resisted|p1a: Urshifu
|-damage|p1a: Urshifu|67/100
|-resisted|p1a: Urshifu
|-damage|p1a: Urshifu|47/100
|-hitcount|p1a: Urshifu|2
|
|-weather|RainDance|[upkeep]
|-heal|p2a: Melmetal|93/100|[from] item: Leftovers
|upkeep
|turn|13
|
|t:|1661519496
|switch|p2a: Dragapult|Dragapult, M|27/100
|-damage|p2a: Dragapult|14/100|[from] Stealth Rock
|move|p1a: Urshifu|Close Combat|p2a: Dragapult
|-immune|p2a: Dragapult
|
|-weather|RainDance|[upkeep]
|-end|p2a: Dragapult|move: Future Sight
|-damage|p2a: Dragapult|0 fnt
|faint|p2a: Dragapult
|upkeep
|
|t:|1661519499
|switch|p2a: Kingdra|Kingdra, F|100/100
|-damage|p2a: Kingdra|88/100|[from] Stealth Rock
|turn|14
|
|t:|1661519503
|switch|p1a: Landorus|Landorus-Therian, M|31/100
|-damage|p1a: Landorus|19/100|[from] Stealth Rock
|-ability|p1a: Landorus|Intimidate|boost
|-unboost|p2a: Kingdra|atk|1
|move|p2a: Kingdra|Surf|p1a: Landorus
|-supereffective|p1a: Landorus
|-damage|p1a: Landorus|0 fnt
|faint|p1a: Landorus
|
|-weather|RainDance|[upkeep]
|-fieldend|move: Psychic Terrain
|upkeep
|
|t:|1661519508
|switch|p1a: Dragonite|Dragonite, M|100/100
|turn|15
|
|t:|1661519511
|switch|p2a: Melmetal|Melmetal|93/100
|-damage|p2a: Melmetal|87/100|[from] Stealth Rock
|move|p1a: Dragonite|Defog|p2a: Melmetal
|-unboost|p2a: Melmetal|evasion|1
|-sideend|p2: return nirvana|Stealth Rock|[from] move: Defog|[of] p1a: Dragonite
|-sideend|p1: LT94JE Iznamakin|Stealth Rock|[from] move: Defog|[of] p1a: Dragonite
|
|-weather|RainDance|[upkeep]
|-heal|p2a: Melmetal|93/100|[from] item: Leftovers
|upkeep
|turn|16
|
|t:|1661519515
|switch|p1a: Victini|Victini|100/100
|move|p2a: Melmetal|Double Iron Bash|p1a: Victini
|-resisted|p1a: Victini
|-damage|p1a: Victini|78/100
|-resisted|p1a: Victini
|-damage|p1a: Victini|54/100
|-hitcount|p1a: Victini|2
|
|-weather|RainDance|[upkeep]
|-heal|p2a: Melmetal|99/100|[from] item: Leftovers
|upkeep
|turn|17
|
|t:|1661519521
|move|p1a: Victini|Bolt Strike|p2a: Melmetal
|-damage|p2a: Melmetal|80/100
|move|p2a: Melmetal|Double Iron Bash|p1a: Victini
|-resisted|p1a: Victini
|-damage|p1a: Victini|35/100
|-resisted|p1a: Victini
|-damage|p1a: Victini|12/100
|-hitcount|p1a: Victini|2
|
|-weather|none
|-heal|p2a: Melmetal|86/100|[from] item: Leftovers
|upkeep
|turn|18
|
|t:|1661519527
|move|p2a: Melmetal|Protect|p2a: Melmetal
|-singleturn|p2a: Melmetal|Protect
|move|p1a: Victini|V-create|p2a: Melmetal
|-activate|p2a: Melmetal|move: Protect
|
|-heal|p2a: Melmetal|92/100|[from] item: Leftovers
|upkeep
|turn|19
|
|t:|1661519529
|switch|p2a: Landorus|Landorus-Therian, M|94/100 tox
|-ability|p2a: Landorus|Intimidate|boost
|-unboost|p1a: Victini|atk|1
|move|p1a: Victini|U-turn|p2a: Landorus
|-resisted|p2a: Landorus
|-damage|p2a: Landorus|88/100 tox
|
|t:|1661519532
|switch|p1a: Urshifu|Urshifu-Rapid-Strike, M|47/100|[from]move: U-turn
|
|-heal|p2a: Landorus|94/100 tox|[from] item: Leftovers
|-damage|p2a: Landorus|88/100 tox|[from] psn
|upkeep
|turn|20
|
|t:|1661519537
|switch|p2a: Pelipper|Pelipper, F|65/100
|-weather|RainDance|[from] ability: Drizzle|[of] p2a: Pelipper
|move|p1a: Urshifu|Surging Strikes|p2a: Pelipper
|-resisted|p2a: Pelipper
|-crit|p2a: Pelipper
|-damage|p2a: Pelipper|43/100
|-resisted|p2a: Pelipper
|-crit|p2a: Pelipper
|-damage|p2a: Pelipper|18/100
|-resisted|p2a: Pelipper
|-crit|p2a: Pelipper
|-damage|p2a: Pelipper|0 fnt
|faint|p2a: Pelipper
|-hitcount|p2: Pelipper|3
|
|-weather|RainDance|[upkeep]
|upkeep
|
|t:|1661519539
|switch|p2a: Kartana|Kartana|100/100
|turn|21
|
|t:|1661519546
|switch|p1a: Dragonite|Dragonite, M|100/100
|move|p2a: Kartana|Knock Off|p1a: Dragonite
|-damage|p1a: Dragonite|78/100
|-enditem|p1a: Dragonite|Heavy-Duty Boots|[from] move: Knock Off|[of] p2a: Kartana
|
|-weather|RainDance|[upkeep]
|upkeep
|turn|22
|l| Currently building
|
|t:|1661519550
|switch|p2a: Kingdra|Kingdra, F|88/100
|move|p1a: Dragonite|Roost|p1a: Dragonite
|-heal|p1a: Dragonite|100/100
|-singleturn|p1a: Dragonite|move: Roost
|
|-weather|RainDance|[upkeep]
|upkeep
|turn|23
|
|t:|1661519553
|switch|p1a: Melmetal|Melmetal|64/100
|move|p2a: Kingdra|Draco Meteor|p1a: Melmetal|[miss]
|-miss|p2a: Kingdra|p1a: Melmetal
|
|-weather|RainDance|[upkeep]
|upkeep
|turn|24
|
|t:|1661519559
|move|p2a: Kingdra|Draco Meteor|p1a: Melmetal
|-resisted|p1a: Melmetal
|-damage|p1a: Melmetal|38/100
|-unboost|p2a: Kingdra|spa|2
|move|p1a: Melmetal|Double Iron Bash|p2a: Kingdra
|-resisted|p2a: Kingdra
|-damage|p2a: Kingdra|65/100
|-resisted|p2a: Kingdra
|-damage|p2a: Kingdra|39/100
|-hitcount|p2a: Kingdra|2
|
|-weather|RainDance|[upkeep]
|upkeep
|turn|25
|
|t:|1661519568
|move|p2a: Kingdra|Draco Meteor|p1a: Melmetal
|-resisted|p1a: Melmetal
|-damage|p1a: Melmetal|27/100
|-unboost|p2a: Kingdra|spa|2
|move|p1a: Melmetal|Double Iron Bash|p2a: Kingdra
|-resisted|p2a: Kingdra
|-damage|p2a: Kingdra|15/100
|-resisted|p2a: Kingdra
|-damage|p2a: Kingdra|0 fnt
|faint|p2a: Kingdra
|-hitcount|p2: Kingdra|2
|
|-weather|RainDance|[upkeep]
|upkeep
|
|t:|1661519570
|switch|p2a: Landorus|Landorus-Therian, M|88/100 tox
|-ability|p2a: Landorus|Intimidate|boost
|-unboost|p1a: Melmetal|atk|1
|turn|26
|
|t:|1661519577
|move|p2a: Landorus|Stealth Rock|p1a: Melmetal
|-sidestart|p1: LT94JE Iznamakin|move: Stealth Rock
|move|p1a: Melmetal|Ice Punch|p2a: Landorus
|-supereffective|p2a: Landorus
|-damage|p2a: Landorus|7/100 tox
|
|-weather|RainDance|[upkeep]
|-heal|p2a: Landorus|13/100 tox|[from] item: Leftovers
|-damage|p2a: Landorus|7/100 tox|[from] psn
|upkeep
|turn|27
|
|t:|1661519585
|switch|p1a: Dragonite|Dragonite, M|100/100
|-damage|p1a: Dragonite|76/100|[from] Stealth Rock
|move|p2a: Landorus|Earthquake|p1a: Dragonite
|-immune|p1a: Dragonite
|
|-weather|none
|-heal|p2a: Landorus|13/100 tox|[from] item: Leftovers
|-damage|p2a: Landorus|1/100 tox|[from] psn
|upkeep
|turn|28
|
|t:|1661519590
|move|p2a: Landorus|Toxic|p1a: Dragonite
|-status|p1a: Dragonite|tox
|move|p1a: Dragonite|Defog|p2a: Landorus
|-unboost|p2a: Landorus|evasion|1
|-sideend|p1: LT94JE Iznamakin|Stealth Rock|[from] move: Defog|[of] p1a: Dragonite
|
|-heal|p2a: Landorus|7/100 tox|[from] item: Leftovers
|-damage|p2a: Landorus|0 fnt|[from] psn
|faint|p2a: Landorus
|-damage|p1a: Dragonite|69/100 tox|[from] psn
|upkeep
|
|t:|1661519592
|switch|p2a: Melmetal|Melmetal|92/100
|turn|29
|
|t:|1661519596
|switch|p1a: Victini|Victini|12/100
|move|p2a: Melmetal|Double Iron Bash|p1a: Victini
|-resisted|p1a: Victini
|-damage|p1a: Victini|0 fnt
|faint|p1a: Victini
|-hitcount|p1: Victini|1
|
|-heal|p2a: Melmetal|98/100|[from] item: Leftovers
|upkeep
|
|t:|1661519599
|switch|p1a: Urshifu|Urshifu-Rapid-Strike, M|47/100
|turn|30
|
|t:|1661519602
|move|p1a: Urshifu|Close Combat|p2a: Melmetal
|-supereffective|p2a: Melmetal
|-damage|p2a: Melmetal|5/100
|-unboost|p1a: Urshifu|def|1
|-unboost|p1a: Urshifu|spd|1
|move|p2a: Melmetal|Double Iron Bash|p1a: Urshifu
|-resisted|p1a: Urshifu
|-damage|p1a: Urshifu|15/100
|-resisted|p1a: Urshifu
|-damage|p1a: Urshifu|0 fnt
|faint|p1a: Urshifu
|-hitcount|p1: Urshifu|2
|
|-heal|p2a: Melmetal|11/100|[from] item: Leftovers
|upkeep
|
|t:|1661519616
|switch|p1a: Melmetal|Melmetal|27/100
|turn|31
|
|t:|1661519618
|move|p2a: Melmetal|Protect|p2a: Melmetal
|-singleturn|p2a: Melmetal|Protect
|move|p1a: Melmetal|Earthquake|p2a: Melmetal
|-activate|p2a: Melmetal|move: Protect
|
|-heal|p2a: Melmetal|17/100|[from] item: Leftovers
|upkeep
|turn|32
|
|t:|1661519620
|move|p2a: Melmetal|Earthquake|p1a: Melmetal
|-supereffective|p1a: Melmetal
|-damage|p1a: Melmetal|0 fnt
|faint|p1a: Melmetal
|
|-heal|p2a: Melmetal|23/100|[from] item: Leftovers
|upkeep
|
|t:|1661519625
|switch|p1a: Dragonite|Dragonite, M|69/100 tox
|turn|33
|
|t:|1661519627
|move|p2a: Melmetal|Protect|p2a: Melmetal
|-singleturn|p2a: Melmetal|Protect
|move|p1a: Dragonite|Earthquake|p2a: Melmetal
|-activate|p2a: Melmetal|move: Protect
|
|-heal|p2a: Melmetal|30/100|[from] item: Leftovers
|-damage|p1a: Dragonite|63/100 tox|[from] psn
|upkeep
|turn|34
|
|t:|1661519630
|switch|p2a: Kartana|Kartana|100/100
|move|p1a: Dragonite|Earthquake|p2a: Kartana
|-damage|p2a: Kartana|69/100
|
|-damage|p1a: Dragonite|51/100 tox|[from] psn
|upkeep
|turn|35
|
|t:|1661519634
|move|p2a: Kartana|Smart Strike|p1a: Dragonite
|-damage|p1a: Dragonite|0 fnt
|faint|p1a: Dragonite
|-ability|p2a: Kartana|Beast Boost|boost
|-boost|p2a: Kartana|atk|1
|
|upkeep
|
|t:|1661519637
|switch|p1a: Tapu Lele|Tapu Lele|88/100
|-fieldstart|move: Psychic Terrain|[from] ability: Psychic Surge|[of] p1a: Tapu Lele
|turn|36
|
|t:|1661519641
|move|p1a: Tapu Lele|Focus Blast|p2a: Kartana
|-supereffective|p2a: Kartana
|-damage|p2a: Kartana|0 fnt
|faint|p2a: Kartana
|
|upkeep
|
|t:|1661519643
|switch|p2a: Melmetal|Melmetal|30/100
|turn|37
|
|t:|1661519646
|move|p2a: Melmetal|Protect|p2a: Melmetal
|-singleturn|p2a: Melmetal|Protect
|move|p1a: Tapu Lele|Focus Blast|p2a: Melmetal
|-activate|p2a: Melmetal|move: Protect
|
|-heal|p2a: Melmetal|36/100|[from] item: Leftovers
|upkeep
|turn|38
|
|t:|1661519647
|move|p1a: Tapu Lele|Focus Blast|p2a: Melmetal|[miss]
|-miss|p1a: Tapu Lele|p2a: Melmetal
|move|p2a: Melmetal|Double Iron Bash|p1a: Tapu Lele
|-supereffective|p1a: Tapu Lele
|-damage|p1a: Tapu Lele|0 fnt
|faint|p1a: Tapu Lele
|-hitcount|p1: Tapu Lele|1
|
|win|return nirvana
|raw|LT94JE Iznamakin's rating: 1694 &rarr; <strong>1685</strong><br />(-9 for losing)
|raw|return nirvana's rating: 1909 &rarr; <strong>1918</strong><br />(+9 for winning)
|c|☆return nirvana|gg
|c|☆LT94JE Iznamakin|gg
