|j|☆Chikami
|j|☆lt91bb FJ2K
|t:|1659051413
|gametype|singles
|player|p1|Chikami|nate|1666
|player|p2|lt91bb FJ2K|265|1694
|teamsize|p1|6
|teamsize|p2|6
|gen|8
|tier|[Gen 8] OU
|rated|
|rule|Sleep Clause Mod: Limit one foe put to sleep
|rule|Species Clause: Limit one of each Pokémon
|rule|OHKO Clause: OHKO moves are banned
|rule|Evasion Moves Clause: Evasion moves are banned
|rule|Endless Battle Clause: Forcing endless battles is banned
|rule|HP Percentage Mod: HP is shown in percentages
|rule|Dynamax Clause: You cannot dynamax
|clearpoke
|poke|p1|Scolipede, F|
|poke|p1|Regieleki|
|poke|p1|Heatran, M|
|poke|p1|Bisharp, M|
|poke|p1|Rillaboom, M|
|poke|p1|Dragapult, M|
|poke|p2|Weavile, M|
|poke|p2|Landorus-Therian, M|
|poke|p2|Slowbro, M|
|poke|p2|Tornadus-Therian, M|
|poke|p2|Melmetal|
|poke|p2|Garchomp, F|
|teampreview
|inactive|Battle timer is ON: inactive players will automatically lose when time's up. (requested by Chikami)
|
|t:|1659051419
|start
|switch|p1a: Heatran|Heatran, M|100/100
|switch|p2a: Tornadus|Tornadus-Therian, M|100/100
|-item|p1a: Heatran|Air Balloon
|turn|1
|
|t:|1659051422
|move|p2a: Tornadus|Knock Off|p1a: Heatran
|-damage|p1a: Heatran|82/100
|-enditem|p1a: Heatran|Air Balloon
|move|p1a: Heatran|Stealth Rock|p2a: Tornadus
|-sidestart|p2: lt91bb FJ2K|move: Stealth Rock
|
|upkeep
|turn|2
|
|t:|1659051427
|move|p2a: Tornadus|Defog|p1a: Heatran
|-unboost|p1a: Heatran|evasion|1
|-sideend|p2: lt91bb FJ2K|Stealth Rock|[from] move: Defog|[of] p2a: Tornadus
|move|p1a: Heatran|Magma Storm|p2a: Tornadus|[miss]
|-miss|p1a: Heatran|p2a: Tornadus
|
|upkeep
|turn|3
|
|t:|1659051430
|move|p2a: Tornadus|U-turn|p1a: Heatran
|-resisted|p1a: Heatran
|-damage|p1a: Heatran|79/100
|-status|p2a: Tornadus|brn|[from] ability: Flame Body|[of] p1a: Heatran
|
|t:|1659051432
|switch|p2a: Garchomp|Garchomp, F|100/100|[from]move: U-turn
|move|p1a: Heatran|Stealth Rock|p2a: Garchomp
|-sidestart|p2: lt91bb FJ2K|move: Stealth Rock
|
|upkeep
|turn|4
|
|t:|1659051438
|switch|p2a: Tornadus|Tornadus-Therian, M|100/100 brn
|switch|p1a: Rillaboom|Rillaboom, M|100/100
|-fieldstart|move: Grassy Terrain|[from] ability: Grassy Surge|[of] p1a: Rillaboom
|
|-damage|p2a: Tornadus|94/100 brn|[from] brn
|upkeep
|turn|5
|
|t:|1659051442
|switch|p1a: Heatran|Heatran, M|79/100
|move|p2a: Tornadus|Defog|p1a: Heatran
|-unboost|p1a: Heatran|evasion|1
|-sideend|p2: lt91bb FJ2K|Stealth Rock|[from] move: Defog|[of] p2a: Tornadus
|-fieldend|move: Grassy Terrain
|
|-damage|p2a: Tornadus|88/100 brn|[from] brn
|upkeep
|turn|6
|
|t:|1659051447
|move|p2a: Tornadus|U-turn|p1a: Heatran
|-resisted|p1a: Heatran
|-damage|p1a: Heatran|78/100
|
|t:|1659051449
|switch|p2a: Garchomp|Garchomp, F|100/100|[from]move: U-turn
|move|p1a: Heatran|Stealth Rock|p2a: Garchomp
|-sidestart|p2: lt91bb FJ2K|move: Stealth Rock
|
|upkeep
|turn|7
|
|t:|1659051456
|switch|p1a: Rillaboom|Rillaboom, M|100/100
|-fieldstart|move: Grassy Terrain|[from] ability: Grassy Surge|[of] p1a: Rillaboom
|move|p2a: Garchomp|Earthquake|p1a: Rillaboom
|-resisted|p1a: Rillaboom
|-damage|p1a: Rillaboom|87/100
|
|-heal|p1a: Rillaboom|93/100|[from] Grassy Terrain
|upkeep
|turn|8
|
|t:|1659051462
|switch|p2a: Tornadus|Tornadus-Therian, M|100/100 brn
|move|p1a: Rillaboom|Knock Off|p2a: Tornadus
|-damage|p2a: Tornadus|56/100 brn
|-enditem|p2a: Tornadus|Heavy-Duty Boots|[from] move: Knock Off|[of] p1a: Rillaboom
|-damage|p1a: Rillaboom|83/100|[from] item: Life Orb
|
|-heal|p1a: Rillaboom|90/100|[from] Grassy Terrain
|-damage|p2a: Tornadus|50/100 brn|[from] brn
|upkeep
|turn|9
|
|t:|1659051465
|switch|p1a: Heatran|Heatran, M|78/100
|move|p2a: Tornadus|Defog|p1a: Heatran
|-unboost|p1a: Heatran|evasion|1
|-sideend|p2: lt91bb FJ2K|Stealth Rock|[from] move: Defog|[of] p2a: Tornadus
|-fieldend|move: Grassy Terrain
|
|-damage|p2a: Tornadus|44/100 brn|[from] brn
|upkeep
|turn|10
|
|t:|1659051468
|move|p2a: Tornadus|U-turn|p1a: Heatran
|-resisted|p1a: Heatran
|-damage|p1a: Heatran|76/100
|
|t:|1659051471
|switch|p2a: Landorus|Landorus-Therian, M|100/100|[from]move: U-turn
|-ability|p2a: Landorus|Intimidate|boost
|-unboost|p1a: Heatran|atk|1
|move|p1a: Heatran|Stealth Rock|p2a: Landorus
|-sidestart|p2: lt91bb FJ2K|move: Stealth Rock
|
|upkeep
|turn|11
|
|t:|1659051484
|move|p1a: Heatran|Magma Storm|p2a: Landorus
|-damage|p2a: Landorus|68/100
|-activate|p2a: Landorus|move: Magma Storm|[of] p1a: Heatran
|move|p2a: Landorus|Defog|p1a: Heatran
|-unboost|p1a: Heatran|evasion|1
|-sideend|p2: lt91bb FJ2K|Stealth Rock|[from] move: Defog|[of] p2a: Landorus
|
|-heal|p2a: Landorus|74/100|[from] item: Leftovers
|-damage|p2a: Landorus|62/100|[from] move: Magma Storm|[partiallytrapped]
|upkeep
|turn|12
|
|t:|1659051490
|move|p1a: Heatran|Stealth Rock|p2a: Landorus
|-sidestart|p2: lt91bb FJ2K|move: Stealth Rock
|move|p2a: Landorus|Earthquake|p1a: Heatran
|-supereffective|p1a: Heatran
|-damage|p1a: Heatran|0 fnt
|faint|p1a: Heatran
|
|-heal|p2a: Landorus|68/100|[from] item: Leftovers
|-end|p2a: Landorus|Magma Storm|[partiallytrapped]|[silent]
|upkeep
|inactive|Chikami has 120 seconds left.
|
|t:|1659051521
|switch|p1a: Dragapult|Dragapult, M|100/100
|turn|13
|
|t:|1659051525
|move|p1a: Dragapult|Dragon Dance|p1a: Dragapult
|-boost|p1a: Dragapult|atk|1
|-boost|p1a: Dragapult|spe|1
|move|p2a: Landorus|Earthquake|p1a: Dragapult
|-damage|p1a: Dragapult|40/100
|
|-heal|p2a: Landorus|74/100|[from] item: Leftovers
|upkeep
|turn|14
|
|t:|1659051529
|switch|p2a: Melmetal|Melmetal|100/100
|-damage|p2a: Melmetal|94/100|[from] Stealth Rock
|move|p1a: Dragapult|Dragon Darts|p2a: Melmetal
|-resisted|p2a: Melmetal
|-damage|p2a: Melmetal|81/100
|-anim|p1a: Dragapult|Dragon Darts|p2a: Melmetal
|-resisted|p2a: Melmetal
|-damage|p2a: Melmetal|66/100
|-damage|p1a: Dragapult|30/100|[from] item: Life Orb
|
|-heal|p2a: Melmetal|73/100|[from] item: Leftovers
|upkeep
|turn|15
|
|t:|1659051533
|move|p2a: Melmetal|Protect|p2a: Melmetal
|-singleturn|p2a: Melmetal|Protect
|move|p1a: Dragapult|Flamethrower|p2a: Melmetal
|-activate|p2a: Melmetal|move: Protect
|
|-heal|p2a: Melmetal|79/100|[from] item: Leftovers
|upkeep
|turn|16
|
|t:|1659051535
|move|p1a: Dragapult|Flamethrower|p2a: Melmetal
|-supereffective|p2a: Melmetal
|-damage|p2a: Melmetal|32/100
|-damage|p1a: Dragapult|20/100|[from] item: Life Orb
|move|p2a: Melmetal|Double Iron Bash|p1a: Dragapult
|-damage|p1a: Dragapult|0 fnt
|faint|p1a: Dragapult
|-hitcount|p1: Dragapult|1
|
|-heal|p2a: Melmetal|38/100|[from] item: Leftovers
|upkeep
|inactive|Chikami has 120 seconds left.
|
|t:|1659051565
|switch|p1a: Regieleki|Regieleki|100/100
|turn|17
|
|t:|1659051568
|switch|p2a: Garchomp|Garchomp, F|100/100
|-damage|p2a: Garchomp|94/100|[from] Stealth Rock
|move|p1a: Regieleki|Reflect|p1a: Regieleki
|-sidestart|p1: Chikami|Reflect
|
|-heal|p2a: Garchomp|100/100|[from] item: Leftovers
|upkeep
|turn|18
|
|t:|1659051571
|switch|p1a: Rillaboom|Rillaboom, M|90/100
|-fieldstart|move: Grassy Terrain|[from] ability: Grassy Surge|[of] p1a: Rillaboom
|switch|p2a: Landorus|Landorus-Therian, M|74/100
|-damage|p2a: Landorus|62/100|[from] Stealth Rock
|-ability|p2a: Landorus|Intimidate|boost
|-unboost|p1a: Rillaboom|atk|1
|
|-heal|p1a: Rillaboom|96/100|[from] Grassy Terrain
|-heal|p2a: Landorus|68/100|[from] item: Leftovers
|upkeep
|turn|19
|
|t:|1659051584
|switch|p1a: Bisharp|Bisharp, M|100/100
|move|p2a: Landorus|Defog|p1a: Bisharp
|-unboost|p1a: Bisharp|evasion|1
|-ability|p1a: Bisharp|Defiant
|-boost|p1a: Bisharp|atk|2
|-sideend|p1: Chikami|Reflect
|-sideend|p2: lt91bb FJ2K|Stealth Rock|[from] move: Defog|[of] p2a: Landorus
|-fieldend|move: Grassy Terrain
|
|-heal|p2a: Landorus|74/100|[from] item: Leftovers
|upkeep
|turn|20
|
|t:|1659051597
|move|p1a: Bisharp|Knock Off|p2a: Landorus
|-damage|p2a: Landorus|0 fnt
|-enditem|p2a: Landorus|Leftovers|[from] move: Knock Off|[of] p1a: Bisharp
|faint|p2a: Landorus
|-damage|p1a: Bisharp|91/100|[from] item: Life Orb
|
|upkeep
|
|t:|1659051603
|switch|p2a: Slowbro|Slowbro, M|100/100
|turn|21
|
|t:|1659051608
|move|p1a: Bisharp|Knock Off|p2a: Slowbro
|-supereffective|p2a: Slowbro
|-enditem|p2a: Slowbro|Colbur Berry|[eat]
|-enditem|p2a: Slowbro|Colbur Berry|[weaken]
|-damage|p2a: Slowbro|22/100
|-damage|p1a: Bisharp|81/100|[from] item: Life Orb
|move|p2a: Slowbro|Body Press|p1a: Bisharp
|-supereffective|p1a: Bisharp
|-damage|p1a: Bisharp|0 fnt
|faint|p1a: Bisharp
|
|upkeep
|
|t:|1659051624
|switch|p1a: Regieleki|Regieleki|100/100
|turn|22
|
|t:|1659051632
|switch|p2a: Garchomp|Garchomp, F|100/100
|move|p1a: Regieleki|Reflect|p1a: Regieleki
|-sidestart|p1: Chikami|Reflect
|
|upkeep
|turn|23
|
|t:|1659051639
|switch|p1a: Rillaboom|Rillaboom, M|96/100
|-fieldstart|move: Grassy Terrain|[from] ability: Grassy Surge|[of] p1a: Rillaboom
|switch|p2a: Melmetal|Melmetal|38/100
|
|-heal|p1a: Rillaboom|100/100|[from] Grassy Terrain
|-heal|p2a: Melmetal|44/100|[from] Grassy Terrain
|-heal|p2a: Melmetal|50/100|[from] item: Leftovers
|upkeep
|turn|24
|
|t:|1659051645
|move|p1a: Rillaboom|Swords Dance|p1a: Rillaboom
|-boost|p1a: Rillaboom|atk|2
|move|p2a: Melmetal|Toxic|p1a: Rillaboom
|-status|p1a: Rillaboom|tox
|
|-heal|p2a: Melmetal|56/100|[from] Grassy Terrain
|-heal|p2a: Melmetal|62/100|[from] item: Leftovers
|-damage|p1a: Rillaboom|94/100 tox|[from] psn
|upkeep
|turn|25
|
|t:|1659051653
|move|p2a: Melmetal|Protect|p2a: Melmetal
|-singleturn|p2a: Melmetal|Protect
|move|p1a: Rillaboom|Swords Dance|p1a: Rillaboom
|-boost|p1a: Rillaboom|atk|2
|
|-heal|p1a: Rillaboom|100/100 tox|[from] Grassy Terrain
|-heal|p2a: Melmetal|68/100|[from] Grassy Terrain
|-heal|p2a: Melmetal|74/100|[from] item: Leftovers
|-damage|p1a: Rillaboom|88/100 tox|[from] psn
|upkeep
|turn|26
|
|t:|1659051660
|switch|p2a: Slowbro|Slowbro, M|55/100
|move|p1a: Rillaboom|Superpower|p2a: Slowbro
|-resisted|p2a: Slowbro
|-damage|p2a: Slowbro|10/100
|-unboost|p1a: Rillaboom|atk|1
|-unboost|p1a: Rillaboom|def|1
|-damage|p1a: Rillaboom|78/100 tox|[from] item: Life Orb
|
|-heal|p1a: Rillaboom|84/100 tox|[from] Grassy Terrain
|-heal|p2a: Slowbro|16/100|[from] Grassy Terrain
|-damage|p1a: Rillaboom|66/100 tox|[from] psn
|upkeep
|turn|27
|
|t:|1659051665
|move|p1a: Rillaboom|Knock Off|p2a: Slowbro
|-supereffective|p2a: Slowbro
|-damage|p2a: Slowbro|0 fnt
|faint|p2a: Slowbro
|-damage|p1a: Rillaboom|56/100 tox|[from] item: Life Orb
|
|-heal|p1a: Rillaboom|62/100 tox|[from] Grassy Terrain
|-damage|p1a: Rillaboom|37/100 tox|[from] psn
|-fieldend|move: Grassy Terrain
|upkeep
|
|t:|1659051667
|switch|p2a: Weavile|Weavile, M|100/100
|-ability|p2a: Weavile|Pressure
|turn|28
|
|t:|1659051677
|move|p2a: Weavile|Ice Shard|p1a: Rillaboom
|-supereffective|p1a: Rillaboom
|-damage|p1a: Rillaboom|0 fnt
|faint|p1a: Rillaboom
|
|upkeep
|
|t:|1659051681
|switch|p1a: Regieleki|Regieleki|100/100
|turn|29
|
|t:|1659051688
|switch|p2a: Garchomp|Garchomp, F|100/100
|move|p1a: Regieleki|Thunder Cage|p2a: Garchomp
|-immune|p2a: Garchomp
|
|-sideend|p1: Chikami|Reflect
|upkeep
|turn|30
|
|t:|1659051691
|move|p1a: Regieleki|Reflect|p1a: Regieleki
|-sidestart|p1: Chikami|Reflect
|move|p2a: Garchomp|Swords Dance|p2a: Garchomp
|-boost|p2a: Garchomp|atk|2
|
|upkeep
|turn|31
|
|t:|1659051701
|move|p1a: Regieleki|Rapid Spin|p2a: Garchomp
|-damage|p2a: Garchomp|90/100
|-boost|p1a: Regieleki|spe|1
|-damage|p1a: Regieleki|88/100|[from] ability: Rough Skin|[of] p2a: Garchomp
|move|p2a: Garchomp|Swords Dance|p2a: Garchomp
|-boost|p2a: Garchomp|atk|2
|
|-heal|p2a: Garchomp|97/100|[from] item: Leftovers
|upkeep
|turn|32
|
|t:|1659051707
|move|p1a: Regieleki|Rapid Spin|p2a: Garchomp
|-damage|p2a: Garchomp|87/100
|-boost|p1a: Regieleki|spe|1
|-damage|p1a: Regieleki|76/100|[from] ability: Rough Skin|[of] p2a: Garchomp
|move|p2a: Garchomp|Swords Dance|p2a: Garchomp
|-boost|p2a: Garchomp|atk|2
|
|-heal|p2a: Garchomp|93/100|[from] item: Leftovers
|upkeep
|turn|33
|
|t:|1659051708
|move|p1a: Regieleki|Rapid Spin|p2a: Garchomp
|-crit|p2a: Garchomp
|-damage|p2a: Garchomp|80/100
|-boost|p1a: Regieleki|spe|1
|-damage|p1a: Regieleki|63/100|[from] ability: Rough Skin|[of] p2a: Garchomp
|move|p2a: Garchomp|Earthquake|p1a: Regieleki
|-supereffective|p1a: Regieleki
|-damage|p1a: Regieleki|0 fnt
|faint|p1a: Regieleki
|
|-heal|p2a: Garchomp|86/100|[from] item: Leftovers
|upkeep
|
|t:|1659051711
|switch|p1a: Scolipede|Scolipede, F|100/100
|turn|34
|
|t:|1659051714
|move|p1a: Scolipede|Megahorn|p2a: Garchomp
|-damage|p2a: Garchomp|22/100
|-damage|p1a: Scolipede|88/100|[from] ability: Rough Skin|[of] p2a: Garchomp
|-damage|p1a: Scolipede|78/100|[from] item: Life Orb
|move|p2a: Garchomp|Earthquake|p1a: Scolipede
|-damage|p1a: Scolipede|0 fnt
|faint|p1a: Scolipede
|
|win|lt91bb FJ2K
|raw|Chikami's rating: 1666 &rarr; <strong>1648</strong><br />(-18 for losing)
|raw|lt91bb FJ2K's rating: 1694 &rarr; <strong>1712</strong><br />(+18 for winning)
|l|☆Chikami
||Ladder isn't responding, score probably updated but might not have (Request timeout).
