|j|☆SSBM Clefairy
|j|☆Corumba
|t:|1648900775
|gametype|singles
|player|p1|SSBM Clefairy|265|1903
|player|p2|Corumba|102|1906
|teamsize|p1|6
|teamsize|p2|6
|gen|8
|tier|[Gen 8] OU
|rated|
|rule|Sleep Clause Mod: Limit one foe put to sleep
|rule|Species Clause: Limit one of each Pokémon
|rule|OHKO Clause: OHKO moves are banned
|rule|Evasion Moves Clause: Evasion moves are banned
|rule|Endless Battle Clause: Forcing endless battles is banned
|rule|HP Percentage Mod: HP is shown in percentages
|rule|Dynamax Clause: You cannot dynamax
|clearpoke
|poke|p1|Tyranitar, M|
|poke|p1|Excadrill, M|
|poke|p1|Zapdos|
|poke|p1|Ferrothorn, F|
|poke|p1|Urshifu-*, F|
|poke|p1|Tapu Lele|
|poke|p2|Barbaracle, F|
|poke|p2|Dragapult, F|
|poke|p2|Blaziken, M|
|poke|p2|Shuckle, F|
|poke|p2|Toxtricity, M|
|poke|p2|Mimikyu, M|
|teampreview
|j| Vexxja
|
|t:|1648900793
|start
|switch|p1a: Excadrill|Excadrill, M|100/100
|switch|p2a: dracopult|Dragapult, F|100/100
|turn|1
|
|t:|1648900800
|switch|p2a: shuckalaka baby|Shuckle, F|100/100
|move|p1a: Excadrill|Iron Head|p2a: shuckalaka baby
|-supereffective|p2a: shuckalaka baby
|-damage|p2a: shuckalaka baby|26/100
|-damage|p1a: Excadrill|84/100|[from] item: Rocky Helmet|[of] p2a: shuckalaka baby
|
|upkeep
|turn|2
|
|t:|1648900811
|move|p1a: Excadrill|Iron Head|p2a: shuckalaka baby
|-supereffective|p2a: shuckalaka baby
|-damage|p2a: shuckalaka baby|0 fnt
|-damage|p1a: Excadrill|67/100|[from] item: Rocky Helmet|[of] p2a: shuckalaka baby
|faint|p2a: shuckalaka baby
|
|upkeep
|
|t:|1648900815
|switch|p2a: disco stu|Blaziken, M|100/100
|turn|3
|j| huizoudexie
|
|t:|1648900821
|switch|p1a: Zapdos|Zapdos|100/100
|move|p2a: disco stu|Swords Dance|p2a: disco stu
|-boost|p2a: disco stu|atk|2
|
|-ability|p2a: disco stu|Speed Boost|boost
|-boost|p2a: disco stu|spe|1
|upkeep
|turn|4
|j| JJ09LIE
|
|t:|1648900827
|move|p2a: disco stu|Flare Blitz|p1a: Zapdos
|-damage|p1a: Zapdos|4/100
|-damage|p2a: disco stu|66/100|[from] Recoil
|move|p1a: Zapdos|Hurricane|p2a: disco stu|[miss]
|-miss|p1a: Zapdos|p2a: disco stu
|
|-heal|p2a: disco stu|72/100|[from] item: Leftovers
|-ability|p2a: disco stu|Speed Boost|boost
|-boost|p2a: disco stu|spe|1
|upkeep
|turn|5
|
|t:|1648900836
|move|p2a: disco stu|Flare Blitz|p1a: Zapdos
|-damage|p1a: Zapdos|0 fnt
|faint|p1a: Zapdos
|-damage|p2a: disco stu|70/100|[from] Recoil
|
|-heal|p2a: disco stu|76/100|[from] item: Leftovers
|-ability|p2a: disco stu|Speed Boost|boost
|-boost|p2a: disco stu|spe|1
|upkeep
|
|t:|1648900846
|switch|p1a: Urshifu|Urshifu-Rapid-Strike, F|100/100
|turn|6
|
|t:|1648900851
|move|p2a: disco stu|Close Combat|p1a: Urshifu
|-damage|p1a: Urshifu|0 fnt
|-unboost|p2a: disco stu|def|1
|-unboost|p2a: disco stu|spd|1
|faint|p1a: Urshifu
|
|-heal|p2a: disco stu|82/100|[from] item: Leftovers
|-ability|p2a: disco stu|Speed Boost|boost
|-boost|p2a: disco stu|spe|1
|upkeep
|-message|SSBM Clefairy forfeited.
|
|win|Corumba
|raw|SSBM Clefairy's rating: 1903 &rarr; <strong>1883</strong><br />(-20 for losing)
|raw|Corumba's rating: 1906 &rarr; <strong>1926</strong><br />(+20 for winning)
|l|☆SSBM Clefairy
|l| JJ09LIE
