|raw|<div class="broadcast-blue"><strong>This battle is required to be public due to a player having a name prefixed by 'LT71LX'.</div>
|j|☆LT71LX Luthier
|j|☆LT71LX Storm
|t:|1597294667
|player|p1|LT71LX Luthier|kimonogirl|2121
|player|p2|LT71LX Storm|lusamine-nihilego|2158
|teamsize|p1|6
|teamsize|p2|6
|gametype|singles
|gen|8
|tier|[Gen 8] OU
|rated|
|clearpoke
|poke|p1|Ferrothorn, F|
|poke|p1|Clefable, F|
|poke|p1|Ditto|
|poke|p1|Hippowdon, M|
|poke|p1|Blissey, F|
|poke|p1|Xatu, F|
|poke|p2|Toxtricity, M|
|poke|p2|Rillaboom, M|
|poke|p2|Volcarona, M|
|poke|p2|Urshifu-*, M|
|poke|p2|Primarina, M|
|poke|p2|Excadrill, M|
|rule|Sleep Clause Mod: Limit one foe put to sleep
|rule|Species Clause: Limit one of each Pokémon
|rule|OHKO Clause: OHKO moves are banned
|rule|Evasion Moves Clause: Evasion moves are banned
|rule|Endless Battle Clause: Forcing endless battles is banned
|rule|HP Percentage Mod: HP is shown in percentages
|rule|Dynamax Clause: You cannot dynamax
|teampreview
|j| Specs Urshifu
|j| LT71LX Kappucci
|inactive|Battle timer is ON: inactive players will automatically lose when time's up. (requested by LT71LX Luthier)
|j| LT71LX Chai
|j| hipster garbage
|c|☆LT71LX Storm|ayy what up bro
|c|☆LT71LX Storm|hf
|c|☆LT71LX Luthier|yo
|c|☆LT71LX Luthier|hf
|j| Red§jellyfish
|j| come in spinner
|j| purchasedalargek
|j| snaga
|j| spx1油
|
|t:|1597294702
|start
|switch|p1a: Ferrothorn|Ferrothorn, F|100/100
|switch|p2a: Celestine|Primarina, M|100/100
|turn|1
|j|+Averardo
|
|t:|1597294707
|move|p2a: Celestine|Substitute|p2a: Celestine
|-start|p2a: Celestine|Substitute
|-damage|p2a: Celestine|75/100
|move|p1a: Ferrothorn|Spikes|p2a: Celestine
|-sidestart|p2: LT71LX Storm|Spikes
|
|-heal|p2a: Celestine|82/100|[from] item: Leftovers
|upkeep
|turn|2
|j| Serene Grace
|
|t:|1597294711
|move|p2a: Celestine|Scald|p1a: Ferrothorn
|-resisted|p1a: Ferrothorn
|-damage|p1a: Ferrothorn|89/100
|move|p1a: Ferrothorn|Spikes|p2a: Celestine
|-sidestart|p2: LT71LX Storm|Spikes
|
|-heal|p2a: Celestine|88/100|[from] item: Leftovers
|-heal|p1a: Ferrothorn|95/100|[from] item: Leftovers
|upkeep
|turn|3
|c|+Averardo|perdemos
|
|t:|1597294717
|move|p2a: Celestine|Scald|p1a: Ferrothorn
|-resisted|p1a: Ferrothorn
|-damage|p1a: Ferrothorn|83/100
|-status|p1a: Ferrothorn|brn
|move|p1a: Ferrothorn|Spikes|p2a: Celestine
|-sidestart|p2: LT71LX Storm|Spikes
|
|-heal|p2a: Celestine|94/100|[from] item: Leftovers
|-heal|p1a: Ferrothorn|89/100 brn|[from] item: Leftovers
|-damage|p1a: Ferrothorn|83/100 brn|[from] brn
|upkeep
|turn|4
|
|t:|1597294720
|switch|p1a: Blissey|Blissey, F|100/100
|move|p2a: Celestine|Calm Mind|p2a: Celestine
|-boost|p2a: Celestine|spa|1
|-boost|p2a: Celestine|spd|1
|
|-heal|p2a: Celestine|99/100|[from] item: Leftovers
|upkeep
|turn|5
|
|t:|1597294723
|move|p2a: Celestine|Scald|p1a: Blissey
|-damage|p1a: Blissey|81/100
|move|p1a: Blissey|Heal Bell|p1a: Blissey
|-activate|p1a: Blissey|move: Heal Bell
|-curestatus|p1: Ferrothorn|brn|[msg]
|
|-heal|p2a: Celestine|100/100|[from] item: Leftovers
|upkeep
|turn|6
|
|t:|1597294728
|move|p2a: Celestine|Scald|p1a: Blissey
|-damage|p1a: Blissey|62/100
|move|p1a: Blissey|Seismic Toss|p2a: Celestine
|-end|p2a: Celestine|Substitute
|
|upkeep
|turn|7
|
|t:|1597294730
|switch|p2a: Impaler|Excadrill, M, shiny|100/100
|-damage|p2a: Impaler|75/100|[from] Spikes
|-ability|p2a: Impaler|Mold Breaker
|move|p1a: Blissey|Soft-Boiled|p1a: Blissey
|-heal|p1a: Blissey|100/100
|
|-heal|p2a: Impaler|82/100|[from] item: Leftovers
|upkeep
|turn|8
|j| Boigunn
|j| syncopied
|
|t:|1597294733
|switch|p1a: Hippowdon|Hippowdon, M|100/100
|-weather|Sandstorm|[from] ability: Sand Stream|[of] p1a: Hippowdon
|move|p2a: Impaler|Stealth Rock|p1a: Hippowdon
|-sidestart|p1: LT71LX Luthier|move: Stealth Rock
|
|-weather|Sandstorm|[upkeep]
|-heal|p2a: Impaler|88/100|[from] item: Leftovers
|upkeep
|turn|9
|
|t:|1597294743
|move|p2a: Impaler|Rapid Spin|p1a: Hippowdon
|-damage|p1a: Hippowdon|93/100
|-boost|p2a: Impaler|spe|1
|-damage|p2a: Impaler|71/100|[from] item: Rocky Helmet|[of] p1a: Hippowdon
|-sideend|p2: LT71LX Storm|Spikes|[from] move: Rapid Spin|[of] p2a: Impaler
|move|p1a: Hippowdon|Earthquake|p2a: Impaler
|-supereffective|p2a: Impaler
|-damage|p2a: Impaler|0 fnt
|faint|p2a: Impaler
|
|-weather|Sandstorm|[upkeep]
|upkeep
|
|t:|1597294745
|switch|p2a: Tama Tonga|Rillaboom, M|100/100
|-fieldstart|move: Grassy Terrain|[from] ability: Grassy Surge|[of] p2a: Tama Tonga
|turn|10
|j| LT71LX Tace
|j| ez
|
|t:|1597294748
|switch|p1a: Xatu|Xatu, F|100/100
|-damage|p1a: Xatu|76/100|[from] Stealth Rock
|move|p2a: Tama Tonga|Swords Dance|p2a: Tama Tonga
|-boost|p2a: Tama Tonga|atk|2
|
|-weather|Sandstorm|[upkeep]
|-damage|p2a: Tama Tonga|94/100|[from] Sandstorm
|-damage|p1a: Xatu|70/100|[from] Sandstorm
|-heal|p2a: Tama Tonga|100/100|[from] Grassy Terrain
|upkeep
|turn|11
|
|t:|1597294752
|move|p2a: Tama Tonga|Grassy Glide|p1a: Xatu
|-resisted|p1a: Xatu
|-damage|p1a: Xatu|4/100
|-damage|p2a: Tama Tonga|84/100|[from] item: Rocky Helmet|[of] p1a: Xatu
|-damage|p2a: Tama Tonga|74/100|[from] item: Life Orb
|move|p1a: Xatu|Thunder Wave|p2a: Tama Tonga|[miss]
|-miss|p1a: Xatu|p2a: Tama Tonga
|
|-weather|Sandstorm|[upkeep]
|-damage|p2a: Tama Tonga|68/100|[from] Sandstorm
|-damage|p1a: Xatu|0 fnt|[from] Sandstorm
|faint|p1a: Xatu
|-heal|p2a: Tama Tonga|74/100|[from] Grassy Terrain
|upkeep
|j| Fc04
|c|☆LT71LX Luthier|ahh
|
|t:|1597294762
|switch|p1a: Ditto|Ditto|100/100
|-damage|p1a: Ditto|88/100|[from] Stealth Rock
|-transform|p1a: Ditto|p2a: Tama Tonga|[from] ability: Imposter
|turn|12
|c|☆LT71LX Storm|man that sux sry
|
|t:|1597294768
|move|p2a: Tama Tonga|Grassy Glide|p1a: Ditto
|-resisted|p1a: Ditto
|-damage|p1a: Ditto|1/100
|-damage|p2a: Tama Tonga|64/100|[from] item: Life Orb
|move|p1a: Ditto|Superpower|p2a: Tama Tonga
|-damage|p2a: Tama Tonga|0 fnt
|-unboost|p1a: Ditto|atk|1
|-unboost|p1a: Ditto|def|1
|faint|p2a: Tama Tonga
|
|-weather|none
|-heal|p1a: Ditto|7/100|[from] Grassy Terrain
|upkeep
|j| OUTU Neymar
|c| spx1油|monkaS
|j| LT71LXMegavictinii
|j| lt71lx bacon
|
|t:|1597294786
|switch|p2a: Amaterasu|Volcarona, M, shiny|100/100
|turn|13
|
|t:|1597294791
|switch|p1a: Clefable|Clefable, F|100/100
|-damage|p1a: Clefable|88/100|[from] Stealth Rock
|move|p2a: Amaterasu|Flamethrower|p1a: Clefable
|-damage|p1a: Clefable|51/100
|
|-heal|p1a: Clefable|57/100|[from] item: Leftovers
|-heal|p1a: Clefable|63/100|[from] Grassy Terrain
|upkeep
|turn|14
|j| LT71LX JTD
|j| xImRaptor
|
|t:|1597294796
|move|p2a: Amaterasu|Flamethrower|p1a: Clefable
|-damage|p1a: Clefable|26/100
|move|p1a: Clefable|Wish|p1a: Clefable
|
|-heal|p1a: Clefable|32/100|[from] item: Leftovers
|-heal|p1a: Clefable|38/100|[from] Grassy Terrain
|-fieldend|move: Grassy Terrain
|upkeep
|turn|15
|j| plkordcfojiugv
|
|t:|1597294801
|move|p1a: Clefable|Protect|p1a: Clefable
|-singleturn|p1a: Clefable|Protect
|move|p2a: Amaterasu|Safeguard|p2a: Amaterasu
|-sidestart|p2: LT71LX Storm|Safeguard
|
|-heal|p1a: Clefable|88/100|[from] move: Wish|[wisher] Clefable
|-heal|p1a: Clefable|94/100|[from] item: Leftovers
|upkeep
|turn|16
|j| 98uih
|l| OUTU Neymar
|
|t:|1597294805
|switch|p2a: Kyotaro|Toxtricity, M|100/100
|move|p1a: Clefable|Calm Mind|p1a: Clefable
|-boost|p1a: Clefable|spa|1
|-boost|p1a: Clefable|spd|1
|
|-heal|p1a: Clefable|100/100|[from] item: Leftovers
|upkeep
|turn|17
|
|t:|1597294809
|move|p2a: Kyotaro|Boomburst|p1a: Clefable
|-damage|p1a: Clefable|49/100
|-damage|p2a: Kyotaro|91/100|[from] item: Life Orb
|move|p1a: Clefable|Wish|p1a: Clefable
|
|-heal|p1a: Clefable|55/100|[from] item: Leftovers
|upkeep
|turn|18
|j| Marquesa-10%
|j| 64 squares
|j| myjava
|c| LT71LXMegavictinii|high roll time
|j| Drasuk
|inactive|LT71LX Luthier has 120 seconds left.
|
|t:|1597294841
|move|p1a: Clefable|Protect|p1a: Clefable
|-singleturn|p1a: Clefable|Protect
|move|p2a: Kyotaro|Boomburst|p1a: Clefable
|-activate|p1a: Clefable|move: Protect
|
|-heal|p1a: Clefable|100/100|[from] move: Wish|[wisher] Clefable
|upkeep
|turn|19
|c|☆LT71LX Storm|p sure hes not risking that
|j| sparkwings
|
|t:|1597294848
|move|p2a: Kyotaro|Boomburst|p1a: Clefable
|-damage|p1a: Clefable|49/100
|-damage|p2a: Kyotaro|81/100|[from] item: Life Orb
|move|p1a: Clefable|Wish|p1a: Clefable
|
|-heal|p1a: Clefable|55/100|[from] item: Leftovers
|-sideend|p2: LT71LX Storm|Safeguard
|upkeep
|turn|20
|c| LT71LXMegavictinii|no i mean
|c| LT71LXMegavictinii|nvm
|
|t:|1597294862
|move|p1a: Clefable|Protect|p1a: Clefable
|-singleturn|p1a: Clefable|Protect
|move|p2a: Kyotaro|Boomburst|p1a: Clefable
|-activate|p1a: Clefable|move: Protect
|
|-heal|p1a: Clefable|100/100|[from] move: Wish|[wisher] Clefable
|upkeep
|turn|21
|
|t:|1597294865
|move|p2a: Kyotaro|Boomburst|p1a: Clefable
|-damage|p1a: Clefable|46/100
|-damage|p2a: Kyotaro|71/100|[from] item: Life Orb
|move|p1a: Clefable|Wish|p1a: Clefable
|
|-heal|p1a: Clefable|52/100|[from] item: Leftovers
|upkeep
|turn|22
|j| tazz
|j| sugarhigh
|j| touhoukhoa
|
|t:|1597294873
|switch|p2a: Silhouette|Urshifu, M|100/100
|move|p1a: Clefable|Protect||[still]
|-fail|p1a: Clefable
|
|-heal|p1a: Clefable|100/100|[from] move: Wish|[wisher] Clefable
|upkeep
|turn|23
|
|t:|1597294880
|switch|p1a: Hippowdon|Hippowdon, M|93/100
|-damage|p1a: Hippowdon|86/100|[from] Stealth Rock
|-weather|Sandstorm|[from] ability: Sand Stream|[of] p1a: Hippowdon
|move|p2a: Silhouette|Poison Jab|p1a: Hippowdon
|-resisted|p1a: Hippowdon
|-damage|p1a: Hippowdon|76/100
|-damage|p2a: Silhouette|84/100|[from] item: Rocky Helmet|[of] p1a: Hippowdon
|-damage|p2a: Silhouette|74/100|[from] item: Life Orb
|
|-weather|Sandstorm|[upkeep]
|-damage|p2a: Silhouette|68/100|[from] Sandstorm
|upkeep
|turn|24
|j| Rin T0hsaka
|j| Juseth sepulveda
|
|t:|1597294891
|move|p2a: Silhouette|Bulk Up|p2a: Silhouette
|-boost|p2a: Silhouette|atk|1
|-boost|p2a: Silhouette|def|1
|move|p1a: Hippowdon|Toxic|p2a: Silhouette
|-status|p2a: Silhouette|tox
|
|-weather|Sandstorm|[upkeep]
|-damage|p2a: Silhouette|62/100 tox|[from] Sandstorm
|-damage|p2a: Silhouette|55/100 tox|[from] psn
|upkeep
|turn|25
|j| Lt71lx gray
|
|t:|1597294895
|move|p2a: Silhouette|Bulk Up|p2a: Silhouette
|-boost|p2a: Silhouette|atk|1
|-boost|p2a: Silhouette|def|1
|move|p1a: Hippowdon|Earthquake|p2a: Silhouette
|-damage|p2a: Silhouette|37/100 tox
|
|-weather|Sandstorm|[upkeep]
|-damage|p2a: Silhouette|31/100 tox|[from] Sandstorm
|-damage|p2a: Silhouette|19/100 tox|[from] psn
|upkeep
|turn|26
|j| ArtOfWumbology
|
|t:|1597294899
|switch|p1a: Ditto|Ditto|7/100
|-damage|p1a: Ditto|0 fnt|[from] Stealth Rock
|faint|p1a: Ditto
|move|p2a: Silhouette|Wicked Blow|p1: Ditto|[notarget]
|-fail|p2a: Silhouette
|
|-weather|Sandstorm|[upkeep]
|-damage|p2a: Silhouette|12/100 tox|[from] Sandstorm
|-damage|p2a: Silhouette|0 fnt|[from] psn
|faint|p2a: Silhouette
|upkeep
|l| sugarhigh
|
|t:|1597294908
|switch|p2a: Kyotaro|Toxtricity, M|71/100
|switch|p1a: Ferrothorn|Ferrothorn, F|83/100
|-damage|p1a: Ferrothorn|77/100|[from] Stealth Rock
|turn|27
|
|t:|1597294914
|switch|p2a: Amaterasu|Volcarona, M, shiny|100/100
|move|p1a: Ferrothorn|Leech Seed|p2a: Amaterasu
|-start|p2a: Amaterasu|move: Leech Seed
|
|-weather|none
|-heal|p1a: Ferrothorn|83/100|[from] item: Leftovers
|-damage|p2a: Amaterasu|88/100|[from] Leech Seed|[of] p1a: Ferrothorn
|-heal|p1a: Ferrothorn|96/100|[silent]
|upkeep
|turn|28
|j| always simple
|
|t:|1597294921
|switch|p2a: Kyotaro|Toxtricity, M|71/100
|switch|p1a: Blissey|Blissey, F|100/100
|
|upkeep
|turn|29
|j| BoomBoomBoo
|
|t:|1597294927
|switch|p1a: Hippowdon|Hippowdon, M|76/100
|-damage|p1a: Hippowdon|70/100|[from] Stealth Rock
|-weather|Sandstorm|[from] ability: Sand Stream|[of] p1a: Hippowdon
|move|p2a: Kyotaro|Drain Punch|p1a: Hippowdon
|-damage|p1a: Hippowdon|59/100
|-heal|p2a: Kyotaro|79/100|[from] drain|[of] p1a: Hippowdon
|-damage|p2a: Kyotaro|62/100|[from] item: Rocky Helmet|[of] p1a: Hippowdon
|-damage|p2a: Kyotaro|52/100|[from] item: Life Orb
|
|-weather|Sandstorm|[upkeep]
|-damage|p2a: Kyotaro|46/100|[from] Sandstorm
|upkeep
|turn|30
|
|t:|1597294931
|switch|p1a: Ferrothorn|Ferrothorn, F|96/100
|-damage|p1a: Ferrothorn|90/100|[from] Stealth Rock
|move|p2a: Kyotaro|Boomburst|p1a: Ferrothorn
|-resisted|p1a: Ferrothorn
|-damage|p1a: Ferrothorn|58/100
|-damage|p2a: Kyotaro|36/100|[from] item: Life Orb
|
|-weather|Sandstorm|[upkeep]
|-damage|p2a: Kyotaro|30/100|[from] Sandstorm
|-heal|p1a: Ferrothorn|64/100|[from] item: Leftovers
|upkeep
|turn|31
|
|t:|1597294941
|switch|p2a: Amaterasu|Volcarona, M, shiny|88/100
|move|p1a: Ferrothorn|Leech Seed|p2a: Amaterasu
|-start|p2a: Amaterasu|move: Leech Seed
|
|-weather|Sandstorm|[upkeep]
|-damage|p2a: Amaterasu|82/100|[from] Sandstorm
|-heal|p1a: Ferrothorn|70/100|[from] item: Leftovers
|-damage|p2a: Amaterasu|70/100|[from] Leech Seed|[of] p1a: Ferrothorn
|-heal|p1a: Ferrothorn|83/100|[silent]
|upkeep
|turn|32
|
|t:|1597294947
|switch|p2a: Kyotaro|Toxtricity, M|30/100
|switch|p1a: Blissey|Blissey, F|100/100
|
|-weather|Sandstorm|[upkeep]
|-damage|p2a: Kyotaro|24/100|[from] Sandstorm
|-damage|p1a: Blissey|94/100|[from] Sandstorm
|upkeep
|turn|33
|
|t:|1597294952
|switch|p1a: Hippowdon|Hippowdon, M|59/100
|-damage|p1a: Hippowdon|53/100|[from] Stealth Rock
|move|p2a: Kyotaro|Boomburst|p1a: Hippowdon
|-damage|p1a: Hippowdon|0 fnt
|-damage|p2a: Kyotaro|14/100|[from] item: Life Orb
|faint|p1a: Hippowdon
|
|-weather|none
|upkeep
|j| peekoball
|
|t:|1597294957
|switch|p1a: Ferrothorn|Ferrothorn, F|83/100
|-damage|p1a: Ferrothorn|77/100|[from] Stealth Rock
|turn|34
|
|t:|1597294962
|move|p2a: Kyotaro|Drain Punch|p1a: Ferrothorn
|-supereffective|p1a: Ferrothorn
|-damage|p1a: Ferrothorn|52/100
|-heal|p2a: Kyotaro|29/100|[from] drain|[of] p1a: Ferrothorn
|-damage|p2a: Kyotaro|17/100|[from] ability: Iron Barbs|[of] p1a: Ferrothorn
|-damage|p2a: Kyotaro|7/100|[from] item: Life Orb
|move|p1a: Ferrothorn|Spikes|p2a: Kyotaro
|-sidestart|p2: LT71LX Storm|Spikes
|
|-heal|p1a: Ferrothorn|58/100|[from] item: Leftovers
|upkeep
|turn|35
|
|t:|1597294971
|move|p2a: Kyotaro|Drain Punch|p1a: Ferrothorn
|-supereffective|p1a: Ferrothorn
|-damage|p1a: Ferrothorn|30/100
|-heal|p2a: Kyotaro|24/100|[from] drain|[of] p1a: Ferrothorn
|-damage|p2a: Kyotaro|11/100|[from] ability: Iron Barbs|[of] p1a: Ferrothorn
|-damage|p2a: Kyotaro|2/100|[from] item: Life Orb
|move|p1a: Ferrothorn|Body Press|p2a: Kyotaro
|-resisted|p2a: Kyotaro
|-damage|p2a: Kyotaro|0 fnt
|faint|p2a: Kyotaro
|
|-heal|p1a: Ferrothorn|36/100|[from] item: Leftovers
|upkeep
|
|t:|1597294981
|switch|p2a: Celestine|Primarina, M|100/100
|-damage|p2a: Celestine|88/100|[from] Spikes
|turn|36
|
|t:|1597294988
|move|p2a: Celestine|Substitute|p2a: Celestine
|-start|p2a: Celestine|Substitute
|-damage|p2a: Celestine|63/100
|move|p1a: Ferrothorn|Iron Defense|p1a: Ferrothorn
|-boost|p1a: Ferrothorn|def|2
|
|-heal|p2a: Celestine|69/100|[from] item: Leftovers
|-heal|p1a: Ferrothorn|43/100|[from] item: Leftovers
|upkeep
|turn|37
|
|t:|1597294990
|move|p2a: Celestine|Calm Mind|p2a: Celestine
|-boost|p2a: Celestine|spa|1
|-boost|p2a: Celestine|spd|1
|move|p1a: Ferrothorn|Body Press|p2a: Celestine
|-resisted|p2a: Celestine
|-activate|p2a: Celestine|move: Substitute|[damage]
|
|-heal|p2a: Celestine|75/100|[from] item: Leftovers
|-heal|p1a: Ferrothorn|49/100|[from] item: Leftovers
|upkeep
|turn|38
|
|t:|1597294993
|move|p2a: Celestine|Scald|p1a: Ferrothorn
|-resisted|p1a: Ferrothorn
|-damage|p1a: Ferrothorn|31/100
|move|p1a: Ferrothorn|Iron Defense|p1a: Ferrothorn
|-boost|p1a: Ferrothorn|def|2
|
|-heal|p2a: Celestine|81/100|[from] item: Leftovers
|-heal|p1a: Ferrothorn|37/100|[from] item: Leftovers
|upkeep
|turn|39
|j| hp dragon altaria
|
|t:|1597294995
|move|p2a: Celestine|Scald|p1a: Ferrothorn
|-resisted|p1a: Ferrothorn
|-damage|p1a: Ferrothorn|18/100
|move|p1a: Ferrothorn|Body Press|p2a: Celestine
|-resisted|p2a: Celestine
|-end|p2a: Celestine|Substitute
|
|-heal|p2a: Celestine|87/100|[from] item: Leftovers
|-heal|p1a: Ferrothorn|24/100|[from] item: Leftovers
|upkeep
|turn|40
|
|t:|1597294997
|move|p2a: Celestine|Scald|p1a: Ferrothorn
|-resisted|p1a: Ferrothorn
|-damage|p1a: Ferrothorn|4/100
|move|p1a: Ferrothorn|Body Press|p2a: Celestine
|-resisted|p2a: Celestine
|-damage|p2a: Celestine|51/100
|
|-heal|p2a: Celestine|57/100|[from] item: Leftovers
|-heal|p1a: Ferrothorn|11/100|[from] item: Leftovers
|upkeep
|turn|41
|
|t:|1597295004
|move|p2a: Celestine|Substitute|p2a: Celestine
|-start|p2a: Celestine|Substitute
|-damage|p2a: Celestine|32/100
|move|p1a: Ferrothorn|Body Press|p2a: Celestine
|-resisted|p2a: Celestine
|-end|p2a: Celestine|Substitute
|
|-heal|p2a: Celestine|38/100|[from] item: Leftovers
|-heal|p1a: Ferrothorn|17/100|[from] item: Leftovers
|upkeep
|turn|42
|
|t:|1597295011
|move|p2a: Celestine|Substitute|p2a: Celestine
|-start|p2a: Celestine|Substitute
|-damage|p2a: Celestine|13/100
|move|p1a: Ferrothorn|Body Press|p2a: Celestine
|-resisted|p2a: Celestine
|-end|p2a: Celestine|Substitute
|
|-heal|p2a: Celestine|19/100|[from] item: Leftovers
|-heal|p1a: Ferrothorn|23/100|[from] item: Leftovers
|upkeep
|turn|43
|
|t:|1597295013
|move|p2a: Celestine|Scald|p1a: Ferrothorn
|-resisted|p1a: Ferrothorn
|-damage|p1a: Ferrothorn|0 fnt
|faint|p1a: Ferrothorn
|
|-heal|p2a: Celestine|25/100|[from] item: Leftovers
|upkeep
|
|t:|1597295015
|switch|p1a: Blissey|Blissey, F|94/100
|turn|44
|j| LT71LX PJ
|j| LT71LX bebo
|
|t:|1597295020
|move|p2a: Celestine|Draining Kiss|p1a: Blissey
|-damage|p1a: Blissey|82/100
|-heal|p2a: Celestine|44/100|[from] drain|[of] p1a: Blissey
|move|p1a: Blissey|Thunder Wave|p2a: Celestine
|-status|p2a: Celestine|par
|
|-heal|p2a: Celestine|50/100 par|[from] item: Leftovers
|upkeep
|turn|45
|
|t:|1597295023
|move|p1a: Blissey|Seismic Toss|p2a: Celestine
|-damage|p2a: Celestine|22/100 par
|move|p2a: Celestine|Scald|p1a: Blissey
|-damage|p1a: Blissey|56/100
|
|-heal|p2a: Celestine|28/100 par|[from] item: Leftovers
|upkeep
|turn|46
|
|t:|1597295027
|move|p1a: Blissey|Seismic Toss|p2a: Celestine
|-damage|p2a: Celestine|1/100 par
|move|p2a: Celestine|Scald|p1a: Blissey
|-damage|p1a: Blissey|27/100
|
|-heal|p2a: Celestine|7/100 par|[from] item: Leftovers
|upkeep
|turn|47
|
|t:|1597295031
|move|p1a: Blissey|Soft-Boiled|p1a: Blissey
|-heal|p1a: Blissey|77/100
|move|p2a: Celestine|Draining Kiss|p1a: Blissey
|-damage|p1a: Blissey|65/100
|-heal|p2a: Celestine|25/100 par|[from] drain|[of] p1a: Blissey
|
|-heal|p2a: Celestine|31/100 par|[from] item: Leftovers
|upkeep
|turn|48
|
|t:|1597295033
|move|p1a: Blissey|Seismic Toss|p2a: Celestine
|-damage|p2a: Celestine|3/100 par
|move|p2a: Celestine|Draining Kiss|p1a: Blissey
|-crit|p1a: Blissey
|-damage|p1a: Blissey|48/100
|-heal|p2a: Celestine|29/100 par|[from] drain|[of] p1a: Blissey
|
|-heal|p2a: Celestine|35/100 par|[from] item: Leftovers
|upkeep
|turn|49
|
|t:|1597295037
|move|p1a: Blissey|Seismic Toss|p2a: Celestine
|-damage|p2a: Celestine|7/100 par
|move|p2a: Celestine|Scald|p1a: Blissey
|-damage|p1a: Blissey|22/100
|
|-heal|p2a: Celestine|13/100 par|[from] item: Leftovers
|upkeep
|turn|50
|
|t:|1597295040
|move|p1a: Blissey|Soft-Boiled|p1a: Blissey
|-heal|p1a: Blissey|72/100
|move|p2a: Celestine|Draining Kiss|p1a: Blissey
|-damage|p1a: Blissey|60/100
|-heal|p2a: Celestine|31/100 par|[from] drain|[of] p1a: Blissey
|
|-heal|p2a: Celestine|37/100 par|[from] item: Leftovers
|upkeep
|turn|51
|j| Crawdunked
|
|t:|1597295045
|move|p1a: Blissey|Seismic Toss|p2a: Celestine
|-damage|p2a: Celestine|9/100 par
|move|p2a: Celestine|Scald|p1a: Blissey
|-damage|p1a: Blissey|35/100
|
|-heal|p2a: Celestine|15/100 par|[from] item: Leftovers
|upkeep
|turn|52
|
|t:|1597295049
|move|p1a: Blissey|Soft-Boiled|p1a: Blissey
|-heal|p1a: Blissey|85/100
|move|p2a: Celestine|Draining Kiss|p1a: Blissey
|-damage|p1a: Blissey|74/100
|-heal|p2a: Celestine|32/100 par|[from] drain|[of] p1a: Blissey
|
|-heal|p2a: Celestine|38/100 par|[from] item: Leftovers
|upkeep
|turn|53
|c| Crawdunked|stormmmm go offff
|
|t:|1597295053
|move|p1a: Blissey|Soft-Boiled|p1a: Blissey
|-heal|p1a: Blissey|100/100
|move|p2a: Celestine|Scald|p1a: Blissey
|-damage|p1a: Blissey|81/100
|
|-heal|p2a: Celestine|44/100 par|[from] item: Leftovers
|upkeep
|turn|54
|j| Hlt1b tucunana
|
|t:|1597295056
|move|p1a: Blissey|Seismic Toss|p2a: Celestine
|-damage|p2a: Celestine|16/100 par
|move|p2a: Celestine|Draining Kiss|p1a: Blissey
|-damage|p1a: Blissey|69/100
|-heal|p2a: Celestine|34/100 par|[from] drain|[of] p1a: Blissey
|
|-heal|p2a: Celestine|40/100 par|[from] item: Leftovers
|upkeep
|turn|55
|j| Eepsilon
|
|t:|1597295060
|move|p1a: Blissey|Seismic Toss|p2a: Celestine
|-damage|p2a: Celestine|12/100 par
|move|p2a: Celestine|Scald|p1a: Blissey
|-damage|p1a: Blissey|39/100
|
|-heal|p2a: Celestine|18/100 par|[from] item: Leftovers
|upkeep
|turn|56
|
|t:|1597295062
|move|p1a: Blissey|Soft-Boiled|p1a: Blissey
|-heal|p1a: Blissey|89/100
|move|p2a: Celestine|Draining Kiss|p1a: Blissey
|-damage|p1a: Blissey|77/100
|-heal|p2a: Celestine|36/100 par|[from] drain|[of] p1a: Blissey
|
|-heal|p2a: Celestine|42/100 par|[from] item: Leftovers
|upkeep
|turn|57
|
|t:|1597295065
|move|p1a: Blissey|Seismic Toss|p2a: Celestine
|-damage|p2a: Celestine|15/100 par
|move|p2a: Celestine|Scald|p1a: Blissey
|-damage|p1a: Blissey|48/100
|
|-heal|p2a: Celestine|21/100 par|[from] item: Leftovers
|upkeep
|turn|58
|j| Vlady_614
|
|t:|1597295069
|move|p1a: Blissey|Soft-Boiled|p1a: Blissey
|-heal|p1a: Blissey|98/100
|move|p2a: Celestine|Draining Kiss|p1a: Blissey
|-damage|p1a: Blissey|86/100
|-heal|p2a: Celestine|39/100 par|[from] drain|[of] p1a: Blissey
|
|-heal|p2a: Celestine|45/100 par|[from] item: Leftovers
|upkeep
|turn|59
|
|t:|1597295073
|move|p1a: Blissey|Seismic Toss|p2a: Celestine
|-damage|p2a: Celestine|18/100 par
|cant|p2a: Celestine|par
|
|-heal|p2a: Celestine|24/100 par|[from] item: Leftovers
|upkeep
|turn|60
|l| Eepsilon
|l| Vlady_614
|j| pizza
|
|t:|1597295087
|move|p1a: Blissey|Seismic Toss|p2a: Celestine
|-damage|p2a: Celestine|0 fnt
|faint|p2a: Celestine
|
|upkeep
|
|t:|1597295089
|switch|p2a: Amaterasu|Volcarona, M, shiny|70/100
|turn|61
|
|t:|1597295091
|move|p2a: Amaterasu|Safeguard|p2a: Amaterasu
|-sidestart|p2: LT71LX Storm|Safeguard
|move|p1a: Blissey|Thunder Wave|p2a: Amaterasu
|-activate|p2a: Amaterasu|move: Safeguard
|
|upkeep
|turn|62
|
|t:|1597295094
|move|p2a: Amaterasu|Flamethrower|p1a: Blissey
|-damage|p1a: Blissey|71/100
|move|p1a: Blissey|Seismic Toss|p2a: Amaterasu
|-damage|p2a: Amaterasu|43/100
|-status|p1a: Blissey|brn|[from] ability: Flame Body|[of] p2a: Amaterasu
|
|-damage|p1a: Blissey|65/100 brn|[from] brn
|upkeep
|turn|63
|
|t:|1597295097
|move|p2a: Amaterasu|Flamethrower|p1a: Blissey
|-damage|p1a: Blissey|50/100 brn
|move|p1a: Blissey|Heal Bell|p1a: Blissey
|-activate|p1a: Blissey|move: Heal Bell
|-curestatus|p1a: Blissey|brn|[msg]
|
|upkeep
|turn|64
|
|t:|1597295100
|move|p2a: Amaterasu|Quiver Dance|p2a: Amaterasu
|-boost|p2a: Amaterasu|spa|1
|-boost|p2a: Amaterasu|spd|1
|-boost|p2a: Amaterasu|spe|1
|move|p1a: Blissey|Seismic Toss|p2a: Amaterasu
|-damage|p2a: Amaterasu|16/100
|
|upkeep
|turn|65
|
|t:|1597295105
|move|p2a: Amaterasu|Roost|p2a: Amaterasu
|-heal|p2a: Amaterasu|66/100
|-singleturn|p2a: Amaterasu|move: Roost
|move|p1a: Blissey|Seismic Toss|p2a: Amaterasu
|-damage|p2a: Amaterasu|39/100
|
|-sideend|p2: LT71LX Storm|Safeguard
|upkeep
|turn|66
|
|t:|1597295107
|move|p2a: Amaterasu|Safeguard|p2a: Amaterasu
|-sidestart|p2: LT71LX Storm|Safeguard
|move|p1a: Blissey|Seismic Toss|p2a: Amaterasu
|-damage|p2a: Amaterasu|13/100
|-status|p1a: Blissey|brn|[from] ability: Flame Body|[of] p2a: Amaterasu
|
|-damage|p1a: Blissey|43/100 brn|[from] brn
|upkeep
|turn|67
|
|t:|1597295109
|switch|p1a: Clefable|Clefable, F|100/100
|-damage|p1a: Clefable|88/100|[from] Stealth Rock
|move|p2a: Amaterasu|Roost|p2a: Amaterasu
|-heal|p2a: Amaterasu|63/100
|-singleturn|p2a: Amaterasu|move: Roost
|
|-heal|p1a: Clefable|94/100|[from] item: Leftovers
|upkeep
|turn|68
|
|t:|1597295112
|move|p1a: Clefable|Protect|p1a: Clefable
|-singleturn|p1a: Clefable|Protect
|move|p2a: Amaterasu|Flamethrower|p1a: Clefable
|-activate|p1a: Clefable|move: Protect
|
|-heal|p1a: Clefable|99/100|[from] item: Leftovers
|upkeep
|turn|69
|
|t:|1597295114
|move|p2a: Amaterasu|Flamethrower|p1a: Clefable
|-damage|p1a: Clefable|60/100
|move|p1a: Clefable|Calm Mind|p1a: Clefable
|-boost|p1a: Clefable|spa|1
|-boost|p1a: Clefable|spd|1
|
|-heal|p1a: Clefable|66/100|[from] item: Leftovers
|upkeep
|turn|70
|j| marshallwu
|
|t:|1597295118
|move|p1a: Clefable|Protect|p1a: Clefable
|-singleturn|p1a: Clefable|Protect
|move|p2a: Amaterasu|Flamethrower|p1a: Clefable
|-activate|p1a: Clefable|move: Protect
|
|-heal|p1a: Clefable|72/100|[from] item: Leftovers
|-sideend|p2: LT71LX Storm|Safeguard
|upkeep
|turn|71
|l| Specs Urshifu
|
|t:|1597295120
|move|p2a: Amaterasu|Flamethrower|p1a: Clefable
|-damage|p1a: Clefable|48/100
|-status|p1a: Clefable|brn
|move|p1a: Clefable|Wish|p1a: Clefable
|
|-heal|p1a: Clefable|55/100 brn|[from] item: Leftovers
|-damage|p1a: Clefable|48/100 brn|[from] brn
|upkeep
|turn|72
|
|t:|1597295124
|move|p1a: Clefable|Protect|p1a: Clefable
|-singleturn|p1a: Clefable|Protect
|move|p2a: Amaterasu|Flamethrower|p1a: Clefable
|-activate|p1a: Clefable|move: Protect
|
|-heal|p1a: Clefable|98/100 brn|[from] move: Wish|[wisher] Clefable
|-heal|p1a: Clefable|100/100 brn|[from] item: Leftovers
|-damage|p1a: Clefable|94/100 brn|[from] brn
|upkeep
|turn|73
|
|t:|1597295127
|move|p2a: Amaterasu|Flamethrower|p1a: Clefable
|-damage|p1a: Clefable|67/100 brn
|move|p1a: Clefable|Wish|p1a: Clefable
|
|-heal|p1a: Clefable|73/100 brn|[from] item: Leftovers
|-damage|p1a: Clefable|67/100 brn|[from] brn
|upkeep
|turn|74
|
|t:|1597295130
|move|p2a: Amaterasu|Flamethrower|p1a: Clefable
|-damage|p1a: Clefable|43/100 brn
|move|p1a: Clefable|Calm Mind|p1a: Clefable
|-boost|p1a: Clefable|spa|1
|-boost|p1a: Clefable|spd|1
|
|-heal|p1a: Clefable|93/100 brn|[from] move: Wish|[wisher] Clefable
|-heal|p1a: Clefable|99/100 brn|[from] item: Leftovers
|-damage|p1a: Clefable|93/100 brn|[from] brn
|upkeep
|turn|75
|
|t:|1597295133
|move|p1a: Clefable|Protect|p1a: Clefable
|-singleturn|p1a: Clefable|Protect
|move|p2a: Amaterasu|Flamethrower|p1a: Clefable
|-activate|p1a: Clefable|move: Protect
|
|-heal|p1a: Clefable|99/100 brn|[from] item: Leftovers
|-damage|p1a: Clefable|93/100 brn|[from] brn
|upkeep
|turn|76
|
|t:|1597295135
|move|p2a: Amaterasu|Flamethrower|p1a: Clefable
|-damage|p1a: Clefable|76/100 brn
|move|p1a: Clefable|Wish|p1a: Clefable
|
|-heal|p1a: Clefable|82/100 brn|[from] item: Leftovers
|-damage|p1a: Clefable|76/100 brn|[from] brn
|upkeep
|turn|77
|
|t:|1597295138
|move|p2a: Amaterasu|Roost|p2a: Amaterasu
|-heal|p2a: Amaterasu|100/100
|-singleturn|p2a: Amaterasu|move: Roost
|move|p1a: Clefable|Calm Mind|p1a: Clefable
|-boost|p1a: Clefable|spa|1
|-boost|p1a: Clefable|spd|1
|
|-heal|p1a: Clefable|100/100 brn|[from] move: Wish|[wisher] Clefable
|-damage|p1a: Clefable|94/100 brn|[from] brn
|upkeep
|turn|78
|j| LT71LX Merm
|
|t:|1597295140
|move|p2a: Amaterasu|Quiver Dance|p2a: Amaterasu
|-boost|p2a: Amaterasu|spa|1
|-boost|p2a: Amaterasu|spd|1
|-boost|p2a: Amaterasu|spe|1
|move|p1a: Clefable|Wish|p1a: Clefable
|
|-heal|p1a: Clefable|100/100 brn|[from] item: Leftovers
|-damage|p1a: Clefable|94/100 brn|[from] brn
|upkeep
|turn|79
|
|t:|1597295144
|move|p2a: Amaterasu|Quiver Dance|p2a: Amaterasu
|-boost|p2a: Amaterasu|spa|1
|-boost|p2a: Amaterasu|spd|1
|-boost|p2a: Amaterasu|spe|1
|move|p1a: Clefable|Calm Mind|p1a: Clefable
|-boost|p1a: Clefable|spa|1
|-boost|p1a: Clefable|spd|1
|
|-heal|p1a: Clefable|100/100 brn|[from] move: Wish|[wisher] Clefable
|-damage|p1a: Clefable|94/100 brn|[from] brn
|upkeep
|turn|80
|
|t:|1597295146
|move|p2a: Amaterasu|Quiver Dance|p2a: Amaterasu
|-boost|p2a: Amaterasu|spa|1
|-boost|p2a: Amaterasu|spd|1
|-boost|p2a: Amaterasu|spe|1
|move|p1a: Clefable|Calm Mind|p1a: Clefable
|-boost|p1a: Clefable|spa|1
|-boost|p1a: Clefable|spd|1
|
|-heal|p1a: Clefable|100/100 brn|[from] item: Leftovers
|-damage|p1a: Clefable|94/100 brn|[from] brn
|upkeep
|turn|81
|l| LT71LX Merm
|
|t:|1597295150
|move|p2a: Amaterasu|Quiver Dance|p2a: Amaterasu
|-boost|p2a: Amaterasu|spa|1
|-boost|p2a: Amaterasu|spd|1
|-boost|p2a: Amaterasu|spe|1
|move|p1a: Clefable|Calm Mind|p1a: Clefable
|-boost|p1a: Clefable|spa|1
|-boost|p1a: Clefable|spd|1
|
|-heal|p1a: Clefable|100/100 brn|[from] item: Leftovers
|-damage|p1a: Clefable|94/100 brn|[from] brn
|upkeep
|turn|82
|
|t:|1597295152
|move|p2a: Amaterasu|Quiver Dance|p2a: Amaterasu
|-boost|p2a: Amaterasu|spa|1
|-boost|p2a: Amaterasu|spd|1
|-boost|p2a: Amaterasu|spe|1
|move|p1a: Clefable|Wish|p1a: Clefable
|
|-heal|p1a: Clefable|100/100 brn|[from] item: Leftovers
|-damage|p1a: Clefable|94/100 brn|[from] brn
|upkeep
|turn|83
|
|t:|1597295154
|move|p2a: Amaterasu|Flamethrower|p1a: Clefable
|-damage|p1a: Clefable|85/100 brn
|move|p1a: Clefable|Moonblast|p2a: Amaterasu
|-resisted|p2a: Amaterasu
|-damage|p2a: Amaterasu|52/100
|
|-heal|p1a: Clefable|100/100 brn|[from] move: Wish|[wisher] Clefable
|-damage|p1a: Clefable|94/100 brn|[from] brn
|upkeep
|turn|84
|n| come in spinner|comeinspinner
|
|t:|1597295159
|move|p2a: Amaterasu|Safeguard|p2a: Amaterasu
|-sidestart|p2: LT71LX Storm|Safeguard
|move|p1a: Clefable|Moonblast|p2a: Amaterasu
|-resisted|p2a: Amaterasu
|-damage|p2a: Amaterasu|2/100
|-unboost|p2a: Amaterasu|spa|1
|
|-heal|p1a: Clefable|100/100 brn|[from] item: Leftovers
|-damage|p1a: Clefable|94/100 brn|[from] brn
|upkeep
|turn|85
|
|t:|1597295161
|move|p2a: Amaterasu|Roost|p2a: Amaterasu
|-heal|p2a: Amaterasu|52/100
|-singleturn|p2a: Amaterasu|move: Roost
|move|p1a: Clefable|Moonblast|p2a: Amaterasu
|-resisted|p2a: Amaterasu
|-damage|p2a: Amaterasu|1/100
|
|-heal|p1a: Clefable|100/100 brn|[from] item: Leftovers
|-damage|p1a: Clefable|94/100 brn|[from] brn
|upkeep
|turn|86
|
|t:|1597295164
|move|p2a: Amaterasu|Roost|p2a: Amaterasu
|-heal|p2a: Amaterasu|51/100
|-singleturn|p2a: Amaterasu|move: Roost
|move|p1a: Clefable|Moonblast|p2a: Amaterasu
|-resisted|p2a: Amaterasu
|-damage|p2a: Amaterasu|0 fnt
|faint|p2a: Amaterasu
|
|win|LT71LX Luthier
|l| Lt71lx gray
|c|☆LT71LX Luthier|gg
|c|☆LT71LX Storm|gg bro
|raw|LT71LX Luthier's rating: 2121 &rarr; <strong>2143</strong><br />(+22 for winning)
|raw|LT71LX Storm's rating: 2158 &rarr; <strong>2136</strong><br />(-22 for losing)
|l|☆LT71LX Storm
|l|☆LT71LX Luthier
|l| myjava
|l| LT71LX JTD
|l| Crawdunked
|l| BoomBoomBoo
|l| always simple
|l| Serene Grace
|l| touhoukhoa
|j| big pumpie
|j| The Teal Scizor
|l| Fc04
|l| marshallwu
|l| big pumpie
|l| xImRaptor
|l| LT71LX Tace
|l| pizza
|l| LT71LX PJ
|l| The Teal Scizor
|l| ez
|l| LT71LX Kappucci
|l| syncopied
|l| sparkwings
|l| Red§jellyfish
|l| LT71LX Chai
|l| hipster garbage
|j| Specs Urshifu
|l| Specs Urshifu
|j| Specs Urshifu
|l| Specs Urshifu
|l| Rin T0hsaka
|l|+Averardo
|l| plkordcfojiugv
|j| Dra15
|l| Dra15
|l| spx1油
|j|☆LT71LX Luthier
|player|p1|LT71LX Luthier|kimonogirl
|j| GOATDON
|l| purchasedalargek
|l| GOATDON
|j| purchasedalargek
|l| purchasedalargek
|l| 64 squares
