|j|☆Cubielubie
|j|☆2(H2O)-Alt
|t:|1655705531
|gametype|singles
|player|p1|Cubielubie|265|1691
|player|p2|2(H2O)-Alt|wally|1647
|teamsize|p1|6
|teamsize|p2|6
|gen|8
|tier|[Gen 8] OU
|rated|
|rule|Sleep Clause Mod: Limit one foe put to sleep
|rule|Species Clause: Limit one of each Pokémon
|rule|OHKO Clause: OHKO moves are banned
|rule|Evasion Moves Clause: Evasion moves are banned
|rule|Endless Battle Clause: Forcing endless battles is banned
|rule|HP Percentage Mod: HP is shown in percentages
|rule|Dynamax Clause: You cannot dynamax
|clearpoke
|poke|p1|Tapu Koko|
|poke|p1|Hawlucha, M|
|poke|p1|Victini|
|poke|p1|Garchomp, M|
|poke|p1|Melmetal|
|poke|p1|Volcanion|
|poke|p2|Tapu Lele|
|poke|p2|Victini|
|poke|p2|Melmetal|
|poke|p2|Landorus-Therian, M|
|poke|p2|Urshifu-*, M|
|poke|p2|Dragonite, M|
|teampreview
|
|t:|1655705538
|start
|switch|p1a: Victini|Victini|100/100
|switch|p2a: Tapu Lele|Tapu Lele|100/100
|-fieldstart|move: Psychic Terrain|[from] ability: Psychic Surge|[of] p2a: Tapu Lele
|turn|1
|inactive|Battle timer is ON: inactive players will automatically lose when time's up. (requested by 2(H2O)-Alt)
|
|t:|1655705545
|switch|p2a: Dragonite|Dragonite, M|100/100
|move|p1a: Victini|Final Gambit|p2a: Dragonite
|-damage|p2a: Dragonite|0 fnt
|faint|p1a: Victini
|faint|p2a: Dragonite
|
|upkeep
|
|t:|1655705552
|switch|p1a: Volcanion|Volcanion|100/100
|switch|p2a: Tapu Lele|Tapu Lele|100/100
|turn|2
|
|t:|1655705568
|switch|p1a: Melmetal|Melmetal|100/100
|move|p2a: Tapu Lele|Thunderbolt|p1a: Melmetal
|-damage|p1a: Melmetal|58/100
|
|upkeep
|turn|3
|
|t:|1655705574
|switch|p2a: Melmetal|Melmetal|100/100
|move|p1a: Melmetal|Double Iron Bash|p2a: Melmetal
|-resisted|p2a: Melmetal
|-damage|p2a: Melmetal|81/100
|-resisted|p2a: Melmetal
|-damage|p2a: Melmetal|61/100
|-hitcount|p2a: Melmetal|2
|
|upkeep
|turn|4
|
|t:|1655705579
|switch|p1a: Hawlucha|Hawlucha, M|100/100
|move|p2a: Melmetal|Earthquake|p1a: Hawlucha
|-immune|p1a: Hawlucha
|
|upkeep
|turn|5
|
|t:|1655705585
|switch|p1a: Volcanion|Volcanion|100/100
|switch|p2a: Victini|Victini|100/100
|
|-fieldend|move: Psychic Terrain
|upkeep
|turn|6
|
|t:|1655705592
|move|p1a: Volcanion|Steam Eruption|p2a: Victini
|-supereffective|p2a: Victini
|-damage|p2a: Victini|0 fnt
|faint|p2a: Victini
|
|upkeep
|
|t:|1655705595
|switch|p2a: Tapu Lele|Tapu Lele|100/100
|-fieldstart|move: Psychic Terrain|[from] ability: Psychic Surge|[of] p2a: Tapu Lele
|turn|7
|
|t:|1655705602
|switch|p1a: Melmetal|Melmetal|58/100
|move|p2a: Tapu Lele|Psyshock|p1a: Melmetal
|-resisted|p1a: Melmetal
|-damage|p1a: Melmetal|40/100
|
|upkeep
|turn|8
|
|t:|1655705607
|switch|p2a: Urshifu|Urshifu-Rapid-Strike, M|100/100
|move|p1a: Melmetal|Double Iron Bash|p2a: Urshifu
|-resisted|p2a: Urshifu
|-damage|p2a: Urshifu|68/100
|-resisted|p2a: Urshifu
|-crit|p2a: Urshifu
|-damage|p2a: Urshifu|22/100
|-hitcount|p2a: Urshifu|2
|
|upkeep
|turn|9
|
|t:|1655705612
|move|p2a: Urshifu|Close Combat|p1a: Melmetal
|-supereffective|p1a: Melmetal
|-damage|p1a: Melmetal|0 fnt
|-unboost|p2a: Urshifu|def|1
|-unboost|p2a: Urshifu|spd|1
|faint|p1a: Melmetal
|
|upkeep
|
|t:|1655705619
|switch|p1a: Tapu Koko|Tapu Koko|100/100
|-fieldstart|move: Electric Terrain|[from] ability: Electric Surge|[of] p1a: Tapu Koko
|turn|10
|
|t:|1655705624
|move|p1a: Tapu Koko|U-turn|p2a: Urshifu
|-resisted|p2a: Urshifu
|-damage|p2a: Urshifu|10/100
|
|t:|1655705642
|switch|p1a: Garchomp|Garchomp, M|100/100|[from]move: U-turn
|move|p2a: Urshifu|Close Combat|p1a: Garchomp
|-damage|p1a: Garchomp|8/100
|-unboost|p2a: Urshifu|def|1
|-unboost|p2a: Urshifu|spd|1
|-damage|p2a: Urshifu|0 fnt|[from] ability: Rough Skin|[of] p1a: Garchomp
|faint|p2a: Urshifu
|
|-heal|p1a: Garchomp|14/100|[from] item: Leftovers
|upkeep
|
|t:|1655705646
|switch|p2a: Tapu Lele|Tapu Lele|100/100
|-fieldstart|move: Psychic Terrain|[from] ability: Psychic Surge|[of] p2a: Tapu Lele
|turn|11
|
|t:|1655705650
|move|p2a: Tapu Lele|Psyshock|p1a: Garchomp
|-damage|p1a: Garchomp|0 fnt
|faint|p1a: Garchomp
|
|upkeep
|
|t:|1655705663
|switch|p1a: Tapu Koko|Tapu Koko|100/100
|-fieldstart|move: Electric Terrain|[from] ability: Electric Surge|[of] p1a: Tapu Koko
|turn|12
|
|t:|1655705671
|switch|p2a: Landorus|Landorus-Therian, M|100/100
|-ability|p2a: Landorus|Intimidate|boost
|-unboost|p1a: Tapu Koko|atk|1
|move|p1a: Tapu Koko|Volt Switch|p2a: Landorus
|-immune|p2a: Landorus
|
|upkeep
|turn|13
|
|t:|1655705676
|switch|p1a: Hawlucha|Hawlucha, M|100/100
|-enditem|p1a: Hawlucha|Electric Seed
|-boost|p1a: Hawlucha|def|1|[from] item: Electric Seed
|move|p2a: Landorus|U-turn|p1a: Hawlucha
|-resisted|p1a: Hawlucha
|-damage|p1a: Hawlucha|96/100
|
|t:|1655705682
|switch|p2a: Melmetal|Melmetal|61/100|[from]move: U-turn
|
|upkeep
|turn|14
|
|t:|1655705686
|move|p1a: Hawlucha|Swords Dance|p1a: Hawlucha
|-boost|p1a: Hawlucha|atk|2
|move|p2a: Melmetal|Double Iron Bash|p1a: Hawlucha
|-damage|p1a: Hawlucha|60/100
|-damage|p1a: Hawlucha|27/100
|-hitcount|p1a: Hawlucha|2
|
|upkeep
|turn|15
|
|t:|1655705691
|switch|p2a: Landorus|Landorus-Therian, M|100/100
|-ability|p2a: Landorus|Intimidate|boost
|-unboost|p1a: Hawlucha|atk|1
|move|p1a: Hawlucha|Close Combat|p2a: Landorus
|-resisted|p2a: Landorus
|-damage|p2a: Landorus|62/100
|-unboost|p1a: Hawlucha|def|1
|-unboost|p1a: Hawlucha|spd|1
|
|-heal|p2a: Landorus|68/100|[from] item: Leftovers
|upkeep
|turn|16
|j| LT_Alt1
|
|t:|1655705698
|move|p1a: Hawlucha|Substitute|p1a: Hawlucha
|-start|p1a: Hawlucha|Substitute
|-damage|p1a: Hawlucha|2/100
|move|p2a: Landorus|U-turn|p1a: Hawlucha
|-resisted|p1a: Hawlucha
|-activate|p1a: Hawlucha|move: Substitute|[damage]
|
|t:|1655705703
|switch|p2a: Melmetal|Melmetal|61/100|[from]move: U-turn
|
|-fieldend|move: Electric Terrain
|upkeep
|turn|17
|
|t:|1655705705
|move|p1a: Hawlucha|Close Combat|p2a: Melmetal
|-supereffective|p2a: Melmetal
|-damage|p2a: Melmetal|0 fnt
|-unboost|p1a: Hawlucha|def|1
|-unboost|p1a: Hawlucha|spd|1
|faint|p2a: Melmetal
|
|upkeep
|
|t:|1655705708
|switch|p2a: Landorus|Landorus-Therian, M|68/100
|-ability|p2a: Landorus|Intimidate|boost
|-immune|p1a: Hawlucha
|turn|18
|
|t:|1655705710
|move|p1a: Hawlucha|Acrobatics|p2a: Landorus
|-damage|p2a: Landorus|1/100
|move|p2a: Landorus|U-turn|p1a: Hawlucha
|-resisted|p1a: Hawlucha
|-activate|p1a: Hawlucha|move: Substitute|[damage]
|
|t:|1655705715
|switch|p2a: Tapu Lele|Tapu Lele|100/100|[from]move: U-turn
|-fieldstart|move: Psychic Terrain|[from] ability: Psychic Surge|[of] p2a: Tapu Lele
|
|upkeep
|turn|19
|
|t:|1655705717
|move|p1a: Hawlucha|Acrobatics|p2a: Tapu Lele
|-damage|p2a: Tapu Lele|0 fnt
|faint|p2a: Tapu Lele
|
|upkeep
|
|t:|1655705719
|switch|p2a: Landorus|Landorus-Therian, M|1/100
|-ability|p2a: Landorus|Intimidate|boost
|-immune|p1a: Hawlucha
|turn|20
|
|t:|1655705721
|move|p1a: Hawlucha|Acrobatics|p2a: Landorus
|-damage|p2a: Landorus|0 fnt
|faint|p2a: Landorus
|
|win|Cubielubie
|raw|Cubielubie's rating: 1658 &rarr; <strong>1677</strong><br />(+19 for winning)
|raw|2(H2O)-Alt's rating: 1647 &rarr; <strong>1628</strong><br />(-19 for losing)
|l|☆2(H2O)-Alt
