|html|<div class="broadcast-blue"><strong>[Gen 8] OU is currently suspecting Melmetal! For information on how to participate check out the <a href="https://www.smogon.com/forums/threads/np-ss-ou-suspect-process-round-12-monster-mash.3709234/">suspect thread</a>.</strong></div>
|j|☆pro choice specs
|j|☆ChandosH
|t:|1665956221
|gametype|singles
|player|p1|pro choice specs|n-masters|1504
|player|p2|ChandosH|n-masters|1472
|teamsize|p1|6
|teamsize|p2|6
|gen|8
|tier|[Gen 8] OU
|rated|
|rule|Sleep Clause Mod: Limit one foe put to sleep
|rule|Species Clause: Limit one of each Pokémon
|rule|OHKO Clause: OHKO moves are banned
|rule|Evasion Items Clause: Evasion items are banned
|rule|Evasion Moves Clause: Evasion moves are banned
|rule|Endless Battle Clause: Forcing endless battles is banned
|rule|HP Percentage Mod: HP is shown in percentages
|rule|Dynamax Clause: You cannot dynamax
|clearpoke
|poke|p1|Zygarde-10%|
|poke|p1|Toxapex, F|
|poke|p1|Kartana|
|poke|p1|Corviknight, F|
|poke|p1|Tapu Koko|
|poke|p1|Victini|
|poke|p2|Keldeo-Resolute|
|poke|p2|Tapu Lele|
|poke|p2|Dragapult, F|
|poke|p2|Ferrothorn, F|
|poke|p2|Landorus-Therian, M|
|poke|p2|Heatran, F|
|teampreview
|inactive|Battle timer is ON: inactive players will automatically lose when time's up. (requested by pro choice specs)
|
|t:|1665956252
|start
|switch|p1a: Radahn-10%|Zygarde-10%, shiny|100/100
|switch|p2a: Dragapult|Dragapult, F|100/100
|-ability|p1a: Radahn-10%|Aura Break
|turn|1
|
|t:|1665956263
|switch|p1a: Zz Top|Tapu Koko, shiny|100/100
|-fieldstart|move: Electric Terrain|[from] ability: Electric Surge|[of] p1a: Zz Top
|move|p2a: Dragapult|U-turn|p1a: Zz Top
|-resisted|p1a: Zz Top
|-damage|p1a: Zz Top|73/100
|
|t:|1665956273
|switch|p2a: Tapu Lele|Tapu Lele|100/100|[from]move: U-turn
|-fieldstart|move: Psychic Terrain|[from] ability: Psychic Surge|[of] p2a: Tapu Lele
|
|upkeep
|turn|2
|
|t:|1665956278
|switch|p2a: Heatran|Heatran, F|100/100
|move|p1a: Zz Top|U-turn|p2a: Heatran
|-resisted|p2a: Heatran
|-damage|p2a: Heatran|96/100
|
|t:|1665956281
|switch|p1a: Radahn-10%|Zygarde-10%, shiny|100/100|[from]move: U-turn
|-ability|p1a: Radahn-10%|Aura Break
|
|-heal|p2a: Heatran|100/100|[from] item: Leftovers
|upkeep
|turn|3
|
|t:|1665956289
|switch|p2a: Landorus|Landorus-Therian, M|100/100
|-ability|p2a: Landorus|Intimidate|boost
|-unboost|p1a: Radahn-10%|atk|1
|move|p1a: Radahn-10%|Thousand Arrows|p2a: Landorus
|-damage|p2a: Landorus|59/100
|-start|p2a: Landorus|Smack Down
|
|-heal|p2a: Landorus|65/100|[from] item: Leftovers
|upkeep
|turn|4
|
|t:|1665956301
|switch|p2a: Ferrothorn|Ferrothorn, F|100/100
|move|p1a: Radahn-10%|Thousand Arrows|p2a: Ferrothorn
|-damage|p2a: Ferrothorn|71/100
|
|-heal|p2a: Ferrothorn|77/100|[from] item: Leftovers
|upkeep
|turn|5
|
|t:|1665956314
|switch|p1a: Kawkaw|Corviknight, F, shiny|100/100
|-ability|p1a: Kawkaw|Pressure
|move|p2a: Ferrothorn|Spikes|p1a: Kawkaw
|-sidestart|p1: pro choice specs|Spikes
|
|-heal|p2a: Ferrothorn|84/100|[from] item: Leftovers
|-fieldend|move: Psychic Terrain
|upkeep
|turn|6
|
|t:|1665956320
|switch|p2a: Heatran|Heatran, F|100/100
|move|p1a: Kawkaw|U-turn|p2a: Heatran
|-resisted|p2a: Heatran
|-damage|p2a: Heatran|97/100
|
|t:|1665956322
|switch|p1a: Radahn-10%|Zygarde-10%, shiny|100/100|[from]move: U-turn
|-damage|p1a: Radahn-10%|88/100|[from] Spikes
|-ability|p1a: Radahn-10%|Aura Break
|
|-heal|p2a: Heatran|100/100|[from] item: Leftovers
|upkeep
|turn|7
|
|t:|1665956332
|switch|p2a: Landorus|Landorus-Therian, M|65/100
|-ability|p2a: Landorus|Intimidate|boost
|-unboost|p1a: Radahn-10%|atk|1
|move|p1a: Radahn-10%|Thousand Arrows|p2a: Landorus
|-damage|p2a: Landorus|28/100
|-start|p2a: Landorus|Smack Down
|
|-heal|p2a: Landorus|34/100|[from] item: Leftovers
|upkeep
|turn|8
|
|t:|1665956339
|move|p1a: Radahn-10%|Thousand Arrows|p2a: Landorus
|-damage|p2a: Landorus|0 fnt
|faint|p2a: Landorus
|
|upkeep
|
|t:|1665956345
|switch|p2a: Dragapult|Dragapult, F|100/100
|turn|9
|
|t:|1665956351
|switch|p1a: Zz Top|Tapu Koko, shiny|73/100
|-fieldstart|move: Electric Terrain|[from] ability: Electric Surge|[of] p1a: Zz Top
|move|p2a: Dragapult|U-turn|p1a: Zz Top
|-resisted|p1a: Zz Top
|-crit|p1a: Zz Top
|-damage|p1a: Zz Top|34/100
|
|t:|1665956357
|switch|p2a: Tapu Lele|Tapu Lele|100/100|[from]move: U-turn
|-fieldstart|move: Psychic Terrain|[from] ability: Psychic Surge|[of] p2a: Tapu Lele
|
|upkeep
|turn|10
|
|t:|1665956364
|move|p2a: Tapu Lele|Psyshock|p1a: Zz Top
|-damage|p1a: Zz Top|0 fnt
|faint|p1a: Zz Top
|
|upkeep
|
|t:|1665956370
|switch|p1a: Yung Lord|Victini|100/100
|turn|11
|
|t:|1665956377
|switch|p2a: Heatran|Heatran, F|100/100
|move|p1a: Yung Lord|Zen Headbutt|p2a: Heatran
|-resisted|p2a: Heatran
|-damage|p2a: Heatran|78/100
|
|-heal|p2a: Heatran|84/100|[from] item: Leftovers
|upkeep
|turn|12
|
|t:|1665956385
|move|p1a: Yung Lord|U-turn|p2a: Heatran
|-resisted|p2a: Heatran
|-damage|p2a: Heatran|80/100
|
|t:|1665956388
|switch|p1a: Trenches|Toxapex, F, shiny|100/100|[from]move: U-turn
|-damage|p1a: Trenches|88/100|[from] Spikes
|move|p2a: Heatran|Stealth Rock|p1a: Trenches
|-sidestart|p1: pro choice specs|move: Stealth Rock
|
|-heal|p2a: Heatran|86/100|[from] item: Leftovers
|-heal|p1a: Trenches|94/100|[from] item: Black Sludge
|upkeep
|turn|13
|
|t:|1665956401
|switch|p2a: Ferrothorn|Ferrothorn, F|84/100
|move|p1a: Trenches|Scald|p2a: Ferrothorn
|-resisted|p2a: Ferrothorn
|-damage|p2a: Ferrothorn|78/100
|-status|p2a: Ferrothorn|brn
|
|-heal|p1a: Trenches|99/100|[from] item: Black Sludge
|-heal|p2a: Ferrothorn|85/100 brn|[from] item: Leftovers
|-damage|p2a: Ferrothorn|78/100 brn|[from] brn
|-fieldend|move: Psychic Terrain
|upkeep
|turn|14
|
|t:|1665956410
|switch|p1a: Kawkaw|Corviknight, F, shiny|100/100
|-damage|p1a: Kawkaw|88/100|[from] Stealth Rock
|-ability|p1a: Kawkaw|Pressure
|switch|p2a: Heatran|Heatran, F|86/100
|
|-heal|p2a: Heatran|92/100|[from] item: Leftovers
|upkeep
|turn|15
|
|t:|1665956415
|move|p2a: Heatran|Magma Storm|p1a: Kawkaw
|-supereffective|p1a: Kawkaw
|-damage|p1a: Kawkaw|0 fnt
|faint|p1a: Kawkaw
|
|-heal|p2a: Heatran|98/100|[from] item: Leftovers
|upkeep
|
|t:|1665956418
|switch|p1a: Radahn-10%|Zygarde-10%, shiny|88/100
|-damage|p1a: Radahn-10%|76/100|[from] Spikes
|-damage|p1a: Radahn-10%|70/100|[from] Stealth Rock
|-ability|p1a: Radahn-10%|Aura Break
|turn|16
|
|t:|1665956425
|switch|p2a: Ferrothorn|Ferrothorn, F|78/100 brn
|move|p1a: Radahn-10%|Thousand Arrows|p2a: Ferrothorn
|-damage|p2a: Ferrothorn|33/100 brn
|
|-heal|p2a: Ferrothorn|39/100 brn|[from] item: Leftovers
|-damage|p2a: Ferrothorn|33/100 brn|[from] brn
|upkeep
|turn|17
|
|t:|1665956433
|move|p1a: Radahn-10%|Thousand Arrows|p2a: Ferrothorn
|-damage|p2a: Ferrothorn|0 fnt
|faint|p2a: Ferrothorn
|
|upkeep
|
|t:|1665956450
|switch|p2a: Dragapult|Dragapult, F|100/100
|turn|18
|
|t:|1665956455
|move|p2a: Dragapult|Dragon Darts|p1a: Radahn-10%
|-supereffective|p1a: Radahn-10%
|-damage|p1a: Radahn-10%|0 fnt
|faint|p1a: Radahn-10%
|
|upkeep
|
|t:|1665956458
|switch|p1a: Kartnite|Kartana, shiny|100/100
|-damage|p1a: Kartnite|88/100|[from] Spikes
|-damage|p1a: Kartnite|82/100|[from] Stealth Rock
|turn|19
|
|t:|1665956461
|switch|p2a: Heatran|Heatran, F|98/100
|move|p1a: Kartnite|Knock Off|p2a: Heatran
|-damage|p2a: Heatran|53/100
|-enditem|p2a: Heatran|Leftovers|[from] move: Knock Off|[of] p1a: Kartnite
|
|upkeep
|turn|20
|
|t:|1665956468
|switch|p1a: Trenches|Toxapex, F, shiny|100/100
|-damage|p1a: Trenches|88/100|[from] Spikes
|-damage|p1a: Trenches|76/100|[from] Stealth Rock
|switch|p2a: Tapu Lele|Tapu Lele|100/100
|-fieldstart|move: Psychic Terrain|[from] ability: Psychic Surge|[of] p2a: Tapu Lele
|
|-heal|p1a: Trenches|82/100|[from] item: Black Sludge
|upkeep
|turn|21
|
|t:|1665956474
|move|p2a: Tapu Lele|Psyshock|p1a: Trenches
|-supereffective|p1a: Trenches
|-damage|p1a: Trenches|4/100
|move|p1a: Trenches|Sludge Wave|p2a: Tapu Lele
|-supereffective|p2a: Tapu Lele
|-damage|p2a: Tapu Lele|56/100
|
|-heal|p1a: Trenches|10/100|[from] item: Black Sludge
|upkeep
|turn|22
|
|t:|1665956478
|move|p2a: Tapu Lele|Psyshock|p1a: Trenches
|-supereffective|p1a: Trenches
|-damage|p1a: Trenches|0 fnt
|faint|p1a: Trenches
|
|upkeep
|
|t:|1665956480
|switch|p1a: Kartnite|Kartana, shiny|82/100
|-damage|p1a: Kartnite|70/100|[from] Spikes
|-damage|p1a: Kartnite|63/100|[from] Stealth Rock
|turn|23
|
|t:|1665956488
|switch|p2a: Heatran|Heatran, F|53/100
|move|p1a: Kartnite|Knock Off|p2a: Heatran
|-damage|p2a: Heatran|24/100
|
|upkeep
|turn|24
|
|t:|1665956497
|switch|p2a: Keldeo|Keldeo-Resolute|100/100
|move|p1a: Kartnite|Knock Off|p2a: Keldeo
|-resisted|p2a: Keldeo
|-damage|p2a: Keldeo|77/100
|-ability|p2a: Keldeo|Justified|boost
|-boost|p2a: Keldeo|atk|1
|-enditem|p2a: Keldeo|Leftovers|[from] move: Knock Off|[of] p1a: Kartnite
|
|-fieldend|move: Psychic Terrain
|upkeep
|turn|25
|
|t:|1665956505
|switch|p1a: Yung Lord|Victini|100/100
|move|p2a: Keldeo|Secret Sword|p1a: Yung Lord
|-resisted|p1a: Yung Lord
|-damage|p1a: Yung Lord|78/100
|
|upkeep
|turn|26
|
|t:|1665956509
|move|p2a: Keldeo|Scald|p1a: Yung Lord
|-supereffective|p1a: Yung Lord
|-damage|p1a: Yung Lord|0 fnt
|faint|p1a: Yung Lord
|
|upkeep
|
|t:|1665956512
|switch|p1a: Kartnite|Kartana, shiny|63/100
|-damage|p1a: Kartnite|51/100|[from] Spikes
|-damage|p1a: Kartnite|45/100|[from] Stealth Rock
|turn|27
|
|t:|1665956520
|move|p1a: Kartnite|Smart Strike|p2a: Keldeo
|-resisted|p2a: Keldeo
|-damage|p2a: Keldeo|50/100
|move|p2a: Keldeo|Secret Sword|p1a: Kartnite
|-supereffective|p1a: Kartnite
|-damage|p1a: Kartnite|0 fnt
|faint|p1a: Kartnite
|
|win|ChandosH
|raw|pro choice specs's rating: 1504 &rarr; <strong>1482</strong><br />(-22 for losing)
|raw|ChandosH's rating: 1472 &rarr; <strong>1494</strong><br />(+22 for winning)
|c|☆pro choice specs|gg
|c|☆ChandosH|gg
|l|☆pro choice specs
||Ladder isn't responding, score probably updated but might not have (Request timeout).
