|html|<div class="broadcast-blue"><strong>[Gen 8] OU is currently suspecting Spectrier! For information on how to participate check out the <a href="https://www.smogon.com/forums/threads/np-ss-ou-suspect-process-round-9-old-town-road.3676744/">suspect thread</a>.</strong></div>
|j|☆wsdfg
|j|☆bulut
|t:|1611909868
|player|p1|wsdfg|burglar|1770
|player|p2|bulut|266|1652
|teamsize|p1|6
|teamsize|p2|6
|gametype|singles
|gen|8
|tier|[Gen 8] OU
|rated|
|clearpoke
|poke|p1|Blissey, F|
|poke|p1|Dragapult, M|
|poke|p1|Clefable, M|
|poke|p1|Toxapex, F|
|poke|p1|Garchomp, F|
|poke|p1|Corviknight, F|
|poke|p2|Swampert, M|
|poke|p2|Cinderace, F|
|poke|p2|Ferrothorn, F|
|poke|p2|Tapu Koko|
|poke|p2|Landorus-Therian, M|
|poke|p2|Mandibuzz, F|
|rule|Sleep Clause Mod: Limit one foe put to sleep
|rule|Species Clause: Limit one of each Pokémon
|rule|OHKO Clause: OHKO moves are banned
|rule|Evasion Moves Clause: Evasion moves are banned
|rule|Endless Battle Clause: Forcing endless battles is banned
|rule|HP Percentage Mod: HP is shown in percentages
|rule|Dynamax Clause: You cannot dynamax
|teampreview
|
|t:|1611909889
|start
|switch|p1a: Blissey|Blissey, F|100/100
|switch|p2a: Swampert|Swampert, M|100/100
|turn|1
|j| Team troll Only
|
|t:|1611909899
|move|p2a: Swampert|Flip Turn|p1a: Blissey
|-damage|p1a: Blissey|58/100
|
|t:|1611909911
|switch|p2a: Ferrothorn|Ferrothorn, F|100/100|[from]move: Flip Turn
|move|p1a: Blissey|Stealth Rock|p2a: Ferrothorn
|-sidestart|p2: bulut|move: Stealth Rock
|
|upkeep
|turn|2
|
|t:|1611909922
|switch|p1a: Corviknight|Corviknight, F|100/100
|-ability|p1a: Corviknight|Pressure
|move|p2a: Ferrothorn|Leech Seed|p1a: Corviknight
|-start|p1a: Corviknight|move: Leech Seed
|
|-damage|p1a: Corviknight|88/100|[from] Leech Seed|[of] p2a: Ferrothorn
|upkeep
|turn|3
|
|t:|1611909930
|switch|p1a: Garchomp|Garchomp, F|100/100
|move|p2a: Ferrothorn|Spikes|p1a: Garchomp
|-sidestart|p1: wsdfg|Spikes
|
|upkeep
|turn|4
|
|t:|1611909934
|move|p1a: Garchomp|Swords Dance|p1a: Garchomp
|-boost|p1a: Garchomp|atk|2
|move|p2a: Ferrothorn|Leech Seed|p1a: Garchomp
|-start|p1a: Garchomp|move: Leech Seed
|
|-damage|p1a: Garchomp|88/100|[from] Leech Seed|[of] p2a: Ferrothorn
|upkeep
|turn|5
|
|t:|1611909949
|move|p1a: Garchomp|Earthquake|p2a: Ferrothorn
|-damage|p2a: Ferrothorn|0 fnt
|-damage|p1a: Garchomp|78/100|[from] item: Life Orb
|faint|p2a: Ferrothorn
|
|upkeep
|
|t:|1611909953
|switch|p2a: Landorus|Landorus-Therian, M|100/100
|-damage|p2a: Landorus|88/100|[from] Stealth Rock
|-ability|p2a: Landorus|Intimidate|boost
|-unboost|p1a: Garchomp|atk|1
|turn|6
|
|t:|1611909956
|move|p1a: Garchomp|Scale Shot|p2a: Landorus
|-damage|p2a: Landorus|69/100
|-damage|p2a: Landorus|48/100
|-hitcount|p2a: Landorus|2
|-unboost|p1a: Garchomp|def|1
|-boost|p1a: Garchomp|spe|1
|-damage|p1a: Garchomp|69/100|[from] item: Life Orb
|move|p2a: Landorus|Stealth Rock|p1a: Garchomp
|-sidestart|p1: wsdfg|move: Stealth Rock
|
|-damage|p1a: Garchomp|56/100|[from] Leech Seed|[of] p2a: Landorus
|-heal|p2a: Landorus|59/100|[silent]
|upkeep
|turn|7
|
|t:|1611909963
|move|p1a: Garchomp|Scale Shot|p2a: Landorus
|-damage|p2a: Landorus|38/100
|-damage|p2a: Landorus|17/100
|-hitcount|p2a: Landorus|2
|-unboost|p1a: Garchomp|def|1
|-boost|p1a: Garchomp|spe|1
|-damage|p1a: Garchomp|46/100|[from] item: Life Orb
|move|p2a: Landorus|Earthquake|p1a: Garchomp
|-damage|p1a: Garchomp|0 fnt
|faint|p1a: Garchomp
|
|upkeep
|
|t:|1611909968
|switch|p1a: Dragapult|Dragapult, M|100/100
|turn|8
|
|t:|1611909973
|move|p1a: Dragapult|Hex|p2a: Landorus
|-crit|p2a: Landorus
|-damage|p2a: Landorus|0 fnt
|faint|p2a: Landorus
|
|upkeep
|
|t:|1611909980
|switch|p2a: Mandibuzz|Mandibuzz, F|100/100
|turn|9
|
|t:|1611909984
|move|p1a: Dragapult|U-turn|p2a: Mandibuzz
|-damage|p2a: Mandibuzz|91/100
|
|t:|1611909987
|switch|p1a: Corviknight|Corviknight, F|88/100|[from]move: U-turn
|-damage|p1a: Corviknight|75/100|[from] Stealth Rock
|-ability|p1a: Corviknight|Pressure
|move|p2a: Mandibuzz|Knock Off|p1a: Corviknight
|-damage|p1a: Corviknight|60/100
|-damage|p2a: Mandibuzz|74/100|[from] item: Rocky Helmet|[of] p1a: Corviknight
|-enditem|p1a: Corviknight|Rocky Helmet|[from] move: Knock Off|[of] p2a: Mandibuzz
|
|upkeep
|turn|10
|
|t:|1611909998
|switch|p2a: Cinderace|Cinderace, F|100/100
|move|p1a: Corviknight|Defog|p2a: Cinderace
|-unboost|p2a: Cinderace|evasion|1
|-sideend|p2: bulut|Stealth Rock|[from] move: Defog|[of] p1a: Corviknight
|-sideend|p1: wsdfg|Spikes|[from] move: Defog|[of] p1a: Corviknight
|-sideend|p1: wsdfg|Stealth Rock|[from] move: Defog|[of] p1a: Corviknight
|
|upkeep
|turn|11
|
|t:|1611910006
|switch|p1a: Toxapex|Toxapex, F|100/100
|move|p2a: Cinderace|U-turn|p1a: Toxapex
|-start|p2a: Cinderace|typechange|Bug|[from] ability: Libero
|-resisted|p1a: Toxapex
|-damage|p1a: Toxapex|90/100
|
|t:|1611910012
|switch|p2a: Tapu Koko|Tapu Koko|100/100|[from]move: U-turn
|-fieldstart|move: Electric Terrain|[from] ability: Electric Surge|[of] p2a: Tapu Koko
|
|upkeep
|turn|12
|
|t:|1611910016
|switch|p1a: Blissey|Blissey, F|58/100
|move|p2a: Tapu Koko|Volt Switch|p1a: Blissey
|-damage|p1a: Blissey|44/100
|
|t:|1611910019
|switch|p2a: Cinderace|Cinderace, F|100/100|[from]move: Volt Switch
|
|upkeep
|turn|13
|
|t:|1611910025
|move|p2a: Cinderace|U-turn|p1a: Blissey
|-start|p2a: Cinderace|typechange|Bug|[from] ability: Libero
|-damage|p1a: Blissey|16/100
|
|t:|1611910030
|switch|p2a: Swampert|Swampert, M|100/100|[from]move: U-turn
|move|p1a: Blissey|Soft-Boiled|p1a: Blissey
|-heal|p1a: Blissey|66/100
|
|upkeep
|turn|14
|
|t:|1611910036
|move|p2a: Swampert|Liquidation|p1a: Blissey
|-damage|p1a: Blissey|7/100
|move|p1a: Blissey|Soft-Boiled|p1a: Blissey
|-heal|p1a: Blissey|57/100
|
|upkeep
|turn|15
|
|t:|1611910050
|switch|p2a: Tapu Koko|Tapu Koko|100/100
|switch|p1a: Toxapex|Toxapex, F|100/100
|
|-fieldend|move: Electric Terrain
|upkeep
|turn|16
|
|t:|1611910054
|move|p2a: Tapu Koko|Volt Switch|p1a: Toxapex
|-supereffective|p1a: Toxapex
|-damage|p1a: Toxapex|51/100
|
|t:|1611910060
|switch|p2a: Mandibuzz|Mandibuzz, F|74/100|[from]move: Volt Switch
|move|p1a: Toxapex|Scald|p2a: Mandibuzz
|-damage|p2a: Mandibuzz|59/100
|
|upkeep
|turn|17
|
|t:|1611910077
|switch|p1a: Clefable|Clefable, M|100/100
|move|p2a: Mandibuzz|Knock Off|p1a: Clefable
|-resisted|p1a: Clefable
|-damage|p1a: Clefable|91/100
|-enditem|p1a: Clefable|Life Orb|[from] move: Knock Off|[of] p2a: Mandibuzz
|
|upkeep
|turn|18
|
|t:|1611910091
|switch|p2a: Tapu Koko|Tapu Koko|100/100
|-fieldstart|move: Electric Terrain|[from] ability: Electric Surge|[of] p2a: Tapu Koko
|move|p1a: Clefable|Moonblast|p2a: Tapu Koko
|-damage|p2a: Tapu Koko|55/100
|
|upkeep
|turn|19
|
|t:|1611910098
|move|p2a: Tapu Koko|Volt Switch|p1a: Clefable
|-damage|p1a: Clefable|55/100
|
|t:|1611910101
|switch|p2a: Cinderace|Cinderace, F|100/100|[from]move: Volt Switch
|move|p1a: Clefable|Soft-Boiled|p1a: Clefable
|-heal|p1a: Clefable|100/100
|
|upkeep
|turn|20
|
|t:|1611910107
|switch|p1a: Toxapex|Toxapex, F|84/100
|move|p2a: Cinderace|Pyro Ball|p1a: Toxapex
|-resisted|p1a: Toxapex
|-damage|p1a: Toxapex|66/100
|
|upkeep
|turn|21
|
|t:|1611910114
|move|p2a: Cinderace|U-turn|p1a: Toxapex
|-start|p2a: Cinderace|typechange|Bug|[from] ability: Libero
|-resisted|p1a: Toxapex
|-damage|p1a: Toxapex|56/100
|
|t:|1611910116
|switch|p2a: Tapu Koko|Tapu Koko|55/100|[from]move: U-turn
|move|p1a: Toxapex|Scald|p2a: Tapu Koko
|-damage|p2a: Tapu Koko|28/100
|
|upkeep
|turn|22
|
|t:|1611910123
|switch|p1a: Blissey|Blissey, F|57/100
|move|p2a: Tapu Koko|Roost|p2a: Tapu Koko
|-heal|p2a: Tapu Koko|78/100
|-singleturn|p2a: Tapu Koko|move: Roost
|
|-fieldend|move: Electric Terrain
|upkeep
|turn|23
|
|t:|1611910127
|move|p2a: Tapu Koko|Volt Switch|p1a: Blissey
|-damage|p1a: Blissey|47/100
|
|t:|1611910131
|switch|p2a: Swampert|Swampert, M|100/100|[from]move: Volt Switch
|move|p1a: Blissey|Soft-Boiled|p1a: Blissey
|-heal|p1a: Blissey|97/100
|
|upkeep
|turn|24
|
|t:|1611910134
|move|p2a: Swampert|Liquidation|p1a: Blissey
|-damage|p1a: Blissey|38/100
|-unboost|p1a: Blissey|def|1
|move|p1a: Blissey|Stealth Rock|p2a: Swampert
|-sidestart|p2: bulut|move: Stealth Rock
|
|upkeep
|turn|25
|
|t:|1611910146
|switch|p2a: Tapu Koko|Tapu Koko|78/100
|-fieldstart|move: Electric Terrain|[from] ability: Electric Surge|[of] p2a: Tapu Koko
|move|p1a: Blissey|Soft-Boiled|p1a: Blissey
|-heal|p1a: Blissey|88/100
|
|upkeep
|turn|26
|
|t:|1611910153
|move|p2a: Tapu Koko|Volt Switch|p1a: Blissey
|-damage|p1a: Blissey|73/100
|
|t:|1611910157
|switch|p2a: Cinderace|Cinderace, F|100/100|[from]move: Volt Switch
|move|p1a: Blissey|Teleport|p1a: Blissey
|
|t:|1611910161
|switch|p1a: Dragapult|Dragapult, M|100/100|[from]move: Teleport
|
|upkeep
|turn|27
|
|t:|1611910170
|move|p1a: Dragapult|Thunder Wave|p2a: Cinderace
|-status|p2a: Cinderace|par
|move|p2a: Cinderace|U-turn|p1a: Dragapult
|-start|p2a: Cinderace|typechange|Bug|[from] ability: Libero
|-resisted|p1a: Dragapult
|-damage|p1a: Dragapult|78/100
|
|t:|1611910176
|switch|p2a: Mandibuzz|Mandibuzz, F|59/100|[from]move: U-turn
|
|upkeep
|turn|28
|
|t:|1611910180
|move|p1a: Dragapult|U-turn|p2a: Mandibuzz
|-damage|p2a: Mandibuzz|48/100
|
|t:|1611910182
|switch|p1a: Clefable|Clefable, M|100/100|[from]move: U-turn
|move|p2a: Mandibuzz|Toxic|p1a: Clefable|[miss]
|-miss|p2a: Mandibuzz|p1a: Clefable
|
|upkeep
|turn|29
|
|t:|1611910188
|switch|p2a: Cinderace|Cinderace, F|100/100 par
|move|p1a: Clefable|Moonblast|p2a: Cinderace
|-resisted|p2a: Cinderace
|-damage|p2a: Cinderace|77/100 par
|
|-fieldend|move: Electric Terrain
|upkeep
|turn|30
|
|t:|1611910195
|move|p2a: Cinderace|Gunk Shot|p1a: Clefable
|-start|p2a: Cinderace|typechange|Poison|[from] ability: Libero
|-supereffective|p1a: Clefable
|-damage|p1a: Clefable|9/100
|move|p1a: Clefable|Calm Mind|p1a: Clefable
|-boost|p1a: Clefable|spa|1
|-boost|p1a: Clefable|spd|1
|
|upkeep
|turn|31
|
|t:|1611910210
|switch|p1a: Corviknight|Corviknight, F|60/100
|-ability|p1a: Corviknight|Pressure
|move|p2a: Cinderace|U-turn|p1a: Corviknight
|-start|p2a: Cinderace|typechange|Bug|[from] ability: Libero
|-resisted|p1a: Corviknight
|-damage|p1a: Corviknight|56/100
|
|t:|1611910213
|switch|p2a: Tapu Koko|Tapu Koko|78/100|[from]move: U-turn
|-fieldstart|move: Electric Terrain|[from] ability: Electric Surge|[of] p2a: Tapu Koko
|
|upkeep
|turn|32
|
|t:|1611910215
|move|p2a: Tapu Koko|Volt Switch|p1a: Corviknight
|-supereffective|p1a: Corviknight
|-damage|p1a: Corviknight|0 fnt
|faint|p1a: Corviknight
|
|t:|1611910221
|switch|p2a: Swampert|Swampert, M|100/100|[from]move: Volt Switch
|-damage|p2a: Swampert|94/100|[from] Stealth Rock
|
|upkeep
|
|t:|1611910226
|switch|p1a: Clefable|Clefable, M|9/100
|turn|33
|
|t:|1611910230
|move|p2a: Swampert|Earthquake|p1a: Clefable
|-damage|p1a: Clefable|0 fnt
|faint|p1a: Clefable
|
|upkeep
|
|t:|1611910244
|switch|p1a: Dragapult|Dragapult, M|78/100
|turn|34
|
|t:|1611910250
|move|p1a: Dragapult|Draco Meteor|p2a: Swampert
|-damage|p2a: Swampert|42/100
|-unboost|p1a: Dragapult|spa|2
|move|p2a: Swampert|Earthquake|p1a: Dragapult
|-damage|p1a: Dragapult|0 fnt
|faint|p1a: Dragapult
|
|upkeep
|-message|wsdfg forfeited.
|
|win|bulut
|l|☆wsdfg
|raw|wsdfg's rating: 1746 &rarr; <strong>1721</strong><br />(-25 for losing)
|raw|bulut's rating: 1652 &rarr; <strong>1677</strong><br />(+25 for winning)
