|j|☆damorush
|j|☆AxisKiSe
|t:|1612774008
|player|p1|damorush|steven|1360
|player|p2|AxisKiSe|skyla|1379
|teamsize|p1|6
|teamsize|p2|6
|gametype|singles
|gen|8
|tier|[Gen 8] OU
|rated|
|clearpoke
|poke|p1|Urshifu-*, F|
|poke|p1|Dragapult, M|
|poke|p1|Heatran, F|
|poke|p1|Tapu Lele|
|poke|p1|Shuckle, M|
|poke|p1|Hawlucha, F|
|poke|p2|Zapdos-Galar|
|poke|p2|Clefable, M|
|poke|p2|Moltres-Galar|
|poke|p2|Blissey, F|
|poke|p2|Urshifu-*, M|
|poke|p2|Cinderace, F|
|rule|Sleep Clause Mod: Limit one foe put to sleep
|rule|Species Clause: Limit one of each Pokémon
|rule|OHKO Clause: OHKO moves are banned
|rule|Evasion Moves Clause: Evasion moves are banned
|rule|Endless Battle Clause: Forcing endless battles is banned
|rule|HP Percentage Mod: HP is shown in percentages
|rule|Dynamax Clause: You cannot dynamax
|teampreview
|inactive|Battle timer is ON: inactive players will automatically lose when time's up. (requested by AxisKiSe)
|
|t:|1612774027
|start
|switch|p1a: Urshifu|Urshifu-Rapid-Strike, F|100/100
|switch|p2a: Clefable|Clefable, M|100/100
|turn|1
|
|t:|1612774034
|move|p1a: Urshifu|U-turn|p2a: Clefable
|-resisted|p2a: Clefable
|-damage|p2a: Clefable|77/100
|
|t:|1612774038
|switch|p1a: Heatran|Heatran, F|100/100|[from]move: U-turn
|-item|p1a: Heatran|Air Balloon
|move|p2a: Clefable|Cosmic Power|p2a: Clefable
|-boost|p2a: Clefable|def|1
|-boost|p2a: Clefable|spd|1
|
|-heal|p2a: Clefable|83/100|[from] item: Leftovers
|upkeep
|turn|2
|
|t:|1612774052
|switch|p2a: Moltres|Moltres-Galar|100/100
|move|p1a: Heatran|Taunt|p2a: Moltres
|-start|p2a: Moltres|move: Taunt
|
|upkeep
|turn|3
|
|t:|1612774059
|move|p1a: Heatran|Toxic|p2a: Moltres
|-status|p2a: Moltres|tox
|move|p2a: Moltres|Fiery Wrath|p1a: Heatran
|-damage|p1a: Heatran|72/100
|-enditem|p1a: Heatran|Air Balloon
|
|-damage|p2a: Moltres|94/100 tox|[from] psn
|upkeep
|turn|4
|
|t:|1612774076
|switch|p2a: Urshifu|Urshifu-Rapid-Strike, M|100/100
|move|p1a: Heatran|Magma Storm|p2a: Urshifu|[miss]
|-miss|p1a: Heatran|p2a: Urshifu
|
|upkeep
|turn|5
|
|t:|1612774091
|switch|p1a: Dragapult|Dragapult, M|100/100
|move|p2a: Urshifu|Surging Strikes|p1a: Dragapult
|-resisted|p1a: Dragapult
|-crit|p1a: Dragapult
|-damage|p1a: Dragapult|87/100
|-resisted|p1a: Dragapult
|-crit|p1a: Dragapult
|-damage|p1a: Dragapult|74/100
|-resisted|p1a: Dragapult
|-crit|p1a: Dragapult
|-damage|p1a: Dragapult|60/100
|-hitcount|p1a: Dragapult|3
|
|upkeep
|turn|6
|
|t:|1612774103
|switch|p2a: Clefable|Clefable, M|83/100
|move|p1a: Dragapult|U-turn|p2a: Clefable
|-resisted|p2a: Clefable
|-damage|p2a: Clefable|74/100
|
|t:|1612774109
|switch|p1a: Shuckle|Shuckle, M|100/100|[from]move: U-turn
|
|-heal|p2a: Clefable|80/100|[from] item: Leftovers
|upkeep
|turn|7
|
|t:|1612774115
|move|p2a: Clefable|Flamethrower|p1a: Shuckle
|-damage|p1a: Shuckle|87/100
|-enditem|p1a: Shuckle|Red Card|[of] p2a: Clefable
|drag|p2a: Moltres|Moltres-Galar|94/100 tox
|move|p1a: Shuckle|Sticky Web|p2a: Moltres
|-sidestart|p2: AxisKiSe|move: Sticky Web
|
|-damage|p2a: Moltres|88/100 tox|[from] psn
|upkeep
|turn|8
|
|t:|1612774129
|move|p2a: Moltres|Hurricane|p1a: Shuckle
|-damage|p1a: Shuckle|61/100
|move|p1a: Shuckle|Encore|p2a: Moltres
|-start|p2a: Moltres|Encore
|
|-damage|p2a: Moltres|75/100 tox|[from] psn
|upkeep
|turn|9
|
|t:|1612774137
|switch|p2a: Cinderace|Cinderace, F|100/100
|move|p1a: Shuckle|Stealth Rock|p2a: Cinderace
|-sidestart|p2: AxisKiSe|move: Stealth Rock
|
|upkeep
|turn|10
|
|t:|1612774143
|move|p2a: Cinderace|Court Change|p2a: Cinderace
|-start|p2a: Cinderace|typechange|Normal|[from] ability: Libero
|-sideend|p2: AxisKiSe|Stealth Rock|[silent]
|-sidestart|p1: damorush|Stealth Rock|[silent]
|-sideend|p2: AxisKiSe|Sticky Web|[silent]
|-sidestart|p1: damorush|Sticky Web|[silent]
|-activate|p2a: Cinderace|move: Court Change
|move|p1a: Shuckle|Encore|p2a: Cinderace
|-start|p2a: Cinderace|Encore
|
|upkeep
|turn|11
|
|t:|1612774151
|switch|p2a: Urshifu|Urshifu-Rapid-Strike, M|100/100
|move|p1a: Shuckle|Sticky Web|p2a: Urshifu
|-sidestart|p2: AxisKiSe|move: Sticky Web
|
|upkeep
|turn|12
|
|t:|1612774155
|move|p2a: Urshifu|Surging Strikes|p1a: Shuckle
|-supereffective|p1a: Shuckle
|-crit|p1a: Shuckle
|-damage|p1a: Shuckle|37/100
|-supereffective|p1a: Shuckle
|-crit|p1a: Shuckle
|-damage|p1a: Shuckle|12/100
|-supereffective|p1a: Shuckle
|-crit|p1a: Shuckle
|-damage|p1a: Shuckle|0 fnt
|-hitcount|p1a: Shuckle|3
|faint|p1a: Shuckle
|
|upkeep
|inactive|damorush has 120 seconds left.
|inactive|damorush has 90 seconds left.
|
|t:|1612774227
|switch|p1a: Tapu Lele|Tapu Lele|100/100
|-activate|p1a: Tapu Lele|move: Sticky Web
|-unboost|p1a: Tapu Lele|spe|1
|-damage|p1a: Tapu Lele|88/100|[from] Stealth Rock
|-fieldstart|move: Psychic Terrain|[from] ability: Psychic Surge|[of] p1a: Tapu Lele
|turn|13
|
|t:|1612774238
|switch|p2a: Blissey|Blissey, F|100/100
|switch|p1a: Dragapult|Dragapult, M|60/100
|-activate|p1a: Dragapult|move: Sticky Web
|-unboost|p1a: Dragapult|spe|1
|-damage|p1a: Dragapult|48/100|[from] Stealth Rock
|
|upkeep
|turn|14
|
|t:|1612774247
|move|p1a: Dragapult|U-turn|p2a: Blissey
|-damage|p2a: Blissey|85/100
|
|t:|1612774253
|switch|p1a: Urshifu|Urshifu-Rapid-Strike, F|100/100|[from]move: U-turn
|-activate|p1a: Urshifu|move: Sticky Web
|-unboost|p1a: Urshifu|spe|1
|-damage|p1a: Urshifu|94/100|[from] Stealth Rock
|move|p2a: Blissey|Wish|p2a: Blissey
|
|upkeep
|turn|15
|inactive|damorush has 90 seconds left.
|
|t:|1612774280
|switch|p2a: Urshifu|Urshifu-Rapid-Strike, M|100/100
|-activate|p2a: Urshifu|move: Sticky Web
|-unboost|p2a: Urshifu|spe|1
|move|p1a: Urshifu|Surging Strikes|p2a: Urshifu
|-resisted|p2a: Urshifu
|-crit|p2a: Urshifu
|-damage|p2a: Urshifu|83/100
|-resisted|p2a: Urshifu
|-crit|p2a: Urshifu
|-damage|p2a: Urshifu|68/100
|-resisted|p2a: Urshifu
|-crit|p2a: Urshifu
|-damage|p2a: Urshifu|51/100
|-hitcount|p2a: Urshifu|3
|
|-heal|p2a: Urshifu|100/100|[from] move: Wish|[wisher] Blissey
|upkeep
|turn|16
|inactive|damorush has 90 seconds left.
|
|t:|1612774296
|switch|p1a: Dragapult|Dragapult, M|48/100
|-activate|p1a: Dragapult|move: Sticky Web
|-unboost|p1a: Dragapult|spe|1
|-damage|p1a: Dragapult|35/100|[from] Stealth Rock
|move|p2a: Urshifu|Close Combat|p1a: Dragapult
|-immune|p1a: Dragapult
|
|upkeep
|turn|17
|
|t:|1612774307
|switch|p2a: Moltres|Moltres-Galar|75/100 tox
|move|p1a: Dragapult|U-turn|p2a: Moltres
|-crit|p2a: Moltres
|-damage|p2a: Moltres|57/100 tox
|
|t:|1612774314
|switch|p1a: Hawlucha|Hawlucha, F|100/100|[from]move: U-turn
|-damage|p1a: Hawlucha|88/100|[from] Stealth Rock
|-enditem|p1a: Hawlucha|Psychic Seed
|-boost|p1a: Hawlucha|spd|1|[from] item: Psychic Seed
|
|-damage|p2a: Moltres|50/100 tox|[from] psn
|-fieldend|move: Psychic Terrain
|upkeep
|turn|18
|
|t:|1612774326
|move|p1a: Hawlucha|Swords Dance|p1a: Hawlucha
|-boost|p1a: Hawlucha|atk|2
|move|p2a: Moltres|Hurricane|p1a: Hawlucha
|-supereffective|p1a: Hawlucha
|-damage|p1a: Hawlucha|0 fnt
|faint|p1a: Hawlucha
|
|-damage|p2a: Moltres|38/100 tox|[from] psn
|upkeep
|
|t:|1612774335
|switch|p1a: Urshifu|Urshifu-Rapid-Strike, F|94/100
|-activate|p1a: Urshifu|move: Sticky Web
|-unboost|p1a: Urshifu|spe|1
|-damage|p1a: Urshifu|88/100|[from] Stealth Rock
|turn|19
|inactive|damorush has 90 seconds left.
|
|t:|1612774344
|switch|p2a: Urshifu|Urshifu-Rapid-Strike, M|100/100
|-activate|p2a: Urshifu|move: Sticky Web
|-unboost|p2a: Urshifu|spe|1
|move|p1a: Urshifu|Aqua Jet|p2a: Urshifu
|-resisted|p2a: Urshifu
|-damage|p2a: Urshifu|82/100
|
|upkeep
|turn|20
|l|☆damorush
|inactive|damorush disconnected and has a minute to reconnect!
|player|p1|
|inactive|damorush has 30 seconds to reconnect!
|inactive|damorush has 20 seconds to reconnect!
|inactive|damorush has 15 seconds to reconnect!
|inactive|damorush has 10 seconds to reconnect!
|inactive|damorush has 5 seconds to reconnect!
|-message|damorush lost due to inactivity.
|
|win|AxisKiSe
|raw|damorush's rating: 1360 &rarr; <strong>1341</strong><br />(-19 for losing)
|raw|AxisKiSe's rating: 1379 &rarr; <strong>1398</strong><br />(+19 for winning)
