|j|☆minimax_ai
|j|☆Wheezer
|t:|1667931280
|gametype|singles
|player|p1|minimax_ai|169|1453
|player|p2|Wheezer|petrel|1439
|teamsize|p1|6
|teamsize|p2|6
|gen|8
|tier|[Gen 8] OU
|rated|
|rule|Sleep Clause Mod: Limit one foe put to sleep
|rule|Species Clause: Limit one of each Pokémon
|rule|OHKO Clause: OHKO moves are banned
|rule|Evasion Items Clause: Evasion items are banned
|rule|Evasion Moves Clause: Evasion moves are banned
|rule|Endless Battle Clause: Forcing endless battles is banned
|rule|HP Percentage Mod: HP is shown in percentages
|rule|Dynamax Clause: You cannot dynamax
|clearpoke
|poke|p1|Rotom-Wash|
|poke|p1|Weavile, M|
|poke|p1|Landorus-Therian, M|
|poke|p1|Heatran, M|
|poke|p1|Tangrowth, F|
|poke|p1|Melmetal|
|poke|p2|Shedinja|
|poke|p2|Blissey, F|
|poke|p2|Dragonite, F|
|poke|p2|Corviknight, M|
|poke|p2|Toxapex, F|
|poke|p2|Avalugg, F|
|teampreview
|c|☆minimax_ai|hf
|inactive|Battle timer is ON: inactive players will automatically lose when time's up. (requested by minimax_ai)
|
|t:|1667931291
|start
|switch|p1a: Heatran|Heatran, M|100/100
|switch|p2a: Toxapex|Toxapex, F|100/100
|-item|p1a: Heatran|Air Balloon
|turn|1
|
|t:|1667931297
|move|p1a: Heatran|Magma Storm|p2a: Toxapex
|-resisted|p2a: Toxapex
|-damage|p2a: Toxapex|80/100
|-activate|p2a: Toxapex|move: Magma Storm|[of] p1a: Heatran
|move|p2a: Toxapex|Knock Off|p1a: Heatran
|-damage|p1a: Heatran|86/100
|-enditem|p1a: Heatran|Air Balloon
|
|-damage|p2a: Toxapex|67/100|[from] move: Magma Storm|[partiallytrapped]
|upkeep
|turn|2
|
|t:|1667931301
|switch|p2a: Dragonite|Dragonite, F|100/100
|move|p1a: Heatran|Stealth Rock|p2a: Dragonite
|-sidestart|p2: Wheezer|move: Stealth Rock
|
|upkeep
|turn|3
|
|t:|1667931321
|switch|p1a: Melmetal|Melmetal|100/100
|move|p2a: Dragonite|Ice Beam|p1a: Melmetal
|-resisted|p1a: Melmetal
|-damage|p1a: Melmetal|95/100
|
|upkeep
|turn|4
|
|t:|1667931324
|switch|p2a: Corviknight|Corviknight, M|100/100
|-damage|p2a: Corviknight|88/100|[from] Stealth Rock
|-ability|p2a: Corviknight|Pressure
|move|p1a: Melmetal|Ice Punch|p2a: Corviknight
|-damage|p2a: Corviknight|68/100
|
|-heal|p2a: Corviknight|74/100|[from] item: Leftovers
|upkeep
|turn|5
|
|t:|1667931327
|move|p2a: Corviknight|Defog|p1a: Melmetal
|-unboost|p1a: Melmetal|evasion|1
|-sideend|p2: Wheezer|Stealth Rock|[from] move: Defog|[of] p2a: Corviknight
|move|p1a: Melmetal|Thunder Punch|p2a: Corviknight
|-supereffective|p2a: Corviknight
|-damage|p2a: Corviknight|31/100
|
|-heal|p2a: Corviknight|37/100|[from] item: Leftovers
|upkeep
|turn|6
|
|t:|1667931330
|move|p2a: Corviknight|Roost|p2a: Corviknight
|-heal|p2a: Corviknight|87/100
|-singleturn|p2a: Corviknight|move: Roost
|move|p1a: Melmetal|Thunder Punch|p2a: Corviknight
|-damage|p2a: Corviknight|66/100
|
|-heal|p2a: Corviknight|73/100|[from] item: Leftovers
|upkeep
|turn|7
|
|t:|1667931332
|move|p2a: Corviknight|Roost|p2a: Corviknight
|-heal|p2a: Corviknight|100/100
|-singleturn|p2a: Corviknight|move: Roost
|move|p1a: Melmetal|Thunder Punch|p2a: Corviknight
|-damage|p2a: Corviknight|78/100
|
|-heal|p2a: Corviknight|84/100|[from] item: Leftovers
|upkeep
|turn|8
|
|t:|1667931334
|move|p2a: Corviknight|U-turn|p1a: Melmetal
|-resisted|p1a: Melmetal
|-damage|p1a: Melmetal|91/100
|
|t:|1667931337
|switch|p2a: Shedinja|Shedinja|100/100|[from]move: U-turn
|move|p1a: Melmetal|Thunder Punch|p2a: Shedinja
|-immune|p2a: Shedinja|[from] ability: Wonder Guard
|
|upkeep
|turn|9
|
|t:|1667931342
|switch|p1a: Heatran|Heatran, M|86/100
|move|p2a: Shedinja|Will-O-Wisp|p1a: Heatran
|-start|p1a: Heatran|ability: Flash Fire
|
|upkeep
|turn|10
|
|t:|1667931346
|move|p2a: Shedinja|Protect|p2a: Shedinja
|-singleturn|p2a: Shedinja|Protect
|move|p1a: Heatran|Stealth Rock|p2a: Shedinja
|-sidestart|p2: Wheezer|move: Stealth Rock
|
|upkeep
|turn|11
|
|t:|1667931349
|switch|p2a: Dragonite|Dragonite, F|100/100
|move|p1a: Heatran|Magma Storm|p2a: Dragonite
|-resisted|p2a: Dragonite
|-damage|p2a: Dragonite|83/100
|-activate|p2a: Dragonite|move: Magma Storm|[of] p1a: Heatran
|
|-damage|p2a: Dragonite|71/100|[from] move: Magma Storm|[partiallytrapped]
|upkeep
|turn|12
|
|t:|1667931351
|-end|p1a: Heatran|ability: Flash Fire|[silent]
|switch|p1a: rotomwash|Rotom-Wash|100/100
|move|p2a: Dragonite|Earthquake|p1a: rotomwash
|-immune|p1a: rotomwash|[from] ability: Levitate
|
|-end|p2a: Dragonite|Magma Storm|[partiallytrapped]|[silent]
|upkeep
|turn|13
|
|t:|1667931354
|move|p1a: rotomwash|Nasty Plot|p1a: rotomwash
|-boost|p1a: rotomwash|spa|2
|move|p2a: Dragonite|Roost|p2a: Dragonite
|-heal|p2a: Dragonite|100/100
|-singleturn|p2a: Dragonite|move: Roost
|
|upkeep
|turn|14
|
|t:|1667931359
|switch|p2a: Blissey|Blissey, F|100/100
|move|p1a: rotomwash|Thunderbolt|p2a: Blissey
|-damage|p2a: Blissey|73/100
|
|upkeep
|turn|15
|
|t:|1667931361
|move|p1a: rotomwash|Nasty Plot|p1a: rotomwash
|-boost|p1a: rotomwash|spa|2
|move|p2a: Blissey|Toxic|p1a: rotomwash
|-status|p1a: rotomwash|tox
|
|-damage|p1a: rotomwash|94/100 tox|[from] psn
|upkeep
|turn|16
|
|t:|1667931363
|move|p1a: rotomwash|Hydro Pump|p2a: Blissey|[miss]
|-miss|p1a: rotomwash|p2a: Blissey
|move|p2a: Blissey|Soft-Boiled|p2a: Blissey
|-heal|p2a: Blissey|100/100
|
|-heal|p1a: rotomwash|100/100 tox|[from] item: Leftovers
|-damage|p1a: rotomwash|88/100 tox|[from] psn
|upkeep
|turn|17
|
|t:|1667931364
|move|p1a: rotomwash|Thunderbolt|p2a: Blissey
|-crit|p2a: Blissey
|-damage|p2a: Blissey|37/100
|move|p2a: Blissey|Soft-Boiled|p2a: Blissey
|-heal|p2a: Blissey|87/100
|
|-heal|p1a: rotomwash|94/100 tox|[from] item: Leftovers
|-damage|p1a: rotomwash|75/100 tox|[from] psn
|upkeep
|turn|18
|
|t:|1667931367
|move|p1a: rotomwash|Hydro Pump|p2a: Blissey|[miss]
|-miss|p1a: rotomwash|p2a: Blissey
|move|p2a: Blissey|Stealth Rock|p1a: rotomwash
|-sidestart|p1: minimax_ai|move: Stealth Rock
|
|-heal|p1a: rotomwash|82/100 tox|[from] item: Leftovers
|-damage|p1a: rotomwash|57/100 tox|[from] psn
|upkeep
|turn|19
|
|t:|1667931368
|switch|p1a: Melmetal|Melmetal|91/100
|-damage|p1a: Melmetal|85/100|[from] Stealth Rock
|move|p2a: Blissey|Soft-Boiled|p2a: Blissey
|-heal|p2a: Blissey|100/100
|
|upkeep
|turn|20
|
|t:|1667931375
|move|p2a: Blissey|Soft-Boiled||[still]
|-fail|p2a: Blissey|heal
|move|p1a: Melmetal|Thunder Punch|p2a: Blissey
|-damage|p2a: Blissey|70/100
|
|upkeep
|turn|21
|
|t:|1667931383
|switch|p2a: Avalugg|Avalugg, F|100/100
|move|p1a: Melmetal|Double Iron Bash|p2a: Avalugg
|-supereffective|p2a: Avalugg
|-damage|p2a: Avalugg|69/100
|-supereffective|p2a: Avalugg
|-damage|p2a: Avalugg|35/100
|-hitcount|p2a: Avalugg|2
|
|upkeep
|turn|22
|
|t:|1667931386
|move|p1a: Melmetal|Double Iron Bash|p2a: Avalugg
|-supereffective|p2a: Avalugg
|-damage|p2a: Avalugg|3/100
|-supereffective|p2a: Avalugg
|-damage|p2a: Avalugg|0 fnt
|faint|p2a: Avalugg
|-hitcount|p2: Avalugg|2
|
|upkeep
|l|☆Wheezer
|inactive|Wheezer disconnected and has a minute to reconnect!
|player|p2|
|inactive|Wheezer has 30 seconds to reconnect!
|inactive|Wheezer has 20 seconds to reconnect!
|inactive|Wheezer has 15 seconds to reconnect!
|inactive|Wheezer has 10 seconds to reconnect!
|inactive|Wheezer has 5 seconds to reconnect!
|-message|Wheezer lost due to inactivity.
|
|win|minimax_ai
|raw|minimax_ai's rating: 1453 &rarr; <strong>1472</strong><br />(+19 for winning)
|raw|Wheezer's rating: 1439 &rarr; <strong>1420</strong><br />(-19 for losing)
|c|☆minimax_ai|gg
