|j|☆X-Wing Fighter
|j|☆0kay
|player|p1|X-Wing Fighter|ethan|1394
|player|p2|0kay|misty|1423
|teamsize|p1|6
|teamsize|p2|6
|gametype|singles
|gen|8
|tier|[Gen 8] OU
|rated|
|clearpoke
|poke|p1|Crawdaunt, M|
|poke|p1|Keldeo-Resolute|
|poke|p1|Ferrothorn, M|
|poke|p1|Pelipper, M|
|poke|p1|Seismitoad, M|
|poke|p1|Clefable, F|
|poke|p2|Mew|
|poke|p2|Tsareena, F|
|poke|p2|Rhyperior, M|
|poke|p2|Dragapult, M|
|poke|p2|Incineroar, M|
|poke|p2|Mantine, M|
|rule|Sleep Clause Mod: Limit one foe put to sleep
|rule|Species Clause: Limit one of each Pokémon
|rule|OHKO Clause: OHKO moves are banned
|rule|Evasion Moves Clause: Evasion moves are banned
|rule|Endless Battle Clause: Forcing endless battles is banned
|rule|HP Percentage Mod: HP is shown in percentages
|rule|Dynamax Clause: You cannot dynamax
|teampreview
|
|start
|switch|p1a: Crawdaunt|Crawdaunt, M|100/100
|switch|p2a: Mew|Mew|100/100
|turn|1
|
|switch|p1a: Ferrothorn|Ferrothorn, M|100/100
|move|p2a: Mew|Will-O-Wisp|p1a: Ferrothorn
|-status|p1a: Ferrothorn|brn
|
|-damage|p1a: Ferrothorn|94/100 brn|[from] brn
|upkeep
|turn|2
|
|switch|p1a: Pelipper|Pelipper, M|100/100
|-weather|RainDance|[from] ability: Drizzle|[of] p1a: Pelipper
|move|p2a: Mew|Stealth Rock|p1a: Pelipper
|-sidestart|p1: X-Wing Fighter|move: Stealth Rock
|
|-weather|RainDance|[upkeep]
|upkeep
|turn|3
|
|move|p2a: Mew|Knock Off|p1a: Pelipper
|-damage|p1a: Pelipper|85/100
|-enditem|p1a: Pelipper|Damp Rock|[from] move: Knock Off|[of] p2a: Mew
|move|p1a: Pelipper|Defog|p2a: Mew
|-unboost|p2a: Mew|evasion|1
|-sideend|p1: X-Wing Fighter|Stealth Rock|[from] move: Defog|[of] p1a: Pelipper
|
|-weather|RainDance|[upkeep]
|upkeep
|turn|4
|
|move|p2a: Mew|Stealth Rock|p1a: Pelipper
|-sidestart|p1: X-Wing Fighter|move: Stealth Rock
|move|p1a: Pelipper|U-turn|p2a: Mew
|-supereffective|p2a: Mew
|-damage|p2a: Mew|88/100
|
|switch|p1a: Keldeo|Keldeo-Resolute|100/100|[from]move: U-turn
|-damage|p1a: Keldeo|94/100|[from] Stealth Rock
|
|-weather|RainDance|[upkeep]
|-heal|p2a: Mew|94/100|[from] item: Leftovers
|upkeep
|turn|5
|
|switch|p1a: Pelipper|Pelipper, M|85/100
|-damage|p1a: Pelipper|60/100|[from] Stealth Rock
|switch|p2a: Mantine|Mantine, M, shiny|100/100
|
|-weather|RainDance|[upkeep]
|upkeep
|turn|6
|
|move|p2a: Mantine|Air Slash|p1a: Pelipper
|-damage|p1a: Pelipper|30/100
|move|p1a: Pelipper|Defog|p2a: Mantine
|-unboost|p2a: Mantine|evasion|1
|-sideend|p1: X-Wing Fighter|Stealth Rock|[from] move: Defog|[of] p1a: Pelipper
|
|-weather|RainDance|[upkeep]
|upkeep
|turn|7
|
|switch|p1a: Ferrothorn|Ferrothorn, M|94/100 brn
|move|p2a: Mantine|Air Slash|p1a: Ferrothorn
|-damage|p1a: Ferrothorn|76/100 brn
|
|-weather|RainDance|[upkeep]
|-heal|p1a: Ferrothorn|83/100 brn|[from] item: Leftovers
|-damage|p1a: Ferrothorn|76/100 brn|[from] brn
|upkeep
|turn|8
|
|switch|p2a: Incineroar|Incineroar, M|100/100
|-ability|p2a: Incineroar|Intimidate|boost
|-unboost|p1a: Ferrothorn|atk|1
|move|p1a: Ferrothorn|Spikes|p2a: Incineroar
|-sidestart|p2: 0kay|Spikes
|
|-weather|RainDance|[upkeep]
|-heal|p1a: Ferrothorn|83/100 brn|[from] item: Leftovers
|-damage|p1a: Ferrothorn|76/100 brn|[from] brn
|upkeep
|turn|9
|
|switch|p1a: Seismitoad|Seismitoad, M|100/100
|move|p2a: Incineroar|Knock Off|p1a: Seismitoad
|-damage|p1a: Seismitoad|40/100
|-enditem|p1a: Seismitoad|Life Orb|[from] move: Knock Off|[of] p2a: Incineroar
|
|-weather|none
|upkeep
|turn|10
|
|switch|p1a: Pelipper|Pelipper, M|30/100
|-weather|RainDance|[from] ability: Drizzle|[of] p1a: Pelipper
|switch|p2a: Mantine|Mantine, M, shiny|100/100
|
|-weather|RainDance|[upkeep]
|upkeep
|turn|11
|
|switch|p1a: Ferrothorn|Ferrothorn, M|76/100 brn
|move|p2a: Mantine|Defog|p1a: Ferrothorn
|-unboost|p1a: Ferrothorn|evasion|1
|-sideend|p2: 0kay|Spikes|[from] move: Defog|[of] p2a: Mantine
|
|-weather|RainDance|[upkeep]
|-heal|p1a: Ferrothorn|83/100 brn|[from] item: Leftovers
|-damage|p1a: Ferrothorn|76/100 brn|[from] brn
|upkeep
|turn|12
|
|switch|p2a: Incineroar|Incineroar, M|100/100
|-ability|p2a: Incineroar|Intimidate|boost
|-unboost|p1a: Ferrothorn|atk|1
|move|p1a: Ferrothorn|Leech Seed|p2a: Incineroar
|-start|p2a: Incineroar|move: Leech Seed
|
|-weather|RainDance|[upkeep]
|-heal|p1a: Ferrothorn|83/100 brn|[from] item: Leftovers
|-damage|p2a: Incineroar|88/100|[from] Leech Seed|[of] p1a: Ferrothorn
|-heal|p1a: Ferrothorn|97/100 brn|[silent]
|-damage|p1a: Ferrothorn|90/100 brn|[from] brn
|upkeep
|turn|13
|
|move|p2a: Incineroar|Knock Off|p1a: Ferrothorn
|-damage|p1a: Ferrothorn|63/100 brn
|-damage|p2a: Incineroar|76/100|[from] ability: Iron Barbs|[of] p1a: Ferrothorn
|-enditem|p1a: Ferrothorn|Leftovers|[from] move: Knock Off|[of] p2a: Incineroar
|move|p1a: Ferrothorn|Spikes|p2a: Incineroar
|-sidestart|p2: 0kay|Spikes
|
|-weather|RainDance|[upkeep]
|-damage|p2a: Incineroar|63/100|[from] Leech Seed|[of] p1a: Ferrothorn
|-heal|p1a: Ferrothorn|77/100 brn|[silent]
|-damage|p1a: Ferrothorn|71/100 brn|[from] brn
|upkeep
|turn|14
|
|switch|p2a: Mew|Mew|94/100
|-damage|p2a: Mew|81/100|[from] Spikes
|move|p1a: Ferrothorn|Leech Seed|p2a: Mew
|-start|p2a: Mew|move: Leech Seed
|
|-weather|none
|-heal|p2a: Mew|88/100|[from] item: Leftovers
|-damage|p2a: Mew|75/100|[from] Leech Seed|[of] p1a: Ferrothorn
|-heal|p1a: Ferrothorn|85/100 brn|[silent]
|-damage|p1a: Ferrothorn|79/100 brn|[from] brn
|upkeep
|turn|15
|
|move|p2a: Mew|Stealth Rock|p1a: Ferrothorn
|-sidestart|p1: X-Wing Fighter|move: Stealth Rock
|move|p1a: Ferrothorn|Spikes|p2a: Mew
|-sidestart|p2: 0kay|Spikes
|
|-heal|p2a: Mew|81/100|[from] item: Leftovers
|-damage|p2a: Mew|69/100|[from] Leech Seed|[of] p1a: Ferrothorn
|-heal|p1a: Ferrothorn|93/100 brn|[silent]
|-damage|p1a: Ferrothorn|87/100 brn|[from] brn
|upkeep
|turn|16
|
|switch|p2a: Tsareena|Tsareena, F, shiny|100/100
|-damage|p2a: Tsareena|84/100|[from] Spikes
|move|p1a: Ferrothorn|Spikes|p2a: Tsareena
|-sidestart|p2: 0kay|Spikes
|
|-damage|p1a: Ferrothorn|80/100 brn|[from] brn
|upkeep
|turn|17
|
|move|p2a: Tsareena|Knock Off|p1a: Ferrothorn
|-damage|p1a: Ferrothorn|59/100 brn
|-damage|p2a: Tsareena|72/100|[from] ability: Iron Barbs|[of] p1a: Ferrothorn
|move|p1a: Ferrothorn|Gyro Ball|p2a: Tsareena
|-crit|p2a: Tsareena
|-damage|p2a: Tsareena|25/100
|
|-damage|p1a: Ferrothorn|53/100 brn|[from] brn
|upkeep
|turn|18
|
|move|p2a: Tsareena|Knock Off|p1a: Ferrothorn
|-damage|p1a: Ferrothorn|32/100 brn
|-damage|p2a: Tsareena|13/100|[from] ability: Iron Barbs|[of] p1a: Ferrothorn
|move|p1a: Ferrothorn|Gyro Ball|p2a: Tsareena
|-damage|p2a: Tsareena|0 fnt
|faint|p2a: Tsareena
|
|-damage|p1a: Ferrothorn|25/100 brn|[from] brn
|upkeep
|
|switch|p2a: Mantine|Mantine, M, shiny|100/100
|turn|19
|
|move|p2a: Mantine|Air Slash|p1a: Ferrothorn
|-damage|p1a: Ferrothorn|5/100 brn
|move|p1a: Ferrothorn|Leech Seed|p2a: Mantine
|-start|p2a: Mantine|move: Leech Seed
|
|-damage|p2a: Mantine|88/100|[from] Leech Seed|[of] p1a: Ferrothorn
|-heal|p1a: Ferrothorn|18/100 brn|[silent]
|-damage|p1a: Ferrothorn|12/100 brn|[from] brn
|upkeep
|turn|20
|
|switch|p1a: Clefable|Clefable, F|100/100
|move|p2a: Mantine|Air Slash|p1a: Clefable
|-crit|p1a: Clefable
|-damage|p1a: Clefable|79/100
|
|-heal|p1a: Clefable|85/100|[from] item: Leftovers
|-damage|p2a: Mantine|76/100|[from] Leech Seed|[of] p1a: Clefable
|-heal|p1a: Clefable|97/100|[silent]
|upkeep
|turn|21
|
|move|p2a: Mantine|Defog|p1a: Clefable
|-unboost|p1a: Clefable|evasion|1
|-sideend|p1: X-Wing Fighter|Stealth Rock|[from] move: Defog|[of] p2a: Mantine
|-sideend|p2: 0kay|Spikes|[from] move: Defog|[of] p2a: Mantine
|move|p1a: Clefable|Wish|p1a: Clefable
|
|-heal|p1a: Clefable|100/100|[from] item: Leftovers
|-damage|p2a: Mantine|64/100|[from] Leech Seed|[of] p1a: Clefable
|upkeep
|turn|22
|
|move|p2a: Mantine|Roost|p2a: Mantine
|-heal|p2a: Mantine|100/100
|-singleturn|p2a: Mantine|move: Roost
|move|p1a: Clefable|Teleport|p1a: Clefable
|
|switch|p1a: Ferrothorn|Ferrothorn, M|12/100 brn|[from]move: Teleport
|
|-heal|p1a: Ferrothorn|68/100 brn|[from] move: Wish|[wisher] Clefable
|-damage|p2a: Mantine|88/100|[from] Leech Seed|[of] p1a: Ferrothorn
|-heal|p1a: Ferrothorn|81/100 brn|[silent]
|-damage|p1a: Ferrothorn|75/100 brn|[from] brn
|upkeep
|turn|23
|
|switch|p2a: Incineroar|Incineroar, M|63/100
|-ability|p2a: Incineroar|Intimidate|boost
|-unboost|p1a: Ferrothorn|atk|1
|move|p1a: Ferrothorn|Spikes|p2a: Incineroar
|-sidestart|p2: 0kay|Spikes
|
|-damage|p1a: Ferrothorn|68/100 brn|[from] brn
|upkeep
|turn|24
|
|switch|p1a: Clefable|Clefable, F|100/100
|move|p2a: Incineroar|Flare Blitz|p1a: Clefable
|-crit|p1a: Clefable
|-damage|p1a: Clefable|12/100
|-damage|p2a: Incineroar|34/100|[from] Recoil
|
|-heal|p1a: Clefable|18/100|[from] item: Leftovers
|upkeep
|turn|25
|
|move|p1a: Clefable|Protect|p1a: Clefable
|-singleturn|p1a: Clefable|Protect
|move|p2a: Incineroar|Knock Off|p1a: Clefable
|-activate|p1a: Clefable|move: Protect
|
|-heal|p1a: Clefable|24/100|[from] item: Leftovers
|upkeep
|turn|26
|
|switch|p1a: Ferrothorn|Ferrothorn, M|68/100 brn
|move|p2a: Incineroar|Flare Blitz|p1a: Ferrothorn
|-supereffective|p1a: Ferrothorn
|-damage|p1a: Ferrothorn|0 fnt
|-damage|p2a: Incineroar|22/100|[from] ability: Iron Barbs|[of] p1a: Ferrothorn
|-damage|p2a: Incineroar|2/100|[from] Recoil
|faint|p1a: Ferrothorn
|
|upkeep
|
|switch|p1a: Keldeo|Keldeo-Resolute|94/100
|turn|27
|
|switch|p2a: Mantine|Mantine, M, shiny|88/100
|move|p1a: Keldeo|Icy Wind|p2a: Mantine
|-damage|p2a: Mantine|71/100
|-unboost|p2a: Mantine|spe|1
|
|upkeep
|turn|28
|
|switch|p1a: Pelipper|Pelipper, M|30/100
|-weather|RainDance|[from] ability: Drizzle|[of] p1a: Pelipper
|move|p2a: Mantine|Defog|p1a: Pelipper
|-unboost|p1a: Pelipper|evasion|1
|-sideend|p2: 0kay|Spikes|[from] move: Defog|[of] p2a: Mantine
|
|-weather|RainDance|[upkeep]
|upkeep
|turn|29
|
|switch|p1a: Clefable|Clefable, F|24/100
|move|p2a: Mantine|Air Slash|p1a: Clefable
|-damage|p1a: Clefable|10/100
|
|-weather|RainDance|[upkeep]
|-heal|p1a: Clefable|16/100|[from] item: Leftovers
|upkeep
|turn|30
|
|move|p1a: Clefable|Wish|p1a: Clefable
|move|p2a: Mantine|Roost|p2a: Mantine
|-heal|p2a: Mantine|100/100
|-singleturn|p2a: Mantine|move: Roost
|
|-weather|RainDance|[upkeep]
|-heal|p1a: Clefable|23/100|[from] item: Leftovers
|upkeep
|turn|31
|
|switch|p2a: Rhyperior|Rhyperior, M|100/100
|move|p1a: Clefable|Protect||[still]
|-fail|p1a: Clefable
|
|-weather|RainDance|[upkeep]
|-heal|p1a: Clefable|73/100|[from] move: Wish|[wisher] Clefable
|-heal|p1a: Clefable|79/100|[from] item: Leftovers
|upkeep
|turn|32
|
|switch|p1a: Keldeo|Keldeo-Resolute|94/100
|move|p2a: Rhyperior|Swords Dance|p2a: Rhyperior
|-boost|p2a: Rhyperior|atk|2
|
|-weather|none
|upkeep
|turn|33
|
|switch|p2a: Mantine|Mantine, M, shiny|100/100
|move|p1a: Keldeo|Surf|p2a: Mantine
|-immune|p2a: Mantine|[from] ability: Water Absorb
|
|upkeep
|turn|34
|
|switch|p1a: Clefable|Clefable, F|79/100
|switch|p2a: Mew|Mew|69/100
|
|-heal|p2a: Mew|75/100|[from] item: Leftovers
|-heal|p1a: Clefable|85/100|[from] item: Leftovers
|upkeep
|turn|35
|
|move|p2a: Mew|Stealth Rock|p1a: Clefable
|-sidestart|p1: X-Wing Fighter|move: Stealth Rock
|move|p1a: Clefable|Wish|p1a: Clefable
|
|-heal|p2a: Mew|81/100|[from] item: Leftovers
|-heal|p1a: Clefable|91/100|[from] item: Leftovers
|upkeep
|turn|36
|
|move|p2a: Mew|Knock Off|p1a: Clefable
|-resisted|p1a: Clefable
|-damage|p1a: Clefable|79/100
|-enditem|p1a: Clefable|Leftovers|[from] move: Knock Off|[of] p2a: Mew
|move|p1a: Clefable|Teleport|p1a: Clefable
|
|switch|p1a: Seismitoad|Seismitoad, M|40/100|[from]move: Teleport
|-damage|p1a: Seismitoad|34/100|[from] Stealth Rock
|
|-heal|p1a: Seismitoad|91/100|[from] move: Wish|[wisher] Clefable
|-heal|p2a: Mew|88/100|[from] item: Leftovers
|upkeep
|turn|37
|
|move|p2a: Mew|Will-O-Wisp|p1a: Seismitoad
|-status|p1a: Seismitoad|brn
|move|p1a: Seismitoad|Stealth Rock|p2a: Mew
|-sidestart|p2: 0kay|move: Stealth Rock
|
|-heal|p2a: Mew|94/100|[from] item: Leftovers
|-damage|p1a: Seismitoad|85/100 brn|[from] brn
|upkeep
|turn|38
|
|switch|p2a: Mantine|Mantine, M, shiny|100/100
|switch|p1a: Clefable|Clefable, F|79/100
|
|upkeep
|turn|39
|
|switch|p2a: Rhyperior|Rhyperior, M|100/100
|-damage|p2a: Rhyperior|94/100|[from] Stealth Rock
|move|p1a: Clefable|Wish|p1a: Clefable
|
|upkeep
|turn|40
|
|switch|p1a: Keldeo|Keldeo-Resolute|94/100
|-damage|p1a: Keldeo|88/100|[from] Stealth Rock
|move|p2a: Rhyperior|Rock Blast|p1a: Keldeo
|-resisted|p1a: Keldeo
|-damage|p1a: Keldeo|80/100
|-resisted|p1a: Keldeo
|-damage|p1a: Keldeo|72/100
|-hitcount|p1a: Keldeo|2
|
|-heal|p1a: Keldeo|100/100|[from] move: Wish|[wisher] Clefable
|upkeep
|turn|41
|
|switch|p2a: Mantine|Mantine, M, shiny|100/100
|move|p1a: Keldeo|Icy Wind|p2a: Mantine
|-damage|p2a: Mantine|84/100
|-unboost|p2a: Mantine|spe|1
|
|upkeep
|turn|42
|
|switch|p1a: Clefable|Clefable, F|79/100
|move|p2a: Mantine|Scald|p1a: Clefable
|-damage|p1a: Clefable|64/100
|
|upkeep
|turn|43
|
|move|p2a: Mantine|Scald|p1a: Clefable
|-damage|p1a: Clefable|47/100
|-status|p1a: Clefable|brn
|move|p1a: Clefable|Teleport|p1a: Clefable
|
|switch|p1a: Seismitoad|Seismitoad, M|85/100 brn|[from]move: Teleport
|-damage|p1a: Seismitoad|79/100 brn|[from] Stealth Rock
|
|-damage|p1a: Seismitoad|73/100 brn|[from] brn
|upkeep
|turn|44
|
|move|p1a: Seismitoad|Sludge Bomb|p2a: Mantine
|-damage|p2a: Mantine|75/100
|move|p2a: Mantine|Scald|p1a: Seismitoad
|-damage|p1a: Seismitoad|44/100 brn
|
|-damage|p1a: Seismitoad|38/100 brn|[from] brn
|upkeep
|turn|45
|
|switch|p1a: Clefable|Clefable, F|47/100 brn
|move|p2a: Mantine|Roost|p2a: Mantine
|-heal|p2a: Mantine|100/100
|-singleturn|p2a: Mantine|move: Roost
|
|upkeep
|turn|46
|
|switch|p2a: Rhyperior|Rhyperior, M|94/100
|-damage|p2a: Rhyperior|88/100|[from] Stealth Rock
|move|p1a: Clefable|Wish|p1a: Clefable
|
|upkeep
|turn|47
|
|move|p1a: Clefable|Moonblast|p2a: Rhyperior
|-damage|p2a: Rhyperior|59/100
|-unboost|p2a: Rhyperior|spa|1
|move|p2a: Rhyperior|Swords Dance|p2a: Rhyperior
|-boost|p2a: Rhyperior|atk|2
|
|-heal|p1a: Clefable|97/100 brn|[from] move: Wish|[wisher] Clefable
|upkeep
|turn|48
|
|switch|p1a: Pelipper|Pelipper, M|30/100
|-damage|p1a: Pelipper|5/100|[from] Stealth Rock
|-weather|RainDance|[from] ability: Drizzle|[of] p1a: Pelipper
|move|p2a: Rhyperior|Earthquake|p1a: Pelipper
|-immune|p1a: Pelipper
|
|-weather|RainDance|[upkeep]
|upkeep
|turn|49
|
|switch|p2a: Mantine|Mantine, M, shiny|100/100
|move|p1a: Pelipper|Roost|p1a: Pelipper
|-heal|p1a: Pelipper|56/100
|-singleturn|p1a: Pelipper|move: Roost
|
|-weather|RainDance|[upkeep]
|upkeep
|turn|50
|
|move|p2a: Mantine|Air Slash|p1a: Pelipper
|-damage|p1a: Pelipper|25/100
|move|p1a: Pelipper|Defog|p2a: Mantine
|-unboost|p2a: Mantine|evasion|1
|-sideend|p2: 0kay|Stealth Rock|[from] move: Defog|[of] p1a: Pelipper
|-sideend|p1: X-Wing Fighter|Stealth Rock|[from] move: Defog|[of] p1a: Pelipper
|
|-weather|RainDance|[upkeep]
|upkeep
|turn|51
|
|switch|p1a: Clefable|Clefable, F|97/100 brn
|move|p2a: Mantine|Scald|p1a: Clefable
|-damage|p1a: Clefable|76/100 brn
|
|-weather|RainDance|[upkeep]
|upkeep
|turn|52
|
|switch|p2a: Mew|Mew|94/100
|move|p1a: Clefable|Wish|p1a: Clefable
|
|-weather|none
|-heal|p2a: Mew|99/100|[from] item: Leftovers
|upkeep
|turn|53
|
|move|p2a: Mew|Will-O-Wisp|p1a: Clefable
|-fail|p1a: Clefable|brn
|move|p1a: Clefable|Teleport|p1a: Clefable
|
|switch|p1a: Pelipper|Pelipper, M|25/100|[from]move: Teleport
|-weather|RainDance|[from] ability: Drizzle|[of] p1a: Pelipper
|
|-weather|RainDance|[upkeep]
|-heal|p1a: Pelipper|86/100|[from] move: Wish|[wisher] Clefable
|-heal|p2a: Mew|100/100|[from] item: Leftovers
|upkeep
|turn|54
|
|move|p2a: Mew|Stealth Rock|p1a: Pelipper
|-sidestart|p1: X-Wing Fighter|move: Stealth Rock
|move|p1a: Pelipper|U-turn|p2a: Mew
|-supereffective|p2a: Mew
|-damage|p2a: Mew|88/100
|
|switch|p1a: Crawdaunt|Crawdaunt, M|100/100|[from]move: U-turn
|-damage|p1a: Crawdaunt|88/100|[from] Stealth Rock
|
|-weather|RainDance|[upkeep]
|-heal|p2a: Mew|94/100|[from] item: Leftovers
|upkeep
|turn|55
|
|move|p2a: Mew|Will-O-Wisp|p1a: Crawdaunt
|-status|p1a: Crawdaunt|brn
|move|p1a: Crawdaunt|Knock Off|p2a: Mew
|-supereffective|p2a: Mew
|-damage|p2a: Mew|27/100
|-enditem|p2a: Mew|Leftovers|[from] move: Knock Off|[of] p1a: Crawdaunt
|-damage|p1a: Crawdaunt|78/100 brn|[from] item: Life Orb
|
|-weather|RainDance|[upkeep]
|-damage|p1a: Crawdaunt|72/100 brn|[from] brn
|upkeep
|turn|56
|
|switch|p2a: Mantine|Mantine, M, shiny|100/100
|move|p1a: Crawdaunt|Swords Dance|p1a: Crawdaunt
|-boost|p1a: Crawdaunt|atk|2
|
|-weather|RainDance|[upkeep]
|-damage|p1a: Crawdaunt|66/100 brn|[from] brn
|upkeep
|turn|57
|
|switch|p2a: Incineroar|Incineroar, M|2/100
|-ability|p2a: Incineroar|Intimidate|boost
|-unboost|p1a: Crawdaunt|atk|1
|move|p1a: Crawdaunt|Knock Off|p2a: Incineroar
|-resisted|p2a: Incineroar
|-damage|p2a: Incineroar|0 fnt
|-enditem|p2a: Incineroar|Assault Vest|[from] move: Knock Off|[of] p1a: Crawdaunt
|-damage|p1a: Crawdaunt|57/100 brn|[from] item: Life Orb
|faint|p2a: Incineroar
|
|-weather|none
|-damage|p1a: Crawdaunt|51/100 brn|[from] brn
|upkeep
|
|switch|p2a: Mew|Mew|27/100
|turn|58
|
|move|p1a: Crawdaunt|Aqua Jet|p2a: Mew
|-damage|p2a: Mew|4/100
|-damage|p1a: Crawdaunt|41/100 brn|[from] item: Life Orb
|move|p2a: Mew|Roost|p2a: Mew
|-heal|p2a: Mew|55/100
|-singleturn|p2a: Mew|move: Roost
|
|-damage|p1a: Crawdaunt|35/100 brn|[from] brn
|upkeep
|turn|59
|
|switch|p1a: Clefable|Clefable, F|76/100 brn
|move|p2a: Mew|Roost|p2a: Mew
|-heal|p2a: Mew|100/100
|-singleturn|p2a: Mew|move: Roost
|
|upkeep
|turn|60
|
|switch|p2a: Rhyperior|Rhyperior, M|59/100
|move|p1a: Clefable|Wish|p1a: Clefable
|
|upkeep
|turn|61
|
|switch|p1a: Keldeo|Keldeo-Resolute|100/100
|-damage|p1a: Keldeo|94/100|[from] Stealth Rock
|move|p2a: Rhyperior|Rock Blast|p1a: Keldeo
|-resisted|p1a: Keldeo
|-damage|p1a: Keldeo|87/100
|-resisted|p1a: Keldeo
|-damage|p1a: Keldeo|79/100
|-resisted|p1a: Keldeo
|-damage|p1a: Keldeo|71/100
|-hitcount|p1a: Keldeo|3
|
|-heal|p1a: Keldeo|100/100|[from] move: Wish|[wisher] Clefable
|upkeep
|turn|62
|
|switch|p2a: Mantine|Mantine, M, shiny|100/100
|move|p1a: Keldeo|Secret Sword|p2a: Mantine
|-resisted|p2a: Mantine
|-damage|p2a: Mantine|65/100
|
|upkeep
|turn|63
|
|move|p1a: Keldeo|Secret Sword|p2a: Mantine
|-resisted|p2a: Mantine
|-damage|p2a: Mantine|30/100
|move|p2a: Mantine|Roost|p2a: Mantine
|-heal|p2a: Mantine|80/100
|-singleturn|p2a: Mantine|move: Roost
|
|upkeep
|turn|64
|
|switch|p1a: Clefable|Clefable, F|76/100 brn
|move|p2a: Mantine|Air Slash|p1a: Clefable
|-damage|p1a: Clefable|61/100 brn
|
|upkeep
|turn|65
|
|move|p2a: Mantine|Scald|p1a: Clefable
|-damage|p1a: Clefable|44/100 brn
|move|p1a: Clefable|Wish|p1a: Clefable
|
|upkeep
|turn|66
|
|move|p2a: Mantine|Scald|p1a: Clefable
|-damage|p1a: Clefable|29/100 brn
|move|p1a: Clefable|Moonblast|p2a: Mantine
|-damage|p2a: Mantine|64/100
|-unboost|p2a: Mantine|spa|1
|
|-heal|p1a: Clefable|79/100 brn|[from] move: Wish|[wisher] Clefable
|upkeep
|turn|67
|
|move|p2a: Mantine|Roost|p2a: Mantine
|-heal|p2a: Mantine|100/100
|-singleturn|p2a: Mantine|move: Roost
|move|p1a: Clefable|Wish|p1a: Clefable
|
|upkeep
|turn|68
|
|switch|p2a: Mew|Mew|100/100
|move|p1a: Clefable|Teleport|p1a: Clefable
|
|switch|p1a: Crawdaunt|Crawdaunt, M|35/100 brn|[from]move: Teleport
|-damage|p1a: Crawdaunt|23/100 brn|[from] Stealth Rock
|
|-heal|p1a: Crawdaunt|96/100 brn|[from] move: Wish|[wisher] Clefable
|-damage|p1a: Crawdaunt|90/100 brn|[from] brn
|upkeep
|turn|69
|
|move|p2a: Mew|Knock Off|p1a: Crawdaunt
|-resisted|p1a: Crawdaunt
|-damage|p1a: Crawdaunt|75/100 brn
|-enditem|p1a: Crawdaunt|Life Orb|[from] move: Knock Off|[of] p2a: Mew
|move|p1a: Crawdaunt|Swords Dance|p1a: Crawdaunt
|-boost|p1a: Crawdaunt|atk|2
|
|-damage|p1a: Crawdaunt|69/100 brn|[from] brn
|upkeep
|turn|70
|
|switch|p2a: Mantine|Mantine, M, shiny|100/100
|move|p1a: Crawdaunt|Swords Dance|p1a: Crawdaunt
|-boost|p1a: Crawdaunt|atk|2
|
|-damage|p1a: Crawdaunt|63/100 brn|[from] brn
|upkeep
|turn|71
|
|move|p1a: Crawdaunt|Knock Off|p2a: Mantine
|-damage|p2a: Mantine|0 fnt
|-enditem|p2a: Mantine|Heavy-Duty Boots|[from] move: Knock Off|[of] p1a: Crawdaunt
|faint|p2a: Mantine
|
|-damage|p1a: Crawdaunt|57/100 brn|[from] brn
|upkeep
|
|switch|p2a: Dragapult|Dragapult, M|100/100
|turn|72
|
|switch|p1a: Clefable|Clefable, F|79/100 brn
|move|p2a: Dragapult|U-turn|p1a: Clefable
|-resisted|p1a: Clefable
|-damage|p1a: Clefable|71/100 brn
|
|switch|p2a: Rhyperior|Rhyperior, M|59/100|[from]move: U-turn
|
|upkeep
|turn|73
|
|move|p1a: Clefable|Moonblast|p2a: Rhyperior
|-damage|p2a: Rhyperior|29/100
|move|p2a: Rhyperior|Earthquake|p1a: Clefable
|-damage|p1a: Clefable|13/100 brn
|
|upkeep
|turn|74
|
|move|p1a: Clefable|Moonblast|p2a: Rhyperior
|-damage|p2a: Rhyperior|0 fnt
|faint|p2a: Rhyperior
|
|upkeep
|
|switch|p2a: Dragapult|Dragapult, M|100/100
|turn|75
|
|move|p1a: Clefable|Protect|p1a: Clefable
|-singleturn|p1a: Clefable|Protect
|move|p2a: Dragapult|Hex|p1a: Clefable
|-activate|p1a: Clefable|move: Protect
|
|upkeep
|turn|76
|
|switch|p1a: Pelipper|Pelipper, M|86/100
|-damage|p1a: Pelipper|61/100|[from] Stealth Rock
|-weather|RainDance|[from] ability: Drizzle|[of] p1a: Pelipper
|move|p2a: Dragapult|Hex|p1a: Pelipper
|-damage|p1a: Pelipper|17/100
|
|-weather|RainDance|[upkeep]
|upkeep
|turn|77
|
|move|p2a: Dragapult|Hex|p1a: Pelipper
|-damage|p1a: Pelipper|0 fnt
|faint|p1a: Pelipper
|
|-weather|RainDance|[upkeep]
|upkeep
|
|switch|p1a: Keldeo|Keldeo-Resolute|100/100
|-damage|p1a: Keldeo|94/100|[from] Stealth Rock
|turn|78
|
|move|p2a: Dragapult|U-turn|p1a: Keldeo
|-resisted|p1a: Keldeo
|-damage|p1a: Keldeo|85/100
|
|switch|p2a: Mew|Mew|100/100|[from]move: U-turn
|move|p1a: Keldeo|Hydro Pump|p2a: Mew|[miss]
|-miss|p1a: Keldeo|p2a: Mew
|
|-weather|RainDance|[upkeep]
|upkeep
|turn|79
|
|move|p1a: Keldeo|Hydro Pump|p2a: Mew
|-damage|p2a: Mew|0 fnt
|faint|p2a: Mew
|
|-weather|RainDance|[upkeep]
|upkeep
|
|switch|p2a: Dragapult|Dragapult, M|100/100
|turn|80
|
|move|p2a: Dragapult|Hex|p1a: Keldeo
|-damage|p1a: Keldeo|45/100
|move|p1a: Keldeo|Hydro Pump|p2a: Dragapult
|-resisted|p2a: Dragapult
|-damage|p2a: Dragapult|18/100
|
|-weather|none
|upkeep
|turn|81
|
|move|p2a: Dragapult|Hex|p1a: Keldeo
|-damage|p1a: Keldeo|3/100
|move|p1a: Keldeo|Hydro Pump|p2a: Dragapult|[miss]
|-miss|p1a: Keldeo|p2a: Dragapult
|
|upkeep
|turn|82
|
|move|p2a: Dragapult|Hex|p1a: Keldeo
|-damage|p1a: Keldeo|0 fnt
|faint|p1a: Keldeo
|
|upkeep
|
|switch|p1a: Crawdaunt|Crawdaunt, M|57/100 brn
|-damage|p1a: Crawdaunt|44/100 brn|[from] Stealth Rock
|turn|83
|
|move|p1a: Crawdaunt|Aqua Jet|p2a: Dragapult
|-resisted|p2a: Dragapult
|-damage|p2a: Dragapult|7/100
|move|p2a: Dragapult|Hex|p1a: Crawdaunt
|-resisted|p1a: Crawdaunt
|-damage|p1a: Crawdaunt|0 fnt
|faint|p1a: Crawdaunt
|
|upkeep
|
|switch|p1a: Seismitoad|Seismitoad, M|38/100 brn
|-damage|p1a: Seismitoad|32/100 brn|[from] Stealth Rock
|turn|84
|
|move|p2a: Dragapult|Hex|p1a: Seismitoad
|-damage|p1a: Seismitoad|0 fnt
|faint|p1a: Seismitoad
|
|upkeep
|
|switch|p1a: Clefable|Clefable, F|13/100 brn
|turn|85
|
|move|p2a: Dragapult|Hex|p1a: Clefable
|-damage|p1a: Clefable|0 fnt
|faint|p1a: Clefable
|
|win|0kay
|raw|X-Wing Fighter's rating: 1394 &rarr; <strong>1375</strong><br />(-19 for losing)
|raw|0kay's rating: 1423 &rarr; <strong>1442</strong><br />(+19 for winning)
