|html|<div class="broadcast-blue"><strong>[Gen 8] OU is currently suspecting Melmetal! For information on how to participate check out the <a href="https://www.smogon.com/forums/threads/np-ss-ou-suspect-process-round-12-monster-mash.3709234/">suspect thread</a>.</strong></div>
|j|☆Surko on Youtube
|j|☆Colonel Rivai
|t:|1666271502
|gametype|singles
|player|p1|Surko on Youtube|101|1576
|player|p2|Colonel Rivai|170|1752
|teamsize|p1|6
|teamsize|p2|6
|gen|8
|tier|[Gen 8] OU
|rated|
|rule|Sleep Clause Mod: Limit one foe put to sleep
|rule|Species Clause: Limit one of each Pokémon
|rule|OHKO Clause: OHKO moves are banned
|rule|Evasion Items Clause: Evasion items are banned
|rule|Evasion Moves Clause: Evasion moves are banned
|rule|Endless Battle Clause: Forcing endless battles is banned
|rule|HP Percentage Mod: HP is shown in percentages
|rule|Dynamax Clause: You cannot dynamax
|clearpoke
|poke|p1|Zeraora|
|poke|p1|Garchomp, M|
|poke|p1|Zapdos|
|poke|p1|Blacephalon|
|poke|p1|Tyranitar, F|
|poke|p1|Buzzwole|
|poke|p2|Hydreigon, M|
|poke|p2|Kartana|
|poke|p2|Blacephalon|
|poke|p2|Landorus-Therian, M|
|poke|p2|Melmetal|
|poke|p2|Toxapex, F|
|teampreview
|inactive|Battle timer is ON: inactive players will automatically lose when time's up. (requested by Colonel Rivai)
|inactive|Surko on Youtube has 120 seconds left.
|
|t:|1666271548
|start
|switch|p1a: Zapdos|Zapdos|100/100
|switch|p2a: Hydreigon|Hydreigon, M|100/100
|turn|1
|
|t:|1666271568
|switch|p1a: Tyranitar|Tyranitar, F|100/100
|-weather|Sandstorm|[from] ability: Sand Stream|[of] p1a: Tyranitar
|move|p2a: Hydreigon|Beat Up|p1a: Tyranitar
|-resisted|p1a: Tyranitar
|-damage|p1a: Tyranitar|96/100
|-resisted|p1a: Tyranitar
|-damage|p1a: Tyranitar|88/100
|-resisted|p1a: Tyranitar
|-damage|p1a: Tyranitar|84/100
|-resisted|p1a: Tyranitar
|-damage|p1a: Tyranitar|79/100
|-resisted|p1a: Tyranitar
|-damage|p1a: Tyranitar|73/100
|-resisted|p1a: Tyranitar
|-damage|p1a: Tyranitar|70/100
|-hitcount|p1a: Tyranitar|6
|
|-weather|Sandstorm|[upkeep]
|-damage|p2a: Hydreigon|94/100|[from] Sandstorm
|-heal|p1a: Tyranitar|76/100|[from] item: Leftovers
|upkeep
|turn|2
|
|t:|1666271587
|switch|p2a: Landorus|Landorus-Therian, M|100/100
|-ability|p2a: Landorus|Intimidate|boost
|-unboost|p1a: Tyranitar|atk|1
|switch|p1a: Zapdos|Zapdos|100/100
|
|-weather|Sandstorm|[upkeep]
|-damage|p1a: Zapdos|94/100|[from] Sandstorm
|upkeep
|turn|3
|
|t:|1666271592
|move|p1a: Zapdos|Hurricane|p2a: Landorus|[miss]
|-miss|p1a: Zapdos|p2a: Landorus
|move|p2a: Landorus|Stealth Rock|p1a: Zapdos
|-sidestart|p1: Surko on Youtube|move: Stealth Rock
|
|-weather|Sandstorm|[upkeep]
|-damage|p1a: Zapdos|88/100|[from] Sandstorm
|upkeep
|turn|4
|
|t:|1666271595
|switch|p2a: Hydreigon|Hydreigon, M|94/100
|move|p1a: Zapdos|Defog|p2a: Hydreigon
|-unboost|p2a: Hydreigon|evasion|1
|-sideend|p1: Surko on Youtube|Stealth Rock|[from] move: Defog|[of] p1a: Zapdos
|
|-weather|Sandstorm|[upkeep]
|-damage|p2a: Hydreigon|88/100|[from] Sandstorm
|-damage|p1a: Zapdos|82/100|[from] Sandstorm
|upkeep
|turn|5
|
|t:|1666271598
|move|p2a: Hydreigon|Beat Up|p1a: Zapdos
|-damage|p1a: Zapdos|72/100
|-damage|p1a: Zapdos|56/100
|-damage|p1a: Zapdos|46/100
|-damage|p1a: Zapdos|33/100
|-damage|p1a: Zapdos|20/100
|-damage|p1a: Zapdos|12/100
|-hitcount|p1a: Zapdos|6
|move|p1a: Zapdos|Hurricane|p2a: Hydreigon
|-damage|p2a: Hydreigon|21/100
|
|-weather|none
|upkeep
|turn|6
|
|t:|1666271612
|switch|p2a: Kartana|Kartana|100/100
|move|p1a: Zapdos|Roost|p1a: Zapdos
|-heal|p1a: Zapdos|62/100
|-singleturn|p1a: Zapdos|move: Roost
|
|upkeep
|turn|7
|
|t:|1666271615
|move|p2a: Kartana|Knock Off|p1a: Zapdos
|-damage|p1a: Zapdos|1/100
|-status|p2a: Kartana|par|[from] ability: Static|[of] p1a: Zapdos
|-enditem|p1a: Zapdos|Heavy-Duty Boots|[from] move: Knock Off|[of] p2a: Kartana
|move|p1a: Zapdos|Roost|p1a: Zapdos
|-heal|p1a: Zapdos|51/100
|-singleturn|p1a: Zapdos|move: Roost
|
|upkeep
|turn|8
|
|t:|1666271622
|switch|p2a: Toxapex|Toxapex, F|100/100
|move|p1a: Zapdos|Roost|p1a: Zapdos
|-heal|p1a: Zapdos|100/100
|-singleturn|p1a: Zapdos|move: Roost
|
|upkeep
|turn|9
|
|t:|1666271625
|move|p1a: Zapdos|Volt Switch|p2a: Toxapex
|-supereffective|p2a: Toxapex
|-damage|p2a: Toxapex|43/100
|
|t:|1666271629
|switch|p1a: Zeraora|Zeraora|100/100|[from]move: Volt Switch
|move|p2a: Toxapex|Toxic|p1a: Zeraora
|-status|p1a: Zeraora|tox
|
|-damage|p1a: Zeraora|95/100 tox|[from] psn
|upkeep
|turn|10
|
|t:|1666271632
|switch|p2a: Landorus|Landorus-Therian, M|100/100
|-ability|p2a: Landorus|Intimidate|boost
|-unboost|p1a: Zeraora|atk|1
|move|p1a: Zeraora|Knock Off|p2a: Landorus
|-damage|p2a: Landorus|80/100
|-enditem|p2a: Landorus|Leftovers|[from] move: Knock Off|[of] p1a: Zeraora
|
|-damage|p1a: Zeraora|83/100 tox|[from] psn
|upkeep
|turn|11
|
|t:|1666271636
|switch|p1a: Zapdos|Zapdos|100/100
|move|p2a: Landorus|U-turn|p1a: Zapdos
|-resisted|p1a: Zapdos
|-damage|p1a: Zapdos|90/100
|
|t:|1666271640
|switch|p2a: Hydreigon|Hydreigon, M|21/100|[from]move: U-turn
|
|upkeep
|turn|12
|
|t:|1666271645
|move|p2a: Hydreigon|Beat Up|p1a: Zapdos
|-damage|p1a: Zapdos|81/100
|-crit|p1a: Zapdos
|-damage|p1a: Zapdos|61/100
|-damage|p1a: Zapdos|49/100
|-damage|p1a: Zapdos|42/100
|-damage|p1a: Zapdos|29/100
|-hitcount|p1a: Zapdos|5
|move|p1a: Zapdos|Volt Switch|p2a: Hydreigon
|-resisted|p2a: Hydreigon
|-damage|p2a: Hydreigon|1/100
|
|t:|1666271653
|switch|p1a: Blacephalon|Blacephalon|100/100|[from]move: Volt Switch
|
|upkeep
|turn|13
|
|t:|1666271659
|switch|p2a: Blacephalon|Blacephalon|100/100
|move|p1a: Blacephalon|Shadow Ball|p2a: Blacephalon
|-supereffective|p2a: Blacephalon
|-damage|p2a: Blacephalon|0 fnt
|faint|p2a: Blacephalon
|-ability|p1a: Blacephalon|Beast Boost|boost
|-boost|p1a: Blacephalon|spa|1
|
|upkeep
|
|t:|1666271661
|switch|p2a: Melmetal|Melmetal|100/100
|turn|14
|
|t:|1666271664
|switch|p1a: Buzzwole|Buzzwole|100/100
|move|p2a: Melmetal|Double Iron Bash|p1a: Buzzwole
|-damage|p1a: Buzzwole|80/100
|-damage|p2a: Melmetal|84/100|[from] item: Rocky Helmet|[of] p1a: Buzzwole
|-damage|p1a: Buzzwole|56/100
|-damage|p2a: Melmetal|67/100|[from] item: Rocky Helmet|[of] p1a: Buzzwole
|-hitcount|p1a: Buzzwole|2
|
|upkeep
|turn|15
|
|t:|1666271666
|switch|p2a: Landorus|Landorus-Therian, M|80/100
|-ability|p2a: Landorus|Intimidate|boost
|-unboost|p1a: Buzzwole|atk|1
|move|p1a: Buzzwole|Roost|p1a: Buzzwole
|-heal|p1a: Buzzwole|100/100
|-singleturn|p1a: Buzzwole|move: Roost
|
|upkeep
|turn|16
|
|t:|1666271668
|move|p1a: Buzzwole|Ice Punch|p2a: Landorus
|-supereffective|p2a: Landorus
|-damage|p2a: Landorus|20/100
|move|p2a: Landorus|Stealth Rock|p1a: Buzzwole
|-sidestart|p1: Surko on Youtube|move: Stealth Rock
|
|upkeep
|turn|17
|
|t:|1666271674
|switch|p1a: Zapdos|Zapdos|29/100
|-damage|p1a: Zapdos|4/100|[from] Stealth Rock
|switch|p2a: Toxapex|Toxapex, F|76/100
|
|upkeep
|turn|18
|
|t:|1666271679
|move|p1a: Zapdos|Defog|p2a: Toxapex
|-unboost|p2a: Toxapex|evasion|1
|-sideend|p1: Surko on Youtube|Stealth Rock|[from] move: Defog|[of] p1a: Zapdos
|move|p2a: Toxapex|Toxic|p1a: Zapdos
|-status|p1a: Zapdos|tox
|
|-damage|p1a: Zapdos|0 fnt|[from] psn
|faint|p1a: Zapdos
|upkeep
|
|t:|1666271683
|switch|p1a: Garchomp|Garchomp, M|100/100
|turn|19
|
|t:|1666271686
|switch|p2a: Landorus|Landorus-Therian, M|20/100
|-ability|p2a: Landorus|Intimidate|boost
|-unboost|p1a: Garchomp|atk|1
|move|p1a: Garchomp|Swords Dance|p1a: Garchomp
|-boost|p1a: Garchomp|atk|2
|
|upkeep
|turn|20
|
|t:|1666271691
|switch|p2a: Melmetal|Melmetal|67/100
|move|p1a: Garchomp|Scale Shot|p2a: Melmetal
|-resisted|p2a: Melmetal
|-damage|p2a: Melmetal|62/100
|-resisted|p2a: Melmetal
|-damage|p2a: Melmetal|56/100
|-resisted|p2a: Melmetal
|-damage|p2a: Melmetal|50/100
|-resisted|p2a: Melmetal
|-crit|p2a: Melmetal
|-damage|p2a: Melmetal|42/100
|-hitcount|p2a: Melmetal|4
|-unboost|p1a: Garchomp|def|1
|-boost|p1a: Garchomp|spe|1
|
|upkeep
|turn|21
|
|t:|1666271702
|switch|p2a: Landorus|Landorus-Therian, M|20/100
|-ability|p2a: Landorus|Intimidate|boost
|-unboost|p1a: Garchomp|atk|1
|move|p1a: Garchomp|Fire Fang|p2a: Landorus
|-damage|p2a: Landorus|0 fnt
|faint|p2a: Landorus
|
|upkeep
|
|t:|1666271707
|switch|p2a: Toxapex|Toxapex, F|100/100
|turn|22
|
|t:|1666271710
|move|p1a: Garchomp|Swords Dance|p1a: Garchomp
|-boost|p1a: Garchomp|atk|2
|move|p2a: Toxapex|Toxic|p1a: Garchomp
|-status|p1a: Garchomp|tox
|-enditem|p1a: Garchomp|Lum Berry|[eat]
|-curestatus|p1a: Garchomp|tox|[msg]
|
|upkeep
|turn|23
|-message|Colonel Rivai forfeited.
|
|win|Surko on Youtube
|raw|Surko on Youtube's rating: 1601 &rarr; <strong>1629</strong><br />(+28 for winning)
|raw|Colonel Rivai's rating: 1752 &rarr; <strong>1724</strong><br />(-28 for losing)
|l|☆Colonel Rivai
