|raw|<div class="broadcast-blue"><strong>This battle is required to be public due to a player having a name starting with 'lt92pf'.</div>
|j|☆Arnaud senju vgc
|j|☆LT92PF elcuob
|t:|1660066429
|gametype|singles
|player|p1|Arnaud senju vgc|2|1753
|player|p2|LT92PF elcuob|picnicker|1761
|teamsize|p1|6
|teamsize|p2|6
|gen|8
|tier|[Gen 8] OU
|rated|
|rule|Sleep Clause Mod: Limit one foe put to sleep
|rule|Species Clause: Limit one of each Pokémon
|rule|OHKO Clause: OHKO moves are banned
|rule|Evasion Items Clause: Evasion items are banned
|rule|Evasion Moves Clause: Evasion moves are banned
|rule|Endless Battle Clause: Forcing endless battles is banned
|rule|HP Percentage Mod: HP is shown in percentages
|rule|Dynamax Clause: You cannot dynamax
|clearpoke
|poke|p1|Ribombee, F|
|poke|p1|Togekiss, F|
|poke|p1|Excadrill, F|
|poke|p1|Bisharp, F|
|poke|p1|Urshifu-*, M|
|poke|p1|Necrozma|
|poke|p2|Venusaur, F|
|poke|p2|Heatran, M|
|poke|p2|Weavile, M|
|poke|p2|Torkoal, M|
|poke|p2|Blaziken, F|
|poke|p2|Rillaboom, M|
|teampreview
|inactive|Battle timer is ON: inactive players will automatically lose when time's up. (requested by LT92PF elcuob)
|
|t:|1660066442
|start
|switch|p1a: Ribombee|Ribombee, F|100/100
|switch|p2a: Torkoal|Torkoal, M|100/100
|-weather|SunnyDay|[from] ability: Drought|[of] p2a: Torkoal
|turn|1
|
|t:|1660066449
|move|p1a: Ribombee|Stun Spore|p2a: Torkoal
|-status|p2a: Torkoal|par
|move|p2a: Torkoal|Yawn|p1a: Ribombee
|-start|p1a: Ribombee|move: Yawn|[of] p2a: Torkoal
|
|-weather|SunnyDay|[upkeep]
|upkeep
|turn|2
|
|t:|1660066457
|move|p1a: Ribombee|U-turn|p2a: Torkoal
|-resisted|p2a: Torkoal
|-damage|p2a: Torkoal|96/100 par
|
|t:|1660066460
|switch|p1a: Excadrill|Excadrill, F|100/100|[from]move: U-turn
|-ability|p1a: Excadrill|Mold Breaker
|move|p2a: Torkoal|Stealth Rock|p1a: Excadrill
|-sidestart|p1: Arnaud senju vgc|move: Stealth Rock
|
|-weather|SunnyDay|[upkeep]
|upkeep
|turn|3
|
|t:|1660066468
|switch|p2a: Rillaboom|Rillaboom, M|100/100
|-fieldstart|move: Grassy Terrain|[from] ability: Grassy Surge|[of] p2a: Rillaboom
|move|p1a: Excadrill|Earthquake|p2a: Rillaboom
|-resisted|p2a: Rillaboom
|-damage|p2a: Rillaboom|91/100
|-enditem|p2a: Rillaboom|Eject Button
|
|t:|1660066472
|switch|p2a: Heatran|Heatran, M|100/100
|
|-weather|SunnyDay|[upkeep]
|upkeep
|turn|4
|
|t:|1660066478
|move|p2a: Heatran|Eruption|p1a: Excadrill
|-supereffective|p1a: Excadrill
|-enditem|p1a: Excadrill|Focus Sash
|-damage|p1a: Excadrill|1/100
|move|p1a: Excadrill|Earthquake|p2a: Heatran
|-supereffective|p2a: Heatran
|-damage|p2a: Heatran|0 fnt
|faint|p2a: Heatran
|
|-weather|SunnyDay|[upkeep]
|-heal|p1a: Excadrill|7/100|[from] Grassy Terrain
|upkeep
|
|t:|1660066482
|switch|p2a: Venusaur|Venusaur, F, shiny|100/100
|turn|5
|
|t:|1660066491
|move|p2a: Venusaur|Weather Ball|p1a: Excadrill
|-supereffective|p1a: Excadrill
|-damage|p1a: Excadrill|0 fnt
|faint|p1a: Excadrill
|-damage|p2a: Venusaur|91/100|[from] item: Life Orb
|
|-weather|SunnyDay|[upkeep]
|-heal|p2a: Venusaur|97/100|[from] Grassy Terrain
|upkeep
|
|t:|1660066499
|switch|p1a: Zay moa mainty|Necrozma, shiny|100/100
|-damage|p1a: Zay moa mainty|88/100|[from] Stealth Rock
|turn|6
|
|t:|1660066504
|move|p2a: Venusaur|Sleep Powder|p1a: Zay moa mainty|[miss]
|-miss|p2a: Venusaur|p1a: Zay moa mainty
|move|p1a: Zay moa mainty|Calm Mind|p1a: Zay moa mainty
|-boost|p1a: Zay moa mainty|spa|1
|-boost|p1a: Zay moa mainty|spd|1
|
|-weather|SunnyDay|[upkeep]
|-heal|p2a: Venusaur|100/100|[from] Grassy Terrain
|-heal|p1a: Zay moa mainty|94/100|[from] Grassy Terrain
|upkeep
|turn|7
|
|t:|1660066513
|move|p2a: Venusaur|Sleep Powder|p1a: Zay moa mainty
|-status|p1a: Zay moa mainty|slp|[from] move: Sleep Powder
|-enditem|p1a: Zay moa mainty|Chesto Berry|[eat]
|-curestatus|p1a: Zay moa mainty|slp|[msg]
|move|p1a: Zay moa mainty|Stored Power|p2a: Venusaur
|-supereffective|p2a: Venusaur
|-damage|p2a: Venusaur|13/100
|
|-weather|SunnyDay|[upkeep]
|-heal|p2a: Venusaur|19/100|[from] Grassy Terrain
|-heal|p1a: Zay moa mainty|99/100|[from] Grassy Terrain
|-fieldend|move: Grassy Terrain
|upkeep
|turn|8
|
|t:|1660066524
|move|p2a: Venusaur|Sleep Powder|p1a: Zay moa mainty
|-status|p1a: Zay moa mainty|slp|[from] move: Sleep Powder
|cant|p1a: Zay moa mainty|slp
|
|-weather|none
|upkeep
|turn|9
|
|t:|1660066531
|switch|p2a: Weavile|Weavile, M|100/100
|switch|p1a: Bisharp|Bisharp, F|100/100
|-damage|p1a: Bisharp|94/100|[from] Stealth Rock
|
|upkeep
|turn|10
|
|t:|1660066538
|move|p2a: Weavile|Low Kick|p1a: Bisharp
|-supereffective|p1a: Bisharp
|-crit|p1a: Bisharp
|-damage|p1a: Bisharp|0 fnt
|faint|p1a: Bisharp
|-damage|p2a: Weavile|91/100|[from] item: Life Orb
|
|upkeep
|
|t:|1660066545
|switch|p1a: Urshifu|Urshifu-Rapid-Strike, M|100/100
|-damage|p1a: Urshifu|94/100|[from] Stealth Rock
|turn|11
|
|t:|1660066554
|switch|p2a: Rillaboom|Rillaboom, M|91/100
|-fieldstart|move: Grassy Terrain|[from] ability: Grassy Surge|[of] p2a: Rillaboom
|move|p1a: Urshifu|Close Combat|p2a: Rillaboom
|-damage|p2a: Rillaboom|23/100
|-unboost|p1a: Urshifu|def|1
|-unboost|p1a: Urshifu|spd|1
|
|-heal|p1a: Urshifu|100/100|[from] Grassy Terrain
|-heal|p2a: Rillaboom|29/100|[from] Grassy Terrain
|upkeep
|turn|12
|
|t:|1660066565
|switch|p1a: Togekiss|Togekiss, F|100/100
|-damage|p1a: Togekiss|75/100|[from] Stealth Rock
|move|p2a: Rillaboom|U-turn|p1a: Togekiss
|-resisted|p1a: Togekiss
|-damage|p1a: Togekiss|70/100
|
|t:|1660066568
|switch|p2a: Weavile|Weavile, M|91/100|[from]move: U-turn
|
|-heal|p2a: Weavile|97/100|[from] Grassy Terrain
|-heal|p1a: Togekiss|77/100|[from] item: Leftovers
|upkeep
|turn|13
|
|t:|1660066578
|switch|p1a: Urshifu|Urshifu-Rapid-Strike, M|100/100
|-damage|p1a: Urshifu|94/100|[from] Stealth Rock
|move|p2a: Weavile|Icicle Crash|p1a: Urshifu
|-resisted|p1a: Urshifu
|-damage|p1a: Urshifu|66/100
|-damage|p2a: Weavile|87/100|[from] item: Life Orb
|
|-heal|p2a: Weavile|93/100|[from] Grassy Terrain
|-heal|p1a: Urshifu|72/100|[from] Grassy Terrain
|upkeep
|turn|14
|
|t:|1660066589
|switch|p2a: Torkoal|Torkoal, M|96/100 par
|-weather|SunnyDay|[from] ability: Drought|[of] p2a: Torkoal
|move|p1a: Urshifu|U-turn|p2a: Torkoal
|-resisted|p2a: Torkoal
|-damage|p2a: Torkoal|83/100 par
|
|t:|1660066596
|switch|p1a: Togekiss|Togekiss, F|77/100|[from]move: U-turn
|-damage|p1a: Togekiss|52/100|[from] Stealth Rock
|
|-weather|SunnyDay|[upkeep]
|-heal|p1a: Togekiss|58/100|[from] item: Leftovers
|-heal|p2a: Torkoal|89/100 par|[from] Grassy Terrain
|upkeep
|turn|15
|
|t:|1660066605
|switch|p2a: Weavile|Weavile, M|93/100
|move|p1a: Togekiss|Substitute|p1a: Togekiss
|-start|p1a: Togekiss|Substitute
|-damage|p1a: Togekiss|33/100
|
|-weather|SunnyDay|[upkeep]
|-heal|p2a: Weavile|99/100|[from] Grassy Terrain
|-heal|p1a: Togekiss|39/100|[from] item: Leftovers
|-fieldend|move: Grassy Terrain
|upkeep
|turn|16
|
|t:|1660066614
|move|p2a: Weavile|Ice Shard|p1a: Togekiss
|-supereffective|p1a: Togekiss
|-end|p1a: Togekiss|Substitute
|-damage|p2a: Weavile|89/100|[from] item: Life Orb
|move|p1a: Togekiss|Flamethrower|p2a: Weavile
|-supereffective|p2a: Weavile
|-damage|p2a: Weavile|0 fnt
|faint|p2a: Weavile
|
|-weather|SunnyDay|[upkeep]
|-heal|p1a: Togekiss|45/100|[from] item: Leftovers
|upkeep
|
|t:|1660066618
|switch|p2a: Venusaur|Venusaur, F, shiny|19/100
|turn|17
|
|t:|1660066629
|move|p2a: Venusaur|Weather Ball|p1a: Togekiss
|-damage|p1a: Togekiss|0 fnt
|faint|p1a: Togekiss
|-damage|p2a: Venusaur|9/100|[from] item: Life Orb
|
|-weather|SunnyDay|[upkeep]
|upkeep
|
|t:|1660066637
|switch|p1a: Ribombee|Ribombee, F|100/100
|-damage|p1a: Ribombee|76/100|[from] Stealth Rock
|turn|18
|
|t:|1660066641
|move|p2a: Venusaur|Weather Ball|p1a: Ribombee
|-supereffective|p1a: Ribombee
|-damage|p1a: Ribombee|0 fnt
|faint|p1a: Ribombee
|-damage|p2a: Venusaur|0 fnt|[from] item: Life Orb
|faint|p2a: Venusaur
|
|-weather|SunnyDay|[upkeep]
|upkeep
|
|t:|1660066650
|switch|p1a: Urshifu|Urshifu-Rapid-Strike, M|72/100
|switch|p2a: Rillaboom|Rillaboom, M|29/100
|-damage|p1a: Urshifu|66/100|[from] Stealth Rock
|-fieldstart|move: Grassy Terrain|[from] ability: Grassy Surge|[of] p2a: Rillaboom
|turn|19
|j| Nana Baba
|
|t:|1660066657
|move|p2a: Rillaboom|Grassy Glide|p1a: Urshifu
|-supereffective|p1a: Urshifu
|-damage|p1a: Urshifu|0 fnt
|faint|p1a: Urshifu
|
|-weather|SunnyDay|[upkeep]
|-heal|p2a: Rillaboom|35/100|[from] Grassy Terrain
|upkeep
|
|t:|1660066664
|switch|p1a: Zay moa mainty|Necrozma, shiny|99/100 slp
|-damage|p1a: Zay moa mainty|88/100 slp|[from] Stealth Rock
|turn|20
|
|t:|1660066668
|-curestatus|p1a: Zay moa mainty|slp|[msg]
|move|p1a: Zay moa mainty|Iron Defense|p1a: Zay moa mainty
|-boost|p1a: Zay moa mainty|def|2
|move|p2a: Rillaboom|Taunt|p1a: Zay moa mainty
|-start|p1a: Zay moa mainty|move: Taunt
|
|-weather|SunnyDay|[upkeep]
|-heal|p1a: Zay moa mainty|94/100|[from] Grassy Terrain
|-heal|p2a: Rillaboom|41/100|[from] Grassy Terrain
|upkeep
|turn|21
|
|t:|1660066679
|move|p1a: Zay moa mainty|Stored Power|p2a: Rillaboom
|-damage|p2a: Rillaboom|17/100
|move|p2a: Rillaboom|U-turn|p1a: Zay moa mainty
|-supereffective|p1a: Zay moa mainty
|-damage|p1a: Zay moa mainty|85/100
|
|t:|1660066681
|switch|p2a: Torkoal|Torkoal, M|89/100 par|[from]move: U-turn
|
|-weather|none
|-heal|p1a: Zay moa mainty|91/100|[from] Grassy Terrain
|-heal|p2a: Torkoal|95/100 par|[from] Grassy Terrain
|upkeep
|turn|22
|
|t:|1660066690
|move|p1a: Zay moa mainty|Stored Power|p2a: Torkoal
|-damage|p2a: Torkoal|71/100 par
|cant|p2a: Torkoal|par
|
|-heal|p1a: Zay moa mainty|97/100|[from] Grassy Terrain
|-heal|p2a: Torkoal|77/100 par|[from] Grassy Terrain
|upkeep
|turn|23
|
|t:|1660066698
|move|p1a: Zay moa mainty|Stored Power|p2a: Torkoal
|-damage|p2a: Torkoal|50/100 par
|move|p2a: Torkoal|Yawn|p1a: Zay moa mainty
|-start|p1a: Zay moa mainty|move: Yawn|[of] p2a: Torkoal
|
|-heal|p1a: Zay moa mainty|100/100|[from] Grassy Terrain
|-heal|p2a: Torkoal|56/100 par|[from] Grassy Terrain
|-end|p1a: Zay moa mainty|move: Taunt
|-fieldend|move: Grassy Terrain
|upkeep
|turn|24
|
|t:|1660066710
|switch|p2a: Blaziken|Blaziken, F|100/100
|move|p1a: Zay moa mainty|Iron Defense|p1a: Zay moa mainty
|-boost|p1a: Zay moa mainty|def|2
|
|-end|p1a: Zay moa mainty|move: Yawn|[silent]
|-status|p1a: Zay moa mainty|slp
|upkeep
|turn|25
|
|t:|1660066717
|move|p2a: Blaziken|Swords Dance|p2a: Blaziken
|-boost|p2a: Blaziken|atk|2
|cant|p1a: Zay moa mainty|slp
|
|-ability|p2a: Blaziken|Speed Boost|boost
|-boost|p2a: Blaziken|spe|1
|upkeep
|turn|26
|
|t:|1660066725
|move|p2a: Blaziken|Swords Dance|p2a: Blaziken
|-boost|p2a: Blaziken|atk|2
|cant|p1a: Zay moa mainty|slp
|
|-ability|p2a: Blaziken|Speed Boost|boost
|-boost|p2a: Blaziken|spe|1
|upkeep
|turn|27
|
|t:|1660066732
|move|p2a: Blaziken|Swords Dance|p2a: Blaziken
|-boost|p2a: Blaziken|atk|2
|cant|p1a: Zay moa mainty|slp
|
|-ability|p2a: Blaziken|Speed Boost|boost
|-boost|p2a: Blaziken|spe|1
|upkeep
|turn|28
|
|t:|1660066738
|move|p2a: Blaziken|Flare Blitz|p1a: Zay moa mainty
|-damage|p1a: Zay moa mainty|51/100 slp
|-damage|p2a: Blaziken|79/100|[from] Recoil
|-curestatus|p1a: Zay moa mainty|slp|[msg]
|move|p1a: Zay moa mainty|Stored Power|p2a: Blaziken
|-supereffective|p2a: Blaziken
|-damage|p2a: Blaziken|0 fnt
|faint|p2a: Blaziken
|
|upkeep
|
|t:|1660066744
|switch|p2a: Torkoal|Torkoal, M|56/100 par
|-weather|SunnyDay|[from] ability: Drought|[of] p2a: Torkoal
|turn|29
|
|t:|1660066751
|move|p1a: Zay moa mainty|Calm Mind|p1a: Zay moa mainty
|-boost|p1a: Zay moa mainty|spa|1
|-boost|p1a: Zay moa mainty|spd|1
|move|p2a: Torkoal|Yawn|p1a: Zay moa mainty
|-start|p1a: Zay moa mainty|move: Yawn|[of] p2a: Torkoal
|
|-weather|SunnyDay|[upkeep]
|upkeep
|turn|30
|
|t:|1660066759
|move|p1a: Zay moa mainty|Rest|p1a: Zay moa mainty
|-status|p1a: Zay moa mainty|slp|[from] move: Rest
|-heal|p1a: Zay moa mainty|100/100 slp|[silent]
|move|p2a: Torkoal|Lava Plume|p1a: Zay moa mainty
|-damage|p1a: Zay moa mainty|79/100 slp
|
|-weather|SunnyDay|[upkeep]
|-end|p1a: Zay moa mainty|move: Yawn|[silent]
|upkeep
|turn|31
|
|t:|1660066768
|switch|p2a: Rillaboom|Rillaboom, M|17/100
|-fieldstart|move: Grassy Terrain|[from] ability: Grassy Surge|[of] p2a: Rillaboom
|cant|p1a: Zay moa mainty|slp
|
|-weather|SunnyDay|[upkeep]
|-heal|p1a: Zay moa mainty|85/100 slp|[from] Grassy Terrain
|-heal|p2a: Rillaboom|23/100|[from] Grassy Terrain
|upkeep
|turn|32
|
|t:|1660066777
|cant|p1a: Zay moa mainty|slp
|move|p2a: Rillaboom|Knock Off|p1a: Zay moa mainty
|-supereffective|p1a: Zay moa mainty
|-damage|p1a: Zay moa mainty|80/100 slp
|
|-weather|SunnyDay|[upkeep]
|-heal|p1a: Zay moa mainty|86/100 slp|[from] Grassy Terrain
|-heal|p2a: Rillaboom|29/100|[from] Grassy Terrain
|upkeep
|turn|33
|-message|LT92PF elcuob forfeited.
|
|win|Arnaud senju vgc
|raw|Arnaud senju vgc's rating: 1753 &rarr; <strong>1773</strong><br />(+20 for winning)
|raw|LT92PF elcuob's rating: 1761 &rarr; <strong>1741</strong><br />(-20 for losing)
|l|☆LT92PF elcuob
|l|☆Arnaud senju vgc
||Ladder isn't responding, score probably updated but might not have (Request timeout).
