|j|☆Down$hift
|j|☆rocky012
|t:|1657290645
|gametype|singles
|player|p1|Down$hift|teamrocket|1686
|player|p2|rocky012|169|1761
|teamsize|p1|6
|teamsize|p2|6
|gen|8
|tier|[Gen 8] OU
|rated|
|rule|Sleep Clause Mod: Limit one foe put to sleep
|rule|Species Clause: Limit one of each Pokémon
|rule|OHKO Clause: OHKO moves are banned
|rule|Evasion Moves Clause: Evasion moves are banned
|rule|Endless Battle Clause: Forcing endless battles is banned
|rule|HP Percentage Mod: HP is shown in percentages
|rule|Dynamax Clause: You cannot dynamax
|clearpoke
|poke|p1|Magnezone|
|poke|p1|Volcarona, M|
|poke|p1|Clefable, M|
|poke|p1|Tornadus-Therian, M|
|poke|p1|Toxapex, M|
|poke|p1|Landorus-Therian, M|
|poke|p2|Blacephalon|
|poke|p2|Landorus-Therian, M|
|poke|p2|Dragapult, F|
|poke|p2|Zapdos|
|poke|p2|Melmetal|
|poke|p2|Toxapex, F|
|teampreview
|c|☆Down$hift|Hf
|inactive|Battle timer is ON: inactive players will automatically lose when time's up. (requested by rocky012)
|
|t:|1657290660
|start
|switch|p1a: Pink Menace|Clefable, M|100/100
|switch|p2a: Landorus|Landorus-Therian, M|100/100
|-ability|p2a: Landorus|Intimidate|boost
|-unboost|p1a: Pink Menace|atk|1
|turn|1
|
|t:|1657290669
|move|p2a: Landorus|Stealth Rock|p1a: Pink Menace
|-sidestart|p1: Down$hift|move: Stealth Rock
|move|p1a: Pink Menace|Stealth Rock|p2a: Landorus
|-sidestart|p2: rocky012|move: Stealth Rock
|
|upkeep
|turn|2
|
|t:|1657290672
|move|p2a: Landorus|U-turn|p1a: Pink Menace
|-resisted|p1a: Pink Menace
|-damage|p1a: Pink Menace|91/100
|-damage|p2a: Landorus|84/100|[from] item: Rocky Helmet|[of] p1a: Pink Menace
|
|t:|1657290674
|switch|p2a: Toxapex|Toxapex, F|100/100|[from]move: U-turn
|-damage|p2a: Toxapex|88/100|[from] Stealth Rock
|move|p1a: Pink Menace|Moonblast|p2a: Toxapex
|-resisted|p2a: Toxapex
|-damage|p2a: Toxapex|74/100
|-unboost|p2a: Toxapex|spa|1
|
|upkeep
|turn|3
|
|t:|1657290680
|switch|p1a: Prédastérie|Toxapex, M|100/100
|-damage|p1a: Prédastérie|88/100|[from] Stealth Rock
|move|p2a: Toxapex|Knock Off|p1a: Prédastérie
|-damage|p1a: Prédastérie|75/100
|-enditem|p1a: Prédastérie|Eject Button|[from] move: Knock Off|[of] p2a: Toxapex
|
|upkeep
|turn|4
|
|t:|1657290684
|move|p2a: Toxapex|Toxic Spikes|p1a: Prédastérie
|-sidestart|p1: Down$hift|move: Toxic Spikes
|move|p1a: Prédastérie|Knock Off|p2a: Toxapex
|-damage|p2a: Toxapex|64/100
|-enditem|p2a: Toxapex|Shed Shell|[from] move: Knock Off|[of] p1a: Prédastérie
|
|upkeep
|turn|5
|
|t:|1657290693
|switch|p1a: Pink Menace|Clefable, M|91/100
|-status|p1a: Pink Menace|psn
|move|p2a: Toxapex|Knock Off|p1a: Pink Menace
|-resisted|p1a: Pink Menace
|-damage|p1a: Pink Menace|86/100 psn
|-damage|p2a: Toxapex|48/100|[from] item: Rocky Helmet|[of] p1a: Pink Menace
|-enditem|p1a: Pink Menace|Rocky Helmet|[from] move: Knock Off|[of] p2a: Toxapex
|
|upkeep
|turn|6
|
|t:|1657290697
|switch|p1a: Prédastérie|Toxapex, M|100/100
|-damage|p1a: Prédastérie|88/100|[from] Stealth Rock
|-sideend|p1: Down$hift|move: Toxic Spikes|[of] p1a: Prédastérie
|move|p2a: Toxapex|Recover|p2a: Toxapex
|-heal|p2a: Toxapex|98/100
|
|upkeep
|turn|7
|j| KingRon265
|
|t:|1657290703
|switch|p1a: Pink Menace|Clefable, M|86/100 psn
|move|p2a: Toxapex|Knock Off|p1a: Pink Menace
|-resisted|p1a: Pink Menace
|-damage|p1a: Pink Menace|81/100 psn
|
|upkeep
|turn|8
|
|t:|1657290710
|switch|p1a: Prédastérie|Toxapex, M|100/100
|-damage|p1a: Prédastérie|88/100|[from] Stealth Rock
|switch|p2a: Melmetal|Melmetal|100/100
|-damage|p2a: Melmetal|94/100|[from] Stealth Rock
|
|-heal|p2a: Melmetal|100/100|[from] item: Leftovers
|upkeep
|turn|9
|
|t:|1657290712
|switch|p2a: Toxapex|Toxapex, F|100/100
|-damage|p2a: Toxapex|88/100|[from] Stealth Rock
|move|p1a: Prédastérie|Knock Off|p2a: Toxapex
|-damage|p2a: Toxapex|83/100
|
|upkeep
|turn|10
|
|t:|1657290716
|switch|p1a: Pink Menace|Clefable, M|81/100 psn
|move|p2a: Toxapex|Haze|p2a: Toxapex
|-clearallboost
|
|upkeep
|turn|11
|
|t:|1657290719
|switch|p1a: Prédastérie|Toxapex, M|100/100
|-damage|p1a: Prédastérie|88/100|[from] Stealth Rock
|switch|p2a: Melmetal|Melmetal|100/100
|-damage|p2a: Melmetal|94/100|[from] Stealth Rock
|
|-heal|p2a: Melmetal|100/100|[from] item: Leftovers
|upkeep
|turn|12
|
|t:|1657290723
|switch|p2a: Toxapex|Toxapex, F|100/100
|-damage|p2a: Toxapex|88/100|[from] Stealth Rock
|move|p1a: Prédastérie|Knock Off|p2a: Toxapex
|-damage|p2a: Toxapex|82/100
|
|upkeep
|turn|13
|
|t:|1657290726
|switch|p1a: Pink Menace|Clefable, M|81/100 psn
|move|p2a: Toxapex|Knock Off|p1a: Pink Menace
|-resisted|p1a: Pink Menace
|-damage|p1a: Pink Menace|77/100 psn
|
|upkeep
|turn|14
|
|t:|1657290738
|switch|p2a: Zapdos|Zapdos|100/100
|move|p1a: Pink Menace|Wish|p1a: Pink Menace
|
|upkeep
|turn|15
|
|t:|1657290746
|switch|p2a: Melmetal|Melmetal|100/100
|-damage|p2a: Melmetal|94/100|[from] Stealth Rock
|switch|p1a: $wagnezone|Magnezone, shiny|100/100
|-damage|p1a: $wagnezone|94/100|[from] Stealth Rock
|
|-heal|p1a: $wagnezone|100/100|[from] move: Wish|[wisher] Pink Menace
|-heal|p2a: Melmetal|100/100|[from] item: Leftovers
|upkeep
|turn|16
|
|t:|1657290753
|move|p1a: $wagnezone|Volt Switch|p2a: Melmetal
|-damage|p2a: Melmetal|69/100
|j| ayayaplop
|
|t:|1657290756
|switch|p1a: Prédastérie|Toxapex, M|100/100|[from]move: Volt Switch
|-damage|p1a: Prédastérie|88/100|[from] Stealth Rock
|move|p2a: Melmetal|Earthquake|p1a: Prédastérie
|-supereffective|p1a: Prédastérie
|-damage|p1a: Prédastérie|24/100
|
|-heal|p2a: Melmetal|75/100|[from] item: Leftovers
|upkeep
|turn|17
|
|t:|1657290766
|switch|p1a: Pandemic|Volcarona, M|100/100
|move|p2a: Melmetal|Double Iron Bash|p1a: Pandemic
|-resisted|p1a: Pandemic
|-damage|p1a: Pandemic|76/100
|-status|p2a: Melmetal|brn|[from] ability: Flame Body|[of] p1a: Pandemic
|-resisted|p1a: Pandemic
|-damage|p1a: Pandemic|64/100
|-hitcount|p1a: Pandemic|2
|
|-heal|p2a: Melmetal|81/100 brn|[from] item: Leftovers
|-damage|p2a: Melmetal|75/100 brn|[from] brn
|upkeep
|turn|18
|
|t:|1657290776
|switch|p1a: $wagnezone|Magnezone, shiny|100/100
|-damage|p1a: $wagnezone|94/100|[from] Stealth Rock
|move|p2a: Melmetal|Toxic|p1a: $wagnezone
|-immune|p1a: $wagnezone
|
|-heal|p2a: Melmetal|81/100 brn|[from] item: Leftovers
|-damage|p2a: Melmetal|75/100 brn|[from] brn
|upkeep
|turn|19
|
|t:|1657290783
|move|p1a: $wagnezone|Volt Switch|p2a: Melmetal
|-damage|p2a: Melmetal|44/100 brn
|
|t:|1657290795
|switch|p1a: Pink Menace|Clefable, M|77/100 psn|[from]move: Volt Switch
|move|p2a: Melmetal|Earthquake|p1a: Pink Menace
|-damage|p1a: Pink Menace|61/100 psn
|
|-heal|p2a: Melmetal|50/100 brn|[from] item: Leftovers
|-damage|p2a: Melmetal|44/100 brn|[from] brn
|upkeep
|turn|20
|
|t:|1657290814
|switch|p1a: Torn Anus|Tornadus-Therian, M|100/100
|move|p2a: Melmetal|Earthquake|p1a: Torn Anus
|-immune|p1a: Torn Anus
|
|-heal|p2a: Melmetal|50/100 brn|[from] item: Leftovers
|-damage|p2a: Melmetal|44/100 brn|[from] brn
|upkeep
|turn|21
|
|t:|1657290822
|move|p1a: Torn Anus|Taunt|p2a: Melmetal
|-start|p2a: Melmetal|move: Taunt
|cant|p2a: Melmetal|move: Taunt|Toxic
|
|-heal|p2a: Melmetal|50/100 brn|[from] item: Leftovers
|-damage|p2a: Melmetal|44/100 brn|[from] brn
|upkeep
|turn|22
|
|t:|1657290827
|move|p1a: Torn Anus|Nasty Plot|p1a: Torn Anus
|-boost|p1a: Torn Anus|spa|2
|move|p2a: Melmetal|Double Iron Bash|p1a: Torn Anus
|-damage|p1a: Torn Anus|76/100
|-damage|p1a: Torn Anus|52/100
|-hitcount|p1a: Torn Anus|2
|
|-heal|p2a: Melmetal|50/100 brn|[from] item: Leftovers
|-damage|p2a: Melmetal|44/100 brn|[from] brn
|upkeep
|turn|23
|
|t:|1657290829
|move|p1a: Torn Anus|Heat Wave|p2a: Melmetal
|-supereffective|p2a: Melmetal
|-damage|p2a: Melmetal|0 fnt
|faint|p2a: Melmetal
|
|upkeep
|
|t:|1657290832
|switch|p2a: Dragapult|Dragapult, F|100/100
|turn|24
|
|t:|1657290841
|move|p2a: Dragapult|Thunder Wave|p1a: Torn Anus
|-status|p1a: Torn Anus|par
|move|p1a: Torn Anus|Air Slash|p2a: Dragapult
|-damage|p2a: Dragapult|19/100
|
|upkeep
|turn|25
|
|t:|1657290853
|switch|p1a: $wagnezone|Magnezone, shiny|94/100
|-damage|p1a: $wagnezone|88/100|[from] Stealth Rock
|move|p2a: Dragapult|Hex|p1a: $wagnezone
|-damage|p1a: $wagnezone|67/100
|
|upkeep
|turn|26
|
|t:|1657290860
|move|p2a: Dragapult|U-turn|p1a: $wagnezone
|-resisted|p1a: $wagnezone
|-damage|p1a: $wagnezone|59/100
|
|t:|1657290862
|switch|p2a: Landorus|Landorus-Therian, M|84/100|[from]move: U-turn
|-damage|p2a: Landorus|72/100|[from] Stealth Rock
|-ability|p2a: Landorus|Intimidate|boost
|-unboost|p1a: $wagnezone|atk|1
|move|p1a: $wagnezone|Flash Cannon|p2a: Landorus
|-damage|p2a: Landorus|39/100
|
|-heal|p2a: Landorus|45/100|[from] item: Leftovers
|upkeep
|turn|27
|
|t:|1657290871
|switch|p1a: Torn Anus|Tornadus-Therian, M|85/100 par
|move|p2a: Landorus|Earthquake|p1a: Torn Anus
|-immune|p1a: Torn Anus
|
|-heal|p2a: Landorus|51/100|[from] item: Leftovers
|upkeep
|turn|28
|
|t:|1657290878
|move|p2a: Landorus|U-turn|p1a: Torn Anus
|-resisted|p1a: Torn Anus
|-damage|p1a: Torn Anus|72/100 par
|
|t:|1657290880
|switch|p2a: Toxapex|Toxapex, F|100/100|[from]move: U-turn
|-damage|p2a: Toxapex|88/100|[from] Stealth Rock
|move|p1a: Torn Anus|Heat Wave|p2a: Toxapex
|-resisted|p2a: Toxapex
|-damage|p2a: Toxapex|78/100
|
|upkeep
|turn|29
|
|t:|1657290886
|switch|p1a: Pink Menace|Clefable, M|61/100 psn
|switch|p2a: Blacephalon|Blacephalon|100/100
|-damage|p2a: Blacephalon|76/100|[from] Stealth Rock
|
|upkeep
|turn|30
|
|t:|1657290894
|switch|p1a: Torn Anus|Tornadus-Therian, M|100/100 par
|move|p2a: Blacephalon|Shadow Ball|p1a: Torn Anus
|-damage|p1a: Torn Anus|33/100 par
|
|upkeep
|turn|31
|
|t:|1657290899
|move|p2a: Blacephalon|Shadow Ball|p1a: Torn Anus
|-damage|p1a: Torn Anus|0 fnt
|faint|p1a: Torn Anus
|-ability|p2a: Blacephalon|Beast Boost|boost
|-boost|p2a: Blacephalon|spa|1
|
|upkeep
|
|t:|1657290901
|switch|p1a: LandOUrus-T|Landorus-Therian, M|100/100
|-damage|p1a: LandOUrus-T|88/100|[from] Stealth Rock
|-ability|p1a: LandOUrus-T|Intimidate|boost
|-unboost|p2a: Blacephalon|atk|1
|turn|32
|
|t:|1657290906
|switch|p2a: Landorus|Landorus-Therian, M|51/100
|-damage|p2a: Landorus|38/100|[from] Stealth Rock
|-ability|p2a: Landorus|Intimidate|boost
|-unboost|p1a: LandOUrus-T|atk|1
|move|p1a: LandOUrus-T|Rock Slide|p2a: Landorus
|-damage|p2a: Landorus|21/100
|
|-heal|p2a: Landorus|27/100|[from] item: Leftovers
|upkeep
|turn|33
|l| KingRon265
|
|t:|1657290919
|switch|p1a: Pink Menace|Clefable, M|61/100 psn
|move|p2a: Landorus|Toxic|p1a: Pink Menace|[miss]
|-miss|p2a: Landorus|p1a: Pink Menace
|
|-heal|p2a: Landorus|33/100|[from] item: Leftovers
|upkeep
|turn|34
|
|t:|1657290924
|move|p2a: Landorus|U-turn|p1a: Pink Menace
|-resisted|p1a: Pink Menace
|-damage|p1a: Pink Menace|53/100 psn
|
|t:|1657290928
|switch|p2a: Toxapex|Toxapex, F|100/100|[from]move: U-turn
|-damage|p2a: Toxapex|88/100|[from] Stealth Rock
|move|p1a: Pink Menace|Moonblast|p2a: Toxapex
|-resisted|p2a: Toxapex
|-damage|p2a: Toxapex|76/100
|
|upkeep
|turn|35
|
|t:|1657290932
|switch|p2a: Blacephalon|Blacephalon|76/100
|-damage|p2a: Blacephalon|51/100|[from] Stealth Rock
|move|p1a: Pink Menace|Wish|p1a: Pink Menace
|
|upkeep
|turn|36
|
|t:|1657290944
|move|p2a: Blacephalon|Shadow Ball|p1a: Pink Menace
|-damage|p1a: Pink Menace|0 fnt
|faint|p1a: Pink Menace
|-ability|p2a: Blacephalon|Beast Boost|boost
|-boost|p2a: Blacephalon|spa|1
|
|upkeep
|
|t:|1657290945
|switch|p1a: LandOUrus-T|Landorus-Therian, M|88/100
|-damage|p1a: LandOUrus-T|76/100|[from] Stealth Rock
|-ability|p1a: LandOUrus-T|Intimidate|boost
|-unboost|p2a: Blacephalon|atk|1
|turn|37
|
|t:|1657290951
|switch|p2a: Toxapex|Toxapex, F|100/100
|-damage|p2a: Toxapex|88/100|[from] Stealth Rock
|move|p1a: LandOUrus-T|Rock Slide|p2a: Toxapex
|-damage|p2a: Toxapex|71/100
|
|upkeep
|turn|38
|
|t:|1657290957
|move|p1a: LandOUrus-T|Rock Slide|p2a: Toxapex
|-damage|p2a: Toxapex|54/100
|cant|p2a: Toxapex|flinch
|
|upkeep
|turn|39
|
|t:|1657290967
|switch|p1a: Pandemic|Volcarona, M|64/100
|move|p2a: Toxapex|Recover|p2a: Toxapex
|-heal|p2a: Toxapex|100/100
|
|upkeep
|turn|40
|
|t:|1657290971
|move|p1a: Pandemic|Quiver Dance|p1a: Pandemic
|-boost|p1a: Pandemic|spa|1
|-boost|p1a: Pandemic|spd|1
|-boost|p1a: Pandemic|spe|1
|move|p2a: Toxapex|Knock Off|p1a: Pandemic
|-damage|p1a: Pandemic|47/100
|-status|p2a: Toxapex|brn|[from] ability: Flame Body|[of] p1a: Pandemic
|-enditem|p1a: Pandemic|Heavy-Duty Boots|[from] move: Knock Off|[of] p2a: Toxapex
|
|-damage|p2a: Toxapex|95/100 brn|[from] brn
|upkeep
|turn|41
|
|t:|1657290974
|move|p1a: Pandemic|Psychic|p2a: Toxapex
|-supereffective|p2a: Toxapex
|-damage|p2a: Toxapex|21/100 brn
|move|p2a: Toxapex|Haze|p2a: Toxapex
|-clearallboost
|
|-damage|p2a: Toxapex|15/100 brn|[from] brn
|upkeep
|turn|42
|
|t:|1657290976
|move|p1a: Pandemic|Quiver Dance|p1a: Pandemic
|-boost|p1a: Pandemic|spa|1
|-boost|p1a: Pandemic|spd|1
|-boost|p1a: Pandemic|spe|1
|move|p2a: Toxapex|Haze|p2a: Toxapex
|-clearallboost
|
|-damage|p2a: Toxapex|9/100 brn|[from] brn
|upkeep
|turn|43
|
|t:|1657290979
|move|p1a: Pandemic|Quiver Dance|p1a: Pandemic
|-boost|p1a: Pandemic|spa|1
|-boost|p1a: Pandemic|spd|1
|-boost|p1a: Pandemic|spe|1
|move|p2a: Toxapex|Haze|p2a: Toxapex
|-clearallboost
|
|-damage|p2a: Toxapex|3/100 brn|[from] brn
|upkeep
|turn|44
|
|t:|1657290983
|move|p1a: Pandemic|Roost|p1a: Pandemic
|-heal|p1a: Pandemic|97/100
|-singleturn|p1a: Pandemic|move: Roost
|move|p2a: Toxapex|Haze|p2a: Toxapex
|-clearallboost
|
|-damage|p2a: Toxapex|0 fnt|[from] brn
|faint|p2a: Toxapex
|upkeep
|
|t:|1657290987
|switch|p2a: Dragapult|Dragapult, F|19/100
|turn|45
|
|t:|1657290990
|switch|p1a: LandOUrus-T|Landorus-Therian, M|76/100
|-damage|p1a: LandOUrus-T|64/100|[from] Stealth Rock
|-ability|p1a: LandOUrus-T|Intimidate|boost
|-unboost|p2a: Dragapult|atk|1
|move|p2a: Dragapult|Thunder Wave|p1a: LandOUrus-T
|-immune|p1a: LandOUrus-T
|
|upkeep
|turn|46
|
|t:|1657290994
|switch|p2a: Landorus|Landorus-Therian, M|33/100
|-damage|p2a: Landorus|21/100|[from] Stealth Rock
|-ability|p2a: Landorus|Intimidate|boost
|-unboost|p1a: LandOUrus-T|atk|1
|move|p1a: LandOUrus-T|Rock Slide|p2a: Landorus
|-damage|p2a: Landorus|3/100
|
|-heal|p2a: Landorus|9/100|[from] item: Leftovers
|upkeep
|turn|47
|
|t:|1657290997
|move|p1a: LandOUrus-T|Rock Slide|p2a: Landorus
|-damage|p2a: Landorus|0 fnt
|faint|p2a: Landorus
|
|upkeep
|
|t:|1657291001
|switch|p2a: Zapdos|Zapdos|100/100
|turn|48
|
|t:|1657291007
|switch|p1a: Prédastérie|Toxapex, M|57/100
|-damage|p1a: Prédastérie|44/100|[from] Stealth Rock
|move|p2a: Zapdos|Heat Wave|p1a: Prédastérie
|-resisted|p1a: Prédastérie
|-damage|p1a: Prédastérie|36/100
|
|upkeep
|turn|49
|
|t:|1657291011
|move|p2a: Zapdos|Volt Switch|p1a: Prédastérie
|-supereffective|p1a: Prédastérie
|-damage|p1a: Prédastérie|0 fnt
|faint|p1a: Prédastérie
|
|t:|1657291017
|switch|p2a: Dragapult|Dragapult, F|19/100|[from]move: Volt Switch
|
|upkeep
|
|t:|1657291019
|switch|p1a: LandOUrus-T|Landorus-Therian, M|64/100
|-damage|p1a: LandOUrus-T|52/100|[from] Stealth Rock
|-ability|p1a: LandOUrus-T|Intimidate|boost
|-unboost|p2a: Dragapult|atk|1
|turn|50
|
|t:|1657291022
|switch|p2a: Zapdos|Zapdos|100/100
|move|p1a: LandOUrus-T|Rock Slide|p2a: Zapdos
|-supereffective|p2a: Zapdos
|-damage|p2a: Zapdos|58/100
|
|upkeep
|turn|51
|
|t:|1657291025
|move|p1a: LandOUrus-T|Rock Slide|p2a: Zapdos
|-supereffective|p2a: Zapdos
|-damage|p2a: Zapdos|8/100
|move|p2a: Zapdos|Roost|p2a: Zapdos
|-heal|p2a: Zapdos|58/100
|-singleturn|p2a: Zapdos|move: Roost
|
|upkeep
|turn|52
|
|t:|1657291027
|move|p1a: LandOUrus-T|Rock Slide|p2a: Zapdos
|-supereffective|p2a: Zapdos
|-damage|p2a: Zapdos|13/100
|move|p2a: Zapdos|Roost|p2a: Zapdos
|-heal|p2a: Zapdos|63/100
|-singleturn|p2a: Zapdos|move: Roost
|
|upkeep
|turn|53
|j| simplegent
|
|t:|1657291029
|move|p1a: LandOUrus-T|Rock Slide|p2a: Zapdos
|-supereffective|p2a: Zapdos
|-damage|p2a: Zapdos|19/100
|move|p2a: Zapdos|Roost|p2a: Zapdos
|-heal|p2a: Zapdos|69/100
|-singleturn|p2a: Zapdos|move: Roost
|
|upkeep
|turn|54
|
|t:|1657291032
|move|p1a: LandOUrus-T|Rock Slide|p2a: Zapdos
|-supereffective|p2a: Zapdos
|-damage|p2a: Zapdos|23/100
|cant|p2a: Zapdos|flinch
|
|upkeep
|turn|55
|
|t:|1657291036
|move|p1a: LandOUrus-T|Rock Slide|p2a: Zapdos
|-supereffective|p2a: Zapdos
|-damage|p2a: Zapdos|0 fnt
|faint|p2a: Zapdos
|
|upkeep
|
|t:|1657291038
|switch|p2a: Dragapult|Dragapult, F|19/100
|turn|56
|
|t:|1657291043
|switch|p1a: Pandemic|Volcarona, M|97/100
|-damage|p1a: Pandemic|47/100|[from] Stealth Rock
|move|p2a: Dragapult|Draco Meteor|p1a: Pandemic
|-damage|p1a: Pandemic|0 fnt
|-unboost|p2a: Dragapult|spa|2
|faint|p1a: Pandemic
|
|upkeep
|
|t:|1657291045
|switch|p1a: LandOUrus-T|Landorus-Therian, M|52/100
|-damage|p1a: LandOUrus-T|39/100|[from] Stealth Rock
|-ability|p1a: LandOUrus-T|Intimidate|boost
|-unboost|p2a: Dragapult|atk|1
|turn|57
|
|t:|1657291048
|move|p1a: LandOUrus-T|Earthquake|p2a: Dragapult
|-damage|p2a: Dragapult|0 fnt
|faint|p2a: Dragapult
|
|upkeep
|
|t:|1657291050
|switch|p2a: Blacephalon|Blacephalon|51/100
|-damage|p2a: Blacephalon|26/100|[from] Stealth Rock
|turn|58
|-message|rocky012 forfeited.
|
|win|Down$hift
|raw|Down$hift's rating: 1686 &rarr; <strong>1710</strong><br />(+24 for winning)
|raw|rocky012's rating: 1761 &rarr; <strong>1737</strong><br />(-24 for losing)
|l|☆rocky012
||Ladder isn't responding, score probably updated but might not have (Request timeout).
|j| yeshahR
|n| yeshahR|yeshahr
|l| yeshahR
|l| simplegent
|l| ayayaplop
