|j|☆firemaniac
|j|☆I'M AT MY LIMIT
|t:|1620275801
|gametype|singles
|player|p1|firemaniac|cynthia-gen4|1566
|player|p2|I'M AT MY LIMIT|rosa|1523
|teamsize|p1|6
|teamsize|p2|6
|gen|8
|tier|[Gen 8] OU
|rated|
|clearpoke
|poke|p1|Excadrill, F|
|poke|p1|Rillaboom, M|
|poke|p1|Hawlucha, F|
|poke|p1|Blacephalon|
|poke|p1|Magnezone|
|poke|p1|Dragapult, M|
|poke|p2|Corviknight, M|
|poke|p2|Slowbro, M|
|poke|p2|Garchomp, F|
|poke|p2|Volcarona, M|
|poke|p2|Audino, M|
|poke|p2|Melmetal|
|rule|Sleep Clause Mod: Limit one foe put to sleep
|rule|Species Clause: Limit one of each Pokémon
|rule|OHKO Clause: OHKO moves are banned
|rule|Evasion Moves Clause: Evasion moves are banned
|rule|Endless Battle Clause: Forcing endless battles is banned
|rule|HP Percentage Mod: HP is shown in percentages
|rule|Dynamax Clause: You cannot dynamax
|teampreview
|inactive|Battle timer is ON: inactive players will automatically lose when time's up. (requested by I'M AT MY LIMIT)
|inactive|firemaniac also wants the timer to be on.
|
|t:|1620275812
|start
|switch|p1a: Excadrill|Excadrill, F|100/100
|switch|p2a: BlissClefPex 🌠|Audino, M|100/100
|-ability|p1a: Excadrill|Mold Breaker
|turn|1
|
|t:|1620275818
|switch|p2a: Amazon prime|Corviknight, M, shiny|100/100
|-ability|p2a: Amazon prime|Pressure
|move|p1a: Excadrill|Toxic|p2a: Amazon prime
|-immune|p2a: Amazon prime
|
|upkeep
|turn|2
|
|t:|1620275824
|switch|p1a: Magnezone|Magnezone|100/100
|move|p2a: Amazon prime|Body Press|p1a: Magnezone
|-supereffective|p1a: Magnezone
|-damage|p1a: Magnezone|46/100
|
|-heal|p1a: Magnezone|52/100|[from] item: Leftovers
|upkeep
|turn|3
|
|t:|1620275828
|switch|p2a: Land shark 🌊☀|Garchomp, F|100/100
|move|p1a: Magnezone|Thunderbolt|p2a: Land shark 🌊☀
|-immune|p2a: Land shark 🌊☀
|
|-heal|p1a: Magnezone|59/100|[from] item: Leftovers
|upkeep
|turn|4
|
|t:|1620275834
|move|p2a: Land shark 🌊☀|Stealth Rock|p1a: Magnezone
|-sidestart|p1: firemaniac|move: Stealth Rock
|move|p1a: Magnezone|Flash Cannon|p2a: Land shark 🌊☀
|-damage|p2a: Land shark 🌊☀|66/100
|
|-heal|p2a: Land shark 🌊☀|72/100|[from] item: Leftovers
|-heal|p1a: Magnezone|65/100|[from] item: Leftovers
|upkeep
|turn|5
|
|t:|1620275844
|switch|p1a: Rillaboom|Rillaboom, M|100/100
|-damage|p1a: Rillaboom|88/100|[from] Stealth Rock
|-fieldstart|move: Grassy Terrain|[from] ability: Grassy Surge|[of] p1a: Rillaboom
|move|p2a: Land shark 🌊☀|Earthquake|p1a: Rillaboom
|-resisted|p1a: Rillaboom
|-damage|p1a: Rillaboom|77/100
|
|-heal|p1a: Rillaboom|83/100|[from] Grassy Terrain
|-heal|p2a: Land shark 🌊☀|78/100|[from] Grassy Terrain
|-heal|p2a: Land shark 🌊☀|85/100|[from] item: Leftovers
|upkeep
|turn|6
|
|t:|1620275849
|switch|p2a: KYUREJ 🤙|Volcarona, M, shiny|100/100
|move|p1a: Rillaboom|U-turn|p2a: KYUREJ 🤙
|-resisted|p2a: KYUREJ 🤙
|-damage|p2a: KYUREJ 🤙|84/100
|-status|p1a: Rillaboom|brn|[from] ability: Flame Body|[of] p2a: KYUREJ 🤙
|
|t:|1620275858
|switch|p1a: Excadrill|Excadrill, F|100/100|[from]move: U-turn
|-damage|p1a: Excadrill|97/100|[from] Stealth Rock
|-ability|p1a: Excadrill|Mold Breaker
|
|-heal|p1a: Excadrill|100/100|[from] Grassy Terrain
|-heal|p2a: KYUREJ 🤙|90/100|[from] Grassy Terrain
|upkeep
|turn|7
|
|t:|1620275862
|switch|p2a: Amazon prime|Corviknight, M, shiny|100/100
|-ability|p2a: Amazon prime|Pressure
|move|p1a: Excadrill|Toxic|p2a: Amazon prime
|-immune|p2a: Amazon prime
|
|upkeep
|turn|8
|
|t:|1620275864
|move|p1a: Excadrill|Stealth Rock|p2a: Amazon prime
|-sidestart|p2: I'M AT MY LIMIT|move: Stealth Rock
|move|p2a: Amazon prime|Body Press|p1a: Excadrill
|-supereffective|p1a: Excadrill
|-damage|p1a: Excadrill|30/100
|
|-heal|p1a: Excadrill|36/100|[from] Grassy Terrain
|upkeep
|turn|9
|
|t:|1620275869
|move|p1a: Excadrill|Rapid Spin|p2a: Amazon prime
|-resisted|p2a: Amazon prime
|-damage|p2a: Amazon prime|95/100
|-boost|p1a: Excadrill|spe|1
|-sideend|p1: firemaniac|Stealth Rock|[from] move: Rapid Spin|[of] p1a: Excadrill
|move|p2a: Amazon prime|Defog|p1a: Excadrill
|-unboost|p1a: Excadrill|evasion|1
|-sideend|p2: I'M AT MY LIMIT|Stealth Rock|[from] move: Defog|[of] p2a: Amazon prime
|-fieldend|move: Grassy Terrain
|
|upkeep
|turn|10
|
|t:|1620275875
|move|p1a: Excadrill|Stealth Rock|p2a: Amazon prime
|-sidestart|p2: I'M AT MY LIMIT|move: Stealth Rock
|move|p2a: Amazon prime|Body Press|p1a: Excadrill
|-supereffective|p1a: Excadrill
|-damage|p1a: Excadrill|0 fnt
|faint|p1a: Excadrill
|
|upkeep
|
|t:|1620275880
|switch|p1a: Blacephalon|Blacephalon|100/100
|turn|11
|
|t:|1620275888
|switch|p2a: BlissClefPex 🌠|Audino, M|100/100
|-damage|p2a: BlissClefPex 🌠|88/100|[from] Stealth Rock
|move|p1a: Blacephalon|Flamethrower|p2a: BlissClefPex 🌠
|-damage|p2a: BlissClefPex 🌠|38/100
|
|-heal|p2a: BlissClefPex 🌠|44/100|[from] item: Leftovers
|upkeep
|turn|12
|
|t:|1620275894
|move|p2a: BlissClefPex 🌠|Protect|p2a: BlissClefPex 🌠
|-singleturn|p2a: BlissClefPex 🌠|Protect
|move|p1a: Blacephalon|Flamethrower|p2a: BlissClefPex 🌠
|-activate|p2a: BlissClefPex 🌠|move: Protect
|
|-heal|p2a: BlissClefPex 🌠|50/100|[from] item: Leftovers
|upkeep
|turn|13
|
|t:|1620275914
|switch|p2a: Land shark 🌊☀|Garchomp, F|85/100
|-damage|p2a: Land shark 🌊☀|78/100|[from] Stealth Rock
|move|p1a: Blacephalon|Flamethrower|p2a: Land shark 🌊☀
|-resisted|p2a: Land shark 🌊☀
|-damage|p2a: Land shark 🌊☀|52/100
|
|-heal|p2a: Land shark 🌊☀|58/100|[from] item: Leftovers
|upkeep
|turn|14
|
|t:|1620275922
|switch|p1a: Dragapult|Dragapult, M|100/100
|move|p2a: Land shark 🌊☀|Earthquake|p1a: Dragapult
|-damage|p1a: Dragapult|45/100
|
|-heal|p1a: Dragapult|51/100|[from] item: Leftovers
|-heal|p2a: Land shark 🌊☀|65/100|[from] item: Leftovers
|upkeep
|turn|15
|
|t:|1620275932
|switch|p1a: Blacephalon|Blacephalon|100/100
|switch|p2a: IRON GIANT 🔧|Melmetal|100/100
|-damage|p2a: IRON GIANT 🔧|94/100|[from] Stealth Rock
|
|upkeep
|turn|16
|
|t:|1620275937
|move|p1a: Blacephalon|Flamethrower|p2a: IRON GIANT 🔧
|-supereffective|p2a: IRON GIANT 🔧
|-damage|p2a: IRON GIANT 🔧|0 fnt
|faint|p2a: IRON GIANT 🔧
|-ability|p1a: Blacephalon|Beast Boost|boost
|-boost|p1a: Blacephalon|spa|1
|
|upkeep
|
|t:|1620275944
|switch|p2a: Land shark 🌊☀|Garchomp, F|65/100
|-damage|p2a: Land shark 🌊☀|58/100|[from] Stealth Rock
|turn|17
|
|t:|1620275947
|switch|p1a: Rillaboom|Rillaboom, M|83/100 brn
|-fieldstart|move: Grassy Terrain|[from] ability: Grassy Surge|[of] p1a: Rillaboom
|move|p2a: Land shark 🌊☀|Earthquake|p1a: Rillaboom
|-resisted|p1a: Rillaboom
|-damage|p1a: Rillaboom|72/100 brn
|
|-heal|p1a: Rillaboom|79/100 brn|[from] Grassy Terrain
|-heal|p2a: Land shark 🌊☀|65/100|[from] Grassy Terrain
|-heal|p2a: Land shark 🌊☀|71/100|[from] item: Leftovers
|-damage|p1a: Rillaboom|72/100 brn|[from] brn
|upkeep
|turn|18
|
|t:|1620275953
|switch|p2a: KYUREJ 🤙|Volcarona, M, shiny|90/100
|move|p1a: Rillaboom|Knock Off|p2a: KYUREJ 🤙
|-damage|p2a: KYUREJ 🤙|67/100
|-enditem|p2a: KYUREJ 🤙|Heavy-Duty Boots|[from] move: Knock Off|[of] p1a: Rillaboom
|
|-heal|p1a: Rillaboom|79/100 brn|[from] Grassy Terrain
|-heal|p2a: KYUREJ 🤙|73/100|[from] Grassy Terrain
|-damage|p1a: Rillaboom|72/100 brn|[from] brn
|upkeep
|turn|19
|
|t:|1620275960
|switch|p1a: Dragapult|Dragapult, M|51/100
|move|p2a: KYUREJ 🤙|Psychic|p1a: Dragapult
|-damage|p1a: Dragapult|14/100
|
|-heal|p1a: Dragapult|20/100|[from] Grassy Terrain
|-heal|p1a: Dragapult|26/100|[from] item: Leftovers
|-heal|p2a: KYUREJ 🤙|80/100|[from] Grassy Terrain
|upkeep
|turn|20
|
|t:|1620275964
|move|p1a: Dragapult|Dragon Darts|p2a: KYUREJ 🤙
|-damage|p2a: KYUREJ 🤙|54/100
|-anim|p1a: Dragapult|Dragon Darts|p2a: KYUREJ 🤙
|-damage|p2a: KYUREJ 🤙|28/100
|move|p2a: KYUREJ 🤙|Psychic|p1a: Dragapult
|-damage|p1a: Dragapult|0 fnt
|faint|p1a: Dragapult
|
|-heal|p2a: KYUREJ 🤙|34/100|[from] Grassy Terrain
|upkeep
|
|t:|1620275970
|switch|p1a: Blacephalon|Blacephalon|100/100
|turn|21
|
|t:|1620275975
|move|p1a: Blacephalon|Flamethrower|p2a: KYUREJ 🤙
|-damage|p2a: KYUREJ 🤙|0 fnt
|faint|p2a: KYUREJ 🤙
|-ability|p1a: Blacephalon|Beast Boost|boost
|-boost|p1a: Blacephalon|spa|1
|
|-fieldend|move: Grassy Terrain
|upkeep
|
|t:|1620275976
|switch|p2a: Land shark 🌊☀|Garchomp, F|71/100
|-damage|p2a: Land shark 🌊☀|65/100|[from] Stealth Rock
|turn|22
|
|t:|1620275981
|switch|p1a: Rillaboom|Rillaboom, M|72/100 brn
|-fieldstart|move: Grassy Terrain|[from] ability: Grassy Surge|[of] p1a: Rillaboom
|move|p2a: Land shark 🌊☀|Earthquake|p1a: Rillaboom
|-resisted|p1a: Rillaboom
|-damage|p1a: Rillaboom|61/100 brn
|
|-heal|p1a: Rillaboom|68/100 brn|[from] Grassy Terrain
|-heal|p2a: Land shark 🌊☀|71/100|[from] Grassy Terrain
|-heal|p2a: Land shark 🌊☀|77/100|[from] item: Leftovers
|-damage|p1a: Rillaboom|61/100 brn|[from] brn
|upkeep
|turn|23
|
|t:|1620275989
|switch|p2a: Slowbruh 🏃|Slowbro, M|100/100
|move|p1a: Rillaboom|Wood Hammer|p2a: Slowbruh 🏃
|-supereffective|p2a: Slowbruh 🏃
|-damage|p2a: Slowbruh 🏃|32/100
|-damage|p1a: Rillaboom|35/100 brn|[from] Recoil
|
|-heal|p1a: Rillaboom|42/100 brn|[from] Grassy Terrain
|-heal|p2a: Slowbruh 🏃|38/100|[from] Grassy Terrain
|-damage|p1a: Rillaboom|35/100 brn|[from] brn
|upkeep
|turn|24
|
|t:|1620275993
|switch|p1a: Blacephalon|Blacephalon|100/100
|switch|p2a: Amazon prime|Corviknight, M, shiny|95/100
|-damage|p2a: Amazon prime|83/100|[from] Stealth Rock
|-ability|p2a: Amazon prime|Pressure
|
|upkeep
|turn|25
|
|t:|1620276000
|switch|p2a: BlissClefPex 🌠|Audino, M|83/100
|-damage|p2a: BlissClefPex 🌠|70/100|[from] Stealth Rock
|move|p1a: Blacephalon|Flamethrower|p2a: BlissClefPex 🌠
|-damage|p2a: BlissClefPex 🌠|23/100
|
|-heal|p2a: BlissClefPex 🌠|29/100|[from] Grassy Terrain
|-heal|p2a: BlissClefPex 🌠|35/100|[from] item: Leftovers
|upkeep
|turn|26
|
|t:|1620276003
|switch|p2a: Land shark 🌊☀|Garchomp, F|77/100
|-damage|p2a: Land shark 🌊☀|71/100|[from] Stealth Rock
|move|p1a: Blacephalon|Flamethrower|p2a: Land shark 🌊☀
|-resisted|p2a: Land shark 🌊☀
|-damage|p2a: Land shark 🌊☀|42/100
|
|-heal|p2a: Land shark 🌊☀|49/100|[from] Grassy Terrain
|-heal|p2a: Land shark 🌊☀|55/100|[from] item: Leftovers
|-fieldend|move: Grassy Terrain
|upkeep
|turn|27
|
|t:|1620276011
|switch|p1a: Rillaboom|Rillaboom, M|35/100 brn
|-fieldstart|move: Grassy Terrain|[from] ability: Grassy Surge|[of] p1a: Rillaboom
|move|p2a: Land shark 🌊☀|Stealth Rock|p1a: Rillaboom
|-sidestart|p1: firemaniac|move: Stealth Rock
|
|-heal|p1a: Rillaboom|42/100 brn|[from] Grassy Terrain
|-heal|p2a: Land shark 🌊☀|61/100|[from] Grassy Terrain
|-heal|p2a: Land shark 🌊☀|67/100|[from] item: Leftovers
|-damage|p1a: Rillaboom|35/100 brn|[from] brn
|upkeep
|turn|28
|
|t:|1620276024
|switch|p2a: Slowbruh 🏃|Slowbro, M|71/100
|move|p1a: Rillaboom|U-turn|p2a: Slowbruh 🏃
|-supereffective|p2a: Slowbruh 🏃
|-damage|p2a: Slowbruh 🏃|50/100
|
|t:|1620276029
|switch|p1a: Blacephalon|Blacephalon|100/100|[from]move: U-turn
|-damage|p1a: Blacephalon|76/100|[from] Stealth Rock
|
|-heal|p1a: Blacephalon|82/100|[from] Grassy Terrain
|-heal|p2a: Slowbruh 🏃|57/100|[from] Grassy Terrain
|upkeep
|turn|29
|
|t:|1620276033
|switch|p2a: BlissClefPex 🌠|Audino, M|68/100
|-damage|p2a: BlissClefPex 🌠|56/100|[from] Stealth Rock
|move|p1a: Blacephalon|Shadow Ball|p2a: BlissClefPex 🌠
|-immune|p2a: BlissClefPex 🌠
|
|-heal|p1a: Blacephalon|88/100|[from] Grassy Terrain
|-heal|p2a: BlissClefPex 🌠|62/100|[from] Grassy Terrain
|-heal|p2a: BlissClefPex 🌠|68/100|[from] item: Leftovers
|upkeep
|turn|30
|
|t:|1620276038
|switch|p1a: Magnezone|Magnezone|65/100
|-damage|p1a: Magnezone|59/100|[from] Stealth Rock
|move|p2a: BlissClefPex 🌠|Knock Off|p1a: Magnezone
|-damage|p1a: Magnezone|43/100
|-enditem|p1a: Magnezone|Leftovers|[from] move: Knock Off|[of] p2a: BlissClefPex 🌠
|
|-heal|p1a: Magnezone|49/100|[from] Grassy Terrain
|-heal|p2a: BlissClefPex 🌠|74/100|[from] Grassy Terrain
|-heal|p2a: BlissClefPex 🌠|80/100|[from] item: Leftovers
|upkeep
|turn|31
|
|t:|1620276044
|switch|p2a: Land shark 🌊☀|Garchomp, F|67/100
|-damage|p2a: Land shark 🌊☀|61/100|[from] Stealth Rock
|move|p1a: Magnezone|Volt Switch|p2a: Land shark 🌊☀
|-immune|p2a: Land shark 🌊☀
|
|-heal|p2a: Land shark 🌊☀|67/100|[from] Grassy Terrain
|-heal|p2a: Land shark 🌊☀|73/100|[from] item: Leftovers
|-heal|p1a: Magnezone|55/100|[from] Grassy Terrain
|-fieldend|move: Grassy Terrain
|upkeep
|turn|32
|
|t:|1620276050
|move|p1a: Magnezone|Flash Cannon|p2a: Land shark 🌊☀
|-damage|p2a: Land shark 🌊☀|40/100
|move|p2a: Land shark 🌊☀|Dragon Tail|p1a: Magnezone
|-resisted|p1a: Magnezone
|-damage|p1a: Magnezone|40/100
|drag|p1a: Hawlucha|Hawlucha, F|100/100
|-damage|p1a: Hawlucha|88/100|[from] Stealth Rock
|
|-heal|p2a: Land shark 🌊☀|46/100|[from] item: Leftovers
|upkeep
|turn|33
|
|t:|1620276059
|switch|p1a: Rillaboom|Rillaboom, M|35/100 brn
|-damage|p1a: Rillaboom|23/100 brn|[from] Stealth Rock
|-fieldstart|move: Grassy Terrain|[from] ability: Grassy Surge|[of] p1a: Rillaboom
|switch|p2a: Slowbruh 🏃|Slowbro, M|90/100
|
|-heal|p1a: Rillaboom|29/100 brn|[from] Grassy Terrain
|-heal|p2a: Slowbruh 🏃|96/100|[from] Grassy Terrain
|-damage|p1a: Rillaboom|23/100 brn|[from] brn
|upkeep
|turn|34
|
|t:|1620276063
|move|p1a: Rillaboom|Knock Off|p2a: Slowbruh 🏃
|-supereffective|p2a: Slowbruh 🏃
|-damage|p2a: Slowbruh 🏃|68/100
|-enditem|p2a: Slowbruh 🏃|Heavy-Duty Boots|[from] move: Knock Off|[of] p1a: Rillaboom
|move|p2a: Slowbruh 🏃|Teleport|p2a: Slowbruh 🏃
|
|t:|1620276070
|switch|p2a: Land shark 🌊☀|Garchomp, F|46/100|[from]move: Teleport
|-damage|p2a: Land shark 🌊☀|40/100|[from] Stealth Rock
|
|-heal|p1a: Rillaboom|29/100 brn|[from] Grassy Terrain
|-heal|p2a: Land shark 🌊☀|46/100|[from] Grassy Terrain
|-heal|p2a: Land shark 🌊☀|52/100|[from] item: Leftovers
|-damage|p1a: Rillaboom|23/100 brn|[from] brn
|upkeep
|turn|35
|
|t:|1620276072
|switch|p2a: Slowbruh 🏃|Slowbro, M|100/100
|-damage|p2a: Slowbruh 🏃|88/100|[from] Stealth Rock
|move|p1a: Rillaboom|Knock Off|p2a: Slowbruh 🏃
|-supereffective|p2a: Slowbruh 🏃
|-damage|p2a: Slowbruh 🏃|70/100
|
|-heal|p1a: Rillaboom|29/100 brn|[from] Grassy Terrain
|-heal|p2a: Slowbruh 🏃|76/100|[from] Grassy Terrain
|-damage|p1a: Rillaboom|23/100 brn|[from] brn
|upkeep
|turn|36
|
|t:|1620276079
|switch|p1a: Magnezone|Magnezone|40/100
|-damage|p1a: Magnezone|34/100|[from] Stealth Rock
|move|p2a: Slowbruh 🏃|Scald|p1a: Magnezone
|-damage|p1a: Magnezone|0 fnt
|faint|p1a: Magnezone
|
|-heal|p2a: Slowbruh 🏃|82/100|[from] Grassy Terrain
|upkeep
|
|t:|1620276084
|switch|p1a: Rillaboom|Rillaboom, M|23/100 brn
|-damage|p1a: Rillaboom|11/100 brn|[from] Stealth Rock
|turn|37
|
|t:|1620276088
|move|p1a: Rillaboom|Wood Hammer|p2a: Slowbruh 🏃
|-supereffective|p2a: Slowbruh 🏃
|-damage|p2a: Slowbruh 🏃|11/100
|-damage|p1a: Rillaboom|0 fnt|[from] Recoil
|faint|p1a: Rillaboom
|move|p2a: Slowbruh 🏃|Slack Off|p2a: Slowbruh 🏃
|-heal|p2a: Slowbruh 🏃|61/100
|
|-heal|p2a: Slowbruh 🏃|67/100|[from] Grassy Terrain
|-fieldend|move: Grassy Terrain
|upkeep
|
|t:|1620276093
|switch|p1a: Blacephalon|Blacephalon|88/100
|-damage|p1a: Blacephalon|63/100|[from] Stealth Rock
|turn|38
|
|t:|1620276097
|switch|p2a: BlissClefPex 🌠|Audino, M|100/100
|-damage|p2a: BlissClefPex 🌠|88/100|[from] Stealth Rock
|move|p1a: Blacephalon|Flamethrower|p2a: BlissClefPex 🌠
|-damage|p2a: BlissClefPex 🌠|40/100
|
|-heal|p2a: BlissClefPex 🌠|47/100|[from] item: Leftovers
|upkeep
|turn|39
|
|t:|1620276104
|move|p2a: BlissClefPex 🌠|Protect|p2a: BlissClefPex 🌠
|-singleturn|p2a: BlissClefPex 🌠|Protect
|move|p1a: Blacephalon|Flamethrower|p2a: BlissClefPex 🌠
|-activate|p2a: BlissClefPex 🌠|move: Protect
|
|-heal|p2a: BlissClefPex 🌠|53/100|[from] item: Leftovers
|upkeep
|turn|40
|
|t:|1620276107
|move|p1a: Blacephalon|Flamethrower|p2a: BlissClefPex 🌠
|-damage|p2a: BlissClefPex 🌠|1/100
|move|p2a: BlissClefPex 🌠|Knock Off|p1a: Blacephalon
|-supereffective|p1a: Blacephalon
|-damage|p1a: Blacephalon|0 fnt
|-enditem|p1a: Blacephalon|Choice Specs|[from] move: Knock Off|[of] p2a: BlissClefPex 🌠
|faint|p1a: Blacephalon
|
|-heal|p2a: BlissClefPex 🌠|8/100|[from] item: Leftovers
|upkeep
|-message|firemaniac forfeited.
|
|win|I'M AT MY LIMIT
|raw|firemaniac's rating: 1566 &rarr; <strong>1544</strong><br />(-22 for losing)
|raw|I&apos;M AT MY LIMIT's rating: 1523 &rarr; <strong>1545</strong><br />(+22 for winning)
|l|☆firemaniac
