|j|☆roboPOKE
|j|‽Lolytics1993
|t:|1644355044
|gametype|singles
|player|p1|roboPOKE|2|1653
|player|p2|Lolytics1993|170|1714
|teamsize|p1|6
|teamsize|p2|6
|gen|8
|tier|[Gen 8] OU
|rated|
|rule|Sleep Clause Mod: Limit one foe put to sleep
|rule|Species Clause: Limit one of each Pokémon
|rule|OHKO Clause: OHKO moves are banned
|rule|Evasion Moves Clause: Evasion moves are banned
|rule|Endless Battle Clause: Forcing endless battles is banned
|rule|HP Percentage Mod: HP is shown in percentages
|rule|Dynamax Clause: You cannot dynamax
|clearpoke
|poke|p1|Omastar, F|
|poke|p1|Weavile, M|
|poke|p1|Kartana|
|poke|p1|Tapu Lele|
|poke|p1|Landorus-Therian, M|
|poke|p1|Dragapult, M|
|poke|p2|Tyranitar, F|
|poke|p2|Heatran, M|
|poke|p2|Zapdos|
|poke|p2|Rillaboom, M|
|poke|p2|Buzzwole|
|poke|p2|Garchomp, F|
|teampreview
|
|t:|1644355050
|start
|switch|p1a: Omastar|Omastar, F|100/100
|switch|p2a: Garchomp|Garchomp, F|100/100
|turn|1
|
|t:|1644355052
|move|p1a: Omastar|Stealth Rock|p2a: Garchomp
|-sidestart|p2: Lolytics1993|move: Stealth Rock
|move|p2a: Garchomp|Dragon Tail|p1a: Omastar
|-damage|p1a: Omastar|65/100
|-ability|p1a: Omastar|Weak Armor|boost
|-unboost|p1a: Omastar|def|1
|-boost|p1a: Omastar|spe|2
|drag|p1a: Landorus|Landorus-Therian, M|100/100
|-ability|p1a: Landorus|Intimidate|boost
|-unboost|p2a: Garchomp|atk|1
|
|upkeep
|turn|2
|j| jkflldfsklsdf
|
|t:|1644355058
|move|p1a: Landorus|Earthquake|p2a: Garchomp
|-damage|p2a: Garchomp|55/100
|move|p2a: Garchomp|Stealth Rock|p1a: Landorus
|-sidestart|p1: roboPOKE|move: Stealth Rock
|
|-heal|p2a: Garchomp|61/100|[from] item: Leftovers
|upkeep
|turn|3
|
|t:|1644355060
|move|p2a: Garchomp|Protect|p2a: Garchomp
|-singleturn|p2a: Garchomp|Protect
|move|p1a: Landorus|Earthquake|p2a: Garchomp
|-activate|p2a: Garchomp|move: Protect
|
|-heal|p2a: Garchomp|67/100|[from] item: Leftovers
|upkeep
|turn|4
|
|t:|1644355065
|switch|p2a: Zapdos|Zapdos|100/100
|move|p1a: Landorus|Substitute|p1a: Landorus
|-start|p1a: Landorus|Substitute
|-damage|p1a: Landorus|76/100
|
|-heal|p1a: Landorus|82/100|[from] item: Leftovers
|upkeep
|turn|5
|
|t:|1644355068
|move|p1a: Landorus|Stone Edge|p2a: Zapdos
|-supereffective|p2a: Zapdos
|-damage|p2a: Zapdos|25/100
|move|p2a: Zapdos|Hurricane|p1a: Landorus
|-end|p1a: Landorus|Substitute
|
|-heal|p1a: Landorus|88/100|[from] item: Leftovers
|upkeep
|turn|6
|
|t:|1644355075
|switch|p2a: Buzzwole|Buzzwole|100/100
|-damage|p2a: Buzzwole|88/100|[from] Stealth Rock
|move|p1a: Landorus|Stone Edge|p2a: Buzzwole
|-damage|p2a: Buzzwole|69/100
|
|-heal|p1a: Landorus|94/100|[from] item: Leftovers
|upkeep
|turn|7
|
|t:|1644355082
|move|p1a: Landorus|Earthquake|p2a: Buzzwole
|-resisted|p2a: Buzzwole
|-damage|p2a: Buzzwole|54/100
|move|p2a: Buzzwole|Thunder Punch|p1a: Landorus
|-immune|p1a: Landorus
|
|-heal|p1a: Landorus|99/100|[from] item: Leftovers
|upkeep
|turn|8
|
|t:|1644355085
|switch|p1a: Omastar|Omastar, F|65/100
|-damage|p1a: Omastar|52/100|[from] Stealth Rock
|move|p2a: Buzzwole|Roost|p2a: Buzzwole
|-heal|p2a: Buzzwole|100/100
|-singleturn|p2a: Buzzwole|move: Roost
|
|upkeep
|turn|9
|
|t:|1644355087
|move|p1a: Omastar|Spikes|p2a: Buzzwole
|-sidestart|p2: Lolytics1993|Spikes
|move|p2a: Buzzwole|Thunder Punch|p1a: Omastar
|-supereffective|p1a: Omastar
|-damage|p1a: Omastar|5/100
|-ability|p1a: Omastar|Weak Armor|boost
|-unboost|p1a: Omastar|def|1
|-boost|p1a: Omastar|spe|2
|
|upkeep
|turn|10
|
|t:|1644355090
|move|p1a: Omastar|Surf|p2a: Buzzwole
|-damage|p2a: Buzzwole|45/100
|move|p2a: Buzzwole|Thunder Punch|p1a: Omastar
|-supereffective|p1a: Omastar
|-damage|p1a: Omastar|0 fnt
|faint|p1a: Omastar
|-ability|p2a: Buzzwole|Beast Boost|boost
|-boost|p2a: Buzzwole|def|1
|
|upkeep
|
|t:|1644355094
|switch|p1a: Tapu Lele|Tapu Lele|100/100
|-damage|p1a: Tapu Lele|88/100|[from] Stealth Rock
|-fieldstart|move: Psychic Terrain|[from] ability: Psychic Surge|[of] p1a: Tapu Lele
|turn|11
|
|t:|1644355101
|switch|p2a: Heatran|Heatran, M|100/100
|-damage|p2a: Heatran|88/100|[from] Stealth Rock
|-damage|p2a: Heatran|76/100|[from] Spikes
|move|p1a: Tapu Lele|Moonblast|p2a: Heatran
|-resisted|p2a: Heatran
|-damage|p2a: Heatran|61/100
|
|upkeep
|turn|12
|
|t:|1644355113
|switch|p1a: Dragapult|Dragapult, M|100/100
|-damage|p1a: Dragapult|88/100|[from] Stealth Rock
|move|p2a: Heatran|Dragon Pulse|p1a: Dragapult
|-supereffective|p1a: Dragapult
|-damage|p1a: Dragapult|0 fnt
|faint|p1a: Dragapult
|
|upkeep
|
|t:|1644355116
|switch|p1a: Tapu Lele|Tapu Lele|88/100
|-damage|p1a: Tapu Lele|76/100|[from] Stealth Rock
|turn|13
|j| pollopollopo
|
|t:|1644355122
|switch|p2a: Garchomp|Garchomp, F|67/100
|-damage|p2a: Garchomp|55/100|[from] Spikes
|-damage|p2a: Garchomp|49/100|[from] Stealth Rock
|move|p1a: Tapu Lele|Moonblast|p2a: Garchomp
|-supereffective|p2a: Garchomp
|-damage|p2a: Garchomp|0 fnt
|faint|p2a: Garchomp
|
|upkeep
|
|t:|1644355128
|switch|p2a: Rillaboom|Rillaboom, M|100/100
|-damage|p2a: Rillaboom|88/100|[from] Stealth Rock
|-damage|p2a: Rillaboom|76/100|[from] Spikes
|-fieldstart|move: Grassy Terrain|[from] ability: Grassy Surge|[of] p2a: Rillaboom
|turn|14
|
|t:|1644355132
|switch|p1a: Landorus|Landorus-Therian, M|99/100
|-damage|p1a: Landorus|87/100|[from] Stealth Rock
|-ability|p1a: Landorus|Intimidate|boost
|-unboost|p2a: Rillaboom|atk|1
|move|p2a: Rillaboom|Superpower|p1a: Landorus
|-resisted|p1a: Landorus
|-damage|p1a: Landorus|60/100
|-unboost|p2a: Rillaboom|atk|1
|-unboost|p2a: Rillaboom|def|1
|
|-heal|p1a: Landorus|66/100|[from] item: Leftovers
|-heal|p2a: Rillaboom|82/100|[from] Grassy Terrain
|upkeep
|turn|15
|
|t:|1644355135
|switch|p1a: Tapu Lele|Tapu Lele|76/100
|-damage|p1a: Tapu Lele|63/100|[from] Stealth Rock
|-fieldstart|move: Psychic Terrain|[from] ability: Psychic Surge|[of] p1a: Tapu Lele
|switch|p2a: Zapdos|Zapdos|25/100
|
|upkeep
|turn|16
|
|t:|1644355139
|move|p1a: Tapu Lele|Moonblast|p2a: Zapdos
|-damage|p2a: Zapdos|0 fnt
|faint|p2a: Zapdos
|
|upkeep
|
|t:|1644355143
|switch|p2a: Heatran|Heatran, M|61/100
|-damage|p2a: Heatran|49/100|[from] Spikes
|-damage|p2a: Heatran|36/100|[from] Stealth Rock
|turn|17
|
|t:|1644355152
|switch|p1a: Weavile|Weavile, M|100/100
|-ability|p1a: Weavile|Pressure
|move|p2a: Heatran|Flash Cannon|p1a: Weavile
|-supereffective|p1a: Weavile
|-damage|p1a: Weavile|0 fnt
|faint|p1a: Weavile
|
|upkeep
|
|t:|1644355154
|switch|p1a: Kartana|Kartana|100/100
|-damage|p1a: Kartana|94/100|[from] Stealth Rock
|turn|18
|
|t:|1644355158
|move|p1a: Kartana|Knock Off|p2a: Heatran
|-damage|p2a: Heatran|0 fnt
|-enditem|p2a: Heatran|Choice Specs|[from] move: Knock Off|[of] p1a: Kartana
|faint|p2a: Heatran
|-ability|p1a: Kartana|Beast Boost|boost
|-boost|p1a: Kartana|atk|1
|-damage|p1a: Kartana|85/100|[from] item: Life Orb
|
|upkeep
|
|t:|1644355161
|switch|p2a: Rillaboom|Rillaboom, M|82/100
|-damage|p2a: Rillaboom|70/100|[from] Stealth Rock
|-damage|p2a: Rillaboom|57/100|[from] Spikes
|-fieldstart|move: Grassy Terrain|[from] ability: Grassy Surge|[of] p2a: Rillaboom
|turn|19
|
|t:|1644355164
|move|p1a: Kartana|Knock Off|p2a: Rillaboom
|-damage|p2a: Rillaboom|0 fnt
|-enditem|p2a: Rillaboom|Choice Band|[from] move: Knock Off|[of] p1a: Kartana
|faint|p2a: Rillaboom
|-ability|p1a: Kartana|Beast Boost|boost
|-boost|p1a: Kartana|atk|1
|-damage|p1a: Kartana|75/100|[from] item: Life Orb
|
|-heal|p1a: Kartana|81/100|[from] Grassy Terrain
|upkeep
|
|t:|1644355166
|switch|p2a: Buzzwole|Buzzwole|45/100
|-damage|p2a: Buzzwole|33/100|[from] Spikes
|-damage|p2a: Buzzwole|20/100|[from] Stealth Rock
|turn|20
|
|t:|1644355168
|move|p1a: Kartana|Leaf Blade|p2a: Buzzwole
|-resisted|p2a: Buzzwole
|-damage|p2a: Buzzwole|0 fnt
|-damage|p1a: Kartana|65/100|[from] item: Rocky Helmet|[of] p2a: Buzzwole
|faint|p2a: Buzzwole
|-ability|p1a: Kartana|Beast Boost|boost
|-boost|p1a: Kartana|atk|1
|-damage|p1a: Kartana|55/100|[from] item: Life Orb
|
|-heal|p1a: Kartana|61/100|[from] Grassy Terrain
|upkeep
|-message|Lolytics1993 forfeited.
|
|win|roboPOKE
|raw|roboPOKE's rating: 1653 &rarr; <strong>1676</strong><br />(+23 for winning)
|raw|Lolytics1993's rating: 1714 &rarr; <strong>1691</strong><br />(-23 for losing)
|l|‽Lolytics1993
