|j|☆onyxeagle7
|j|☆SkipTheDripBayless
|t:|1663258564
|gametype|singles
|player|p1|onyxeagle7|swimmerf|1752
|player|p2|SkipTheDripBayless|#roaladder|1798
|teamsize|p1|6
|teamsize|p2|6
|gen|8
|tier|[Gen 8] OU
|rated|
|rule|Sleep Clause Mod: Limit one foe put to sleep
|rule|Species Clause: Limit one of each Pokémon
|rule|OHKO Clause: OHKO moves are banned
|rule|Evasion Items Clause: Evasion items are banned
|rule|Evasion Moves Clause: Evasion moves are banned
|rule|Endless Battle Clause: Forcing endless battles is banned
|rule|HP Percentage Mod: HP is shown in percentages
|rule|Dynamax Clause: You cannot dynamax
|clearpoke
|poke|p1|Buzzwole|
|poke|p1|Slowking-Galar, M|
|poke|p1|Clefable, F|
|poke|p1|Hydreigon, F|
|poke|p1|Heatran, M|
|poke|p1|Zeraora|
|poke|p2|Moltres-Galar|
|poke|p2|Melmetal|
|poke|p2|Mew|
|poke|p2|Ninetales-Alola, F|
|poke|p2|Landorus-Therian, M|
|poke|p2|Dragapult, F|
|teampreview
|inactive|Battle timer is ON: inactive players will automatically lose when time's up. (requested by SkipTheDripBayless)
|
|t:|1663258574
|start
|switch|p1a: Bolo|Zeraora|100/100
|switch|p2a: Landorus|Landorus-Therian, M|100/100
|-ability|p2a: Landorus|Intimidate|boost
|-unboost|p1a: Bolo|atk|1
|turn|1
|
|t:|1663258580
|switch|p1a: Kali Cyanua|Buzzwole, shiny|100/100
|move|p2a: Landorus|Stealth Rock|p1a: Kali Cyanua
|-sidestart|p1: onyxeagle7|move: Stealth Rock
|
|upkeep
|turn|2
|
|t:|1663258584
|switch|p2a: Ninetales|Ninetales-Alola, F|100/100
|-weather|Hail|[from] ability: Snow Warning|[of] p2a: Ninetales
|move|p1a: Kali Cyanua|Ice Punch|p2a: Ninetales
|-resisted|p2a: Ninetales
|-damage|p2a: Ninetales|85/100
|
|-weather|Hail|[upkeep]
|-damage|p1a: Kali Cyanua|94/100|[from] Hail
|upkeep
|turn|3
|
|t:|1663258589
|move|p2a: Ninetales|Aurora Veil|p2a: Ninetales
|-sidestart|p2: SkipTheDripBayless|move: Aurora Veil
|move|p1a: Kali Cyanua|Toxic|p2a: Ninetales|[miss]
|-miss|p1a: Kali Cyanua|p2a: Ninetales
|
|-weather|Hail|[upkeep]
|-damage|p1a: Kali Cyanua|88/100|[from] Hail
|upkeep
|turn|4
|
|t:|1663258601
|switch|p2a: Moltres|Moltres-Galar|100/100
|switch|p1a: Heatran|Heatran, M|100/100
|-damage|p1a: Heatran|88/100|[from] Stealth Rock
|
|-weather|Hail|[upkeep]
|-damage|p2a: Moltres|94/100|[from] Hail
|-damage|p1a: Heatran|82/100|[from] Hail
|-heal|p1a: Heatran|88/100|[from] item: Leftovers
|upkeep
|turn|5
|
|t:|1663258603
|move|p2a: Moltres|Nasty Plot|p2a: Moltres
|-boost|p2a: Moltres|spa|2
|move|p1a: Heatran|Toxic|p2a: Moltres
|-status|p2a: Moltres|tox
|
|-weather|Hail|[upkeep]
|-damage|p2a: Moltres|88/100 tox|[from] Hail
|-damage|p1a: Heatran|82/100|[from] Hail
|-heal|p1a: Heatran|88/100|[from] item: Leftovers
|-damage|p2a: Moltres|82/100 tox|[from] psn
|upkeep
|turn|6
|j| Mreow2
|
|t:|1663258607
|switch|p1a: Mushtoast|Clefable, F|100/100
|-damage|p1a: Mushtoast|88/100|[from] Stealth Rock
|move|p2a: Moltres|Nasty Plot|p2a: Moltres
|-boost|p2a: Moltres|spa|2
|
|-weather|none
|-heal|p1a: Mushtoast|94/100|[from] item: Leftovers
|-damage|p2a: Moltres|70/100 tox|[from] psn
|upkeep
|turn|7
|
|t:|1663258610
|move|p2a: Moltres|Fiery Wrath|p1a: Mushtoast
|-resisted|p1a: Mushtoast
|-damage|p1a: Mushtoast|75/100
|move|p1a: Mushtoast|Soft-Boiled|p1a: Mushtoast
|-heal|p1a: Mushtoast|100/100
|
|-damage|p2a: Moltres|51/100 tox|[from] psn
|upkeep
|turn|8
|
|t:|1663258617
|switch|p2a: Melmetal|Melmetal|100/100
|move|p1a: Mushtoast|Flamethrower|p2a: Melmetal
|-supereffective|p2a: Melmetal
|-damage|p2a: Melmetal|86/100
|
|-heal|p2a: Melmetal|92/100|[from] item: Leftovers
|upkeep
|turn|9
|
|t:|1663258638
|switch|p1a: Kali Cyanua|Buzzwole, shiny|88/100
|-damage|p1a: Kali Cyanua|76/100|[from] Stealth Rock
|move|p2a: Melmetal|Acid Armor|p2a: Melmetal
|-boost|p2a: Melmetal|def|2
|
|-heal|p2a: Melmetal|98/100|[from] item: Leftovers
|upkeep
|turn|10
|
|t:|1663258645
|move|p1a: Kali Cyanua|Roost|p1a: Kali Cyanua
|-heal|p1a: Kali Cyanua|100/100
|-singleturn|p1a: Kali Cyanua|move: Roost
|move|p2a: Melmetal|Substitute|p2a: Melmetal
|-start|p2a: Melmetal|Substitute
|-damage|p2a: Melmetal|73/100
|
|-heal|p2a: Melmetal|80/100|[from] item: Leftovers
|-sideend|p2: SkipTheDripBayless|move: Aurora Veil
|upkeep
|turn|11
|
|t:|1663258647
|move|p1a: Kali Cyanua|Close Combat|p2a: Melmetal
|-supereffective|p2a: Melmetal
|-end|p2a: Melmetal|Substitute
|-unboost|p1a: Kali Cyanua|def|1
|-unboost|p1a: Kali Cyanua|spd|1
|move|p2a: Melmetal|Acid Armor|p2a: Melmetal
|-boost|p2a: Melmetal|def|2
|
|-heal|p2a: Melmetal|86/100|[from] item: Leftovers
|upkeep
|turn|12
|
|t:|1663258651
|move|p1a: Kali Cyanua|Close Combat|p2a: Melmetal
|-supereffective|p2a: Melmetal
|-damage|p2a: Melmetal|62/100
|-unboost|p1a: Kali Cyanua|def|1
|-unboost|p1a: Kali Cyanua|spd|1
|move|p2a: Melmetal|Substitute|p2a: Melmetal
|-start|p2a: Melmetal|Substitute
|-damage|p2a: Melmetal|37/100
|
|-heal|p2a: Melmetal|43/100|[from] item: Leftovers
|upkeep
|turn|13
|
|t:|1663258656
|move|p1a: Kali Cyanua|Close Combat|p2a: Melmetal
|-supereffective|p2a: Melmetal
|-activate|p2a: Melmetal|move: Substitute|[damage]
|-unboost|p1a: Kali Cyanua|def|1
|-unboost|p1a: Kali Cyanua|spd|1
|move|p2a: Melmetal|Acid Armor|p2a: Melmetal
|-boost|p2a: Melmetal|def|2
|
|-heal|p2a: Melmetal|49/100|[from] item: Leftovers
|upkeep
|turn|14
|
|t:|1663258659
|move|p1a: Kali Cyanua|Close Combat|p2a: Melmetal
|-supereffective|p2a: Melmetal
|-end|p2a: Melmetal|Substitute
|-unboost|p1a: Kali Cyanua|def|1
|-unboost|p1a: Kali Cyanua|spd|1
|move|p2a: Melmetal|Body Press|p1a: Kali Cyanua
|-resisted|p1a: Kali Cyanua
|-damage|p1a: Kali Cyanua|6/100
|-damage|p2a: Melmetal|32/100|[from] item: Rocky Helmet|[of] p1a: Kali Cyanua
|
|-heal|p2a: Melmetal|38/100|[from] item: Leftovers
|upkeep
|turn|15
|
|t:|1663258662
|move|p1a: Kali Cyanua|Close Combat|p2a: Melmetal
|-supereffective|p2a: Melmetal
|-damage|p2a: Melmetal|22/100
|-unboost|p1a: Kali Cyanua|def|1
|-unboost|p1a: Kali Cyanua|spd|1
|move|p2a: Melmetal|Substitute|p2a: Melmetal
|-fail|p2a: Melmetal|move: Substitute|[weak]
|
|-heal|p2a: Melmetal|28/100|[from] item: Leftovers
|upkeep
|turn|16
|
|t:|1663258665
|move|p1a: Kali Cyanua|Close Combat|p2a: Melmetal
|-supereffective|p2a: Melmetal
|-damage|p2a: Melmetal|13/100
|-unboost|p1a: Kali Cyanua|def|1
|-unboost|p1a: Kali Cyanua|spd|1
|move|p2a: Melmetal|Body Press|p1a: Kali Cyanua
|-resisted|p1a: Kali Cyanua
|-damage|p1a: Kali Cyanua|0 fnt
|-damage|p2a: Melmetal|0 fnt|[from] item: Rocky Helmet|[of] p1a: Kali Cyanua
|faint|p1a: Kali Cyanua
|faint|p2a: Melmetal
|
|upkeep
|
|t:|1663258674
|switch|p1a: Discord Demon|Hydreigon, F|100/100
|switch|p2a: Landorus|Landorus-Therian, M|100/100
|-ability|p2a: Landorus|Intimidate|boost
|-unboost|p1a: Discord Demon|atk|1
|-damage|p1a: Discord Demon|88/100|[from] Stealth Rock
|turn|17
|
|t:|1663258680
|switch|p2a: Ninetales|Ninetales-Alola, F|85/100
|-weather|Hail|[from] ability: Snow Warning|[of] p2a: Ninetales
|move|p1a: Discord Demon|Toxic|p2a: Ninetales
|-status|p2a: Ninetales|tox
|
|-weather|Hail|[upkeep]
|-damage|p1a: Discord Demon|82/100|[from] Hail
|-heal|p1a: Discord Demon|88/100|[from] item: Leftovers
|-damage|p2a: Ninetales|79/100 tox|[from] psn
|upkeep
|turn|18
|
|t:|1663258687
|move|p2a: Ninetales|Aurora Veil|p2a: Ninetales
|-sidestart|p2: SkipTheDripBayless|move: Aurora Veil
|move|p1a: Discord Demon|Defog|p2a: Ninetales
|-unboost|p2a: Ninetales|evasion|1
|-sideend|p2: SkipTheDripBayless|move: Aurora Veil
|-sideend|p1: onyxeagle7|Stealth Rock|[from] move: Defog|[of] p1a: Discord Demon
|
|-weather|Hail|[upkeep]
|-damage|p1a: Discord Demon|82/100|[from] Hail
|-heal|p1a: Discord Demon|88/100|[from] item: Leftovers
|-damage|p2a: Ninetales|67/100 tox|[from] psn
|upkeep
|turn|19
|
|t:|1663258690
|switch|p1a: Heatran|Heatran, M|88/100
|move|p2a: Ninetales|Aurora Veil|p2a: Ninetales
|-sidestart|p2: SkipTheDripBayless|move: Aurora Veil
|
|-weather|Hail|[upkeep]
|-damage|p1a: Heatran|82/100|[from] Hail
|-heal|p1a: Heatran|88/100|[from] item: Leftovers
|-damage|p2a: Ninetales|49/100 tox|[from] psn
|upkeep
|turn|20
|
|t:|1663258694
|switch|p2a: Dragapult|Dragapult, F|100/100
|move|p1a: Heatran|Stealth Rock|p2a: Dragapult
|-sidestart|p2: SkipTheDripBayless|move: Stealth Rock
|
|-weather|Hail|[upkeep]
|-damage|p2a: Dragapult|94/100|[from] Hail
|-damage|p1a: Heatran|82/100|[from] Hail
|-heal|p1a: Heatran|88/100|[from] item: Leftovers
|upkeep
|turn|21
|
|t:|1663258696
|switch|p1a: Trin|Slowking-Galar, M, shiny|100/100
|move|p2a: Dragapult|Dragon Dance|p2a: Dragapult
|-boost|p2a: Dragapult|atk|1
|-boost|p2a: Dragapult|spe|1
|
|-weather|none
|upkeep
|turn|22
|
|t:|1663258699
|switch|p1a: Mushtoast|Clefable, F|100/100
|move|p2a: Dragapult|Dragon Darts|p1a: Mushtoast
|-immune|p1a: Mushtoast
|
|upkeep
|turn|23
|
|t:|1663258701
|move|p2a: Dragapult|Dragon Dance|p2a: Dragapult
|-boost|p2a: Dragapult|atk|1
|-boost|p2a: Dragapult|spe|1
|move|p1a: Mushtoast|Calm Mind|p1a: Mushtoast
|-boost|p1a: Mushtoast|spa|1
|-boost|p1a: Mushtoast|spd|1
|
|upkeep
|turn|24
|
|t:|1663258704
|move|p2a: Dragapult|Dragon Dance|p2a: Dragapult
|-boost|p2a: Dragapult|atk|1
|-boost|p2a: Dragapult|spe|1
|move|p1a: Mushtoast|Calm Mind|p1a: Mushtoast
|-boost|p1a: Mushtoast|spa|1
|-boost|p1a: Mushtoast|spd|1
|
|upkeep
|turn|25
|
|t:|1663258707
|move|p2a: Dragapult|Dragon Dance|p2a: Dragapult
|-boost|p2a: Dragapult|atk|1
|-boost|p2a: Dragapult|spe|1
|move|p1a: Mushtoast|Calm Mind|p1a: Mushtoast
|-boost|p1a: Mushtoast|spa|1
|-boost|p1a: Mushtoast|spd|1
|
|upkeep
|turn|26
|
|t:|1663258710
|move|p2a: Dragapult|Dragon Dance|p2a: Dragapult
|-boost|p2a: Dragapult|atk|1
|-boost|p2a: Dragapult|spe|1
|move|p1a: Mushtoast|Calm Mind|p1a: Mushtoast
|-boost|p1a: Mushtoast|spa|1
|-boost|p1a: Mushtoast|spd|1
|
|-sideend|p2: SkipTheDripBayless|move: Aurora Veil
|upkeep
|turn|27
|
|t:|1663258712
|move|p2a: Dragapult|Grudge|p2a: Dragapult
|-singlemove|p2a: Dragapult|Grudge
|move|p1a: Mushtoast|Moonblast|p2a: Dragapult
|-supereffective|p2a: Dragapult
|-damage|p2a: Dragapult|0 fnt
|faint|p2a: Dragapult
|-activate|p1a: Mushtoast|move: Grudge|Moonblast
|
|upkeep
|
|t:|1663258722
|switch|p2a: Landorus|Landorus-Therian, M|100/100
|-damage|p2a: Landorus|88/100|[from] Stealth Rock
|-ability|p2a: Landorus|Intimidate|boost
|-unboost|p1a: Mushtoast|atk|1
|turn|28
|
|t:|1663258729
|move|p2a: Landorus|Earthquake|p1a: Mushtoast
|-damage|p1a: Mushtoast|56/100
|move|p1a: Mushtoast|Flamethrower|p2a: Landorus
|-damage|p2a: Landorus|11/100
|
|-heal|p1a: Mushtoast|62/100|[from] item: Leftovers
|upkeep
|turn|29
|
|t:|1663258732
|move|p2a: Landorus|Earthquake|p1a: Mushtoast
|-damage|p1a: Mushtoast|20/100
|move|p1a: Mushtoast|Soft-Boiled|p1a: Mushtoast
|-heal|p1a: Mushtoast|70/100
|
|-heal|p1a: Mushtoast|76/100|[from] item: Leftovers
|upkeep
|turn|30
|
|t:|1663258734
|move|p2a: Landorus|Earthquake|p1a: Mushtoast
|-damage|p1a: Mushtoast|36/100
|move|p1a: Mushtoast|Soft-Boiled|p1a: Mushtoast
|-heal|p1a: Mushtoast|86/100
|
|-heal|p1a: Mushtoast|92/100|[from] item: Leftovers
|upkeep
|turn|31
|
|t:|1663258736
|move|p2a: Landorus|Earthquake|p1a: Mushtoast
|-damage|p1a: Mushtoast|51/100
|move|p1a: Mushtoast|Soft-Boiled|p1a: Mushtoast
|-heal|p1a: Mushtoast|100/100
|
|upkeep
|turn|32
|
|t:|1663258738
|move|p2a: Landorus|Earthquake|p1a: Mushtoast
|-damage|p1a: Mushtoast|54/100
|move|p1a: Mushtoast|Flamethrower|p2a: Landorus
|-damage|p2a: Landorus|0 fnt
|faint|p2a: Landorus
|
|-heal|p1a: Mushtoast|60/100|[from] item: Leftovers
|upkeep
|
|t:|1663258740
|switch|p2a: Ninetales|Ninetales-Alola, F|49/100 tox
|-damage|p2a: Ninetales|24/100 tox|[from] Stealth Rock
|-weather|Hail|[from] ability: Snow Warning|[of] p2a: Ninetales
|turn|33
|
|t:|1663258743
|move|p2a: Ninetales|Aurora Veil|p2a: Ninetales
|-sidestart|p2: SkipTheDripBayless|move: Aurora Veil
|move|p1a: Mushtoast|Soft-Boiled|p1a: Mushtoast
|-heal|p1a: Mushtoast|100/100
|
|-weather|Hail|[upkeep]
|-damage|p1a: Mushtoast|94/100|[from] Hail
|-heal|p1a: Mushtoast|100/100|[from] item: Leftovers
|-damage|p2a: Ninetales|18/100 tox|[from] psn
|upkeep
|turn|34
|l| Mreow2
|
|t:|1663258747
|move|p2a: Ninetales|Blizzard|p1a: Mushtoast
|-damage|p1a: Mushtoast|90/100
|move|p1a: Mushtoast|Calm Mind|p1a: Mushtoast
|-boost|p1a: Mushtoast|spa|1
|-boost|p1a: Mushtoast|spd|1
|
|-weather|Hail|[upkeep]
|-damage|p1a: Mushtoast|84/100|[from] Hail
|-heal|p1a: Mushtoast|90/100|[from] item: Leftovers
|-damage|p2a: Ninetales|6/100 tox|[from] psn
|upkeep
|turn|35
|
|t:|1663258750
|move|p2a: Ninetales|Blizzard|p1a: Mushtoast
|-damage|p1a: Mushtoast|81/100
|move|p1a: Mushtoast|Calm Mind|p1a: Mushtoast
|-boost|p1a: Mushtoast|spa|1
|-boost|p1a: Mushtoast|spd|1
|
|-weather|Hail|[upkeep]
|-damage|p1a: Mushtoast|75/100|[from] Hail
|-heal|p1a: Mushtoast|81/100|[from] item: Leftovers
|-damage|p2a: Ninetales|0 fnt|[from] psn
|faint|p2a: Ninetales
|upkeep
|
|t:|1663258756
|switch|p2a: Mew|Mew, shiny|100/100
|-damage|p2a: Mew|88/100|[from] Stealth Rock
|turn|36
|
|t:|1663258760
|move|p2a: Mew|Nasty Plot|p2a: Mew
|-boost|p2a: Mew|spa|2
|move|p1a: Mushtoast|Flamethrower|p2a: Mew
|-damage|p2a: Mew|57/100
|
|-weather|Hail|[upkeep]
|-damage|p2a: Mew|51/100|[from] Hail
|-damage|p1a: Mushtoast|75/100|[from] Hail
|-heal|p2a: Mew|57/100|[from] item: Leftovers
|-heal|p1a: Mushtoast|81/100|[from] item: Leftovers
|upkeep
|turn|37
|
|t:|1663258763
|move|p2a: Mew|Nasty Plot|p2a: Mew
|-boost|p2a: Mew|spa|2
|move|p1a: Mushtoast|Flamethrower|p2a: Mew
|-damage|p2a: Mew|21/100
|
|-weather|none
|-heal|p2a: Mew|27/100|[from] item: Leftovers
|-heal|p1a: Mushtoast|87/100|[from] item: Leftovers
|upkeep
|turn|38
|
|t:|1663258765
|move|p2a: Mew|Roost|p2a: Mew
|-heal|p2a: Mew|77/100
|-singleturn|p2a: Mew|move: Roost
|move|p1a: Mushtoast|Flamethrower|p2a: Mew
|-damage|p2a: Mew|44/100
|-status|p2a: Mew|brn
|-activate|p2a: Mew|ability: Synchronize
|-status|p1a: Mushtoast|brn
|
|-heal|p2a: Mew|50/100 brn|[from] item: Leftovers
|-heal|p1a: Mushtoast|93/100 brn|[from] item: Leftovers
|-damage|p2a: Mew|44/100 brn|[from] brn
|-damage|p1a: Mushtoast|87/100 brn|[from] brn
|upkeep
|turn|39
|
|t:|1663258778
|move|p2a: Mew|Roost|p2a: Mew
|-heal|p2a: Mew|94/100 brn
|-singleturn|p2a: Mew|move: Roost
|move|p1a: Mushtoast|Flamethrower|p2a: Mew
|-damage|p2a: Mew|62/100 brn
|
|-heal|p2a: Mew|68/100 brn|[from] item: Leftovers
|-heal|p1a: Mushtoast|93/100 brn|[from] item: Leftovers
|-damage|p2a: Mew|62/100 brn|[from] brn
|-damage|p1a: Mushtoast|87/100 brn|[from] brn
|upkeep
|turn|40
|
|t:|1663258787
|move|p2a: Mew|Roost|p2a: Mew
|-heal|p2a: Mew|100/100 brn
|-singleturn|p2a: Mew|move: Roost
|move|p1a: Mushtoast|Soft-Boiled|p1a: Mushtoast
|-heal|p1a: Mushtoast|100/100 brn
|
|-damage|p2a: Mew|94/100 brn|[from] brn
|-damage|p1a: Mushtoast|94/100 brn|[from] brn
|-sideend|p2: SkipTheDripBayless|move: Aurora Veil
|upkeep
|turn|41
|
|t:|1663258789
|move|p2a: Mew|Psychic|p1a: Mushtoast
|-damage|p1a: Mushtoast|83/100 brn
|move|p1a: Mushtoast|Flamethrower|p2a: Mew
|-damage|p2a: Mew|31/100 brn
|
|-heal|p2a: Mew|37/100 brn|[from] item: Leftovers
|-heal|p1a: Mushtoast|90/100 brn|[from] item: Leftovers
|-damage|p2a: Mew|31/100 brn|[from] brn
|-damage|p1a: Mushtoast|83/100 brn|[from] brn
|upkeep
|turn|42
|
|t:|1663258792
|move|p2a: Mew|Roost|p2a: Mew
|-heal|p2a: Mew|81/100 brn
|-singleturn|p2a: Mew|move: Roost
|move|p1a: Mushtoast|Flamethrower|p2a: Mew
|-damage|p2a: Mew|11/100 brn
|
|-heal|p2a: Mew|17/100 brn|[from] item: Leftovers
|-heal|p1a: Mushtoast|90/100 brn|[from] item: Leftovers
|-damage|p2a: Mew|11/100 brn|[from] brn
|-damage|p1a: Mushtoast|83/100 brn|[from] brn
|upkeep
|turn|43
|
|t:|1663258795
|move|p2a: Mew|Roost|p2a: Mew
|-heal|p2a: Mew|61/100 brn
|-singleturn|p2a: Mew|move: Roost
|move|p1a: Mushtoast|Flamethrower|p2a: Mew
|-damage|p2a: Mew|0 fnt
|faint|p2a: Mew
|
|-heal|p1a: Mushtoast|90/100 brn|[from] item: Leftovers
|-damage|p1a: Mushtoast|83/100 brn|[from] brn
|upkeep
|
|t:|1663258796
|switch|p2a: Moltres|Moltres-Galar|51/100 tox
|-damage|p2a: Moltres|27/100 tox|[from] Stealth Rock
|turn|44
|
|t:|1663258798
|move|p2a: Moltres|Rest|p2a: Moltres
|-status|p2a: Moltres|slp|[from] move: Rest
|-heal|p2a: Moltres|100/100 slp|[silent]
|-enditem|p2a: Moltres|Chesto Berry|[eat]
|-curestatus|p2a: Moltres|slp|[msg]
|move|p1a: Mushtoast|Flamethrower|p2a: Moltres
|-damage|p2a: Moltres|43/100
|-status|p2a: Moltres|brn
|-ability|p2a: Moltres|Berserk|boost
|-boost|p2a: Moltres|spa|1
|
|-heal|p1a: Mushtoast|90/100 brn|[from] item: Leftovers
|-damage|p2a: Moltres|37/100 brn|[from] brn
|-damage|p1a: Mushtoast|83/100 brn|[from] brn
|upkeep
|turn|45
|-message|SkipTheDripBayless forfeited.
|
|win|onyxeagle7
|raw|onyxeagle7's rating: 1752 &rarr; <strong>1775</strong><br />(+23 for winning)
|raw|SkipTheDripBayless's rating: 1798 &rarr; <strong>1775</strong><br />(-23 for losing)
|l|☆SkipTheDripBayless
|c|☆onyxeagle7|gg
