|j|☆spellboi_338
|j|☆ChandosH
|inactive|Battle timer is ON: inactive players will automatically lose when time's up.
|t:|1666061716
|gametype|singles
|player|p1|spellboi_338|palmer|
|player|p2|ChandosH|n-masters|
|teamsize|p1|6
|teamsize|p2|6
|gen|8
|tier|[Gen 8] OU
|rated|Tournament battle
|rule|Sleep Clause Mod: Limit one foe put to sleep
|rule|Species Clause: Limit one of each Pokémon
|rule|OHKO Clause: OHKO moves are banned
|rule|Evasion Items Clause: Evasion items are banned
|rule|Evasion Moves Clause: Evasion moves are banned
|rule|Endless Battle Clause: Forcing endless battles is banned
|rule|HP Percentage Mod: HP is shown in percentages
|rule|Dynamax Clause: You cannot dynamax
|rule|First Blood Rule: The first team to have a Pokémon faint loses.
|clearpoke
|poke|p1|Tapu Koko|
|poke|p1|Mew|
|poke|p1|Aegislash, M|
|poke|p1|Barraskewda, M|
|poke|p1|Hawlucha, M|
|poke|p1|Weavile, F|
|poke|p2|Pelipper, F|
|poke|p2|Barraskewda, M|
|poke|p2|Zapdos|
|poke|p2|Ferrothorn, F|
|poke|p2|Crawdaunt, M|
|poke|p2|Landorus-Therian, M|
|teampreview
|j|%htcl
|
|t:|1666061744
|start
|switch|p1a: Tapu Koko|Tapu Koko|100/100
|switch|p2a: Zapdos|Zapdos|100/100
|-fieldstart|move: Electric Terrain|[from] ability: Electric Surge|[of] p1a: Tapu Koko
|turn|1
|
|t:|1666061752
|move|p1a: Tapu Koko|Taunt|p2a: Zapdos
|-start|p2a: Zapdos|move: Taunt
|move|p2a: Zapdos|Volt Switch|p1a: Tapu Koko
|-resisted|p1a: Tapu Koko
|-damage|p1a: Tapu Koko|64/100
|
|t:|1666061761
|switch|p2a: Pelipper|Pelipper, F|100/100|[from]move: Volt Switch
|-weather|RainDance|[from] ability: Drizzle|[of] p2a: Pelipper
|
|-weather|RainDance|[upkeep]
|upkeep
|turn|2
|
|t:|1666061766
|switch|p2a: Landorus|Landorus-Therian, M|100/100
|-ability|p2a: Landorus|Intimidate|boost
|-unboost|p1a: Tapu Koko|atk|1
|move|p1a: Tapu Koko|Volt Switch|p2a: Landorus
|-immune|p2a: Landorus
|
|-weather|RainDance|[upkeep]
|upkeep
|turn|3
|
|t:|1666061770
|switch|p1a: Hawlucha|Hawlucha, M|100/100
|-enditem|p1a: Hawlucha|Electric Seed
|-boost|p1a: Hawlucha|def|1|[from] item: Electric Seed
|move|p2a: Landorus|U-turn|p1a: Hawlucha
|-resisted|p1a: Hawlucha
|-damage|p1a: Hawlucha|95/100
|
|t:|1666061778
|switch|p2a: Zapdos|Zapdos|100/100|[from]move: U-turn
|
|-weather|RainDance|[upkeep]
|upkeep
|turn|4
|
|t:|1666061785
|switch|p1a: Mew|Mew|100/100
|move|p2a: Zapdos|Thunder|p1a: Mew
|-damage|p1a: Mew|25/100
|
|-weather|RainDance|[upkeep]
|-heal|p1a: Mew|31/100|[from] item: Leftovers
|upkeep
|turn|5
|
|t:|1666061792
|switch|p1a: Tapu Koko|Tapu Koko|64/100
|move|p2a: Zapdos|Thunder|p1a: Tapu Koko
|-resisted|p1a: Tapu Koko
|-damage|p1a: Tapu Koko|16/100
|
|-weather|RainDance|[upkeep]
|-fieldend|move: Electric Terrain
|upkeep
|turn|6
|j| PoobleMaster945
|
|t:|1666061801
|move|p1a: Tapu Koko|Volt Switch|p2a: Zapdos
|-damage|p2a: Zapdos|72/100
|
|t:|1666061807
|switch|p1a: Aegislash|Aegislash, M|100/100|[from]move: Volt Switch
|move|p2a: Zapdos|Thunder|p1a: Aegislash
|-damage|p1a: Aegislash|10/100
|-status|p1a: Aegislash|par
|
|-weather|RainDance|[upkeep]
|upkeep
|turn|7
|
|t:|1666061814
|move|p2a: Zapdos|Thunder|p1a: Aegislash
|-damage|p1a: Aegislash|0 fnt
|faint|p1a: Aegislash
|
|win|ChandosH
|n|☆spellboi_338|spellboi338
|n|☆ChandosH|chandosh
|n| htcl|htcl
|n| PoobleMaster945|pooblemaster945
|c|☆spellboi_338|gg
|c|☆ChandosH|Gg
|l|☆spellboi_338
