|j|☆skoma
|j|☆ldailey19
|t:|1645770432
|gametype|singles
|player|p1|skoma|102|1785
|player|p2|ldailey19|lance|1807
|teamsize|p1|6
|teamsize|p2|6
|gen|8
|tier|[Gen 8] OU
|rated|
|rule|Sleep Clause Mod: Limit one foe put to sleep
|rule|Species Clause: Limit one of each Pokémon
|rule|OHKO Clause: OHKO moves are banned
|rule|Evasion Moves Clause: Evasion moves are banned
|rule|Endless Battle Clause: Forcing endless battles is banned
|rule|HP Percentage Mod: HP is shown in percentages
|rule|Dynamax Clause: You cannot dynamax
|clearpoke
|poke|p1|Tapu Koko|
|poke|p1|Heatran, F|
|poke|p1|Landorus-Therian, M|
|poke|p1|Volcanion|
|poke|p1|Tornadus-Therian, M|
|poke|p1|Tapu Fini|
|poke|p2|Magnezone|
|poke|p2|Weavile, M|
|poke|p2|Urshifu-*, M|
|poke|p2|Heatran, F|
|poke|p2|Landorus-Therian, M|
|poke|p2|Dragapult, M|
|teampreview
|inactive|Battle timer is ON: inactive players will automatically lose when time's up. (requested by ldailey19)
|
|t:|1645770449
|start
|switch|p1a: Landorus|Landorus-Therian, M|100/100
|switch|p2a: Urshifu|Urshifu-Rapid-Strike, M|100/100
|-ability|p1a: Landorus|Intimidate|boost
|-unboost|p2a: Urshifu|atk|1
|turn|1
|
|t:|1645770454
|switch|p1a: Tapu Fini|Tapu Fini|100/100
|-fieldstart|move: Misty Terrain|[from] ability: Misty Surge|[of] p1a: Tapu Fini
|move|p2a: Urshifu|Surging Strikes|p1a: Tapu Fini
|-resisted|p1a: Tapu Fini
|-crit|p1a: Tapu Fini
|-damage|p1a: Tapu Fini|94/100
|-resisted|p1a: Tapu Fini
|-crit|p1a: Tapu Fini
|-damage|p1a: Tapu Fini|88/100
|-resisted|p1a: Tapu Fini
|-crit|p1a: Tapu Fini
|-damage|p1a: Tapu Fini|81/100
|-hitcount|p1a: Tapu Fini|3
|
|-heal|p1a: Tapu Fini|87/100|[from] item: Leftovers
|upkeep
|turn|2
|
|t:|1645770457
|switch|p2a: Magnezone|Magnezone, shiny|100/100
|move|p1a: Tapu Fini|Hydro Pump|p2a: Magnezone
|-damage|p2a: Magnezone|73/100
|
|-heal|p1a: Tapu Fini|94/100|[from] item: Leftovers
|upkeep
|turn|3
|
|t:|1645770461
|switch|p1a: Heatran|Heatran, F|100/100
|move|p2a: Magnezone|Flash Cannon|p1a: Heatran
|-resisted|p1a: Heatran
|-damage|p1a: Heatran|90/100
|
|-heal|p1a: Heatran|96/100|[from] item: Leftovers
|upkeep
|turn|4
|
|t:|1645770468
|switch|p2a: Heatran|Heatran, F, shiny|100/100
|-item|p2a: Heatran|Air Balloon
|move|p1a: Heatran|Stealth Rock|p2a: Heatran
|-sidestart|p2: ldailey19|move: Stealth Rock
|
|-heal|p1a: Heatran|100/100|[from] item: Leftovers
|upkeep
|turn|5
|
|t:|1645770474
|switch|p1a: Volcanion|Volcanion|100/100
|move|p2a: Heatran|Flamethrower|p1a: Volcanion
|-resisted|p1a: Volcanion
|-damage|p1a: Volcanion|89/100
|
|-fieldend|Misty Terrain
|upkeep
|turn|6
|
|t:|1645770481
|move|p2a: Heatran|Protect|p2a: Heatran
|-singleturn|p2a: Heatran|Protect
|move|p1a: Volcanion|Steam Eruption|p2a: Heatran
|-activate|p2a: Heatran|move: Protect
|
|upkeep
|turn|7
|
|t:|1645770498
|switch|p2a: Urshifu|Urshifu-Rapid-Strike, M|100/100
|-damage|p2a: Urshifu|94/100|[from] Stealth Rock
|move|p1a: Volcanion|Steam Eruption|p2a: Urshifu
|-resisted|p2a: Urshifu
|-damage|p2a: Urshifu|51/100
|-status|p2a: Urshifu|brn
|
|-damage|p2a: Urshifu|44/100 brn|[from] brn
|upkeep
|turn|8
|
|t:|1645770505
|move|p2a: Urshifu|Close Combat|p1a: Volcanion
|-damage|p1a: Volcanion|61/100
|-unboost|p2a: Urshifu|def|1
|-unboost|p2a: Urshifu|spd|1
|move|p1a: Volcanion|Steam Eruption|p2a: Urshifu
|-resisted|p2a: Urshifu
|-damage|p2a: Urshifu|0 fnt
|faint|p2a: Urshifu
|
|upkeep
|
|t:|1645770515
|switch|p2a: Magnezone|Magnezone, shiny|73/100
|-damage|p2a: Magnezone|67/100|[from] Stealth Rock
|turn|9
|
|t:|1645770519
|switch|p1a: Landorus|Landorus-Therian, M|100/100
|-ability|p1a: Landorus|Intimidate|boost
|-unboost|p2a: Magnezone|atk|1
|move|p2a: Magnezone|Thunderbolt|p1a: Landorus
|-immune|p1a: Landorus
|
|upkeep
|turn|10
|
|t:|1645770523
|switch|p2a: Landorus|Landorus-Therian, M|100/100
|-damage|p2a: Landorus|88/100|[from] Stealth Rock
|-ability|p2a: Landorus|Intimidate|boost
|-unboost|p1a: Landorus|atk|1
|move|p1a: Landorus|U-turn|p2a: Landorus
|-resisted|p2a: Landorus
|-damage|p2a: Landorus|83/100
|-damage|p1a: Landorus|84/100|[from] item: Rocky Helmet|[of] p2a: Landorus
|
|t:|1645770525
|switch|p1a: Volcanion|Volcanion|61/100|[from]move: U-turn
|
|upkeep
|turn|11
|
|t:|1645770529
|move|p1a: Volcanion|Steam Eruption|p2a: Landorus
|-supereffective|p2a: Landorus
|-damage|p2a: Landorus|0 fnt
|faint|p2a: Landorus
|
|upkeep
|-message|ldailey19 forfeited.
|
|win|skoma
|raw|skoma's rating: 1785 &rarr; <strong>1806</strong><br />(+21 for winning)
|raw|ldailey19's rating: 1807 &rarr; <strong>1786</strong><br />(-21 for losing)
|l|☆ldailey19
