|j|☆Dlinknotgood
|j|☆PedroGreg
|t:|1661703471
|gametype|singles
|player|p1|Dlinknotgood|giovanni|
|player|p2|PedroGreg|#wcop2022brazil|
|teamsize|p1|6
|teamsize|p2|6
|gen|8
|tier|[Gen 8] OU
|rule|Sleep Clause Mod: Limit one foe put to sleep
|rule|Species Clause: Limit one of each Pokémon
|rule|OHKO Clause: OHKO moves are banned
|rule|Evasion Items Clause: Evasion items are banned
|rule|Evasion Moves Clause: Evasion moves are banned
|rule|Endless Battle Clause: Forcing endless battles is banned
|rule|HP Percentage Mod: HP is shown in percentages
|rule|Dynamax Clause: You cannot dynamax
|clearpoke
|poke|p1|Tapu Fini|
|poke|p1|Magnezone|
|poke|p1|Tapu Lele|
|poke|p1|Kartana|
|poke|p1|Hawlucha, M|
|poke|p1|Landorus-Therian, M|
|poke|p2|Clefable, F|
|poke|p2|Toxapex, M|
|poke|p2|Rillaboom, F|
|poke|p2|Zapdos|
|poke|p2|Melmetal|
|poke|p2|Landorus-Therian, M|
|teampreview
|c|☆PedroGreg|hf
|c|☆Dlinknotgood|gl hf
|inactive|Battle timer is ON: inactive players will automatically lose when time's up. (requested by PedroGreg)
|inactive|Dlinknotgood has 270 seconds left.
|
|t:|1661703533
|start
|switch|p1a: Landorus|Landorus-Therian, M|100/100
|switch|p2a: Landorus|Landorus-Therian, M|100/100
|-ability|p2a: Landorus|Intimidate|boost
|-unboost|p1a: Landorus|atk|1
|-ability|p1a: Landorus|Intimidate|boost
|-unboost|p2a: Landorus|atk|1
|turn|1
|
|t:|1661703541
|move|p2a: Landorus|Knock Off|p1a: Landorus
|-damage|p1a: Landorus|76/100
|-enditem|p1a: Landorus|Leftovers|[from] move: Knock Off|[of] p2a: Landorus
|move|p1a: Landorus|Toxic|p2a: Landorus
|-status|p2a: Landorus|tox
|
|-damage|p2a: Landorus|95/100 tox|[from] psn
|upkeep
|turn|2
|
|t:|1661703548
|switch|p2a: Clefable|Clefable, F|100/100
|move|p1a: Landorus|Stealth Rock|p2a: Clefable
|-sidestart|p2: PedroGreg|move: Stealth Rock
|
|upkeep
|turn|3
|
|t:|1661703554
|move|p1a: Landorus|U-turn|p2a: Clefable
|-resisted|p2a: Clefable
|-damage|p2a: Clefable|95/100
|
|t:|1661703556
|switch|p1a: Tapu Fini|Tapu Fini|100/100|[from]move: U-turn
|-fieldstart|move: Misty Terrain|[from] ability: Misty Surge|[of] p1a: Tapu Fini
|move|p2a: Clefable|Stealth Rock|p1a: Tapu Fini
|-sidestart|p1: Dlinknotgood|move: Stealth Rock
|
|-heal|p2a: Clefable|100/100|[from] item: Leftovers
|upkeep
|turn|4
|
|t:|1661703566
|move|p1a: Tapu Fini|Trick|p2a: Clefable
|-activate|p1a: Tapu Fini|move: Trick|[of] p2a: Clefable
|-item|p2a: Clefable|Choice Scarf|[from] move: Trick
|-item|p1a: Tapu Fini|Leftovers|[from] move: Trick
|move|p2a: Clefable|Moonblast|p1a: Tapu Fini
|-damage|p1a: Tapu Fini|71/100
|
|-heal|p1a: Tapu Fini|77/100|[from] item: Leftovers
|upkeep
|turn|5
|
|t:|1661703578
|switch|p1a: Magnezone|Magnezone|100/100
|-damage|p1a: Magnezone|94/100|[from] Stealth Rock
|switch|p2a: Melmetal|Melmetal|100/100
|-damage|p2a: Melmetal|94/100|[from] Stealth Rock
|
|-heal|p2a: Melmetal|100/100|[from] item: Leftovers
|upkeep
|turn|6
|inactive|Dlinknotgood has 270 seconds left.
|
|t:|1661703620
|switch|p1a: Landorus|Landorus-Therian, M|76/100
|-damage|p1a: Landorus|64/100|[from] Stealth Rock
|-ability|p1a: Landorus|Intimidate|boost
|-unboost|p2a: Melmetal|atk|1
|move|p2a: Melmetal|Double Iron Bash|p1a: Landorus
|-damage|p1a: Landorus|36/100
|-damage|p1a: Landorus|6/100
|-hitcount|p1a: Landorus|2
|
|upkeep
|turn|7
|
|t:|1661703641
|switch|p2a: Landorus|Landorus-Therian, M|95/100 tox
|-damage|p2a: Landorus|82/100 tox|[from] Stealth Rock
|-ability|p2a: Landorus|Intimidate|boost
|-unboost|p1a: Landorus|atk|1
|move|p1a: Landorus|Earthquake|p2a: Landorus
|-immune|p2a: Landorus
|
|-damage|p2a: Landorus|76/100 tox|[from] psn
|-fieldend|Misty Terrain
|upkeep
|turn|8
|
|t:|1661703654
|move|p2a: Landorus|U-turn|p1a: Landorus
|-resisted|p1a: Landorus
|-damage|p1a: Landorus|0 fnt
|faint|p1a: Landorus
|
|t:|1661703668
|switch|p2a: Rillaboom|Rillaboom, F|100/100|[from]move: U-turn
|-damage|p2a: Rillaboom|88/100|[from] Stealth Rock
|-fieldstart|move: Grassy Terrain|[from] ability: Grassy Surge|[of] p2a: Rillaboom
|
|-heal|p2a: Rillaboom|94/100|[from] Grassy Terrain
|upkeep
|inactive|Dlinknotgood has 270 seconds left.
|
|t:|1661703695
|switch|p1a: Tapu Lele|Tapu Lele|100/100
|-damage|p1a: Tapu Lele|88/100|[from] Stealth Rock
|-fieldstart|move: Psychic Terrain|[from] ability: Psychic Surge|[of] p1a: Tapu Lele
|turn|9
|
|t:|1661703704
|switch|p2a: Melmetal|Melmetal|100/100
|-damage|p2a: Melmetal|94/100|[from] Stealth Rock
|move|p1a: Tapu Lele|Psychic|p2a: Melmetal
|-resisted|p2a: Melmetal
|-damage|p2a: Melmetal|52/100
|
|-heal|p2a: Melmetal|58/100|[from] item: Leftovers
|upkeep
|turn|10
|
|t:|1661703709
|switch|p1a: Magnezone|Magnezone|94/100
|-damage|p1a: Magnezone|88/100|[from] Stealth Rock
|move|p2a: Melmetal|Double Iron Bash|p1a: Magnezone
|-resisted|p1a: Magnezone
|-damage|p1a: Magnezone|81/100
|-damage|p2a: Melmetal|41/100|[from] item: Rocky Helmet|[of] p1a: Magnezone
|-resisted|p1a: Magnezone
|-damage|p1a: Magnezone|72/100
|-damage|p2a: Melmetal|25/100|[from] item: Rocky Helmet|[of] p1a: Magnezone
|-hitcount|p1a: Magnezone|2
|
|-heal|p2a: Melmetal|31/100|[from] item: Leftovers
|upkeep
|turn|11
|
|t:|1661703716
|move|p2a: Melmetal|Protect|p2a: Melmetal
|-singleturn|p2a: Melmetal|Protect
|move|p1a: Magnezone|Thunderbolt|p2a: Melmetal
|-activate|p2a: Melmetal|move: Protect
|
|-heal|p2a: Melmetal|37/100|[from] item: Leftovers
|upkeep
|turn|12
|
|t:|1661703718
|move|p1a: Magnezone|Thunderbolt|p2a: Melmetal
|-damage|p2a: Melmetal|1/100
|move|p2a: Melmetal|Earthquake|p1a: Magnezone
|-supereffective|p1a: Magnezone
|-damage|p1a: Magnezone|0 fnt
|faint|p1a: Magnezone
|
|-heal|p2a: Melmetal|7/100|[from] item: Leftovers
|upkeep
|
|t:|1661703725
|switch|p1a: Tapu Lele|Tapu Lele|88/100
|-damage|p1a: Tapu Lele|76/100|[from] Stealth Rock
|turn|13
|
|t:|1661703729
|move|p2a: Melmetal|Protect|p2a: Melmetal
|-singleturn|p2a: Melmetal|Protect
|move|p1a: Tapu Lele|Psychic|p2a: Melmetal
|-activate|p2a: Melmetal|move: Protect
|
|-heal|p2a: Melmetal|13/100|[from] item: Leftovers
|-fieldend|move: Psychic Terrain
|upkeep
|turn|14
|
|t:|1661703742
|move|p1a: Tapu Lele|Psychic|p2a: Melmetal
|-resisted|p2a: Melmetal
|-damage|p2a: Melmetal|0 fnt
|faint|p2a: Melmetal
|
|upkeep
|
|t:|1661703745
|switch|p2a: Rillaboom|Rillaboom, F|94/100
|-damage|p2a: Rillaboom|82/100|[from] Stealth Rock
|-fieldstart|move: Grassy Terrain|[from] ability: Grassy Surge|[of] p2a: Rillaboom
|turn|15
|
|t:|1661703755
|switch|p1a: Kartana|Kartana|100/100
|-damage|p1a: Kartana|94/100|[from] Stealth Rock
|move|p2a: Rillaboom|Wood Hammer|p1a: Kartana
|-resisted|p1a: Kartana
|-damage|p1a: Kartana|62/100
|-damage|p2a: Rillaboom|74/100|[from] Recoil
|
|-heal|p1a: Kartana|68/100|[from] Grassy Terrain
|-heal|p2a: Rillaboom|80/100|[from] Grassy Terrain
|upkeep
|turn|16
|
|t:|1661703758
|move|p1a: Kartana|Knock Off|p2a: Rillaboom
|-damage|p2a: Rillaboom|29/100
|-enditem|p2a: Rillaboom|Choice Band|[from] move: Knock Off|[of] p1a: Kartana
|move|p2a: Rillaboom|Wood Hammer|p1a: Kartana
|-resisted|p1a: Kartana
|-damage|p1a: Kartana|44/100
|-damage|p2a: Rillaboom|23/100|[from] Recoil
|
|-heal|p1a: Kartana|50/100|[from] Grassy Terrain
|-heal|p2a: Rillaboom|30/100|[from] Grassy Terrain
|upkeep
|turn|17
|
|t:|1661703768
|switch|p2a: Zapdos|Zapdos|100/100
|move|p1a: Kartana|Knock Off|p2a: Zapdos
|-damage|p2a: Zapdos|67/100
|-status|p1a: Kartana|par|[from] ability: Static|[of] p2a: Zapdos
|-enditem|p2a: Zapdos|Heavy-Duty Boots|[from] move: Knock Off|[of] p1a: Kartana
|
|-heal|p1a: Kartana|56/100 par|[from] Grassy Terrain
|upkeep
|turn|18
|
|t:|1661703778
|cant|p1a: Kartana|par
|move|p2a: Zapdos|Roost|p2a: Zapdos
|-heal|p2a: Zapdos|100/100
|-singleturn|p2a: Zapdos|move: Roost
|
|-heal|p1a: Kartana|63/100 par|[from] Grassy Terrain
|upkeep
|turn|19
|
|t:|1661703783
|move|p1a: Kartana|Knock Off|p2a: Zapdos
|-damage|p2a: Zapdos|80/100
|move|p2a: Zapdos|Defog|p1a: Kartana
|-unboost|p1a: Kartana|evasion|1
|-sideend|p1: Dlinknotgood|Stealth Rock|[from] move: Defog|[of] p2a: Zapdos
|-sideend|p2: PedroGreg|Stealth Rock|[from] move: Defog|[of] p2a: Zapdos
|-fieldend|move: Grassy Terrain
|
|upkeep
|turn|20
|
|t:|1661703787
|move|p1a: Kartana|Knock Off|p2a: Zapdos
|-damage|p2a: Zapdos|57/100
|move|p2a: Zapdos|Roost|p2a: Zapdos
|-heal|p2a: Zapdos|100/100
|-singleturn|p2a: Zapdos|move: Roost
|
|upkeep
|turn|21
|
|t:|1661703791
|switch|p1a: Tapu Lele|Tapu Lele|76/100
|-fieldstart|move: Psychic Terrain|[from] ability: Psychic Surge|[of] p1a: Tapu Lele
|move|p2a: Zapdos|Discharge|p1a: Tapu Lele
|-damage|p1a: Tapu Lele|40/100
|
|upkeep
|turn|22
|
|t:|1661703808
|switch|p2a: Landorus|Landorus-Therian, M|76/100 tox
|-ability|p2a: Landorus|Intimidate|boost
|-unboost|p1a: Tapu Lele|atk|1
|move|p1a: Tapu Lele|Psychic|p2a: Landorus
|-damage|p2a: Landorus|0 fnt
|faint|p2a: Landorus
|
|upkeep
|
|t:|1661703810
|switch|p2a: Rillaboom|Rillaboom, F|30/100
|-fieldstart|move: Grassy Terrain|[from] ability: Grassy Surge|[of] p2a: Rillaboom
|turn|23
|
|t:|1661703813
|switch|p1a: Kartana|Kartana|63/100 par
|move|p2a: Rillaboom|Grassy Glide|p1a: Kartana
|-resisted|p1a: Kartana
|-damage|p1a: Kartana|49/100 par
|
|-heal|p2a: Rillaboom|36/100|[from] Grassy Terrain
|-heal|p1a: Kartana|55/100 par|[from] Grassy Terrain
|upkeep
|turn|24
|
|t:|1661703819
|switch|p1a: Tapu Lele|Tapu Lele|40/100
|-fieldstart|move: Psychic Terrain|[from] ability: Psychic Surge|[of] p1a: Tapu Lele
|move|p2a: Rillaboom|Superpower|p1a: Tapu Lele
|-resisted|p1a: Tapu Lele
|-damage|p1a: Tapu Lele|24/100
|-unboost|p2a: Rillaboom|atk|1
|-unboost|p2a: Rillaboom|def|1
|
|upkeep
|turn|25
|
|t:|1661703832
|switch|p2a: Clefable|Clefable, F|100/100
|move|p1a: Tapu Lele|Psychic|p2a: Clefable
|-damage|p2a: Clefable|11/100
|
|upkeep
|turn|26
|
|t:|1661703834
|move|p1a: Tapu Lele|Psychic|p2a: Clefable
|-damage|p2a: Clefable|0 fnt
|faint|p2a: Clefable
|
|upkeep
|
|t:|1661703836
|switch|p2a: Rillaboom|Rillaboom, F|36/100
|-fieldstart|move: Grassy Terrain|[from] ability: Grassy Surge|[of] p2a: Rillaboom
|turn|27
|
|t:|1661703840
|switch|p1a: Kartana|Kartana|55/100 par
|move|p2a: Rillaboom|Grassy Glide|p1a: Kartana
|-resisted|p1a: Kartana
|-damage|p1a: Kartana|42/100 par
|
|-heal|p2a: Rillaboom|42/100|[from] Grassy Terrain
|-heal|p1a: Kartana|48/100 par|[from] Grassy Terrain
|upkeep
|turn|28
|
|t:|1661703844
|move|p2a: Rillaboom|Superpower|p1a: Kartana
|-supereffective|p1a: Kartana
|-damage|p1a: Kartana|0 fnt
|-unboost|p2a: Rillaboom|atk|1
|-unboost|p2a: Rillaboom|def|1
|faint|p1a: Kartana
|
|-heal|p2a: Rillaboom|48/100|[from] Grassy Terrain
|upkeep
|
|t:|1661703848
|switch|p1a: Tapu Lele|Tapu Lele|24/100
|-fieldstart|move: Psychic Terrain|[from] ability: Psychic Surge|[of] p1a: Tapu Lele
|turn|29
|
|t:|1661703864
|switch|p2a: Toxapex|Toxapex, M|100/100
|move|p1a: Tapu Lele|Psychic|p2a: Toxapex
|-supereffective|p2a: Toxapex
|-damage|p2a: Toxapex|0 fnt
|faint|p2a: Toxapex
|
|upkeep
|
|t:|1661703866
|switch|p2a: Rillaboom|Rillaboom, F|48/100
|-fieldstart|move: Grassy Terrain|[from] ability: Grassy Surge|[of] p2a: Rillaboom
|turn|30
|
|t:|1661703895
|switch|p1a: Tapu Fini|Tapu Fini|77/100
|-fieldstart|move: Misty Terrain|[from] ability: Misty Surge|[of] p1a: Tapu Fini
|switch|p2a: Zapdos|Zapdos|100/100
|
|-heal|p1a: Tapu Fini|84/100|[from] item: Leftovers
|upkeep
|turn|31
|
|t:|1661703908
|move|p1a: Tapu Fini|Moonblast|p2a: Zapdos
|-damage|p2a: Zapdos|63/100
|move|p2a: Zapdos|Discharge|p1a: Tapu Fini
|-supereffective|p1a: Tapu Fini
|-damage|p1a: Tapu Fini|24/100
|
|-heal|p1a: Tapu Fini|30/100|[from] item: Leftovers
|upkeep
|turn|32
|
|t:|1661703911
|move|p1a: Tapu Fini|Moonblast|p2a: Zapdos
|-damage|p2a: Zapdos|22/100
|move|p2a: Zapdos|Roost|p2a: Zapdos
|-heal|p2a: Zapdos|72/100
|-singleturn|p2a: Zapdos|move: Roost
|
|-heal|p1a: Tapu Fini|36/100|[from] item: Leftovers
|upkeep
|turn|33
|
|t:|1661703917
|move|p1a: Tapu Fini|Moonblast|p2a: Zapdos
|-damage|p2a: Zapdos|34/100
|move|p2a: Zapdos|Roost|p2a: Zapdos
|-heal|p2a: Zapdos|85/100
|-singleturn|p2a: Zapdos|move: Roost
|
|-heal|p1a: Tapu Fini|42/100|[from] item: Leftovers
|upkeep
|turn|34
|
|t:|1661703929
|switch|p1a: Tapu Lele|Tapu Lele|24/100
|-fieldstart|move: Psychic Terrain|[from] ability: Psychic Surge|[of] p1a: Tapu Lele
|move|p2a: Zapdos|Roost|p2a: Zapdos
|-heal|p2a: Zapdos|100/100
|-singleturn|p2a: Zapdos|move: Roost
|
|upkeep
|turn|35
|
|t:|1661703933
|move|p1a: Tapu Lele|Psychic|p2a: Zapdos
|-damage|p2a: Zapdos|0 fnt
|faint|p2a: Zapdos
|
|upkeep
|c|☆PedroGreg|gg
|-message|PedroGreg forfeited.
|
|win|Dlinknotgood
|l|☆PedroGreg
|c|☆Dlinknotgood|gg
