|j|☆RCRover
|j|☆d18l
|t:|1662515411
|gametype|singles
|player|p1|RCRover|leon-tower|1652
|player|p2|d18l|backpacker|1711
|teamsize|p1|6
|teamsize|p2|6
|gen|8
|tier|[Gen 8] OU
|rated|
|rule|Sleep Clause Mod: Limit one foe put to sleep
|rule|Species Clause: Limit one of each Pokémon
|rule|OHKO Clause: OHKO moves are banned
|rule|Evasion Items Clause: Evasion items are banned
|rule|Evasion Moves Clause: Evasion moves are banned
|rule|Endless Battle Clause: Forcing endless battles is banned
|rule|HP Percentage Mod: HP is shown in percentages
|rule|Dynamax Clause: You cannot dynamax
|clearpoke
|poke|p1|Tangrowth, F|
|poke|p1|Toxapex, M|
|poke|p1|Zapdos|
|poke|p1|Heatran, M|
|poke|p1|Weavile, F|
|poke|p1|Kartana|
|poke|p2|Tapu Koko|
|poke|p2|Victini|
|poke|p2|Landorus-Therian, M|
|poke|p2|Tornadus-Therian, M|
|poke|p2|Rotom-Wash|
|poke|p2|Ferrothorn, F|
|teampreview
|j| Evil T-tar
|
|t:|1662515424
|start
|switch|p1a: Tangrowth|Tangrowth, F|100/100
|switch|p2a: Tapu Koko|Tapu Koko|100/100
|-fieldstart|move: Electric Terrain|[from] ability: Electric Surge|[of] p2a: Tapu Koko
|turn|1
|inactive|Battle timer is ON: inactive players will automatically lose when time's up. (requested by RCRover)
|
|t:|1662515427
|move|p2a: Tapu Koko|Volt Switch|p1a: Tangrowth
|-resisted|p1a: Tangrowth
|-damage|p1a: Tangrowth|58/100
|
|t:|1662515443
|switch|p2a: Tornadus|Tornadus-Therian, M|100/100|[from]move: Volt Switch
|move|p1a: Tangrowth|Knock Off|p2a: Tornadus
|-damage|p2a: Tornadus|78/100
|-enditem|p2a: Tornadus|Assault Vest|[from] move: Knock Off|[of] p1a: Tangrowth
|
|upkeep
|turn|2
|
|t:|1662515451
|switch|p1a: Heatran|Heatran, M|100/100
|move|p2a: Tornadus|U-turn|p1a: Heatran
|-resisted|p1a: Heatran
|-damage|p1a: Heatran|98/100
|
|t:|1662515457
|switch|p2a: Landorus|Landorus-Therian, M|100/100|[from]move: U-turn
|-ability|p2a: Landorus|Intimidate|boost
|-unboost|p1a: Heatran|atk|1
|
|-heal|p1a: Heatran|100/100|[from] item: Leftovers
|upkeep
|turn|3
|
|t:|1662515474
|move|p2a: Landorus|Toxic|p1a: Heatran
|-immune|p1a: Heatran
|move|p1a: Heatran|Stealth Rock|p2a: Landorus
|-sidestart|p2: d18l|move: Stealth Rock
|
|upkeep
|turn|4
|
|t:|1662515479
|switch|p1a: Tangrowth|Tangrowth, F|91/100
|move|p2a: Landorus|Defog|p1a: Tangrowth
|-unboost|p1a: Tangrowth|evasion|1
|-sideend|p2: d18l|Stealth Rock|[from] move: Defog|[of] p2a: Landorus
|-fieldend|move: Electric Terrain
|
|upkeep
|turn|5
|
|t:|1662515487
|switch|p1a: Kartana|Kartana|100/100
|move|p2a: Landorus|Toxic|p1a: Kartana
|-immune|p1a: Kartana
|
|upkeep
|turn|6
|
|t:|1662515495
|switch|p2a: Tornadus|Tornadus-Therian, M|100/100
|move|p1a: Kartana|Knock Off|p2a: Tornadus
|-damage|p2a: Tornadus|70/100
|
|upkeep
|turn|7
|
|t:|1662515502
|switch|p1a: Tangrowth|Tangrowth, F|100/100
|move|p2a: Tornadus|Knock Off|p1a: Tangrowth
|-damage|p1a: Tangrowth|90/100
|-damage|p2a: Tornadus|53/100|[from] item: Rocky Helmet|[of] p1a: Tangrowth
|-enditem|p1a: Tangrowth|Rocky Helmet|[from] move: Knock Off|[of] p2a: Tornadus
|
|upkeep
|turn|8
|
|t:|1662515510
|switch|p1a: Heatran|Heatran, M|100/100
|move|p2a: Tornadus|Hurricane|p1a: Heatran
|-resisted|p1a: Heatran
|-damage|p1a: Heatran|88/100
|
|-heal|p1a: Heatran|94/100|[from] item: Leftovers
|upkeep
|turn|9
|
|t:|1662515513
|move|p2a: Tornadus|U-turn|p1a: Heatran
|-resisted|p1a: Heatran
|-damage|p1a: Heatran|91/100
|
|t:|1662515515
|switch|p2a: Landorus|Landorus-Therian, M|100/100|[from]move: U-turn
|-ability|p2a: Landorus|Intimidate|boost
|-unboost|p1a: Heatran|atk|1
|move|p1a: Heatran|Magma Storm|p2a: Landorus
|-damage|p2a: Landorus|62/100
|-activate|p2a: Landorus|move: Magma Storm|[of] p1a: Heatran
|
|-heal|p2a: Landorus|68/100|[from] item: Leftovers
|-heal|p1a: Heatran|98/100|[from] item: Leftovers
|-damage|p2a: Landorus|56/100|[from] move: Magma Storm|[partiallytrapped]
|upkeep
|turn|10
|
|t:|1662515519
|move|p2a: Landorus|Earthquake|p1a: Heatran
|-supereffective|p1a: Heatran
|-damage|p1a: Heatran|0 fnt
|faint|p1a: Heatran
|
|-heal|p2a: Landorus|62/100|[from] item: Leftovers
|-end|p2a: Landorus|Magma Storm|[partiallytrapped]|[silent]
|upkeep
|
|t:|1662515521
|switch|p1a: Weavile|Weavile, F|100/100
|-ability|p1a: Weavile|Pressure
|turn|11
|
|t:|1662515531
|switch|p2a: Ferrothorn|Ferrothorn, F|100/100
|move|p1a: Weavile|Low Kick|p2a: Ferrothorn
|-supereffective|p2a: Ferrothorn
|-damage|p2a: Ferrothorn|38/100
|-damage|p1a: Weavile|88/100|[from] ability: Iron Barbs|[of] p2a: Ferrothorn
|-damage|p1a: Weavile|72/100|[from] item: Rocky Helmet|[of] p2a: Ferrothorn
|
|upkeep
|turn|12
|
|t:|1662515555
|switch|p1a: Tangrowth|Tangrowth, F|100/100
|switch|p2a: Tapu Koko|Tapu Koko|100/100
|-fieldstart|move: Electric Terrain|[from] ability: Electric Surge|[of] p2a: Tapu Koko
|
|upkeep
|turn|13
|
|t:|1662515573
|move|p2a: Tapu Koko|Dazzling Gleam|p1a: Tangrowth
|-damage|p1a: Tangrowth|23/100
|move|p1a: Tangrowth|Leech Seed|p2a: Tapu Koko
|-start|p2a: Tapu Koko|move: Leech Seed
|
|-damage|p2a: Tapu Koko|88/100|[from] Leech Seed|[of] p1a: Tangrowth
|-heal|p1a: Tangrowth|31/100|[silent]
|upkeep
|turn|14
|
|t:|1662515580
|switch|p2a: Rotom|Rotom-Wash|100/100
|switch|p1a: Zapdos|Zapdos|100/100
|
|upkeep
|turn|15
|
|t:|1662515589
|move|p1a: Zapdos|Discharge|p2a: Rotom
|-crit|p2a: Rotom
|-damage|p2a: Rotom|49/100
|move|p2a: Rotom|Volt Switch|p1a: Zapdos
|-damage|p1a: Zapdos|78/100
|
|t:|1662515594
|switch|p2a: Tapu Koko|Tapu Koko|88/100|[from]move: Volt Switch
|
|upkeep
|turn|16
|
|t:|1662515598
|move|p2a: Tapu Koko|Thunderbolt|p1a: Zapdos
|-damage|p1a: Zapdos|6/100
|move|p1a: Zapdos|Discharge|p2a: Tapu Koko
|-resisted|p2a: Tapu Koko
|-damage|p2a: Tapu Koko|61/100
|
|-fieldend|move: Electric Terrain
|upkeep
|turn|17
|
|t:|1662515603
|move|p2a: Tapu Koko|Thunderbolt|p1a: Zapdos
|-damage|p1a: Zapdos|0 fnt
|faint|p1a: Zapdos
|
|upkeep
|
|t:|1662515605
|switch|p1a: Kartana|Kartana|100/100
|turn|18
|
|t:|1662515613
|switch|p2a: Tornadus|Tornadus-Therian, M|86/100
|move|p1a: Kartana|Sacred Sword|p2a: Tornadus
|-resisted|p2a: Tornadus
|-damage|p2a: Tornadus|65/100
|
|upkeep
|turn|19
|
|t:|1662515622
|switch|p1a: Toxapex|Toxapex, M|100/100
|move|p2a: Tornadus|U-turn|p1a: Toxapex
|-resisted|p1a: Toxapex
|-damage|p1a: Toxapex|95/100
|
|t:|1662515624
|switch|p2a: Tapu Koko|Tapu Koko|61/100|[from]move: U-turn
|-fieldstart|move: Electric Terrain|[from] ability: Electric Surge|[of] p2a: Tapu Koko
|
|-heal|p1a: Toxapex|100/100|[from] item: Black Sludge
|upkeep
|turn|20
|
|t:|1662515629
|move|p2a: Tapu Koko|Thunderbolt|p1a: Toxapex
|-supereffective|p1a: Toxapex
|-damage|p1a: Toxapex|0 fnt
|faint|p1a: Toxapex
|
|upkeep
|
|t:|1662515632
|switch|p1a: Kartana|Kartana|100/100
|turn|21
|
|t:|1662515641
|switch|p2a: Tornadus|Tornadus-Therian, M|98/100
|move|p1a: Kartana|Smart Strike|p2a: Tornadus
|-damage|p2a: Tornadus|47/100
|
|upkeep
|turn|22
|
|t:|1662515656
|switch|p1a: Weavile|Weavile, F|72/100
|-ability|p1a: Weavile|Pressure
|switch|p2a: Ferrothorn|Ferrothorn, F|38/100
|
|upkeep
|turn|23
|
|t:|1662515666
|move|p1a: Weavile|Triple Axel|p2a: Ferrothorn
|-crit|p2a: Ferrothorn
|-damage|p2a: Ferrothorn|24/100
|-damage|p1a: Weavile|59/100|[from] ability: Iron Barbs|[of] p2a: Ferrothorn
|-damage|p1a: Weavile|43/100|[from] item: Rocky Helmet|[of] p2a: Ferrothorn
|-damage|p2a: Ferrothorn|5/100
|-damage|p1a: Weavile|30/100|[from] ability: Iron Barbs|[of] p2a: Ferrothorn
|-damage|p1a: Weavile|14/100|[from] item: Rocky Helmet|[of] p2a: Ferrothorn
|-damage|p2a: Ferrothorn|0 fnt
|-damage|p1a: Weavile|2/100|[from] ability: Iron Barbs|[of] p2a: Ferrothorn
|-damage|p1a: Weavile|0 fnt|[from] item: Rocky Helmet|[of] p2a: Ferrothorn
|faint|p2a: Ferrothorn
|faint|p1a: Weavile
|-hitcount|p2: Ferrothorn|3
|
|-fieldend|move: Electric Terrain
|upkeep
|
|t:|1662515678
|switch|p1a: Kartana|Kartana|100/100
|switch|p2a: Landorus|Landorus-Therian, M|62/100
|-ability|p2a: Landorus|Intimidate|boost
|-unboost|p1a: Kartana|atk|1
|turn|24
|l| Evil T-tar
|
|t:|1662515706
|switch|p2a: Rotom|Rotom-Wash|49/100
|move|p1a: Kartana|Knock Off|p2a: Rotom
|-damage|p2a: Rotom|24/100
|-enditem|p2a: Rotom|Leftovers|[from] move: Knock Off|[of] p1a: Kartana
|
|upkeep
|turn|25
|
|t:|1662515720
|switch|p1a: Tangrowth|Tangrowth, F|64/100
|switch|p2a: Tornadus|Tornadus-Therian, M|80/100
|
|upkeep
|turn|26
|
|t:|1662515728
|move|p2a: Tornadus|Hurricane|p1a: Tangrowth
|-supereffective|p1a: Tangrowth
|-crit|p1a: Tangrowth
|-damage|p1a: Tangrowth|0 fnt
|faint|p1a: Tangrowth
|
|upkeep
|
|t:|1662515730
|switch|p1a: Kartana|Kartana|100/100
|turn|27
|
|t:|1662515732
|move|p1a: Kartana|Smart Strike|p2a: Tornadus
|-damage|p2a: Tornadus|33/100
|move|p2a: Tornadus|Heat Wave|p1a: Kartana
|-supereffective|p1a: Kartana
|-damage|p1a: Kartana|0 fnt
|faint|p1a: Kartana
|
|win|d18l
|raw|RCRover's rating: 1652 &rarr; <strong>1635</strong><br />(-17 for losing)
|raw|d18l's rating: 1711 &rarr; <strong>1728</strong><br />(+17 for winning)
|l|☆RCRover
