|raw|<div class="broadcast-blue"><strong>This battle is required to be public due to a player having a name starting with 'lt84jm'.</div>
|j|☆GuardArc
|j|☆LT84JM Ana
|t:|1627673340
|gametype|singles
|player|p1|GuardArc|lance-gen3|1645
|player|p2|LT84JM Ana|ash-kalos|1632
|teamsize|p1|6
|teamsize|p2|6
|gen|8
|tier|[Gen 8] OU
|rated|
|rule|Sleep Clause Mod: Limit one foe put to sleep
|rule|Species Clause: Limit one of each Pokémon
|rule|OHKO Clause: OHKO moves are banned
|rule|Evasion Moves Clause: Evasion moves are banned
|rule|Endless Battle Clause: Forcing endless battles is banned
|rule|HP Percentage Mod: HP is shown in percentages
|rule|Dynamax Clause: You cannot dynamax
|clearpoke
|poke|p1|Tapu Lele|
|poke|p1|Garchomp, M|
|poke|p1|Volcarona, M|
|poke|p1|Toxapex, M|
|poke|p1|Ferrothorn, F|
|poke|p1|Mandibuzz, F|
|poke|p2|Melmetal|
|poke|p2|Rillaboom, M|
|poke|p2|Hawlucha, M|
|poke|p2|Urshifu-*, M|
|poke|p2|Heatran, M|
|poke|p2|Zapdos|
|teampreview
|inactive|Battle timer is ON: inactive players will automatically lose when time's up. (requested by LT84JM Ana)
|inactive|GuardArc has 120 seconds left.
|
|t:|1627673391
|start
|switch|p1a: Volcarona|Volcarona, M|100/100
|switch|p2a: Melmetal|Melmetal|100/100
|turn|1
|
|t:|1627673399
|switch|p2a: Heatran|Heatran, M|100/100
|move|p1a: Volcarona|Flamethrower|p2a: Heatran
|-start|p2a: Heatran|ability: Flash Fire
|
|upkeep
|turn|2
|
|t:|1627673409
|switch|p1a: Garchomp|Garchomp, M|100/100
|move|p2a: Heatran|Stealth Rock|p1a: Garchomp
|-sidestart|p1: GuardArc|move: Stealth Rock
|
|upkeep
|turn|3
|
|t:|1627673421
|-end|p2a: Heatran|ability: Flash Fire|[silent]
|switch|p2a: Zapdos|Zapdos|100/100
|move|p1a: Garchomp|Stone Edge|p2a: Zapdos
|-supereffective|p2a: Zapdos
|-damage|p2a: Zapdos|41/100
|
|upkeep
|turn|4
|
|t:|1627673426
|move|p1a: Garchomp|Stone Edge|p2a: Zapdos
|-supereffective|p2a: Zapdos
|-damage|p2a: Zapdos|0 fnt
|faint|p2a: Zapdos
|
|upkeep
|
|t:|1627673429
|switch|p2a: Rillaboom|Rillaboom, M|100/100
|-fieldstart|move: Grassy Terrain|[from] ability: Grassy Surge|[of] p2a: Rillaboom
|turn|5
|
|t:|1627673436
|switch|p1a: Mandibuzz|Mandibuzz, F|100/100
|move|p2a: Rillaboom|Swords Dance|p2a: Rillaboom
|-boost|p2a: Rillaboom|atk|2
|
|upkeep
|turn|6
|
|t:|1627673438
|move|p2a: Rillaboom|Knock Off|p1a: Mandibuzz
|-resisted|p1a: Mandibuzz
|-damage|p1a: Mandibuzz|69/100
|-enditem|p1a: Mandibuzz|Heavy-Duty Boots|[from] move: Knock Off|[of] p2a: Rillaboom
|-damage|p2a: Rillaboom|91/100|[from] item: Life Orb
|move|p1a: Mandibuzz|Foul Play|p2a: Rillaboom
|-damage|p2a: Rillaboom|0 fnt
|faint|p2a: Rillaboom
|
|upkeep
|
|t:|1627673445
|switch|p2a: Hawlucha|Hawlucha, M|100/100
|-enditem|p2a: Hawlucha|Grassy Seed
|-boost|p2a: Hawlucha|def|1|[from] item: Grassy Seed
|turn|7
|
|t:|1627673460
|move|p2a: Hawlucha|Swords Dance|p2a: Hawlucha
|-boost|p2a: Hawlucha|atk|2
|move|p1a: Mandibuzz|U-turn|p2a: Hawlucha
|-resisted|p2a: Hawlucha
|-damage|p2a: Hawlucha|98/100
|
|t:|1627673463
|switch|p1a: Toxapex|Toxapex, M|100/100|[from]move: U-turn
|-damage|p1a: Toxapex|88/100|[from] Stealth Rock
|
|-heal|p1a: Toxapex|94/100|[from] Grassy Terrain
|upkeep
|turn|8
|
|t:|1627673484
|move|p2a: Hawlucha|Acrobatics|p1a: Toxapex
|-damage|p1a: Toxapex|35/100
|-damage|p2a: Hawlucha|81/100|[from] item: Rocky Helmet|[of] p1a: Toxapex
|move|p1a: Toxapex|Haze|p1a: Toxapex
|-clearallboost
|
|-heal|p1a: Toxapex|41/100|[from] Grassy Terrain
|upkeep
|turn|9
|
|t:|1627673488
|move|p2a: Hawlucha|Acrobatics|p1a: Toxapex
|-damage|p1a: Toxapex|11/100
|-damage|p2a: Hawlucha|65/100|[from] item: Rocky Helmet|[of] p1a: Toxapex
|move|p1a: Toxapex|Recover|p1a: Toxapex
|-heal|p1a: Toxapex|61/100
|
|-heal|p1a: Toxapex|67/100|[from] Grassy Terrain
|-fieldend|move: Grassy Terrain
|upkeep
|turn|10
|
|t:|1627673492
|move|p2a: Hawlucha|Swords Dance|p2a: Hawlucha
|-boost|p2a: Hawlucha|atk|2
|move|p1a: Toxapex|Recover|p1a: Toxapex
|-heal|p1a: Toxapex|100/100
|
|upkeep
|turn|11
|
|t:|1627673495
|switch|p2a: Melmetal|Melmetal|100/100
|move|p1a: Toxapex|Haze|p1a: Toxapex
|-clearallboost
|
|upkeep
|turn|12
|
|t:|1627673519
|move|p2a: Melmetal|Earthquake|p1a: Toxapex
|-supereffective|p1a: Toxapex
|-damage|p1a: Toxapex|27/100
|move|p1a: Toxapex|Knock Off|p2a: Melmetal
|-damage|p2a: Melmetal|92/100
|-enditem|p2a: Melmetal|Choice Band|[from] move: Knock Off|[of] p1a: Toxapex
|
|upkeep
|turn|13
|
|t:|1627673531
|switch|p2a: Heatran|Heatran, M|100/100
|switch|p1a: Mandibuzz|Mandibuzz, F|69/100
|-damage|p1a: Mandibuzz|44/100|[from] Stealth Rock
|
|upkeep
|turn|14
|
|t:|1627673536
|move|p2a: Heatran|Magma Storm|p1a: Mandibuzz
|-damage|p1a: Mandibuzz|11/100
|-activate|p1a: Mandibuzz|move: Magma Storm|[of] p2a: Heatran
|move|p1a: Mandibuzz|Defog|p2a: Heatran
|-unboost|p2a: Heatran|evasion|1
|-sideend|p1: GuardArc|Stealth Rock|[from] move: Defog|[of] p1a: Mandibuzz
|
|-damage|p1a: Mandibuzz|0 fnt|[from] move: Magma Storm|[partiallytrapped]
|faint|p1a: Mandibuzz
|upkeep
|
|t:|1627673552
|switch|p1a: Garchomp|Garchomp, M|100/100
|turn|15
|
|t:|1627673558
|move|p1a: Garchomp|Earthquake|p2a: Heatran
|-supereffective|p2a: Heatran
|-damage|p2a: Heatran|0 fnt
|faint|p2a: Heatran
|
|upkeep
|
|t:|1627673561
|switch|p2a: Hawlucha|Hawlucha, M|65/100
|turn|16
|
|t:|1627673564
|move|p2a: Hawlucha|High Jump Kick|p1a: Garchomp
|-damage|p1a: Garchomp|43/100
|-damage|p2a: Hawlucha|52/100|[from] ability: Rough Skin|[of] p1a: Garchomp
|move|p1a: Garchomp|Stone Edge|p2a: Hawlucha
|-damage|p2a: Hawlucha|2/100
|
|-heal|p1a: Garchomp|50/100|[from] item: Leftovers
|upkeep
|turn|17
|
|t:|1627673578
|switch|p1a: Ferrothorn|Ferrothorn, F|100/100
|move|p2a: Hawlucha|Roost|p2a: Hawlucha
|-heal|p2a: Hawlucha|52/100
|-singleturn|p2a: Hawlucha|move: Roost
|
|upkeep
|turn|18
|
|t:|1627673585
|move|p2a: Hawlucha|Swords Dance|p2a: Hawlucha
|-boost|p2a: Hawlucha|atk|2
|move|p1a: Ferrothorn|Leech Seed|p2a: Hawlucha
|-start|p2a: Hawlucha|move: Leech Seed
|
|-damage|p2a: Hawlucha|40/100|[from] Leech Seed|[of] p1a: Ferrothorn
|upkeep
|turn|19
|
|t:|1627673589
|move|p2a: Hawlucha|Roost|p2a: Hawlucha
|-heal|p2a: Hawlucha|90/100
|-singleturn|p2a: Hawlucha|move: Roost
|move|p1a: Ferrothorn|Gyro Ball|p2a: Hawlucha
|-damage|p2a: Hawlucha|19/100
|
|-damage|p2a: Hawlucha|7/100|[from] Leech Seed|[of] p1a: Ferrothorn
|upkeep
|turn|20
|
|t:|1627673593
|move|p2a: Hawlucha|High Jump Kick|p1a: Ferrothorn
|-supereffective|p1a: Ferrothorn
|-damage|p1a: Ferrothorn|0 fnt
|-damage|p2a: Hawlucha|0 fnt|[from] ability: Iron Barbs|[of] p1a: Ferrothorn
|faint|p1a: Ferrothorn
|faint|p2a: Hawlucha
|
|upkeep
|
|t:|1627673600
|switch|p2a: Urshifu|Urshifu-Rapid-Strike, M|100/100
|switch|p1a: Garchomp|Garchomp, M|50/100
|turn|21
|
|t:|1627673603
|switch|p1a: Toxapex|Toxapex, M|61/100
|move|p2a: Urshifu|Close Combat|p1a: Toxapex
|-resisted|p1a: Toxapex
|-damage|p1a: Toxapex|35/100
|-unboost|p2a: Urshifu|def|1
|-unboost|p2a: Urshifu|spd|1
|-damage|p2a: Urshifu|84/100|[from] item: Rocky Helmet|[of] p1a: Toxapex
|
|upkeep
|turn|22
|
|t:|1627673609
|move|p2a: Urshifu|Close Combat|p1a: Toxapex
|-resisted|p1a: Toxapex
|-damage|p1a: Toxapex|9/100
|-unboost|p2a: Urshifu|def|1
|-unboost|p2a: Urshifu|spd|1
|-damage|p2a: Urshifu|68/100|[from] item: Rocky Helmet|[of] p1a: Toxapex
|move|p1a: Toxapex|Recover|p1a: Toxapex
|-heal|p1a: Toxapex|59/100
|
|upkeep
|turn|23
|
|t:|1627673613
|switch|p2a: Melmetal|Melmetal|92/100
|move|p1a: Toxapex|Recover|p1a: Toxapex
|-heal|p1a: Toxapex|100/100
|
|upkeep
|turn|24
|
|t:|1627673623
|switch|p1a: Garchomp|Garchomp, M|50/100
|move|p2a: Melmetal|Earthquake|p1a: Garchomp
|-damage|p1a: Garchomp|12/100
|
|-heal|p1a: Garchomp|18/100|[from] item: Leftovers
|upkeep
|turn|25
|
|t:|1627673626
|move|p1a: Garchomp|Earthquake|p2a: Melmetal
|-supereffective|p2a: Melmetal
|-damage|p2a: Melmetal|28/100
|move|p2a: Melmetal|Earthquake|p1a: Garchomp
|-damage|p1a: Garchomp|0 fnt
|faint|p1a: Garchomp
|
|upkeep
|
|t:|1627673635
|switch|p1a: Tapu Lele|Tapu Lele|100/100
|-fieldstart|move: Psychic Terrain|[from] ability: Psychic Surge|[of] p1a: Tapu Lele
|turn|26
|
|t:|1627673647
|move|p1a: Tapu Lele|Psychic|p2a: Melmetal
|-resisted|p2a: Melmetal
|-crit|p2a: Melmetal
|-damage|p2a: Melmetal|0 fnt
|faint|p2a: Melmetal
|
|upkeep
|-message|LT84JM Ana forfeited.
|
|win|GuardArc
|raw|GuardArc's rating: 1645 &rarr; <strong>1664</strong><br />(+19 for winning)
|raw|LT84JM Ana's rating: 1632 &rarr; <strong>1613</strong><br />(-19 for losing)
|l|☆LT84JM Ana
