|j|☆minimax_ai
|j|☆yung_iznamakin
|t:|1663528798
|gametype|singles
|player|p1|minimax_ai|lusamine-nihilego|1550
|player|p2|yung_iznamakin|chase|1694
|teamsize|p1|6
|teamsize|p2|6
|gen|8
|tier|[Gen 8] OU
|rated|
|rule|Sleep Clause Mod: Limit one foe put to sleep
|rule|Species Clause: Limit one of each Pokémon
|rule|OHKO Clause: OHKO moves are banned
|rule|Evasion Items Clause: Evasion items are banned
|rule|Evasion Moves Clause: Evasion moves are banned
|rule|Endless Battle Clause: Forcing endless battles is banned
|rule|HP Percentage Mod: HP is shown in percentages
|rule|Dynamax Clause: You cannot dynamax
|clearpoke
|poke|p1|Rotom-Wash|
|poke|p1|Weavile, F|
|poke|p1|Landorus-Therian, M|
|poke|p1|Heatran, M|
|poke|p1|Tangrowth, F|
|poke|p1|Melmetal|
|poke|p2|Zeraora|
|poke|p2|Volcanion|
|poke|p2|Landorus-Therian, M|
|poke|p2|Volcarona, M|
|poke|p2|Blacephalon|
|poke|p2|Moltres-Galar|
|teampreview
|c|☆minimax_ai|hf
|inactive|Battle timer is ON: inactive players will automatically lose when time's up. (requested by minimax_ai)
|
|t:|1663528813
|start
|switch|p1a: rotomwash|Rotom-Wash|100/100
|switch|p2a: Landorus|Landorus-Therian, M|100/100
|-ability|p2a: Landorus|Intimidate|boost
|-unboost|p1a: rotomwash|atk|1
|turn|1
|
|t:|1663528825
|move|p2a: Landorus|Explosion|p1a: rotomwash
|-enditem|p2a: Landorus|Normal Gem|[from] gem
|-damage|p1a: rotomwash|0 fnt
|faint|p2a: Landorus
|faint|p1a: rotomwash
|
|upkeep
|
|t:|1663528830
|switch|p2a: Volcanion|Volcanion|100/100
|switch|p1a: Melmetal|Melmetal|100/100
|turn|2
|
|t:|1663528835
|move|p2a: Volcanion|Flamethrower|p1a: Melmetal
|-supereffective|p1a: Melmetal
|-damage|p1a: Melmetal|44/100
|move|p1a: Melmetal|Thunder Punch|p2a: Volcanion
|-supereffective|p2a: Volcanion
|-crit|p2a: Volcanion
|-damage|p2a: Volcanion|12/100
|
|upkeep
|turn|3
|
|t:|1663528840
|move|p2a: Volcanion|Flamethrower|p1a: Melmetal
|-supereffective|p1a: Melmetal
|-damage|p1a: Melmetal|0 fnt
|faint|p1a: Melmetal
|
|upkeep
|
|t:|1663528840
|switch|p1a: Heatran|Heatran, M|100/100
|-item|p1a: Heatran|Air Balloon
|turn|4
|
|t:|1663528844
|switch|p2a: Moltres|Moltres-Galar|100/100
|move|p1a: Heatran|Eruption|p2a: Moltres
|-damage|p2a: Moltres|39/100
|-ability|p2a: Moltres|Berserk|boost
|-boost|p2a: Moltres|spa|1
|
|upkeep
|turn|5
|
|t:|1663528849
|move|p1a: Heatran|Magma Storm|p2a: Moltres
|-damage|p2a: Moltres|0 fnt
|faint|p2a: Moltres
|
|upkeep
|
|t:|1663528852
|switch|p2a: Blacephalon|Blacephalon|100/100
|turn|6
|
|t:|1663528855
|move|p2a: Blacephalon|Shadow Ball|p1a: Heatran
|-damage|p1a: Heatran|54/100
|-enditem|p1a: Heatran|Air Balloon
|move|p1a: Heatran|Earth Power|p2a: Blacephalon
|-supereffective|p2a: Blacephalon
|-damage|p2a: Blacephalon|4/100
|
|upkeep
|turn|7
|
|t:|1663528861
|move|p2a: Blacephalon|Shadow Ball|p1a: Heatran
|-damage|p1a: Heatran|5/100
|move|p1a: Heatran|Earth Power|p2a: Blacephalon
|-supereffective|p2a: Blacephalon
|-damage|p2a: Blacephalon|0 fnt
|faint|p2a: Blacephalon
|
|upkeep
|
|t:|1663528869
|switch|p2a: Volcarona|Volcarona, M|100/100
|turn|8
|
|t:|1663528873
|switch|p1a: landorustherian|Landorus-Therian, M|100/100
|-ability|p1a: landorustherian|Intimidate|boost
|-unboost|p2a: Volcarona|atk|1
|move|p2a: Volcarona|Quiver Dance|p2a: Volcarona
|-boost|p2a: Volcarona|spa|1
|-boost|p2a: Volcarona|spd|1
|-boost|p2a: Volcarona|spe|1
|
|upkeep
|turn|9
|
|t:|1663528876
|move|p2a: Volcarona|Fire Blast|p1a: landorustherian
|-damage|p1a: landorustherian|2/100
|-damage|p2a: Volcarona|91/100|[from] item: Life Orb
|move|p1a: landorustherian|Earthquake|p2a: Volcarona
|-damage|p2a: Volcarona|15/100
|
|-heal|p1a: landorustherian|8/100|[from] item: Leftovers
|upkeep
|turn|10
|
|t:|1663528882
|move|p2a: Volcarona|Psychic|p1a: landorustherian
|-damage|p1a: landorustherian|0 fnt
|faint|p1a: landorustherian
|-damage|p2a: Volcarona|5/100|[from] item: Life Orb
|
|upkeep
|
|t:|1663528882
|switch|p1a: Heatran|Heatran, M|5/100
|turn|11
|
|t:|1663528883
|move|p2a: Volcarona|Psychic|p1a: Heatran
|-resisted|p1a: Heatran
|-damage|p1a: Heatran|0 fnt
|faint|p1a: Heatran
|-damage|p2a: Volcarona|0 fnt|[from] item: Life Orb
|faint|p2a: Volcarona
|
|upkeep
|
|t:|1663528886
|switch|p2a: Zeraora|Zeraora|100/100
|switch|p1a: Weavile|Weavile, F|100/100
|-ability|p1a: Weavile|Pressure
|turn|12
|
|t:|1663528889
|switch|p2a: Volcanion|Volcanion|12/100
|move|p1a: Weavile|Ice Shard|p2a: Volcanion
|-resisted|p2a: Volcanion
|-damage|p2a: Volcanion|7/100
|
|upkeep
|turn|13
|
|t:|1663528894
|switch|p2a: Zeraora|Zeraora|100/100
|move|p1a: Weavile|Ice Shard|p2a: Zeraora
|-damage|p2a: Zeraora|58/100
|
|-heal|p2a: Zeraora|64/100|[from] item: Leftovers
|upkeep
|turn|14
|
|t:|1663528896
|switch|p2a: Volcanion|Volcanion|7/100
|move|p1a: Weavile|Ice Shard|p2a: Volcanion
|-resisted|p2a: Volcanion
|-damage|p2a: Volcanion|1/100
|
|upkeep
|turn|15
|
|t:|1663528900
|switch|p2a: Zeraora|Zeraora|64/100
|move|p1a: Weavile|Ice Shard|p2a: Zeraora
|-damage|p2a: Zeraora|21/100
|
|-heal|p2a: Zeraora|27/100|[from] item: Leftovers
|upkeep
|turn|16
|
|t:|1663528904
|move|p1a: Weavile|Ice Shard|p2a: Zeraora
|-damage|p2a: Zeraora|0 fnt
|faint|p2a: Zeraora
|
|upkeep
|-message|yung_iznamakin forfeited.
|
|win|minimax_ai
|raw|minimax_ai's rating: 1550 &rarr; <strong>1578</strong><br />(+28 for winning)
|raw|yung_iznamakin's rating: 1694 &rarr; <strong>1666</strong><br />(-28 for losing)
|c|☆minimax_ai|gg
|l|☆yung_iznamakin
