|raw|<div class="broadcast-blue"><strong>This battle is required to be public due to a player having a name starting with 'lt91bb'.</div>
|j|☆lt91bbfakee
|j|☆antarctozolt
|t:|1659066884
|gametype|singles
|player|p1|lt91bbfakee|#wcop2022latinamerica|1808
|player|p2|antarctozolt|skier|1914
|teamsize|p1|6
|teamsize|p2|6
|gen|8
|tier|[Gen 8] OU
|rated|
|rule|Sleep Clause Mod: Limit one foe put to sleep
|rule|Species Clause: Limit one of each Pokémon
|rule|OHKO Clause: OHKO moves are banned
|rule|Evasion Moves Clause: Evasion moves are banned
|rule|Endless Battle Clause: Forcing endless battles is banned
|rule|HP Percentage Mod: HP is shown in percentages
|rule|Dynamax Clause: You cannot dynamax
|clearpoke
|poke|p1|Ninetales-Alola, M|
|poke|p1|Kartana|
|poke|p1|Landorus-Therian, M|
|poke|p1|Arctozolt|
|poke|p1|Heatran, M|
|poke|p1|Toxapex, M|
|poke|p2|Hippowdon, M|
|poke|p2|Zeraora|
|poke|p2|Xatu, F|
|poke|p2|Toxapex, F|
|poke|p2|Corviknight, M|
|poke|p2|Blissey, F|
|teampreview
|
|t:|1659066910
|start
|switch|p1a: Toxapex|Toxapex, M|100/100
|switch|p2a: Toxapex|Toxapex, F, shiny|100/100
|turn|1
|inactive|Battle timer is ON: inactive players will automatically lose when time's up. (requested by lt91bbfakee)
|
|t:|1659066915
|move|p2a: Toxapex|Scald|p1a: Toxapex
|-resisted|p1a: Toxapex
|-damage|p1a: Toxapex|94/100
|-status|p1a: Toxapex|brn
|move|p1a: Toxapex|Toxic Spikes|p2a: Toxapex
|-sidestart|p2: antarctozolt|move: Toxic Spikes
|
|-damage|p1a: Toxapex|88/100 brn|[from] brn
|upkeep
|turn|2
|
|t:|1659066922
|switch|p2a: Corviknight|Corviknight, M, shiny|100/100
|-ability|p2a: Corviknight|Pressure
|move|p1a: Toxapex|Scald|p2a: Corviknight
|-damage|p2a: Corviknight|86/100
|-status|p2a: Corviknight|brn
|
|-heal|p2a: Corviknight|92/100 brn|[from] item: Leftovers
|-damage|p2a: Corviknight|86/100 brn|[from] brn
|-damage|p1a: Toxapex|82/100 brn|[from] brn
|upkeep
|turn|3
|
|t:|1659066927
|switch|p2a: Toxapex|Toxapex, F, shiny|100/100
|-sideend|p2: antarctozolt|move: Toxic Spikes|[of] p2a: Toxapex
|switch|p1a: Heatran|Heatran, M|100/100
|
|upkeep
|turn|4
|j| joey milktank
|
|t:|1659066933
|switch|p1a: Toxapex|Toxapex, M|100/100 brn
|switch|p2a: Xatu|Xatu, F, shiny|100/100
|
|-damage|p1a: Toxapex|95/100 brn|[from] brn
|upkeep
|turn|5
|
|t:|1659066937
|switch|p2a: Toxapex|Toxapex, F, shiny|100/100
|switch|p1a: Heatran|Heatran, M|100/100
|
|upkeep
|turn|6
|
|t:|1659066939
|switch|p1a: Toxapex|Toxapex, M|100/100 brn
|move|p2a: Toxapex|Scald|p1a: Toxapex
|-resisted|p1a: Toxapex
|-damage|p1a: Toxapex|94/100 brn
|
|-damage|p1a: Toxapex|88/100 brn|[from] brn
|upkeep
|turn|7
|j| LT91BB Mimi
|
|t:|1659066943
|move|p1a: Toxapex|Scald|p2a: Toxapex
|-resisted|p2a: Toxapex
|-damage|p2a: Toxapex|94/100
|move|p2a: Toxapex|Scald|p1a: Toxapex
|-resisted|p1a: Toxapex
|-damage|p1a: Toxapex|81/100 brn
|
|-damage|p1a: Toxapex|75/100 brn|[from] brn
|upkeep
|turn|8
|
|t:|1659066947
|switch|p2a: Hippowdon|Hippowdon, M, shiny|100/100
|-weather|Sandstorm|[from] ability: Sand Stream|[of] p2a: Hippowdon
|move|p1a: Toxapex|Scald|p2a: Hippowdon
|-supereffective|p2a: Hippowdon
|-damage|p2a: Hippowdon|63/100
|
|-weather|Sandstorm|[upkeep]
|-damage|p1a: Toxapex|69/100 brn|[from] Sandstorm
|-heal|p2a: Hippowdon|70/100|[from] item: Leftovers
|-damage|p1a: Toxapex|63/100 brn|[from] brn
|upkeep
|turn|9
|j| flat out of luck ❤
|
|t:|1659066953
|move|p2a: Hippowdon|Stealth Rock|p1a: Toxapex
|-sidestart|p1: lt91bbfakee|move: Stealth Rock
|move|p1a: Toxapex|Scald|p2a: Hippowdon
|-supereffective|p2a: Hippowdon
|-damage|p2a: Hippowdon|37/100
|
|-weather|Sandstorm|[upkeep]
|-damage|p1a: Toxapex|57/100 brn|[from] Sandstorm
|-heal|p2a: Hippowdon|43/100|[from] item: Leftovers
|-damage|p1a: Toxapex|51/100 brn|[from] brn
|upkeep
|turn|10
|
|t:|1659066957
|switch|p1a: Landorus|Landorus-Therian, M|100/100
|-damage|p1a: Landorus|88/100|[from] Stealth Rock
|-ability|p1a: Landorus|Intimidate|boost
|-unboost|p2a: Hippowdon|atk|1
|move|p2a: Hippowdon|Slack Off|p2a: Hippowdon
|-heal|p2a: Hippowdon|93/100
|
|-weather|Sandstorm|[upkeep]
|-heal|p1a: Landorus|94/100|[from] item: Leftovers
|-heal|p2a: Hippowdon|99/100|[from] item: Leftovers
|upkeep
|turn|11
|
|t:|1659066959
|move|p1a: Landorus|U-turn|p2a: Hippowdon
|-damage|p2a: Hippowdon|87/100
|
|t:|1659066961
|switch|p1a: Toxapex|Toxapex, M|84/100 brn|[from]move: U-turn
|-damage|p1a: Toxapex|72/100 brn|[from] Stealth Rock
|move|p2a: Hippowdon|Toxic||[still]
|-fail|p2a: Hippowdon
|
|-weather|Sandstorm|[upkeep]
|-damage|p1a: Toxapex|66/100 brn|[from] Sandstorm
|-heal|p2a: Hippowdon|93/100|[from] item: Leftovers
|-damage|p1a: Toxapex|60/100 brn|[from] brn
|upkeep
|turn|12
|
|t:|1659066965
|switch|p2a: Xatu|Xatu, F, shiny|100/100
|switch|p1a: Landorus|Landorus-Therian, M|94/100
|-damage|p1a: Landorus|82/100|[from] Stealth Rock
|-ability|p1a: Landorus|Intimidate|boost
|-unboost|p2a: Xatu|atk|1
|
|-weather|none
|-heal|p1a: Landorus|88/100|[from] item: Leftovers
|upkeep
|turn|13
|j| baby corn yum!
|
|t:|1659066969
|switch|p2a: Hippowdon|Hippowdon, M, shiny|93/100
|-weather|Sandstorm|[from] ability: Sand Stream|[of] p2a: Hippowdon
|move|p1a: Landorus|Defog|p2a: Hippowdon
|-unboost|p2a: Hippowdon|evasion|1
|-sideend|p1: lt91bbfakee|Stealth Rock|[from] move: Defog|[of] p1a: Landorus
|
|-weather|Sandstorm|[upkeep]
|-heal|p1a: Landorus|94/100|[from] item: Leftovers
|-heal|p2a: Hippowdon|99/100|[from] item: Leftovers
|upkeep
|turn|14
|j| LT91BB AlI
|
|t:|1659066973
|move|p1a: Landorus|U-turn|p2a: Hippowdon
|-damage|p2a: Hippowdon|88/100
|
|t:|1659066974
|switch|p1a: Ninetales|Ninetales-Alola, M|100/100|[from]move: U-turn
|-weather|Hail|[from] ability: Snow Warning|[of] p1a: Ninetales
|move|p2a: Hippowdon|Stealth Rock|p1a: Ninetales
|-sidestart|p1: lt91bbfakee|move: Stealth Rock
|
|-weather|Hail|[upkeep]
|-damage|p2a: Hippowdon|82/100|[from] Hail
|-heal|p2a: Hippowdon|88/100|[from] item: Leftovers
|upkeep
|turn|15
|
|t:|1659066983
|switch|p2a: Zeraora|Zeraora, shiny|100/100
|move|p1a: Ninetales|Hypnosis|p2a: Zeraora
|-status|p2a: Zeraora|slp|[from] move: Hypnosis
|
|-weather|Hail|[upkeep]
|-damage|p2a: Zeraora|95/100 slp|[from] Hail
|-heal|p2a: Zeraora|100/100 slp|[from] item: Leftovers
|upkeep
|turn|16
|
|t:|1659066988
|switch|p1a: Arctozolt|Arctozolt|100/100
|cant|p2a: Zeraora|slp
|
|-weather|Hail|[upkeep]
|-damage|p2a: Zeraora|95/100 slp|[from] Hail
|-heal|p2a: Zeraora|100/100 slp|[from] item: Leftovers
|upkeep
|turn|17
|
|t:|1659066990
|move|p1a: Arctozolt|Blizzard|p2a: Zeraora
|-damage|p2a: Zeraora|52/100 slp
|-curestatus|p2a: Zeraora|slp|[msg]
|move|p2a: Zeraora|Knock Off|p1a: Arctozolt
|-damage|p1a: Arctozolt|63/100
|-enditem|p1a: Arctozolt|Heavy-Duty Boots|[from] move: Knock Off|[of] p2a: Zeraora
|
|-weather|Hail|[upkeep]
|-damage|p2a: Zeraora|46/100|[from] Hail
|-heal|p2a: Zeraora|52/100|[from] item: Leftovers
|upkeep
|turn|18
|
|t:|1659067001
|move|p1a: Arctozolt|Blizzard|p2a: Zeraora
|-damage|p2a: Zeraora|4/100
|move|p2a: Zeraora|Blaze Kick|p1a: Arctozolt
|-supereffective|p1a: Arctozolt
|-damage|p1a: Arctozolt|0 fnt
|faint|p1a: Arctozolt
|
|-weather|Hail|[upkeep]
|-damage|p2a: Zeraora|0 fnt|[from] Hail
|faint|p2a: Zeraora
|upkeep
|j| LT91BBTheTHICCman
|
|t:|1659067009
|switch|p2a: Toxapex|Toxapex, F, shiny|100/100
|switch|p1a: Landorus|Landorus-Therian, M|94/100
|-damage|p1a: Landorus|82/100|[from] Stealth Rock
|-ability|p1a: Landorus|Intimidate|boost
|-unboost|p2a: Toxapex|atk|1
|turn|19
|j| saki X toki
|
|t:|1659067015
|switch|p1a: Toxapex|Toxapex, M|94/100 brn
|-damage|p1a: Toxapex|81/100 brn|[from] Stealth Rock
|switch|p2a: Hippowdon|Hippowdon, M, shiny|88/100
|-weather|Sandstorm|[from] ability: Sand Stream|[of] p2a: Hippowdon
|
|-weather|Sandstorm|[upkeep]
|-damage|p1a: Toxapex|75/100 brn|[from] Sandstorm
|-heal|p2a: Hippowdon|94/100|[from] item: Leftovers
|-damage|p1a: Toxapex|69/100 brn|[from] brn
|upkeep
|turn|20
|
|t:|1659067018
|switch|p1a: Landorus|Landorus-Therian, M|82/100
|-damage|p1a: Landorus|69/100|[from] Stealth Rock
|-ability|p1a: Landorus|Intimidate|boost
|-unboost|p2a: Hippowdon|atk|1
|move|p2a: Hippowdon|Earthquake|p1a: Landorus
|-immune|p1a: Landorus
|
|-weather|Sandstorm|[upkeep]
|-heal|p1a: Landorus|75/100|[from] item: Leftovers
|-heal|p2a: Hippowdon|99/100|[from] item: Leftovers
|upkeep
|turn|21
|l| LT91BBTheTHICCman
|
|t:|1659067023
|move|p1a: Landorus|U-turn|p2a: Hippowdon
|-damage|p2a: Hippowdon|88/100
|
|t:|1659067025
|switch|p1a: Toxapex|Toxapex, M|100/100 brn|[from]move: U-turn
|-damage|p1a: Toxapex|88/100 brn|[from] Stealth Rock
|move|p2a: Hippowdon|Toxic||[still]
|-fail|p2a: Hippowdon
|
|-weather|Sandstorm|[upkeep]
|-damage|p1a: Toxapex|82/100 brn|[from] Sandstorm
|-heal|p2a: Hippowdon|94/100|[from] item: Leftovers
|-damage|p1a: Toxapex|76/100 brn|[from] brn
|upkeep
|turn|22
|
|t:|1659067027
|switch|p2a: Corviknight|Corviknight, M, shiny|86/100 brn
|-ability|p2a: Corviknight|Pressure
|move|p1a: Toxapex|Recover|p1a: Toxapex
|-heal|p1a: Toxapex|100/100 brn
|
|-weather|Sandstorm|[upkeep]
|-damage|p1a: Toxapex|95/100 brn|[from] Sandstorm
|-heal|p2a: Corviknight|92/100 brn|[from] item: Leftovers
|-damage|p2a: Corviknight|86/100 brn|[from] brn
|-damage|p1a: Toxapex|89/100 brn|[from] brn
|upkeep
|turn|23
|j| little neverland
|
|t:|1659067030
|move|p2a: Corviknight|U-turn|p1a: Toxapex
|-resisted|p1a: Toxapex
|-damage|p1a: Toxapex|86/100 brn
|-damage|p2a: Corviknight|69/100 brn|[from] item: Rocky Helmet|[of] p1a: Toxapex
|j| confusien
|
|t:|1659067032
|switch|p2a: Blissey|Blissey, F, shiny|100/100|[from]move: U-turn
|move|p1a: Toxapex|Toxic Spikes|p2a: Blissey
|-sidestart|p2: antarctozolt|move: Toxic Spikes
|
|-weather|none
|-damage|p1a: Toxapex|80/100 brn|[from] brn
|upkeep
|turn|24
|
|t:|1659067034
|switch|p1a: Heatran|Heatran, M|100/100
|-damage|p1a: Heatran|88/100|[from] Stealth Rock
|move|p2a: Blissey|Aromatherapy|p2a: Blissey
|-activate|p2a: Blissey|move: Aromatherapy
|-curestatus|p2: Corviknight|brn|[msg]
|
|-heal|p1a: Heatran|94/100|[from] item: Leftovers
|upkeep
|turn|25
|
|t:|1659067038
|switch|p2a: Toxapex|Toxapex, F, shiny|100/100
|-sideend|p2: antarctozolt|move: Toxic Spikes|[of] p2a: Toxapex
|move|p1a: Heatran|Magma Storm|p2a: Toxapex
|-resisted|p2a: Toxapex
|-damage|p2a: Toxapex|84/100
|-activate|p2a: Toxapex|move: Magma Storm|[of] p1a: Heatran
|
|-heal|p1a: Heatran|100/100|[from] item: Leftovers
|-damage|p2a: Toxapex|71/100|[from] move: Magma Storm|[partiallytrapped]
|upkeep
|turn|26
|
|t:|1659067043
|switch|p2a: Xatu|Xatu, F, shiny|100/100
|move|p1a: Heatran|Earth Power|p2a: Xatu
|-immune|p2a: Xatu
|
|upkeep
|turn|27
|
|t:|1659067045
|move|p2a: Xatu|Night Shade|p1a: Heatran
|-damage|p1a: Heatran|75/100
|move|p1a: Heatran|Magma Storm|p2a: Xatu
|-damage|p2a: Xatu|62/100
|-activate|p2a: Xatu|move: Magma Storm|[of] p1a: Heatran
|
|-heal|p2a: Xatu|68/100|[from] item: Leftovers
|-heal|p1a: Heatran|81/100|[from] item: Leftovers
|-damage|p2a: Xatu|56/100|[from] move: Magma Storm|[partiallytrapped]
|upkeep
|turn|28
|
|t:|1659067049
|move|p2a: Xatu|Roost|p2a: Xatu
|-heal|p2a: Xatu|100/100
|-singleturn|p2a: Xatu|move: Roost
|move|p1a: Heatran|Earth Power|p2a: Xatu
|-damage|p2a: Xatu|76/100
|
|-heal|p2a: Xatu|82/100|[from] item: Leftovers
|-heal|p1a: Heatran|87/100|[from] item: Leftovers
|-damage|p2a: Xatu|69/100|[from] move: Magma Storm|[partiallytrapped]
|upkeep
|turn|29
|
|t:|1659067058
|move|p2a: Xatu|Roost|p2a: Xatu
|-heal|p2a: Xatu|100/100
|-singleturn|p2a: Xatu|move: Roost
|move|p1a: Heatran|Earth Power|p2a: Xatu
|-damage|p2a: Xatu|75/100
|
|-heal|p2a: Xatu|81/100|[from] item: Leftovers
|-heal|p1a: Heatran|93/100|[from] item: Leftovers
|-damage|p2a: Xatu|68/100|[from] move: Magma Storm|[partiallytrapped]
|upkeep
|turn|30
|
|t:|1659067062
|move|p2a: Xatu|Night Shade|p1a: Heatran
|-damage|p1a: Heatran|67/100
|move|p1a: Heatran|Magma Storm|p2a: Xatu
|-damage|p2a: Xatu|29/100
|
|-heal|p2a: Xatu|35/100|[from] item: Leftovers
|-heal|p1a: Heatran|74/100|[from] item: Leftovers
|-damage|p2a: Xatu|22/100|[from] move: Magma Storm|[partiallytrapped]
|upkeep
|turn|31
|
|t:|1659067066
|move|p2a: Xatu|Roost|p2a: Xatu
|-heal|p2a: Xatu|73/100
|-singleturn|p2a: Xatu|move: Roost
|move|p1a: Heatran|Earth Power|p2a: Xatu
|-damage|p2a: Xatu|49/100
|
|-heal|p2a: Xatu|55/100|[from] item: Leftovers
|-heal|p1a: Heatran|80/100|[from] item: Leftovers
|-damage|p2a: Xatu|42/100|[from] move: Magma Storm|[partiallytrapped]
|upkeep
|turn|32
|
|t:|1659067070
|move|p2a: Xatu|Roost|p2a: Xatu
|-heal|p2a: Xatu|92/100
|-singleturn|p2a: Xatu|move: Roost
|move|p1a: Heatran|Earth Power|p2a: Xatu
|-damage|p2a: Xatu|67/100
|
|-heal|p2a: Xatu|73/100|[from] item: Leftovers
|-heal|p1a: Heatran|86/100|[from] item: Leftovers
|-end|p2a: Xatu|Magma Storm|[partiallytrapped]
|upkeep
|turn|33
|
|t:|1659067076
|switch|p1a: Toxapex|Toxapex, M|100/100 brn
|-damage|p1a: Toxapex|88/100 brn|[from] Stealth Rock
|move|p2a: Xatu|Roost|p2a: Xatu
|-heal|p2a: Xatu|100/100
|-singleturn|p2a: Xatu|move: Roost
|
|-damage|p1a: Toxapex|82/100 brn|[from] brn
|upkeep
|turn|34
|
|t:|1659067080
|move|p1a: Toxapex|Scald|p2a: Xatu
|-damage|p2a: Xatu|85/100
|-status|p2a: Xatu|brn
|move|p2a: Xatu|Teleport|p2a: Xatu
|
|t:|1659067084
|switch|p2a: Blissey|Blissey, F, shiny|100/100|[from]move: Teleport
|
|-damage|p1a: Toxapex|76/100 brn|[from] brn
|upkeep
|turn|35
|
|t:|1659067087
|move|p2a: Blissey|Aromatherapy|p2a: Blissey
|-activate|p2a: Blissey|move: Aromatherapy
|-curestatus|p2: Xatu|brn|[msg]
|move|p1a: Toxapex|Toxic Spikes|p2a: Blissey
|-sidestart|p2: antarctozolt|move: Toxic Spikes
|
|-damage|p1a: Toxapex|70/100 brn|[from] brn
|upkeep
|turn|36
|
|t:|1659067091
|switch|p2a: Toxapex|Toxapex, F, shiny|100/100
|-sideend|p2: antarctozolt|move: Toxic Spikes|[of] p2a: Toxapex
|move|p1a: Toxapex|Scald|p2a: Toxapex
|-resisted|p2a: Toxapex
|-crit|p2a: Toxapex
|-damage|p2a: Toxapex|90/100
|
|-damage|p1a: Toxapex|65/100 brn|[from] brn
|upkeep
|turn|37
|
|t:|1659067095
|switch|p2a: Corviknight|Corviknight, M, shiny|69/100
|-ability|p2a: Corviknight|Pressure
|move|p1a: Toxapex|Scald|p2a: Corviknight
|-damage|p2a: Corviknight|56/100
|
|-heal|p2a: Corviknight|62/100|[from] item: Leftovers
|-damage|p1a: Toxapex|59/100 brn|[from] brn
|upkeep
|turn|38
|
|t:|1659067098
|move|p2a: Corviknight|Roost|p2a: Corviknight
|-heal|p2a: Corviknight|100/100
|-singleturn|p2a: Corviknight|move: Roost
|move|p1a: Toxapex|Scald|p2a: Corviknight
|-damage|p2a: Corviknight|86/100
|
|-heal|p2a: Corviknight|92/100|[from] item: Leftovers
|-damage|p1a: Toxapex|53/100 brn|[from] brn
|upkeep
|turn|39
|
|t:|1659067105
|switch|p2a: Toxapex|Toxapex, F, shiny|100/100
|move|p1a: Toxapex|Haze|p1a: Toxapex
|-clearallboost
|
|-damage|p1a: Toxapex|47/100 brn|[from] brn
|upkeep
|turn|40
|j| pinkdragontamer
|
|t:|1659067109
|switch|p2a: Hippowdon|Hippowdon, M, shiny|94/100
|-weather|Sandstorm|[from] ability: Sand Stream|[of] p2a: Hippowdon
|move|p1a: Toxapex|Recover|p1a: Toxapex
|-heal|p1a: Toxapex|97/100 brn
|
|-weather|Sandstorm|[upkeep]
|-damage|p1a: Toxapex|91/100 brn|[from] Sandstorm
|-heal|p2a: Hippowdon|99/100|[from] item: Leftovers
|-damage|p1a: Toxapex|85/100 brn|[from] brn
|upkeep
|turn|41
|
|t:|1659067111
|move|p2a: Hippowdon|Earthquake|p1a: Toxapex
|-supereffective|p1a: Toxapex
|-damage|p1a: Toxapex|39/100 brn
|move|p1a: Toxapex|Scald|p2a: Hippowdon
|-supereffective|p2a: Hippowdon
|-damage|p2a: Hippowdon|67/100
|
|-weather|Sandstorm|[upkeep]
|-damage|p1a: Toxapex|33/100 brn|[from] Sandstorm
|-heal|p2a: Hippowdon|74/100|[from] item: Leftovers
|-damage|p1a: Toxapex|27/100 brn|[from] brn
|upkeep
|turn|42
|l| pinkdragontamer
|
|t:|1659067114
|switch|p1a: Landorus|Landorus-Therian, M|75/100
|-damage|p1a: Landorus|63/100|[from] Stealth Rock
|-ability|p1a: Landorus|Intimidate|boost
|-unboost|p2a: Hippowdon|atk|1
|move|p2a: Hippowdon|Toxic|p1a: Landorus
|-status|p1a: Landorus|tox
|
|-weather|Sandstorm|[upkeep]
|-heal|p1a: Landorus|69/100 tox|[from] item: Leftovers
|-heal|p2a: Hippowdon|80/100|[from] item: Leftovers
|-damage|p1a: Landorus|63/100 tox|[from] psn
|upkeep
|turn|43
|
|t:|1659067121
|move|p1a: Landorus|Defog|p2a: Hippowdon
|-unboost|p2a: Hippowdon|evasion|1
|-sideend|p1: lt91bbfakee|Stealth Rock|[from] move: Defog|[of] p1a: Landorus
|move|p2a: Hippowdon|Slack Off|p2a: Hippowdon
|-heal|p2a: Hippowdon|100/100
|
|-weather|Sandstorm|[upkeep]
|-heal|p1a: Landorus|69/100 tox|[from] item: Leftovers
|-damage|p1a: Landorus|57/100 tox|[from] psn
|upkeep
|turn|44
|
|t:|1659067123
|move|p1a: Landorus|U-turn|p2a: Hippowdon
|-damage|p2a: Hippowdon|88/100
|
|t:|1659067124
|switch|p1a: Ninetales|Ninetales-Alola, M|100/100|[from]move: U-turn
|-weather|Hail|[from] ability: Snow Warning|[of] p1a: Ninetales
|move|p2a: Hippowdon|Stealth Rock|p1a: Ninetales
|-sidestart|p1: lt91bbfakee|move: Stealth Rock
|
|-weather|Hail|[upkeep]
|-damage|p2a: Hippowdon|82/100|[from] Hail
|-heal|p2a: Hippowdon|88/100|[from] item: Leftovers
|upkeep
|turn|45
|
|t:|1659067128
|move|p1a: Ninetales|Nasty Plot|p1a: Ninetales
|-boost|p1a: Ninetales|spa|2
|move|p2a: Hippowdon|Toxic|p1a: Ninetales
|-status|p1a: Ninetales|tox
|
|-weather|Hail|[upkeep]
|-damage|p2a: Hippowdon|82/100|[from] Hail
|-heal|p2a: Hippowdon|88/100|[from] item: Leftovers
|-damage|p1a: Ninetales|95/100 tox|[from] psn
|upkeep
|turn|46
|
|t:|1659067131
|switch|p2a: Blissey|Blissey, F, shiny|100/100
|move|p1a: Ninetales|Freeze-Dry|p2a: Blissey
|-damage|p2a: Blissey|83/100
|
|-weather|Hail|[upkeep]
|-damage|p2a: Blissey|77/100|[from] Hail
|-damage|p1a: Ninetales|83/100 tox|[from] psn
|upkeep
|turn|47
|
|t:|1659067134
|move|p1a: Ninetales|Hypnosis|p2a: Blissey
|-status|p2a: Blissey|slp|[from] move: Hypnosis
|cant|p2a: Blissey|slp
|
|-weather|Hail|[upkeep]
|-damage|p2a: Blissey|70/100 slp|[from] Hail
|-damage|p1a: Ninetales|65/100 tox|[from] psn
|upkeep
|turn|48
|
|t:|1659067136
|move|p1a: Ninetales|Moonblast|p2a: Blissey
|-damage|p2a: Blissey|45/100 slp
|-unboost|p2a: Blissey|spa|1
|cant|p2a: Blissey|slp
|
|-weather|Hail|[upkeep]
|-damage|p2a: Blissey|39/100 slp|[from] Hail
|-damage|p1a: Ninetales|41/100 tox|[from] psn
|upkeep
|turn|49
|
|t:|1659067138
|move|p1a: Ninetales|Moonblast|p2a: Blissey
|-damage|p2a: Blissey|13/100 slp
|-curestatus|p2a: Blissey|slp|[msg]
|move|p2a: Blissey|Soft-Boiled|p2a: Blissey
|-heal|p2a: Blissey|63/100
|
|-weather|Hail|[upkeep]
|-damage|p2a: Blissey|57/100|[from] Hail
|-damage|p1a: Ninetales|11/100 tox|[from] psn
|upkeep
|turn|50
|-message|lt91bbfakee forfeited.
|
|win|antarctozolt
|raw|lt91bbfakee's rating: 1808 &rarr; <strong>1794</strong><br />(-14 for losing)
|raw|antarctozolt's rating: 1914 &rarr; <strong>1928</strong><br />(+14 for winning)
|l|☆lt91bbfakee
