|raw|<div class="broadcast-blue"><strong>This battle is required to be public due to a player having a name starting with 'lt94je'.</div>
|j|☆LT94JE Kith
|j|☆Barracades
|t:|1661634386
|gametype|singles
|player|p1|LT94JE Kith|102|1784
|player|p2|Barracades|bruno-gen2|1844
|teamsize|p1|6
|teamsize|p2|6
|gen|8
|tier|[Gen 8] OU
|rated|
|rule|Sleep Clause Mod: Limit one foe put to sleep
|rule|Species Clause: Limit one of each Pokémon
|rule|OHKO Clause: OHKO moves are banned
|rule|Evasion Items Clause: Evasion items are banned
|rule|Evasion Moves Clause: Evasion moves are banned
|rule|Endless Battle Clause: Forcing endless battles is banned
|rule|HP Percentage Mod: HP is shown in percentages
|rule|Dynamax Clause: You cannot dynamax
|clearpoke
|poke|p1|Dragapult, M|
|poke|p1|Ninetales-Alola, F|
|poke|p1|Cloyster, F|
|poke|p1|Garchomp, M|
|poke|p1|Heatran, F|
|poke|p1|Scizor, M|
|poke|p2|Dragapult, M|
|poke|p2|Obstagoon, M|
|poke|p2|Melmetal|
|poke|p2|Volcanion|
|poke|p2|Mamoswine, M|
|poke|p2|Buzzwole|
|teampreview
|inactive|Battle timer is ON: inactive players will automatically lose when time's up. (requested by LT94JE Kith)
|c|☆Barracades|hf
|j| LT91BB Livio
|j| Empo
|
|t:|1661634402
|start
|switch|p1a: Heatran|Heatran, F|100/100
|switch|p2a: Behemoth|Mamoswine, M, shiny|100/100
|-item|p1a: Heatran|Air Balloon
|turn|1
|
|t:|1661634407
|move|p2a: Behemoth|Ice Shard|p1a: Heatran
|-resisted|p1a: Heatran
|-damage|p1a: Heatran|96/100
|-enditem|p1a: Heatran|Air Balloon
|move|p1a: Heatran|Magma Storm|p2a: Behemoth
|-supereffective|p2a: Behemoth
|-damage|p2a: Behemoth|23/100
|-activate|p2a: Behemoth|move: Magma Storm|[of] p1a: Heatran
|
|-damage|p2a: Behemoth|11/100|[from] move: Magma Storm|[partiallytrapped]
|upkeep
|turn|2
|
|t:|1661634414
|move|p2a: Behemoth|Earthquake|p1a: Heatran
|-supereffective|p1a: Heatran
|-damage|p1a: Heatran|0 fnt
|faint|p1a: Heatran
|
|-end|p2a: Behemoth|Magma Storm|[partiallytrapped]|[silent]
|upkeep
|
|t:|1661634417
|switch|p1a: Ninetales|Ninetales-Alola, F|100/100
|-weather|Hail|[from] ability: Snow Warning|[of] p1a: Ninetales
|turn|3
|
|t:|1661634420
|move|p1a: Ninetales|Freeze-Dry|p2a: Behemoth
|-damage|p2a: Behemoth|0 fnt
|faint|p2a: Behemoth
|
|-weather|Hail|[upkeep]
|upkeep
|
|t:|1661634423
|switch|p2a: Fate|Melmetal, shiny|100/100
|turn|4
|
|t:|1661634427
|switch|p1a: Scizor|Scizor, M|100/100
|move|p2a: Fate|Double Iron Bash|p1a: Scizor
|-resisted|p1a: Scizor
|-damage|p1a: Scizor|85/100
|-resisted|p1a: Scizor
|-damage|p1a: Scizor|66/100
|-hitcount|p1a: Scizor|2
|
|-weather|Hail|[upkeep]
|-damage|p1a: Scizor|60/100|[from] Hail
|-damage|p2a: Fate|94/100|[from] Hail
|-heal|p1a: Scizor|66/100|[from] item: Leftovers
|-heal|p2a: Fate|100/100|[from] item: Leftovers
|upkeep
|turn|5
|
|t:|1661634433
|switch|p2a: Magatama|Volcanion|100/100
|move|p1a: Scizor|Roost|p1a: Scizor
|-heal|p1a: Scizor|100/100
|-singleturn|p1a: Scizor|move: Roost
|
|-weather|Hail|[upkeep]
|-damage|p1a: Scizor|94/100|[from] Hail
|-damage|p2a: Magatama|94/100|[from] Hail
|-heal|p1a: Scizor|100/100|[from] item: Leftovers
|upkeep
|turn|6
|
|t:|1661634437
|switch|p1a: Dragapult|Dragapult, M|100/100
|move|p2a: Magatama|Steam Eruption|p1a: Dragapult
|-resisted|p1a: Dragapult
|-damage|p1a: Dragapult|58/100
|-status|p1a: Dragapult|brn
|
|-weather|Hail|[upkeep]
|-damage|p1a: Dragapult|52/100 brn|[from] Hail
|-damage|p2a: Magatama|88/100|[from] Hail
|-damage|p1a: Dragapult|46/100 brn|[from] brn
|upkeep
|turn|7
|
|t:|1661634444
|switch|p2a: Fate|Melmetal, shiny|100/100
|move|p1a: Dragapult|Dragon Darts|p2a: Fate
|-resisted|p2a: Fate
|-damage|p2a: Fate|97/100
|-anim|p1a: Dragapult|Dragon Darts|p2a: Fate
|-resisted|p2a: Fate
|-damage|p2a: Fate|93/100
|
|-weather|none
|-heal|p2a: Fate|99/100|[from] item: Leftovers
|-damage|p1a: Dragapult|40/100 brn|[from] brn
|upkeep
|turn|8
|
|t:|1661634448
|switch|p1a: Scizor|Scizor, M|100/100
|move|p2a: Fate|Earthquake|p1a: Scizor
|-damage|p1a: Scizor|70/100
|
|-heal|p1a: Scizor|77/100|[from] item: Leftovers
|-heal|p2a: Fate|100/100|[from] item: Leftovers
|upkeep
|turn|9
|
|t:|1661634452
|switch|p2a: Magatama|Volcanion|88/100
|move|p1a: Scizor|Knock Off|p2a: Magatama
|-damage|p2a: Magatama|58/100
|-enditem|p2a: Magatama|Heavy-Duty Boots|[from] move: Knock Off|[of] p1a: Scizor
|
|-heal|p1a: Scizor|83/100|[from] item: Leftovers
|upkeep
|turn|10
|
|t:|1661634458
|switch|p1a: Dragapult|Dragapult, M|40/100 brn
|move|p2a: Magatama|Steam Eruption|p1a: Dragapult
|-resisted|p1a: Dragapult
|-crit|p1a: Dragapult
|-damage|p1a: Dragapult|0 fnt
|faint|p1a: Dragapult
|
|upkeep
|
|t:|1661634460
|switch|p1a: Ninetales|Ninetales-Alola, F|100/100
|-weather|Hail|[from] ability: Snow Warning|[of] p1a: Ninetales
|turn|11
|
|t:|1661634464
|move|p1a: Ninetales|Aurora Veil|p1a: Ninetales
|-sidestart|p1: LT94JE Kith|move: Aurora Veil
|move|p2a: Magatama|Flamethrower|p1a: Ninetales
|-supereffective|p1a: Ninetales
|-damage|p1a: Ninetales|49/100
|
|-weather|Hail|[upkeep]
|-damage|p2a: Magatama|52/100|[from] Hail
|upkeep
|turn|12
|
|t:|1661634471
|switch|p2a: Leviathan|Dragapult, M, shiny|100/100
|move|p1a: Ninetales|Hypnosis|p2a: Leviathan
|-status|p2a: Leviathan|slp|[from] move: Hypnosis
|
|-weather|Hail|[upkeep]
|-damage|p2a: Leviathan|95/100 slp|[from] Hail
|upkeep
|turn|13
|
|t:|1661634479
|switch|p2a: Fate|Melmetal, shiny|100/100
|switch|p1a: Garchomp|Garchomp, M|100/100
|
|-weather|Hail|[upkeep]
|-damage|p1a: Garchomp|94/100|[from] Hail
|-damage|p2a: Fate|94/100|[from] Hail
|-heal|p1a: Garchomp|100/100|[from] item: Leftovers
|-heal|p2a: Fate|100/100|[from] item: Leftovers
|upkeep
|turn|14
|
|t:|1661634484
|move|p1a: Garchomp|Swords Dance|p1a: Garchomp
|-boost|p1a: Garchomp|atk|2
|move|p2a: Fate|Toxic|p1a: Garchomp
|-status|p1a: Garchomp|tox
|
|-weather|Hail|[upkeep]
|-damage|p1a: Garchomp|94/100 tox|[from] Hail
|-damage|p2a: Fate|94/100|[from] Hail
|-heal|p1a: Garchomp|100/100 tox|[from] item: Leftovers
|-heal|p2a: Fate|100/100|[from] item: Leftovers
|-damage|p1a: Garchomp|94/100 tox|[from] psn
|upkeep
|turn|15
|
|t:|1661634488
|move|p2a: Fate|Protect|p2a: Fate
|-singleturn|p2a: Fate|Protect
|move|p1a: Garchomp|Swords Dance|p1a: Garchomp
|-boost|p1a: Garchomp|atk|2
|
|-weather|none
|-heal|p1a: Garchomp|100/100 tox|[from] item: Leftovers
|-damage|p1a: Garchomp|88/100 tox|[from] psn
|upkeep
|turn|16
|
|t:|1661634492
|switch|p2a: Vilgax|Buzzwole, shiny|100/100
|move|p1a: Garchomp|Fire Fang|p2a: Vilgax
|-supereffective|p2a: Vilgax
|-damage|p2a: Vilgax|8/100
|
|-heal|p1a: Garchomp|94/100 tox|[from] item: Leftovers
|-damage|p1a: Garchomp|76/100 tox|[from] psn
|upkeep
|turn|17
|
|t:|1661634498
|move|p2a: Vilgax|Close Combat|p1a: Garchomp
|-damage|p1a: Garchomp|43/100 tox
|-unboost|p2a: Vilgax|def|1
|-unboost|p2a: Vilgax|spd|1
|-damage|p2a: Vilgax|0 fnt|[from] ability: Rough Skin|[of] p1a: Garchomp
|faint|p2a: Vilgax
|move|p1a: Garchomp|Earthquake|p2: Vilgax|[notarget]
|-fail|p1a: Garchomp
|
|-heal|p1a: Garchomp|50/100 tox|[from] item: Leftovers
|-damage|p1a: Garchomp|25/100 tox|[from] psn
|upkeep
|
|t:|1661634502
|switch|p2a: Fate|Melmetal, shiny|100/100
|turn|18
|
|t:|1661634508
|switch|p1a: Scizor|Scizor, M|83/100
|move|p2a: Fate|Protect||[still]
|-fail|p2a: Fate
|
|-heal|p1a: Scizor|89/100|[from] item: Leftovers
|-sideend|p1: LT94JE Kith|move: Aurora Veil
|upkeep
|turn|19
|j| frizzi_boi
|
|t:|1661634518
|switch|p1a: Ninetales|Ninetales-Alola, F|49/100
|-weather|Hail|[from] ability: Snow Warning|[of] p1a: Ninetales
|move|p2a: Fate|Protect||[still]
|-fail|p2a: Fate
|
|-weather|Hail|[upkeep]
|-damage|p2a: Fate|94/100|[from] Hail
|-heal|p2a: Fate|100/100|[from] item: Leftovers
|upkeep
|turn|20
|
|t:|1661634532
|switch|p1a: Scizor|Scizor, M|89/100
|switch|p2a: Missingno|Obstagoon, M, shiny|100/100
|
|-weather|Hail|[upkeep]
|-damage|p2a: Missingno|94/100|[from] Hail
|-damage|p1a: Scizor|83/100|[from] Hail
|-heal|p1a: Scizor|89/100|[from] item: Leftovers
|-status|p2a: Missingno|brn|[from] item: Flame Orb
|upkeep
|turn|21
|
|t:|1661634541
|switch|p1a: Ninetales|Ninetales-Alola, F|49/100
|move|p2a: Missingno|Knock Off|p1a: Ninetales
|-resisted|p1a: Ninetales
|-damage|p1a: Ninetales|8/100
|-enditem|p1a: Ninetales|Light Clay|[from] move: Knock Off|[of] p2a: Missingno
|
|-weather|Hail|[upkeep]
|-damage|p2a: Missingno|88/100 brn|[from] Hail
|-damage|p2a: Missingno|82/100 brn|[from] brn
|upkeep
|turn|22
|
|t:|1661634548
|switch|p1a: Scizor|Scizor, M|89/100
|move|p2a: Missingno|Knock Off|p1a: Scizor
|-damage|p1a: Scizor|22/100
|-enditem|p1a: Scizor|Leftovers|[from] move: Knock Off|[of] p2a: Missingno
|
|-weather|Hail|[upkeep]
|-damage|p2a: Missingno|76/100 brn|[from] Hail
|-damage|p1a: Scizor|16/100|[from] Hail
|-damage|p2a: Missingno|70/100 brn|[from] brn
|upkeep
|turn|23
|
|t:|1661634560
|move|p1a: Scizor|Bullet Punch|p2a: Missingno
|-damage|p2a: Missingno|35/100 brn
|move|p2a: Missingno|Facade|p1a: Scizor
|-resisted|p1a: Scizor
|-damage|p1a: Scizor|0 fnt
|faint|p1a: Scizor
|
|-weather|none
|-damage|p2a: Missingno|29/100 brn|[from] brn
|upkeep
|
|t:|1661634567
|switch|p1a: Garchomp|Garchomp, M|25/100 tox
|turn|24
|
|t:|1661634570
|move|p2a: Missingno|Obstruct|p2a: Missingno
|-singleturn|p2a: Missingno|Protect
|move|p1a: Garchomp|Earthquake|p2a: Missingno
|-activate|p2a: Missingno|move: Protect
|
|-heal|p1a: Garchomp|31/100 tox|[from] item: Leftovers
|-damage|p1a: Garchomp|25/100 tox|[from] psn
|-damage|p2a: Missingno|23/100 brn|[from] brn
|upkeep
|turn|25
|
|t:|1661634573
|switch|p2a: Leviathan|Dragapult, M, shiny|95/100 slp
|move|p1a: Garchomp|Earthquake|p2a: Leviathan
|-crit|p2a: Leviathan
|-damage|p2a: Leviathan|0 fnt
|faint|p2a: Leviathan
|
|-heal|p1a: Garchomp|31/100 tox|[from] item: Leftovers
|-damage|p1a: Garchomp|19/100 tox|[from] psn
|upkeep
|
|t:|1661634588
|switch|p2a: Fate|Melmetal, shiny|100/100
|turn|26
|
|t:|1661634600
|switch|p1a: Ninetales|Ninetales-Alola, F|8/100
|-weather|Hail|[from] ability: Snow Warning|[of] p1a: Ninetales
|move|p2a: Fate|Protect||[still]
|-fail|p2a: Fate
|
|-weather|Hail|[upkeep]
|-damage|p2a: Fate|94/100|[from] Hail
|-heal|p2a: Fate|100/100|[from] item: Leftovers
|upkeep
|turn|27
|j| Oily man
|
|t:|1661634615
|switch|p2a: Magatama|Volcanion|52/100
|move|p1a: Ninetales|Hypnosis|p2a: Magatama
|-status|p2a: Magatama|slp|[from] move: Hypnosis
|
|-weather|Hail|[upkeep]
|-damage|p2a: Magatama|46/100 slp|[from] Hail
|upkeep
|turn|28
|
|t:|1661634636
|switch|p1a: Garchomp|Garchomp, M|19/100 tox
|switch|p2a: Fate|Melmetal, shiny|100/100
|
|-weather|Hail|[upkeep]
|-damage|p1a: Garchomp|13/100 tox|[from] Hail
|-damage|p2a: Fate|94/100|[from] Hail
|-heal|p1a: Garchomp|19/100 tox|[from] item: Leftovers
|-heal|p2a: Fate|100/100|[from] item: Leftovers
|-damage|p1a: Garchomp|13/100 tox|[from] psn
|upkeep
|turn|29
|
|t:|1661634645
|move|p2a: Fate|Protect|p2a: Fate
|-singleturn|p2a: Fate|Protect
|move|p1a: Garchomp|Swords Dance|p1a: Garchomp
|-boost|p1a: Garchomp|atk|2
|
|-weather|Hail|[upkeep]
|-damage|p1a: Garchomp|6/100 tox|[from] Hail
|-damage|p2a: Fate|94/100|[from] Hail
|-heal|p1a: Garchomp|13/100 tox|[from] item: Leftovers
|-heal|p2a: Fate|100/100|[from] item: Leftovers
|-damage|p1a: Garchomp|0 fnt|[from] psn
|faint|p1a: Garchomp
|upkeep
|
|t:|1661634655
|switch|p1a: Ninetales|Ninetales-Alola, F|8/100
|turn|30
|
|t:|1661634659
|move|p1a: Ninetales|Aurora Veil|p1a: Ninetales
|-sidestart|p1: LT94JE Kith|move: Aurora Veil
|move|p2a: Fate|Toxic|p1a: Ninetales|[miss]
|-miss|p2a: Fate|p1a: Ninetales
|
|-weather|none
|upkeep
|turn|31
|
|t:|1661634663
|move|p1a: Ninetales|Freeze-Dry|p2a: Fate
|-resisted|p2a: Fate
|-damage|p2a: Fate|93/100
|move|p2a: Fate|Toxic|p1a: Ninetales
|-status|p1a: Ninetales|tox
|
|-heal|p2a: Fate|99/100|[from] item: Leftovers
|-damage|p1a: Ninetales|2/100 tox|[from] psn
|upkeep
|turn|32
|
|t:|1661634667
|move|p2a: Fate|Protect|p2a: Fate
|-singleturn|p2a: Fate|Protect
|move|p1a: Ninetales|Freeze-Dry|p2a: Fate
|-activate|p2a: Fate|move: Protect
|
|-heal|p2a: Fate|100/100|[from] item: Leftovers
|-damage|p1a: Ninetales|0 fnt|[from] psn
|faint|p1a: Ninetales
|upkeep
|
|t:|1661634669
|switch|p1a: Cloyster|Cloyster, F|100/100
|turn|33
|
|t:|1661634670
|move|p1a: Cloyster|Shell Smash|p1a: Cloyster
|-unboost|p1a: Cloyster|def|1
|-unboost|p1a: Cloyster|spd|1
|-boost|p1a: Cloyster|atk|2
|-boost|p1a: Cloyster|spa|2
|-boost|p1a: Cloyster|spe|2
|move|p2a: Fate|Toxic|p1a: Cloyster
|-status|p1a: Cloyster|tox
|
|-damage|p1a: Cloyster|94/100 tox|[from] psn
|upkeep
|turn|34
|
|t:|1661634673
|move|p1a: Cloyster|Shell Smash|p1a: Cloyster
|-unboost|p1a: Cloyster|def|1
|-unboost|p1a: Cloyster|spd|1
|-boost|p1a: Cloyster|atk|2
|-boost|p1a: Cloyster|spa|2
|-boost|p1a: Cloyster|spe|2
|move|p2a: Fate|Double Iron Bash|p1a: Cloyster
|-damage|p1a: Cloyster|66/100 tox
|-damage|p1a: Cloyster|40/100 tox
|-hitcount|p1a: Cloyster|2
|
|-damage|p1a: Cloyster|28/100 tox|[from] psn
|-sideend|p1: LT94JE Kith|move: Aurora Veil
|upkeep
|turn|35
|
|t:|1661634677
|move|p2a: Fate|Protect|p2a: Fate
|-singleturn|p2a: Fate|Protect
|move|p1a: Cloyster|Hydro Pump|p2a: Fate
|-activate|p2a: Fate|move: Protect
|
|-damage|p1a: Cloyster|9/100 tox|[from] psn
|upkeep
|turn|36
|
|t:|1661634681
|switch|p2a: Magatama|Volcanion|46/100 slp
|move|p1a: Cloyster|Icicle Spear|p2a: Magatama
|-resisted|p2a: Magatama
|-damage|p2a: Magatama|39/100 slp
|-resisted|p2a: Magatama
|-damage|p2a: Magatama|34/100 slp
|-resisted|p2a: Magatama
|-damage|p2a: Magatama|27/100 slp
|-resisted|p2a: Magatama
|-damage|p2a: Magatama|22/100 slp
|-resisted|p2a: Magatama
|-damage|p2a: Magatama|15/100 slp
|-hitcount|p2a: Magatama|5
|
|-damage|p1a: Cloyster|0 fnt|[from] psn
|faint|p1a: Cloyster
|
|win|Barracades
|upkeep
|raw|LT94JE Kith's rating: 1784 &rarr; <strong>1767</strong><br />(-17 for losing)
|raw|Barracades's rating: 1844 &rarr; <strong>1861</strong><br />(+17 for winning)
|l| frizzi_boi
|l|☆LT94JE Kith
|c|☆Barracades|gg
