|raw|<div class="broadcast-blue"><strong>This battle is required to be public due to a player having a name starting with 'lt81yl'.</div>
|j|☆LT81YL MimikyuStrD
|j|☆Lenape
|t:|1625075096
|gametype|singles
|player|p1|LT81YL MimikyuStrD|lillie-z|1730
|player|p2|Lenape|170|1921
|teamsize|p1|6
|teamsize|p2|6
|gen|8
|tier|[Gen 8] OU
|rated|
|rule|Sleep Clause Mod: Limit one foe put to sleep
|rule|Species Clause: Limit one of each Pokémon
|rule|OHKO Clause: OHKO moves are banned
|rule|Evasion Moves Clause: Evasion moves are banned
|rule|Endless Battle Clause: Forcing endless battles is banned
|rule|HP Percentage Mod: HP is shown in percentages
|rule|Dynamax Clause: You cannot dynamax
|clearpoke
|poke|p1|Raboot, M|
|poke|p1|Tapu Lele|
|poke|p1|Mandibuzz, F|
|poke|p1|Magnezone|
|poke|p1|Garchomp, M|
|poke|p1|Polteageist|
|poke|p2|Rotom-Heat|
|poke|p2|Corviknight, M|
|poke|p2|Sylveon, F|
|poke|p2|Rhyperior, M|
|poke|p2|Toxapex, F|
|poke|p2|Umbreon, M|
|teampreview
|j| LT81YL Power
|inactive|Battle timer is ON: inactive players will automatically lose when time's up. (requested by Lenape)
|j| slainey?
|j|+Ox the Fox
|l| LT81YL Power
|
|t:|1625075105
|start
|switch|p1a: Tapu Lele|Tapu Lele|100/100
|switch|p2a: Rotom|Rotom-Heat|100/100
|-fieldstart|move: Psychic Terrain|[from] ability: Psychic Surge|[of] p1a: Tapu Lele
|turn|1
|j| Enzonana
|j| LT81YL Tace
|
|t:|1625075109
|switch|p1a: Kakashi|Raboot, M|100/100
|move|p2a: Rotom|Trick|p1a: Kakashi
|-activate|p2a: Rotom|move: Trick|[of] p1a: Kakashi
|-item|p1a: Kakashi|Choice Scarf|[from] move: Trick
|-item|p2a: Rotom|Choice Scarf|[from] move: Trick
|
|upkeep
|turn|2
|
|t:|1625075113
|move|p1a: Kakashi|Gunk Shot|p2a: Rotom|[miss]
|-start|p1a: Kakashi|typechange|Poison|[from] ability: Libero
|-miss|p1a: Kakashi|p2a: Rotom
|move|p2a: Rotom|Discharge|p1a: Kakashi
|-damage|p1a: Kakashi|50/100
|-status|p1a: Kakashi|par
|
|upkeep
|turn|3
|
|t:|1625075118
|switch|p2a: Rhyperior|Rhyperior, M|100/100
|move|p1a: Kakashi|Gunk Shot|p2a: Rhyperior
|-resisted|p2a: Rhyperior
|-damage|p2a: Rhyperior|92/100
|
|-heal|p2a: Rhyperior|98/100|[from] item: Leftovers
|upkeep
|turn|4
|
|t:|1625075121
|move|p1a: Kakashi|Gunk Shot|p2a: Rhyperior
|-resisted|p2a: Rhyperior
|-damage|p2a: Rhyperior|90/100
|move|p2a: Rhyperior|Stealth Rock|p1a: Kakashi
|-sidestart|p1: LT81YL MimikyuStrD|move: Stealth Rock
|
|-heal|p2a: Rhyperior|96/100|[from] item: Leftovers
|upkeep
|turn|5
|
|t:|1625075125
|move|p1a: Kakashi|Gunk Shot|p2a: Rhyperior
|-resisted|p2a: Rhyperior
|-damage|p2a: Rhyperior|87/100
|move|p2a: Rhyperior|Earthquake|p1a: Kakashi
|-supereffective|p1a: Kakashi
|-damage|p1a: Kakashi|0 fnt
|faint|p1a: Kakashi
|
|-heal|p2a: Rhyperior|94/100|[from] item: Leftovers
|-fieldend|move: Psychic Terrain
|upkeep
|c| slainey?|Lenape youve literally been using this team for 2 years
|j| zudolio
|
|t:|1625075132
|switch|p1a: Tapu Lele|Tapu Lele|100/100
|-damage|p1a: Tapu Lele|88/100|[from] Stealth Rock
|-fieldstart|move: Psychic Terrain|[from] ability: Psychic Surge|[of] p1a: Tapu Lele
|turn|6
|j| anique
|j| Wibblemouse
|
|t:|1625075139
|switch|p2a: Rotom|Rotom-Heat|100/100
|move|p1a: Tapu Lele|Psychic|p2a: Rotom
|-damage|p2a: Rotom|5/100
|
|upkeep
|turn|7
|j| yop on the flux
|j| kani baru
|j| Okayu supremacy
|
|t:|1625075145
|move|p2a: Rotom|Trick|p1a: Tapu Lele
|-activate|p2a: Rotom|move: Trick|[of] p1a: Tapu Lele
|-item|p1a: Tapu Lele|Choice Scarf|[from] move: Trick
|-item|p2a: Rotom|Choice Specs|[from] move: Trick
|move|p1a: Tapu Lele|Psychic|p2a: Rotom
|-damage|p2a: Rotom|0 fnt
|faint|p2a: Rotom
|
|upkeep
|j| Gooberstrawmbee
|j| LT81YL RL
|
|t:|1625075153
|switch|p2a: Umbreon|Umbreon, M|100/100
|turn|8
|j| LT81YL Yelo
|j| amimec
|j| pliang838
|j| Miwa Kasumi
|j| Down The Hatchet
|
|t:|1625075165
|switch|p1a: Mandibuzz|Mandibuzz, F|100/100
|switch|p2a: Sylveon|Sylveon, F|100/100
|
|upkeep
|turn|9
|j| kosmic explorer
|c| Wibblemouse|if it ain't broke don't fix it I guess
|
|t:|1625075168
|move|p1a: Mandibuzz|Defog|p2a: Sylveon
|-unboost|p2a: Sylveon|evasion|1
|-sideend|p1: LT81YL MimikyuStrD|Stealth Rock|[from] move: Defog|[of] p1a: Mandibuzz
|-fieldend|move: Psychic Terrain
|move|p2a: Sylveon|Calm Mind|p2a: Sylveon
|-boost|p2a: Sylveon|spa|1
|-boost|p2a: Sylveon|spd|1
|
|upkeep
|turn|10
|j| croo
|
|t:|1625075172
|move|p1a: Mandibuzz|U-turn|p2a: Sylveon
|-resisted|p2a: Sylveon
|-damage|p2a: Sylveon|94/100
|j| LT81YL Manolo
|l| kosmic explorer
|j| kosmic explorer
|
|t:|1625075175
|switch|p1a: Tapu Lele|Tapu Lele|88/100|[from]move: U-turn
|-fieldstart|move: Psychic Terrain|[from] ability: Psychic Surge|[of] p1a: Tapu Lele
|move|p2a: Sylveon|Hyper Voice|p1a: Tapu Lele
|-damage|p1a: Tapu Lele|22/100
|
|-heal|p2a: Sylveon|99/100|[from] item: Leftovers
|upkeep
|turn|11
|
|t:|1625075178
|move|p2a: Sylveon|Protect|p2a: Sylveon
|-singleturn|p2a: Sylveon|Protect
|move|p1a: Tapu Lele|Psyshock|p2a: Sylveon
|-activate|p2a: Sylveon|move: Protect
|
|-heal|p2a: Sylveon|100/100|[from] item: Leftovers
|upkeep
|turn|12
|l| Okayu supremacy
|
|t:|1625075181
|switch|p2a: Umbreon|Umbreon, M|100/100
|move|p1a: Tapu Lele|Psyshock|p2a: Umbreon
|-immune|p2a: Umbreon
|
|upkeep
|turn|13
|
|t:|1625075185
|switch|p1a: Magnezone|Magnezone|100/100
|move|p2a: Umbreon|Wish|p2a: Umbreon
|
|upkeep
|turn|14
|l| yop on the flux
|
|t:|1625075190
|switch|p2a: Rhyperior|Rhyperior, M|94/100
|move|p1a: Magnezone|Substitute|p1a: Magnezone
|-start|p1a: Magnezone|Substitute
|-damage|p1a: Magnezone|75/100
|
|-heal|p2a: Rhyperior|100/100|[from] move: Wish|[wisher] Umbreon
|-fieldend|move: Psychic Terrain
|upkeep
|turn|15
|
|t:|1625075194
|move|p1a: Magnezone|Flash Cannon|p2a: Rhyperior
|-supereffective|p2a: Rhyperior
|-damage|p2a: Rhyperior|42/100
|move|p2a: Rhyperior|Earthquake|p1a: Magnezone
|-supereffective|p1a: Magnezone
|-end|p1a: Magnezone|Substitute
|
|-heal|p2a: Rhyperior|49/100|[from] item: Leftovers
|upkeep
|turn|16
|
|t:|1625075201
|move|p1a: Magnezone|Flash Cannon|p2a: Rhyperior
|-supereffective|p2a: Rhyperior
|-damage|p2a: Rhyperior|0 fnt
|faint|p2a: Rhyperior
|
|upkeep
|
|t:|1625075209
|switch|p2a: Umbreon|Umbreon, M|100/100
|turn|17
|
|t:|1625075215
|move|p1a: Magnezone|Substitute|p1a: Magnezone
|-start|p1a: Magnezone|Substitute
|-damage|p1a: Magnezone|50/100
|move|p2a: Umbreon|Foul Play|p1a: Magnezone
|-activate|p1a: Magnezone|move: Substitute|[damage]
|
|upkeep
|turn|18
|
|t:|1625075217
|move|p1a: Magnezone|Metal Sound|p2a: Umbreon
|-unboost|p2a: Umbreon|spd|2
|-enditem|p1a: Magnezone|Throat Spray
|-boost|p1a: Magnezone|spa|1|[from] item: Throat Spray
|move|p2a: Umbreon|Foul Play|p1a: Magnezone
|-end|p1a: Magnezone|Substitute
|
|upkeep
|turn|19
|
|t:|1625075232
|switch|p2a: Toxapex|Toxapex, F|100/100
|move|p1a: Magnezone|Thunderbolt|p2a: Toxapex
|-supereffective|p2a: Toxapex
|-damage|p2a: Toxapex|0 fnt
|faint|p2a: Toxapex
|
|upkeep
|
|t:|1625075234
|switch|p2a: Umbreon|Umbreon, M|100/100
|turn|20
|
|t:|1625075240
|move|p1a: Magnezone|Thunderbolt|p2a: Umbreon
|-damage|p2a: Umbreon|51/100
|move|p2a: Umbreon|Foul Play|p1a: Magnezone
|-damage|p1a: Magnezone|33/100
|
|-heal|p2a: Umbreon|57/100|[from] item: Leftovers
|upkeep
|turn|21
|
|t:|1625075244
|move|p1a: Magnezone|Thunderbolt|p2a: Umbreon
|-damage|p2a: Umbreon|7/100
|-status|p2a: Umbreon|par
|cant|p2a: Umbreon|par
|
|-heal|p2a: Umbreon|13/100 par|[from] item: Leftovers
|upkeep
|turn|22
|
|t:|1625075251
|move|p1a: Magnezone|Flash Cannon|p2a: Umbreon
|-damage|p2a: Umbreon|0 fnt
|faint|p2a: Umbreon
|
|upkeep
|
|t:|1625075253
|switch|p2a: Sylveon|Sylveon, F|100/100
|turn|23
|
|t:|1625075257
|move|p1a: Magnezone|Flash Cannon|p2a: Sylveon
|-supereffective|p2a: Sylveon
|-damage|p2a: Sylveon|31/100
|move|p2a: Sylveon|Calm Mind|p2a: Sylveon
|-boost|p2a: Sylveon|spa|1
|-boost|p2a: Sylveon|spd|1
|
|-heal|p2a: Sylveon|38/100|[from] item: Leftovers
|upkeep
|turn|24
|
|t:|1625075268
|move|p2a: Sylveon|Protect|p2a: Sylveon
|-singleturn|p2a: Sylveon|Protect
|move|p1a: Magnezone|Flash Cannon|p2a: Sylveon
|-activate|p2a: Sylveon|move: Protect
|
|-heal|p2a: Sylveon|44/100|[from] item: Leftovers
|upkeep
|turn|25
|
|t:|1625075270
|move|p1a: Magnezone|Flash Cannon|p2a: Sylveon
|-supereffective|p2a: Sylveon
|-damage|p2a: Sylveon|0 fnt
|faint|p2a: Sylveon
|
|upkeep
|j| LT81YL Zeno
|j| ASKOV
|l| Gooberstrawmbee
|
|t:|1625075273
|switch|p2a: Corviknight|Corviknight, M|100/100
|-ability|p2a: Corviknight|Pressure
|turn|26
|c|☆Lenape|When you get teh rematch and know your opponents team
|c|☆Lenape|Gg
|
|t:|1625075286
|move|p1a: Magnezone|Thunderbolt|p2a: Corviknight
|-supereffective|p2a: Corviknight
|-damage|p2a: Corviknight|0 fnt
|faint|p2a: Corviknight
|
|win|LT81YL MimikyuStrD
|raw|LT81YL MimikyuStrD's rating: 1730 &rarr; <strong>1760</strong><br />(+30 for winning)
|raw|Lenape's rating: 1922 &rarr; <strong>1892</strong><br />(-30 for losing)
|l|☆Lenape
|c|☆LT81YL MimikyuStrD|Ye
|l| Miwa Kasumi
|l| anique
|c|☆LT81YL MimikyuStrD|Unfort
|c|☆LT81YL MimikyuStrD|Gg
|l|☆LT81YL MimikyuStrD
|l| LT81YL Zeno
|l| Wibblemouse
|l|+Ox the Fox
|l| LT81YL Yelo
|l| kosmic explorer
|l| kani baru
||Ladder isn't responding, score probably updated but might not have (Request timeout).
|l| pliang838
|j| ou make me yawn
|l| croo
|j| Iceman8911
|l| slainey?
|l| LT81YL Tace
|l| LT81YL Manolo
|j| LT81YL Manolo
|l| LT81YL Manolo
|l| Down The Hatchet
|l| Enzonana
|j| LT81YL simp
|l| LT81YL simp
|l| LT81YL RL
|l| zudolio
|j| tsyon✿
|l| tsyon✿
|l| Iceman8911
|j| 1400s Main
|l| 1400s Main
|l| ASKOV
|j| yop on the flux
