|j|☆COVID19onNipples
|j|☆Rheinmetal
|player|p1|COVID19onNipples|swimmer-gen4dp|1379
|player|p2|Rheinmetal|cynthia|1433
|teamsize|p1|6
|teamsize|p2|6
|gametype|singles
|gen|8
|tier|[Gen 8] OU
|rated|
|html|<div class="broadcast-red"><strong>OU is currently suspecting Arena Trap! For information on how to participate check out the <a href="https://www.smogon.com/forums/threads/3661134/">suspect thread</a>.</strong></div>
|clearpoke
|poke|p1|Kommo-o, M|
|poke|p1|Dracovish|
|poke|p1|Dragapult, M|
|poke|p1|Arcanine, M|
|poke|p1|Zeraora|
|poke|p1|Conkeldurr, M|
|poke|p2|Crawdaunt, F|
|poke|p2|Clefable, M|
|poke|p2|Rotom-Heat|
|poke|p2|Dragapult, F|
|poke|p2|Ferrothorn, M|
|poke|p2|Necrozma|
|rule|Sleep Clause Mod: Limit one foe put to sleep
|rule|Species Clause: Limit one of each Pokémon
|rule|OHKO Clause: OHKO moves are banned
|rule|Evasion Moves Clause: Evasion moves are banned
|rule|Endless Battle Clause: Forcing endless battles is banned
|rule|HP Percentage Mod: HP is shown in percentages
|rule|Dynamax Clause: You cannot dynamax
|teampreview
|inactive|Battle timer is ON: inactive players will automatically lose when time's up. (requested by COVID19onNipples)
|
|start
|switch|p1a: Conkeldurr|Conkeldurr, M, shiny|100/100
|switch|p2a: GOAT|Dragapult, F|100/100
|turn|1
|
|move|p2a: GOAT|U-turn|p1a: Conkeldurr
|-resisted|p1a: Conkeldurr
|-crit|p1a: Conkeldurr
|-damage|p1a: Conkeldurr|88/100
|
|switch|p2a: Swept|Necrozma, shiny|100/100|[from]move: U-turn
|move|p1a: Conkeldurr|Ice Punch|p2a: Swept
|-damage|p2a: Swept|63/100
|-damage|p1a: Conkeldurr|78/100|[from] item: Life Orb
|
|upkeep
|turn|2
|
|move|p2a: Swept|Autotomize|p2a: Swept
|-boost|p2a: Swept|spe|2
|-start|p2a: Swept|Autotomize
|move|p1a: Conkeldurr|Earthquake|p2a: Swept
|-damage|p2a: Swept|10/100
|-damage|p1a: Conkeldurr|68/100|[from] item: Life Orb
|
|upkeep
|turn|3
|
|move|p2a: Swept|Stored Power|p1a: Conkeldurr
|-supereffective|p1a: Conkeldurr
|-damage|p1a: Conkeldurr|0 fnt
|faint|p1a: Conkeldurr
|
|upkeep
|
|switch|p1a: Arcanine|Arcanine, M, shiny|100/100
|-ability|p1a: Arcanine|Intimidate|boost
|-unboost|p2a: Swept|atk|1
|turn|4
|
|move|p1a: Arcanine|Extreme Speed|p2a: Swept
|-damage|p2a: Swept|0 fnt
|-damage|p1a: Arcanine|91/100|[from] item: Life Orb
|faint|p2a: Swept
|
|upkeep
|
|switch|p2a: Dauntless|Crawdaunt, F|100/100
|turn|5
|j| gvgbnm
|inactive|COVID19onNipples has 120 seconds left.
|inactive|COVID19onNipples has 90 seconds left.
|
|switch|p1a: Kommo-o|Kommo-o, M, shiny|100/100
|move|p2a: Dauntless|Knock Off|p1a: Kommo-o
|-resisted|p1a: Kommo-o
|-damage|p1a: Kommo-o|54/100
|-enditem|p1a: Kommo-o|Throat Spray|[from] move: Knock Off|[of] p2a: Dauntless
|
|upkeep
|turn|6
|inactive|COVID19onNipples has 90 seconds left.
|
|switch|p2a: Magic G|Clefable, M, shiny|100/100
|move|p1a: Kommo-o|Flash Cannon|p2a: Magic G
|-supereffective|p2a: Magic G
|-damage|p2a: Magic G|71/100
|
|-heal|p2a: Magic G|77/100|[from] item: Leftovers
|upkeep
|turn|7
|
|move|p1a: Kommo-o|Flash Cannon|p2a: Magic G
|-supereffective|p2a: Magic G
|-damage|p2a: Magic G|47/100
|move|p2a: Magic G|Moonblast|p1a: Kommo-o
|-supereffective|p1a: Kommo-o
|-damage|p1a: Kommo-o|0 fnt
|faint|p1a: Kommo-o
|
|-heal|p2a: Magic G|53/100|[from] item: Leftovers
|upkeep
|
|switch|p1a: Zeraora|Zeraora|100/100
|turn|8
|
|move|p2a: Magic G|Protect|p2a: Magic G
|-singleturn|p2a: Magic G|Protect
|move|p1a: Zeraora|Knock Off|p2a: Magic G
|-activate|p2a: Magic G|move: Protect
|
|-heal|p2a: Magic G|59/100|[from] item: Leftovers
|upkeep
|turn|9
|inactive|COVID19onNipples has 120 seconds left.
|inactive|COVID19onNipples has 90 seconds left.
|
|switch|p2a: Wall|Ferrothorn, M|100/100
|move|p1a: Zeraora|Plasma Fists|p2a: Wall
|-resisted|p2a: Wall
|-damage|p2a: Wall|84/100
|-fieldactivate|move: Ion Deluge
|-damage|p1a: Zeraora|88/100|[from] ability: Iron Barbs|[of] p2a: Wall
|-damage|p1a: Zeraora|78/100|[from] item: Life Orb
|
|-heal|p2a: Wall|90/100|[from] item: Leftovers
|upkeep
|turn|10
|
|move|p1a: Zeraora|Knock Off|p2a: Wall
|-crit|p2a: Wall
|-damage|p2a: Wall|57/100
|-damage|p1a: Zeraora|66/100|[from] ability: Iron Barbs|[of] p2a: Wall
|-enditem|p2a: Wall|Leftovers|[from] move: Knock Off|[of] p1a: Zeraora
|-damage|p1a: Zeraora|56/100|[from] item: Life Orb
|move|p2a: Wall|Knock Off|p1a: Zeraora
|-damage|p1a: Zeraora|25/100
|-enditem|p1a: Zeraora|Life Orb|[from] move: Knock Off|[of] p2a: Wall
|
|upkeep
|turn|11
|
|switch|p1a: Arcanine|Arcanine, M, shiny|91/100
|-ability|p1a: Arcanine|Intimidate|boost
|-unboost|p2a: Wall|atk|1
|move|p2a: Wall|Stealth Rock|p1a: Arcanine
|-sidestart|p1: COVID19onNipples|move: Stealth Rock
|
|upkeep
|turn|12
|
|switch|p2a: GOAT|Dragapult, F|100/100
|move|p1a: Arcanine|Close Combat|p2a: GOAT
|-immune|p2a: GOAT
|
|upkeep
|turn|13
|
|move|p2a: GOAT|Shadow Ball|p1a: Arcanine
|-damage|p1a: Arcanine|46/100
|move|p1a: Arcanine|Play Rough|p2a: GOAT
|-supereffective|p2a: GOAT
|-damage|p2a: GOAT|0 fnt
|-damage|p1a: Arcanine|36/100|[from] item: Life Orb
|faint|p2a: GOAT
|
|upkeep
|
|switch|p2a: Dauntless|Crawdaunt, F|100/100
|turn|14
|
|move|p1a: Arcanine|Extreme Speed|p2a: Dauntless
|-damage|p2a: Dauntless|53/100
|-damage|p1a: Arcanine|26/100|[from] item: Life Orb
|move|p2a: Dauntless|Knock Off|p1a: Arcanine
|-damage|p1a: Arcanine|0 fnt
|-enditem|p1a: Arcanine|Life Orb|[from] move: Knock Off|[of] p2a: Dauntless
|faint|p1a: Arcanine
|
|upkeep
|
|switch|p1a: Dragapult|Dragapult, M, shiny|100/100
|-damage|p1a: Dragapult|88/100|[from] Stealth Rock
|turn|15
|
|switch|p2a: Magic G|Clefable, M, shiny|59/100
|move|p1a: Dragapult|Phantom Force||[still]
|-prepare|p1a: Dragapult|Phantom Force|p2a: Magic G
|
|-heal|p2a: Magic G|65/100|[from] item: Leftovers
|upkeep
|turn|16
|
|move|p1a: Dragapult|Phantom Force|p2a: Magic G|[from]lockedmove
|-damage|p2a: Magic G|2/100
|-damage|p1a: Dragapult|78/100|[from] item: Life Orb
|move|p2a: Magic G|Moonblast|p1a: Dragapult
|-supereffective|p1a: Dragapult
|-damage|p1a: Dragapult|0 fnt
|faint|p1a: Dragapult
|
|-heal|p2a: Magic G|8/100|[from] item: Leftovers
|upkeep
|
|switch|p1a: Zeraora|Zeraora|25/100
|-damage|p1a: Zeraora|12/100|[from] Stealth Rock
|turn|17
|-message|COVID19onNipples forfeited.
|
|win|Rheinmetal
|l|☆COVID19onNipples
|l|☆Rheinmetal
|raw|COVID19onNipples's rating: 1360 &rarr; <strong>1344</strong><br />(-16 for losing)
|raw|Rheinmetal's rating: 1433 &rarr; <strong>1449</strong><br />(+16 for winning)
