|raw|<div class="broadcast-blue"><strong>This battle is required to be public due to a player having a name starting with 'LT74PF'.</div>
|j|☆LT74PF fotu
|j|☆Ayante
|t:|1598988992
|player|p1|LT74PF fotu|1|1527
|player|p2|Ayante|koga|1561
|teamsize|p1|6
|teamsize|p2|6
|gametype|singles
|gen|8
|tier|[Gen 8] OU
|rated|
|clearpoke
|poke|p1|Zeraora|
|poke|p1|Clefable, M|
|poke|p1|Toxapex, M|
|poke|p1|Blissey, F|
|poke|p1|Skarmory, M|
|poke|p1|Ditto|
|poke|p2|Rillaboom, M|
|poke|p2|Incineroar, F|
|poke|p2|Alakazam, M|
|poke|p2|Scizor, M|
|poke|p2|Mandibuzz, F|
|poke|p2|Clefable, M|
|rule|Sleep Clause Mod: Limit one foe put to sleep
|rule|Species Clause: Limit one of each Pokémon
|rule|OHKO Clause: OHKO moves are banned
|rule|Evasion Moves Clause: Evasion moves are banned
|rule|Endless Battle Clause: Forcing endless battles is banned
|rule|HP Percentage Mod: HP is shown in percentages
|rule|Dynamax Clause: You cannot dynamax
|teampreview
|
|t:|1598989004
|start
|switch|p1a: Toxapex|Toxapex, M|100/100
|switch|p2a: Incineroar|Incineroar, F|100/100
|-ability|p2a: Incineroar|Intimidate|boost
|-unboost|p1a: Toxapex|atk|1
|turn|1
|
|t:|1598989011
|move|p2a: Incineroar|Knock Off|p1a: Toxapex
|-damage|p1a: Toxapex|78/100
|-damage|p2a: Incineroar|84/100|[from] item: Rocky Helmet|[of] p1a: Toxapex
|-enditem|p1a: Toxapex|Rocky Helmet|[from] move: Knock Off|[of] p2a: Incineroar
|move|p1a: Toxapex|Knock Off|p2a: Incineroar
|-resisted|p2a: Incineroar
|-damage|p2a: Incineroar|80/100
|-enditem|p2a: Incineroar|Heavy-Duty Boots|[from] move: Knock Off|[of] p1a: Toxapex
|
|upkeep
|turn|2
|inactive|Battle timer is ON: inactive players will automatically lose when time's up. (requested by LT74PF fotu)
|
|t:|1598989022
|move|p2a: Incineroar|Will-O-Wisp|p1a: Toxapex
|-status|p1a: Toxapex|brn
|move|p1a: Toxapex|Knock Off|p2a: Incineroar
|-resisted|p2a: Incineroar
|-damage|p2a: Incineroar|79/100
|
|-damage|p1a: Toxapex|72/100 brn|[from] brn
|upkeep
|turn|3
|
|t:|1598989031
|move|p2a: Incineroar|Knock Off|p1a: Toxapex
|-damage|p1a: Toxapex|56/100 brn
|move|p1a: Toxapex|Scald|p2a: Incineroar
|-supereffective|p2a: Incineroar
|-damage|p2a: Incineroar|55/100
|
|-damage|p1a: Toxapex|50/100 brn|[from] brn
|upkeep
|turn|4
|
|t:|1598989040
|move|p2a: Incineroar|Parting Shot|p1a: Toxapex
|-unboost|p1a: Toxapex|atk|1
|-unboost|p1a: Toxapex|spa|1
|
|t:|1598989055
|switch|p2a: Alakazam|Alakazam, M|100/100|[from]move: Parting Shot
|move|p1a: Toxapex|Recover|p1a: Toxapex
|-heal|p1a: Toxapex|99/100 brn
|
|-damage|p1a: Toxapex|94/100 brn|[from] brn
|upkeep
|turn|5
|
|t:|1598989064
|switch|p1a: Blissey|Blissey, F|100/100
|move|p2a: Alakazam|Psychic|p1a: Blissey
|-damage|p1a: Blissey|75/100
|
|upkeep
|turn|6
|
|t:|1598989074
|move|p2a: Alakazam|Psyshock|p1a: Blissey
|-damage|p1a: Blissey|18/100
|move|p1a: Blissey|Stealth Rock|p2a: Alakazam
|-sidestart|p2: Ayante|move: Stealth Rock
|
|upkeep
|turn|7
|
|t:|1598989082
|move|p2a: Alakazam|Psychic|p1a: Blissey
|-crit|p1a: Blissey
|-damage|p1a: Blissey|0 fnt
|faint|p1a: Blissey
|
|upkeep
|
|t:|1598989085
|switch|p1a: Zeraora|Zeraora|100/100
|turn|8
|
|t:|1598989095
|switch|p2a: Rillaboom|Rillaboom, M|100/100
|-damage|p2a: Rillaboom|88/100|[from] Stealth Rock
|-fieldstart|move: Grassy Terrain|[from] ability: Grassy Surge|[of] p2a: Rillaboom
|move|p1a: Zeraora|Volt Switch|p2a: Rillaboom
|-resisted|p2a: Rillaboom
|-damage|p2a: Rillaboom|75/100
|
|t:|1598989098
|switch|p1a: Skarmory|Skarmory, M|100/100|[from]move: Volt Switch
|
|-heal|p2a: Rillaboom|81/100|[from] Grassy Terrain
|upkeep
|turn|9
|
|t:|1598989109
|switch|p2a: Mandibuzz|Mandibuzz, F|100/100
|move|p1a: Skarmory|Body Press|p2a: Mandibuzz
|-damage|p2a: Mandibuzz|84/100
|
|upkeep
|turn|10
|
|t:|1598989116
|switch|p1a: Zeraora|Zeraora|100/100
|move|p2a: Mandibuzz|Defog|p1a: Zeraora
|-unboost|p1a: Zeraora|evasion|1
|-sideend|p2: Ayante|Stealth Rock|[from] move: Defog|[of] p2a: Mandibuzz
|-fieldend|move: Grassy Terrain
|
|upkeep
|turn|11
|
|t:|1598989124
|switch|p2a: Clefable|Clefable, M|100/100
|move|p1a: Zeraora|Plasma Fists|p2a: Clefable
|-damage|p2a: Clefable|68/100
|-fieldactivate|move: Ion Deluge
|
|-heal|p2a: Clefable|74/100|[from] item: Leftovers
|upkeep
|turn|12
|
|t:|1598989134
|move|p1a: Zeraora|Volt Switch|p2a: Clefable
|-damage|p2a: Clefable|54/100
|
|t:|1598989139
|switch|p1a: Clefable|Clefable, M|100/100|[from]move: Volt Switch
|move|p2a: Clefable|Moonblast|p1a: Clefable
|-damage|p1a: Clefable|69/100
|
|-heal|p2a: Clefable|60/100|[from] item: Leftovers
|upkeep
|turn|13
|
|t:|1598989149
|move|p2a: Clefable|Stealth Rock|p1a: Clefable
|-sidestart|p1: LT74PF fotu|move: Stealth Rock
|move|p1a: Clefable|Flamethrower|p2a: Clefable
|-damage|p2a: Clefable|36/100
|-status|p2a: Clefable|brn
|
|-heal|p2a: Clefable|42/100 brn|[from] item: Leftovers
|upkeep
|turn|14
|
|t:|1598989159
|move|p1a: Clefable|Moonblast|p2a: Clefable
|-damage|p2a: Clefable|5/100 brn
|move|p2a: Clefable|Soft-Boiled|p2a: Clefable
|-heal|p2a: Clefable|55/100 brn
|
|-heal|p2a: Clefable|61/100 brn|[from] item: Leftovers
|upkeep
|turn|15
|
|t:|1598989167
|move|p1a: Clefable|Calm Mind|p1a: Clefable
|-boost|p1a: Clefable|spa|1
|-boost|p1a: Clefable|spd|1
|move|p2a: Clefable|Soft-Boiled|p2a: Clefable
|-heal|p2a: Clefable|100/100 brn
|
|upkeep
|turn|16
|
|t:|1598989174
|switch|p2a: Incineroar|Incineroar, F|55/100
|-ability|p2a: Incineroar|Intimidate|boost
|-unboost|p1a: Clefable|atk|1
|move|p1a: Clefable|Flamethrower|p2a: Incineroar
|-resisted|p2a: Incineroar
|-damage|p2a: Incineroar|41/100
|
|upkeep
|turn|17
|
|t:|1598989182
|move|p1a: Clefable|Moonblast|p2a: Incineroar
|-damage|p2a: Incineroar|0 fnt
|faint|p2a: Incineroar
|
|upkeep
|
|t:|1598989188
|switch|p2a: Scizor|Scizor, M|100/100
|turn|18
|
|t:|1598989191
|switch|p1a: Skarmory|Skarmory, M|100/100
|-damage|p1a: Skarmory|88/100|[from] Stealth Rock
|move|p2a: Scizor|U-turn|p1a: Skarmory
|-resisted|p1a: Skarmory
|-damage|p1a: Skarmory|82/100
|-damage|p2a: Scizor|84/100|[from] item: Rocky Helmet|[of] p1a: Skarmory
|-damage|p2a: Scizor|74/100|[from] item: Life Orb
|
|t:|1598989200
|switch|p2a: Alakazam|Alakazam, M|100/100|[from]move: U-turn
|
|upkeep
|turn|19
|
|t:|1598989206
|switch|p1a: Zeraora|Zeraora|100/100
|move|p2a: Alakazam|Shadow Ball|p1a: Zeraora
|-damage|p1a: Zeraora|49/100
|-unboost|p1a: Zeraora|spd|1
|
|upkeep
|turn|20
|
|t:|1598989215
|switch|p2a: Rillaboom|Rillaboom, M|81/100
|-fieldstart|move: Grassy Terrain|[from] ability: Grassy Surge|[of] p2a: Rillaboom
|move|p1a: Zeraora|Knock Off|p2a: Rillaboom
|-damage|p2a: Rillaboom|48/100
|-enditem|p2a: Rillaboom|Life Orb|[from] move: Knock Off|[of] p1a: Zeraora
|
|-heal|p1a: Zeraora|55/100|[from] Grassy Terrain
|-heal|p2a: Rillaboom|54/100|[from] Grassy Terrain
|upkeep
|turn|21
|
|t:|1598989226
|switch|p1a: Skarmory|Skarmory, M|82/100
|-damage|p1a: Skarmory|69/100|[from] Stealth Rock
|move|p2a: Rillaboom|U-turn|p1a: Skarmory
|-resisted|p1a: Skarmory
|-damage|p1a: Skarmory|65/100
|-damage|p2a: Rillaboom|38/100|[from] item: Rocky Helmet|[of] p1a: Skarmory
|
|t:|1598989234
|switch|p2a: Alakazam|Alakazam, M|100/100|[from]move: U-turn
|
|upkeep
|turn|22
|
|t:|1598989241
|switch|p1a: Clefable|Clefable, M|69/100
|move|p2a: Alakazam|Shadow Ball|p1a: Clefable
|-damage|p1a: Clefable|32/100
|
|-heal|p1a: Clefable|39/100|[from] Grassy Terrain
|upkeep
|turn|23
|
|t:|1598989250
|switch|p1a: Ditto|Ditto|100/100
|-damage|p1a: Ditto|88/100|[from] Stealth Rock
|-transform|p1a: Ditto|p2a: Alakazam|[from] ability: Imposter
|move|p2a: Alakazam|Psychic|p1a: Ditto
|-resisted|p1a: Ditto
|-damage|p1a: Ditto|46/100
|
|-heal|p1a: Ditto|52/100|[from] Grassy Terrain
|upkeep
|turn|24
|
|t:|1598989262
|switch|p2a: Mandibuzz|Mandibuzz, F|84/100
|move|p1a: Ditto|Shadow Ball|p2a: Mandibuzz
|-resisted|p2a: Mandibuzz
|-damage|p2a: Mandibuzz|70/100
|
|-heal|p1a: Ditto|58/100|[from] Grassy Terrain
|-fieldend|move: Grassy Terrain
|upkeep
|turn|25
|
|t:|1598989272
|switch|p1a: Clefable|Clefable, M|39/100
|switch|p2a: Alakazam|Alakazam, M|100/100
|
|upkeep
|turn|26
|
|t:|1598989291
|switch|p1a: Ditto|Ditto|58/100
|-damage|p1a: Ditto|45/100|[from] Stealth Rock
|-transform|p1a: Ditto|p2a: Alakazam|[from] ability: Imposter
|move|p2a: Alakazam|Shadow Ball|p1a: Ditto
|-supereffective|p1a: Ditto
|-damage|p1a: Ditto|0 fnt
|faint|p1a: Ditto
|
|upkeep
|
|t:|1598989295
|switch|p1a: Zeraora|Zeraora|55/100
|turn|27
|
|t:|1598989314
|switch|p2a: Clefable|Clefable, M|100/100 brn
|move|p1a: Zeraora|Plasma Fists|p2a: Clefable
|-damage|p2a: Clefable|65/100 brn
|-fieldactivate|move: Ion Deluge
|
|-heal|p2a: Clefable|71/100 brn|[from] item: Leftovers
|upkeep
|turn|28
|
|t:|1598989324
|move|p1a: Zeraora|Knock Off|p2a: Clefable
|-resisted|p2a: Clefable
|-damage|p2a: Clefable|58/100 brn
|-enditem|p2a: Clefable|Leftovers|[from] move: Knock Off|[of] p1a: Zeraora
|move|p2a: Clefable|Moonblast|p1a: Zeraora
|-damage|p1a: Zeraora|12/100
|
|upkeep
|turn|29
|
|t:|1598989334
|move|p1a: Zeraora|Volt Switch|p2a: Clefable
|-damage|p2a: Clefable|37/100 brn
|
|t:|1598989337
|switch|p1a: Clefable|Clefable, M|39/100|[from]move: Volt Switch
|move|p2a: Clefable|Soft-Boiled|p2a: Clefable
|-heal|p2a: Clefable|87/100 brn
|
|upkeep
|turn|30
|
|t:|1598989344
|switch|p2a: Alakazam|Alakazam, M|100/100
|move|p1a: Clefable|Soft-Boiled|p1a: Clefable
|-heal|p1a: Clefable|89/100
|
|upkeep
|turn|31
|
|t:|1598989351
|move|p2a: Alakazam|Psychic|p1a: Clefable
|-damage|p1a: Clefable|27/100
|move|p1a: Clefable|Moonblast|p2a: Alakazam
|-damage|p2a: Alakazam|42/100
|
|upkeep
|turn|32
|
|t:|1598989362
|switch|p1a: Toxapex|Toxapex, M|100/100 brn
|-damage|p1a: Toxapex|88/100 brn|[from] Stealth Rock
|move|p2a: Alakazam|Psychic|p1a: Toxapex
|-supereffective|p1a: Toxapex
|-damage|p1a: Toxapex|0 fnt
|faint|p1a: Toxapex
|
|upkeep
|
|t:|1598989365
|switch|p1a: Zeraora|Zeraora|12/100
|turn|33
|
|t:|1598989391
|switch|p2a: Clefable|Clefable, M|87/100 brn
|move|p1a: Zeraora|Plasma Fists|p2a: Clefable
|-damage|p2a: Clefable|50/100 brn
|-fieldactivate|move: Ion Deluge
|
|upkeep
|turn|34
|
|t:|1598989399
|move|p1a: Zeraora|Plasma Fists|p2a: Clefable
|-damage|p2a: Clefable|11/100 brn
|-fieldactivate|move: Ion Deluge
|move|p2a: Clefable|Moonblast|p1a: Zeraora
|-damage|p1a: Zeraora|0 fnt
|faint|p1a: Zeraora
|
|upkeep
|inactive|LT74PF fotu has 120 seconds left.
|
|t:|1598989443
|switch|p1a: Clefable|Clefable, M|27/100
|turn|35
|-message|LT74PF fotu forfeited.
|
|win|Ayante
|l|☆LT74PF fotu
||Ladder (probably) updated, but score could not be retrieved (Request timeout).
