|j|☆NeoNaruto®++
|j|☆imverybigbigbig
|t:|1643859528
|gametype|singles
|player|p1|NeoNaruto®++|medium|1611
|player|p2|imverybigbigbig|medium|1631
|teamsize|p1|6
|teamsize|p2|6
|gen|8
|tier|[Gen 8] OU
|rated|
|rule|Sleep Clause Mod: Limit one foe put to sleep
|rule|Species Clause: Limit one of each Pokémon
|rule|OHKO Clause: OHKO moves are banned
|rule|Evasion Moves Clause: Evasion moves are banned
|rule|Endless Battle Clause: Forcing endless battles is banned
|rule|HP Percentage Mod: HP is shown in percentages
|rule|Dynamax Clause: You cannot dynamax
|clearpoke
|poke|p1|Landorus-Therian, M|
|poke|p1|Slowbro, F|
|poke|p1|Tapu Koko|
|poke|p1|Dragonite, F|
|poke|p1|Darmanitan, F|
|poke|p1|Tyranitar, F|
|poke|p2|Tapu Koko|
|poke|p2|Crawdaunt, F|
|poke|p2|Scizor, M|
|poke|p2|Dragapult, F|
|poke|p2|Garchomp, M|
|poke|p2|Rotom-Wash|
|teampreview
|inactive|Battle timer is ON: inactive players will automatically lose when time's up. (requested by NeoNaruto®++)
|j| Nah Fuck Psystrike
|
|t:|1643859535
|start
|switch|p1a: Bernie Landers|Landorus-Therian, M|100/100
|switch|p2a: BOSH|Rotom-Wash|100/100
|-ability|p1a: Bernie Landers|Intimidate|boost
|-unboost|p2a: BOSH|atk|1
|turn|1
|
|t:|1643859543
|move|p1a: Bernie Landers|Toxic|p2a: BOSH
|-status|p2a: BOSH|tox
|move|p2a: BOSH|Will-O-Wisp|p1a: Bernie Landers
|-status|p1a: Bernie Landers|brn
|
|-damage|p2a: BOSH|94/100 tox|[from] psn
|-damage|p1a: Bernie Landers|94/100 brn|[from] brn
|upkeep
|turn|2
|
|t:|1643859554
|move|p1a: Bernie Landers|Stealth Rock|p2a: BOSH
|-sidestart|p2: imverybigbigbig|move: Stealth Rock
|move|p2a: BOSH|Hydro Pump|p1a: Bernie Landers
|-supereffective|p1a: Bernie Landers
|-damage|p1a: Bernie Landers|6/100 brn
|
|-heal|p2a: BOSH|100/100 tox|[from] item: Leftovers
|-damage|p2a: BOSH|88/100 tox|[from] psn
|-damage|p1a: Bernie Landers|0 fnt|[from] brn
|faint|p1a: Bernie Landers
|upkeep
|
|t:|1643859558
|switch|p1a: VODECi|Tapu Koko|100/100
|-fieldstart|move: Electric Terrain|[from] ability: Electric Surge|[of] p1a: VODECi
|turn|3
|
|t:|1643859573
|move|p1a: VODECi|Thunderbolt|p2a: BOSH
|-damage|p2a: BOSH|24/100 tox
|move|p2a: BOSH|Volt Switch|p1a: VODECi
|-resisted|p1a: VODECi
|-damage|p1a: VODECi|81/100
|inactive|imverybigbigbig has 120 seconds left.
|c| Nah Fuck Psystrike|garchomp
|c| Nah Fuck Psystrike|for sure
|inactive|imverybigbigbig has 90 seconds left.
|c| Nah Fuck Psystrike|what are u thinking lol
|c|☆imverybigbigbig|why are you following me?
|j| Visco778
|c| Nah Fuck Psystrike|im waiting new match
|inactive|imverybigbigbig has 60 seconds left.
|
|t:|1643859661
|switch|p2a: Grrr|Garchomp, M|100/100|[from]move: Volt Switch
|-damage|p2a: Grrr|94/100|[from] Stealth Rock
|
|-heal|p2a: Grrr|100/100|[from] item: Leftovers
|upkeep
|turn|4
|c| Nah Fuck Psystrike|just wanna know how good u are or not
|inactive|NeoNaruto®++ has 120 seconds left.
|
|t:|1643859699
|switch|p1a: spvceghvstpvrrp|Slowbro, F, shiny|100/100
|move|p2a: Grrr|Stealth Rock|p1a: spvceghvstpvrrp
|-sidestart|p1: NeoNaruto®++|move: Stealth Rock
|
|upkeep
|turn|5
|c|☆imverybigbigbig|I mean that zap read was p good
|c| Nah Fuck Psystrike|with 1600elo u played that not bad
|c| Nah Fuck Psystrike|yea
|inactive|NeoNaruto®++ has 120 seconds left.
|inactive|imverybigbigbig has 60 seconds left.
|c|☆imverybigbigbig|I'm new here
|c| Nah Fuck Psystrike|im 1900+ elo, obviously i could predict good
|inactive|imverybigbigbig has 30 seconds left.
|inactive|imverybigbigbig has 20 seconds left.
|inactive|imverybigbigbig has 15 seconds left.
|
|t:|1643859763
|switch|p2a: BOSH|Rotom-Wash|24/100 tox
|-damage|p2a: BOSH|11/100 tox|[from] Stealth Rock
|move|p1a: spvceghvstpvrrp|Scald|p2a: BOSH
|-resisted|p2a: BOSH
|-damage|p2a: BOSH|1/100 tox
|
|-heal|p2a: BOSH|7/100 tox|[from] item: Leftovers
|-damage|p2a: BOSH|1/100 tox|[from] psn
|upkeep
|turn|6
|inactive|imverybigbigbig has 25 seconds left this turn.
|inactive|NeoNaruto®++ has 120 seconds left.
|
|t:|1643859785
|move|p2a: BOSH|Pain Split|p1a: spvceghvstpvrrp
|-sethp|p1a: spvceghvstpvrrp|50/100|[from] move: Pain Split|[silent]
|-sethp|p2a: BOSH|65/100 tox|[from] move: Pain Split
|move|p1a: spvceghvstpvrrp|Future Sight|p2a: BOSH
|-start|p1a: spvceghvstpvrrp|move: Future Sight
|
|-heal|p2a: BOSH|72/100 tox|[from] item: Leftovers
|-damage|p2a: BOSH|59/100 tox|[from] psn
|upkeep
|turn|7
|inactive|imverybigbigbig has 30 seconds left.
|
|t:|1643859793
|move|p2a: BOSH|Volt Switch|p1a: spvceghvstpvrrp
|-supereffective|p1a: spvceghvstpvrrp
|-damage|p1a: spvceghvstpvrrp|0 fnt
|faint|p1a: spvceghvstpvrrp
|inactive|imverybigbigbig has 30 seconds left.
|inactive|imverybigbigbig has 20 seconds left.
|
|t:|1643859808
|switch|p2a: Grrr|Garchomp, M|100/100|[from]move: Volt Switch
|-damage|p2a: Grrr|94/100|[from] Stealth Rock
|
|-heal|p2a: Grrr|100/100|[from] item: Leftovers
|-fieldend|move: Electric Terrain
|upkeep
|inactive|imverybigbigbig has 25 seconds left this turn.
|inactive|NeoNaruto®++ has 120 seconds left.
|
|t:|1643859818
|switch|p1a: VODECi|Tapu Koko|81/100
|-damage|p1a: VODECi|68/100|[from] Stealth Rock
|-fieldstart|move: Electric Terrain|[from] ability: Electric Surge|[of] p1a: VODECi
|turn|8
|inactive|imverybigbigbig has 30 seconds left.
|
|t:|1643859830
|switch|p2a: Mechabug the Thug|Scizor, M|100/100
|-damage|p2a: Mechabug the Thug|88/100|[from] Stealth Rock
|move|p1a: VODECi|Dazzling Gleam|p2a: Mechabug the Thug
|-resisted|p2a: Mechabug the Thug
|-damage|p2a: Mechabug the Thug|55/100
|
|-end|p2a: Mechabug the Thug|move: Future Sight
|-resisted|p2a: Mechabug the Thug
|-damage|p2a: Mechabug the Thug|30/100
|-heal|p2a: Mechabug the Thug|37/100|[from] item: Leftovers
|upkeep
|turn|9
|inactive|imverybigbigbig has 30 seconds left.
|inactive|imverybigbigbig has 20 seconds left.
|
|t:|1643859846
|switch|p1a: PURRP FOR SALE|Darmanitan, F|100/100
|-damage|p1a: PURRP FOR SALE|76/100|[from] Stealth Rock
|move|p2a: Mechabug the Thug|U-turn|p1a: PURRP FOR SALE
|-resisted|p1a: PURRP FOR SALE
|-damage|p1a: PURRP FOR SALE|50/100
|inactive|imverybigbigbig has 25 seconds left this turn.
|inactive|imverybigbigbig has 20 seconds left.
|inactive|imverybigbigbig has 15 seconds left.
|
|t:|1643859860
|switch|p2a: Grrr|Garchomp, M|100/100|[from]move: U-turn
|-damage|p2a: Grrr|94/100|[from] Stealth Rock
|
|-heal|p2a: Grrr|100/100|[from] item: Leftovers
|upkeep
|turn|10
|inactive|imverybigbigbig has 25 seconds left this turn.
|
|t:|1643859863
|move|p2a: Grrr|Earthquake|p1a: PURRP FOR SALE
|-supereffective|p1a: PURRP FOR SALE
|-damage|p1a: PURRP FOR SALE|0 fnt
|faint|p1a: PURRP FOR SALE
|
|upkeep
|inactive|imverybigbigbig has 30 seconds left this turn.
|
|t:|1643859865
|switch|p1a: VODECi|Tapu Koko|68/100
|-damage|p1a: VODECi|56/100|[from] Stealth Rock
|turn|11
|inactive|imverybigbigbig has 30 seconds left.
|
|t:|1643859877
|switch|p2a: Mechabug the Thug|Scizor, M|37/100
|-damage|p2a: Mechabug the Thug|24/100|[from] Stealth Rock
|move|p1a: VODECi|Dazzling Gleam|p2a: Mechabug the Thug
|-resisted|p2a: Mechabug the Thug
|-damage|p2a: Mechabug the Thug|0 fnt
|faint|p2a: Mechabug the Thug
|
|upkeep
|inactive|imverybigbigbig has 30 seconds left.
|
|t:|1643859885
|switch|p2a: ThunderBird|Tapu Koko|100/100
|turn|12
|
|t:|1643859891
|switch|p1a: DA LAST REX(3005)|Tyranitar, F|100/100
|-damage|p1a: DA LAST REX(3005)|88/100|[from] Stealth Rock
|-weather|Sandstorm|[from] ability: Sand Stream|[of] p1a: DA LAST REX(3005)
|move|p2a: ThunderBird|Dazzling Gleam|p1a: DA LAST REX(3005)
|-supereffective|p1a: DA LAST REX(3005)
|-crit|p1a: DA LAST REX(3005)
|-damage|p1a: DA LAST REX(3005)|58/100
|
|-weather|Sandstorm|[upkeep]
|-damage|p2a: ThunderBird|94/100|[from] Sandstorm
|-fieldend|move: Electric Terrain
|upkeep
|turn|13
|
|t:|1643859904
|move|p2a: ThunderBird|U-turn|p1a: DA LAST REX(3005)
|-supereffective|p1a: DA LAST REX(3005)
|-damage|p1a: DA LAST REX(3005)|30/100
|
|t:|1643859908
|switch|p2a: BOSH|Rotom-Wash|59/100 tox|[from]move: U-turn
|-damage|p2a: BOSH|47/100 tox|[from] Stealth Rock
|move|p1a: DA LAST REX(3005)|Stone Edge|p2a: BOSH
|-damage|p2a: BOSH|0 fnt
|faint|p2a: BOSH
|
|-weather|Sandstorm|[upkeep]
|upkeep
|
|t:|1643859921
|switch|p2a: Grrr|Garchomp, M|100/100
|-damage|p2a: Grrr|94/100|[from] Stealth Rock
|turn|14
|c| Nah Fuck Psystrike|hmm
|c| Nah Fuck Psystrike|dd dragonite may win
|c|☆imverybigbigbig|yup
|inactive|NeoNaruto®++ has 120 seconds left.
|
|t:|1643859959
|move|p2a: Grrr|Earthquake|p1a: DA LAST REX(3005)
|-supereffective|p1a: DA LAST REX(3005)
|-damage|p1a: DA LAST REX(3005)|0 fnt
|faint|p1a: DA LAST REX(3005)
|
|-weather|Sandstorm|[upkeep]
|-heal|p2a: Grrr|100/100|[from] item: Leftovers
|upkeep
|
|t:|1643859961
|switch|p1a: VODECi|Tapu Koko|56/100
|-damage|p1a: VODECi|44/100|[from] Stealth Rock
|-fieldstart|move: Electric Terrain|[from] ability: Electric Surge|[of] p1a: VODECi
|turn|15
|inactive|imverybigbigbig has 60 seconds left.
|
|t:|1643859975
|switch|p2a: Swagapult|Dragapult, F|100/100
|-damage|p2a: Swagapult|88/100|[from] Stealth Rock
|move|p1a: VODECi|Dazzling Gleam|p2a: Swagapult
|-supereffective|p2a: Swagapult
|-damage|p2a: Swagapult|0 fnt
|faint|p2a: Swagapult
|
|-weather|Sandstorm|[upkeep]
|-damage|p1a: VODECi|38/100|[from] Sandstorm
|upkeep
|
|t:|1643859979
|switch|p2a: ThunderBird|Tapu Koko|94/100
|turn|16
|
|t:|1643859984
|move|p2a: ThunderBird|Dazzling Gleam|p1a: VODECi
|-damage|p1a: VODECi|0 fnt
|faint|p1a: VODECi
|
|-weather|none
|upkeep
|
|t:|1643859986
|switch|p1a: Fat Charizard|Dragonite, F, shiny|100/100
|turn|17
|c| Nah Fuck Psystrike|gg i think
|inactive|imverybigbigbig has 60 seconds left.
|
|t:|1643860013
|move|p2a: ThunderBird|U-turn|p1a: Fat Charizard
|-resisted|p1a: Fat Charizard
|-damage|p1a: Fat Charizard|96/100
|
|t:|1643860015
|switch|p2a: Grrr|Garchomp, M|100/100|[from]move: U-turn
|-damage|p2a: Grrr|94/100|[from] Stealth Rock
|move|p1a: Fat Charizard|Dragon Dance|p1a: Fat Charizard
|-boost|p1a: Fat Charizard|atk|1
|-boost|p1a: Fat Charizard|spe|1
|
|-heal|p2a: Grrr|100/100|[from] item: Leftovers
|upkeep
|turn|18
|
|t:|1643860030
|move|p1a: Fat Charizard|Dragon Dance|p1a: Fat Charizard
|-boost|p1a: Fat Charizard|atk|1
|-boost|p1a: Fat Charizard|spe|1
|move|p2a: Grrr|Toxic|p1a: Fat Charizard
|-status|p1a: Fat Charizard|tox
|
|-damage|p1a: Fat Charizard|90/100 tox|[from] psn
|upkeep
|turn|19
|c| Nah Fuck Psystrike|hope he dont hass ice punch xD
|c|☆imverybigbigbig|yup lol
|c| Nah Fuck Psystrike|*have
|
|t:|1643860047
|move|p1a: Fat Charizard|Dragon Dance|p1a: Fat Charizard
|-boost|p1a: Fat Charizard|atk|1
|-boost|p1a: Fat Charizard|spe|1
|move|p2a: Grrr|Flamethrower|p1a: Fat Charizard
|-resisted|p1a: Fat Charizard
|-damage|p1a: Fat Charizard|81/100 tox
|
|-damage|p1a: Fat Charizard|69/100 tox|[from] psn
|-fieldend|move: Electric Terrain
|upkeep
|turn|20
|c| Nah Fuck Psystrike|ah
|c| Nah Fuck Psystrike|dual wing
|c| Nah Fuck Psystrike|bye
|
|t:|1643860066
|switch|p2a: ThunderBird|Tapu Koko|94/100
|-fieldstart|move: Electric Terrain|[from] ability: Electric Surge|[of] p2a: ThunderBird
|move|p1a: Fat Charizard|Dual Wingbeat|p2a: ThunderBird
|-resisted|p2a: ThunderBird
|-damage|p2a: ThunderBird|54/100
|-resisted|p2a: ThunderBird
|-damage|p2a: ThunderBird|12/100
|-hitcount|p2a: ThunderBird|2
|
|-damage|p1a: Fat Charizard|50/100 tox|[from] psn
|upkeep
|turn|21
|
|t:|1643860074
|switch|p2a: Grrr|Garchomp, M|100/100
|-damage|p2a: Grrr|94/100|[from] Stealth Rock
|move|p1a: Fat Charizard|Earthquake|p2a: Grrr
|-damage|p2a: Grrr|14/100
|
|-heal|p2a: Grrr|20/100|[from] item: Leftovers
|-damage|p1a: Fat Charizard|26/100 tox|[from] psn
|upkeep
|turn|22
|
|t:|1643860083
|move|p1a: Fat Charizard|Earthquake|p2a: Grrr
|-damage|p2a: Grrr|0 fnt
|faint|p2a: Grrr
|
|-damage|p1a: Fat Charizard|0 fnt|[from] psn
|faint|p1a: Fat Charizard
|
|win|imverybigbigbig
|upkeep
|raw|NeoNaruto®++'s rating: 1594 &rarr; <strong>1576</strong><br />(-18 for losing)
|raw|imverybigbigbig's rating: 1631 &rarr; <strong>1649</strong><br />(+18 for winning)
|c|☆imverybigbigbig|gg
|l|☆NeoNaruto®++
