|j|☆friedfreak
|j|☆ulosesir
|t:|1614635477
|player|p1|friedfreak|1|1948
|player|p2|ulosesir|lucas|1938
|teamsize|p1|6
|teamsize|p2|6
|gametype|singles
|gen|8
|tier|[Gen 8] OU
|rated|
|clearpoke
|poke|p1|Corviknight, F|
|poke|p1|Kartana|
|poke|p1|Kyurem|
|poke|p1|Landorus-Therian, M|
|poke|p1|Tapu Koko|
|poke|p1|Heatran, M|
|poke|p2|Kyurem|
|poke|p2|Rillaboom, F|
|poke|p2|Heatran, M|
|poke|p2|Landorus-Therian, M|
|poke|p2|Tapu Fini|
|poke|p2|Crawdaunt, F|
|rule|Sleep Clause Mod: Limit one foe put to sleep
|rule|Species Clause: Limit one of each Pokémon
|rule|OHKO Clause: OHKO moves are banned
|rule|Evasion Moves Clause: Evasion moves are banned
|rule|Endless Battle Clause: Forcing endless battles is banned
|rule|HP Percentage Mod: HP is shown in percentages
|rule|Dynamax Clause: You cannot dynamax
|teampreview
|
|t:|1614635497
|start
|switch|p1a: Kyurem|Kyurem|100/100
|switch|p2a: Kyurem|Kyurem|100/100
|-ability|p1a: Kyurem|Pressure
|-ability|p2a: Kyurem|Pressure
|turn|1
|j| R.Kellicent
|
|t:|1614635509
|switch|p1a: Heatran|Heatran, M|100/100
|switch|p2a: Heatran|Heatran, M|100/100
|
|upkeep
|turn|2
|j| LewisRT
|
|t:|1614635517
|switch|p2a: Landorus|Landorus-Therian, M|100/100
|-ability|p2a: Landorus|Intimidate|boost
|-unboost|p1a: Heatran|atk|1
|move|p1a: Heatran|Stealth Rock|p2a: Landorus
|-sidestart|p2: ulosesir|move: Stealth Rock
|
|upkeep
|turn|3
|
|t:|1614635533
|switch|p1a: Corviknight|Corviknight, F|100/100
|-ability|p1a: Corviknight|Pressure
|move|p2a: Landorus|Earthquake|p1a: Corviknight
|-immune|p1a: Corviknight
|
|upkeep
|turn|4
|
|t:|1614635538
|move|p2a: Landorus|Stealth Rock|p1a: Corviknight
|-sidestart|p1: friedfreak|move: Stealth Rock
|move|p1a: Corviknight|Brave Bird|p2a: Landorus
|-damage|p2a: Landorus|77/100
|-damage|p1a: Corviknight|84/100|[from] item: Rocky Helmet|[of] p2a: Landorus
|-damage|p1a: Corviknight|76/100|[from] Recoil
|
|upkeep
|turn|5
|j| LucaTheGod
|
|t:|1614635552
|move|p2a: Landorus|Earthquake|p1a: Corviknight
|-immune|p1a: Corviknight
|move|p1a: Corviknight|Roost|p1a: Corviknight
|-heal|p1a: Corviknight|100/100
|-singleturn|p1a: Corviknight|move: Roost
|
|upkeep
|turn|6
|
|t:|1614635560
|switch|p2a: Heatran|Heatran, M|100/100
|-damage|p2a: Heatran|88/100|[from] Stealth Rock
|move|p1a: Corviknight|U-turn|p2a: Heatran
|-resisted|p2a: Heatran
|-damage|p2a: Heatran|85/100
|inactive|Battle timer is ON: inactive players will automatically lose when time's up. (requested by ulosesir)
|
|t:|1614635573
|switch|p1a: Kyurem|Kyurem|100/100|[from]move: U-turn
|-ability|p1a: Kyurem|Pressure
|
|-heal|p2a: Heatran|92/100|[from] item: Leftovers
|upkeep
|turn|7
|
|t:|1614635582
|switch|p2a: Kyurem|Kyurem|100/100
|-damage|p2a: Kyurem|76/100|[from] Stealth Rock
|-ability|p2a: Kyurem|Pressure
|move|p1a: Kyurem|Substitute|p1a: Kyurem
|-start|p1a: Kyurem|Substitute
|-damage|p1a: Kyurem|76/100
|
|-heal|p2a: Kyurem|82/100|[from] item: Leftovers
|upkeep
|turn|8
|
|t:|1614635589
|move|p1a: Kyurem|Freeze-Dry|p2a: Kyurem
|-damage|p2a: Kyurem|56/100
|move|p2a: Kyurem|Roost|p2a: Kyurem
|-heal|p2a: Kyurem|100/100
|-singleturn|p2a: Kyurem|move: Roost
|
|upkeep
|turn|9
|
|t:|1614635596
|move|p1a: Kyurem|Earth Power|p2a: Kyurem
|-crit|p2a: Kyurem
|-damage|p2a: Kyurem|70/100
|move|p2a: Kyurem|Substitute|p2a: Kyurem
|-start|p2a: Kyurem|Substitute
|-damage|p2a: Kyurem|45/100
|
|-heal|p2a: Kyurem|51/100|[from] item: Leftovers
|upkeep
|turn|10
|j| Zhong Li's Meteor
|
|t:|1614635605
|move|p1a: Kyurem|Earth Power|p2a: Kyurem
|-activate|p2a: Kyurem|move: Substitute|[damage]
|move|p2a: Kyurem|Roost|p2a: Kyurem
|-heal|p2a: Kyurem|100/100
|-singleturn|p2a: Kyurem|move: Roost
|
|upkeep
|turn|11
|
|t:|1614635623
|move|p1a: Kyurem|Roost|p1a: Kyurem
|-heal|p1a: Kyurem|100/100
|-singleturn|p1a: Kyurem|move: Roost
|move|p2a: Kyurem|Substitute|p2a: Kyurem
|-fail|p2a: Kyurem|move: Substitute
|
|upkeep
|turn|12
|
|t:|1614635629
|switch|p1a: Corviknight|Corviknight, F|100/100
|-damage|p1a: Corviknight|88/100|[from] Stealth Rock
|-ability|p1a: Corviknight|Pressure
|move|p2a: Kyurem|Substitute|p2a: Kyurem
|-fail|p2a: Kyurem|move: Substitute
|
|upkeep
|turn|13
|
|t:|1614635636
|switch|p2a: Landorus|Landorus-Therian, M|77/100
|-damage|p2a: Landorus|64/100|[from] Stealth Rock
|-ability|p2a: Landorus|Intimidate|boost
|-unboost|p1a: Corviknight|atk|1
|move|p1a: Corviknight|U-turn|p2a: Landorus
|-resisted|p2a: Landorus
|-damage|p2a: Landorus|61/100
|-damage|p1a: Corviknight|72/100|[from] item: Rocky Helmet|[of] p2a: Landorus
|
|t:|1614635648
|switch|p1a: Kyurem|Kyurem|100/100|[from]move: U-turn
|-ability|p1a: Kyurem|Pressure
|
|upkeep
|turn|14
|
|t:|1614635655
|switch|p2a: Kyurem|Kyurem|100/100
|-damage|p2a: Kyurem|76/100|[from] Stealth Rock
|-ability|p2a: Kyurem|Pressure
|move|p1a: Kyurem|Freeze-Dry|p2a: Kyurem
|-damage|p2a: Kyurem|52/100
|
|-heal|p2a: Kyurem|58/100|[from] item: Leftovers
|upkeep
|turn|15
|j| drivance
|
|t:|1614635667
|switch|p1a: Tapu Koko|Tapu Koko|100/100
|-fieldstart|move: Electric Terrain|[from] ability: Electric Surge|[of] p1a: Tapu Koko
|move|p2a: Kyurem|Roost|p2a: Kyurem
|-heal|p2a: Kyurem|100/100
|-singleturn|p2a: Kyurem|move: Roost
|
|upkeep
|turn|16
|
|t:|1614635676
|move|p1a: Tapu Koko|Dazzling Gleam|p2a: Kyurem
|-supereffective|p2a: Kyurem
|-damage|p2a: Kyurem|50/100
|move|p2a: Kyurem|Substitute|p2a: Kyurem
|-start|p2a: Kyurem|Substitute
|-damage|p2a: Kyurem|26/100
|
|-heal|p2a: Kyurem|32/100|[from] item: Leftovers
|upkeep
|turn|17
|
|t:|1614635683
|move|p1a: Tapu Koko|Dazzling Gleam|p2a: Kyurem
|-supereffective|p2a: Kyurem
|-end|p2a: Kyurem|Substitute
|move|p2a: Kyurem|Roost|p2a: Kyurem
|-heal|p2a: Kyurem|82/100
|-singleturn|p2a: Kyurem|move: Roost
|
|-heal|p2a: Kyurem|88/100|[from] item: Leftovers
|upkeep
|turn|18
|
|t:|1614635689
|move|p1a: Tapu Koko|Dazzling Gleam|p2a: Kyurem
|-supereffective|p2a: Kyurem
|-damage|p2a: Kyurem|38/100
|move|p2a: Kyurem|Roost|p2a: Kyurem
|-heal|p2a: Kyurem|88/100
|-singleturn|p2a: Kyurem|move: Roost
|
|-heal|p2a: Kyurem|94/100|[from] item: Leftovers
|upkeep
|turn|19
|j| Zombini62
|
|t:|1614635699
|switch|p2a: Heatran|Heatran, M|92/100
|-damage|p2a: Heatran|79/100|[from] Stealth Rock
|move|p1a: Tapu Koko|Dazzling Gleam|p2a: Heatran
|-resisted|p2a: Heatran
|-damage|p2a: Heatran|73/100
|
|-heal|p2a: Heatran|79/100|[from] item: Leftovers
|-fieldend|move: Electric Terrain
|upkeep
|turn|20
|
|t:|1614635709
|move|p1a: Tapu Koko|U-turn|p2a: Heatran
|-resisted|p2a: Heatran
|-damage|p2a: Heatran|75/100
|
|t:|1614635714
|switch|p1a: Kyurem|Kyurem|100/100|[from]move: U-turn
|-ability|p1a: Kyurem|Pressure
|move|p2a: Heatran|Magma Storm|p1a: Kyurem
|-damage|p1a: Kyurem|47/100
|-activate|p1a: Kyurem|move: Magma Storm|[of] p2a: Heatran
|
|-heal|p2a: Heatran|82/100|[from] item: Leftovers
|-damage|p1a: Kyurem|35/100|[from] move: Magma Storm|[partiallytrapped]
|upkeep
|turn|21
|
|t:|1614635723
|switch|p2a: Kyurem|Kyurem|94/100
|-damage|p2a: Kyurem|69/100|[from] Stealth Rock
|-ability|p2a: Kyurem|Pressure
|move|p1a: Kyurem|Roost|p1a: Kyurem
|-heal|p1a: Kyurem|85/100
|-singleturn|p1a: Kyurem|move: Roost
|
|-heal|p2a: Kyurem|75/100|[from] item: Leftovers
|-end|p1a: Kyurem|Magma Storm|[partiallytrapped]|[silent]
|upkeep
|turn|22
|
|t:|1614635742
|switch|p1a: Corviknight|Corviknight, F|72/100
|-damage|p1a: Corviknight|59/100|[from] Stealth Rock
|-ability|p1a: Corviknight|Pressure
|move|p2a: Kyurem|Dragon Dance|p2a: Kyurem
|-boost|p2a: Kyurem|atk|1
|-boost|p2a: Kyurem|spe|1
|
|-heal|p2a: Kyurem|82/100|[from] item: Leftovers
|upkeep
|turn|23
|
|t:|1614635748
|move|p2a: Kyurem|Substitute|p2a: Kyurem
|-start|p2a: Kyurem|Substitute
|-damage|p2a: Kyurem|57/100
|move|p1a: Corviknight|Roost|p1a: Corviknight
|-heal|p1a: Corviknight|100/100
|-singleturn|p1a: Corviknight|move: Roost
|
|-heal|p2a: Kyurem|63/100|[from] item: Leftovers
|upkeep
|turn|24
|
|t:|1614635752
|move|p2a: Kyurem|Dragon Dance|p2a: Kyurem
|-boost|p2a: Kyurem|atk|1
|-boost|p2a: Kyurem|spe|1
|move|p1a: Corviknight|Brave Bird|p2a: Kyurem
|-end|p2a: Kyurem|Substitute
|-damage|p1a: Corviknight|92/100|[from] Recoil|[of] p2a: Kyurem
|
|-heal|p2a: Kyurem|69/100|[from] item: Leftovers
|upkeep
|turn|25
|
|t:|1614635762
|move|p2a: Kyurem|Substitute|p2a: Kyurem
|-start|p2a: Kyurem|Substitute
|-damage|p2a: Kyurem|44/100
|move|p1a: Corviknight|Brave Bird|p2a: Kyurem
|-end|p2a: Kyurem|Substitute
|-damage|p1a: Corviknight|83/100|[from] Recoil|[of] p2a: Kyurem
|
|-heal|p2a: Kyurem|50/100|[from] item: Leftovers
|upkeep
|turn|26
|
|t:|1614635771
|move|p2a: Kyurem|Substitute|p2a: Kyurem
|-start|p2a: Kyurem|Substitute
|-damage|p2a: Kyurem|26/100
|move|p1a: Corviknight|U-turn|p2a: Kyurem
|-activate|p2a: Kyurem|move: Substitute|[damage]
|
|t:|1614635775
|switch|p1a: Landorus|Landorus-Therian, M|100/100|[from]move: U-turn
|-damage|p1a: Landorus|88/100|[from] Stealth Rock
|-ability|p1a: Landorus|Intimidate|boost
|-immune|p2a: Kyurem
|
|-heal|p2a: Kyurem|32/100|[from] item: Leftovers
|upkeep
|turn|27
|
|t:|1614635783
|switch|p1a: Heatran|Heatran, M|100/100
|-damage|p1a: Heatran|88/100|[from] Stealth Rock
|move|p2a: Kyurem|Icicle Spear|p1a: Heatran
|-resisted|p1a: Heatran
|-damage|p1a: Heatran|84/100
|-resisted|p1a: Heatran
|-damage|p1a: Heatran|79/100
|-resisted|p1a: Heatran
|-damage|p1a: Heatran|75/100
|-resisted|p1a: Heatran
|-damage|p1a: Heatran|70/100
|-hitcount|p1a: Heatran|4
|
|-heal|p2a: Kyurem|38/100|[from] item: Leftovers
|-heal|p1a: Heatran|76/100|[from] item: Leftovers
|upkeep
|turn|28
|
|t:|1614635788
|move|p2a: Kyurem|Roost|p2a: Kyurem
|-heal|p2a: Kyurem|88/100
|-singleturn|p2a: Kyurem|move: Roost
|move|p1a: Heatran|Earth Power|p2a: Kyurem
|-end|p2a: Kyurem|Substitute
|
|-heal|p2a: Kyurem|94/100|[from] item: Leftovers
|-heal|p1a: Heatran|83/100|[from] item: Leftovers
|upkeep
|turn|29
|
|t:|1614635801
|move|p2a: Kyurem|Substitute|p2a: Kyurem
|-start|p2a: Kyurem|Substitute
|-damage|p2a: Kyurem|69/100
|move|p1a: Heatran|Earth Power|p2a: Kyurem
|-activate|p2a: Kyurem|move: Substitute|[damage]
|
|-heal|p2a: Kyurem|75/100|[from] item: Leftovers
|-heal|p1a: Heatran|89/100|[from] item: Leftovers
|upkeep
|turn|30
|
|t:|1614635804
|move|p2a: Kyurem|Dragon Dance|p2a: Kyurem
|-boost|p2a: Kyurem|atk|1
|-boost|p2a: Kyurem|spe|1
|move|p1a: Heatran|Earth Power|p2a: Kyurem
|-end|p2a: Kyurem|Substitute
|
|-heal|p2a: Kyurem|82/100|[from] item: Leftovers
|-heal|p1a: Heatran|95/100|[from] item: Leftovers
|upkeep
|turn|31
|
|t:|1614635817
|move|p2a: Kyurem|Substitute|p2a: Kyurem
|-start|p2a: Kyurem|Substitute
|-damage|p2a: Kyurem|57/100
|move|p1a: Heatran|Earth Power|p2a: Kyurem
|-activate|p2a: Kyurem|move: Substitute|[damage]
|
|-heal|p2a: Kyurem|63/100|[from] item: Leftovers
|-heal|p1a: Heatran|100/100|[from] item: Leftovers
|upkeep
|turn|32
|
|t:|1614635824
|move|p2a: Kyurem|Dragon Dance|p2a: Kyurem
|-boost|p2a: Kyurem|atk|1
|-boost|p2a: Kyurem|spe|1
|move|p1a: Heatran|Earth Power|p2a: Kyurem
|-end|p2a: Kyurem|Substitute
|
|-heal|p2a: Kyurem|69/100|[from] item: Leftovers
|upkeep
|turn|33
|
|t:|1614635837
|move|p2a: Kyurem|Substitute|p2a: Kyurem
|-start|p2a: Kyurem|Substitute
|-damage|p2a: Kyurem|44/100
|move|p1a: Heatran|Earth Power|p2a: Kyurem
|-activate|p2a: Kyurem|move: Substitute|[damage]
|
|-heal|p2a: Kyurem|50/100|[from] item: Leftovers
|upkeep
|turn|34
|
|t:|1614635840
|move|p2a: Kyurem|Roost|p2a: Kyurem
|-heal|p2a: Kyurem|100/100
|-singleturn|p2a: Kyurem|move: Roost
|move|p1a: Heatran|Earth Power|p2a: Kyurem
|-end|p2a: Kyurem|Substitute
|
|upkeep
|turn|35
|
|t:|1614635850
|switch|p1a: Landorus|Landorus-Therian, M|88/100
|-damage|p1a: Landorus|76/100|[from] Stealth Rock
|-ability|p1a: Landorus|Intimidate|boost
|-unboost|p2a: Kyurem|atk|1
|move|p2a: Kyurem|Substitute|p2a: Kyurem
|-start|p2a: Kyurem|Substitute
|-damage|p2a: Kyurem|76/100
|
|-heal|p2a: Kyurem|82/100|[from] item: Leftovers
|upkeep
|turn|36
|
|t:|1614635854
|switch|p1a: Heatran|Heatran, M|100/100
|-damage|p1a: Heatran|88/100|[from] Stealth Rock
|move|p2a: Kyurem|Icicle Spear|p1a: Heatran
|-resisted|p1a: Heatran
|-crit|p1a: Heatran
|-damage|p1a: Heatran|80/100
|-resisted|p1a: Heatran
|-damage|p1a: Heatran|75/100
|-resisted|p1a: Heatran
|-damage|p1a: Heatran|69/100
|-resisted|p1a: Heatran
|-damage|p1a: Heatran|63/100
|-resisted|p1a: Heatran
|-damage|p1a: Heatran|57/100
|-hitcount|p1a: Heatran|5
|
|-heal|p2a: Kyurem|88/100|[from] item: Leftovers
|-heal|p1a: Heatran|63/100|[from] item: Leftovers
|upkeep
|turn|37
|
|t:|1614635862
|move|p2a: Kyurem|Dragon Dance|p2a: Kyurem
|-boost|p2a: Kyurem|atk|1
|-boost|p2a: Kyurem|spe|1
|move|p1a: Heatran|Magma Storm|p2a: Kyurem
|-end|p2a: Kyurem|Substitute
|
|-heal|p2a: Kyurem|94/100|[from] item: Leftovers
|-heal|p1a: Heatran|70/100|[from] item: Leftovers
|upkeep
|turn|38
|
|t:|1614635871
|move|p2a: Kyurem|Substitute|p2a: Kyurem
|-start|p2a: Kyurem|Substitute
|-damage|p2a: Kyurem|69/100
|move|p1a: Heatran|Magma Storm|p2a: Kyurem
|-end|p2a: Kyurem|Substitute
|
|-heal|p2a: Kyurem|75/100|[from] item: Leftovers
|-heal|p1a: Heatran|76/100|[from] item: Leftovers
|upkeep
|turn|39
|j| unreachableplaces
|
|t:|1614635890
|move|p2a: Kyurem|Substitute|p2a: Kyurem
|-start|p2a: Kyurem|Substitute
|-damage|p2a: Kyurem|51/100
|move|p1a: Heatran|Magma Storm|p2a: Kyurem
|-end|p2a: Kyurem|Substitute
|
|-heal|p2a: Kyurem|57/100|[from] item: Leftovers
|-heal|p1a: Heatran|82/100|[from] item: Leftovers
|upkeep
|turn|40
|
|t:|1614635897
|switch|p1a: Landorus|Landorus-Therian, M|76/100
|-damage|p1a: Landorus|64/100|[from] Stealth Rock
|-ability|p1a: Landorus|Intimidate|boost
|-unboost|p2a: Kyurem|atk|1
|move|p2a: Kyurem|Substitute|p2a: Kyurem
|-start|p2a: Kyurem|Substitute
|-damage|p2a: Kyurem|32/100
|
|-heal|p2a: Kyurem|38/100|[from] item: Leftovers
|upkeep
|turn|41
|
|t:|1614635901
|switch|p1a: Heatran|Heatran, M|82/100
|-damage|p1a: Heatran|70/100|[from] Stealth Rock
|move|p2a: Kyurem|Icicle Spear|p1a: Heatran
|-resisted|p1a: Heatran
|-damage|p1a: Heatran|64/100
|-resisted|p1a: Heatran
|-damage|p1a: Heatran|59/100
|-resisted|p1a: Heatran
|-damage|p1a: Heatran|53/100
|-resisted|p1a: Heatran
|-damage|p1a: Heatran|48/100
|-resisted|p1a: Heatran
|-damage|p1a: Heatran|42/100
|-hitcount|p1a: Heatran|5
|
|-heal|p2a: Kyurem|44/100|[from] item: Leftovers
|-heal|p1a: Heatran|48/100|[from] item: Leftovers
|upkeep
|turn|42
|
|t:|1614635906
|move|p2a: Kyurem|Roost|p2a: Kyurem
|-heal|p2a: Kyurem|94/100
|-singleturn|p2a: Kyurem|move: Roost
|move|p1a: Heatran|Magma Storm|p2a: Kyurem
|-end|p2a: Kyurem|Substitute
|
|-heal|p2a: Kyurem|100/100|[from] item: Leftovers
|-heal|p1a: Heatran|54/100|[from] item: Leftovers
|upkeep
|turn|43
|-message|friedfreak forfeited.
|
|win|ulosesir
|l|☆friedfreak
||Ladder (probably) updated, but score could not be retrieved (Request timeout).
