|j|☆smollest brian
|j|☆Giove97
|inactive|Battle timer is ON: inactive players will automatically lose when time's up.
|t:|1655917078
|gametype|singles
|player|p1|smollest brian|sonia|
|player|p2|Giove97|#teamballo2022|
|teamsize|p1|6
|teamsize|p2|6
|gen|8
|tier|[Gen 8] OU
|rated|Tournament battle
|rule|Sleep Clause Mod: Limit one foe put to sleep
|rule|Species Clause: Limit one of each Pokémon
|rule|OHKO Clause: OHKO moves are banned
|rule|Evasion Moves Clause: Evasion moves are banned
|rule|Endless Battle Clause: Forcing endless battles is banned
|rule|HP Percentage Mod: HP is shown in percentages
|rule|Dynamax Clause: You cannot dynamax
|clearpoke
|poke|p1|Frosmoth, M|
|poke|p1|Volcanion|
|poke|p1|Corviknight, M|
|poke|p1|Garchomp, F|
|poke|p1|Tapu Lele|
|poke|p1|Hawlucha, F|
|poke|p2|Nihilego|
|poke|p2|Zapdos-Galar|
|poke|p2|Kartana|
|poke|p2|Celesteela|
|poke|p2|Garchomp, M|
|poke|p2|Tapu Fini|
|teampreview
|j|*Lady Monita ☀
|j| durarararara
|
|t:|1655917095
|start
|switch|p1a: Frosmoth|Frosmoth, M|100/100
|switch|p2a: Garchomp|Garchomp, M|100/100
|turn|1
|
|t:|1655917100
|move|p2a: Garchomp|Stealth Rock|p1a: Frosmoth
|-sidestart|p1: smollest brian|move: Stealth Rock
|move|p1a: Frosmoth|Ice Beam|p2a: Garchomp
|-supereffective|p2a: Garchomp
|-damage|p2a: Garchomp|0 fnt
|faint|p2a: Garchomp
|
|upkeep
|
|t:|1655917108
|switch|p2a: Kartana|Kartana|100/100
|turn|2
|
|t:|1655917112
|switch|p1a: Corviknight|Corviknight, M|100/100
|-damage|p1a: Corviknight|88/100|[from] Stealth Rock
|-ability|p1a: Corviknight|Pressure
|move|p2a: Kartana|Smart Strike|p1a: Corviknight
|-resisted|p1a: Corviknight
|-damage|p1a: Corviknight|74/100
|
|-heal|p1a: Corviknight|81/100|[from] item: Leftovers
|upkeep
|turn|3
|j| ToRocky4u
|
|t:|1655917126
|switch|p2a: Celesteela|Celesteela|100/100
|move|p1a: Corviknight|Defog|p2a: Celesteela
|-unboost|p2a: Celesteela|evasion|1
|-sideend|p1: smollest brian|Stealth Rock|[from] move: Defog|[of] p1a: Corviknight
|
|-heal|p1a: Corviknight|87/100|[from] item: Leftovers
|upkeep
|turn|4
|
|t:|1655917132
|move|p2a: Celesteela|Autotomize|p2a: Celesteela
|-boost|p2a: Celesteela|spe|2
|-start|p2a: Celesteela|Autotomize
|move|p1a: Corviknight|U-turn|p2a: Celesteela
|-resisted|p2a: Celesteela
|-damage|p2a: Celesteela|97/100
|
|t:|1655917136
|switch|p1a: Frosmoth|Frosmoth, M|100/100|[from]move: U-turn
|
|upkeep
|turn|5
|
|t:|1655917143
|move|p2a: Celesteela|Meteor Beam||[still]
|-prepare|p2a: Celesteela|Meteor Beam
|-boost|p2a: Celesteela|spa|1
|-enditem|p2a: Celesteela|Power Herb
|-anim|p2a: Celesteela|Meteor Beam|p1a: Frosmoth
|-supereffective|p1a: Frosmoth
|-damage|p1a: Frosmoth|14/100
|move|p1a: Frosmoth|Ice Beam|p2a: Celesteela
|-damage|p2a: Celesteela|51/100
|
|upkeep
|turn|6
|
|t:|1655917160
|move|p2a: Celesteela|Flamethrower|p1a: Frosmoth
|-supereffective|p1a: Frosmoth
|-damage|p1a: Frosmoth|0 fnt
|faint|p1a: Frosmoth
|-ability|p2a: Celesteela|Beast Boost|boost
|-boost|p2a: Celesteela|spa|1
|
|upkeep
|
|t:|1655917162
|switch|p1a: Volcanion|Volcanion|100/100
|turn|7
|
|t:|1655917167
|move|p2a: Celesteela|Air Slash|p1a: Volcanion
|-damage|p1a: Volcanion|24/100
|move|p1a: Volcanion|Flamethrower|p2a: Celesteela
|-supereffective|p2a: Celesteela
|-damage|p2a: Celesteela|0 fnt
|faint|p2a: Celesteela
|
|upkeep
|
|t:|1655917173
|switch|p2a: Tapu Fini|Tapu Fini|100/100
|-fieldstart|move: Misty Terrain|[from] ability: Misty Surge|[of] p2a: Tapu Fini
|turn|8
|
|t:|1655917177
|move|p2a: Tapu Fini|Calm Mind|p2a: Tapu Fini
|-boost|p2a: Tapu Fini|spa|1
|-boost|p2a: Tapu Fini|spd|1
|move|p1a: Volcanion|Sludge Wave|p2a: Tapu Fini
|-supereffective|p2a: Tapu Fini
|-damage|p2a: Tapu Fini|61/100
|
|-heal|p2a: Tapu Fini|67/100|[from] item: Leftovers
|upkeep
|turn|9
|
|t:|1655917190
|move|p2a: Tapu Fini|Calm Mind|p2a: Tapu Fini
|-boost|p2a: Tapu Fini|spa|1
|-boost|p2a: Tapu Fini|spd|1
|move|p1a: Volcanion|Sludge Wave|p2a: Tapu Fini
|-supereffective|p2a: Tapu Fini
|-damage|p2a: Tapu Fini|39/100
|
|-heal|p2a: Tapu Fini|45/100|[from] item: Leftovers
|upkeep
|turn|10
|
|t:|1655917195
|move|p2a: Tapu Fini|Calm Mind|p2a: Tapu Fini
|-boost|p2a: Tapu Fini|spa|1
|-boost|p2a: Tapu Fini|spd|1
|move|p1a: Volcanion|Sludge Wave|p2a: Tapu Fini
|-supereffective|p2a: Tapu Fini
|-damage|p2a: Tapu Fini|22/100
|
|-heal|p2a: Tapu Fini|28/100|[from] item: Leftovers
|upkeep
|turn|11
|j| Terror Fangツ
|
|t:|1655917198
|move|p2a: Tapu Fini|Draining Kiss|p1a: Volcanion
|-resisted|p1a: Volcanion
|-damage|p1a: Volcanion|2/100
|-heal|p2a: Tapu Fini|45/100|[from] drain|[of] p1a: Volcanion
|move|p1a: Volcanion|Sludge Wave|p2a: Tapu Fini
|-supereffective|p2a: Tapu Fini
|-damage|p2a: Tapu Fini|22/100
|
|-heal|p2a: Tapu Fini|28/100|[from] item: Leftovers
|upkeep
|turn|12
|
|t:|1655917202
|move|p2a: Tapu Fini|Draining Kiss|p1a: Volcanion
|-resisted|p1a: Volcanion
|-damage|p1a: Volcanion|0 fnt
|-heal|p2a: Tapu Fini|30/100|[from] drain|[of] p1a: Volcanion
|faint|p1a: Volcanion
|
|-heal|p2a: Tapu Fini|36/100|[from] item: Leftovers
|-fieldend|Misty Terrain
|upkeep
|
|t:|1655917204
|switch|p1a: Tapu Lele|Tapu Lele|100/100
|-fieldstart|move: Psychic Terrain|[from] ability: Psychic Surge|[of] p1a: Tapu Lele
|turn|13
|
|t:|1655917207
|move|p1a: Tapu Lele|Psyshock|p2a: Tapu Fini
|-damage|p2a: Tapu Fini|0 fnt
|faint|p2a: Tapu Fini
|
|upkeep
|
|t:|1655917211
|switch|p2a: Kartana|Kartana|100/100
|turn|14
|
|t:|1655917214
|switch|p1a: Corviknight|Corviknight, M|87/100
|-ability|p1a: Corviknight|Pressure
|move|p2a: Kartana|Knock Off|p1a: Corviknight
|-damage|p1a: Corviknight|63/100
|-enditem|p1a: Corviknight|Leftovers|[from] move: Knock Off|[of] p2a: Kartana
|
|upkeep
|turn|15
|
|t:|1655917220
|switch|p2a: Zapdos|Zapdos-Galar|100/100
|move|p1a: Corviknight|Roost|p1a: Corviknight
|-heal|p1a: Corviknight|100/100
|-singleturn|p1a: Corviknight|move: Roost
|
|upkeep
|turn|16
|
|t:|1655917233
|move|p2a: Zapdos|Brave Bird|p1a: Corviknight
|-resisted|p1a: Corviknight
|-damage|p1a: Corviknight|74/100
|-damage|p2a: Zapdos|90/100|[from] Recoil
|move|p1a: Corviknight|Brave Bird|p2a: Zapdos
|-supereffective|p2a: Zapdos
|-damage|p2a: Zapdos|0 fnt
|faint|p2a: Zapdos
|-damage|p1a: Corviknight|50/100|[from] Recoil
|
|upkeep
|
|t:|1655917237
|switch|p2a: Nihilego|Nihilego|100/100
|turn|17
|
|t:|1655917244
|switch|p1a: Garchomp|Garchomp, F|100/100
|move|p2a: Nihilego|Meteor Beam||[still]
|-prepare|p2a: Nihilego|Meteor Beam
|-boost|p2a: Nihilego|spa|1
|-enditem|p2a: Nihilego|Power Herb
|-anim|p2a: Nihilego|Meteor Beam|p1a: Garchomp
|-resisted|p1a: Garchomp
|-damage|p1a: Garchomp|53/100
|
|-fieldend|move: Psychic Terrain
|upkeep
|turn|18
|
|t:|1655917252
|move|p2a: Nihilego|Grass Knot|p1a: Garchomp
|-damage|p1a: Garchomp|13/100
|-damage|p2a: Nihilego|88/100|[from] ability: Rough Skin|[of] p1a: Garchomp
|-damage|p2a: Nihilego|72/100|[from] item: Rocky Helmet|[of] p1a: Garchomp
|move|p1a: Garchomp|Earthquake|p2a: Nihilego
|-supereffective|p2a: Nihilego
|-damage|p2a: Nihilego|0 fnt
|faint|p2a: Nihilego
|
|upkeep
|c|☆Giove97|gg
|c|☆smollest brian|gg
|
|t:|1655917260
|switch|p2a: Kartana|Kartana|100/100
|turn|19
|
|t:|1655917267
|move|p2a: Kartana|Smart Strike|p1a: Garchomp
|-damage|p1a: Garchomp|0 fnt
|-damage|p2a: Kartana|88/100|[from] ability: Rough Skin|[of] p1a: Garchomp
|-damage|p2a: Kartana|72/100|[from] item: Rocky Helmet|[of] p1a: Garchomp
|faint|p1a: Garchomp
|-ability|p2a: Kartana|Beast Boost|boost
|-boost|p2a: Kartana|atk|1
|
|upkeep
|
|t:|1655917269
|switch|p1a: Corviknight|Corviknight, M|50/100
|-ability|p1a: Corviknight|Pressure
|turn|20
|
|t:|1655917281
|move|p2a: Kartana|Smart Strike|p1a: Corviknight
|-resisted|p1a: Corviknight
|-damage|p1a: Corviknight|31/100
|move|p1a: Corviknight|Roost|p1a: Corviknight
|-heal|p1a: Corviknight|81/100
|-singleturn|p1a: Corviknight|move: Roost
|
|upkeep
|turn|21
|
|t:|1655917285
|move|p2a: Kartana|Smart Strike|p1a: Corviknight
|-resisted|p1a: Corviknight
|-damage|p1a: Corviknight|60/100
|move|p1a: Corviknight|U-turn|p2a: Kartana
|-crit|p2a: Kartana
|-damage|p2a: Kartana|48/100
|-message|Giove97 forfeited.
|
|win|smollest brian
|n|☆smollest brian|smollestbrian
|n|☆Giove97|giove97
|n|*Lady Monita ☀|ladymonita
|n| durarararara|durarararara
|n| ToRocky4u|torocky4u
|n| Terror Fangツ|terrorfang
|l|*Lady Monita ☀
|l|☆Giove97
|l| durarararara
|l| Terror Fangツ
|l| ToRocky4u
