|j|☆Sp0oNl0rD
|j|☆feelss
|inactive|Battle timer is ON: inactive players will automatically lose when time's up.
|t:|1648609560
|gametype|singles
|player|p1|Sp0oNl0rD|teamrocket|
|player|p2|feelss|aromalady|
|teamsize|p1|6
|teamsize|p2|6
|gen|8
|tier|[Gen 8] OU
|rated|Tournament battle
|rule|Sleep Clause Mod: Limit one foe put to sleep
|rule|Species Clause: Limit one of each Pokémon
|rule|OHKO Clause: OHKO moves are banned
|rule|Evasion Moves Clause: Evasion moves are banned
|rule|Endless Battle Clause: Forcing endless battles is banned
|rule|HP Percentage Mod: HP is shown in percentages
|rule|Dynamax Clause: You cannot dynamax
|rule|Item Clause: Limit one of each item
|clearpoke
|poke|p1|Tapu Koko|
|poke|p1|Hatterene, F|
|poke|p1|Blaziken, F|
|poke|p1|Garchomp, F|
|poke|p1|Moltres-Galar|
|poke|p1|Melmetal|
|poke|p2|Buzzwole|
|poke|p2|Hawlucha, F|
|poke|p2|Hippowdon, F|
|poke|p2|Dracozolt|
|poke|p2|Tapu Lele|
|poke|p2|Volcarona, F|
|teampreview
|inactive|Sp0oNl0rD also wants the timer to be on.
|
|t:|1648609569
|start
|switch|p1a: Tapu Koko|Tapu Koko|100/100
|switch|p2a: biggie hippie|Hippowdon, F|100/100
|-fieldstart|move: Electric Terrain|[from] ability: Electric Surge|[of] p1a: Tapu Koko
|-weather|Sandstorm|[from] ability: Sand Stream|[of] p2a: biggie hippie
|turn|1
|
|t:|1648609576
|move|p1a: Tapu Koko|Reflect|p1a: Tapu Koko
|-sidestart|p1: Sp0oNl0rD|Reflect
|move|p2a: biggie hippie|Stealth Rock|p1a: Tapu Koko
|-sidestart|p1: Sp0oNl0rD|move: Stealth Rock
|
|-weather|Sandstorm|[upkeep]
|-damage|p1a: Tapu Koko|94/100|[from] Sandstorm
|upkeep
|turn|2
|
|t:|1648609581
|move|p1a: Tapu Koko|Light Screen|p1a: Tapu Koko
|-sidestart|p1: Sp0oNl0rD|move: Light Screen
|move|p2a: biggie hippie|Toxic|p1a: Tapu Koko
|-status|p1a: Tapu Koko|tox
|
|-weather|Sandstorm|[upkeep]
|-damage|p1a: Tapu Koko|88/100 tox|[from] Sandstorm
|-damage|p1a: Tapu Koko|82/100 tox|[from] psn
|upkeep
|turn|3
|
|t:|1648609590
|move|p1a: Tapu Koko|U-turn|p2a: biggie hippie
|-damage|p2a: biggie hippie|92/100
|
|t:|1648609591
|switch|p1a: Hatterene|Hatterene, F|100/100|[from]move: U-turn
|-damage|p1a: Hatterene|88/100|[from] Stealth Rock
|-enditem|p1a: Hatterene|Electric Seed
|-boost|p1a: Hatterene|def|1|[from] item: Electric Seed
|move|p2a: biggie hippie|Earthquake|p1a: Hatterene
|-damage|p1a: Hatterene|75/100
|
|-weather|Sandstorm|[upkeep]
|-damage|p1a: Hatterene|69/100|[from] Sandstorm
|-heal|p2a: biggie hippie|98/100|[from] item: Leftovers
|upkeep
|turn|4
|j| Cachooch
|
|t:|1648609606
|move|p2a: biggie hippie|Slack Off|p2a: biggie hippie
|-heal|p2a: biggie hippie|100/100
|move|p1a: Hatterene|Calm Mind|p1a: Hatterene
|-boost|p1a: Hatterene|spa|1
|-boost|p1a: Hatterene|spd|1
|
|-weather|Sandstorm|[upkeep]
|-damage|p1a: Hatterene|63/100|[from] Sandstorm
|upkeep
|turn|5
|
|t:|1648609618
|switch|p2a: fortress|Tapu Lele|100/100
|-fieldstart|move: Psychic Terrain|[from] ability: Psychic Surge|[of] p2a: fortress
|move|p1a: Hatterene|Draining Kiss|p2a: fortress
|-damage|p2a: fortress|58/100
|-heal|p1a: Hatterene|91/100|[from] drain|[of] p2a: fortress
|
|-weather|none
|upkeep
|turn|6
|
|t:|1648609627
|move|p2a: fortress|Psychic|p1a: Hatterene
|-resisted|p1a: Hatterene
|-damage|p1a: Hatterene|75/100
|move|p1a: Hatterene|Calm Mind|p1a: Hatterene
|-boost|p1a: Hatterene|spa|1
|-boost|p1a: Hatterene|spd|1
|
|upkeep
|turn|7
|
|t:|1648609644
|switch|p2a: ophelia|Volcarona, F|100/100
|move|p1a: Hatterene|Calm Mind|p1a: Hatterene
|-boost|p1a: Hatterene|spa|1
|-boost|p1a: Hatterene|spd|1
|
|upkeep
|turn|8
|
|t:|1648609654
|switch|p2a: norman powell|Hawlucha, F|100/100
|-enditem|p2a: norman powell|Psychic Seed
|-boost|p2a: norman powell|spd|1|[from] item: Psychic Seed
|move|p1a: Hatterene|Psyshock|p2a: norman powell
|-supereffective|p2a: norman powell
|-damage|p2a: norman powell|0 fnt
|faint|p2a: norman powell
|
|-sideend|p1: Sp0oNl0rD|Reflect
|upkeep
|
|t:|1648609667
|switch|p2a: biggie hippie|Hippowdon, F|100/100
|-weather|Sandstorm|[from] ability: Sand Stream|[of] p2a: biggie hippie
|turn|9
|
|t:|1648609679
|move|p2a: biggie hippie|Earthquake|p1a: Hatterene
|-damage|p1a: Hatterene|48/100
|move|p1a: Hatterene|Draining Kiss|p2a: biggie hippie
|-damage|p2a: biggie hippie|35/100
|-heal|p1a: Hatterene|100/100|[from] drain|[of] p2a: biggie hippie
|
|-weather|Sandstorm|[upkeep]
|-damage|p1a: Hatterene|95/100|[from] Sandstorm
|-heal|p2a: biggie hippie|41/100|[from] item: Leftovers
|-sideend|p1: Sp0oNl0rD|move: Light Screen
|-fieldend|move: Psychic Terrain
|upkeep
|turn|10
|
|t:|1648609688
|move|p2a: biggie hippie|Earthquake|p1a: Hatterene
|-damage|p1a: Hatterene|68/100
|move|p1a: Hatterene|Draining Kiss|p2a: biggie hippie
|-damage|p2a: biggie hippie|0 fnt
|-heal|p1a: Hatterene|100/100|[from] drain|[of] p2a: biggie hippie
|faint|p2a: biggie hippie
|
|-weather|Sandstorm|[upkeep]
|-damage|p1a: Hatterene|95/100|[from] Sandstorm
|upkeep
|
|t:|1648609696
|switch|p2a: vince carter|Dracozolt|100/100
|turn|11
|
|t:|1648609699
|move|p2a: vince carter|Bolt Beak|p1a: Hatterene
|-damage|p1a: Hatterene|30/100
|-damage|p2a: vince carter|91/100|[from] item: Life Orb
|move|p1a: Hatterene|Draining Kiss|p2a: vince carter
|-supereffective|p2a: vince carter
|-damage|p2a: vince carter|0 fnt
|-heal|p1a: Hatterene|99/100|[from] drain|[of] p2a: vince carter
|faint|p2a: vince carter
|
|-weather|Sandstorm|[upkeep]
|-damage|p1a: Hatterene|93/100|[from] Sandstorm
|upkeep
|
|t:|1648609711
|switch|p2a: ophelia|Volcarona, F|100/100
|turn|12
|
|t:|1648609719
|move|p2a: ophelia|Quiver Dance|p2a: ophelia
|-boost|p2a: ophelia|spa|1
|-boost|p2a: ophelia|spd|1
|-boost|p2a: ophelia|spe|1
|move|p1a: Hatterene|Psyshock|p2a: ophelia
|-damage|p2a: ophelia|0 fnt
|faint|p2a: ophelia
|
|-weather|Sandstorm|[upkeep]
|-damage|p1a: Hatterene|87/100|[from] Sandstorm
|upkeep
|j| deesnut
|l| deesnut
|
|t:|1648609730
|switch|p2a: flexo|Buzzwole|100/100
|turn|13
|
|t:|1648609734
|move|p2a: flexo|Drain Punch|p1a: Hatterene
|-resisted|p1a: Hatterene
|-damage|p1a: Hatterene|81/100
|move|p1a: Hatterene|Draining Kiss|p2a: flexo
|-supereffective|p2a: flexo
|-damage|p2a: flexo|0 fnt
|-heal|p1a: Hatterene|100/100|[from] drain|[of] p2a: flexo
|-damage|p1a: Hatterene|84/100|[from] item: Rocky Helmet|[of] p2a: flexo
|faint|p2a: flexo
|
|-weather|none
|upkeep
|c|☆feelss|gg
|c|☆Sp0oNl0rD|gg
|
|t:|1648609744
|switch|p2a: fortress|Tapu Lele|58/100
|-fieldstart|move: Psychic Terrain|[from] ability: Psychic Surge|[of] p2a: fortress
|turn|14
|
|t:|1648609748
|move|p2a: fortress|Moonblast|p1a: Hatterene
|-damage|p1a: Hatterene|54/100
|move|p1a: Hatterene|Draining Kiss|p2a: fortress
|-damage|p2a: fortress|0 fnt
|-heal|p1a: Hatterene|92/100|[from] drain|[of] p2a: fortress
|faint|p2a: fortress
|
|win|Sp0oNl0rD
|n|☆Sp0oNl0rD|sp0onl0rd
|n|☆feelss|feelss
|n| Cachooch|cachooch
|l| Cachooch
|l|☆Sp0oNl0rD
