|j|☆not mb
|j|‽CloudNineee
|t:|1654837952
|gametype|singles
|player|p1|not mb|102|1847
|player|p2|CloudNineee|265|1859
|teamsize|p1|6
|teamsize|p2|6
|gen|8
|tier|[Gen 8] OU
|rated|
|rule|Sleep Clause Mod: Limit one foe put to sleep
|rule|Species Clause: Limit one of each Pokémon
|rule|OHKO Clause: OHKO moves are banned
|rule|Evasion Moves Clause: Evasion moves are banned
|rule|Endless Battle Clause: Forcing endless battles is banned
|rule|HP Percentage Mod: HP is shown in percentages
|rule|Dynamax Clause: You cannot dynamax
|clearpoke
|poke|p1|Clefable, F|
|poke|p1|Hippowdon, M|
|poke|p1|Tornadus-Therian, M|
|poke|p1|Rotom-Wash|
|poke|p1|Rillaboom, M|
|poke|p1|Melmetal|
|poke|p2|Gastrodon, F|
|poke|p2|Corviknight, M|
|poke|p2|Toxapex, F|
|poke|p2|Zapdos|
|poke|p2|Blissey, F|
|poke|p2|Clefable, F|
|teampreview
|c|☆not mb|:)
|inactive|Battle timer is ON: inactive players will automatically lose when time's up. (requested by CloudNineee)
|j| p74
|inactive|not mb has 120 seconds left.
|
|t:|1654837995
|start
|switch|p1a: Tornadus|Tornadus-Therian, M|100/100
|switch|p2a: Toxapex|Toxapex, F|100/100
|turn|1
|
|t:|1654838002
|move|p1a: Tornadus|Knock Off|p2a: Toxapex
|-damage|p2a: Toxapex|89/100
|-enditem|p2a: Toxapex|Shed Shell|[from] move: Knock Off|[of] p1a: Tornadus
|move|p2a: Toxapex|Toxic|p1a: Tornadus
|-status|p1a: Tornadus|tox
|
|-damage|p1a: Tornadus|94/100 tox|[from] psn
|upkeep
|turn|2
|j| TwoTreesWaiting
|
|t:|1654838012
|move|p1a: Tornadus|Heat Wave|p2a: Toxapex
|-resisted|p2a: Toxapex
|-damage|p2a: Toxapex|79/100
|move|p2a: Toxapex|Knock Off|p1a: Tornadus
|-damage|p1a: Tornadus|82/100 tox
|-enditem|p1a: Tornadus|Heavy-Duty Boots|[from] move: Knock Off|[of] p2a: Toxapex
|
|-damage|p1a: Tornadus|69/100 tox|[from] psn
|upkeep
|turn|3
|
|t:|1654838017
|move|p1a: Tornadus|Heat Wave|p2a: Toxapex
|-resisted|p2a: Toxapex
|-damage|p2a: Toxapex|70/100
|move|p2a: Toxapex|Toxic Spikes|p1a: Tornadus
|-sidestart|p1: not mb|move: Toxic Spikes
|
|-damage|p1a: Tornadus|51/100 tox|[from] psn
|upkeep
|turn|4
|
|t:|1654838020
|move|p1a: Tornadus|U-turn|p2a: Toxapex
|-resisted|p2a: Toxapex
|-damage|p2a: Toxapex|65/100
|
|t:|1654838022
|switch|p1a: Clefable|Clefable, F|100/100|[from]move: U-turn
|-status|p1a: Clefable|psn
|move|p2a: Toxapex|Knock Off|p1a: Clefable
|-resisted|p1a: Clefable
|-damage|p1a: Clefable|95/100 psn
|
|-damage|p2a: Toxapex|53/100|[from] item: Sticky Barb
|upkeep
|turn|5
|
|t:|1654838033
|switch|p2a: Blissey|Blissey, F|100/100
|move|p1a: Clefable|Aromatherapy|p1a: Clefable
|-activate|p1a: Clefable|move: Aromatherapy
|-curestatus|p1a: Clefable|psn|[msg]
|-curestatus|p1: Tornadus|tox|[msg]
|
|upkeep
|turn|6
|
|t:|1654838036
|move|p1a: Clefable|Trick|p2a: Blissey
|-activate|p1a: Clefable|move: Trick|[of] p2a: Blissey
|-enditem|p2a: Blissey|Leftovers|[silent]|[from] move: Trick
|-item|p1a: Clefable|Leftovers|[from] move: Trick
|move|p2a: Blissey|Stealth Rock|p1a: Clefable
|-sidestart|p1: not mb|move: Stealth Rock
|
|-heal|p1a: Clefable|100/100|[from] item: Leftovers
|upkeep
|turn|7
|
|t:|1654838046
|switch|p1a: Rotom|Rotom-Wash, shiny|100/100
|-damage|p1a: Rotom|88/100|[from] Stealth Rock
|move|p2a: Blissey|Toxic|p1a: Rotom
|-status|p1a: Rotom|tox
|
|-heal|p1a: Rotom|94/100 tox|[from] item: Leftovers
|-damage|p1a: Rotom|88/100 tox|[from] psn
|upkeep
|turn|8
|
|t:|1654838055
|switch|p2a: Gastrodon|Gastrodon, F|100/100
|move|p1a: Rotom|Will-O-Wisp|p2a: Gastrodon
|-status|p2a: Gastrodon|brn
|
|-heal|p1a: Rotom|94/100 tox|[from] item: Leftovers
|-damage|p1a: Rotom|82/100 tox|[from] psn
|-damage|p2a: Gastrodon|94/100 brn|[from] brn
|upkeep
|turn|9
|
|t:|1654838060
|switch|p1a: Clefable|Clefable, F|100/100
|-status|p1a: Clefable|psn
|switch|p2a: Toxapex|Toxapex, F|86/100
|
|-damage|p2a: Toxapex|74/100|[from] item: Sticky Barb
|upkeep
|turn|10
|
|t:|1654838064
|switch|p1a: Tornadus|Tornadus-Therian, M|84/100
|-damage|p1a: Tornadus|60/100|[from] Stealth Rock
|move|p2a: Toxapex|Knock Off|p1a: Tornadus
|-damage|p1a: Tornadus|49/100
|
|-damage|p2a: Toxapex|61/100|[from] item: Sticky Barb
|upkeep
|turn|11
|
|t:|1654838067
|move|p1a: Tornadus|Defog|p2a: Toxapex
|-unboost|p2a: Toxapex|evasion|1
|-sideend|p1: not mb|Toxic Spikes|[from] move: Defog|[of] p1a: Tornadus
|-sideend|p1: not mb|Stealth Rock|[from] move: Defog|[of] p1a: Tornadus
|move|p2a: Toxapex|Toxic|p1a: Tornadus
|-status|p1a: Tornadus|tox
|
|-damage|p1a: Tornadus|43/100 tox|[from] psn
|-damage|p2a: Toxapex|49/100|[from] item: Sticky Barb
|upkeep
|turn|12
|
|t:|1654838070
|move|p1a: Tornadus|Heat Wave|p2a: Toxapex
|-resisted|p2a: Toxapex
|-crit|p2a: Toxapex
|-damage|p2a: Toxapex|34/100
|move|p2a: Toxapex|Toxic Spikes|p1a: Tornadus
|-sidestart|p1: not mb|move: Toxic Spikes
|
|-damage|p1a: Tornadus|31/100 tox|[from] psn
|-damage|p2a: Toxapex|21/100|[from] item: Sticky Barb
|upkeep
|turn|13
|
|t:|1654838082
|switch|p1a: Clefable|Clefable, F|100/100 psn
|switch|p2a: Blissey|Blissey, F|100/100
|
|upkeep
|turn|14
|
|t:|1654838087
|switch|p1a: Tornadus|Tornadus-Therian, M|64/100 tox
|move|p2a: Blissey|Stealth Rock|p1a: Tornadus
|-sidestart|p1: not mb|move: Stealth Rock
|
|-damage|p1a: Tornadus|58/100 tox|[from] psn
|upkeep
|turn|15
|
|t:|1654838090
|move|p1a: Tornadus|Defog|p2a: Blissey
|-unboost|p2a: Blissey|evasion|1
|-sideend|p1: not mb|Toxic Spikes|[from] move: Defog|[of] p1a: Tornadus
|-sideend|p1: not mb|Stealth Rock|[from] move: Defog|[of] p1a: Tornadus
|move|p2a: Blissey|Seismic Toss|p1a: Tornadus
|-damage|p1a: Tornadus|30/100 tox
|
|-damage|p1a: Tornadus|18/100 tox|[from] psn
|upkeep
|turn|16
|
|t:|1654838092
|switch|p1a: Hippowdon|Hippowdon, M|100/100
|-weather|Sandstorm|[from] ability: Sand Stream|[of] p1a: Hippowdon
|move|p2a: Blissey|Stealth Rock|p1a: Hippowdon
|-sidestart|p1: not mb|move: Stealth Rock
|
|-weather|Sandstorm|[upkeep]
|-damage|p2a: Blissey|94/100|[from] Sandstorm
|upkeep
|turn|17
|
|t:|1654838095
|move|p2a: Blissey|Toxic|p1a: Hippowdon
|-status|p1a: Hippowdon|tox
|move|p1a: Hippowdon|Stealth Rock|p2a: Blissey
|-sidestart|p2: CloudNineee|move: Stealth Rock
|
|-weather|Sandstorm|[upkeep]
|-damage|p2a: Blissey|88/100|[from] Sandstorm
|-damage|p1a: Hippowdon|94/100 tox|[from] psn
|upkeep
|turn|18
|j| BabyPigsAreLaughin
|
|t:|1654838103
|switch|p2a: Gastrodon|Gastrodon, F|94/100 brn
|-damage|p2a: Gastrodon|88/100 brn|[from] Stealth Rock
|switch|p1a: Rotom|Rotom-Wash, shiny|82/100 tox
|-damage|p1a: Rotom|70/100 tox|[from] Stealth Rock
|
|-weather|Sandstorm|[upkeep]
|-damage|p1a: Rotom|64/100 tox|[from] Sandstorm
|-heal|p1a: Rotom|70/100 tox|[from] item: Leftovers
|-heal|p2a: Gastrodon|94/100 brn|[from] item: Leftovers
|-damage|p1a: Rotom|64/100 tox|[from] psn
|-damage|p2a: Gastrodon|88/100 brn|[from] brn
|upkeep
|turn|19
|
|t:|1654838106
|move|p1a: Rotom|Pain Split|p2a: Gastrodon
|-sethp|p2a: Gastrodon|67/100 brn|[from] move: Pain Split|[silent]
|-sethp|p1a: Rotom|94/100 tox|[from] move: Pain Split
|move|p2a: Gastrodon|Scald|p1a: Rotom
|-resisted|p1a: Rotom
|-damage|p1a: Rotom|82/100 tox
|
|-weather|Sandstorm|[upkeep]
|-damage|p1a: Rotom|76/100 tox|[from] Sandstorm
|-heal|p1a: Rotom|82/100 tox|[from] item: Leftovers
|-heal|p2a: Gastrodon|73/100 brn|[from] item: Leftovers
|-damage|p1a: Rotom|70/100 tox|[from] psn
|-damage|p2a: Gastrodon|67/100 brn|[from] brn
|upkeep
|turn|20
|j| IceGuysFinishLast
|
|t:|1654838119
|move|p1a: Rotom|Hydro Pump|p2a: Gastrodon
|-damage|p2a: Gastrodon|41/100 brn
|move|p2a: Gastrodon|Scald|p1a: Rotom
|-resisted|p1a: Rotom
|-damage|p1a: Rotom|59/100 tox
|
|-weather|none
|-heal|p1a: Rotom|65/100 tox|[from] item: Leftovers
|-heal|p2a: Gastrodon|47/100 brn|[from] item: Leftovers
|-damage|p1a: Rotom|47/100 tox|[from] psn
|-damage|p2a: Gastrodon|41/100 brn|[from] brn
|upkeep
|turn|21
|
|t:|1654838125
|move|p1a: Rotom|Hydro Pump|p2a: Gastrodon
|-damage|p2a: Gastrodon|14/100 brn
|move|p2a: Gastrodon|Recover|p2a: Gastrodon
|-heal|p2a: Gastrodon|64/100 brn
|
|-heal|p1a: Rotom|53/100 tox|[from] item: Leftovers
|-heal|p2a: Gastrodon|70/100 brn|[from] item: Leftovers
|-damage|p1a: Rotom|30/100 tox|[from] psn
|-damage|p2a: Gastrodon|64/100 brn|[from] brn
|upkeep
|turn|22
|
|t:|1654838132
|move|p2a: Gastrodon|Protect|p2a: Gastrodon
|-singleturn|p2a: Gastrodon|Protect
|move|p1a: Rotom|Pain Split|p2a: Gastrodon
|-activate|p2a: Gastrodon|move: Protect
|
|-heal|p1a: Rotom|35/100 tox|[from] item: Leftovers
|-heal|p2a: Gastrodon|70/100 brn|[from] item: Leftovers
|-damage|p1a: Rotom|6/100 tox|[from] psn
|-damage|p2a: Gastrodon|64/100 brn|[from] brn
|upkeep
|turn|23
|
|t:|1654838154
|switch|p1a: Rillaboom|Rillaboom, M|100/100
|-damage|p1a: Rillaboom|88/100|[from] Stealth Rock
|-fieldstart|move: Grassy Terrain|[from] ability: Grassy Surge|[of] p1a: Rillaboom
|move|p2a: Gastrodon|Recover|p2a: Gastrodon
|-heal|p2a: Gastrodon|100/100 brn
|
|-heal|p1a: Rillaboom|94/100|[from] Grassy Terrain
|-heal|p1a: Rillaboom|100/100|[from] item: Leftovers
|-damage|p2a: Gastrodon|94/100 brn|[from] brn
|upkeep
|turn|24
|
|t:|1654838162
|switch|p2a: Zapdos|Zapdos|100/100
|move|p1a: Rillaboom|Knock Off|p2a: Zapdos
|-damage|p2a: Zapdos|75/100
|-enditem|p2a: Zapdos|Heavy-Duty Boots|[from] move: Knock Off|[of] p1a: Rillaboom
|
|upkeep
|turn|25
|
|t:|1654838168
|switch|p1a: Clefable|Clefable, F|100/100 psn
|switch|p2a: Toxapex|Toxapex, F|54/100
|-damage|p2a: Toxapex|42/100|[from] Stealth Rock
|
|-heal|p2a: Toxapex|48/100|[from] Grassy Terrain
|-damage|p2a: Toxapex|36/100|[from] item: Sticky Barb
|upkeep
|turn|26
|j| KMTQ
|
|t:|1654838175
|move|p1a: Clefable|Aromatherapy|p1a: Clefable
|-activate|p1a: Clefable|move: Aromatherapy
|-curestatus|p1a: Clefable|psn|[msg]
|-curestatus|p1: Tornadus|tox|[msg]
|-curestatus|p1: Hippowdon|tox|[msg]
|-curestatus|p1: Rotom|tox|[msg]
|move|p2a: Toxapex|Recover|p2a: Toxapex
|-heal|p2a: Toxapex|86/100
|
|-heal|p2a: Toxapex|92/100|[from] Grassy Terrain
|-damage|p2a: Toxapex|79/100|[from] item: Sticky Barb
|upkeep
|turn|27
|
|t:|1654838185
|move|p1a: Clefable|Moonblast|p2a: Toxapex
|-resisted|p2a: Toxapex
|-damage|p2a: Toxapex|68/100
|move|p2a: Toxapex|Toxic Spikes|p1a: Clefable
|-sidestart|p1: not mb|move: Toxic Spikes
|
|-heal|p2a: Toxapex|74/100|[from] Grassy Terrain
|-fieldend|move: Grassy Terrain
|-damage|p2a: Toxapex|61/100|[from] item: Sticky Barb
|upkeep
|turn|28
|inactive|not mb has 120 seconds left.
|
|t:|1654838226
|move|p1a: Clefable|Moonblast|p2a: Toxapex
|-resisted|p2a: Toxapex
|-damage|p2a: Toxapex|48/100
|move|p2a: Toxapex|Toxic|p1a: Clefable
|-status|p1a: Clefable|tox
|
|-damage|p2a: Toxapex|35/100|[from] item: Sticky Barb
|upkeep
|turn|29
|
|t:|1654838250
|switch|p1a: Tornadus|Tornadus-Therian, M|51/100
|-damage|p1a: Tornadus|27/100|[from] Stealth Rock
|switch|p2a: Blissey|Blissey, F|88/100
|-damage|p2a: Blissey|76/100|[from] Stealth Rock
|
|upkeep
|turn|30
|inactive|not mb has 90 seconds left.
|j| kind of liked it
|
|t:|1654838290
|switch|p1a: Melmetal|Melmetal|100/100
|-damage|p1a: Melmetal|94/100|[from] Stealth Rock
|move|p2a: Blissey|Seismic Toss|p1a: Melmetal
|-damage|p1a: Melmetal|71/100
|
|-heal|p1a: Melmetal|78/100|[from] item: Leftovers
|upkeep
|turn|31
|
|t:|1654838306
|switch|p2a: Corviknight|Corviknight, M|100/100
|-damage|p2a: Corviknight|88/100|[from] Stealth Rock
|-ability|p2a: Corviknight|Pressure
|switch|p1a: Tornadus|Tornadus-Therian, M|60/100
|-damage|p1a: Tornadus|35/100|[from] Stealth Rock
|
|-heal|p2a: Corviknight|94/100|[from] item: Leftovers
|upkeep
|turn|32
|inactive|not mb has 60 seconds left.
|l| TwoTreesWaiting
|inactive|not mb has 30 seconds left.
|-message|not mb forfeited.
|
|win|CloudNineee
|inactive|not mb has 30 seconds left this turn.
|raw|not mb's rating: 1847 &rarr; <strong>1828</strong><br />(-19 for losing)
|raw|CloudNineee's rating: 1859 &rarr; <strong>1878</strong><br />(+19 for winning)
|l| IceGuysFinishLast
|j| tolstoy
|l| tolstoy
