|html|<div class="broadcast-blue"><strong>[Gen 8] OU is currently suspecting Melmetal! For information on how to participate check out the <a href="https://www.smogon.com/forums/threads/np-ss-ou-suspect-process-round-12-monster-mash.3709234/">suspect thread</a>.</strong></div>
|j|☆minimax_ai
|j|☆MurderousMantyke
|t:|1665782525
|gametype|singles
|player|p1|minimax_ai|lusamine-nihilego|1689
|player|p2|MurderousMantyke|#helpstaffxmas|1660
|teamsize|p1|6
|teamsize|p2|6
|gen|8
|tier|[Gen 8] OU
|rated|
|rule|Sleep Clause Mod: Limit one foe put to sleep
|rule|Species Clause: Limit one of each Pokémon
|rule|OHKO Clause: OHKO moves are banned
|rule|Evasion Items Clause: Evasion items are banned
|rule|Evasion Moves Clause: Evasion moves are banned
|rule|Endless Battle Clause: Forcing endless battles is banned
|rule|HP Percentage Mod: HP is shown in percentages
|rule|Dynamax Clause: You cannot dynamax
|clearpoke
|poke|p1|Rotom-Wash|
|poke|p1|Weavile, F|
|poke|p1|Landorus-Therian, M|
|poke|p1|Heatran, M|
|poke|p1|Tangrowth, M|
|poke|p1|Melmetal|
|poke|p2|Ferrothorn, F|
|poke|p2|Rotom-Wash|
|poke|p2|Tyranitar, F|
|poke|p2|Excadrill, M|
|poke|p2|Clefable, M|
|poke|p2|Dragapult, M|
|teampreview
|c|☆minimax_ai|hf
|inactive|Battle timer is ON: inactive players will automatically lose when time's up. (requested by minimax_ai)
|c|☆MurderousMantyke|hf
|
|t:|1665782538
|start
|switch|p1a: landorustherian|Landorus-Therian, M|100/100
|switch|p2a: Clefable|Clefable, M|100/100
|-ability|p1a: landorustherian|Intimidate|boost
|-unboost|p2a: Clefable|atk|1
|turn|1
|
|t:|1665782541
|move|p1a: landorustherian|Earthquake|p2a: Clefable
|-damage|p2a: Clefable|67/100
|move|p2a: Clefable|Knock Off|p1a: landorustherian
|-damage|p1a: landorustherian|91/100
|-enditem|p1a: landorustherian|Leftovers|[from] move: Knock Off|[of] p2a: Clefable
|
|upkeep
|turn|2
|
|t:|1665782544
|move|p1a: landorustherian|Earthquake|p2a: Clefable
|-damage|p2a: Clefable|29/100
|move|p2a: Clefable|Stealth Rock|p1a: landorustherian
|-sidestart|p1: minimax_ai|move: Stealth Rock
|
|upkeep
|turn|3
|
|t:|1665782546
|move|p1a: landorustherian|Earthquake|p2a: Clefable
|-damage|p2a: Clefable|0 fnt
|faint|p2a: Clefable
|
|upkeep
|
|t:|1665782549
|switch|p2a: Dragapult|Dragapult, M|100/100
|turn|4
|
|t:|1665782553
|move|p2a: Dragapult|Draco Meteor|p1a: landorustherian
|-damage|p1a: landorustherian|24/100
|-unboost|p2a: Dragapult|spa|2
|move|p1a: landorustherian|Earthquake|p2a: Dragapult
|-crit|p2a: Dragapult
|-damage|p2a: Dragapult|8/100
|
|upkeep
|turn|5
|
|t:|1665782556
|move|p2a: Dragapult|Draco Meteor|p1a: landorustherian
|-damage|p1a: landorustherian|0 fnt
|-unboost|p2a: Dragapult|spa|2
|faint|p1a: landorustherian
|
|upkeep
|
|t:|1665782556
|switch|p1a: Heatran|Heatran, M|100/100
|-damage|p1a: Heatran|88/100|[from] Stealth Rock
|-item|p1a: Heatran|Air Balloon
|turn|6
|j| Zombini62
|
|t:|1665782560
|switch|p2a: Tyranitar|Tyranitar, F|100/100
|-weather|Sandstorm|[from] ability: Sand Stream|[of] p2a: Tyranitar
|move|p1a: Heatran|Stealth Rock|p2a: Tyranitar
|-sidestart|p2: MurderousMantyke|move: Stealth Rock
|
|-weather|Sandstorm|[upkeep]
|upkeep
|turn|7
|j| OmegaTroll
|
|t:|1665782567
|switch|p1a: Tangrowth|Tangrowth, M|100/100
|-damage|p1a: Tangrowth|88/100|[from] Stealth Rock
|move|p2a: Tyranitar|Crunch|p1a: Tangrowth
|-damage|p1a: Tangrowth|50/100
|-damage|p2a: Tyranitar|84/100|[from] item: Rocky Helmet|[of] p1a: Tangrowth
|
|-weather|Sandstorm|[upkeep]
|-damage|p1a: Tangrowth|43/100|[from] Sandstorm
|upkeep
|turn|8
|
|t:|1665782570
|move|p2a: Tyranitar|Crunch|p1a: Tangrowth
|-damage|p1a: Tangrowth|9/100
|-damage|p2a: Tyranitar|67/100|[from] item: Rocky Helmet|[of] p1a: Tangrowth
|move|p1a: Tangrowth|Giga Drain|p2a: Tyranitar
|-supereffective|p2a: Tyranitar
|-damage|p2a: Tyranitar|33/100
|-heal|p1a: Tangrowth|24/100|[from] drain|[of] p2a: Tyranitar
|
|-weather|Sandstorm|[upkeep]
|-damage|p1a: Tangrowth|18/100|[from] Sandstorm
|upkeep
|turn|9
|
|t:|1665782573
|switch|p1a: Melmetal|Melmetal|100/100
|-damage|p1a: Melmetal|94/100|[from] Stealth Rock
|move|p2a: Tyranitar|Crunch|p1a: Melmetal
|-damage|p1a: Melmetal|55/100
|
|-weather|Sandstorm|[upkeep]
|upkeep
|turn|10
|
|t:|1665782577
|move|p2a: Tyranitar|Crunch|p1a: Melmetal
|-damage|p1a: Melmetal|15/100
|move|p1a: Melmetal|Earthquake|p2a: Tyranitar
|-supereffective|p2a: Tyranitar
|-damage|p2a: Tyranitar|0 fnt
|faint|p2a: Tyranitar
|
|-weather|none
|upkeep
|
|t:|1665782583
|switch|p2a: Excadrill|Excadrill, M|100/100
|-damage|p2a: Excadrill|97/100|[from] Stealth Rock
|turn|11
|
|t:|1665782587
|switch|p1a: Heatran|Heatran, M|88/100
|-damage|p1a: Heatran|76/100|[from] Stealth Rock
|-item|p1a: Heatran|Air Balloon
|move|p2a: Excadrill|Rapid Spin|p1a: Heatran
|-resisted|p1a: Heatran
|-damage|p1a: Heatran|66/100
|-boost|p2a: Excadrill|spe|1
|-enditem|p1a: Heatran|Air Balloon
|-sideend|p2: MurderousMantyke|Stealth Rock|[from] move: Rapid Spin|[of] p2a: Excadrill
|
|-heal|p2a: Excadrill|100/100|[from] item: Leftovers
|upkeep
|turn|12
|
|t:|1665782591
|switch|p1a: rotomwash|Rotom-Wash|100/100
|-damage|p1a: rotomwash|88/100|[from] Stealth Rock
|move|p2a: Excadrill|Swords Dance|p2a: Excadrill
|-boost|p2a: Excadrill|atk|2
|
|-heal|p1a: rotomwash|94/100|[from] item: Leftovers
|upkeep
|turn|13
|
|t:|1665782594
|switch|p2a: Ferrothorn|Ferrothorn, F|100/100
|move|p1a: rotomwash|Nasty Plot|p1a: rotomwash
|-boost|p1a: rotomwash|spa|2
|
|-heal|p1a: rotomwash|100/100|[from] item: Leftovers
|upkeep
|turn|14
|
|t:|1665782598
|switch|p1a: Tangrowth|Tangrowth, M|51/100
|-damage|p1a: Tangrowth|39/100|[from] Stealth Rock
|move|p2a: Ferrothorn|Spikes|p1a: Tangrowth
|-sidestart|p1: minimax_ai|Spikes
|
|upkeep
|turn|15
|
|t:|1665782602
|move|p1a: Tangrowth|Knock Off|p2a: Ferrothorn
|-damage|p2a: Ferrothorn|87/100
|-damage|p1a: Tangrowth|26/100|[from] ability: Iron Barbs|[of] p2a: Ferrothorn
|-enditem|p2a: Ferrothorn|Leftovers|[from] move: Knock Off|[of] p1a: Tangrowth
|move|p2a: Ferrothorn|Spikes|p1a: Tangrowth
|-sidestart|p1: minimax_ai|Spikes
|
|upkeep
|turn|16
|
|t:|1665782604
|move|p1a: Tangrowth|Giga Drain|p2a: Ferrothorn
|-resisted|p2a: Ferrothorn
|-damage|p2a: Ferrothorn|81/100
|-heal|p1a: Tangrowth|29/100|[from] drain|[of] p2a: Ferrothorn
|move|p2a: Ferrothorn|Body Press|p1a: Tangrowth
|-damage|p1a: Tangrowth|12/100
|-damage|p2a: Ferrothorn|64/100|[from] item: Rocky Helmet|[of] p1a: Tangrowth
|
|upkeep
|turn|17
|
|t:|1665782608
|move|p1a: Tangrowth|Focus Blast|p2a: Ferrothorn
|-supereffective|p2a: Ferrothorn
|-damage|p2a: Ferrothorn|13/100
|move|p2a: Ferrothorn|Body Press|p1a: Tangrowth
|-damage|p1a: Tangrowth|0 fnt
|-damage|p2a: Ferrothorn|0 fnt|[from] item: Rocky Helmet|[of] p1a: Tangrowth
|faint|p1a: Tangrowth
|faint|p2a: Ferrothorn
|
|upkeep
|
|t:|1665782613
|switch|p1a: rotomwash|Rotom-Wash|100/100
|switch|p2a: Rotom|Rotom-Wash|100/100
|-damage|p1a: rotomwash|88/100|[from] Stealth Rock
|turn|18
|
|t:|1665782616
|move|p2a: Rotom|Toxic|p1a: rotomwash
|-status|p1a: rotomwash|tox
|move|p1a: rotomwash|Hydro Pump|p2a: Rotom|[miss]
|-miss|p1a: rotomwash|p2a: Rotom
|
|-heal|p1a: rotomwash|94/100 tox|[from] item: Leftovers
|-damage|p1a: rotomwash|88/100 tox|[from] psn
|upkeep
|turn|19
|
|t:|1665782619
|move|p2a: Rotom|Volt Switch|p1a: rotomwash
|-damage|p1a: rotomwash|60/100 tox
|l| OmegaTroll
|
|t:|1665782626
|switch|p2a: Dragapult|Dragapult, M|8/100|[from]move: Volt Switch
|move|p1a: rotomwash|Hydro Pump|p2a: Dragapult
|-resisted|p2a: Dragapult
|-damage|p2a: Dragapult|0 fnt
|faint|p2a: Dragapult
|
|-heal|p1a: rotomwash|67/100 tox|[from] item: Leftovers
|-damage|p1a: rotomwash|54/100 tox|[from] psn
|upkeep
|
|t:|1665782628
|switch|p2a: Rotom|Rotom-Wash|100/100
|turn|20
|
|t:|1665782629
|move|p2a: Rotom|Hydro Pump|p1a: rotomwash
|-resisted|p1a: rotomwash
|-damage|p1a: rotomwash|31/100 tox
|move|p1a: rotomwash|Pain Split|p2a: Rotom
|-sethp|p2a: Rotom|66/100|[from] move: Pain Split|[silent]
|-sethp|p1a: rotomwash|66/100 tox|[from] move: Pain Split
|
|-heal|p2a: Rotom|72/100|[from] item: Leftovers
|-heal|p1a: rotomwash|72/100 tox|[from] item: Leftovers
|-damage|p1a: rotomwash|53/100 tox|[from] psn
|upkeep
|turn|21
|
|t:|1665782634
|switch|p1a: Melmetal|Melmetal|15/100
|-damage|p1a: Melmetal|8/100|[from] Stealth Rock
|-damage|p1a: Melmetal|0 fnt|[from] Spikes
|faint|p1a: Melmetal
|move|p2a: Rotom|Hydro Pump|p1: Melmetal|[notarget]
|-fail|p2a: Rotom
|
|-heal|p2a: Rotom|78/100|[from] item: Leftovers
|upkeep
|
|t:|1665782634
|switch|p1a: rotomwash|Rotom-Wash|53/100 tox
|-damage|p1a: rotomwash|41/100 tox|[from] Stealth Rock
|turn|22
|
|t:|1665782636
|move|p2a: Rotom|Hydro Pump|p1a: rotomwash
|-resisted|p1a: rotomwash
|-damage|p1a: rotomwash|20/100 tox
|move|p1a: rotomwash|Pain Split|p2a: Rotom
|-sethp|p2a: Rotom|49/100|[from] move: Pain Split|[silent]
|-sethp|p1a: rotomwash|49/100 tox|[from] move: Pain Split
|
|-heal|p2a: Rotom|55/100|[from] item: Leftovers
|-heal|p1a: rotomwash|55/100 tox|[from] item: Leftovers
|-damage|p1a: rotomwash|49/100 tox|[from] psn
|upkeep
|turn|23
|
|t:|1665782639
|move|p2a: Rotom|Hydro Pump|p1a: rotomwash
|-resisted|p1a: rotomwash
|-damage|p1a: rotomwash|28/100 tox
|move|p1a: rotomwash|Thunderbolt|p2a: Rotom
|-damage|p2a: Rotom|18/100
|
|-heal|p2a: Rotom|24/100|[from] item: Leftovers
|-heal|p1a: rotomwash|35/100 tox|[from] item: Leftovers
|-damage|p1a: rotomwash|22/100 tox|[from] psn
|upkeep
|turn|24
|
|t:|1665782645
|move|p2a: Rotom|Volt Switch|p1a: rotomwash
|-damage|p1a: rotomwash|0 fnt
|faint|p1a: rotomwash
|
|t:|1665782648
|switch|p2a: Excadrill|Excadrill, M|100/100|[from]move: Volt Switch
|
|upkeep
|
|t:|1665782648
|switch|p1a: Weavile|Weavile, F|100/100
|-damage|p1a: Weavile|76/100|[from] Stealth Rock
|-damage|p1a: Weavile|59/100|[from] Spikes
|-ability|p1a: Weavile|Pressure
|turn|25
|
|t:|1665782655
|move|p1a: Weavile|Knock Off|p2a: Excadrill
|-damage|p2a: Excadrill|0 fnt
|-enditem|p2a: Excadrill|Leftovers|[from] move: Knock Off|[of] p1a: Weavile
|faint|p2a: Excadrill
|
|upkeep
|
|t:|1665782658
|switch|p2a: Rotom|Rotom-Wash|24/100
|turn|26
|
|t:|1665782659
|move|p1a: Weavile|Knock Off|p2a: Rotom
|-damage|p2a: Rotom|0 fnt
|-enditem|p2a: Rotom|Leftovers|[from] move: Knock Off|[of] p1a: Weavile
|faint|p2a: Rotom
|
|win|minimax_ai
|raw|minimax_ai's rating: 1689 &rarr; <strong>1707</strong><br />(+18 for winning)
|raw|MurderousMantyke's rating: 1660 &rarr; <strong>1642</strong><br />(-18 for losing)
|c|☆minimax_ai|gg
