|raw|<div class="broadcast-blue"><strong>This battle is required to be public due to a player having a name starting with 'lt92pf'.</div>
|j|☆LT92PF Funk Flex
|j|☆Orangesss
|t:|1660019953
|gametype|singles
|player|p1|LT92PF Funk Flex|hugh|1651
|player|p2|Orangesss|silver|1676
|teamsize|p1|6
|teamsize|p2|6
|gen|8
|tier|[Gen 8] OU
|rated|
|rule|Sleep Clause Mod: Limit one foe put to sleep
|rule|Species Clause: Limit one of each Pokémon
|rule|OHKO Clause: OHKO moves are banned
|rule|Evasion Items Clause: Evasion items are banned
|rule|Evasion Moves Clause: Evasion moves are banned
|rule|Endless Battle Clause: Forcing endless battles is banned
|rule|HP Percentage Mod: HP is shown in percentages
|rule|Dynamax Clause: You cannot dynamax
|clearpoke
|poke|p1|Tyranitar, M|
|poke|p1|Excadrill, F|
|poke|p1|Clefable, M|
|poke|p1|Tornadus-Therian, M|
|poke|p1|Rotom-Wash|
|poke|p1|Melmetal|
|poke|p2|Pelipper, M|
|poke|p2|Barraskewda, F|
|poke|p2|Ferrothorn, F|
|poke|p2|Seismitoad, M|
|poke|p2|Tapu Koko|
|poke|p2|Tornadus-Therian, M|
|teampreview
|inactive|Battle timer is ON: inactive players will automatically lose when time's up. (requested by Orangesss)
|inactive|LT92PF Funk Flex also wants the timer to be on.
|
|t:|1660019962
|start
|switch|p1a: Tornadus|Tornadus-Therian, M|100/100
|switch|p2a: One fish two fish|Barraskewda, F|100/100
|turn|1
|
|t:|1660019967
|move|p2a: One fish two fish|Liquidation|p1a: Tornadus
|-damage|p1a: Tornadus|35/100
|move|p1a: Tornadus|Toxic|p2a: One fish two fish
|-status|p2a: One fish two fish|tox
|
|-damage|p2a: One fish two fish|94/100 tox|[from] psn
|upkeep
|turn|2
|
|t:|1660019973
|switch|p1a: Rotom|Rotom-Wash|100/100
|move|p2a: One fish two fish|Liquidation|p1a: Rotom
|-resisted|p1a: Rotom
|-damage|p1a: Rotom|61/100
|-unboost|p1a: Rotom|def|1
|
|-heal|p1a: Rotom|67/100|[from] item: Leftovers
|-damage|p2a: One fish two fish|82/100 tox|[from] psn
|upkeep
|turn|3
|
|t:|1660019977
|switch|p2a: Hates rain|Ferrothorn, F|100/100
|move|p1a: Rotom|Discharge|p2a: Hates rain
|-resisted|p2a: Hates rain
|-damage|p2a: Hates rain|89/100
|
|-heal|p1a: Rotom|72/100|[from] item: Leftovers
|-heal|p2a: Hates rain|95/100|[from] item: Leftovers
|upkeep
|turn|4
|
|t:|1660020010
|switch|p1a: Clefable|Clefable, M|100/100
|move|p2a: Hates rain|Knock Off|p1a: Clefable
|-resisted|p1a: Clefable
|-damage|p1a: Clefable|92/100
|-damage|p2a: Hates rain|79/100|[from] item: Rocky Helmet|[of] p1a: Clefable
|-enditem|p1a: Clefable|Rocky Helmet|[from] move: Knock Off|[of] p2a: Hates rain
|
|-heal|p2a: Hates rain|85/100|[from] item: Leftovers
|upkeep
|turn|5
|
|t:|1660020014
|move|p1a: Clefable|Stealth Rock|p2a: Hates rain
|-sidestart|p2: Orangesss|move: Stealth Rock
|move|p2a: Hates rain|Gyro Ball|p1a: Clefable
|-supereffective|p1a: Clefable
|-damage|p1a: Clefable|44/100
|
|-heal|p2a: Hates rain|91/100|[from] item: Leftovers
|upkeep
|turn|6
|
|t:|1660020020
|move|p1a: Clefable|Soft-Boiled|p1a: Clefable
|-heal|p1a: Clefable|94/100
|move|p2a: Hates rain|Gyro Ball|p1a: Clefable
|-supereffective|p1a: Clefable
|-damage|p1a: Clefable|49/100
|
|-heal|p2a: Hates rain|98/100|[from] item: Leftovers
|upkeep
|turn|7
|
|t:|1660020023
|switch|p2a: Lando Black sheep|Tornadus-Therian, M|100/100
|move|p1a: Clefable|Soft-Boiled|p1a: Clefable
|-heal|p1a: Clefable|99/100
|
|upkeep
|turn|8
|
|t:|1660020029
|move|p2a: Lando Black sheep|Defog|p1a: Clefable
|-unboost|p1a: Clefable|evasion|1
|-sideend|p2: Orangesss|Stealth Rock|[from] move: Defog|[of] p2a: Lando Black sheep
|move|p1a: Clefable|Knock Off|p2a: Lando Black sheep
|-damage|p2a: Lando Black sheep|84/100
|-enditem|p2a: Lando Black sheep|Heavy-Duty Boots|[from] move: Knock Off|[of] p1a: Clefable
|
|upkeep
|turn|9
|
|t:|1660020033
|move|p2a: Lando Black sheep|Hurricane|p1a: Clefable
|-damage|p1a: Clefable|64/100
|-start|p1a: Clefable|confusion
|-activate|p1a: Clefable|confusion
|move|p1a: Clefable|Stealth Rock|p2a: Lando Black sheep
|-sidestart|p2: Orangesss|move: Stealth Rock
|
|upkeep
|turn|10
|
|t:|1660020037
|switch|p1a: Tyranitar|Tyranitar, M|100/100
|-weather|Sandstorm|[from] ability: Sand Stream|[of] p1a: Tyranitar
|move|p2a: Lando Black sheep|Defog|p1a: Tyranitar
|-unboost|p1a: Tyranitar|evasion|1
|-sideend|p2: Orangesss|Stealth Rock|[from] move: Defog|[of] p2a: Lando Black sheep
|
|-weather|Sandstorm|[upkeep]
|-damage|p2a: Lando Black sheep|78/100|[from] Sandstorm
|upkeep
|turn|11
|
|t:|1660020045
|move|p2a: Lando Black sheep|U-turn|p1a: Tyranitar
|-supereffective|p1a: Tyranitar
|-damage|p1a: Tyranitar|75/100
|
|t:|1660020048
|switch|p2a: Big Gulp sponsor|Pelipper, M|100/100|[from]move: U-turn
|-weather|RainDance|[from] ability: Drizzle|[of] p2a: Big Gulp sponsor
|move|p1a: Tyranitar|Crunch|p2a: Big Gulp sponsor
|-damage|p2a: Big Gulp sponsor|48/100
|
|-weather|RainDance|[upkeep]
|upkeep
|turn|12
|
|t:|1660020055
|switch|p2a: Agent ¥|Seismitoad, M, shiny|100/100
|move|p1a: Tyranitar|Crunch|p2a: Agent ¥
|-damage|p2a: Agent ¥|20/100
|
|-weather|RainDance|[upkeep]
|upkeep
|turn|13
|
|t:|1660020060
|switch|p1a: Rotom|Rotom-Wash|72/100
|move|p2a: Agent ¥|Weather Ball|p1a: Rotom
|-resisted|p1a: Rotom
|-damage|p1a: Rotom|28/100
|-damage|p2a: Agent ¥|10/100|[from] item: Life Orb
|
|-weather|RainDance|[upkeep]
|-heal|p1a: Rotom|34/100|[from] item: Leftovers
|upkeep
|turn|14
|
|t:|1660020079
|move|p2a: Agent ¥|Earth Power|p1a: Rotom
|-immune|p1a: Rotom|[from] ability: Levitate
|move|p1a: Rotom|Pain Split|p2a: Agent ¥
|-sethp|p2a: Agent ¥|19/100|[from] move: Pain Split|[silent]
|-sethp|p1a: Rotom|22/100|[from] move: Pain Split
|
|-weather|RainDance|[upkeep]
|-heal|p1a: Rotom|28/100|[from] item: Leftovers
|upkeep
|turn|15
|
|t:|1660020083
|move|p2a: Agent ¥|Weather Ball|p1a: Rotom
|-resisted|p1a: Rotom
|-damage|p1a: Rotom|0 fnt
|faint|p1a: Rotom
|-damage|p2a: Agent ¥|9/100|[from] item: Life Orb
|
|-weather|RainDance|[upkeep]
|upkeep
|
|t:|1660020090
|switch|p1a: Tyranitar|Tyranitar, M|75/100
|-weather|Sandstorm|[from] ability: Sand Stream|[of] p1a: Tyranitar
|turn|16
|
|t:|1660020092
|switch|p1a: Clefable|Clefable, M|64/100
|move|p2a: Agent ¥|Weather Ball|p1a: Clefable
|-damage|p1a: Clefable|32/100
|-damage|p2a: Agent ¥|0 fnt|[from] item: Life Orb
|faint|p2a: Agent ¥
|
|-weather|Sandstorm|[upkeep]
|upkeep
|
|t:|1660020096
|switch|p2a: One fish two fish|Barraskewda, F|82/100 tox
|turn|17
|
|t:|1660020100
|switch|p1a: Melmetal|Melmetal|100/100
|move|p2a: One fish two fish|Flip Turn|p1a: Melmetal
|-damage|p1a: Melmetal|69/100
|
|t:|1660020103
|switch|p2a: Big Gulp sponsor|Pelipper, M|48/100|[from]move: Flip Turn
|-weather|RainDance|[from] ability: Drizzle|[of] p2a: Big Gulp sponsor
|
|-weather|RainDance|[upkeep]
|-heal|p1a: Melmetal|75/100|[from] item: Leftovers
|upkeep
|turn|18
|
|t:|1660020107
|switch|p1a: Tyranitar|Tyranitar, M|75/100
|-weather|Sandstorm|[from] ability: Sand Stream|[of] p1a: Tyranitar
|move|p2a: Big Gulp sponsor|Roost|p2a: Big Gulp sponsor
|-heal|p2a: Big Gulp sponsor|98/100
|-singleturn|p2a: Big Gulp sponsor|move: Roost
|
|-weather|Sandstorm|[upkeep]
|-damage|p2a: Big Gulp sponsor|92/100|[from] Sandstorm
|upkeep
|turn|19
|
|t:|1660020113
|move|p1a: Tyranitar|Fire Punch|p2a: Big Gulp sponsor
|-resisted|p2a: Big Gulp sponsor
|-damage|p2a: Big Gulp sponsor|76/100
|move|p2a: Big Gulp sponsor|Scald|p1a: Tyranitar
|-supereffective|p1a: Tyranitar
|-damage|p1a: Tyranitar|41/100
|
|-weather|Sandstorm|[upkeep]
|-damage|p2a: Big Gulp sponsor|70/100|[from] Sandstorm
|upkeep
|turn|20
|
|t:|1660020122
|switch|p1a: Clefable|Clefable, M|32/100
|move|p2a: Big Gulp sponsor|U-turn|p1a: Clefable
|-resisted|p1a: Clefable
|-damage|p1a: Clefable|28/100
|
|t:|1660020125
|switch|p2a: One fish two fish|Barraskewda, F|82/100 tox|[from]move: U-turn
|
|-weather|Sandstorm|[upkeep]
|-damage|p2a: One fish two fish|76/100 tox|[from] Sandstorm
|-damage|p2a: One fish two fish|70/100 tox|[from] psn
|upkeep
|turn|21
|
|t:|1660020137
|move|p2a: One fish two fish|Flip Turn|p1a: Clefable
|-damage|p1a: Clefable|0 fnt
|faint|p1a: Clefable
|
|t:|1660020140
|switch|p2a: Big Gulp sponsor|Pelipper, M|70/100|[from]move: Flip Turn
|-weather|RainDance|[from] ability: Drizzle|[of] p2a: Big Gulp sponsor
|
|-weather|RainDance|[upkeep]
|upkeep
|
|t:|1660020143
|switch|p1a: Tyranitar|Tyranitar, M|41/100
|-weather|Sandstorm|[from] ability: Sand Stream|[of] p1a: Tyranitar
|turn|22
|
|t:|1660020145
|switch|p2a: Hates rain|Ferrothorn, F|98/100
|move|p1a: Tyranitar|Stone Edge|p2a: Hates rain
|-resisted|p2a: Hates rain
|-damage|p2a: Hates rain|70/100
|
|-weather|Sandstorm|[upkeep]
|-heal|p2a: Hates rain|77/100|[from] item: Leftovers
|upkeep
|turn|23
|
|t:|1660020151
|switch|p1a: Tornadus|Tornadus-Therian, M|68/100
|move|p2a: Hates rain|Gyro Ball|p1a: Tornadus
|-damage|p1a: Tornadus|15/100
|
|-weather|Sandstorm|[upkeep]
|-damage|p1a: Tornadus|9/100|[from] Sandstorm
|-heal|p2a: Hates rain|83/100|[from] item: Leftovers
|upkeep
|turn|24
|
|t:|1660020154
|move|p1a: Tornadus|Heat Wave|p2a: Hates rain
|-supereffective|p2a: Hates rain
|-damage|p2a: Hates rain|3/100
|move|p2a: Hates rain|Gyro Ball|p1a: Tornadus
|-damage|p1a: Tornadus|0 fnt
|faint|p1a: Tornadus
|
|-weather|Sandstorm|[upkeep]
|-heal|p2a: Hates rain|10/100|[from] item: Leftovers
|upkeep
|
|t:|1660020167
|switch|p1a: Tyranitar|Tyranitar, M|41/100
|turn|25
|
|t:|1660020170
|move|p1a: Tyranitar|Crunch|p2a: Hates rain
|-damage|p2a: Hates rain|0 fnt
|-damage|p1a: Tyranitar|29/100|[from] ability: Iron Barbs|[of] p2a: Hates rain
|faint|p2a: Hates rain
|
|-weather|Sandstorm|[upkeep]
|upkeep
|
|t:|1660020174
|switch|p2a: One fish two fish|Barraskewda, F|70/100 tox
|turn|26
|
|t:|1660020177
|switch|p1a: Melmetal|Melmetal|75/100
|move|p2a: One fish two fish|Flip Turn|p1a: Melmetal
|-crit|p1a: Melmetal
|-damage|p1a: Melmetal|31/100
|
|t:|1660020180
|switch|p2a: Big Gulp sponsor|Pelipper, M|70/100|[from]move: Flip Turn
|-weather|RainDance|[from] ability: Drizzle|[of] p2a: Big Gulp sponsor
|
|-weather|RainDance|[upkeep]
|-heal|p1a: Melmetal|37/100|[from] item: Leftovers
|upkeep
|turn|27
|
|t:|1660020187
|switch|p2a: Lando Black sheep|Tornadus-Therian, M|100/100
|move|p1a: Melmetal|Protect||[still]
|-fail|p1a: Melmetal
|
|-weather|RainDance|[upkeep]
|-heal|p1a: Melmetal|43/100|[from] item: Leftovers
|upkeep
|turn|28
|
|t:|1660020191
|move|p2a: Lando Black sheep|Knock Off|p1a: Melmetal
|-damage|p1a: Melmetal|31/100
|-enditem|p1a: Melmetal|Leftovers|[from] move: Knock Off|[of] p2a: Lando Black sheep
|move|p1a: Melmetal|Double Iron Bash|p2a: Lando Black sheep
|-damage|p2a: Lando Black sheep|56/100
|-damage|p2a: Lando Black sheep|9/100
|-hitcount|p2a: Lando Black sheep|2
|
|-weather|RainDance|[upkeep]
|upkeep
|turn|29
|
|t:|1660020197
|move|p2a: Lando Black sheep|Hurricane|p1a: Melmetal
|-resisted|p1a: Melmetal
|-damage|p1a: Melmetal|14/100
|move|p1a: Melmetal|Double Iron Bash|p2a: Lando Black sheep
|-damage|p2a: Lando Black sheep|0 fnt
|faint|p2a: Lando Black sheep
|-hitcount|p2: Lando Black sheep|1
|
|-weather|RainDance|[upkeep]
|upkeep
|
|t:|1660020201
|switch|p2a: One fish two fish|Barraskewda, F|70/100 tox
|turn|30
|
|t:|1660020203
|move|p1a: Melmetal|Protect|p1a: Melmetal
|-singleturn|p1a: Melmetal|Protect
|move|p2a: One fish two fish|Liquidation|p1a: Melmetal
|-activate|p1a: Melmetal|move: Protect
|
|-weather|RainDance|[upkeep]
|-damage|p2a: One fish two fish|64/100 tox|[from] psn
|upkeep
|turn|31
|
|t:|1660020209
|move|p2a: One fish two fish|Liquidation|p1a: Melmetal
|-damage|p1a: Melmetal|0 fnt
|faint|p1a: Melmetal
|
|-weather|RainDance|[upkeep]
|-damage|p2a: One fish two fish|52/100 tox|[from] psn
|upkeep
|
|t:|1660020212
|switch|p1a: Tyranitar|Tyranitar, M|29/100
|-weather|Sandstorm|[from] ability: Sand Stream|[of] p1a: Tyranitar
|turn|32
|c|☆Orangesss|Gg
|
|t:|1660020217
|move|p2a: One fish two fish|Liquidation|p1a: Tyranitar
|-supereffective|p1a: Tyranitar
|-damage|p1a: Tyranitar|0 fnt
|faint|p1a: Tyranitar
|
|-weather|Sandstorm|[upkeep]
|-damage|p2a: One fish two fish|46/100 tox|[from] Sandstorm
|-damage|p2a: One fish two fish|27/100 tox|[from] psn
|upkeep
|
|t:|1660020219
|switch|p1a: Excadrill|Excadrill, F|100/100
|-item|p1a: Excadrill|Air Balloon
|turn|33
|
|t:|1660020227
|switch|p2a: Big Gulp sponsor|Pelipper, M|70/100
|-weather|RainDance|[from] ability: Drizzle|[of] p2a: Big Gulp sponsor
|move|p1a: Excadrill|Rapid Spin|p2a: Big Gulp sponsor
|-damage|p2a: Big Gulp sponsor|54/100
|-boost|p1a: Excadrill|spe|1
|
|-weather|RainDance|[upkeep]
|upkeep
|turn|34
|
|t:|1660020232
|move|p1a: Excadrill|Rapid Spin|p2a: Big Gulp sponsor
|-damage|p2a: Big Gulp sponsor|39/100
|-boost|p1a: Excadrill|spe|1
|move|p2a: Big Gulp sponsor|U-turn|p1a: Excadrill
|-resisted|p1a: Excadrill
|-damage|p1a: Excadrill|95/100
|-enditem|p1a: Excadrill|Air Balloon
|
|t:|1660020235
|switch|p2a: One fish two fish|Barraskewda, F|27/100 tox|[from]move: U-turn
|
|-weather|RainDance|[upkeep]
|-damage|p2a: One fish two fish|21/100 tox|[from] psn
|upkeep
|turn|35
|
|t:|1660020237
|move|p2a: One fish two fish|Liquidation|p1a: Excadrill
|-supereffective|p1a: Excadrill
|-damage|p1a: Excadrill|0 fnt
|faint|p1a: Excadrill
|
|win|Orangesss
|raw|LT92PF Funk Flex's rating: 1668 &rarr; <strong>1648</strong><br />(-20 for losing)
|raw|Orangesss's rating: 1676 &rarr; <strong>1696</strong><br />(+20 for winning)
|l|☆LT92PF Funk Flex
