|j|☆Delibird Heart
|j|☆Starll
|inactive|Battle timer is ON: inactive players will automatically lose when time's up.
|t:|1668004067
|gametype|singles
|player|p1|Delibird Heart|guitarist-gen4|
|player|p2|Starll|ethan-masters|
|teamsize|p1|6
|teamsize|p2|6
|gen|8
|tier|[Gen 8] OU
|rated|Tournament battle
|rule|Sleep Clause Mod: Limit one foe put to sleep
|rule|Species Clause: Limit one of each Pokémon
|rule|OHKO Clause: OHKO moves are banned
|rule|Evasion Items Clause: Evasion items are banned
|rule|Evasion Moves Clause: Evasion moves are banned
|rule|Endless Battle Clause: Forcing endless battles is banned
|rule|HP Percentage Mod: HP is shown in percentages
|rule|Dynamax Clause: You cannot dynamax
|clearpoke
|poke|p1|Sandaconda, F|
|poke|p1|Togekiss, M|
|poke|p1|Jirachi|
|poke|p1|Corviknight, M|
|poke|p1|Melmetal|
|poke|p1|Slowbro-Galar, M|
|poke|p2|Rillaboom, F|
|poke|p2|Magnezone|
|poke|p2|Hawlucha, M|
|poke|p2|Garchomp, M|
|poke|p2|Victini|
|poke|p2|Weezing-Galar, M|
|teampreview
|inactive|Delibird Heart also wants the timer to be on.
|j| Eldo420
|
|t:|1668004079
|start
|switch|p1a: Mr. Sandman|Sandaconda, F|100/100
|switch|p2a: Garchomp|Garchomp, M|100/100
|turn|1
|
|t:|1668004082
|move|p2a: Garchomp|Toxic|p1a: Mr. Sandman
|-status|p1a: Mr. Sandman|tox
|move|p1a: Mr. Sandman|Glare|p2a: Garchomp
|-status|p2a: Garchomp|par
|
|-damage|p1a: Mr. Sandman|94/100 tox|[from] psn
|upkeep
|turn|2
|
|t:|1668004087
|move|p1a: Mr. Sandman|Stealth Rock|p2a: Garchomp
|-sidestart|p2: Starll|move: Stealth Rock
|cant|p2a: Garchomp|par
|
|-activate|p1a: Mr. Sandman|ability: Shed Skin
|-curestatus|p1a: Mr. Sandman|tox|[msg]
|-heal|p1a: Mr. Sandman|100/100|[from] item: Leftovers
|upkeep
|turn|3
|
|t:|1668004106
|switch|p1a: Bolt Beef|Melmetal|100/100
|move|p2a: Garchomp|Stealth Rock|p1a: Bolt Beef
|-sidestart|p1: Delibird Heart|move: Stealth Rock
|
|upkeep
|turn|4
|
|t:|1668004119
|switch|p2a: Magnezone|Magnezone|100/100
|-damage|p2a: Magnezone|94/100|[from] Stealth Rock
|move|p1a: Bolt Beef|Ice Punch|p2a: Magnezone
|-resisted|p2a: Magnezone
|-damage|p2a: Magnezone|77/100
|
|-heal|p2a: Magnezone|83/100|[from] item: Leftovers
|upkeep
|turn|5
|
|t:|1668004123
|move|p2a: Magnezone|Substitute|p2a: Magnezone
|-start|p2a: Magnezone|Substitute
|-damage|p2a: Magnezone|59/100
|move|p1a: Bolt Beef|Earthquake|p2a: Magnezone
|-supereffective|p2a: Magnezone
|-end|p2a: Magnezone|Substitute
|
|-heal|p2a: Magnezone|65/100|[from] item: Leftovers
|upkeep
|turn|6
|-activate|p1a: Bolt Beef|item: Quick Claw
|
|t:|1668004127
|move|p1a: Bolt Beef|Earthquake|p2a: Magnezone
|-supereffective|p2a: Magnezone
|-damage|p2a: Magnezone|0 fnt
|faint|p2a: Magnezone
|
|upkeep
|
|t:|1668004132
|switch|p2a: Victini|Victini|100/100
|-damage|p2a: Victini|76/100|[from] Stealth Rock
|turn|7
|
|t:|1668004137
|move|p2a: Victini|V-create|p1a: Bolt Beef
|-supereffective|p1a: Bolt Beef
|-damage|p1a: Bolt Beef|20/100
|-unboost|p2a: Victini|spe|1
|-unboost|p2a: Victini|def|1
|-unboost|p2a: Victini|spd|1
|move|p1a: Bolt Beef|Earthquake|p2a: Victini
|-supereffective|p2a: Victini
|-damage|p2a: Victini|0 fnt
|faint|p2a: Victini
|
|upkeep
|
|t:|1668004148
|switch|p2a: Garchomp|Garchomp, M|100/100 par
|-damage|p2a: Garchomp|94/100 par|[from] Stealth Rock
|turn|8
|
|t:|1668004152
|switch|p1a: Emo Dove|Corviknight, M|100/100
|-damage|p1a: Emo Dove|88/100|[from] Stealth Rock
|-ability|p1a: Emo Dove|Pressure
|move|p2a: Garchomp|Earthquake|p1a: Emo Dove
|-immune|p1a: Emo Dove
|
|-heal|p1a: Emo Dove|94/100|[from] item: Leftovers
|upkeep
|turn|9
|
|t:|1668004166
|move|p1a: Emo Dove|Iron Head|p2a: Garchomp
|-damage|p2a: Garchomp|79/100 par
|-damage|p1a: Emo Dove|82/100|[from] ability: Rough Skin|[of] p2a: Garchomp
|-damage|p1a: Emo Dove|65/100|[from] item: Rocky Helmet|[of] p2a: Garchomp
|move|p2a: Garchomp|Dragon Tail|p1a: Emo Dove
|-resisted|p1a: Emo Dove
|-damage|p1a: Emo Dove|57/100
|drag|p1a: Lucky Luke|Slowbro-Galar, M, shiny|100/100
|-damage|p1a: Lucky Luke|88/100|[from] Stealth Rock
|
|upkeep
|turn|10
|
|t:|1668004173
|move|p2a: Garchomp|Earthquake|p1a: Lucky Luke
|-supereffective|p1a: Lucky Luke
|-damage|p1a: Lucky Luke|12/100
|move|p1a: Lucky Luke|Ice Beam|p2a: Garchomp
|-supereffective|p2a: Garchomp
|-damage|p2a: Garchomp|0 fnt
|faint|p2a: Garchomp
|
|upkeep
|
|t:|1668004180
|switch|p2a: Rillaboom|Rillaboom, F|100/100
|-damage|p2a: Rillaboom|88/100|[from] Stealth Rock
|-fieldstart|move: Grassy Terrain|[from] ability: Grassy Surge|[of] p2a: Rillaboom
|turn|11
|
|t:|1668004188
|move|p2a: Rillaboom|Knock Off|p1a: Lucky Luke
|-supereffective|p1a: Lucky Luke
|-damage|p1a: Lucky Luke|0 fnt
|-enditem|p1a: Lucky Luke|Quick Claw|[from] move: Knock Off|[of] p2a: Rillaboom
|faint|p1a: Lucky Luke
|-damage|p2a: Rillaboom|78/100|[from] item: Life Orb
|
|-heal|p2a: Rillaboom|84/100|[from] Grassy Terrain
|upkeep
|
|t:|1668004193
|switch|p1a: Dove|Togekiss, M|100/100
|-damage|p1a: Dove|76/100|[from] Stealth Rock
|turn|12
|
|t:|1668004204
|switch|p2a: Weezing|Weezing-Galar, M|100/100
|-damage|p2a: Weezing|88/100|[from] Stealth Rock
|move|p1a: Dove|Air Slash|p2a: Weezing|[miss]
|-miss|p1a: Dove|p2a: Weezing
|
|-heal|p2a: Weezing|94/100|[from] item: Black Sludge
|upkeep
|turn|13
|
|t:|1668004208
|switch|p1a: Polaris|Jirachi|100/100
|-damage|p1a: Polaris|94/100|[from] Stealth Rock
|move|p2a: Weezing|Sludge Wave|p1a: Polaris
|-immune|p1a: Polaris
|
|-heal|p1a: Polaris|100/100|[from] Grassy Terrain
|-heal|p2a: Weezing|99/100|[from] item: Black Sludge
|upkeep
|turn|14
|
|t:|1668004211
|move|p1a: Polaris|Body Slam|p2a: Weezing
|-damage|p2a: Weezing|76/100
|-status|p2a: Weezing|par
|move|p2a: Weezing|Will-O-Wisp|p1a: Polaris
|-status|p1a: Polaris|brn
|
|-heal|p2a: Weezing|82/100 par|[from] item: Black Sludge
|-damage|p1a: Polaris|94/100 brn|[from] brn
|upkeep
|turn|15
|
|t:|1668004226
|move|p1a: Polaris|Iron Head|p2a: Weezing
|-supereffective|p2a: Weezing
|-damage|p2a: Weezing|50/100 par
|cant|p2a: Weezing|flinch
|
|-heal|p1a: Polaris|100/100 brn|[from] Grassy Terrain
|-heal|p2a: Weezing|56/100 par|[from] item: Black Sludge
|-damage|p1a: Polaris|94/100 brn|[from] brn
|-fieldend|move: Grassy Terrain
|upkeep
|turn|16
|
|t:|1668004231
|switch|p2a: Rillaboom|Rillaboom, F|84/100
|-damage|p2a: Rillaboom|72/100|[from] Stealth Rock
|-fieldstart|move: Grassy Terrain|[from] ability: Grassy Surge|[of] p2a: Rillaboom
|move|p1a: Polaris|Iron Head|p2a: Rillaboom
|-damage|p2a: Rillaboom|53/100
|
|-heal|p2a: Rillaboom|59/100|[from] Grassy Terrain
|-heal|p1a: Polaris|100/100 brn|[from] Grassy Terrain
|-damage|p1a: Polaris|94/100 brn|[from] brn
|upkeep
|turn|17
|
|t:|1668004235
|move|p2a: Rillaboom|Knock Off|p1a: Polaris
|-supereffective|p1a: Polaris
|-damage|p1a: Polaris|11/100 brn
|-enditem|p1a: Polaris|Protective Pads|[from] move: Knock Off|[of] p2a: Rillaboom
|-damage|p2a: Rillaboom|49/100|[from] item: Life Orb
|move|p1a: Polaris|Body Slam|p2a: Rillaboom
|-crit|p2a: Rillaboom
|-damage|p2a: Rillaboom|25/100
|-status|p2a: Rillaboom|par
|
|-heal|p1a: Polaris|17/100 brn|[from] Grassy Terrain
|-heal|p2a: Rillaboom|32/100 par|[from] Grassy Terrain
|-damage|p1a: Polaris|11/100 brn|[from] brn
|upkeep
|turn|18
|
|t:|1668004237
|move|p2a: Rillaboom|Grassy Glide|p1a: Polaris
|-resisted|p1a: Polaris
|-damage|p1a: Polaris|0 fnt
|faint|p1a: Polaris
|-damage|p2a: Rillaboom|22/100 par|[from] item: Life Orb
|
|-heal|p2a: Rillaboom|28/100 par|[from] Grassy Terrain
|upkeep
|
|t:|1668004241
|switch|p1a: Emo Dove|Corviknight, M|57/100
|-damage|p1a: Emo Dove|44/100|[from] Stealth Rock
|-ability|p1a: Emo Dove|Pressure
|turn|19
|
|t:|1668004245
|move|p1a: Emo Dove|Roost|p1a: Emo Dove
|-heal|p1a: Emo Dove|94/100
|-singleturn|p1a: Emo Dove|move: Roost
|move|p2a: Rillaboom|Superpower|p1a: Emo Dove
|-supereffective|p1a: Emo Dove
|-damage|p1a: Emo Dove|19/100
|-unboost|p2a: Rillaboom|atk|1
|-unboost|p2a: Rillaboom|def|1
|-damage|p2a: Rillaboom|18/100 par|[from] item: Life Orb
|
|-heal|p1a: Emo Dove|26/100|[from] Grassy Terrain
|-heal|p1a: Emo Dove|32/100|[from] item: Leftovers
|-heal|p2a: Rillaboom|24/100 par|[from] Grassy Terrain
|upkeep
|turn|20
|
|t:|1668004256
|move|p1a: Emo Dove|Defog|p2a: Rillaboom
|-unboost|p2a: Rillaboom|evasion|1
|-sideend|p2: Starll|Stealth Rock|[from] move: Defog|[of] p1a: Emo Dove
|-sideend|p1: Delibird Heart|Stealth Rock|[from] move: Defog|[of] p1a: Emo Dove
|-fieldend|move: Grassy Terrain
|move|p2a: Rillaboom|Superpower|p1a: Emo Dove
|-damage|p1a: Emo Dove|11/100
|-unboost|p2a: Rillaboom|atk|1
|-unboost|p2a: Rillaboom|def|1
|-damage|p2a: Rillaboom|14/100 par|[from] item: Life Orb
|
|-heal|p1a: Emo Dove|17/100|[from] item: Leftovers
|upkeep
|turn|21
|
|t:|1668004264
|switch|p2a: Weezing|Weezing-Galar, M|56/100 par
|move|p1a: Emo Dove|Roost|p1a: Emo Dove
|-heal|p1a: Emo Dove|67/100
|-singleturn|p1a: Emo Dove|move: Roost
|
|-heal|p1a: Emo Dove|73/100|[from] item: Leftovers
|-heal|p2a: Weezing|62/100 par|[from] item: Black Sludge
|upkeep
|turn|22
|
|t:|1668004268
|move|p1a: Emo Dove|Iron Head|p2a: Weezing
|-supereffective|p2a: Weezing
|-damage|p2a: Weezing|17/100 par
|move|p2a: Weezing|Will-O-Wisp|p1a: Emo Dove
|-status|p1a: Emo Dove|brn
|
|-heal|p1a: Emo Dove|80/100 brn|[from] item: Leftovers
|-heal|p2a: Weezing|23/100 par|[from] item: Black Sludge
|-damage|p1a: Emo Dove|73/100 brn|[from] brn
|upkeep
|turn|23
|
|t:|1668004280
|move|p1a: Emo Dove|Iron Head|p2a: Weezing
|-supereffective|p2a: Weezing
|-damage|p2a: Weezing|0 fnt
|faint|p2a: Weezing
|
|-heal|p1a: Emo Dove|80/100 brn|[from] item: Leftovers
|-damage|p1a: Emo Dove|73/100 brn|[from] brn
|upkeep
|
|t:|1668004283
|switch|p2a: Rillaboom|Rillaboom, F|14/100 par
|-fieldstart|move: Grassy Terrain|[from] ability: Grassy Surge|[of] p2a: Rillaboom
|turn|24
|
|t:|1668004297
|switch|p1a: Bolt Beef|Melmetal|20/100
|move|p2a: Rillaboom|Superpower|p1a: Bolt Beef
|-supereffective|p1a: Bolt Beef
|-damage|p1a: Bolt Beef|0 fnt
|-unboost|p2a: Rillaboom|atk|1
|-unboost|p2a: Rillaboom|def|1
|faint|p1a: Bolt Beef
|-damage|p2a: Rillaboom|4/100 par|[from] item: Life Orb
|
|-heal|p2a: Rillaboom|10/100 par|[from] Grassy Terrain
|upkeep
|
|t:|1668004306
|switch|p1a: Mr. Sandman|Sandaconda, F|100/100
|turn|25
|
|t:|1668004308
|move|p2a: Rillaboom|Grassy Glide|p1a: Mr. Sandman
|-supereffective|p1a: Mr. Sandman
|-damage|p1a: Mr. Sandman|27/100
|-damage|p2a: Rillaboom|0 fnt|[from] item: Life Orb
|faint|p2a: Rillaboom
|move|p1a: Mr. Sandman|Earthquake|p2: Rillaboom|[notarget]
|-fail|p1a: Mr. Sandman
|
|-heal|p1a: Mr. Sandman|33/100|[from] Grassy Terrain
|-heal|p1a: Mr. Sandman|39/100|[from] item: Leftovers
|upkeep
|
|t:|1668004312
|switch|p2a: Hawlucha|Hawlucha, M|100/100
|-enditem|p2a: Hawlucha|Grassy Seed
|-boost|p2a: Hawlucha|def|1|[from] item: Grassy Seed
|turn|26
|
|t:|1668004315
|move|p2a: Hawlucha|Acrobatics|p1a: Mr. Sandman
|-damage|p1a: Mr. Sandman|0 fnt
|faint|p1a: Mr. Sandman
|
|upkeep
|
|t:|1668004318
|switch|p1a: Dove|Togekiss, M|76/100
|turn|27
|
|t:|1668004323
|move|p2a: Hawlucha|Stone Edge|p1a: Dove
|-supereffective|p1a: Dove
|-damage|p1a: Dove|8/100
|move|p1a: Dove|Thunder Wave|p2a: Hawlucha
|-status|p2a: Hawlucha|par
|
|upkeep
|turn|28
|
|t:|1668004327
|switch|p1a: Emo Dove|Corviknight, M|73/100 brn
|-ability|p1a: Emo Dove|Pressure
|move|p2a: Hawlucha|Acrobatics|p1a: Emo Dove
|-resisted|p1a: Emo Dove
|-damage|p1a: Emo Dove|58/100 brn
|
|-heal|p1a: Emo Dove|64/100 brn|[from] item: Leftovers
|-damage|p1a: Emo Dove|58/100 brn|[from] brn
|-fieldend|move: Grassy Terrain
|upkeep
|turn|29
|
|t:|1668004331
|move|p2a: Hawlucha|Swords Dance|p2a: Hawlucha
|-boost|p2a: Hawlucha|atk|2
|move|p1a: Emo Dove|Roost|p1a: Emo Dove
|-heal|p1a: Emo Dove|100/100 brn
|-singleturn|p1a: Emo Dove|move: Roost
|
|-damage|p1a: Emo Dove|94/100 brn|[from] brn
|upkeep
|turn|30
|
|t:|1668004333
|move|p2a: Hawlucha|Close Combat|p1a: Emo Dove
|-damage|p1a: Emo Dove|26/100 brn
|-unboost|p2a: Hawlucha|def|1
|-unboost|p2a: Hawlucha|spd|1
|move|p1a: Emo Dove|Iron Head|p2a: Hawlucha
|-damage|p2a: Hawlucha|83/100 par
|
|-heal|p1a: Emo Dove|32/100 brn|[from] item: Leftovers
|-damage|p1a: Emo Dove|26/100 brn|[from] brn
|upkeep
|turn|31
|
|t:|1668004338
|move|p2a: Hawlucha|Acrobatics|p1a: Emo Dove
|-resisted|p1a: Emo Dove
|-crit|p1a: Emo Dove
|-damage|p1a: Emo Dove|0 fnt
|faint|p1a: Emo Dove
|
|upkeep
|
|t:|1668004340
|switch|p1a: Dove|Togekiss, M|8/100
|turn|32
|
|t:|1668004343
|move|p1a: Dove|Air Slash|p2a: Hawlucha
|-supereffective|p2a: Hawlucha
|-damage|p2a: Hawlucha|0 fnt
|faint|p2a: Hawlucha
|
|win|Delibird Heart
|n|☆Delibird Heart|delibirdheart
|n|☆Starll|starll
|n| Eldo420|eldo420
|c|☆Delibird Heart|gg
|c|☆Starll|lol scarf
|c|☆Starll|gg
