|j|☆maschinennexo
|j|☆stopthreat
|t:|1664392088
|gametype|singles
|player|p1|maschinennexo|102|1622
|player|p2|stopthreat|skier|1595
|teamsize|p1|6
|teamsize|p2|6
|gen|8
|tier|[Gen 8] OU
|rated|
|rule|Sleep Clause Mod: Limit one foe put to sleep
|rule|Species Clause: Limit one of each Pokémon
|rule|OHKO Clause: OHKO moves are banned
|rule|Evasion Items Clause: Evasion items are banned
|rule|Evasion Moves Clause: Evasion moves are banned
|rule|Endless Battle Clause: Forcing endless battles is banned
|rule|HP Percentage Mod: HP is shown in percentages
|rule|Dynamax Clause: You cannot dynamax
|clearpoke
|poke|p1|Dragapult, F|
|poke|p1|Tapu Lele|
|poke|p1|Landorus-Therian, M|
|poke|p1|Rotom-Wash|
|poke|p1|Kartana|
|poke|p1|Weavile, M|
|poke|p2|Ninetales-Alola, F|
|poke|p2|Dragapult, M|
|poke|p2|Kommo-o, F|
|poke|p2|Volcarona, F|
|poke|p2|Corviknight, M|
|poke|p2|Mew|
|teampreview
|
|t:|1664392119
|start
|switch|p1a: Dragapult|Dragapult, F|100/100
|switch|p2a: Mew|Mew|100/100
|turn|1
|inactive|Battle timer is ON: inactive players will automatically lose when time's up. (requested by stopthreat)
|
|t:|1664392128
|switch|p2a: Kommo-o|Kommo-o, F|100/100
|move|p1a: Dragapult|U-turn|p2a: Kommo-o
|-resisted|p2a: Kommo-o
|-damage|p2a: Kommo-o|93/100
|
|t:|1664392136
|switch|p1a: Tapu Lele|Tapu Lele|100/100|[from]move: U-turn
|-fieldstart|move: Psychic Terrain|[from] ability: Psychic Surge|[of] p1a: Tapu Lele
|
|upkeep
|turn|2
|inactive|stopthreat has 120 seconds left.
|
|t:|1664392190
|switch|p2a: Corviknight|Corviknight, M|100/100
|move|p1a: Tapu Lele|Psyshock|p2a: Corviknight
|-resisted|p2a: Corviknight
|-damage|p2a: Corviknight|67/100
|
|upkeep
|turn|3
|
|t:|1664392198
|move|p1a: Tapu Lele|Psyshock|p2a: Corviknight
|-resisted|p2a: Corviknight
|-damage|p2a: Corviknight|33/100
|move|p2a: Corviknight|Bulk Up|p2a: Corviknight
|-boost|p2a: Corviknight|atk|1
|-boost|p2a: Corviknight|def|1
|
|upkeep
|turn|4
|
|t:|1664392206
|switch|p1a: Dragapult|Dragapult, F|100/100
|move|p2a: Corviknight|Roost|p2a: Corviknight
|-heal|p2a: Corviknight|83/100
|-singleturn|p2a: Corviknight|move: Roost
|
|upkeep
|turn|5
|inactive|stopthreat has 120 seconds left.
|
|t:|1664392241
|move|p1a: Dragapult|U-turn|p2a: Corviknight
|-resisted|p2a: Corviknight
|-crit|p2a: Corviknight
|-damage|p2a: Corviknight|78/100
|
|t:|1664392244
|switch|p1a: Rotom|Rotom-Wash|100/100|[from]move: U-turn
|move|p2a: Corviknight|Power Trip|p1a: Rotom
|-damage|p1a: Rotom|86/100
|
|-heal|p1a: Rotom|92/100|[from] item: Leftovers
|-fieldend|move: Psychic Terrain
|upkeep
|turn|6
|inactive|stopthreat has 90 seconds left.
|
|t:|1664392266
|switch|p1a: Tapu Lele|Tapu Lele|100/100
|-fieldstart|move: Psychic Terrain|[from] ability: Psychic Surge|[of] p1a: Tapu Lele
|move|p2a: Corviknight|Agility|p2a: Corviknight
|-boost|p2a: Corviknight|spe|2
|
|upkeep
|turn|7
|
|t:|1664392272
|move|p2a: Corviknight|Roost|p2a: Corviknight
|-heal|p2a: Corviknight|100/100
|-singleturn|p2a: Corviknight|move: Roost
|move|p1a: Tapu Lele|Thunderbolt|p2a: Corviknight
|-damage|p2a: Corviknight|63/100
|
|upkeep
|turn|8
|
|t:|1664392279
|move|p2a: Corviknight|Roost|p2a: Corviknight
|-heal|p2a: Corviknight|100/100
|-singleturn|p2a: Corviknight|move: Roost
|move|p1a: Tapu Lele|Thunderbolt|p2a: Corviknight
|-crit|p2a: Corviknight
|-damage|p2a: Corviknight|45/100
|
|upkeep
|turn|9
|
|t:|1664392284
|move|p2a: Corviknight|Roost|p2a: Corviknight
|-heal|p2a: Corviknight|95/100
|-singleturn|p2a: Corviknight|move: Roost
|move|p1a: Tapu Lele|Thunderbolt|p2a: Corviknight
|-damage|p2a: Corviknight|59/100
|-status|p2a: Corviknight|par
|
|upkeep
|turn|10
|
|t:|1664392290
|move|p1a: Tapu Lele|Thunderbolt|p2a: Corviknight
|-supereffective|p2a: Corviknight
|-damage|p2a: Corviknight|0 fnt
|faint|p2a: Corviknight
|
|-fieldend|move: Psychic Terrain
|upkeep
|
|t:|1664392295
|switch|p2a: Dragapult|Dragapult, M|100/100
|turn|11
|inactive|maschinennexo has 120 seconds left.
|
|t:|1664392331
|switch|p1a: Rotom|Rotom-Wash|92/100
|move|p2a: Dragapult|Dragon Dance|p2a: Dragapult
|-boost|p2a: Dragapult|atk|1
|-boost|p2a: Dragapult|spe|1
|
|-heal|p1a: Rotom|99/100|[from] item: Leftovers
|upkeep
|turn|12
|inactive|maschinennexo has 120 seconds left.
|
|t:|1664392342
|move|p2a: Dragapult|Dragon Darts|p1a: Rotom
|-damage|p1a: Rotom|60/100
|-anim|p2a: Dragapult|Dragon Darts|p1a: Rotom
|-damage|p1a: Rotom|15/100
|-damage|p2a: Dragapult|91/100|[from] item: Life Orb
|move|p1a: Rotom|Volt Switch|p2a: Dragapult
|-resisted|p2a: Dragapult
|-damage|p2a: Dragapult|74/100
|
|t:|1664392348
|switch|p1a: Tapu Lele|Tapu Lele|100/100|[from]move: Volt Switch
|-fieldstart|move: Psychic Terrain|[from] ability: Psychic Surge|[of] p1a: Tapu Lele
|
|upkeep
|turn|13
|
|t:|1664392354
|switch|p1a: Weavile|Weavile, M|100/100
|-ability|p1a: Weavile|Pressure
|move|p2a: Dragapult|Phantom Force||[still]
|-prepare|p2a: Dragapult|Phantom Force
|
|upkeep
|turn|14
|
|t:|1664392359
|move|p2a: Dragapult|Phantom Force|p1a: Weavile|[from]lockedmove
|-resisted|p1a: Weavile
|-damage|p1a: Weavile|25/100
|-damage|p2a: Dragapult|64/100|[from] item: Life Orb
|move|p1a: Weavile|Knock Off|p2a: Dragapult
|-supereffective|p2a: Dragapult
|-damage|p2a: Dragapult|0 fnt
|-enditem|p2a: Dragapult|Life Orb|[from] move: Knock Off|[of] p1a: Weavile
|faint|p2a: Dragapult
|
|upkeep
|
|t:|1664392371
|switch|p2a: Ninetales|Ninetales-Alola, F|100/100
|-weather|Hail|[from] ability: Snow Warning|[of] p2a: Ninetales
|turn|15
|inactive|maschinennexo has 120 seconds left.
|
|t:|1664392409
|switch|p1a: Rotom|Rotom-Wash|15/100
|move|p2a: Ninetales|Aurora Veil|p2a: Ninetales
|-sidestart|p2: stopthreat|move: Aurora Veil
|
|-weather|Hail|[upkeep]
|-damage|p1a: Rotom|9/100|[from] Hail
|-heal|p1a: Rotom|15/100|[from] item: Leftovers
|upkeep
|turn|16
|
|t:|1664392414
|move|p2a: Ninetales|Freeze-Dry|p1a: Rotom
|-supereffective|p1a: Rotom
|-damage|p1a: Rotom|0 fnt
|faint|p1a: Rotom
|
|-weather|Hail|[upkeep]
|-fieldend|move: Psychic Terrain
|upkeep
|inactive|maschinennexo has 120 seconds left.
|
|t:|1664392439
|switch|p1a: Dragapult|Dragapult, F|100/100
|turn|17
|
|t:|1664392458
|move|p1a: Dragapult|Flamethrower|p2a: Ninetales
|-supereffective|p2a: Ninetales
|-damage|p2a: Ninetales|21/100
|move|p2a: Ninetales|Freeze-Dry|p1a: Dragapult
|-supereffective|p1a: Dragapult
|-damage|p1a: Dragapult|42/100
|
|-weather|Hail|[upkeep]
|-damage|p1a: Dragapult|36/100|[from] Hail
|upkeep
|turn|18
|
|t:|1664392464
|move|p1a: Dragapult|Flamethrower|p2a: Ninetales
|-supereffective|p2a: Ninetales
|-damage|p2a: Ninetales|0 fnt
|faint|p2a: Ninetales
|
|-weather|Hail|[upkeep]
|-damage|p1a: Dragapult|30/100|[from] Hail
|upkeep
|
|t:|1664392469
|switch|p2a: Mew|Mew|100/100
|turn|19
|inactive|maschinennexo has 120 seconds left.
|
|t:|1664392503
|switch|p1a: Kartana|Kartana, shiny|100/100
|switch|p2a: Volcarona|Volcarona, F|100/100
|
|-weather|none
|upkeep
|turn|20
|inactive|maschinennexo has 90 seconds left.
|
|t:|1664392528
|switch|p1a: Landorus|Landorus-Therian, M|100/100
|-ability|p1a: Landorus|Intimidate|boost
|-unboost|p2a: Volcarona|atk|1
|move|p2a: Volcarona|Quiver Dance|p2a: Volcarona
|-boost|p2a: Volcarona|spa|1
|-boost|p2a: Volcarona|spd|1
|-boost|p2a: Volcarona|spe|1
|
|upkeep
|turn|21
|
|t:|1664392551
|move|p2a: Volcarona|Fiery Dance|p1a: Landorus
|-damage|p1a: Landorus|64/100
|move|p1a: Landorus|Toxic|p2a: Volcarona
|-status|p2a: Volcarona|tox
|
|-heal|p1a: Landorus|70/100|[from] item: Leftovers
|-damage|p2a: Volcarona|94/100 tox|[from] psn
|upkeep
|turn|22
|inactive|maschinennexo has 90 seconds left.
|
|t:|1664392576
|switch|p1a: Dragapult|Dragapult, F|30/100
|move|p2a: Volcarona|Fiery Dance|p1a: Dragapult
|-resisted|p1a: Dragapult
|-damage|p1a: Dragapult|0 fnt
|-boost|p2a: Volcarona|spa|1
|faint|p1a: Dragapult
|
|-damage|p2a: Volcarona|82/100 tox|[from] psn
|-sideend|p2: stopthreat|move: Aurora Veil
|upkeep
|
|t:|1664392588
|switch|p1a: Tapu Lele|Tapu Lele|100/100
|-fieldstart|move: Psychic Terrain|[from] ability: Psychic Surge|[of] p1a: Tapu Lele
|turn|23
|
|t:|1664392592
|move|p2a: Volcarona|Fiery Dance|p1a: Tapu Lele
|-damage|p1a: Tapu Lele|29/100
|move|p1a: Tapu Lele|Psyshock|p2a: Volcarona
|-damage|p2a: Volcarona|0 fnt
|faint|p2a: Volcarona
|
|upkeep
|
|t:|1664392598
|switch|p2a: Mew|Mew|100/100
|turn|24
|inactive|maschinennexo has 90 seconds left.
|
|t:|1664392624
|switch|p1a: Weavile|Weavile, M|25/100
|-ability|p1a: Weavile|Pressure
|move|p2a: Mew|Cosmic Power|p2a: Mew
|-boost|p2a: Mew|def|1
|-boost|p2a: Mew|spd|1
|
|upkeep
|turn|25
|
|t:|1664392635
|move|p1a: Weavile|Knock Off|p2a: Mew
|-supereffective|p2a: Mew
|-damage|p2a: Mew|44/100
|-enditem|p2a: Mew|Weakness Policy
|-boost|p2a: Mew|atk|2|[from] item: Weakness Policy
|-boost|p2a: Mew|spa|2|[from] item: Weakness Policy
|move|p2a: Mew|Taunt|p1a: Weavile
|-start|p1a: Weavile|move: Taunt
|
|upkeep
|turn|26
|
|t:|1664392643
|move|p1a: Weavile|Knock Off|p2a: Mew
|-supereffective|p2a: Mew
|-damage|p2a: Mew|2/100
|move|p2a: Mew|Roost|p2a: Mew
|-heal|p2a: Mew|52/100
|-singleturn|p2a: Mew|move: Roost
|
|upkeep
|turn|27
|
|t:|1664392650
|move|p1a: Weavile|Knock Off|p2a: Mew
|-supereffective|p2a: Mew
|-damage|p2a: Mew|8/100
|move|p2a: Mew|Roost|p2a: Mew
|-heal|p2a: Mew|58/100
|-singleturn|p2a: Mew|move: Roost
|
|-fieldend|move: Psychic Terrain
|upkeep
|turn|28
|
|t:|1664392654
|move|p1a: Weavile|Knock Off|p2a: Mew
|-supereffective|p2a: Mew
|-damage|p2a: Mew|19/100
|move|p2a: Mew|Roost|p2a: Mew
|-heal|p2a: Mew|69/100
|-singleturn|p2a: Mew|move: Roost
|
|-end|p1a: Weavile|move: Taunt
|upkeep
|turn|29
|
|t:|1664392658
|move|p1a: Weavile|Knock Off|p2a: Mew
|-supereffective|p2a: Mew
|-damage|p2a: Mew|28/100
|move|p2a: Mew|Roost|p2a: Mew
|-heal|p2a: Mew|78/100
|-singleturn|p2a: Mew|move: Roost
|
|upkeep
|turn|30
|
|t:|1664392667
|move|p1a: Weavile|Knock Off|p2a: Mew
|-supereffective|p2a: Mew
|-damage|p2a: Mew|39/100
|move|p2a: Mew|Roost|p2a: Mew
|-heal|p2a: Mew|89/100
|-singleturn|p2a: Mew|move: Roost
|
|upkeep
|turn|31
|
|t:|1664392681
|move|p1a: Weavile|Triple Axel|p2a: Mew
|-damage|p2a: Mew|82/100
|-damage|p2a: Mew|71/100
|-damage|p2a: Mew|52/100
|-hitcount|p2a: Mew|3
|move|p2a: Mew|Roost|p2a: Mew
|-heal|p2a: Mew|100/100
|-singleturn|p2a: Mew|move: Roost
|
|upkeep
|turn|32
|
|t:|1664392689
|move|p1a: Weavile|Ice Shard|p2a: Mew
|-damage|p2a: Mew|88/100
|move|p2a: Mew|Cosmic Power|p2a: Mew
|-boost|p2a: Mew|def|1
|-boost|p2a: Mew|spd|1
|
|upkeep
|turn|33
|
|t:|1664392703
|move|p1a: Weavile|Knock Off|p2a: Mew
|-supereffective|p2a: Mew
|-damage|p2a: Mew|56/100
|move|p2a: Mew|Cosmic Power|p2a: Mew
|-boost|p2a: Mew|def|1
|-boost|p2a: Mew|spd|1
|
|upkeep
|turn|34
|
|t:|1664392709
|move|p1a: Weavile|Knock Off|p2a: Mew
|-supereffective|p2a: Mew
|-damage|p2a: Mew|30/100
|move|p2a: Mew|Roost|p2a: Mew
|-heal|p2a: Mew|80/100
|-singleturn|p2a: Mew|move: Roost
|
|upkeep
|turn|35
|
|t:|1664392717
|move|p1a: Weavile|Triple Axel|p2a: Mew
|-damage|p2a: Mew|76/100
|-damage|p2a: Mew|68/100
|-damage|p2a: Mew|57/100
|-hitcount|p2a: Mew|3
|move|p2a: Mew|Cosmic Power|p2a: Mew
|-boost|p2a: Mew|def|1
|-boost|p2a: Mew|spd|1
|
|upkeep
|turn|36
|inactive|stopthreat has 120 seconds left.
|
|t:|1664392758
|move|p1a: Weavile|Ice Shard|p2a: Mew
|-damage|p2a: Mew|51/100
|move|p2a: Mew|Roost|p2a: Mew
|-heal|p2a: Mew|100/100
|-singleturn|p2a: Mew|move: Roost
|
|upkeep
|turn|37
|
|t:|1664392766
|move|p1a: Weavile|Triple Axel|p2a: Mew
|-damage|p2a: Mew|97/100
|-damage|p2a: Mew|91/100
|-damage|p2a: Mew|81/100
|-hitcount|p2a: Mew|3
|move|p2a: Mew|Cosmic Power|p2a: Mew
|-boost|p2a: Mew|def|1
|-boost|p2a: Mew|spd|1
|
|upkeep
|turn|38
|
|t:|1664392774
|move|p1a: Weavile|Low Kick|p2a: Mew
|-resisted|p2a: Mew
|-damage|p2a: Mew|80/100
|move|p2a: Mew|Cosmic Power|p2a: Mew
|-boost|p2a: Mew|def|1
|-boost|p2a: Mew|spd|1
|
|upkeep
|turn|39
|
|t:|1664392780
|move|p1a: Weavile|Low Kick|p2a: Mew
|-resisted|p2a: Mew
|-damage|p2a: Mew|80/100
|move|p2a: Mew|Roost|p2a: Mew
|-heal|p2a: Mew|100/100
|-singleturn|p2a: Mew|move: Roost
|
|upkeep
|turn|40
|
|t:|1664392788
|move|p1a: Weavile|Low Kick|p2a: Mew
|-resisted|p2a: Mew
|-damage|p2a: Mew|99/100
|move|p2a: Mew|Taunt|p1a: Weavile
|-start|p1a: Weavile|move: Taunt
|
|upkeep
|turn|41
|
|t:|1664392795
|switch|p1a: Kartana|Kartana, shiny|100/100
|move|p2a: Mew|Cosmic Power|p2a: Mew
|-boost|p2a: Mew|def|0
|-boost|p2a: Mew|spd|0
|
|upkeep
|turn|42
|
|t:|1664392799
|switch|p1a: Weavile|Weavile, M|25/100
|-ability|p1a: Weavile|Pressure
|move|p2a: Mew|Stored Power|p1a: Weavile
|-immune|p1a: Weavile
|
|upkeep
|turn|43
|
|t:|1664392808
|move|p1a: Weavile|Ice Shard|p2a: Mew
|-damage|p2a: Mew|95/100
|move|p2a: Mew|Taunt|p1a: Weavile
|-start|p1a: Weavile|move: Taunt
|
|upkeep
|turn|44
|
|t:|1664392813
|move|p1a: Weavile|Ice Shard|p2a: Mew
|-damage|p2a: Mew|90/100
|move|p2a: Mew|Cosmic Power|p2a: Mew
|-boost|p2a: Mew|def|0
|-boost|p2a: Mew|spd|0
|
|upkeep
|turn|45
|
|t:|1664392822
|move|p1a: Weavile|Ice Shard|p2a: Mew
|-crit|p2a: Mew
|-damage|p2a: Mew|61/100
|move|p2a: Mew|Taunt||[still]
|-fail|p2a: Mew
|
|upkeep
|turn|46
|
|t:|1664392831
|move|p1a: Weavile|Ice Shard|p2a: Mew
|-crit|p2a: Mew
|-damage|p2a: Mew|33/100
|move|p2a: Mew|Roost|p2a: Mew
|-heal|p2a: Mew|83/100
|-singleturn|p2a: Mew|move: Roost
|
|-end|p1a: Weavile|move: Taunt
|upkeep
|turn|47
|
|t:|1664392845
|move|p1a: Weavile|Ice Shard|p2a: Mew
|-damage|p2a: Mew|78/100
|move|p2a: Mew|Cosmic Power|p2a: Mew
|-boost|p2a: Mew|def|0
|-boost|p2a: Mew|spd|0
|
|upkeep
|turn|48
|
|t:|1664392851
|move|p1a: Weavile|Ice Shard|p2a: Mew
|-damage|p2a: Mew|74/100
|move|p2a: Mew|Cosmic Power|p2a: Mew
|-boost|p2a: Mew|def|0
|-boost|p2a: Mew|spd|0
|
|upkeep
|turn|49
|
|t:|1664392857
|move|p1a: Weavile|Ice Shard|p2a: Mew
|-damage|p2a: Mew|69/100
|move|p2a: Mew|Cosmic Power|p2a: Mew
|-boost|p2a: Mew|def|0
|-boost|p2a: Mew|spd|0
|
|upkeep
|turn|50
|
|t:|1664392863
|move|p1a: Weavile|Ice Shard|p2a: Mew
|-damage|p2a: Mew|65/100
|move|p2a: Mew|Roost|p2a: Mew
|-heal|p2a: Mew|100/100
|-singleturn|p2a: Mew|move: Roost
|
|upkeep
|turn|51
|
|t:|1664392870
|move|p1a: Weavile|Low Kick|p2a: Mew
|-resisted|p2a: Mew
|-damage|p2a: Mew|99/100
|move|p2a: Mew|Taunt|p1a: Weavile
|-start|p1a: Weavile|move: Taunt
|
|upkeep
|turn|52
|
|t:|1664392887
|move|p1a: Weavile|Triple Axel|p2a: Mew
|-damage|p2a: Mew|97/100
|-damage|p2a: Mew|92/100
|-damage|p2a: Mew|85/100
|-hitcount|p2a: Mew|3
|move|p2a: Mew|Stored Power|p1a: Weavile
|-immune|p1a: Weavile
|
|upkeep
|turn|53
|
|t:|1664392899
|move|p1a: Weavile|Ice Shard|p2a: Mew
|-damage|p2a: Mew|80/100
|move|p2a: Mew|Taunt||[still]
|-fail|p2a: Mew
|
|upkeep
|turn|54
|inactive|stopthreat has 120 seconds left.
|-message|stopthreat forfeited.
|
|win|maschinennexo
|raw|maschinennexo's rating: 1622 &rarr; <strong>1640</strong><br />(+18 for winning)
|raw|stopthreat's rating: 1579 &rarr; <strong>1561</strong><br />(-18 for losing)
|l|☆stopthreat
||Ladder isn't responding, score probably updated but might not have (Request timeout).
