|j|☆Soul king0
|j|☆bizarman
|t:|1667032320
|gametype|singles
|player|p1|Soul king0|1|1734
|player|p2|bizarman|scientist-gen4|1731
|teamsize|p1|6
|teamsize|p2|6
|gen|8
|tier|[Gen 8] OU
|rated|
|rule|Sleep Clause Mod: Limit one foe put to sleep
|rule|Species Clause: Limit one of each Pokémon
|rule|OHKO Clause: OHKO moves are banned
|rule|Evasion Items Clause: Evasion items are banned
|rule|Evasion Moves Clause: Evasion moves are banned
|rule|Endless Battle Clause: Forcing endless battles is banned
|rule|HP Percentage Mod: HP is shown in percentages
|rule|Dynamax Clause: You cannot dynamax
|clearpoke
|poke|p1|Volcarona, M|
|poke|p1|Garchomp, F|
|poke|p1|Slowbro, M|
|poke|p1|Zapdos|
|poke|p1|Swampert, M|
|poke|p1|Ferrothorn, M|
|poke|p2|Rillaboom, F|
|poke|p2|Aegislash, F|
|poke|p2|Weavile, F|
|poke|p2|Landorus-Therian, M|
|poke|p2|Dragonite, F|
|poke|p2|Heatran, M|
|teampreview
|inactive|Battle timer is ON: inactive players will automatically lose when time's up. (requested by Soul king0)
|inactive|bizarman has 120 seconds left.
|
|t:|1667032356
|start
|switch|p1a: Swampert|Swampert, M|100/100
|switch|p2a: Landorus|Landorus-Therian, M|100/100
|-ability|p2a: Landorus|Intimidate|boost
|-unboost|p1a: Swampert|atk|1
|turn|1
|
|t:|1667032363
|move|p2a: Landorus|Toxic|p1a: Swampert
|-status|p1a: Swampert|tox
|move|p1a: Swampert|Stealth Rock|p2a: Landorus
|-sidestart|p2: bizarman|move: Stealth Rock
|
|-damage|p1a: Swampert|94/100 tox|[from] psn
|upkeep
|turn|2
|
|t:|1667032370
|move|p2a: Landorus|U-turn|p1a: Swampert
|-damage|p1a: Swampert|74/100 tox
|
|t:|1667032379
|switch|p2a: Aegislash|Aegislash, F|100/100|[from]move: U-turn
|-damage|p2a: Aegislash|94/100|[from] Stealth Rock
|move|p1a: Swampert|Flip Turn|p2a: Aegislash
|-damage|p2a: Aegislash|77/100
|
|t:|1667032391
|switch|p1a: Zapdos|Zapdos|100/100|[from]move: Flip Turn
|
|-heal|p2a: Aegislash|83/100|[from] item: Leftovers
|upkeep
|turn|3
|
|t:|1667032404
|switch|p2a: Landorus|Landorus-Therian, M|100/100
|-damage|p2a: Landorus|88/100|[from] Stealth Rock
|-ability|p2a: Landorus|Intimidate|boost
|-unboost|p1a: Zapdos|atk|1
|move|p1a: Zapdos|Volt Switch|p2a: Landorus
|-immune|p2a: Landorus
|
|-heal|p2a: Landorus|94/100|[from] item: Leftovers
|upkeep
|turn|4
|
|t:|1667032416
|move|p1a: Zapdos|Hurricane|p2a: Landorus
|-damage|p2a: Landorus|52/100
|-start|p2a: Landorus|confusion
|-activate|p2a: Landorus|confusion
|move|p2a: Landorus|Defog|p1a: Zapdos
|-unboost|p1a: Zapdos|evasion|1
|-sideend|p2: bizarman|Stealth Rock|[from] move: Defog|[of] p2a: Landorus
|
|-heal|p2a: Landorus|58/100|[from] item: Leftovers
|upkeep
|turn|5
|
|t:|1667032426
|move|p1a: Zapdos|Hurricane|p2a: Landorus
|-damage|p2a: Landorus|10/100
|-activate|p2a: Landorus|confusion
|-damage|p2a: Landorus|0 fnt|[from] confusion
|faint|p2a: Landorus
|
|upkeep
|j| 2O(H2O)
|
|t:|1667032433
|switch|p2a: Weavile|Weavile, F|100/100
|-ability|p2a: Weavile|Pressure
|turn|6
|
|t:|1667032437
|switch|p1a: Ferrothorn|Ferrothorn, M|100/100
|move|p2a: Weavile|Triple Axel|p1a: Ferrothorn
|-damage|p1a: Ferrothorn|95/100
|-damage|p2a: Weavile|88/100|[from] ability: Iron Barbs|[of] p1a: Ferrothorn
|-damage|p1a: Ferrothorn|84/100
|-damage|p2a: Weavile|76/100|[from] ability: Iron Barbs|[of] p1a: Ferrothorn
|-damage|p1a: Ferrothorn|66/100
|-damage|p2a: Weavile|63/100|[from] ability: Iron Barbs|[of] p1a: Ferrothorn
|-hitcount|p1a: Ferrothorn|3
|
|-heal|p1a: Ferrothorn|72/100|[from] item: Leftovers
|upkeep
|turn|7
|l| 2O(H2O)
|
|t:|1667032453
|switch|p2a: Heatran|Heatran, M|100/100
|move|p1a: Ferrothorn|Knock Off|p2a: Heatran
|-damage|p2a: Heatran|87/100
|-enditem|p2a: Heatran|Leftovers|[from] move: Knock Off|[of] p1a: Ferrothorn
|
|-heal|p1a: Ferrothorn|78/100|[from] item: Leftovers
|upkeep
|turn|8
|
|t:|1667032461
|switch|p1a: Slowbro|Slowbro, M|100/100
|move|p2a: Heatran|Stealth Rock|p1a: Slowbro
|-sidestart|p1: Soul king0|move: Stealth Rock
|
|upkeep
|turn|9
|
|t:|1667032467
|switch|p2a: Aegislash|Aegislash, F|83/100
|move|p1a: Slowbro|Teleport|p1a: Slowbro
|
|t:|1667032474
|switch|p1a: Volcarona|Volcarona, M|100/100|[from]move: Teleport
|
|-heal|p2a: Aegislash|89/100|[from] item: Leftovers
|upkeep
|turn|10
|
|t:|1667032479
|switch|p2a: Dragonite|Dragonite, F|100/100
|move|p1a: Volcarona|Fiery Dance|p2a: Dragonite
|-resisted|p2a: Dragonite
|-damage|p2a: Dragonite|91/100
|-boost|p1a: Volcarona|spa|1
|
|upkeep
|turn|11
|
|t:|1667032488
|switch|p1a: Zapdos|Zapdos|100/100
|move|p2a: Dragonite|Earthquake|p1a: Zapdos
|-immune|p1a: Zapdos
|
|upkeep
|turn|12
|j| Commando 55
|
|t:|1667032500
|switch|p2a: Heatran|Heatran, M|87/100
|move|p1a: Zapdos|Hurricane|p2a: Heatran|[miss]
|-miss|p1a: Zapdos|p2a: Heatran
|
|upkeep
|turn|13
|
|t:|1667032505
|move|p1a: Zapdos|Volt Switch|p2a: Heatran
|-damage|p2a: Heatran|57/100
|
|t:|1667032508
|switch|p1a: Slowbro|Slowbro, M|100/100|[from]move: Volt Switch
|move|p2a: Heatran|Magma Storm|p1a: Slowbro
|-resisted|p1a: Slowbro
|-damage|p1a: Slowbro|80/100
|-activate|p1a: Slowbro|move: Magma Storm|[of] p2a: Heatran
|
|-damage|p1a: Slowbro|67/100|[from] move: Magma Storm|[partiallytrapped]
|upkeep
|turn|14
|
|t:|1667032517
|switch|p2a: Aegislash|Aegislash, F|89/100
|move|p1a: Slowbro|Teleport|p1a: Slowbro
|
|t:|1667032527
|switch|p1a: Zapdos|Zapdos|100/100|[from]move: Teleport
|
|-heal|p2a: Aegislash|95/100|[from] item: Leftovers
|upkeep
|turn|15
|
|t:|1667032532
|move|p1a: Zapdos|Volt Switch|p2a: Aegislash
|-damage|p2a: Aegislash|67/100
|
|t:|1667032538
|switch|p1a: Garchomp|Garchomp, F|100/100|[from]move: Volt Switch
|-damage|p1a: Garchomp|94/100|[from] Stealth Rock
|-formechange|p2a: Aegislash|Aegislash-Blade||[from] ability: Stance Change
|move|p2a: Aegislash|Shadow Ball|p1a: Garchomp
|-damage|p1a: Garchomp|38/100
|
|-heal|p1a: Garchomp|44/100|[from] item: Leftovers
|-heal|p2a: Aegislash|73/100|[from] item: Leftovers
|upkeep
|turn|16
|
|t:|1667032551
|switch|p2a: Rillaboom|Rillaboom, F|100/100
|-fieldstart|move: Grassy Terrain|[from] ability: Grassy Surge|[of] p2a: Rillaboom
|move|p1a: Garchomp|Earthquake|p2a: Rillaboom
|-resisted|p2a: Rillaboom
|-damage|p2a: Rillaboom|87/100
|
|-heal|p1a: Garchomp|50/100|[from] Grassy Terrain
|-heal|p1a: Garchomp|56/100|[from] item: Leftovers
|-heal|p2a: Rillaboom|93/100|[from] Grassy Terrain
|upkeep
|turn|17
|
|t:|1667032562
|switch|p1a: Zapdos|Zapdos|100/100
|move|p2a: Rillaboom|Knock Off|p1a: Zapdos
|-damage|p1a: Zapdos|53/100
|-enditem|p1a: Zapdos|Heavy-Duty Boots|[from] move: Knock Off|[of] p2a: Rillaboom
|-damage|p2a: Rillaboom|83/100|[from] item: Life Orb
|
|-heal|p2a: Rillaboom|90/100|[from] Grassy Terrain
|upkeep
|turn|18
|
|t:|1667032571
|switch|p2a: Aegislash|Aegislash, F|73/100
|move|p1a: Zapdos|Roost|p1a: Zapdos
|-heal|p1a: Zapdos|100/100
|-singleturn|p1a: Zapdos|move: Roost
|
|-heal|p2a: Aegislash|79/100|[from] Grassy Terrain
|-heal|p2a: Aegislash|85/100|[from] item: Leftovers
|upkeep
|turn|19
|
|t:|1667032580
|move|p1a: Zapdos|Heat Wave|p2a: Aegislash
|-supereffective|p2a: Aegislash
|-crit|p2a: Aegislash
|-damage|p2a: Aegislash|0 fnt
|faint|p2a: Aegislash
|
|upkeep
|
|t:|1667032593
|switch|p2a: Weavile|Weavile, F|63/100
|-ability|p2a: Weavile|Pressure
|turn|20
|
|t:|1667032599
|switch|p1a: Ferrothorn|Ferrothorn, M|78/100
|-damage|p1a: Ferrothorn|72/100|[from] Stealth Rock
|move|p2a: Weavile|Swords Dance|p2a: Weavile
|-boost|p2a: Weavile|atk|2
|
|-heal|p2a: Weavile|69/100|[from] Grassy Terrain
|-heal|p1a: Ferrothorn|78/100|[from] Grassy Terrain
|-heal|p1a: Ferrothorn|85/100|[from] item: Leftovers
|-fieldend|move: Grassy Terrain
|upkeep
|turn|21
|
|t:|1667032610
|move|p2a: Weavile|Triple Axel|p1a: Ferrothorn
|-damage|p1a: Ferrothorn|73/100
|-damage|p2a: Weavile|57/100|[from] ability: Iron Barbs|[of] p1a: Ferrothorn
|-damage|p1a: Ferrothorn|48/100
|-damage|p2a: Weavile|44/100|[from] ability: Iron Barbs|[of] p1a: Ferrothorn
|-damage|p1a: Ferrothorn|14/100
|-damage|p2a: Weavile|32/100|[from] ability: Iron Barbs|[of] p1a: Ferrothorn
|-hitcount|p1a: Ferrothorn|3
|move|p1a: Ferrothorn|Body Press|p2a: Weavile
|-supereffective|p2a: Weavile
|-damage|p2a: Weavile|0 fnt
|faint|p2a: Weavile
|
|-heal|p1a: Ferrothorn|20/100|[from] item: Leftovers
|upkeep
|j| ftsckb
|-message|bizarman forfeited.
|
|win|Soul king0
|raw|Soul king0's rating: 1734 &rarr; <strong>1754</strong><br />(+20 for winning)
|raw|bizarman's rating: 1731 &rarr; <strong>1711</strong><br />(-20 for losing)
|l|☆bizarman
