|j|☆Wellez
|j|☆big boss 447
|t:|1667859887
|gametype|singles
|player|p1|Wellez|steven|1622
|player|p2|big boss 447|harlequin|1715
|teamsize|p1|6
|teamsize|p2|6
|gen|8
|tier|[Gen 8] OU
|rated|
|rule|Sleep Clause Mod: Limit one foe put to sleep
|rule|Species Clause: Limit one of each Pokémon
|rule|OHKO Clause: OHKO moves are banned
|rule|Evasion Items Clause: Evasion items are banned
|rule|Evasion Moves Clause: Evasion moves are banned
|rule|Endless Battle Clause: Forcing endless battles is banned
|rule|HP Percentage Mod: HP is shown in percentages
|rule|Dynamax Clause: You cannot dynamax
|clearpoke
|poke|p1|Tyranitar, F|
|poke|p1|Excadrill, F|
|poke|p1|Slowbro, F|
|poke|p1|Blissey, F|
|poke|p1|Victini|
|poke|p1|Buzzwole|
|poke|p2|Pelipper, M|
|poke|p2|Buzzwole|
|poke|p2|Inteleon, M|
|poke|p2|Ferrothorn, F|
|poke|p2|Barraskewda, M|
|poke|p2|Seismitoad, M|
|teampreview
|inactive|Battle timer is ON: inactive players will automatically lose when time's up. (requested by big boss 447)
|inactive|Wellez also wants the timer to be on.
|
|t:|1667859911
|start
|switch|p1a: Slowbro|Slowbro, F|100/100
|switch|p2a: Flippin Jimmy|Barraskewda, M, shiny|100/100
|turn|1
|
|t:|1667859918
|move|p2a: Flippin Jimmy|Flip Turn|p1a: Slowbro
|-resisted|p1a: Slowbro
|-damage|p1a: Slowbro|85/100
|
|t:|1667859920
|switch|p2a: god = illusion|Ferrothorn, F|100/100|[from]move: Flip Turn
|move|p1a: Slowbro|Future Sight|p2a: god = illusion
|-start|p1a: Slowbro|move: Future Sight
|
|upkeep
|turn|2
|
|t:|1667859928
|move|p1a: Slowbro|Body Press|p2a: god = illusion
|-supereffective|p2a: god = illusion
|-damage|p2a: god = illusion|59/100
|-damage|p1a: Slowbro|73/100|[from] ability: Iron Barbs|[of] p2a: god = illusion
|move|p2a: god = illusion|Stealth Rock|p1a: Slowbro
|-sidestart|p1: Wellez|move: Stealth Rock
|
|-heal|p2a: god = illusion|65/100|[from] item: Leftovers
|upkeep
|turn|3
|
|t:|1667859939
|move|p1a: Slowbro|Body Press|p2a: god = illusion
|-supereffective|p2a: god = illusion
|-damage|p2a: god = illusion|19/100
|-damage|p1a: Slowbro|60/100|[from] ability: Iron Barbs|[of] p2a: god = illusion
|move|p2a: god = illusion|Knock Off|p1a: Slowbro
|-supereffective|p1a: Slowbro
|-enditem|p1a: Slowbro|Colbur Berry|[eat]
|-enditem|p1a: Slowbro|Colbur Berry|[weaken]
|-damage|p1a: Slowbro|49/100
|
|-end|p2a: god = illusion|move: Future Sight
|-resisted|p2a: god = illusion
|-damage|p2a: god = illusion|6/100
|-heal|p2a: god = illusion|12/100|[from] item: Leftovers
|upkeep
|turn|4
|
|t:|1667859956
|move|p1a: Slowbro|Future Sight|p2a: god = illusion
|-start|p1a: Slowbro|move: Future Sight
|move|p2a: god = illusion|Leech Seed|p1a: Slowbro|[miss]
|-miss|p2a: god = illusion|p1a: Slowbro
|
|-heal|p2a: god = illusion|18/100|[from] item: Leftovers
|upkeep
|turn|5
|
|t:|1667859961
|switch|p2a: Drizzy Drake|Pelipper, M|100/100
|-weather|RainDance|[from] ability: Drizzle|[of] p2a: Drizzy Drake
|move|p1a: Slowbro|Body Press|p2a: Drizzy Drake
|-resisted|p2a: Drizzy Drake
|-damage|p2a: Drizzy Drake|91/100
|
|-weather|RainDance|[upkeep]
|upkeep
|turn|6
|
|t:|1667859966
|move|p2a: Drizzy Drake|U-turn|p1a: Slowbro
|-supereffective|p1a: Slowbro
|-damage|p1a: Slowbro|40/100
|
|t:|1667859968
|switch|p2a: god = illusion|Ferrothorn, F|18/100|[from]move: U-turn
|move|p1a: Slowbro|Teleport|p1a: Slowbro
|inactive|Wellez has 120 seconds left.
|inactive|Wellez has 90 seconds left.
|
|t:|1667860031
|switch|p1a: Buzzwole|Buzzwole|100/100|[from]move: Teleport
|-damage|p1a: Buzzwole|88/100|[from] Stealth Rock
|
|-weather|RainDance|[upkeep]
|-end|p2a: god = illusion|move: Future Sight
|-resisted|p2a: god = illusion
|-damage|p2a: god = illusion|6/100
|-heal|p2a: god = illusion|12/100|[from] item: Leftovers
|upkeep
|turn|7
|inactive|Wellez has 90 seconds left.
|
|t:|1667860047
|move|p1a: Buzzwole|Drain Punch|p2a: god = illusion
|-supereffective|p2a: god = illusion
|-damage|p2a: god = illusion|0 fnt
|-heal|p1a: Buzzwole|93/100|[from] drain|[of] p2a: god = illusion
|-damage|p1a: Buzzwole|81/100|[from] ability: Iron Barbs|[of] p2a: god = illusion
|faint|p2a: god = illusion
|-ability|p1a: Buzzwole|Beast Boost|boost
|-boost|p1a: Buzzwole|def|1
|
|-weather|RainDance|[upkeep]
|upkeep
|
|t:|1667860050
|switch|p2a: GALARIAN SNIPER|Inteleon, M|100/100
|turn|8
|
|t:|1667860058
|switch|p1a: Blissey|Blissey, F|100/100
|move|p2a: GALARIAN SNIPER|Snipe Shot|p1a: Blissey
|-crit|p1a: Blissey
|-damage|p1a: Blissey|41/100
|
|-weather|RainDance|[upkeep]
|upkeep
|turn|9
|inactive|Wellez has 90 seconds left.
|
|t:|1667860078
|move|p2a: GALARIAN SNIPER|Snipe Shot|p1a: Blissey
|-damage|p1a: Blissey|18/100
|move|p1a: Blissey|Soft-Boiled|p1a: Blissey
|-heal|p1a: Blissey|68/100
|
|-weather|RainDance|[upkeep]
|upkeep
|turn|10
|inactive|Wellez has 90 seconds left.
|
|t:|1667860087
|switch|p2a: Flippin Jimmy|Barraskewda, M, shiny|100/100
|move|p1a: Blissey|Soft-Boiled|p1a: Blissey
|-heal|p1a: Blissey|100/100
|
|-weather|RainDance|[upkeep]
|upkeep
|turn|11
|
|t:|1667860094
|switch|p1a: Slowbro|Slowbro, F|73/100
|-damage|p1a: Slowbro|60/100|[from] Stealth Rock
|move|p2a: Flippin Jimmy|Flip Turn|p1a: Slowbro
|-resisted|p1a: Slowbro
|-damage|p1a: Slowbro|39/100
|
|t:|1667860103
|switch|p2a: GALARIAN SNIPER|Inteleon, M|100/100|[from]move: Flip Turn
|
|-weather|RainDance|[upkeep]
|upkeep
|turn|12
|
|t:|1667860112
|switch|p1a: Blissey|Blissey, F|100/100
|move|p2a: GALARIAN SNIPER|Snipe Shot|p1a: Blissey
|-damage|p1a: Blissey|76/100
|
|-weather|none
|upkeep
|turn|13
|
|t:|1667860122
|switch|p2a: Drizzy Drake|Pelipper, M|91/100
|-weather|RainDance|[from] ability: Drizzle|[of] p2a: Drizzy Drake
|move|p1a: Blissey|Stealth Rock|p2a: Drizzy Drake
|-sidestart|p2: big boss 447|move: Stealth Rock
|
|-weather|RainDance|[upkeep]
|upkeep
|turn|14
|
|t:|1667860134
|switch|p1a: Tyranitar|Tyranitar, F|100/100
|-damage|p1a: Tyranitar|88/100|[from] Stealth Rock
|-weather|Sandstorm|[from] ability: Sand Stream|[of] p1a: Tyranitar
|move|p2a: Drizzy Drake|U-turn|p1a: Tyranitar
|-supereffective|p1a: Tyranitar
|-damage|p1a: Tyranitar|71/100
|
|t:|1667860142
|switch|p2a: GALARIAN SNIPER|Inteleon, M|100/100|[from]move: U-turn
|-damage|p2a: GALARIAN SNIPER|88/100|[from] Stealth Rock
|
|-weather|Sandstorm|[upkeep]
|-damage|p2a: GALARIAN SNIPER|82/100|[from] Sandstorm
|upkeep
|turn|15
|
|t:|1667860147
|switch|p1a: Slowbro|Slowbro, F|72/100
|-damage|p1a: Slowbro|60/100|[from] Stealth Rock
|move|p2a: GALARIAN SNIPER|Snipe Shot|p1a: Slowbro
|-resisted|p1a: Slowbro
|-damage|p1a: Slowbro|37/100
|
|-weather|Sandstorm|[upkeep]
|-damage|p2a: GALARIAN SNIPER|76/100|[from] Sandstorm
|-damage|p1a: Slowbro|31/100|[from] Sandstorm
|upkeep
|turn|16
|inactive|Wellez has 120 seconds left.
|
|t:|1667860154
|move|p2a: GALARIAN SNIPER|Snipe Shot|p1a: Slowbro
|-resisted|p1a: Slowbro
|-crit|p1a: Slowbro
|-damage|p1a: Slowbro|0 fnt
|faint|p1a: Slowbro
|
|-weather|Sandstorm|[upkeep]
|-damage|p2a: GALARIAN SNIPER|70/100|[from] Sandstorm
|upkeep
|inactive|Wellez has 120 seconds left.
|
|t:|1667860168
|switch|p1a: Excadrill|Excadrill, F|100/100
|-damage|p1a: Excadrill|97/100|[from] Stealth Rock
|-item|p1a: Excadrill|Air Balloon
|turn|17
|inactive|Wellez has 120 seconds left.
|
|t:|1667860178
|switch|p2a: Doc Fauci|Buzzwole, shiny|100/100
|-damage|p2a: Doc Fauci|88/100|[from] Stealth Rock
|move|p1a: Excadrill|Earthquake|p2a: Doc Fauci
|-resisted|p2a: Doc Fauci
|-damage|p2a: Doc Fauci|69/100
|
|-weather|Sandstorm|[upkeep]
|-damage|p2a: Doc Fauci|63/100|[from] Sandstorm
|upkeep
|turn|18
|inactive|Wellez has 120 seconds left.
|
|t:|1667860187
|switch|p1a: Buzzwole|Buzzwole|81/100
|-damage|p1a: Buzzwole|68/100|[from] Stealth Rock
|move|p2a: Doc Fauci|Close Combat|p1a: Buzzwole
|-resisted|p1a: Buzzwole
|-damage|p1a: Buzzwole|53/100
|-unboost|p2a: Doc Fauci|def|1
|-unboost|p2a: Doc Fauci|spd|1
|-damage|p2a: Doc Fauci|47/100|[from] item: Rocky Helmet|[of] p1a: Buzzwole
|
|-weather|none
|upkeep
|turn|19
|inactive|Wellez has 120 seconds left.
|
|t:|1667860207
|switch|p2a: Drizzy Drake|Pelipper, M|91/100
|-damage|p2a: Drizzy Drake|66/100|[from] Stealth Rock
|-weather|RainDance|[from] ability: Drizzle|[of] p2a: Drizzy Drake
|move|p1a: Buzzwole|Ice Punch|p2a: Drizzy Drake
|-damage|p2a: Drizzy Drake|49/100
|
|-weather|RainDance|[upkeep]
|upkeep
|turn|20
|inactive|Wellez has 120 seconds left.
|
|t:|1667860213
|switch|p1a: Tyranitar|Tyranitar, F|71/100
|-damage|p1a: Tyranitar|58/100|[from] Stealth Rock
|-weather|Sandstorm|[from] ability: Sand Stream|[of] p1a: Tyranitar
|move|p2a: Drizzy Drake|Roost|p2a: Drizzy Drake
|-heal|p2a: Drizzy Drake|99/100
|-singleturn|p2a: Drizzy Drake|move: Roost
|
|-weather|Sandstorm|[upkeep]
|-damage|p2a: Drizzy Drake|93/100|[from] Sandstorm
|upkeep
|turn|21
|inactive|Wellez has 120 seconds left.
|
|t:|1667860228
|switch|p2a: Weatherman|Seismitoad, M, shiny|100/100
|-damage|p2a: Weatherman|95/100|[from] Stealth Rock
|move|p1a: Tyranitar|Assurance|p2a: Weatherman
|-damage|p2a: Weatherman|0 fnt
|faint|p2a: Weatherman
|
|-weather|Sandstorm|[upkeep]
|upkeep
|
|t:|1667860231
|switch|p2a: GALARIAN SNIPER|Inteleon, M|70/100
|-damage|p2a: GALARIAN SNIPER|58/100|[from] Stealth Rock
|turn|22
|
|t:|1667860235
|switch|p1a: Blissey|Blissey, F|76/100
|move|p2a: GALARIAN SNIPER|Snipe Shot|p1a: Blissey
|-crit|p1a: Blissey
|-damage|p1a: Blissey|40/100
|
|-weather|Sandstorm|[upkeep]
|-damage|p2a: GALARIAN SNIPER|52/100|[from] Sandstorm
|-damage|p1a: Blissey|34/100|[from] Sandstorm
|upkeep
|turn|23
|
|t:|1667860242
|move|p2a: GALARIAN SNIPER|Snipe Shot|p1a: Blissey
|-crit|p1a: Blissey
|-damage|p1a: Blissey|0 fnt
|faint|p1a: Blissey
|
|-weather|Sandstorm|[upkeep]
|-damage|p2a: GALARIAN SNIPER|46/100|[from] Sandstorm
|upkeep
|
|t:|1667860246
|switch|p1a: Excadrill|Excadrill, F|97/100
|-damage|p1a: Excadrill|94/100|[from] Stealth Rock
|-item|p1a: Excadrill|Air Balloon
|turn|24
|
|t:|1667860258
|switch|p2a: Drizzy Drake|Pelipper, M|93/100
|-damage|p2a: Drizzy Drake|68/100|[from] Stealth Rock
|-weather|RainDance|[from] ability: Drizzle|[of] p2a: Drizzy Drake
|move|p1a: Excadrill|Rapid Spin|p2a: Drizzy Drake
|-damage|p2a: Drizzy Drake|54/100
|-boost|p1a: Excadrill|spe|1
|-sideend|p1: Wellez|Stealth Rock|[from] move: Rapid Spin|[of] p1a: Excadrill
|
|-weather|RainDance|[upkeep]
|upkeep
|turn|25
|
|t:|1667860274
|switch|p1a: Tyranitar|Tyranitar, F|58/100
|-weather|Sandstorm|[from] ability: Sand Stream|[of] p1a: Tyranitar
|move|p2a: Drizzy Drake|Roost|p2a: Drizzy Drake
|-heal|p2a: Drizzy Drake|100/100
|-singleturn|p2a: Drizzy Drake|move: Roost
|
|-weather|Sandstorm|[upkeep]
|-damage|p2a: Drizzy Drake|94/100|[from] Sandstorm
|upkeep
|turn|26
|
|t:|1667860284
|switch|p2a: Doc Fauci|Buzzwole, shiny|47/100
|-damage|p2a: Doc Fauci|35/100|[from] Stealth Rock
|move|p1a: Tyranitar|Assurance|p2a: Doc Fauci
|-resisted|p2a: Doc Fauci
|-damage|p2a: Doc Fauci|4/100
|
|-weather|Sandstorm|[upkeep]
|-damage|p2a: Doc Fauci|0 fnt|[from] Sandstorm
|faint|p2a: Doc Fauci
|upkeep
|
|t:|1667860296
|switch|p2a: GALARIAN SNIPER|Inteleon, M|46/100
|-damage|p2a: GALARIAN SNIPER|34/100|[from] Stealth Rock
|turn|27
|
|t:|1667860310
|switch|p1a: Victini|Victini|100/100
|move|p2a: GALARIAN SNIPER|Snipe Shot|p1a: Victini
|-supereffective|p1a: Victini
|-damage|p1a: Victini|14/100
|
|-weather|Sandstorm|[upkeep]
|-damage|p2a: GALARIAN SNIPER|28/100|[from] Sandstorm
|-damage|p1a: Victini|8/100|[from] Sandstorm
|upkeep
|turn|28
|
|t:|1667860316
|move|p2a: GALARIAN SNIPER|Snipe Shot|p1a: Victini
|-supereffective|p1a: Victini
|-damage|p1a: Victini|0 fnt
|faint|p1a: Victini
|
|-weather|Sandstorm|[upkeep]
|-damage|p2a: GALARIAN SNIPER|22/100|[from] Sandstorm
|upkeep
|
|t:|1667860320
|switch|p1a: Excadrill|Excadrill, F|94/100
|-item|p1a: Excadrill|Air Balloon
|turn|29
|inactive|Wellez has 120 seconds left.
|
|t:|1667860368
|move|p1a: Excadrill|Rapid Spin|p2a: GALARIAN SNIPER
|-damage|p2a: GALARIAN SNIPER|0 fnt
|-boost|p1a: Excadrill|spe|1
|faint|p2a: GALARIAN SNIPER
|
|-weather|none
|upkeep
|
|t:|1667860371
|switch|p2a: Drizzy Drake|Pelipper, M|94/100
|-damage|p2a: Drizzy Drake|70/100|[from] Stealth Rock
|-weather|RainDance|[from] ability: Drizzle|[of] p2a: Drizzy Drake
|turn|30
|inactive|Wellez has 120 seconds left.
|
|t:|1667860387
|switch|p1a: Buzzwole|Buzzwole|53/100
|move|p2a: Drizzy Drake|U-turn|p1a: Buzzwole
|-resisted|p1a: Buzzwole
|-damage|p1a: Buzzwole|51/100
|-damage|p2a: Drizzy Drake|53/100|[from] item: Rocky Helmet|[of] p1a: Buzzwole
|
|t:|1667860389
|switch|p2a: Flippin Jimmy|Barraskewda, M, shiny|100/100|[from]move: U-turn
|-damage|p2a: Flippin Jimmy|88/100|[from] Stealth Rock
|
|-weather|RainDance|[upkeep]
|upkeep
|turn|31
|inactive|Wellez has 120 seconds left.
|
|t:|1667860397
|move|p2a: Flippin Jimmy|Liquidation|p1a: Buzzwole
|-damage|p1a: Buzzwole|0 fnt
|-damage|p2a: Flippin Jimmy|72/100|[from] item: Rocky Helmet|[of] p1a: Buzzwole
|faint|p1a: Buzzwole
|
|-weather|RainDance|[upkeep]
|upkeep
|
|t:|1667860400
|switch|p1a: Tyranitar|Tyranitar, F|58/100
|-weather|Sandstorm|[from] ability: Sand Stream|[of] p1a: Tyranitar
|turn|32
|
|t:|1667860411
|move|p2a: Flippin Jimmy|Liquidation|p1a: Tyranitar
|-supereffective|p1a: Tyranitar
|-damage|p1a: Tyranitar|0 fnt
|faint|p1a: Tyranitar
|
|-weather|Sandstorm|[upkeep]
|-damage|p2a: Flippin Jimmy|66/100|[from] Sandstorm
|upkeep
|
|t:|1667860414
|switch|p1a: Excadrill|Excadrill, F|94/100
|-item|p1a: Excadrill|Air Balloon
|turn|33
|
|t:|1667860423
|switch|p2a: Drizzy Drake|Pelipper, M|53/100
|-damage|p2a: Drizzy Drake|28/100|[from] Stealth Rock
|-weather|RainDance|[from] ability: Drizzle|[of] p2a: Drizzy Drake
|move|p1a: Excadrill|Rapid Spin|p2a: Drizzy Drake
|-damage|p2a: Drizzy Drake|13/100
|-boost|p1a: Excadrill|spe|1
|
|-weather|RainDance|[upkeep]
|upkeep
|turn|34
|
|t:|1667860428
|move|p1a: Excadrill|Rapid Spin|p2a: Drizzy Drake
|-damage|p2a: Drizzy Drake|0 fnt
|-boost|p1a: Excadrill|spe|1
|faint|p2a: Drizzy Drake
|
|-weather|RainDance|[upkeep]
|upkeep
|
|t:|1667860429
|switch|p2a: Flippin Jimmy|Barraskewda, M, shiny|66/100
|-damage|p2a: Flippin Jimmy|54/100|[from] Stealth Rock
|turn|35
|c|☆big boss 447|gg
|
|t:|1667860434
|move|p2a: Flippin Jimmy|Liquidation|p1a: Excadrill
|-supereffective|p1a: Excadrill
|-damage|p1a: Excadrill|0 fnt
|-enditem|p1a: Excadrill|Air Balloon
|faint|p1a: Excadrill
|
|win|big boss 447
|raw|Wellez's rating: 1622 &rarr; <strong>1607</strong><br />(-15 for losing)
|raw|big boss 447's rating: 1715 &rarr; <strong>1730</strong><br />(+15 for winning)
|l|☆Wellez
||Ladder isn't responding, score probably updated but might not have (Request timeout).
