|html|<div class="broadcast-blue"><strong>[Gen 8] OU is currently suspecting Melmetal! For information on how to participate check out the <a href="https://www.smogon.com/forums/threads/np-ss-ou-suspect-process-round-12-monster-mash.3709234/">suspect thread</a>.</strong></div>
|j|‽minimax_ai
|j|☆8balljacketguy
|t:|1666751786
|gametype|singles
|player|p1|minimax_ai|266|1572
|player|p2|8balljacketguy|red|1539
|teamsize|p1|6
|teamsize|p2|6
|gen|8
|tier|[Gen 8] OU
|rated|
|rule|Sleep Clause Mod: Limit one foe put to sleep
|rule|Species Clause: Limit one of each Pokémon
|rule|OHKO Clause: OHKO moves are banned
|rule|Evasion Items Clause: Evasion items are banned
|rule|Evasion Moves Clause: Evasion moves are banned
|rule|Endless Battle Clause: Forcing endless battles is banned
|rule|HP Percentage Mod: HP is shown in percentages
|rule|Dynamax Clause: You cannot dynamax
|clearpoke
|poke|p1|Rotom-Wash|
|poke|p1|Weavile, M|
|poke|p1|Landorus-Therian, M|
|poke|p1|Heatran, M|
|poke|p1|Tangrowth, F|
|poke|p1|Melmetal|
|poke|p2|Volcarona, M|
|poke|p2|Registeel|
|poke|p2|Rillaboom, F|
|poke|p2|Regieleki|
|poke|p2|Obstagoon, F|
|poke|p2|Slowking, F|
|teampreview
|inactive|Battle timer is ON: inactive players will automatically lose when time's up. (requested by 8balljacketguy)
|inactive|minimax_ai also wants the timer to be on.
|
|t:|1666751800
|start
|switch|p1a: Landorus|Landorus-Therian, M|100/100
|switch|p2a: Rillaboom|Rillaboom, F|100/100
|-fieldstart|move: Grassy Terrain|[from] ability: Grassy Surge|[of] p2a: Rillaboom
|-ability|p1a: Landorus|Intimidate|boost
|-unboost|p2a: Rillaboom|atk|1
|turn|1
|
|t:|1666751804
|move|p2a: Rillaboom|Wood Hammer|p1a: Landorus
|-damage|p1a: Landorus|20/100
|-damage|p2a: Rillaboom|71/100|[from] Recoil
|move|p1a: Landorus|U-turn|p2a: Rillaboom
|-supereffective|p2a: Rillaboom
|-damage|p2a: Rillaboom|22/100
|
|t:|1666751805
|switch|p1a: Weavile|Weavile, M|100/100|[from]move: U-turn
|-ability|p1a: Weavile|Pressure
|
|-heal|p2a: Rillaboom|28/100|[from] Grassy Terrain
|upkeep
|turn|2
|
|t:|1666751810
|switch|p2a: Volcarona|Volcarona, M|100/100
|move|p1a: Weavile|Knock Off|p2a: Volcarona
|-damage|p2a: Volcarona|30/100
|-enditem|p2a: Volcarona|Heavy-Duty Boots|[from] move: Knock Off|[of] p1a: Weavile
|
|-heal|p2a: Volcarona|36/100|[from] Grassy Terrain
|upkeep
|turn|3
|
|t:|1666751813
|move|p1a: Weavile|Knock Off|p2a: Volcarona
|-damage|p2a: Volcarona|0 fnt
|faint|p2a: Volcarona
|
|upkeep
|
|t:|1666751820
|switch|p2a: Rillaboom|Rillaboom, F|28/100
|turn|4
|
|t:|1666751822
|switch|p1a: Heatran|Heatran, M|100/100
|-item|p1a: Heatran|Air Balloon
|move|p2a: Rillaboom|Superpower|p1a: Heatran
|-supereffective|p1a: Heatran
|-damage|p1a: Heatran|0 fnt
|-unboost|p2a: Rillaboom|atk|1
|-unboost|p2a: Rillaboom|def|1
|-enditem|p1a: Heatran|Air Balloon
|faint|p1a: Heatran
|
|-heal|p2a: Rillaboom|35/100|[from] Grassy Terrain
|upkeep
|
|t:|1666751822
|switch|p1a: Weavile|Weavile, M|100/100
|-ability|p1a: Weavile|Pressure
|turn|5
|
|t:|1666751826
|switch|p2a: Obstagoon|Obstagoon, F|100/100
|move|p1a: Weavile|Knock Off|p2a: Obstagoon
|-resisted|p2a: Obstagoon
|-damage|p2a: Obstagoon|64/100
|-enditem|p2a: Obstagoon|Flame Orb|[from] move: Knock Off|[of] p1a: Weavile
|
|-heal|p2a: Obstagoon|70/100|[from] Grassy Terrain
|-fieldend|move: Grassy Terrain
|upkeep
|turn|6
|
|t:|1666751831
|switch|p1a: Tangrowth|Tangrowth, F|100/100
|move|p2a: Obstagoon|Facade|p1a: Tangrowth
|-damage|p1a: Tangrowth|86/100
|-damage|p2a: Obstagoon|53/100|[from] item: Rocky Helmet|[of] p1a: Tangrowth
|
|upkeep
|turn|7
|
|t:|1666751833
|move|p2a: Obstagoon|Knock Off|p1a: Tangrowth
|-damage|p1a: Tangrowth|64/100
|-damage|p2a: Obstagoon|37/100|[from] item: Rocky Helmet|[of] p1a: Tangrowth
|-enditem|p1a: Tangrowth|Rocky Helmet|[from] move: Knock Off|[of] p2a: Obstagoon
|move|p1a: Tangrowth|Focus Blast|p2a: Obstagoon
|-supereffective|p2a: Obstagoon
|-damage|p2a: Obstagoon|0 fnt
|faint|p2a: Obstagoon
|
|upkeep
|
|t:|1666751847
|switch|p2a: Slowking|Slowking, F|100/100
|turn|8
|
|t:|1666751850
|move|p1a: Tangrowth|Sleep Powder|p2a: Slowking
|-status|p2a: Slowking|slp|[from] move: Sleep Powder
|cant|p2a: Slowking|slp
|
|upkeep
|turn|9
|
|t:|1666751852
|switch|p1a: Melmetal|Melmetal|100/100
|switch|p2a: Registeel|Registeel|100/100
|
|upkeep
|turn|10
|
|t:|1666751854
|move|p2a: Registeel|Iron Defense|p2a: Registeel
|-boost|p2a: Registeel|def|2
|move|p1a: Melmetal|Earthquake|p2a: Registeel
|-supereffective|p2a: Registeel
|-damage|p2a: Registeel|80/100
|
|upkeep
|turn|11
|
|t:|1666751856
|switch|p1a: Tangrowth|Tangrowth, F|98/100
|move|p2a: Registeel|Iron Defense|p2a: Registeel
|-boost|p2a: Registeel|def|2
|
|upkeep
|turn|12
|
|t:|1666751858
|move|p2a: Registeel|Amnesia|p2a: Registeel
|-boost|p2a: Registeel|spd|2
|move|p1a: Tangrowth|Focus Blast|p2a: Registeel
|-supereffective|p2a: Registeel
|-damage|p2a: Registeel|61/100
|
|upkeep
|turn|13
|
|t:|1666751860
|switch|p1a: Landorus|Landorus-Therian, M|20/100
|-ability|p1a: Landorus|Intimidate|boost
|-fail|p2a: Registeel|unboost|[from] ability: Clear Body|[of] p2a: Registeel
|move|p2a: Registeel|Amnesia|p2a: Registeel
|-boost|p2a: Registeel|spd|2
|
|-heal|p1a: Landorus|26/100|[from] item: Leftovers
|upkeep
|turn|14
|
|t:|1666751861
|move|p1a: Landorus|Earthquake|p2a: Registeel
|-supereffective|p2a: Registeel
|-crit|p2a: Registeel
|-damage|p2a: Registeel|0 fnt
|faint|p2a: Registeel
|
|-heal|p1a: Landorus|32/100|[from] item: Leftovers
|upkeep
|c|☆8balljacketguy|my luck is so bad
|
|t:|1666751872
|switch|p2a: Rillaboom|Rillaboom, F|35/100
|-fieldstart|move: Grassy Terrain|[from] ability: Grassy Surge|[of] p2a: Rillaboom
|turn|15
|
|t:|1666751875
|switch|p1a: Tangrowth|Tangrowth, F|100/100
|move|p2a: Rillaboom|U-turn|p1a: Tangrowth
|-supereffective|p1a: Tangrowth
|-damage|p1a: Tangrowth|64/100
|
|t:|1666751876
|switch|p2a: Regieleki|Regieleki|100/100|[from]move: U-turn
|
|-heal|p1a: Tangrowth|70/100|[from] Grassy Terrain
|upkeep
|turn|16
|
|t:|1666751880
|switch|p1a: Landorus|Landorus-Therian, M|32/100
|-ability|p1a: Landorus|Intimidate|boost
|-unboost|p2a: Regieleki|atk|1
|move|p2a: Regieleki|Rapid Spin|p1a: Landorus
|-damage|p1a: Landorus|26/100
|-boost|p2a: Regieleki|spe|1
|
|-heal|p1a: Landorus|32/100|[from] item: Leftovers
|upkeep
|turn|17
|
|t:|1666751885
|move|p2a: Regieleki|Ancient Power|p1a: Landorus
|-damage|p1a: Landorus|19/100
|move|p1a: Landorus|Toxic|p2a: Regieleki
|-status|p2a: Regieleki|tox
|
|-heal|p1a: Landorus|25/100|[from] item: Leftovers
|-damage|p2a: Regieleki|95/100 tox|[from] psn
|upkeep
|turn|18
|
|t:|1666751887
|move|p2a: Regieleki|Ancient Power|p1a: Landorus
|-damage|p1a: Landorus|12/100
|move|p1a: Landorus|U-turn|p2a: Regieleki
|-damage|p2a: Regieleki|53/100 tox
|
|t:|1666751887
|switch|p1a: Weavile|Weavile, M|100/100|[from]move: U-turn
|-ability|p1a: Weavile|Pressure
|
|-heal|p2a: Regieleki|59/100 tox|[from] Grassy Terrain
|-damage|p2a: Regieleki|47/100 tox|[from] psn
|upkeep
|turn|19
|
|t:|1666751892
|move|p2a: Regieleki|Ancient Power|p1a: Weavile
|-supereffective|p1a: Weavile
|-damage|p1a: Weavile|50/100
|move|p1a: Weavile|Knock Off|p2a: Regieleki
|-damage|p2a: Regieleki|0 fnt
|-enditem|p2a: Regieleki|Heavy-Duty Boots|[from] move: Knock Off|[of] p1a: Weavile
|faint|p2a: Regieleki
|
|-heal|p1a: Weavile|56/100|[from] Grassy Terrain
|-fieldend|move: Grassy Terrain
|upkeep
|
|t:|1666751893
|switch|p2a: Rillaboom|Rillaboom, F|35/100
|-fieldstart|move: Grassy Terrain|[from] ability: Grassy Surge|[of] p2a: Rillaboom
|turn|20
|
|t:|1666751894
|switch|p1a: Tangrowth|Tangrowth, F|100/100
|move|p2a: Rillaboom|Grassy Glide|p1a: Tangrowth
|-resisted|p1a: Tangrowth
|-damage|p1a: Tangrowth|84/100
|
|-heal|p2a: Rillaboom|41/100|[from] Grassy Terrain
|-heal|p1a: Tangrowth|90/100|[from] Grassy Terrain
|upkeep
|turn|21
|
|t:|1666751895
|move|p2a: Rillaboom|Grassy Glide|p1a: Tangrowth
|-resisted|p1a: Tangrowth
|-damage|p1a: Tangrowth|73/100
|move|p1a: Tangrowth|Knock Off|p2a: Rillaboom
|-damage|p2a: Rillaboom|15/100
|-enditem|p2a: Rillaboom|Choice Band|[from] move: Knock Off|[of] p1a: Tangrowth
|
|-heal|p2a: Rillaboom|21/100|[from] Grassy Terrain
|-heal|p1a: Tangrowth|79/100|[from] Grassy Terrain
|upkeep
|turn|22
|
|t:|1666751897
|move|p2a: Rillaboom|Grassy Glide|p1a: Tangrowth
|-resisted|p1a: Tangrowth
|-crit|p1a: Tangrowth
|-damage|p1a: Tangrowth|59/100
|move|p1a: Tangrowth|Giga Drain|p2a: Rillaboom
|-resisted|p2a: Rillaboom
|-damage|p2a: Rillaboom|0 fnt
|-heal|p1a: Tangrowth|68/100|[from] drain|[of] p2a: Rillaboom
|faint|p2a: Rillaboom
|
|-heal|p1a: Tangrowth|74/100|[from] Grassy Terrain
|upkeep
|
|t:|1666751898
|switch|p2a: Slowking|Slowking, F|100/100 slp
|turn|23
|
|t:|1666751899
|switch|p1a: Weavile|Weavile, M|56/100
|-ability|p1a: Weavile|Pressure
|-curestatus|p2a: Slowking|slp|[msg]
|move|p2a: Slowking|Ice Beam|p1a: Weavile
|-resisted|p1a: Weavile
|-damage|p1a: Weavile|35/100
|
|-heal|p1a: Weavile|41/100|[from] Grassy Terrain
|upkeep
|turn|24
|
|t:|1666751901
|move|p1a: Weavile|Knock Off|p2a: Slowking
|-supereffective|p2a: Slowking
|-damage|p2a: Slowking|0 fnt
|-enditem|p2a: Slowking|Assault Vest|[from] move: Knock Off|[of] p1a: Weavile
|faint|p2a: Slowking
|
|win|minimax_ai
|raw|minimax_ai's rating: 1572 &rarr; <strong>1591</strong><br />(+19 for winning)
|raw|8balljacketguy's rating: 1557 &rarr; <strong>1538</strong><br />(-19 for losing)
