|j|☆minimax_ai
|j|☆samohi0
|t:|1662668207
|gametype|singles
|player|p1|minimax_ai|lusamine-nihilego|1601
|player|p2|samohi0|266|1584
|teamsize|p1|6
|teamsize|p2|6
|gen|8
|tier|[Gen 8] OU
|rated|
|rule|Sleep Clause Mod: Limit one foe put to sleep
|rule|Species Clause: Limit one of each Pokémon
|rule|OHKO Clause: OHKO moves are banned
|rule|Evasion Items Clause: Evasion items are banned
|rule|Evasion Moves Clause: Evasion moves are banned
|rule|Endless Battle Clause: Forcing endless battles is banned
|rule|HP Percentage Mod: HP is shown in percentages
|rule|Dynamax Clause: You cannot dynamax
|clearpoke
|poke|p1|Rotom-Wash|
|poke|p1|Weavile, M|
|poke|p1|Landorus-Therian, M|
|poke|p1|Heatran, M|
|poke|p1|Tangrowth, M|
|poke|p1|Melmetal|
|poke|p2|Hippowdon, M|
|poke|p2|Tyranitar, M|
|poke|p2|Excadrill, M|
|poke|p2|Dracozolt|
|poke|p2|Buzzwole|
|poke|p2|Zapdos|
|teampreview
|
|t:|1662668210
|start
|switch|p1a: Tangrowth|Tangrowth, M|100/100
|switch|p2a: nate dogg|Zapdos|100/100
|turn|1
|c|☆minimax_ai|hf
|inactive|Battle timer is ON: inactive players will automatically lose when time's up. (requested by minimax_ai)
|j| g0ld
|
|t:|1662668217
|switch|p1a: landorustherian|Landorus-Therian, M|100/100
|-ability|p1a: landorustherian|Intimidate|boost
|-unboost|p2a: nate dogg|atk|1
|move|p2a: nate dogg|Heat Wave|p1a: landorustherian
|-damage|p1a: landorustherian|73/100
|
|-heal|p1a: landorustherian|80/100|[from] item: Leftovers
|upkeep
|turn|2
|
|t:|1662668218
|move|p2a: nate dogg|Hurricane|p1a: landorustherian
|-damage|p1a: landorustherian|30/100
|move|p1a: landorustherian|Toxic|p2a: nate dogg
|-status|p2a: nate dogg|tox
|
|-heal|p1a: landorustherian|36/100|[from] item: Leftovers
|-damage|p2a: nate dogg|94/100 tox|[from] psn
|upkeep
|turn|3
|l| g0ld
|
|t:|1662668221
|move|p2a: nate dogg|Hurricane|p1a: landorustherian
|-damage|p1a: landorustherian|0 fnt
|faint|p1a: landorustherian
|
|-damage|p2a: nate dogg|82/100 tox|[from] psn
|upkeep
|
|t:|1662668222
|switch|p1a: Weavile|Weavile, M|100/100
|-ability|p1a: Weavile|Pressure
|turn|4
|
|t:|1662668223
|switch|p2a: 50 cent|Buzzwole|100/100
|move|p1a: Weavile|Triple Axel|p2a: 50 cent
|-damage|p2a: 50 cent|91/100
|-damage|p1a: Weavile|84/100|[from] item: Rocky Helmet|[of] p2a: 50 cent
|-damage|p2a: 50 cent|72/100
|-damage|p1a: Weavile|68/100|[from] item: Rocky Helmet|[of] p2a: 50 cent
|-damage|p2a: 50 cent|44/100
|-damage|p1a: Weavile|51/100|[from] item: Rocky Helmet|[of] p2a: 50 cent
|-hitcount|p2a: 50 cent|3
|
|upkeep
|turn|5
|
|t:|1662668252
|move|p1a: Weavile|Triple Axel|p2a: 50 cent
|-damage|p2a: 50 cent|36/100
|-damage|p1a: Weavile|35/100|[from] item: Rocky Helmet|[of] p2a: 50 cent
|-hitcount|p2a: 50 cent|1
|move|p2a: 50 cent|Roost|p2a: 50 cent
|-heal|p2a: 50 cent|86/100
|-singleturn|p2a: 50 cent|move: Roost
|
|upkeep
|turn|6
|
|t:|1662668255
|switch|p1a: rotomwash|Rotom-Wash|100/100
|move|p2a: 50 cent|Drain Punch|p1a: rotomwash
|-crit|p1a: rotomwash
|-damage|p1a: rotomwash|34/100
|-heal|p2a: 50 cent|100/100|[from] drain|[of] p1a: rotomwash
|
|-heal|p1a: rotomwash|41/100|[from] item: Leftovers
|upkeep
|turn|7
|inactive|samohi0 has 120 seconds left.
|
|t:|1662668288
|switch|p2a: black thought|Tyranitar, M|100/100
|-weather|Sandstorm|[from] ability: Sand Stream|[of] p2a: black thought
|move|p1a: rotomwash|Pain Split|p2a: black thought
|-sethp|p2a: black thought|66/100|[from] move: Pain Split|[silent]
|-sethp|p1a: rotomwash|87/100|[from] move: Pain Split
|
|-weather|Sandstorm|[upkeep]
|-damage|p1a: rotomwash|81/100|[from] Sandstorm
|-heal|p1a: rotomwash|87/100|[from] item: Leftovers
|upkeep
|turn|8
|
|t:|1662668290
|switch|p1a: Tangrowth|Tangrowth, M|100/100
|move|p2a: black thought|Rock Blast|p1a: Tangrowth
|-damage|p1a: Tangrowth|94/100
|-damage|p1a: Tangrowth|88/100
|-damage|p1a: Tangrowth|81/100
|-hitcount|p1a: Tangrowth|3
|
|-weather|Sandstorm|[upkeep]
|-damage|p1a: Tangrowth|75/100|[from] Sandstorm
|upkeep
|turn|9
|
|t:|1662668292
|switch|p1a: Melmetal|Melmetal|100/100
|move|p2a: black thought|Fire Blast|p1a: Melmetal
|-supereffective|p1a: Melmetal
|-damage|p1a: Melmetal|69/100
|
|-weather|Sandstorm|[upkeep]
|upkeep
|turn|10
|
|t:|1662668294
|switch|p2a: 50 cent|Buzzwole|100/100
|move|p1a: Melmetal|Double Iron Bash|p2a: 50 cent
|-damage|p2a: 50 cent|75/100
|-damage|p1a: Melmetal|52/100|[from] item: Rocky Helmet|[of] p2a: 50 cent
|-damage|p2a: 50 cent|52/100
|-damage|p1a: Melmetal|36/100|[from] item: Rocky Helmet|[of] p2a: 50 cent
|-hitcount|p2a: 50 cent|2
|
|-weather|Sandstorm|[upkeep]
|-damage|p2a: 50 cent|46/100|[from] Sandstorm
|upkeep
|turn|11
|
|t:|1662668304
|switch|p1a: rotomwash|Rotom-Wash|87/100
|move|p2a: 50 cent|Drain Punch|p1a: rotomwash
|-crit|p1a: rotomwash
|-damage|p1a: rotomwash|20/100
|-heal|p2a: 50 cent|71/100|[from] drain|[of] p1a: rotomwash
|
|-weather|none
|-heal|p1a: rotomwash|26/100|[from] item: Leftovers
|upkeep
|turn|12
|
|t:|1662668310
|switch|p2a: black thought|Tyranitar, M|66/100
|-weather|Sandstorm|[from] ability: Sand Stream|[of] p2a: black thought
|move|p1a: rotomwash|Pain Split|p2a: black thought
|-sethp|p2a: black thought|43/100|[from] move: Pain Split|[silent]
|-sethp|p1a: rotomwash|56/100|[from] move: Pain Split
|
|-weather|Sandstorm|[upkeep]
|-damage|p1a: rotomwash|50/100|[from] Sandstorm
|-heal|p1a: rotomwash|56/100|[from] item: Leftovers
|upkeep
|turn|13
|
|t:|1662668312
|move|p1a: rotomwash|Pain Split|p2a: black thought
|-sethp|p2a: black thought|43/100|[from] move: Pain Split|[silent]
|-sethp|p1a: rotomwash|56/100|[from] move: Pain Split
|move|p2a: black thought|Rock Blast|p1a: rotomwash|[miss]
|-miss|p2a: black thought|p1a: rotomwash
|
|-weather|Sandstorm|[upkeep]
|-damage|p1a: rotomwash|50/100|[from] Sandstorm
|-heal|p1a: rotomwash|56/100|[from] item: Leftovers
|upkeep
|turn|14
|
|t:|1662668313
|move|p1a: rotomwash|Pain Split|p2a: black thought
|-sethp|p2a: black thought|43/100|[from] move: Pain Split|[silent]
|-sethp|p1a: rotomwash|56/100|[from] move: Pain Split
|move|p2a: black thought|Rock Blast|p1a: rotomwash
|-damage|p1a: rotomwash|44/100
|-damage|p1a: rotomwash|31/100
|-damage|p1a: rotomwash|19/100
|-hitcount|p1a: rotomwash|3
|
|-weather|Sandstorm|[upkeep]
|-damage|p1a: rotomwash|12/100|[from] Sandstorm
|-heal|p1a: rotomwash|19/100|[from] item: Leftovers
|upkeep
|turn|15
|
|t:|1662668315
|move|p1a: rotomwash|Pain Split|p2a: black thought
|-sethp|p2a: black thought|28/100|[from] move: Pain Split|[silent]
|-sethp|p1a: rotomwash|37/100|[from] move: Pain Split
|move|p2a: black thought|Rock Blast|p1a: rotomwash
|-damage|p1a: rotomwash|25/100
|-damage|p1a: rotomwash|12/100
|-damage|p1a: rotomwash|0 fnt
|faint|p1a: rotomwash
|-hitcount|p1: rotomwash|3
|
|-weather|Sandstorm|[upkeep]
|upkeep
|
|t:|1662668315
|switch|p1a: Heatran|Heatran, M|100/100
|-item|p1a: Heatran|Air Balloon
|turn|16
|
|t:|1662668318
|move|p1a: Heatran|Earth Power|p2a: black thought
|-supereffective|p2a: black thought
|-damage|p2a: black thought|5/100
|move|p2a: black thought|Rock Blast|p1a: Heatran
|-damage|p1a: Heatran|88/100
|-enditem|p1a: Heatran|Air Balloon
|-damage|p1a: Heatran|76/100
|-hitcount|p1a: Heatran|2
|
|-weather|none
|upkeep
|turn|17
|
|t:|1662668320
|move|p1a: Heatran|Magma Storm|p2a: black thought
|-resisted|p2a: black thought
|-damage|p2a: black thought|0 fnt
|faint|p2a: black thought
|
|upkeep
|
|t:|1662668322
|switch|p2a: big pun|Hippowdon, M|100/100
|-weather|Sandstorm|[from] ability: Sand Stream|[of] p2a: big pun
|turn|18
|
|t:|1662668323
|switch|p1a: Tangrowth|Tangrowth, M|100/100
|move|p2a: big pun|Earthquake|p1a: Tangrowth
|-resisted|p1a: Tangrowth
|-damage|p1a: Tangrowth|90/100
|
|-weather|Sandstorm|[upkeep]
|-damage|p1a: Tangrowth|84/100|[from] Sandstorm
|upkeep
|turn|19
|
|t:|1662668325
|switch|p2a: nate dogg|Zapdos|82/100 tox
|move|p1a: Tangrowth|Giga Drain|p2a: nate dogg
|-resisted|p2a: nate dogg
|-damage|p2a: nate dogg|69/100 tox
|-heal|p1a: Tangrowth|90/100|[from] drain|[of] p2a: nate dogg
|
|-weather|Sandstorm|[upkeep]
|-damage|p2a: nate dogg|63/100 tox|[from] Sandstorm
|-damage|p1a: Tangrowth|84/100|[from] Sandstorm
|-damage|p2a: nate dogg|57/100 tox|[from] psn
|upkeep
|turn|20
|
|t:|1662668328
|switch|p1a: Melmetal|Melmetal|36/100
|move|p2a: nate dogg|Volt Switch|p1a: Melmetal
|-damage|p1a: Melmetal|15/100
|
|t:|1662668329
|switch|p2a: mos def|Excadrill, M|100/100|[from]move: Volt Switch
|
|-weather|Sandstorm|[upkeep]
|upkeep
|turn|21
|
|t:|1662668330
|switch|p1a: Tangrowth|Tangrowth, M|100/100
|move|p2a: mos def|Iron Head|p1a: Tangrowth
|-damage|p1a: Tangrowth|69/100
|-damage|p2a: mos def|84/100|[from] item: Rocky Helmet|[of] p1a: Tangrowth
|-damage|p2a: mos def|74/100|[from] item: Life Orb
|
|-weather|Sandstorm|[upkeep]
|-damage|p1a: Tangrowth|63/100|[from] Sandstorm
|upkeep
|turn|22
|
|t:|1662668333
|switch|p2a: nate dogg|Zapdos|57/100 tox
|move|p1a: Tangrowth|Focus Blast|p2a: nate dogg
|-resisted|p2a: nate dogg
|-damage|p2a: nate dogg|44/100 tox
|
|-weather|Sandstorm|[upkeep]
|-damage|p2a: nate dogg|38/100 tox|[from] Sandstorm
|-damage|p1a: Tangrowth|57/100|[from] Sandstorm
|-damage|p2a: nate dogg|32/100 tox|[from] psn
|upkeep
|turn|23
|
|t:|1662668353
|switch|p1a: Melmetal|Melmetal|15/100
|move|p2a: nate dogg|Volt Switch|p1a: Melmetal
|-damage|p1a: Melmetal|0 fnt
|faint|p1a: Melmetal
|
|t:|1662668355
|switch|p2a: po and dangerous|Dracozolt|100/100|[from]move: Volt Switch
|
|-weather|Sandstorm|[upkeep]
|upkeep
|
|t:|1662668355
|switch|p1a: Weavile|Weavile, M|35/100
|-ability|p1a: Weavile|Pressure
|turn|24
|
|t:|1662668359
|switch|p2a: 50 cent|Buzzwole|71/100
|move|p1a: Weavile|Ice Shard|p2a: 50 cent
|-damage|p2a: 50 cent|53/100
|
|-weather|Sandstorm|[upkeep]
|-damage|p1a: Weavile|29/100|[from] Sandstorm
|-damage|p2a: 50 cent|46/100|[from] Sandstorm
|upkeep
|turn|25
|
|t:|1662668360
|switch|p1a: Tangrowth|Tangrowth, M|90/100
|move|p2a: 50 cent|Drain Punch|p1a: Tangrowth
|-damage|p1a: Tangrowth|66/100
|-heal|p2a: 50 cent|58/100|[from] drain|[of] p1a: Tangrowth
|-damage|p2a: 50 cent|42/100|[from] item: Rocky Helmet|[of] p1a: Tangrowth
|
|-weather|none
|upkeep
|turn|26
|
|t:|1662668362
|move|p2a: 50 cent|Leech Life|p1a: Tangrowth
|-supereffective|p1a: Tangrowth
|-damage|p1a: Tangrowth|14/100
|-heal|p2a: 50 cent|68/100|[from] drain|[of] p1a: Tangrowth
|-damage|p2a: 50 cent|51/100|[from] item: Rocky Helmet|[of] p1a: Tangrowth
|move|p1a: Tangrowth|Giga Drain|p2a: 50 cent
|-resisted|p2a: 50 cent
|-damage|p2a: 50 cent|31/100
|-heal|p1a: Tangrowth|24/100|[from] drain|[of] p2a: 50 cent
|
|upkeep
|turn|27
|
|t:|1662668365
|switch|p1a: Heatran|Heatran, M|76/100
|move|p2a: 50 cent|Leech Life|p1a: Heatran
|-resisted|p1a: Heatran
|-damage|p1a: Heatran|64/100
|-heal|p2a: 50 cent|35/100|[from] drain|[of] p1a: Heatran
|
|upkeep
|turn|28
|
|t:|1662668367
|switch|p2a: big pun|Hippowdon, M|100/100
|-weather|Sandstorm|[from] ability: Sand Stream|[of] p2a: big pun
|move|p1a: Heatran|Magma Storm|p2a: big pun
|-damage|p2a: big pun|50/100
|-activate|p2a: big pun|move: Magma Storm|[of] p1a: Heatran
|
|-weather|Sandstorm|[upkeep]
|-damage|p2a: big pun|37/100|[from] move: Magma Storm|[partiallytrapped]
|upkeep
|turn|29
|
|t:|1662668371
|move|p1a: Heatran|Magma Storm|p2a: big pun
|-damage|p2a: big pun|0 fnt
|faint|p2a: big pun
|
|-weather|Sandstorm|[upkeep]
|upkeep
|
|t:|1662668374
|switch|p2a: po and dangerous|Dracozolt|100/100
|turn|30
|
|t:|1662668376
|switch|p1a: Weavile|Weavile, M|29/100
|-ability|p1a: Weavile|Pressure
|move|p2a: po and dangerous|Earthquake|p1a: Weavile
|-damage|p1a: Weavile|0 fnt
|faint|p1a: Weavile
|-damage|p2a: po and dangerous|91/100|[from] item: Life Orb
|
|-weather|Sandstorm|[upkeep]
|upkeep
|
|t:|1662668376
|switch|p1a: Tangrowth|Tangrowth, M|57/100
|turn|31
|
|t:|1662668377
|switch|p1a: Heatran|Heatran, M|64/100
|move|p2a: po and dangerous|Fire Blast|p1a: Heatran
|-start|p1a: Heatran|ability: Flash Fire
|
|-weather|Sandstorm|[upkeep]
|upkeep
|turn|32
|
|t:|1662668379
|move|p2a: po and dangerous|Earthquake|p1a: Heatran
|-supereffective|p1a: Heatran
|-damage|p1a: Heatran|0 fnt
|faint|p1a: Heatran
|-damage|p2a: po and dangerous|81/100|[from] item: Life Orb
|
|-weather|Sandstorm|[upkeep]
|upkeep
|
|t:|1662668379
|switch|p1a: Tangrowth|Tangrowth, M|90/100
|turn|33
|
|t:|1662668381
|move|p2a: po and dangerous|Fire Blast|p1a: Tangrowth
|-supereffective|p1a: Tangrowth
|-damage|p1a: Tangrowth|0 fnt
|faint|p1a: Tangrowth
|-damage|p2a: po and dangerous|71/100|[from] item: Life Orb
|
|win|samohi0
|raw|minimax_ai's rating: 1601 &rarr; <strong>1578</strong><br />(-23 for losing)
|raw|samohi0's rating: 1550 &rarr; <strong>1573</strong><br />(+23 for winning)
|c|☆minimax_ai|gg
