|j|☆LT93OQ Futility
|j|☆tanishq1
|t:|1660423629
|gametype|singles
|player|p1|LT93OQ Futility|cynthia-gen4|1724
|player|p2|tanishq1|265|1671
|teamsize|p1|6
|teamsize|p2|6
|gen|8
|tier|[Gen 8] OU
|rated|
|rule|Sleep Clause Mod: Limit one foe put to sleep
|rule|Species Clause: Limit one of each Pokémon
|rule|OHKO Clause: OHKO moves are banned
|rule|Evasion Items Clause: Evasion items are banned
|rule|Evasion Moves Clause: Evasion moves are banned
|rule|Endless Battle Clause: Forcing endless battles is banned
|rule|HP Percentage Mod: HP is shown in percentages
|rule|Dynamax Clause: You cannot dynamax
|clearpoke
|poke|p1|Heatran, M|
|poke|p1|Slowbro, F|
|poke|p1|Tornadus-Therian, M|
|poke|p1|Tapu Lele|
|poke|p1|Garchomp, M|
|poke|p1|Urshifu-*, F|
|poke|p2|Urshifu-*, F|
|poke|p2|Tyranitar, M|
|poke|p2|Excadrill, M|
|poke|p2|Zapdos|
|poke|p2|Ferrothorn, M|
|poke|p2|Tapu Lele|
|teampreview
|inactive|Battle timer is ON: inactive players will automatically lose when time's up. (requested by LT93OQ Futility)
|
|t:|1660423653
|start
|switch|p1a: Urshifu|Urshifu-Rapid-Strike, F|100/100
|switch|p2a: Tapu Lele|Tapu Lele, shiny|100/100
|-fieldstart|move: Psychic Terrain|[from] ability: Psychic Surge|[of] p2a: Tapu Lele
|turn|1
|inactive|LT93OQ Futility has 120 seconds left.
|j| Smash Time steez
|
|t:|1660423698
|switch|p1a: Heatran|Heatran, M|100/100
|move|p2a: Tapu Lele|Moonblast|p1a: Heatran
|-resisted|p1a: Heatran
|-damage|p1a: Heatran|93/100
|-unboost|p1a: Heatran|spa|1
|
|-heal|p1a: Heatran|99/100|[from] item: Leftovers
|upkeep
|turn|2
|
|t:|1660423705
|switch|p2a: Tyranitar|Tyranitar, M|100/100
|-weather|Sandstorm|[from] ability: Sand Stream|[of] p2a: Tyranitar
|move|p1a: Heatran|Stealth Rock|p2a: Tyranitar
|-sidestart|p2: tanishq1|move: Stealth Rock
|
|-weather|Sandstorm|[upkeep]
|-heal|p1a: Heatran|100/100|[from] item: Leftovers
|upkeep
|turn|3
|inactive|LT93OQ Futility has 120 seconds left.
|j| gengarmacho
|l| gengarmacho
|
|t:|1660423725
|switch|p1a: Urshifu|Urshifu-Rapid-Strike, F|100/100
|move|p2a: Tyranitar|Ice Punch|p1a: Urshifu
|-resisted|p1a: Urshifu
|-damage|p1a: Urshifu|77/100
|
|-weather|Sandstorm|[upkeep]
|-damage|p1a: Urshifu|71/100|[from] Sandstorm
|upkeep
|turn|4
|inactive|LT93OQ Futility has 90 seconds left.
|
|t:|1660423756
|switch|p1a: Heatran|Heatran, M|100/100
|switch|p2a: Ferrothorn|Ferrothorn, M|100/100
|-damage|p2a: Ferrothorn|95/100|[from] Stealth Rock
|
|-weather|Sandstorm|[upkeep]
|-heal|p2a: Ferrothorn|100/100|[from] item: Leftovers
|upkeep
|turn|5
|
|t:|1660423762
|switch|p2a: Urshifu|Urshifu-Rapid-Strike, F|100/100
|-damage|p2a: Urshifu|94/100|[from] Stealth Rock
|move|p1a: Heatran|Magma Storm|p2a: Urshifu
|-resisted|p2a: Urshifu
|-damage|p2a: Urshifu|62/100
|-activate|p2a: Urshifu|move: Magma Storm|[of] p1a: Heatran
|
|-weather|Sandstorm|[upkeep]
|-damage|p2a: Urshifu|56/100|[from] Sandstorm
|-damage|p2a: Urshifu|43/100|[from] move: Magma Storm|[partiallytrapped]
|-fieldend|move: Psychic Terrain
|upkeep
|turn|6
|inactive|LT93OQ Futility has 90 seconds left.
|
|t:|1660423779
|switch|p1a: Slowbro|Slowbro, F|100/100
|move|p2a: Urshifu|Surging Strikes|p1a: Slowbro
|-resisted|p1a: Slowbro
|-crit|p1a: Slowbro
|-damage|p1a: Slowbro|94/100
|-resisted|p1a: Slowbro
|-crit|p1a: Slowbro
|-damage|p1a: Slowbro|88/100
|-resisted|p1a: Slowbro
|-crit|p1a: Slowbro
|-damage|p1a: Slowbro|83/100
|-hitcount|p1a: Slowbro|3
|
|-weather|none
|-end|p2a: Urshifu|Magma Storm|[partiallytrapped]|[silent]
|upkeep
|turn|7
|
|t:|1660423793
|move|p2a: Urshifu|Taunt|p1a: Slowbro
|-start|p1a: Slowbro|move: Taunt
|cant|p1a: Slowbro|move: Taunt|Teleport
|
|upkeep
|turn|8
|
|t:|1660423802
|move|p2a: Urshifu|U-turn|p1a: Slowbro
|-supereffective|p1a: Slowbro
|-damage|p1a: Slowbro|56/100
|
|t:|1660423821
|switch|p2a: Tyranitar|Tyranitar, M|100/100|[from]move: U-turn
|-damage|p2a: Tyranitar|88/100|[from] Stealth Rock
|-weather|Sandstorm|[from] ability: Sand Stream|[of] p2a: Tyranitar
|move|p1a: Slowbro|Scald|p2a: Tyranitar
|-supereffective|p2a: Tyranitar
|-damage|p2a: Tyranitar|52/100
|-status|p2a: Tyranitar|brn
|
|-weather|Sandstorm|[upkeep]
|-damage|p1a: Slowbro|50/100|[from] Sandstorm
|-damage|p2a: Tyranitar|46/100 brn|[from] brn
|upkeep
|turn|9
|
|t:|1660423833
|switch|p1a: Urshifu|Urshifu-Rapid-Strike, F|71/100
|move|p2a: Tyranitar|Crunch|p1a: Urshifu
|-resisted|p1a: Urshifu
|-damage|p1a: Urshifu|53/100
|
|-weather|Sandstorm|[upkeep]
|-damage|p1a: Urshifu|47/100|[from] Sandstorm
|-damage|p2a: Tyranitar|40/100 brn|[from] brn
|upkeep
|turn|10
|
|t:|1660423845
|move|p1a: Urshifu|U-turn|p2a: Tyranitar
|-supereffective|p2a: Tyranitar
|-damage|p2a: Tyranitar|0 fnt
|faint|p2a: Tyranitar
|
|t:|1660423861
|switch|p1a: Garchomp|Garchomp, M|100/100|[from]move: U-turn
|
|-weather|Sandstorm|[upkeep]
|upkeep
|
|t:|1660423867
|switch|p2a: Tapu Lele|Tapu Lele, shiny|100/100
|-damage|p2a: Tapu Lele|88/100|[from] Stealth Rock
|-fieldstart|move: Psychic Terrain|[from] ability: Psychic Surge|[of] p2a: Tapu Lele
|turn|11
|j| Twenty Congress
|
|t:|1660423871
|switch|p1a: Tornadus|Tornadus-Therian, M|100/100
|move|p2a: Tapu Lele|Focus Blast|p1a: Tornadus|[miss]
|-miss|p2a: Tapu Lele|p1a: Tornadus
|
|-weather|Sandstorm|[upkeep]
|-damage|p2a: Tapu Lele|82/100|[from] Sandstorm
|-damage|p1a: Tornadus|94/100|[from] Sandstorm
|upkeep
|turn|12
|-message|tanishq1 forfeited.
|
|win|LT93OQ Futility
|raw|LT93OQ Futility's rating: 1724 &rarr; <strong>1740</strong><br />(+16 for winning)
|raw|tanishq1's rating: 1657 &rarr; <strong>1641</strong><br />(-16 for losing)
|l|☆tanishq1
|l| Twenty Congress
||Ladder isn't responding, score probably updated but might not have (Request timeout).
