|j|☆OUTW Diamond
|j|☆Mickey m
|t:|1609095008
|player|p1|OUTW Diamond|winona-gen6|1579
|player|p2|Mickey m|hilbert-dueldisk|1584
|teamsize|p1|6
|teamsize|p2|6
|gametype|singles
|gen|8
|tier|[Gen 8] OU
|rated|
|clearpoke
|poke|p1|Tornadus-Therian, M|
|poke|p1|Pelipper, M|
|poke|p1|Seismitoad, M|
|poke|p1|Crawdaunt, F|
|poke|p1|Ferrothorn, M|
|poke|p1|Magearna-Original|
|poke|p2|Dragonite, M|
|poke|p2|Zapdos|
|poke|p2|Urshifu-*, F|
|poke|p2|Cinderace, F|
|poke|p2|Garchomp, M|
|poke|p2|Dragapult, M|
|rule|Sleep Clause Mod: Limit one foe put to sleep
|rule|Species Clause: Limit one of each Pokémon
|rule|OHKO Clause: OHKO moves are banned
|rule|Evasion Moves Clause: Evasion moves are banned
|rule|Endless Battle Clause: Forcing endless battles is banned
|rule|HP Percentage Mod: HP is shown in percentages
|rule|Dynamax Clause: You cannot dynamax
|teampreview
|
|t:|1609095019
|start
|switch|p1a: Magearna|Magearna-Original|100/100
|switch|p2a: Garchomp|Garchomp, M|100/100
|turn|1
|inactive|Battle timer is ON: inactive players will automatically lose when time's up. (requested by Mickey m)
|inactive|OUTW Diamond also wants the timer to be on.
|
|t:|1609095038
|switch|p2a: Zapdos|Zapdos|100/100
|switch|p1a: Pelipper|Pelipper, M|100/100
|-weather|RainDance|[from] ability: Drizzle|[of] p1a: Pelipper
|
|-weather|RainDance|[upkeep]
|upkeep
|turn|2
|
|t:|1609095047
|switch|p2a: Garchomp|Garchomp, M|100/100
|switch|p1a: Seismitoad|Seismitoad, M|100/100
|
|-weather|RainDance|[upkeep]
|upkeep
|turn|3
|
|t:|1609095058
|move|p1a: Seismitoad|Weather Ball|p2a: Garchomp
|-damage|p2a: Garchomp|4/100
|move|p2a: Garchomp|Earthquake|p1a: Seismitoad
|-damage|p1a: Seismitoad|40/100
|
|-weather|RainDance|[upkeep]
|upkeep
|turn|4
|
|t:|1609095065
|move|p1a: Seismitoad|Weather Ball|p2a: Garchomp
|-damage|p2a: Garchomp|0 fnt
|faint|p2a: Garchomp
|
|-weather|RainDance|[upkeep]
|upkeep
|
|t:|1609095075
|switch|p2a: Urshifu|Urshifu, F|100/100
|turn|5
|
|t:|1609095085
|switch|p1a: Magearna|Magearna-Original|100/100
|move|p2a: Urshifu|Sucker Punch||[still]
|-fail|p2a: Urshifu
|
|-weather|RainDance|[upkeep]
|upkeep
|turn|6
|
|t:|1609095092
|switch|p2a: Zapdos|Zapdos|100/100
|move|p1a: Magearna|Fleur Cannon|p2a: Zapdos
|-damage|p2a: Zapdos|0 fnt
|-unboost|p1a: Magearna|spa|2
|faint|p2a: Zapdos
|-ability|p1a: Magearna|Soul-Heart|boost
|-boost|p1a: Magearna|spa|1
|
|-weather|RainDance|[upkeep]
|upkeep
|
|t:|1609095102
|switch|p2a: Dragonite|Dragonite, M|100/100
|turn|7
|
|t:|1609095123
|move|p2a: Dragonite|Earthquake|p1a: Magearna
|-supereffective|p1a: Magearna
|-damage|p1a: Magearna|35/100
|move|p1a: Magearna|Fleur Cannon|p2a: Dragonite
|-supereffective|p2a: Dragonite
|-damage|p2a: Dragonite|23/100
|-unboost|p1a: Magearna|spa|2
|-enditem|p2a: Dragonite|Weakness Policy
|-boost|p2a: Dragonite|atk|2|[from] item: Weakness Policy
|-boost|p2a: Dragonite|spa|2|[from] item: Weakness Policy
|
|-weather|RainDance|[upkeep]
|upkeep
|turn|8
|
|t:|1609095139
|move|p2a: Dragonite|Earthquake|p1a: Magearna
|-supereffective|p1a: Magearna
|-damage|p1a: Magearna|0 fnt
|faint|p1a: Magearna
|
|-weather|none
|upkeep
|inactive|OUTW Diamond has 120 seconds left.
|
|t:|1609095173
|switch|p1a: Pelipper|Pelipper, M|100/100
|-weather|RainDance|[from] ability: Drizzle|[of] p1a: Pelipper
|turn|9
|
|t:|1609095183
|move|p2a: Dragonite|Dragon Claw|p1a: Pelipper
|-damage|p1a: Pelipper|31/100
|move|p1a: Pelipper|Hurricane|p2a: Dragonite
|-damage|p2a: Dragonite|0 fnt
|faint|p2a: Dragonite
|
|-weather|RainDance|[upkeep]
|upkeep
|
|t:|1609095194
|switch|p2a: Cinderace|Cinderace, F|100/100
|turn|10
|inactive|OUTW Diamond has 120 seconds left.
|
|t:|1609095229
|move|p2a: Cinderace|Sucker Punch|p1a: Pelipper
|-start|p2a: Cinderace|typechange|Dark|[from] ability: Libero
|-damage|p1a: Pelipper|0 fnt
|-damage|p2a: Cinderace|91/100|[from] item: Life Orb
|faint|p1a: Pelipper
|
|-weather|RainDance|[upkeep]
|upkeep
|
|t:|1609095231
|switch|p1a: Seismitoad|Seismitoad, M|40/100
|turn|11
|
|t:|1609095247
|move|p2a: Cinderace|Sucker Punch|p1a: Seismitoad
|-damage|p1a: Seismitoad|0 fnt
|-damage|p2a: Cinderace|81/100|[from] item: Life Orb
|faint|p1a: Seismitoad
|
|-weather|RainDance|[upkeep]
|upkeep
|
|t:|1609095255
|switch|p1a: Tornadus|Tornadus-Therian, M|100/100
|turn|12
|
|t:|1609095259
|move|p2a: Cinderace|Sucker Punch|p1a: Tornadus
|-damage|p1a: Tornadus|38/100
|-damage|p2a: Cinderace|71/100|[from] item: Life Orb
|move|p1a: Tornadus|Hurricane|p2a: Cinderace
|-damage|p2a: Cinderace|0 fnt
|faint|p2a: Cinderace
|
|-weather|RainDance|[upkeep]
|upkeep
|
|t:|1609095271
|switch|p2a: Dragapult|Dragapult, M|100/100
|turn|13
|
|t:|1609095281
|switch|p2a: Urshifu|Urshifu, F|100/100
|switch|p1a: Ferrothorn|Ferrothorn, M|100/100
|
|-weather|RainDance|[upkeep]
|upkeep
|turn|14
|
|t:|1609095291
|move|p2a: Urshifu|Bulk Up|p2a: Urshifu
|-boost|p2a: Urshifu|atk|1
|-boost|p2a: Urshifu|def|1
|move|p1a: Ferrothorn|Power Whip|p2a: Urshifu
|-damage|p2a: Urshifu|73/100
|
|-weather|RainDance|[upkeep]
|upkeep
|turn|15
|
|t:|1609095299
|move|p2a: Urshifu|Close Combat|p1a: Ferrothorn
|-supereffective|p1a: Ferrothorn
|-enditem|p1a: Ferrothorn|Chople Berry|[eat]
|-enditem|p1a: Ferrothorn|Chople Berry|[weaken]
|-damage|p1a: Ferrothorn|13/100
|-unboost|p2a: Urshifu|def|1
|-unboost|p2a: Urshifu|spd|1
|-damage|p2a: Urshifu|61/100|[from] ability: Iron Barbs|[of] p1a: Ferrothorn
|-damage|p2a: Urshifu|51/100|[from] item: Life Orb
|move|p1a: Ferrothorn|Toxic|p2a: Urshifu
|-status|p2a: Urshifu|tox
|
|-weather|RainDance|[upkeep]
|-damage|p2a: Urshifu|44/100 tox|[from] psn
|upkeep
|turn|16
|j| Vessev
|
|t:|1609095312
|move|p2a: Urshifu|Close Combat|p1a: Ferrothorn
|-supereffective|p1a: Ferrothorn
|-damage|p1a: Ferrothorn|0 fnt
|-unboost|p2a: Urshifu|def|1
|-unboost|p2a: Urshifu|spd|1
|-damage|p2a: Urshifu|32/100 tox|[from] ability: Iron Barbs|[of] p1a: Ferrothorn
|-damage|p2a: Urshifu|22/100 tox|[from] item: Life Orb
|faint|p1a: Ferrothorn
|
|-weather|none
|-damage|p2a: Urshifu|10/100 tox|[from] psn
|upkeep
|
|t:|1609095314
|switch|p1a: Crawdaunt|Crawdaunt, F|100/100
|turn|17
|
|t:|1609095324
|move|p2a: Urshifu|Sucker Punch|p1a: Crawdaunt
|-resisted|p1a: Crawdaunt
|-damage|p1a: Crawdaunt|52/100
|-damage|p2a: Urshifu|0 fnt|[from] item: Life Orb
|faint|p2a: Urshifu
|move|p1a: Crawdaunt|Aqua Jet|p2: Urshifu|[notarget]
|-fail|p1a: Crawdaunt
|
|upkeep
|
|t:|1609095332
|switch|p2a: Dragapult|Dragapult, M|100/100
|turn|18
|
|t:|1609095335
|move|p1a: Crawdaunt|Aqua Jet|p2a: Dragapult
|-resisted|p2a: Dragapult
|-damage|p2a: Dragapult|71/100
|move|p2a: Dragapult|Dragon Darts|p1a: Crawdaunt
|-damage|p1a: Crawdaunt|10/100
|-anim|p2a: Dragapult|Dragon Darts|p1a: Crawdaunt
|-damage|p1a: Crawdaunt|0 fnt
|faint|p1a: Crawdaunt
|
|-heal|p2a: Dragapult|77/100|[from] item: Leftovers
|upkeep
|
|t:|1609095338
|switch|p1a: Tornadus|Tornadus-Therian, M|71/100
|turn|19
|
|t:|1609095351
|move|p2a: Dragapult|Dragon Darts|p1a: Tornadus
|-damage|p1a: Tornadus|34/100
|-anim|p2a: Dragapult|Dragon Darts|p1a: Tornadus
|-damage|p1a: Tornadus|0 fnt
|faint|p1a: Tornadus
|
|win|Mickey m
|c|☆Mickey m|gg
|c|☆OUTW Diamond|gg
|c|☆Mickey m|your team is really strog
|raw|OUTW Diamond's rating: 1579 &rarr; <strong>1559</strong><br />(-20 for losing)
|raw|Mickey m's rating: 1584 &rarr; <strong>1603</strong><br />(+19 for winning)
|c|☆Mickey m|magerna scared me
|l|☆Mickey m
|c|☆OUTW Diamond|yeah
