|j|☆bowszn
|j|☆noudle soop
|t:|1636437363
|gametype|singles
|player|p1|bowszn|2|1671
|player|p2|noudle soop|sailor|1855
|teamsize|p1|6
|teamsize|p2|6
|gen|8
|tier|[Gen 8] OU
|rated|
|rule|Sleep Clause Mod: Limit one foe put to sleep
|rule|Species Clause: Limit one of each Pokémon
|rule|OHKO Clause: OHKO moves are banned
|rule|Evasion Moves Clause: Evasion moves are banned
|rule|Endless Battle Clause: Forcing endless battles is banned
|rule|HP Percentage Mod: HP is shown in percentages
|rule|Dynamax Clause: You cannot dynamax
|clearpoke
|poke|p1|Heatran, F|
|poke|p1|Dragapult, M|
|poke|p1|Mandibuzz, F|
|poke|p1|Tapu Fini|
|poke|p1|Weavile, M|
|poke|p1|Gastrodon-East, F|
|poke|p2|Rhyperior, M|
|poke|p2|Heatran, M|
|poke|p2|Rillaboom, M|
|poke|p2|Tapu Fini|
|poke|p2|Melmetal|
|poke|p2|Landorus-Therian, M|
|teampreview
|inactive|Battle timer is ON: inactive players will automatically lose when time's up. (requested by noudle soop)
|
|t:|1636437382
|start
|switch|p1a: Tapu Fini|Tapu Fini|100/100
|switch|p2a: Rillaboom|Rillaboom, M|100/100
|-fieldstart|move: Misty Terrain|[from] ability: Misty Surge|[of] p1a: Tapu Fini
|-fieldstart|move: Grassy Terrain|[from] ability: Grassy Surge|[of] p2a: Rillaboom
|turn|1
|
|t:|1636437400
|switch|p1a: Mandibuzz|Mandibuzz, F|100/100
|move|p2a: Rillaboom|U-turn|p1a: Mandibuzz
|-damage|p1a: Mandibuzz|70/100
|
|t:|1636437418
|switch|p2a: Heatran|Heatran, M, shiny|100/100|[from]move: U-turn
|
|upkeep
|turn|2
|
|t:|1636437422
|switch|p1a: Tapu Fini|Tapu Fini|100/100
|-fieldstart|move: Misty Terrain|[from] ability: Misty Surge|[of] p1a: Tapu Fini
|move|p2a: Heatran|Magma Storm|p1a: Tapu Fini|[miss]
|-miss|p2a: Heatran|p1a: Tapu Fini
|
|upkeep
|turn|3
|
|t:|1636437427
|switch|p2a: Rillaboom|Rillaboom, M|100/100
|-fieldstart|move: Grassy Terrain|[from] ability: Grassy Surge|[of] p2a: Rillaboom
|move|p1a: Tapu Fini|Trick|p2a: Rillaboom
|-activate|p1a: Tapu Fini|move: Trick|[of] p2a: Rillaboom
|-item|p2a: Rillaboom|Choice Scarf|[from] move: Trick
|-item|p1a: Tapu Fini|Choice Band|[from] move: Trick
|
|upkeep
|turn|4
|
|t:|1636437438
|move|p2a: Rillaboom|U-turn|p1a: Tapu Fini
|-resisted|p1a: Tapu Fini
|-crit|p1a: Tapu Fini
|-damage|p1a: Tapu Fini|86/100
|
|t:|1636437440
|switch|p2a: Melmetal|Melmetal|100/100|[from]move: U-turn
|move|p1a: Tapu Fini|Trick|p2a: Melmetal
|-activate|p1a: Tapu Fini|move: Trick|[of] p2a: Melmetal
|-item|p2a: Melmetal|Choice Band|[from] move: Trick
|-item|p1a: Tapu Fini|Assault Vest|[from] move: Trick
|
|-heal|p1a: Tapu Fini|92/100|[from] Grassy Terrain
|upkeep
|turn|5
|
|t:|1636437448
|switch|p1a: Gastrodon|Gastrodon-East, F|100/100
|move|p2a: Melmetal|Superpower|p1a: Gastrodon
|-damage|p1a: Gastrodon|36/100
|-unboost|p2a: Melmetal|atk|1
|-unboost|p2a: Melmetal|def|1
|
|-heal|p1a: Gastrodon|42/100|[from] Grassy Terrain
|-heal|p1a: Gastrodon|48/100|[from] item: Leftovers
|upkeep
|turn|6
|
|t:|1636437457
|switch|p1a: Dragapult|Dragapult, M|100/100
|move|p2a: Melmetal|Superpower|p1a: Dragapult
|-immune|p1a: Dragapult
|
|upkeep
|turn|7
|
|t:|1636437477
|switch|p2a: Tapu Fini|Tapu Fini|100/100
|-fieldstart|move: Misty Terrain|[from] ability: Misty Surge|[of] p2a: Tapu Fini
|move|p1a: Dragapult|Shadow Ball|p2a: Tapu Fini
|-damage|p2a: Tapu Fini|51/100
|
|upkeep
|turn|8
|
|t:|1636437491
|switch|p2a: Rillaboom|Rillaboom, M|100/100
|-fieldstart|move: Grassy Terrain|[from] ability: Grassy Surge|[of] p2a: Rillaboom
|switch|p1a: Heatran|Heatran, F, shiny|100/100
|
|upkeep
|turn|9
|
|t:|1636437497
|move|p2a: Rillaboom|U-turn|p1a: Heatran
|-resisted|p1a: Heatran
|-damage|p1a: Heatran|95/100
|
|t:|1636437500
|switch|p2a: Rhyperior|Rhyperior, M|100/100|[from]move: U-turn
|move|p1a: Heatran|Stealth Rock|p2a: Rhyperior
|-sidestart|p2: noudle soop|move: Stealth Rock
|
|-heal|p1a: Heatran|100/100|[from] Grassy Terrain
|upkeep
|turn|10
|
|t:|1636437505
|switch|p1a: Tapu Fini|Tapu Fini|92/100
|-fieldstart|move: Misty Terrain|[from] ability: Misty Surge|[of] p1a: Tapu Fini
|move|p2a: Rhyperior|Stealth Rock|p1a: Tapu Fini
|-sidestart|p1: bowszn|move: Stealth Rock
|
|upkeep
|turn|11
|
|t:|1636437513
|switch|p2a: Melmetal|Melmetal|100/100
|-damage|p2a: Melmetal|94/100|[from] Stealth Rock
|move|p1a: Tapu Fini|Moonblast|p2a: Melmetal
|-resisted|p2a: Melmetal
|-damage|p2a: Melmetal|78/100
|
|upkeep
|turn|12
|
|t:|1636437520
|move|p1a: Tapu Fini|Surf|p2a: Melmetal
|-damage|p2a: Melmetal|48/100
|move|p2a: Melmetal|Superpower|p1a: Tapu Fini
|-resisted|p1a: Tapu Fini
|-damage|p1a: Tapu Fini|64/100
|-unboost|p2a: Melmetal|atk|1
|-unboost|p2a: Melmetal|def|1
|
|upkeep
|turn|13
|
|t:|1636437526
|switch|p2a: Rillaboom|Rillaboom, M|100/100
|-damage|p2a: Rillaboom|88/100|[from] Stealth Rock
|-fieldstart|move: Grassy Terrain|[from] ability: Grassy Surge|[of] p2a: Rillaboom
|move|p1a: Tapu Fini|Moonblast|p2a: Rillaboom
|-damage|p2a: Rillaboom|47/100
|
|-heal|p2a: Rillaboom|54/100|[from] Grassy Terrain
|-heal|p1a: Tapu Fini|70/100|[from] Grassy Terrain
|upkeep
|turn|14
|j| leldie
|
|t:|1636437534
|switch|p1a: Mandibuzz|Mandibuzz, F|70/100
|move|p2a: Rillaboom|U-turn|p1a: Mandibuzz
|-damage|p1a: Mandibuzz|49/100
|
|t:|1636437538
|switch|p2a: Rhyperior|Rhyperior, M|100/100|[from]move: U-turn
|-damage|p2a: Rhyperior|94/100|[from] Stealth Rock
|
|-heal|p2a: Rhyperior|100/100|[from] Grassy Terrain
|upkeep
|turn|15
|j| Ctannn
|
|t:|1636437547
|move|p1a: Mandibuzz|Roost|p1a: Mandibuzz
|-heal|p1a: Mandibuzz|99/100
|-singleturn|p1a: Mandibuzz|move: Roost
|move|p2a: Rhyperior|Stone Edge|p1a: Mandibuzz
|-damage|p1a: Mandibuzz|51/100
|
|-heal|p1a: Mandibuzz|57/100|[from] Grassy Terrain
|upkeep
|turn|16
|
|t:|1636437554
|move|p1a: Mandibuzz|Roost|p1a: Mandibuzz
|-heal|p1a: Mandibuzz|100/100
|-singleturn|p1a: Mandibuzz|move: Roost
|move|p2a: Rhyperior|Stone Edge|p1a: Mandibuzz
|-damage|p1a: Mandibuzz|56/100
|
|-heal|p1a: Mandibuzz|62/100|[from] Grassy Terrain
|upkeep
|turn|17
|
|t:|1636437562
|switch|p2a: Heatran|Heatran, M, shiny|100/100
|-damage|p2a: Heatran|88/100|[from] Stealth Rock
|move|p1a: Mandibuzz|Roost|p1a: Mandibuzz
|-heal|p1a: Mandibuzz|100/100
|-singleturn|p1a: Mandibuzz|move: Roost
|
|-heal|p2a: Heatran|94/100|[from] Grassy Terrain
|-fieldend|move: Grassy Terrain
|upkeep
|turn|18
|
|t:|1636437569
|move|p2a: Heatran|Magma Storm|p1a: Mandibuzz
|-damage|p1a: Mandibuzz|67/100
|-activate|p1a: Mandibuzz|move: Magma Storm|[of] p2a: Heatran
|move|p1a: Mandibuzz|U-turn|p2a: Heatran
|-resisted|p2a: Heatran
|-damage|p2a: Heatran|92/100
|
|t:|1636437575
|switch|p1a: Tapu Fini|Tapu Fini|70/100|[from]move: U-turn
|-damage|p1a: Tapu Fini|58/100|[from] Stealth Rock
|-fieldstart|move: Misty Terrain|[from] ability: Misty Surge|[of] p1a: Tapu Fini
|
|upkeep
|turn|19
|
|t:|1636437581
|switch|p2a: Melmetal|Melmetal|48/100
|-damage|p2a: Melmetal|42/100|[from] Stealth Rock
|move|p1a: Tapu Fini|Surf|p2a: Melmetal
|-damage|p2a: Melmetal|11/100
|
|upkeep
|turn|20
|
|t:|1636437583
|move|p1a: Tapu Fini|Surf|p2a: Melmetal
|-damage|p2a: Melmetal|0 fnt
|faint|p2a: Melmetal
|
|upkeep
|
|t:|1636437587
|switch|p2a: Rillaboom|Rillaboom, M|54/100
|-damage|p2a: Rillaboom|41/100|[from] Stealth Rock
|-fieldstart|move: Grassy Terrain|[from] ability: Grassy Surge|[of] p2a: Rillaboom
|turn|21
|
|t:|1636437597
|switch|p1a: Heatran|Heatran, F, shiny|100/100
|-damage|p1a: Heatran|88/100|[from] Stealth Rock
|move|p2a: Rillaboom|U-turn|p1a: Heatran
|-resisted|p1a: Heatran
|-damage|p1a: Heatran|82/100
|
|t:|1636437599
|switch|p2a: Rhyperior|Rhyperior, M|100/100|[from]move: U-turn
|-damage|p2a: Rhyperior|94/100|[from] Stealth Rock
|
|-heal|p1a: Heatran|89/100|[from] Grassy Terrain
|-heal|p1a: Heatran|95/100|[from] item: Leftovers
|-heal|p2a: Rhyperior|100/100|[from] Grassy Terrain
|upkeep
|turn|22
|
|t:|1636437612
|move|p1a: Heatran|Earth Power|p2a: Rhyperior
|-supereffective|p2a: Rhyperior
|-damage|p2a: Rhyperior|45/100
|move|p2a: Rhyperior|Stone Edge|p1a: Heatran
|-damage|p1a: Heatran|41/100
|
|-heal|p1a: Heatran|47/100|[from] Grassy Terrain
|-heal|p1a: Heatran|53/100|[from] item: Leftovers
|-heal|p2a: Rhyperior|51/100|[from] Grassy Terrain
|-heal|p2a: Rhyperior|57/100|[from] item: Leftovers
|upkeep
|turn|23
|
|t:|1636437618
|move|p1a: Heatran|Earth Power|p2a: Rhyperior
|-supereffective|p2a: Rhyperior
|-damage|p2a: Rhyperior|0 fnt
|faint|p2a: Rhyperior
|
|-heal|p1a: Heatran|59/100|[from] Grassy Terrain
|-heal|p1a: Heatran|66/100|[from] item: Leftovers
|upkeep
|
|t:|1636437622
|switch|p2a: Heatran|Heatran, M, shiny|92/100
|-damage|p2a: Heatran|79/100|[from] Stealth Rock
|turn|24
|
|t:|1636437634
|switch|p1a: Mandibuzz|Mandibuzz, F|67/100
|move|p2a: Heatran|Earth Power|p1a: Mandibuzz
|-immune|p1a: Mandibuzz
|
|-heal|p2a: Heatran|85/100|[from] Grassy Terrain
|upkeep
|turn|25
|
|t:|1636437638
|move|p2a: Heatran|Taunt|p1a: Mandibuzz
|-start|p1a: Mandibuzz|move: Taunt
|cant|p1a: Mandibuzz|move: Taunt|Roost
|
|-heal|p2a: Heatran|92/100|[from] Grassy Terrain
|-fieldend|move: Grassy Terrain
|upkeep
|turn|26
|
|t:|1636437640
|move|p2a: Heatran|Magma Storm|p1a: Mandibuzz
|-damage|p1a: Mandibuzz|28/100
|-activate|p1a: Mandibuzz|move: Magma Storm|[of] p2a: Heatran
|move|p1a: Mandibuzz|U-turn|p2a: Heatran
|-resisted|p2a: Heatran
|-damage|p2a: Heatran|88/100
|
|t:|1636437655
|switch|p1a: Tapu Fini|Tapu Fini|58/100|[from]move: U-turn
|-damage|p1a: Tapu Fini|46/100|[from] Stealth Rock
|-fieldstart|move: Misty Terrain|[from] ability: Misty Surge|[of] p1a: Tapu Fini
|
|upkeep
|turn|27
|
|t:|1636437667
|move|p2a: Heatran|Solar Beam||[still]
|-prepare|p2a: Heatran|Solar Beam
|-enditem|p2a: Heatran|Power Herb
|-anim|p2a: Heatran|Solar Beam|p1a: Tapu Fini
|-supereffective|p1a: Tapu Fini
|-damage|p1a: Tapu Fini|0 fnt
|faint|p1a: Tapu Fini
|
|upkeep
|
|t:|1636437696
|switch|p1a: Dragapult|Dragapult, M|100/100
|-damage|p1a: Dragapult|88/100|[from] Stealth Rock
|turn|28
|j| Chunky ye ye bunch
|
|t:|1636437715
|move|p1a: Dragapult|Shadow Ball|p2a: Heatran
|-damage|p2a: Heatran|32/100
|-unboost|p2a: Heatran|spd|1
|move|p2a: Heatran|Earth Power|p1a: Dragapult
|-damage|p1a: Dragapult|48/100
|
|upkeep
|turn|29
|
|t:|1636437719
|move|p1a: Dragapult|Shadow Ball|p2a: Heatran
|-damage|p2a: Heatran|0 fnt
|faint|p2a: Heatran
|
|upkeep
|
|t:|1636437726
|switch|p2a: Rillaboom|Rillaboom, M|41/100
|-damage|p2a: Rillaboom|29/100|[from] Stealth Rock
|-fieldstart|move: Grassy Terrain|[from] ability: Grassy Surge|[of] p2a: Rillaboom
|turn|30
|inactive|bowszn has 120 seconds left.
|
|t:|1636437763
|move|p2a: Rillaboom|U-turn|p1a: Dragapult
|-resisted|p1a: Dragapult
|-damage|p1a: Dragapult|30/100
|
|t:|1636437765
|switch|p2a: Tapu Fini|Tapu Fini|51/100|[from]move: U-turn
|-damage|p2a: Tapu Fini|38/100|[from] Stealth Rock
|-fieldstart|move: Misty Terrain|[from] ability: Misty Surge|[of] p2a: Tapu Fini
|move|p1a: Dragapult|Shadow Ball|p2a: Tapu Fini
|-damage|p2a: Tapu Fini|0 fnt
|faint|p2a: Tapu Fini
|
|upkeep
|
|t:|1636437766
|switch|p2a: Landorus|Landorus-Therian, M|100/100
|-damage|p2a: Landorus|88/100|[from] Stealth Rock
|-ability|p2a: Landorus|Intimidate|boost
|-unboost|p1a: Dragapult|atk|1
|turn|31
|
|t:|1636437776
|move|p2a: Landorus|Stone Edge|p1a: Dragapult
|-damage|p1a: Dragapult|0 fnt
|faint|p1a: Dragapult
|
|upkeep
|inactive|bowszn has 120 seconds left.
|l| Ctannn
|inactive|bowszn has 90 seconds left.
|
|t:|1636437823
|switch|p1a: Weavile|Weavile, M|100/100
|-damage|p1a: Weavile|76/100|[from] Stealth Rock
|-ability|p1a: Weavile|Pressure
|turn|32
|
|t:|1636437825
|move|p1a: Weavile|Ice Shard|p2a: Landorus
|-supereffective|p2a: Landorus
|-damage|p2a: Landorus|0 fnt
|faint|p2a: Landorus
|
|upkeep
|-message|noudle soop forfeited.
|
|win|bowszn
|raw|bowszn's rating: 1671 &rarr; <strong>1701</strong><br />(+30 for winning)
|raw|noudle soop's rating: 1855 &rarr; <strong>1825</strong><br />(-30 for losing)
|l|☆noudle soop
|c|☆bowszn|gg
