|j|☆lou dort
|j|☆innovamania
|t:|1657780310
|gametype|singles
|player|p1|lou dort|skytrainerf|
|player|p2|innovamania|#innovamania|
|teamsize|p1|6
|teamsize|p2|6
|gen|8
|tier|[Gen 8] OU
|rule|Sleep Clause Mod: Limit one foe put to sleep
|rule|Species Clause: Limit one of each Pokémon
|rule|OHKO Clause: OHKO moves are banned
|rule|Evasion Moves Clause: Evasion moves are banned
|rule|Endless Battle Clause: Forcing endless battles is banned
|rule|HP Percentage Mod: HP is shown in percentages
|rule|Dynamax Clause: You cannot dynamax
|clearpoke
|poke|p1|Aegislash, M|
|poke|p1|Tapu Fini|
|poke|p1|Volcanion|
|poke|p1|Ferrothorn, M|
|poke|p1|Landorus-Therian, M|
|poke|p1|Moltres-Galar|
|poke|p2|Exploud, F|
|poke|p2|Primarina, F|
|poke|p2|Sylveon, F|
|poke|p2|Ribombee, F|
|poke|p2|Nidoking, M|
|poke|p2|Aurorus, F|
|teampreview
|inactive|Battle timer is ON: inactive players will automatically lose when time's up. (requested by lou dort)
|c|☆lou dort|exactly what i was expecting
|j| aquavanilla
|j| GoldenStateIdiots
|j| BALOOR
|c|☆innovamania|how tf
|l| GoldenStateIdiots
|c| BALOOR|WCOP FINALS
|c|☆innovamania|were u expoecting this
|j| Eichorrnia
|j| Mimikyu Stardust
|inactive|lou dort has 270 seconds left.
|inactive|innovamania has 270 seconds left.
|l| Mimikyu Stardust
|c|☆lou dort|cuz its bs
|j| GoldenStateIdiots
|
|t:|1657780353
|start
|switch|p1a: Excalibur|Aegislash, M|100/100
|switch|p2a: Ribombee|Ribombee, F|100/100
|turn|1
|c|☆innovamania|this is a serious team
|
|t:|1657780361
|move|p2a: Ribombee|Sticky Web|p1a: Excalibur
|-sidestart|p1: lou dort|move: Sticky Web
|-formechange|p1a: Excalibur|Aegislash-Blade||[from] ability: Stance Change
|move|p1a: Excalibur|Flash Cannon|p2a: Ribombee
|-supereffective|p2a: Ribombee
|-enditem|p2a: Ribombee|Focus Sash
|-damage|p2a: Ribombee|1/100
|-damage|p1a: Excalibur|91/100|[from] item: Life Orb
|
|upkeep
|turn|2
|l| GoldenStateIdiots
|c|☆lou dort|how high u climb with it
|l| aquavanilla
|c|☆innovamania|1250
|c|☆innovamania|but i started at
|c|☆innovamania|1500
|c|☆lou dort|goated
|j| zozb
|
|t:|1657780388
|move|p1a: Excalibur|Shadow Sneak|p2a: Ribombee
|-damage|p2a: Ribombee|0 fnt
|faint|p2a: Ribombee
|-damage|p1a: Excalibur|81/100|[from] item: Life Orb
|
|upkeep
|inactive|innovamania has 270 seconds left.
|
|t:|1657780399
|switch|p2a: Nidoking|Nidoking, M|100/100
|turn|3
|j| svnyoung
|
|t:|1657780407
|switch|p1a: Aphrodite|Tapu Fini|100/100
|-activate|p1a: Aphrodite|move: Sticky Web
|-unboost|p1a: Aphrodite|spe|1
|-fieldstart|move: Misty Terrain|[from] ability: Misty Surge|[of] p1a: Aphrodite
|move|p2a: Nidoking|Stealth Rock|p1a: Aphrodite
|-sidestart|p1: lou dort|move: Stealth Rock
|
|upkeep
|turn|4
|
|t:|1657780413
|move|p2a: Nidoking|Echoed Voice|p1a: Aphrodite
|-damage|p1a: Aphrodite|89/100
|-damage|p2a: Nidoking|91/100|[from] item: Life Orb
|move|p1a: Aphrodite|Surf|p2a: Nidoking
|-supereffective|p2a: Nidoking
|-damage|p2a: Nidoking|1/100
|
|upkeep
|turn|5
|
|t:|1657780418
|switch|p1a: Excalibur|Aegislash, M|81/100
|-activate|p1a: Excalibur|move: Sticky Web
|-unboost|p1a: Excalibur|spe|1
|-damage|p1a: Excalibur|74/100|[from] Stealth Rock
|move|p2a: Nidoking|Echoed Voice|p1a: Excalibur
|-immune|p1a: Excalibur
|
|upkeep
|turn|6
|
|t:|1657780426
|move|p2a: Nidoking|Echoed Voice|p1a: Excalibur
|-immune|p1a: Excalibur
|-formechange|p1a: Excalibur|Aegislash-Blade||[from] ability: Stance Change
|move|p1a: Excalibur|Shadow Ball|p2a: Nidoking
|-damage|p2a: Nidoking|0 fnt
|faint|p2a: Nidoking
|-damage|p1a: Excalibur|64/100|[from] item: Life Orb
|
|upkeep
|l| Eichorrnia
|
|t:|1657780435
|switch|p2a: Primarina|Primarina, F|100/100
|turn|7
|j| torrential t
|
|t:|1657780438
|move|p2a: Primarina|Echoed Voice|p1a: Excalibur
|-damage|p1a: Excalibur|0 fnt
|faint|p1a: Excalibur
|
|-fieldend|Misty Terrain
|upkeep
|j| AlIoutdragadarts
|
|t:|1657780442
|switch|p1a: Boiler|Volcanion|100/100
|turn|8
|
|t:|1657780451
|move|p2a: Primarina|Echoed Voice|p1a: Boiler
|-immune|p1a: Boiler|[from] ability: Water Absorb
|move|p1a: Boiler|Steam Eruption|p2a: Primarina
|-resisted|p2a: Primarina
|-damage|p2a: Primarina|71/100
|-status|p2a: Primarina|brn
|
|-damage|p2a: Primarina|65/100 brn|[from] brn
|upkeep
|turn|9
|
|t:|1657780457
|move|p2a: Primarina|Echoed Voice|p1a: Boiler
|-immune|p1a: Boiler|[from] ability: Water Absorb
|move|p1a: Boiler|Sludge Wave|p2a: Primarina
|-supereffective|p2a: Primarina
|-damage|p2a: Primarina|0 fnt
|faint|p2a: Primarina
|
|upkeep
|
|t:|1657780463
|switch|p2a: Exploud|Exploud, F|100/100
|turn|10
|
|t:|1657780466
|move|p2a: Exploud|Echoed Voice|p1a: Boiler
|-damage|p1a: Boiler|0 fnt
|faint|p1a: Boiler
|
|upkeep
|j| c╳teaming
|
|t:|1657780473
|switch|p1a: Blockade|Ferrothorn, M|100/100
|-activate|p1a: Blockade|move: Sticky Web
|-unboost|p1a: Blockade|spe|1
|-damage|p1a: Blockade|94/100|[from] Stealth Rock
|turn|11
|c| c╳teaming|wow
|
|t:|1657780477
|move|p2a: Exploud|Echoed Voice|p1a: Blockade
|-resisted|p1a: Blockade
|-crit|p1a: Blockade
|-damage|p1a: Blockade|39/100
|move|p1a: Blockade|Knock Off|p2a: Exploud
|-damage|p2a: Exploud|69/100
|-enditem|p2a: Exploud|Choice Scarf|[from] move: Knock Off|[of] p1a: Blockade
|
|-heal|p1a: Blockade|45/100|[from] item: Leftovers
|upkeep
|turn|12
|c| c╳teaming|which countries?
|c|☆lou dort|us east vs
|c|☆lou dort|idk
|c| torrential t|so this is what the world cup has come to
|
|t:|1657780491
|move|p2a: Exploud|Echoed Voice|p1a: Blockade
|-resisted|p1a: Blockade
|-damage|p1a: Blockade|10/100
|move|p1a: Blockade|Gyro Ball|p2a: Exploud
|-damage|p2a: Exploud|3/100
|
|-heal|p1a: Blockade|17/100|[from] item: Leftovers
|upkeep
|turn|13
|c|☆innovamania|im team antartica
|
|t:|1657780498
|move|p2a: Exploud|Echoed Voice|p1a: Blockade
|-resisted|p1a: Blockade
|-damage|p1a: Blockade|0 fnt
|faint|p1a: Blockade
|
|upkeep
|c|☆lou dort|is there a team new zealand
|
|t:|1657780507
|switch|p1a: Warrior|Moltres-Galar|100/100
|-damage|p1a: Warrior|76/100|[from] Stealth Rock
|turn|14
|
|t:|1657780512
|move|p1a: Warrior|Fiery Wrath|p2a: Exploud
|-damage|p2a: Exploud|0 fnt
|faint|p2a: Exploud
|
|upkeep
|c| torrential t|did you win the whole tour with this team innovamania?
|
|t:|1657780518
|switch|p2a: Sylveon|Sylveon, F|100/100
|turn|15
|c|☆innovamania|ye
|c|☆innovamania|only team i used
|c|☆lou dort|did ur opponents forfeit in fear
|
|t:|1657780532
|move|p1a: Warrior|Hurricane|p2a: Sylveon|[miss]
|-miss|p1a: Warrior|p2a: Sylveon
|move|p2a: Sylveon|Hyper Voice|p1a: Warrior
|-supereffective|p1a: Warrior
|-damage|p1a: Warrior|0 fnt
|faint|p1a: Warrior
|
|upkeep
|j| fenqi
|
|t:|1657780537
|switch|p1a: Guardian|Landorus-Therian, M|100/100
|-damage|p1a: Guardian|88/100|[from] Stealth Rock
|-ability|p1a: Guardian|Intimidate|boost
|-unboost|p2a: Sylveon|atk|1
|turn|16
|j| Mario34
|
|t:|1657780542
|move|p1a: Guardian|Defog|p2a: Sylveon
|-unboost|p2a: Sylveon|evasion|1
|-sideend|p1: lou dort|Stealth Rock|[from] move: Defog|[of] p1a: Guardian
|-sideend|p1: lou dort|Sticky Web|[from] move: Defog|[of] p1a: Guardian
|move|p2a: Sylveon|Hyper Voice|p1a: Guardian
|-damage|p1a: Guardian|0 fnt
|faint|p1a: Guardian
|
|upkeep
|j|+pastagirl
|c|☆lou dort|i only lost cuz of webs
|
|t:|1657780550
|switch|p1a: Aphrodite|Tapu Fini|89/100
|-fieldstart|move: Misty Terrain|[from] ability: Misty Surge|[of] p1a: Aphrodite
|turn|17
|c|☆innovamania|gg
|
|t:|1657780556
|move|p1a: Aphrodite|Surf|p2a: Sylveon
|-damage|p2a: Sylveon|79/100
|move|p2a: Sylveon|Hyper Voice|p1a: Aphrodite
|-damage|p1a: Aphrodite|21/100
|
|upkeep
|turn|18
|c|☆lou dort|run it back
|c|☆innovamania|see pasta
|c|☆innovamania|this team rules
|c|☆lou dort|run it back
|c|☆innovamania|ok bo3
|
|t:|1657780570
|move|p1a: Aphrodite|Surf|p2a: Sylveon
|-damage|p2a: Sylveon|56/100
|move|p2a: Sylveon|Hyper Voice|p1a: Aphrodite
|-damage|p1a: Aphrodite|0 fnt
|faint|p1a: Aphrodite
|
|win|innovamania
|l|☆lou dort
|c|+pastagirl|lmfao.........
|l| zozb
|l| fenqi
|j| fenqi
|l| fenqi
|l| c╳teaming
|l| AlIoutdragadarts
|j| Adwf194
|l| Mario34
|j| KMAI79
|l|+pastagirl
|l| Adwf194
