|j|☆thounss
|j|☆Vashur
|player|p1|thounss|266|1494
|player|p2|Vashur|acerola|1453
|teamsize|p1|6
|teamsize|p2|6
|gametype|singles
|gen|8
|tier|[Gen 8] OU
|rated|
|rule|Sleep Clause Mod: Limit one foe put to sleep
|rule|Species Clause: Limit one of each Pokémon
|rule|OHKO Clause: OHKO moves are banned
|rule|Evasion Moves Clause: Evasion moves are banned
|rule|Endless Battle Clause: Forcing endless battles is banned
|rule|HP Percentage Mod: HP is shown in percentages
|clearpoke
|poke|p1|Dugtrio, M|
|poke|p1|Hydreigon, F|
|poke|p1|Corviknight, M|
|poke|p1|Toxapex, M|
|poke|p1|Darmanitan-Galar, M|
|poke|p1|Dracozolt|
|poke|p2|Runerigus, M|
|poke|p2|Hatterene, F|
|poke|p2|Mimikyu, M|
|poke|p2|Toxtricity-Low-Key, F|
|poke|p2|Conkeldurr, F|
|poke|p2|Dracovish|
|rule|Dynamax Clause: You cannot dynamax
|teampreview
|
|start
|switch|p1a: Hydreigon|Hydreigon, F|100/100
|switch|p2a: Mimikyu|Mimikyu, M, shiny|100/100
|turn|1
|
|switch|p1a: Corviknight|Corviknight, M|100/100
|-ability|p1a: Corviknight|Pressure
|move|p2a: Mimikyu|Play Rough|p1a: Corviknight
|-resisted|p1a: Corviknight
|-damage|p1a: Corviknight|87/100
|
|-heal|p1a: Corviknight|93/100|[from] item: Leftovers
|upkeep
|turn|2
|
|switch|p2a: Toxtricity|Toxtricity-Low-Key, F|100/100
|move|p1a: Corviknight|Brave Bird|p2a: Toxtricity
|-resisted|p2a: Toxtricity
|-damage|p2a: Toxtricity|76/100
|-damage|p1a: Corviknight|86/100|[from] Recoil
|
|-heal|p1a: Corviknight|93/100|[from] item: Leftovers
|upkeep
|turn|3
|
|move|p1a: Corviknight|Brave Bird|p2a: Toxtricity
|-resisted|p2a: Toxtricity
|-damage|p2a: Toxtricity|50/100
|-damage|p1a: Corviknight|85/100|[from] Recoil
|move|p2a: Toxtricity|Boomburst|p1a: Corviknight
|-resisted|p1a: Corviknight
|-damage|p1a: Corviknight|44/100
|
|-heal|p1a: Corviknight|50/100|[from] item: Leftovers
|upkeep
|turn|4
|
|move|p1a: Corviknight|Roost|p1a: Corviknight
|-heal|p1a: Corviknight|100/100
|-singleturn|p1a: Corviknight|move: Roost
|move|p2a: Toxtricity|Boomburst|p1a: Corviknight
|-resisted|p1a: Corviknight
|-damage|p1a: Corviknight|65/100
|
|-heal|p1a: Corviknight|71/100|[from] item: Leftovers
|upkeep
|turn|5
|
|move|p1a: Corviknight|Brave Bird|p2a: Toxtricity
|-resisted|p2a: Toxtricity
|-damage|p2a: Toxtricity|25/100
|-damage|p1a: Corviknight|64/100|[from] Recoil
|move|p2a: Toxtricity|Boomburst|p1a: Corviknight
|-resisted|p1a: Corviknight
|-damage|p1a: Corviknight|26/100
|
|-heal|p1a: Corviknight|32/100|[from] item: Leftovers
|upkeep
|turn|6
|
|switch|p2a: Dracovish|Dracovish|100/100
|move|p1a: Corviknight|Roost|p1a: Corviknight
|-heal|p1a: Corviknight|82/100
|-singleturn|p1a: Corviknight|move: Roost
|
|-heal|p1a: Corviknight|88/100|[from] item: Leftovers
|upkeep
|turn|7
|
|switch|p1a: Toxapex|Toxapex, M|100/100
|move|p2a: Dracovish|Fishious Rend|p1a: Toxapex
|-resisted|p1a: Toxapex
|-damage|p1a: Toxapex|54/100
|
|-heal|p1a: Toxapex|60/100|[from] item: Black Sludge
|upkeep
|turn|8
|
|move|p2a: Dracovish|Fishious Rend|p1a: Toxapex
|-resisted|p1a: Toxapex
|-damage|p1a: Toxapex|10/100
|move|p1a: Toxapex|Recover|p1a: Toxapex
|-heal|p1a: Toxapex|60/100
|
|-heal|p1a: Toxapex|66/100|[from] item: Black Sludge
|upkeep
|turn|9
|
|move|p2a: Dracovish|Fishious Rend|p1a: Toxapex
|-resisted|p1a: Toxapex
|-damage|p1a: Toxapex|11/100
|move|p1a: Toxapex|Toxic|p2a: Dracovish
|-status|p2a: Dracovish|tox
|
|-heal|p1a: Toxapex|18/100|[from] item: Black Sludge
|-damage|p2a: Dracovish|94/100 tox|[from] psn
|upkeep
|turn|10
|
|switch|p1a: Hydreigon|Hydreigon, F|100/100
|move|p2a: Dracovish|Fishious Rend|p1a: Hydreigon
|-resisted|p1a: Hydreigon
|-damage|p1a: Hydreigon|3/100
|
|-damage|p2a: Dracovish|82/100 tox|[from] psn
|upkeep
|turn|11
|
|switch|p2a: Toxtricity|Toxtricity-Low-Key, F|25/100
|move|p1a: Hydreigon|Dark Pulse|p2a: Toxtricity
|-damage|p2a: Toxtricity|0 fnt
|-damage|p1a: Hydreigon|0 fnt|[from] item: Life Orb
|faint|p2a: Toxtricity
|faint|p1a: Hydreigon
|
|upkeep
|
|switch|p1a: Dugtrio|Dugtrio, M|100/100
|switch|p2a: Runerigus|Runerigus, M|100/100
|turn|12
|
|move|p1a: Dugtrio|Stealth Rock|p2a: Runerigus
|-sidestart|p2: Vashur|move: Stealth Rock
|move|p2a: Runerigus|Trick Room|p2a: Runerigus
|-fieldstart|move: Trick Room|[of] p2a: Runerigus
|
|upkeep
|turn|13
|
|switch|p1a: Corviknight|Corviknight, M|88/100
|-ability|p1a: Corviknight|Pressure
|move|p2a: Runerigus|Stealth Rock|p1a: Corviknight
|-sidestart|p1: thounss|move: Stealth Rock
|
|-heal|p1a: Corviknight|95/100|[from] item: Leftovers
|upkeep
|turn|14
|
|switch|p2a: Dracovish|Dracovish|82/100 tox
|-damage|p2a: Dracovish|70/100 tox|[from] Stealth Rock
|move|p1a: Corviknight|Brave Bird|p2a: Dracovish
|-damage|p2a: Dracovish|38/100 tox
|-damage|p1a: Corviknight|84/100|[from] Recoil
|
|-heal|p1a: Corviknight|91/100|[from] item: Leftovers
|-damage|p2a: Dracovish|32/100 tox|[from] psn
|upkeep
|turn|15
|
|switch|p1a: Toxapex|Toxapex, M|51/100
|-damage|p1a: Toxapex|38/100|[from] Stealth Rock
|move|p2a: Dracovish|Fishious Rend|p1a: Toxapex
|-resisted|p1a: Toxapex
|-damage|p1a: Toxapex|0 fnt
|faint|p1a: Toxapex
|
|-damage|p2a: Dracovish|20/100 tox|[from] psn
|upkeep
|
|switch|p1a: Dugtrio|Dugtrio, M|100/100
|-damage|p1a: Dugtrio|94/100|[from] Stealth Rock
|turn|16
|
|move|p1a: Dugtrio|Sucker Punch|p2a: Dracovish
|-damage|p2a: Dracovish|1/100 tox
|move|p2a: Dracovish|Fishious Rend|p1a: Dugtrio
|-supereffective|p1a: Dugtrio
|-damage|p1a: Dugtrio|0 fnt
|faint|p1a: Dugtrio
|
|-damage|p2a: Dracovish|0 fnt|[from] psn
|faint|p2a: Dracovish
|-fieldend|move: Trick Room
|upkeep
|c|☆thounss|haaaaaaaaaaaa
|
|switch|p1a: Darmanitan|Darmanitan-Galar, M|100/100
|switch|p2a: Conkeldurr|Conkeldurr, F|100/100
|-damage|p1a: Darmanitan|76/100|[from] Stealth Rock
|-damage|p2a: Conkeldurr|94/100|[from] Stealth Rock
|turn|17
|
|switch|p1a: Corviknight|Corviknight, M|91/100
|-damage|p1a: Corviknight|78/100|[from] Stealth Rock
|-ability|p1a: Corviknight|Pressure
|move|p2a: Conkeldurr|Mach Punch|p1a: Corviknight
|-damage|p1a: Corviknight|62/100
|
|-heal|p1a: Corviknight|68/100|[from] item: Leftovers
|-status|p2a: Conkeldurr|brn|[from] item: Flame Orb
|upkeep
|turn|18
|
|move|p1a: Corviknight|Brave Bird|p2a: Conkeldurr
|-supereffective|p2a: Conkeldurr
|-crit|p2a: Conkeldurr
|-damage|p2a: Conkeldurr|0 fnt
|-damage|p1a: Corviknight|36/100|[from] Recoil
|faint|p2a: Conkeldurr
|
|-heal|p1a: Corviknight|42/100|[from] item: Leftovers
|upkeep
|
|switch|p2a: Hatterene|Hatterene, F|100/100
|-damage|p2a: Hatterene|88/100|[from] Stealth Rock
|turn|19
|
|move|p1a: Corviknight|Taunt|p2a: Hatterene
|move|p2a: Hatterene|Taunt|p1a: Corviknight|[from]Magic Bounce
|-start|p1a: Corviknight|move: Taunt
|move|p2a: Hatterene|Mystical Fire|p1a: Corviknight
|-supereffective|p1a: Corviknight
|-damage|p1a: Corviknight|0 fnt
|-damage|p2a: Hatterene|78/100|[from] item: Life Orb
|faint|p1a: Corviknight
|
|upkeep
|
|switch|p1a: Dracozolt|Dracozolt|100/100
|-damage|p1a: Dracozolt|88/100|[from] Stealth Rock
|turn|20
|
|switch|p2a: Runerigus|Runerigus, M|100/100
|-damage|p2a: Runerigus|95/100|[from] Stealth Rock
|move|p1a: Dracozolt|Bolt Beak|p2a: Runerigus
|-immune|p2a: Runerigus
|
|-heal|p1a: Dracozolt|94/100|[from] item: Leftovers
|upkeep
|turn|21
|
|move|p1a: Dracozolt|Substitute|p1a: Dracozolt
|-start|p1a: Dracozolt|Substitute
|-damage|p1a: Dracozolt|69/100
|move|p2a: Runerigus|Trick Room|p2a: Runerigus
|-fieldstart|move: Trick Room|[of] p2a: Runerigus
|
|-heal|p1a: Dracozolt|76/100|[from] item: Leftovers
|upkeep
|turn|22
|
|move|p2a: Runerigus|Earthquake|p1a: Dracozolt
|-supereffective|p1a: Dracozolt
|-end|p1a: Dracozolt|Substitute
|move|p1a: Dracozolt|Dragon Claw|p2a: Runerigus
|-damage|p2a: Runerigus|63/100
|-activate|p1a: Dracozolt|ability: Wandering Spirit|Wandering Spirit|Hustle|[of] p2a: Runerigus
|
|-heal|p1a: Dracozolt|82/100|[from] item: Leftovers
|upkeep
|turn|23
|
|move|p2a: Runerigus|Earthquake|p1a: Dracozolt|[miss]
|-miss|p2a: Runerigus|p1a: Dracozolt
|move|p1a: Dracozolt|Dragon Claw|p2a: Runerigus
|-damage|p2a: Runerigus|41/100
|
|-heal|p1a: Dracozolt|88/100|[from] item: Leftovers
|upkeep
|turn|24
|
|move|p2a: Runerigus|Earthquake|p1a: Dracozolt
|-supereffective|p1a: Dracozolt
|-damage|p1a: Dracozolt|0 fnt
|faint|p1a: Dracozolt
|
|upkeep
|-message|thounss forfeited.
|
|win|Vashur
|l|☆thounss
|raw|thounss's rating: 1479 &rarr; <strong>1458</strong><br />(-21 for losing)
|raw|Vashur's rating: 1453 &rarr; <strong>1475</strong><br />(+22 for winning)
|c|☆Vashur|ha
