|html|<div class="broadcast-blue"><strong>[Gen 8] OU is currently suspecting Melmetal! For information on how to participate check out the <a href="https://www.smogon.com/forums/threads/np-ss-ou-suspect-process-round-12-monster-mash.3709234/">suspect thread</a>.</strong></div>
|j|☆outdsmoolicthe3rd
|j|☆Delibird Heart
|inactive|Battle timer is ON: inactive players will automatically lose when time's up.
|t:|1666785268
|gametype|singles
|player|p1|outdsmoolicthe3rd|clemont|
|player|p2|Delibird Heart|guitarist-gen4|
|teamsize|p1|6
|teamsize|p2|6
|gen|8
|tier|[Gen 8] OU
|rated|Tournament battle
|rule|Sleep Clause Mod: Limit one foe put to sleep
|rule|Species Clause: Limit one of each Pokémon
|rule|OHKO Clause: OHKO moves are banned
|rule|Evasion Items Clause: Evasion items are banned
|rule|Evasion Moves Clause: Evasion moves are banned
|rule|Endless Battle Clause: Forcing endless battles is banned
|rule|HP Percentage Mod: HP is shown in percentages
|rule|Dynamax Clause: You cannot dynamax
|clearpoke
|poke|p1|Kartana|
|poke|p1|Heatran, F|
|poke|p1|Landorus-Therian, M|
|poke|p1|Slowbro, M|
|poke|p1|Umbreon, M|
|poke|p1|Tapu Koko|
|poke|p2|Mienshao, M|
|poke|p2|Landorus-Therian, M|
|poke|p2|Tapu Koko|
|poke|p2|Tangrowth, F|
|poke|p2|Coalossal, F|
|poke|p2|Slowking, F|
|teampreview
|inactive|outdsmoolicthe3rd also wants the timer to be on.
|inactive|Delibird Heart also wants the timer to be on.
|c|☆outdsmoolicthe3rd|glhf
|c|☆Delibird Heart|gl hf
|j|%moondazing
|
|t:|1666785285
|start
|switch|p1a: Slowbro|Slowbro, M|100/100
|switch|p2a: Landorus|Landorus-Therian, M|100/100
|-ability|p2a: Landorus|Intimidate|boost
|-unboost|p1a: Slowbro|atk|1
|turn|1
|
|t:|1666785300
|move|p2a: Landorus|Stealth Rock|p1a: Slowbro
|-sidestart|p1: outdsmoolicthe3rd|move: Stealth Rock
|move|p1a: Slowbro|Scald|p2a: Landorus
|-supereffective|p2a: Landorus
|-damage|p2a: Landorus|23/100
|
|upkeep
|turn|2
|
|t:|1666785309
|move|p2a: Landorus|U-turn|p1a: Slowbro
|-supereffective|p1a: Slowbro
|-damage|p1a: Slowbro|57/100
|
|t:|1666785312
|switch|p2a: Slowking|Slowking, F|100/100|[from]move: U-turn
|move|p1a: Slowbro|Scald|p2a: Slowking
|-resisted|p2a: Slowking
|-damage|p2a: Slowking|93/100
|
|upkeep
|turn|3
|
|t:|1666785318
|move|p2a: Slowking|Future Sight|p1a: Slowbro
|-start|p2a: Slowking|move: Future Sight
|move|p1a: Slowbro|Slack Off|p1a: Slowbro
|-heal|p1a: Slowbro|100/100
|
|upkeep
|turn|4
|
|t:|1666785321
|move|p1a: Slowbro|Scald|p2a: Slowking
|-resisted|p2a: Slowking
|-damage|p2a: Slowking|85/100
|-status|p2a: Slowking|brn
|move|p2a: Slowking|Teleport|p2a: Slowking
|j| TheNewBrends11
|
|t:|1666785332
|switch|p2a: Jackie|Mienshao, M, shiny|100/100|[from]move: Teleport
|
|upkeep
|turn|5
|
|t:|1666785344
|move|p2a: Jackie|Knock Off|p1a: Slowbro
|-supereffective|p1a: Slowbro
|-damage|p1a: Slowbro|16/100
|-enditem|p1a: Slowbro|Heavy-Duty Boots|[from] move: Knock Off|[of] p2a: Jackie
|move|p1a: Slowbro|Slack Off|p1a: Slowbro
|-heal|p1a: Slowbro|66/100
|
|-end|p1a: Slowbro|move: Future Sight
|-resisted|p1a: Slowbro
|-damage|p1a: Slowbro|52/100
|upkeep
|turn|6
|
|t:|1666785353
|switch|p1a: Tapu Koko|Tapu Koko, shiny|100/100
|-fieldstart|move: Electric Terrain|[from] ability: Electric Surge|[of] p1a: Tapu Koko
|move|p2a: Jackie|Knock Off|p1a: Tapu Koko
|-resisted|p1a: Tapu Koko
|-damage|p1a: Tapu Koko|65/100
|-enditem|p1a: Tapu Koko|Heavy-Duty Boots|[from] move: Knock Off|[of] p2a: Jackie
|
|upkeep
|turn|7
|
|t:|1666785362
|switch|p2a: Tapu Koko|Tapu Koko|100/100
|move|p1a: Tapu Koko|Dazzling Gleam|p2a: Tapu Koko
|-damage|p2a: Tapu Koko|53/100
|
|upkeep
|turn|8
|j| cypherstest
|
|t:|1666785371
|switch|p1a: Landorus|Landorus-Therian, M|100/100
|-damage|p1a: Landorus|88/100|[from] Stealth Rock
|-ability|p1a: Landorus|Intimidate|boost
|-unboost|p2a: Tapu Koko|atk|1
|move|p2a: Tapu Koko|Roost|p2a: Tapu Koko
|-heal|p2a: Tapu Koko|100/100
|-singleturn|p2a: Tapu Koko|move: Roost
|
|-heal|p1a: Landorus|94/100|[from] item: Leftovers
|upkeep
|turn|9
|
|t:|1666785376
|move|p2a: Tapu Koko|U-turn|p1a: Landorus
|-resisted|p1a: Landorus
|-damage|p1a: Landorus|89/100
|
|t:|1666785378
|switch|p2a: Tangrowth|Tangrowth, F|100/100|[from]move: U-turn
|move|p1a: Landorus|U-turn|p2a: Tangrowth
|-supereffective|p2a: Tangrowth
|-damage|p2a: Tangrowth|78/100
|-damage|p1a: Landorus|72/100|[from] item: Rocky Helmet|[of] p2a: Tangrowth
|
|t:|1666785383
|switch|p1a: Heatran|Heatran, F|100/100|[from]move: U-turn
|-damage|p1a: Heatran|88/100|[from] Stealth Rock
|
|-heal|p1a: Heatran|94/100|[from] item: Leftovers
|upkeep
|turn|10
|
|t:|1666785390
|switch|p2a: Slowking|Slowking, F|100/100 brn
|move|p1a: Heatran|Stealth Rock|p2a: Slowking
|-sidestart|p2: Delibird Heart|move: Stealth Rock
|
|-heal|p1a: Heatran|100/100|[from] item: Leftovers
|-damage|p2a: Slowking|94/100 brn|[from] brn
|-fieldend|move: Electric Terrain
|upkeep
|turn|11
|
|t:|1666785399
|switch|p1a: Kartana|Kartana, shiny|100/100
|-damage|p1a: Kartana|94/100|[from] Stealth Rock
|move|p2a: Slowking|Future Sight|p1a: Kartana
|-start|p2a: Slowking|move: Future Sight
|
|-damage|p2a: Slowking|88/100 brn|[from] brn
|upkeep
|turn|12
|
|t:|1666785407
|switch|p2a: Tangrowth|Tangrowth, F|100/100
|-damage|p2a: Tangrowth|88/100|[from] Stealth Rock
|move|p1a: Kartana|Smart Strike|p2a: Tangrowth
|-crit|p2a: Tangrowth
|-damage|p2a: Tangrowth|31/100
|-damage|p1a: Kartana|78/100|[from] item: Rocky Helmet|[of] p2a: Tangrowth
|
|upkeep
|turn|13
|
|t:|1666785419
|switch|p2a: fuck weavile|Coalossal, F|100/100
|move|p1a: Kartana|Smart Strike|p2a: fuck weavile
|-damage|p2a: fuck weavile|63/100
|
|-end|p1a: Kartana|move: Future Sight
|-resisted|p1a: Kartana
|-crit|p1a: Kartana
|-damage|p1a: Kartana|0 fnt
|faint|p1a: Kartana
|upkeep
|c|☆outdsmoolicthe3rd|oop
|
|t:|1666785441
|switch|p1a: Landorus|Landorus-Therian, M|72/100
|-damage|p1a: Landorus|60/100|[from] Stealth Rock
|-ability|p1a: Landorus|Intimidate|boost
|-unboost|p2a: fuck weavile|atk|1
|turn|14
|
|t:|1666785446
|switch|p2a: Tangrowth|Tangrowth, F|64/100
|-damage|p2a: Tangrowth|51/100|[from] Stealth Rock
|move|p1a: Landorus|Earthquake|p2a: Tangrowth
|-resisted|p2a: Tangrowth
|-damage|p2a: Tangrowth|40/100
|
|-heal|p1a: Landorus|66/100|[from] item: Leftovers
|upkeep
|turn|15
|
|t:|1666785455
|move|p1a: Landorus|Toxic|p2a: Tangrowth
|-status|p2a: Tangrowth|tox
|move|p2a: Tangrowth|Knock Off|p1a: Landorus
|-damage|p1a: Landorus|44/100
|-enditem|p1a: Landorus|Leftovers|[from] move: Knock Off|[of] p2a: Tangrowth
|
|-damage|p2a: Tangrowth|34/100 tox|[from] psn
|upkeep
|turn|16
|
|t:|1666785473
|switch|p1a: Heatran|Heatran, F|100/100
|-damage|p1a: Heatran|88/100|[from] Stealth Rock
|move|p2a: Tangrowth|Sleep Powder|p1a: Heatran
|-status|p1a: Heatran|slp|[from] move: Sleep Powder
|
|-heal|p1a: Heatran|94/100 slp|[from] item: Leftovers
|-damage|p2a: Tangrowth|22/100 tox|[from] psn
|upkeep
|turn|17
|
|t:|1666785480
|cant|p1a: Heatran|slp
|move|p2a: Tangrowth|Knock Off|p1a: Heatran
|-damage|p1a: Heatran|80/100 slp
|-enditem|p1a: Heatran|Leftovers|[from] move: Knock Off|[of] p2a: Tangrowth
|
|-damage|p2a: Tangrowth|3/100 tox|[from] psn
|upkeep
|turn|18
|j| testingteams888
|
|t:|1666785484
|cant|p1a: Heatran|slp
|move|p2a: Tangrowth|Focus Blast|p1a: Heatran|[miss]
|-miss|p2a: Tangrowth|p1a: Heatran
|
|-damage|p2a: Tangrowth|0 fnt|[from] psn
|faint|p2a: Tangrowth
|upkeep
|
|t:|1666785488
|switch|p2a: Jackie|Mienshao, M, shiny|100/100
|-damage|p2a: Jackie|95/100|[from] Stealth Rock
|turn|19
|c|☆outdsmoolicthe3rd|my b
|
|t:|1666785496
|switch|p1a: Slowbro|Slowbro, M|85/100
|-damage|p1a: Slowbro|73/100|[from] Stealth Rock
|move|p2a: Jackie|High Jump Kick|p1a: Slowbro
|-resisted|p1a: Slowbro
|-damage|p1a: Slowbro|20/100
|
|upkeep
|turn|20
|
|t:|1666785521
|move|p2a: Jackie|High Jump Kick|p1a: Slowbro
|-resisted|p1a: Slowbro
|-damage|p1a: Slowbro|0 fnt
|faint|p1a: Slowbro
|
|upkeep
|
|t:|1666785523
|switch|p1a: Tapu Koko|Tapu Koko, shiny|65/100
|-damage|p1a: Tapu Koko|52/100|[from] Stealth Rock
|-fieldstart|move: Electric Terrain|[from] ability: Electric Surge|[of] p1a: Tapu Koko
|turn|21
|
|t:|1666785530
|switch|p2a: Landorus|Landorus-Therian, M|23/100
|-damage|p2a: Landorus|11/100|[from] Stealth Rock
|-ability|p2a: Landorus|Intimidate|boost
|-unboost|p1a: Tapu Koko|atk|1
|move|p1a: Tapu Koko|Calm Mind|p1a: Tapu Koko
|-boost|p1a: Tapu Koko|spa|1
|-boost|p1a: Tapu Koko|spd|1
|
|upkeep
|turn|22
|
|t:|1666785544
|move|p1a: Tapu Koko|Dazzling Gleam|p2a: Landorus
|-damage|p2a: Landorus|0 fnt
|faint|p2a: Landorus
|
|upkeep
|j| durbarod
|inactive|Delibird Heart has 120 seconds left.
|
|t:|1666785571
|switch|p2a: fuck weavile|Coalossal, F|63/100
|turn|23
|inactive|Delibird Heart has 120 seconds left.
|inactive|outdsmoolicthe3rd has 120 seconds left.
|inactive|Delibird Heart has 90 seconds left.
|inactive|outdsmoolicthe3rd has 90 seconds left.
|inactive|Delibird Heart has 60 seconds left.
|inactive|outdsmoolicthe3rd has 60 seconds left.
|
|t:|1666785662
|move|p1a: Tapu Koko|Roost|p1a: Tapu Koko
|-heal|p1a: Tapu Koko|100/100
|-singleturn|p1a: Tapu Koko|move: Roost
|move|p2a: fuck weavile|Earthquake|p1a: Tapu Koko
|-supereffective|p1a: Tapu Koko
|-damage|p1a: Tapu Koko|43/100
|
|upkeep
|turn|24
|inactive|Delibird Heart has 60 seconds left.
|
|t:|1666785674
|switch|p1a: Umbreon|Umbreon, M, shiny|100/100
|-damage|p1a: Umbreon|88/100|[from] Stealth Rock
|move|p2a: fuck weavile|Earthquake|p1a: Umbreon
|-damage|p1a: Umbreon|76/100
|
|-heal|p1a: Umbreon|82/100|[from] item: Leftovers
|upkeep
|turn|25
|inactive|Delibird Heart has 60 seconds left.
|
|t:|1666785689
|switch|p2a: Jackie|Mienshao, M, shiny|95/100
|-damage|p2a: Jackie|89/100|[from] Stealth Rock
|move|p1a: Umbreon|Wish|p1a: Umbreon
|
|-heal|p1a: Umbreon|88/100|[from] item: Leftovers
|-fieldend|move: Electric Terrain
|upkeep
|turn|26
|
|t:|1666785699
|move|p1a: Umbreon|Protect|p1a: Umbreon
|-singleturn|p1a: Umbreon|Protect
|move|p2a: Jackie|High Jump Kick|p1a: Umbreon
|-activate|p1a: Umbreon|move: Protect
|-damage|p2a: Jackie|39/100|[from] highjumpkick
|
|-heal|p1a: Umbreon|100/100|[from] move: Wish|[wisher] Umbreon
|upkeep
|turn|27
|
|t:|1666785723
|move|p1a: Umbreon|Protect||[still]
|-fail|p1a: Umbreon
|move|p2a: Jackie|High Jump Kick|p1a: Umbreon
|-supereffective|p1a: Umbreon
|-damage|p1a: Umbreon|0 fnt
|faint|p1a: Umbreon
|
|upkeep
|
|t:|1666785725
|switch|p1a: Tapu Koko|Tapu Koko, shiny|43/100
|-damage|p1a: Tapu Koko|30/100|[from] Stealth Rock
|-fieldstart|move: Electric Terrain|[from] ability: Electric Surge|[of] p1a: Tapu Koko
|turn|28
|
|t:|1666785732
|move|p1a: Tapu Koko|Roost|p1a: Tapu Koko
|-heal|p1a: Tapu Koko|81/100
|-singleturn|p1a: Tapu Koko|move: Roost
|move|p2a: Jackie|High Jump Kick|p1a: Tapu Koko
|-resisted|p1a: Tapu Koko
|-damage|p1a: Tapu Koko|0 fnt
|faint|p1a: Tapu Koko
|
|upkeep
|
|t:|1666785740
|switch|p1a: Heatran|Heatran, F|80/100 slp
|-damage|p1a: Heatran|68/100 slp|[from] Stealth Rock
|turn|29
|
|t:|1666785743
|-curestatus|p1a: Heatran|slp|[msg]
|move|p1a: Heatran|Protect|p1a: Heatran
|-singleturn|p1a: Heatran|Protect
|move|p2a: Jackie|High Jump Kick|p1a: Heatran
|-activate|p1a: Heatran|move: Protect
|-damage|p2a: Jackie|0 fnt|[from] highjumpkick
|faint|p2a: Jackie
|
|upkeep
|
|t:|1666785749
|switch|p2a: Slowking|Slowking, F|100/100 brn
|turn|30
|c|☆outdsmoolicthe3rd|i did not expect that to kill
|
|t:|1666785755
|move|p1a: Heatran|Lava Plume|p2a: Slowking
|-resisted|p2a: Slowking
|-damage|p2a: Slowking|90/100 brn
|move|p2a: Slowking|Scald|p1a: Heatran
|-supereffective|p1a: Heatran
|-damage|p1a: Heatran|21/100
|
|-damage|p2a: Slowking|84/100 brn|[from] brn
|upkeep
|turn|31
|c|☆outdsmoolicthe3rd|gg
|c|☆Delibird Heart|gg
|
|t:|1666785759
|move|p1a: Heatran|Protect|p1a: Heatran
|-singleturn|p1a: Heatran|Protect
|move|p2a: Slowking|Scald|p1a: Heatran
|-activate|p1a: Heatran|move: Protect
|
|-damage|p2a: Slowking|78/100 brn|[from] brn
|upkeep
|turn|32
|
|t:|1666785763
|move|p1a: Heatran|Lava Plume|p2a: Slowking
|-resisted|p2a: Slowking
|-damage|p2a: Slowking|69/100 brn
|move|p2a: Slowking|Scald|p1a: Heatran
|-supereffective|p1a: Heatran
|-damage|p1a: Heatran|0 fnt
|faint|p1a: Heatran
|
|-damage|p2a: Slowking|62/100 brn|[from] brn
|-fieldend|move: Electric Terrain
|upkeep
|
|t:|1666785766
|switch|p1a: Landorus|Landorus-Therian, M|44/100
|-damage|p1a: Landorus|31/100|[from] Stealth Rock
|-ability|p1a: Landorus|Intimidate|boost
|-unboost|p2a: Slowking|atk|1
|turn|33
|
|t:|1666785768
|move|p1a: Landorus|U-turn|p2a: Slowking
|-supereffective|p2a: Slowking
|-damage|p2a: Slowking|17/100 brn
|move|p2a: Slowking|Scald|p1a: Landorus
|-supereffective|p1a: Landorus
|-damage|p1a: Landorus|0 fnt
|faint|p1a: Landorus
|
|win|Delibird Heart
|n|☆outdsmoolicthe3rd|outdsmoolicthe3rd
|n|☆Delibird Heart|delibirdheart
|n|+moondazing|moondazing
|n| TheNewBrends11|thenewbrends11
|n| cypherstest|cypherstest
|n| testingteams888|testingteams888
|n| durbarod|durbarod
|l| cypherstest
|c|☆outdsmoolicthe3rd|gg
|c|☆outdsmoolicthe3rd|good luck on the tour
|l|☆outdsmoolicthe3rd
|l|☆Delibird Heart
|l|+moondazing
