|raw|<div class="broadcast-blue"><strong>This battle is required to be public due to a player having a name starting with 'lt82zw'.</div>
|j|☆Lenape
|j|☆LT82ZW Ayante
|t:|1626205165
|gametype|singles
|player|p1|Lenape|169|1774
|player|p2|LT82ZW Ayante|koga|1803
|teamsize|p1|6
|teamsize|p2|6
|gen|8
|tier|[Gen 8] OU
|rated|
|rule|Sleep Clause Mod: Limit one foe put to sleep
|rule|Species Clause: Limit one of each Pokémon
|rule|OHKO Clause: OHKO moves are banned
|rule|Evasion Moves Clause: Evasion moves are banned
|rule|Endless Battle Clause: Forcing endless battles is banned
|rule|HP Percentage Mod: HP is shown in percentages
|rule|Dynamax Clause: You cannot dynamax
|clearpoke
|poke|p1|Rotom-Heat|
|poke|p1|Corviknight, M|
|poke|p1|Sylveon, F|
|poke|p1|Rhyperior, M|
|poke|p1|Toxapex, F|
|poke|p1|Umbreon, M|
|poke|p2|Tapu Fini|
|poke|p2|Kommo-o, M|
|poke|p2|Magnezone|
|poke|p2|Landorus-Therian, M|
|poke|p2|Slowking-Galar, F|
|poke|p2|Corviknight, F|
|teampreview
|j| r5875g879676
|j| lt82zw raizen
|inactive|Battle timer is ON: inactive players will automatically lose when time's up. (requested by Lenape)
|
|t:|1626205174
|start
|switch|p1a: Rotom|Rotom-Heat|100/100
|switch|p2a: Landorus|Landorus-Therian, M|100/100
|-ability|p2a: Landorus|Intimidate|boost
|-unboost|p1a: Rotom|atk|1
|turn|1
|
|t:|1626205186
|switch|p2a: Kommo-o|Kommo-o, M|100/100
|move|p1a: Rotom|Trick|p2a: Kommo-o
|-activate|p1a: Rotom|move: Trick|[of] p2a: Kommo-o
|-item|p2a: Kommo-o|Choice Scarf|[from] move: Trick
|-item|p1a: Rotom|Rocky Helmet|[from] move: Trick
|
|upkeep
|turn|2
|
|t:|1626205193
|move|p2a: Kommo-o|Stealth Rock|p1a: Rotom
|-sidestart|p1: Lenape|move: Stealth Rock
|move|p1a: Rotom|Will-O-Wisp|p2a: Kommo-o
|-status|p2a: Kommo-o|brn
|
|-damage|p2a: Kommo-o|94/100 brn|[from] brn
|upkeep
|turn|3
|
|t:|1626205198
|switch|p2a: Tapu Fini|Tapu Fini|100/100
|-fieldstart|move: Misty Terrain|[from] ability: Misty Surge|[of] p2a: Tapu Fini
|move|p1a: Rotom|Defog|p2a: Tapu Fini
|-unboost|p2a: Tapu Fini|evasion|1
|-sideend|p1: Lenape|Stealth Rock|[from] move: Defog|[of] p1a: Rotom
|-fieldend|Misty Terrain
|
|upkeep
|turn|4
|
|t:|1626205203
|switch|p2a: Slowking|Slowking-Galar, F|100/100
|move|p1a: Rotom|Discharge|p2a: Slowking
|-damage|p2a: Slowking|88/100
|
|upkeep
|turn|5
|
|t:|1626205208
|move|p1a: Rotom|Discharge|p2a: Slowking
|-damage|p2a: Slowking|73/100
|move|p2a: Slowking|Scald|p1a: Rotom
|-supereffective|p1a: Rotom
|-damage|p1a: Rotom|54/100
|
|upkeep
|turn|6
|
|t:|1626205214
|switch|p1a: Umbreon|Umbreon, M|100/100
|move|p2a: Slowking|Scald|p1a: Umbreon
|-damage|p1a: Umbreon|84/100
|
|-heal|p1a: Umbreon|90/100|[from] item: Leftovers
|upkeep
|turn|7
|
|t:|1626205217
|move|p1a: Umbreon|Wish|p1a: Umbreon
|move|p2a: Slowking|Sludge Bomb|p1a: Umbreon
|-damage|p1a: Umbreon|60/100
|
|-heal|p1a: Umbreon|66/100|[from] item: Leftovers
|upkeep
|turn|8
|
|t:|1626205220
|move|p1a: Umbreon|Foul Play|p2a: Slowking
|-supereffective|p2a: Slowking
|-damage|p2a: Slowking|38/100
|move|p2a: Slowking|Sludge Bomb|p1a: Umbreon
|-damage|p1a: Umbreon|37/100
|
|-heal|p1a: Umbreon|87/100|[from] move: Wish|[wisher] Umbreon
|-heal|p1a: Umbreon|93/100|[from] item: Leftovers
|upkeep
|turn|9
|
|t:|1626205223
|move|p1a: Umbreon|Wish|p1a: Umbreon
|move|p2a: Slowking|Sludge Bomb|p1a: Umbreon
|-damage|p1a: Umbreon|64/100
|
|-heal|p1a: Umbreon|71/100|[from] item: Leftovers
|upkeep
|turn|10
|
|t:|1626205226
|switch|p2a: Corviknight|Corviknight, F|100/100
|move|p1a: Umbreon|Foul Play|p2a: Corviknight
|-damage|p2a: Corviknight|78/100
|
|-heal|p1a: Umbreon|100/100|[from] move: Wish|[wisher] Umbreon
|-heal|p2a: Corviknight|84/100|[from] item: Leftovers
|upkeep
|turn|11
|
|t:|1626205228
|move|p2a: Corviknight|U-turn|p1a: Umbreon
|-supereffective|p1a: Umbreon
|-damage|p1a: Umbreon|82/100
|j| lonely crowd
|
|t:|1626205231
|switch|p2a: Tapu Fini|Tapu Fini|100/100|[from]move: U-turn
|-fieldstart|move: Misty Terrain|[from] ability: Misty Surge|[of] p2a: Tapu Fini
|move|p1a: Umbreon|Wish|p1a: Umbreon
|
|-heal|p1a: Umbreon|88/100|[from] item: Leftovers
|upkeep
|turn|12
|
|t:|1626205233
|switch|p1a: Rotom|Rotom-Heat|54/100
|move|p2a: Tapu Fini|Calm Mind|p2a: Tapu Fini
|-boost|p2a: Tapu Fini|spa|1
|-boost|p2a: Tapu Fini|spd|1
|
|-heal|p1a: Rotom|100/100|[from] move: Wish|[wisher] Umbreon
|upkeep
|turn|13
|c|☆Lenape|Gg
|l| lonely crowd
|
|t:|1626205253
|switch|p1a: Toxapex|Toxapex, F|100/100
|move|p2a: Tapu Fini|Surf|p1a: Toxapex
|-resisted|p1a: Toxapex
|-crit|p1a: Toxapex
|-damage|p1a: Toxapex|62/100
|
|-heal|p1a: Toxapex|68/100|[from] item: Black Sludge
|upkeep
|turn|14
|
|t:|1626205257
|switch|p1a: Sylveon|Sylveon, F|100/100
|move|p2a: Tapu Fini|Taunt|p1a: Sylveon
|-start|p1a: Sylveon|move: Taunt
|
|upkeep
|turn|15
|
|t:|1626205261
|move|p2a: Tapu Fini|Calm Mind|p2a: Tapu Fini
|-boost|p2a: Tapu Fini|spa|1
|-boost|p2a: Tapu Fini|spd|1
|move|p1a: Sylveon|Hyper Voice|p2a: Tapu Fini
|-damage|p2a: Tapu Fini|85/100
|
|-heal|p2a: Tapu Fini|91/100|[from] item: Leftovers
|-fieldend|Misty Terrain
|upkeep
|turn|16
|
|t:|1626205263
|move|p2a: Tapu Fini|Calm Mind|p2a: Tapu Fini
|-boost|p2a: Tapu Fini|spa|1
|-boost|p2a: Tapu Fini|spd|1
|move|p1a: Sylveon|Hyper Voice|p2a: Tapu Fini
|-damage|p2a: Tapu Fini|78/100
|
|-heal|p2a: Tapu Fini|84/100|[from] item: Leftovers
|-end|p1a: Sylveon|move: Taunt
|upkeep
|turn|17
|
|t:|1626205265
|move|p2a: Tapu Fini|Taunt|p1a: Sylveon
|-start|p1a: Sylveon|move: Taunt
|move|p1a: Sylveon|Hyper Voice|p2a: Tapu Fini
|-damage|p2a: Tapu Fini|70/100
|
|-heal|p2a: Tapu Fini|76/100|[from] item: Leftovers
|upkeep
|turn|18
|
|t:|1626205268
|move|p2a: Tapu Fini|Calm Mind|p2a: Tapu Fini
|-boost|p2a: Tapu Fini|spa|1
|-boost|p2a: Tapu Fini|spd|1
|move|p1a: Sylveon|Hyper Voice|p2a: Tapu Fini
|-damage|p2a: Tapu Fini|65/100
|
|-heal|p2a: Tapu Fini|71/100|[from] item: Leftovers
|upkeep
|turn|19
|
|t:|1626205271
|move|p2a: Tapu Fini|Calm Mind|p2a: Tapu Fini
|-boost|p2a: Tapu Fini|spa|1
|-boost|p2a: Tapu Fini|spd|1
|move|p1a: Sylveon|Hyper Voice|p2a: Tapu Fini
|-damage|p2a: Tapu Fini|62/100
|
|-heal|p2a: Tapu Fini|68/100|[from] item: Leftovers
|-end|p1a: Sylveon|move: Taunt
|upkeep
|turn|20
|
|t:|1626205273
|move|p2a: Tapu Fini|Taunt|p1a: Sylveon
|-start|p1a: Sylveon|move: Taunt
|move|p1a: Sylveon|Hyper Voice|p2a: Tapu Fini
|-damage|p2a: Tapu Fini|58/100
|
|-heal|p2a: Tapu Fini|64/100|[from] item: Leftovers
|upkeep
|turn|21
|
|t:|1626205275
|switch|p1a: Toxapex|Toxapex, F|100/100
|move|p2a: Tapu Fini|Calm Mind|p2a: Tapu Fini
|-boost|p2a: Tapu Fini|spa|1
|-boost|p2a: Tapu Fini|spd|1
|
|-heal|p2a: Tapu Fini|71/100|[from] item: Leftovers
|upkeep
|turn|22
|
|t:|1626205279
|move|p2a: Tapu Fini|Taunt|p1a: Toxapex
|-start|p1a: Toxapex|move: Taunt
|move|p1a: Toxapex|Scald|p2a: Tapu Fini
|-resisted|p2a: Tapu Fini
|-damage|p2a: Tapu Fini|69/100
|
|-heal|p2a: Tapu Fini|75/100|[from] item: Leftovers
|upkeep
|turn|23
|
|t:|1626205282
|move|p2a: Tapu Fini|Draining Kiss|p1a: Toxapex
|-resisted|p1a: Toxapex
|-crit|p1a: Toxapex
|-damage|p1a: Toxapex|42/100
|-heal|p2a: Tapu Fini|100/100|[from] drain|[of] p1a: Toxapex
|move|p1a: Toxapex|Scald|p2a: Tapu Fini
|-resisted|p2a: Tapu Fini
|-damage|p2a: Tapu Fini|99/100
|
|-heal|p2a: Tapu Fini|100/100|[from] item: Leftovers
|-heal|p1a: Toxapex|49/100|[from] item: Black Sludge
|upkeep
|turn|24
|
|t:|1626205286
|switch|p1a: Rotom|Rotom-Heat|100/100
|move|p2a: Tapu Fini|Surf|p1a: Rotom
|-supereffective|p1a: Rotom
|-damage|p1a: Rotom|0 fnt
|faint|p1a: Rotom
|
|upkeep
|
|t:|1626205288
|switch|p1a: Toxapex|Toxapex, F|82/100
|turn|25
|
|t:|1626205290
|move|p2a: Tapu Fini|Taunt|p1a: Toxapex
|-start|p1a: Toxapex|move: Taunt
|move|p1a: Toxapex|Scald|p2a: Tapu Fini
|-resisted|p2a: Tapu Fini
|-damage|p2a: Tapu Fini|98/100
|
|-heal|p2a: Tapu Fini|100/100|[from] item: Leftovers
|-heal|p1a: Toxapex|88/100|[from] item: Black Sludge
|upkeep
|turn|26
|
|t:|1626205293
|move|p2a: Tapu Fini|Surf|p1a: Toxapex
|-resisted|p1a: Toxapex
|-damage|p1a: Toxapex|16/100
|move|p1a: Toxapex|Scald|p2a: Tapu Fini
|-resisted|p2a: Tapu Fini
|-damage|p2a: Tapu Fini|98/100
|
|-heal|p2a: Tapu Fini|100/100|[from] item: Leftovers
|-heal|p1a: Toxapex|22/100|[from] item: Black Sludge
|upkeep
|turn|27
|
|t:|1626205296
|switch|p1a: Sylveon|Sylveon, F|100/100
|move|p2a: Tapu Fini|Surf|p1a: Sylveon
|-damage|p1a: Sylveon|12/100
|
|-heal|p1a: Sylveon|18/100|[from] item: Leftovers
|upkeep
|turn|28
|
|t:|1626205299
|move|p1a: Sylveon|Protect|p1a: Sylveon
|-singleturn|p1a: Sylveon|Protect
|move|p2a: Tapu Fini|Draining Kiss|p1a: Sylveon
|-activate|p1a: Sylveon|move: Protect
|
|-heal|p1a: Sylveon|24/100|[from] item: Leftovers
|upkeep
|turn|29
|
|t:|1626205301
|move|p2a: Tapu Fini|Draining Kiss|p1a: Sylveon
|-damage|p1a: Sylveon|0 fnt
|faint|p1a: Sylveon
|
|upkeep
|
|t:|1626205303
|switch|p1a: Toxapex|Toxapex, F|55/100
|turn|30
|
|t:|1626205307
|switch|p1a: Rhyperior|Rhyperior, M|100/100
|move|p2a: Tapu Fini|Surf|p1a: Rhyperior
|-supereffective|p1a: Rhyperior
|-damage|p1a: Rhyperior|0 fnt
|faint|p1a: Rhyperior
|
|upkeep
|
|t:|1626205309
|switch|p1a: Toxapex|Toxapex, F|89/100
|turn|31
|
|t:|1626205311
|move|p2a: Tapu Fini|Taunt|p1a: Toxapex
|-start|p1a: Toxapex|move: Taunt
|cant|p1a: Toxapex|move: Taunt|Toxic
|
|-heal|p1a: Toxapex|95/100|[from] item: Black Sludge
|upkeep
|turn|32
|
|t:|1626205314
|move|p2a: Tapu Fini|Surf|p1a: Toxapex
|-resisted|p1a: Toxapex
|-damage|p1a: Toxapex|25/100
|move|p1a: Toxapex|Scald|p2a: Tapu Fini
|-resisted|p2a: Tapu Fini
|-damage|p2a: Tapu Fini|99/100
|
|-heal|p2a: Tapu Fini|100/100|[from] item: Leftovers
|-heal|p1a: Toxapex|31/100|[from] item: Black Sludge
|upkeep
|turn|33
|
|t:|1626205319
|move|p2a: Tapu Fini|Surf|p1a: Toxapex
|-resisted|p1a: Toxapex
|-damage|p1a: Toxapex|0 fnt
|faint|p1a: Toxapex
|
|upkeep
|
|t:|1626205321
|switch|p1a: Corviknight|Corviknight, M|100/100
|-ability|p1a: Corviknight|Pressure
|turn|34
|
|t:|1626205322
|move|p2a: Tapu Fini|Surf|p1a: Corviknight
|-damage|p1a: Corviknight|0 fnt
|faint|p1a: Corviknight
|
|upkeep
|
|t:|1626205325
|switch|p1a: Umbreon|Umbreon, M|88/100
|turn|35
|
|t:|1626205326
|move|p2a: Tapu Fini|Surf|p1a: Umbreon
|-damage|p1a: Umbreon|0 fnt
|faint|p1a: Umbreon
|
|win|LT82ZW Ayante
|raw|Lenape's rating: 1774 &rarr; <strong>1756</strong><br />(-18 for losing)
|raw|LT82ZW Ayante's rating: 1804 &rarr; <strong>1822</strong><br />(+18 for winning)
|l|☆Lenape
|l|☆LT82ZW Ayante
||Ladder isn't responding, score probably updated but might not have (Request timeout).
|l| lt82zw raizen
