|j|☆Zees_1OAK
|j|☆Bloody Busybody
|t:|1663847611
|gametype|singles
|player|p1|Zees_1OAK|interviewers|1685
|player|p2|Bloody Busybody|bugcatcher|1815
|teamsize|p1|6
|teamsize|p2|6
|gen|8
|tier|[Gen 8] OU
|rated|
|rule|Sleep Clause Mod: Limit one foe put to sleep
|rule|Species Clause: Limit one of each Pokémon
|rule|OHKO Clause: OHKO moves are banned
|rule|Evasion Items Clause: Evasion items are banned
|rule|Evasion Moves Clause: Evasion moves are banned
|rule|Endless Battle Clause: Forcing endless battles is banned
|rule|HP Percentage Mod: HP is shown in percentages
|rule|Dynamax Clause: You cannot dynamax
|clearpoke
|poke|p1|Regieleki|
|poke|p1|Weavile, F|
|poke|p1|Ferrothorn, M|
|poke|p1|Slowbro, M|
|poke|p1|Mandibuzz, F|
|poke|p1|Blacephalon|
|poke|p2|Volcanion|
|poke|p2|Corviknight, M|
|poke|p2|Mamoswine, M|
|poke|p2|Blissey, F|
|poke|p2|Rillaboom, F|
|poke|p2|Hydreigon, M|
|teampreview
|inactive|Battle timer is ON: inactive players will automatically lose when time's up. (requested by Bloody Busybody)
|inactive|Zees_1OAK has 120 seconds left.
|
|t:|1663847648
|start
|switch|p1a: Slowbro|Slowbro, M|100/100
|switch|p2a: Volcanion|Volcanion|100/100
|turn|1
|
|t:|1663847663
|move|p2a: Volcanion|Steam Eruption|p1a: Slowbro
|-resisted|p1a: Slowbro
|-damage|p1a: Slowbro|67/100
|move|p1a: Slowbro|Future Sight|p2a: Volcanion
|-start|p1a: Slowbro|move: Future Sight
|
|upkeep
|turn|2
|
|t:|1663847676
|move|p2a: Volcanion|Steam Eruption|p1a: Slowbro
|-resisted|p1a: Slowbro
|-damage|p1a: Slowbro|34/100
|-status|p1a: Slowbro|brn
|move|p1a: Slowbro|Teleport|p1a: Slowbro
|
|t:|1663847681
|switch|p1a: Regieleki|Regieleki|100/100|[from]move: Teleport
|
|upkeep
|turn|3
|
|t:|1663847703
|switch|p2a: Mamoswine|Mamoswine, M|100/100
|move|p1a: Regieleki|Volt Switch|p2a: Mamoswine
|-immune|p2a: Mamoswine
|
|-end|p2a: Mamoswine|move: Future Sight
|-damage|p2a: Mamoswine|40/100
|upkeep
|turn|4
|
|t:|1663847713
|switch|p1a: Ferrothorn|Ferrothorn, M|100/100
|move|p2a: Mamoswine|Icicle Crash|p1a: Ferrothorn
|-damage|p1a: Ferrothorn|76/100
|
|-heal|p1a: Ferrothorn|82/100|[from] item: Leftovers
|upkeep
|turn|5
|
|t:|1663847716
|switch|p2a: Volcanion|Volcanion|100/100
|move|p1a: Ferrothorn|Stealth Rock|p2a: Volcanion
|-sidestart|p2: Bloody Busybody|move: Stealth Rock
|
|-heal|p1a: Ferrothorn|88/100|[from] item: Leftovers
|upkeep
|turn|6
|
|t:|1663847724
|switch|p1a: Slowbro|Slowbro, M|67/100 brn
|move|p2a: Volcanion|Fire Blast|p1a: Slowbro
|-resisted|p1a: Slowbro
|-damage|p1a: Slowbro|31/100 brn
|
|-damage|p1a: Slowbro|25/100 brn|[from] brn
|upkeep
|turn|7
|
|t:|1663847742
|move|p2a: Volcanion|Fire Blast|p1a: Slowbro
|-resisted|p1a: Slowbro
|-damage|p1a: Slowbro|0 fnt
|faint|p1a: Slowbro
|
|upkeep
|
|t:|1663847745
|switch|p1a: Regieleki|Regieleki|100/100
|turn|8
|
|t:|1663847754
|switch|p2a: Blissey|Blissey, F|100/100
|move|p1a: Regieleki|Volt Switch|p2a: Blissey
|-damage|p2a: Blissey|76/100
|j| Im2Sexy
|
|t:|1663847768
|switch|p1a: Weavile|Weavile, F|100/100|[from]move: Volt Switch
|-ability|p1a: Weavile|Pressure
|
|upkeep
|turn|9
|j| Bartias
|
|t:|1663847777
|switch|p2a: Corviknight|Corviknight, M|100/100
|-damage|p2a: Corviknight|88/100|[from] Stealth Rock
|-ability|p2a: Corviknight|Pressure
|move|p1a: Weavile|Knock Off|p2a: Corviknight
|-crit|p2a: Corviknight
|-damage|p2a: Corviknight|41/100
|-damage|p1a: Weavile|84/100|[from] item: Rocky Helmet|[of] p2a: Corviknight
|-enditem|p2a: Corviknight|Rocky Helmet|[from] move: Knock Off|[of] p1a: Weavile
|
|upkeep
|turn|10
|
|t:|1663847783
|switch|p1a: Regieleki|Regieleki|100/100
|move|p2a: Corviknight|Roost|p2a: Corviknight
|-heal|p2a: Corviknight|91/100
|-singleturn|p2a: Corviknight|move: Roost
|
|upkeep
|turn|11
|l| Bartias
|l| Im2Sexy
|
|t:|1663847791
|switch|p2a: Blissey|Blissey, F|76/100
|move|p1a: Regieleki|Volt Switch|p2a: Blissey
|-damage|p2a: Blissey|52/100
|
|t:|1663847798
|switch|p1a: Weavile|Weavile, F|84/100|[from]move: Volt Switch
|-ability|p1a: Weavile|Pressure
|
|upkeep
|turn|12
|
|t:|1663847807
|switch|p1a: Blacephalon|Blacephalon|100/100
|switch|p2a: Corviknight|Corviknight, M|91/100
|-damage|p2a: Corviknight|78/100|[from] Stealth Rock
|-ability|p2a: Corviknight|Pressure
|
|upkeep
|turn|13
|
|t:|1663847836
|switch|p1a: Weavile|Weavile, F|84/100
|-ability|p1a: Weavile|Pressure
|switch|p2a: Hydreigon|Hydreigon, M|100/100
|-damage|p2a: Hydreigon|88/100|[from] Stealth Rock
|
|upkeep
|turn|14
|
|t:|1663847845
|switch|p2a: Corviknight|Corviknight, M|78/100
|-damage|p2a: Corviknight|66/100|[from] Stealth Rock
|-ability|p2a: Corviknight|Pressure
|move|p1a: Weavile|Swords Dance|p1a: Weavile
|-boost|p1a: Weavile|atk|2
|
|upkeep
|turn|15
|
|t:|1663847848
|move|p1a: Weavile|Triple Axel|p2a: Corviknight
|-damage|p2a: Corviknight|53/100
|-damage|p2a: Corviknight|27/100
|-damage|p2a: Corviknight|0 fnt
|faint|p2a: Corviknight
|-hitcount|p2: Corviknight|3
|
|upkeep
|
|t:|1663847851
|switch|p2a: Rillaboom|Rillaboom, F|100/100
|-damage|p2a: Rillaboom|88/100|[from] Stealth Rock
|-fieldstart|move: Grassy Terrain|[from] ability: Grassy Surge|[of] p2a: Rillaboom
|turn|16
|
|t:|1663847854
|move|p1a: Weavile|Ice Shard|p2a: Rillaboom
|-supereffective|p2a: Rillaboom
|-damage|p2a: Rillaboom|0 fnt
|faint|p2a: Rillaboom
|
|-heal|p1a: Weavile|90/100|[from] Grassy Terrain
|upkeep
|-message|Bloody Busybody forfeited.
|
|win|Zees_1OAK
|raw|Zees_1OAK's rating: 1685 &rarr; <strong>1712</strong><br />(+27 for winning)
|raw|Bloody Busybody's rating: 1815 &rarr; <strong>1788</strong><br />(-27 for losing)
|l|☆Bloody Busybody
|c|☆Zees_1OAK|gg
||Ladder isn't responding, score probably updated but might not have (Request timeout).
