|raw|<div class="broadcast-blue"><strong>This battle is required to be public due to a player having a name starting with 'lt91bb'.</div>
|j|☆LT91BB L moment
|j|☆ArianaBlonde
|t:|1659114620
|gametype|singles
|player|p1|LT91BB L moment|wulfric|1416
|player|p2|ArianaBlonde|dawn-gen4pt|1410
|teamsize|p1|6
|teamsize|p2|6
|gen|8
|tier|[Gen 8] OU
|rated|
|rule|Sleep Clause Mod: Limit one foe put to sleep
|rule|Species Clause: Limit one of each Pokémon
|rule|OHKO Clause: OHKO moves are banned
|rule|Evasion Moves Clause: Evasion moves are banned
|rule|Endless Battle Clause: Forcing endless battles is banned
|rule|HP Percentage Mod: HP is shown in percentages
|rule|Dynamax Clause: You cannot dynamax
|clearpoke
|poke|p1|Ninetales-Alola, M|
|poke|p1|Bewear, M|
|poke|p1|Garchomp, M|
|poke|p1|Rillaboom, F|
|poke|p1|Zeraora|
|poke|p1|Kartana|
|poke|p2|Zapdos-Galar|
|poke|p2|Slowking, F|
|poke|p2|Ferrothorn, F|
|poke|p2|Weavile, F|
|poke|p2|Landorus-Therian, M|
|poke|p2|Regieleki|
|teampreview
|
|t:|1659114640
|start
|switch|p1a: THE FURRY|Ninetales-Alola, M|100/100
|switch|p2a: Slowking|Slowking, F|100/100
|-weather|Hail|[from] ability: Snow Warning|[of] p1a: THE FURRY
|turn|1
|
|t:|1659114644
|move|p1a: THE FURRY|Aurora Veil|p1a: THE FURRY
|-sidestart|p1: LT91BB L moment|move: Aurora Veil
|move|p2a: Slowking|Future Sight|p1a: THE FURRY
|-start|p2a: Slowking|move: Future Sight
|
|-weather|Hail|[upkeep]
|-damage|p2a: Slowking|94/100|[from] Hail
|upkeep
|turn|2
|
|t:|1659114654
|switch|p1a: Kartana|Kartana|100/100
|move|p2a: Slowking|Teleport|p2a: Slowking
|
|t:|1659114659
|switch|p2a: Zapdos|Zapdos-Galar|100/100|[from]move: Teleport
|
|-weather|Hail|[upkeep]
|-damage|p1a: Kartana|94/100|[from] Hail
|-damage|p2a: Zapdos|94/100|[from] Hail
|upkeep
|turn|3
|
|t:|1659114665
|switch|p1a: THE BEAR|Bewear, M|100/100
|move|p2a: Zapdos|Close Combat|p1a: THE BEAR
|-supereffective|p1a: THE BEAR
|-damage|p1a: THE BEAR|51/100
|-unboost|p2a: Zapdos|def|1
|-unboost|p2a: Zapdos|spd|1
|
|-weather|Hail|[upkeep]
|-damage|p2a: Zapdos|88/100|[from] Hail
|-damage|p1a: THE BEAR|45/100|[from] Hail
|-end|p1a: THE BEAR|move: Future Sight
|-supereffective|p1a: THE BEAR
|-damage|p1a: THE BEAR|0 fnt
|faint|p1a: THE BEAR
|upkeep
|
|t:|1659114674
|switch|p1a: Kartana|Kartana|94/100
|turn|4
|
|t:|1659114677
|move|p1a: Kartana|Swords Dance|p1a: Kartana
|-boost|p1a: Kartana|atk|2
|move|p2a: Zapdos|Close Combat|p1a: Kartana
|-supereffective|p1a: Kartana
|-damage|p1a: Kartana|23/100
|-unboost|p2a: Zapdos|def|1
|-unboost|p2a: Zapdos|spd|1
|
|-weather|Hail|[upkeep]
|-damage|p1a: Kartana|17/100|[from] Hail
|-damage|p2a: Zapdos|82/100|[from] Hail
|upkeep
|turn|5
|
|t:|1659114696
|move|p1a: Kartana|Sacred Sword|p2a: Zapdos
|-resisted|p2a: Zapdos
|-crit|p2a: Zapdos
|-damage|p2a: Zapdos|12/100
|-damage|p1a: Kartana|7/100|[from] item: Life Orb
|move|p2a: Zapdos|Close Combat|p1a: Kartana
|-supereffective|p1a: Kartana
|-damage|p1a: Kartana|0 fnt
|-unboost|p2a: Zapdos|def|1
|-unboost|p2a: Zapdos|spd|1
|faint|p1a: Kartana
|
|-weather|none
|upkeep
|
|t:|1659114708
|switch|p1a: THE FURRY|Ninetales-Alola, M|100/100
|-weather|Hail|[from] ability: Snow Warning|[of] p1a: THE FURRY
|turn|6
|
|t:|1659114713
|switch|p2a: Slowking|Slowking, F|100/100
|move|p1a: THE FURRY|Freeze-Dry|p2a: Slowking
|-supereffective|p2a: Slowking
|-damage|p2a: Slowking|75/100
|
|-weather|Hail|[upkeep]
|-damage|p2a: Slowking|68/100|[from] Hail
|upkeep
|turn|7
|
|t:|1659114734
|switch|p1a: THE MONKE|Rillaboom, F|100/100
|-fieldstart|move: Grassy Terrain|[from] ability: Grassy Surge|[of] p1a: THE MONKE
|move|p2a: Slowking|Future Sight|p1a: THE MONKE
|-start|p2a: Slowking|move: Future Sight
|
|-weather|Hail|[upkeep]
|-damage|p1a: THE MONKE|94/100|[from] Hail
|-damage|p2a: Slowking|62/100|[from] Hail
|-heal|p1a: THE MONKE|100/100|[from] Grassy Terrain
|-heal|p2a: Slowking|68/100|[from] Grassy Terrain
|upkeep
|turn|8
|
|t:|1659114765
|switch|p2a: Ferrothorn|Ferrothorn, F|100/100
|move|p1a: THE MONKE|Swords Dance|p1a: THE MONKE
|-boost|p1a: THE MONKE|atk|2
|
|-weather|Hail|[upkeep]
|-damage|p1a: THE MONKE|94/100|[from] Hail
|-damage|p2a: Ferrothorn|95/100|[from] Hail
|-heal|p1a: THE MONKE|100/100|[from] Grassy Terrain
|-heal|p2a: Ferrothorn|100/100|[from] Grassy Terrain
|-sideend|p1: LT91BB L moment|move: Aurora Veil
|upkeep
|turn|9
|
|t:|1659114773
|switch|p2a: Landorus|Landorus-Therian, M|100/100
|-ability|p2a: Landorus|Intimidate|boost
|-unboost|p1a: THE MONKE|atk|1
|move|p1a: THE MONKE|Superpower|p2a: Landorus
|-resisted|p2a: Landorus
|-damage|p2a: Landorus|63/100
|-unboost|p1a: THE MONKE|atk|1
|-unboost|p1a: THE MONKE|def|1
|-damage|p1a: THE MONKE|91/100|[from] item: Life Orb
|
|-weather|Hail|[upkeep]
|-damage|p1a: THE MONKE|84/100|[from] Hail
|-damage|p2a: Landorus|57/100|[from] Hail
|-end|p1a: THE MONKE|move: Future Sight
|-crit|p1a: THE MONKE
|-damage|p1a: THE MONKE|0 fnt
|faint|p1a: THE MONKE
|-heal|p2a: Landorus|63/100|[from] item: Leftovers
|upkeep
|-message|LT91BB L moment forfeited.
|
|win|ArianaBlonde
|raw|LT91BB L moment's rating: 1416 &rarr; <strong>1396</strong><br />(-20 for losing)
|raw|ArianaBlonde's rating: 1410 &rarr; <strong>1430</strong><br />(+20 for winning)
|l|☆LT91BB L moment
||Ladder isn't responding, score probably updated but might not have (Request timeout).
