|j|☆Max358
|j|☆Greengamer12
|t:|1662682790
|gametype|singles
|player|p1|Max358|lucas|1330
|player|p2|Greengamer12|102|1341
|teamsize|p1|6
|teamsize|p2|6
|gen|8
|tier|[Gen 8] OU
|rated|
|rule|Sleep Clause Mod: Limit one foe put to sleep
|rule|Species Clause: Limit one of each Pokémon
|rule|OHKO Clause: OHKO moves are banned
|rule|Evasion Items Clause: Evasion items are banned
|rule|Evasion Moves Clause: Evasion moves are banned
|rule|Endless Battle Clause: Forcing endless battles is banned
|rule|HP Percentage Mod: HP is shown in percentages
|rule|Dynamax Clause: You cannot dynamax
|clearpoke
|poke|p1|Heatran, F|
|poke|p1|Regieleki|
|poke|p1|Ninetales-Alola, F|
|poke|p1|Corviknight, M|
|poke|p1|Tapu Lele|
|poke|p1|Garchomp, M|
|poke|p2|Slowbro, F|
|poke|p2|Nidoking, M|
|poke|p2|Tapu Koko|
|poke|p2|Buzzwole|
|poke|p2|Ferrothorn, F|
|poke|p2|Landorus-Therian, M|
|teampreview
|inactive|Battle timer is ON: inactive players will automatically lose when time's up. (requested by Greengamer12)
|
|t:|1662682822
|start
|switch|p1a: Heatran|Heatran, F|100/100
|switch|p2a: Nidoking|Nidoking, M|100/100
|-item|p1a: Heatran|Air Balloon
|turn|1
|
|t:|1662682834
|switch|p2a: Slowbro|Slowbro, F|100/100
|move|p1a: Heatran|Magma Storm|p2a: Slowbro
|-resisted|p2a: Slowbro
|-damage|p2a: Slowbro|82/100
|-activate|p2a: Slowbro|move: Magma Storm|[of] p1a: Heatran
|
|-damage|p2a: Slowbro|70/100|[from] move: Magma Storm|[partiallytrapped]
|upkeep
|turn|2
|
|t:|1662682836
|move|p1a: Heatran|Taunt|p2a: Slowbro
|-start|p2a: Slowbro|move: Taunt
|move|p2a: Slowbro|Scald|p1a: Heatran
|-supereffective|p1a: Heatran
|-damage|p1a: Heatran|44/100
|-enditem|p1a: Heatran|Air Balloon
|
|-damage|p2a: Slowbro|58/100|[from] move: Magma Storm|[partiallytrapped]
|upkeep
|turn|3
|
|t:|1662682843
|move|p1a: Heatran|Magma Storm|p2a: Slowbro
|-resisted|p2a: Slowbro
|-damage|p2a: Slowbro|39/100
|move|p2a: Slowbro|Scald|p1a: Heatran
|-supereffective|p1a: Heatran
|-damage|p1a: Heatran|0 fnt
|faint|p1a: Heatran
|
|-end|p2a: Slowbro|Magma Storm|[partiallytrapped]|[silent]
|upkeep
|
|t:|1662682849
|switch|p1a: Garchomp|Garchomp, M|100/100
|turn|4
|
|t:|1662682854
|switch|p2a: Landorus|Landorus-Therian, M|100/100
|-ability|p2a: Landorus|Intimidate|boost
|-unboost|p1a: Garchomp|atk|1
|move|p1a: Garchomp|Swords Dance|p1a: Garchomp
|-boost|p1a: Garchomp|atk|2
|
|upkeep
|turn|5
|
|t:|1662682856
|move|p1a: Garchomp|Swords Dance|p1a: Garchomp
|-boost|p1a: Garchomp|atk|2
|move|p2a: Landorus|Toxic|p1a: Garchomp|[miss]
|-miss|p2a: Landorus|p1a: Garchomp
|
|upkeep
|turn|6
|
|t:|1662682859
|move|p1a: Garchomp|Scale Shot|p2a: Landorus
|-damage|p2a: Landorus|68/100
|-damage|p2a: Landorus|36/100
|-damage|p2a: Landorus|4/100
|-hitcount|p2a: Landorus|3
|-unboost|p1a: Garchomp|def|1
|-boost|p1a: Garchomp|spe|1
|move|p2a: Landorus|Toxic|p1a: Garchomp
|-status|p1a: Garchomp|tox
|
|-heal|p2a: Landorus|10/100|[from] item: Leftovers
|-damage|p1a: Garchomp|94/100 tox|[from] psn
|upkeep
|turn|7
|
|t:|1662682868
|switch|p2a: Buzzwole|Buzzwole|100/100
|move|p1a: Garchomp|Fire Fang|p2a: Buzzwole
|-supereffective|p2a: Buzzwole
|-damage|p2a: Buzzwole|21/100
|-damage|p1a: Garchomp|78/100 tox|[from] item: Rocky Helmet|[of] p2a: Buzzwole
|
|-damage|p1a: Garchomp|65/100 tox|[from] psn
|upkeep
|turn|8
|
|t:|1662682876
|move|p1a: Garchomp|Earthquake|p2a: Buzzwole
|-resisted|p2a: Buzzwole
|-damage|p2a: Buzzwole|0 fnt
|faint|p2a: Buzzwole
|
|-damage|p1a: Garchomp|47/100 tox|[from] psn
|upkeep
|
|t:|1662682886
|switch|p2a: Landorus|Landorus-Therian, M|10/100
|-ability|p2a: Landorus|Intimidate|boost
|-unboost|p1a: Garchomp|atk|1
|turn|9
|inactive|Max358 has 120 seconds left.
|
|t:|1662682937
|switch|p2a: Slowbro|Slowbro, F|73/100
|move|p1a: Garchomp|Fire Fang|p2a: Slowbro|[miss]
|-miss|p1a: Garchomp|p2a: Slowbro
|
|-damage|p1a: Garchomp|22/100 tox|[from] psn
|upkeep
|turn|10
|
|t:|1662682950
|move|p1a: Garchomp|Scale Shot|p2a: Slowbro
|-damage|p2a: Slowbro|50/100
|-damage|p2a: Slowbro|28/100
|-hitcount|p2a: Slowbro|2
|-unboost|p1a: Garchomp|def|1
|-boost|p1a: Garchomp|spe|1
|move|p2a: Slowbro|Teleport|p2a: Slowbro
|
|t:|1662682957
|switch|p2a: Landorus|Landorus-Therian, M|10/100|[from]move: Teleport
|-ability|p2a: Landorus|Intimidate|boost
|-unboost|p1a: Garchomp|atk|1
|
|-heal|p2a: Landorus|16/100|[from] item: Leftovers
|-damage|p1a: Garchomp|0 fnt|[from] psn
|faint|p1a: Garchomp
|upkeep
|inactive|Max358 has 90 seconds left.
|
|t:|1662683002
|switch|p1a: Ninetales|Ninetales-Alola, F|100/100
|-weather|Hail|[from] ability: Snow Warning|[of] p1a: Ninetales
|turn|11
|
|t:|1662683014
|switch|p2a: Tapu Koko|Tapu Koko|100/100
|-fieldstart|move: Electric Terrain|[from] ability: Electric Surge|[of] p2a: Tapu Koko
|move|p1a: Ninetales|Freeze-Dry|p2a: Tapu Koko
|-damage|p2a: Tapu Koko|56/100
|
|-weather|Hail|[upkeep]
|-damage|p2a: Tapu Koko|50/100|[from] Hail
|upkeep
|turn|12
|
|t:|1662683019
|move|p2a: Tapu Koko|Thunderbolt|p1a: Ninetales
|-damage|p1a: Ninetales|42/100
|move|p1a: Ninetales|Freeze-Dry|p2a: Tapu Koko
|-damage|p2a: Tapu Koko|9/100
|
|-weather|Hail|[upkeep]
|-damage|p2a: Tapu Koko|3/100|[from] Hail
|upkeep
|turn|13
|
|t:|1662683023
|switch|p1a: Regieleki|Regieleki|100/100
|move|p2a: Tapu Koko|Thunderbolt|p1a: Regieleki
|-resisted|p1a: Regieleki
|-damage|p1a: Regieleki|54/100
|
|-weather|Hail|[upkeep]
|-damage|p1a: Regieleki|48/100|[from] Hail
|-damage|p2a: Tapu Koko|0 fnt|[from] Hail
|faint|p2a: Tapu Koko
|upkeep
|
|t:|1662683028
|switch|p2a: Nidoking|Nidoking, M|100/100
|turn|14
|
|t:|1662683047
|switch|p1a: Corviknight|Corviknight, M|100/100
|move|p2a: Nidoking|Flamethrower|p1a: Corviknight
|-supereffective|p1a: Corviknight
|-damage|p1a: Corviknight|22/100
|
|-weather|Hail|[upkeep]
|-damage|p2a: Nidoking|95/100|[from] Hail
|-damage|p1a: Corviknight|16/100|[from] Hail
|upkeep
|turn|15
|
|t:|1662683060
|switch|p1a: Regieleki|Regieleki|48/100
|move|p2a: Nidoking|Flamethrower|p1a: Regieleki
|-damage|p1a: Regieleki|0 fnt
|faint|p1a: Regieleki
|
|-weather|none
|-fieldend|move: Electric Terrain
|upkeep
|
|t:|1662683062
|switch|p1a: Tapu Lele|Tapu Lele|100/100
|-fieldstart|move: Psychic Terrain|[from] ability: Psychic Surge|[of] p1a: Tapu Lele
|turn|16
|
|t:|1662683068
|switch|p2a: Landorus|Landorus-Therian, M|16/100
|-ability|p2a: Landorus|Intimidate|boost
|-unboost|p1a: Tapu Lele|atk|1
|move|p1a: Tapu Lele|Psyshock|p2a: Landorus
|-damage|p2a: Landorus|0 fnt
|faint|p2a: Landorus
|
|upkeep
|
|t:|1662683070
|switch|p2a: Ferrothorn|Ferrothorn, F|100/100
|turn|17
|
|t:|1662683076
|switch|p1a: Corviknight|Corviknight, M|16/100
|move|p2a: Ferrothorn|Power Whip|p1a: Corviknight
|-resisted|p1a: Corviknight
|-damage|p1a: Corviknight|11/100
|-damage|p2a: Ferrothorn|84/100|[from] item: Rocky Helmet|[of] p1a: Corviknight
|
|-heal|p2a: Ferrothorn|90/100|[from] item: Leftovers
|upkeep
|turn|18
|
|t:|1662683080
|switch|p2a: Nidoking|Nidoking, M|95/100
|move|p1a: Corviknight|Roost|p1a: Corviknight
|-heal|p1a: Corviknight|61/100
|-singleturn|p1a: Corviknight|move: Roost
|
|upkeep
|turn|19
|
|t:|1662683083
|switch|p1a: Tapu Lele|Tapu Lele|100/100
|move|p2a: Nidoking|Flamethrower|p1a: Tapu Lele
|-damage|p1a: Tapu Lele|54/100
|
|upkeep
|turn|20
|
|t:|1662683088
|switch|p2a: Slowbro|Slowbro, F|62/100
|move|p1a: Tapu Lele|Focus Blast|p2a: Slowbro
|-resisted|p2a: Slowbro
|-damage|p2a: Slowbro|47/100
|
|-fieldend|move: Psychic Terrain
|upkeep
|turn|21
|
|t:|1662683091
|move|p1a: Tapu Lele|Focus Blast|p2a: Slowbro
|-resisted|p2a: Slowbro
|-damage|p2a: Slowbro|32/100
|move|p2a: Slowbro|Teleport|p2a: Slowbro
|
|t:|1662683097
|switch|p2a: Ferrothorn|Ferrothorn, F|90/100|[from]move: Teleport
|
|-heal|p2a: Ferrothorn|97/100|[from] item: Leftovers
|upkeep
|turn|22
|
|t:|1662683103
|switch|p2a: Slowbro|Slowbro, F|65/100
|move|p1a: Tapu Lele|Focus Blast|p2a: Slowbro|[miss]
|-miss|p1a: Tapu Lele|p2a: Slowbro
|
|upkeep
|turn|23
|
|t:|1662683107
|switch|p1a: Ninetales|Ninetales-Alola, F|42/100
|-weather|Hail|[from] ability: Snow Warning|[of] p1a: Ninetales
|move|p2a: Slowbro|Future Sight|p1a: Ninetales
|-start|p2a: Slowbro|move: Future Sight
|
|-weather|Hail|[upkeep]
|-damage|p2a: Slowbro|59/100|[from] Hail
|upkeep
|turn|24
|
|t:|1662683110
|switch|p2a: Ferrothorn|Ferrothorn, F|97/100
|move|p1a: Ninetales|Aurora Veil|p1a: Ninetales
|-sidestart|p1: Max358|move: Aurora Veil
|
|-weather|Hail|[upkeep]
|-damage|p2a: Ferrothorn|90/100|[from] Hail
|-heal|p2a: Ferrothorn|97/100|[from] item: Leftovers
|upkeep
|turn|25
|
|t:|1662683116
|switch|p1a: Corviknight|Corviknight, M|61/100
|move|p2a: Ferrothorn|Knock Off|p1a: Corviknight
|-damage|p1a: Corviknight|54/100
|-damage|p2a: Ferrothorn|80/100|[from] item: Rocky Helmet|[of] p1a: Corviknight
|-enditem|p1a: Corviknight|Rocky Helmet|[from] move: Knock Off|[of] p2a: Ferrothorn
|
|-weather|Hail|[upkeep]
|-damage|p1a: Corviknight|48/100|[from] Hail
|-damage|p2a: Ferrothorn|74/100|[from] Hail
|-end|p1a: Corviknight|move: Future Sight
|-resisted|p1a: Corviknight
|-damage|p1a: Corviknight|38/100
|-heal|p2a: Ferrothorn|80/100|[from] item: Leftovers
|upkeep
|turn|26
|
|t:|1662683120
|switch|p2a: Nidoking|Nidoking, M|95/100
|move|p1a: Corviknight|U-turn|p2a: Nidoking
|-resisted|p2a: Nidoking
|-damage|p2a: Nidoking|85/100
|
|t:|1662683123
|switch|p1a: Tapu Lele|Tapu Lele|54/100|[from]move: U-turn
|-fieldstart|move: Psychic Terrain|[from] ability: Psychic Surge|[of] p1a: Tapu Lele
|
|-weather|Hail|[upkeep]
|-damage|p1a: Tapu Lele|48/100|[from] Hail
|-damage|p2a: Nidoking|79/100|[from] Hail
|upkeep
|turn|27
|
|t:|1662683134
|switch|p2a: Ferrothorn|Ferrothorn, F|80/100
|move|p1a: Tapu Lele|Psyshock|p2a: Ferrothorn
|-resisted|p2a: Ferrothorn
|-damage|p2a: Ferrothorn|59/100
|
|-weather|none
|-heal|p2a: Ferrothorn|65/100|[from] item: Leftovers
|upkeep
|turn|28
|
|t:|1662683137
|switch|p1a: Corviknight|Corviknight, M|38/100
|move|p2a: Ferrothorn|Leech Seed|p1a: Corviknight
|-start|p1a: Corviknight|move: Leech Seed
|
|-heal|p2a: Ferrothorn|72/100|[from] item: Leftovers
|-damage|p1a: Corviknight|25/100|[from] Leech Seed|[of] p2a: Ferrothorn
|-heal|p2a: Ferrothorn|85/100|[silent]
|-sideend|p1: Max358|move: Aurora Veil
|upkeep
|turn|29
|
|t:|1662683146
|switch|p2a: Slowbro|Slowbro, F|93/100
|move|p1a: Corviknight|U-turn|p2a: Slowbro
|-supereffective|p2a: Slowbro
|-damage|p2a: Slowbro|68/100
|
|t:|1662683150
|switch|p1a: Tapu Lele|Tapu Lele|48/100|[from]move: U-turn
|
|upkeep
|turn|30
|
|t:|1662683157
|move|p1a: Tapu Lele|Thunderbolt|p2a: Slowbro
|-supereffective|p2a: Slowbro
|-damage|p2a: Slowbro|22/100
|move|p2a: Slowbro|Teleport|p2a: Slowbro
|
|t:|1662683159
|switch|p2a: Nidoking|Nidoking, M|79/100|[from]move: Teleport
|
|-fieldend|move: Psychic Terrain
|upkeep
|turn|31
|
|t:|1662683166
|switch|p1a: Ninetales|Ninetales-Alola, F|42/100
|-weather|Hail|[from] ability: Snow Warning|[of] p1a: Ninetales
|move|p2a: Nidoking|Flamethrower|p1a: Ninetales
|-supereffective|p1a: Ninetales
|-damage|p1a: Ninetales|0 fnt
|faint|p1a: Ninetales
|
|-weather|Hail|[upkeep]
|-damage|p2a: Nidoking|73/100|[from] Hail
|upkeep
|
|t:|1662683168
|switch|p1a: Tapu Lele|Tapu Lele|48/100
|-fieldstart|move: Psychic Terrain|[from] ability: Psychic Surge|[of] p1a: Tapu Lele
|turn|32
|
|t:|1662683175
|switch|p1a: Corviknight|Corviknight, M|25/100
|switch|p2a: Slowbro|Slowbro, F|55/100
|
|-weather|Hail|[upkeep]
|-damage|p1a: Corviknight|19/100|[from] Hail
|-damage|p2a: Slowbro|49/100|[from] Hail
|upkeep
|turn|33
|
|t:|1662683179
|move|p1a: Corviknight|U-turn|p2a: Slowbro
|-supereffective|p2a: Slowbro
|-damage|p2a: Slowbro|26/100
|
|t:|1662683181
|switch|p1a: Tapu Lele|Tapu Lele|48/100|[from]move: U-turn
|move|p2a: Slowbro|Slack Off|p2a: Slowbro
|-heal|p2a: Slowbro|76/100
|
|-weather|Hail|[upkeep]
|-damage|p1a: Tapu Lele|42/100|[from] Hail
|-damage|p2a: Slowbro|70/100|[from] Hail
|upkeep
|turn|34
|
|t:|1662683184
|switch|p1a: Corviknight|Corviknight, M|19/100
|move|p2a: Slowbro|Teleport|p2a: Slowbro
|
|t:|1662683187
|switch|p2a: Nidoking|Nidoking, M|73/100|[from]move: Teleport
|
|-weather|Hail|[upkeep]
|-damage|p2a: Nidoking|67/100|[from] Hail
|-damage|p1a: Corviknight|13/100|[from] Hail
|upkeep
|turn|35
|-message|Max358 forfeited.
|
|win|Greengamer12
|raw|Max358's rating: 1311 &rarr; <strong>1293</strong><br />(-18 for losing)
|raw|Greengamer12's rating: 1341 &rarr; <strong>1359</strong><br />(+18 for winning)
|l|☆Max358
|c|☆Greengamer12|its over
||Ladder isn't responding, score probably updated but might not have (Request timeout).
