|j|☆BillionthLadderAlt
|j|☆ChiefGreenLeaf3
|t:|1668084765
|gametype|singles
|player|p1|BillionthLadderAlt|guitarist-gen4|1788
|player|p2|ChiefGreenLeaf3|266|1646
|teamsize|p1|6
|teamsize|p2|6
|gen|8
|tier|[Gen 8] OU
|rated|
|rule|Sleep Clause Mod: Limit one foe put to sleep
|rule|Species Clause: Limit one of each Pokémon
|rule|OHKO Clause: OHKO moves are banned
|rule|Evasion Items Clause: Evasion items are banned
|rule|Evasion Moves Clause: Evasion moves are banned
|rule|Endless Battle Clause: Forcing endless battles is banned
|rule|HP Percentage Mod: HP is shown in percentages
|rule|Dynamax Clause: You cannot dynamax
|clearpoke
|poke|p1|Sandaconda, M|
|poke|p1|Togekiss, M|
|poke|p1|Jirachi|
|poke|p1|Corviknight, F|
|poke|p1|Melmetal|
|poke|p1|Slowbro-Galar, M|
|poke|p2|Ninetales-Alola, M|
|poke|p2|Excadrill, M|
|poke|p2|Zapdos|
|poke|p2|Volcarona, M|
|poke|p2|Garchomp, M|
|poke|p2|Gastrodon-East, M|
|teampreview
|inactive|Battle timer is ON: inactive players will automatically lose when time's up. (requested by BillionthLadderAlt)
|inactive|ChiefGreenLeaf3 has 120 seconds left.
|
|t:|1668084821
|start
|switch|p1a: Mr. Sandman|Sandaconda, M|100/100
|switch|p2a: Garchomp|Garchomp, M|100/100
|turn|1
|
|t:|1668084837
|move|p2a: Garchomp|Stealth Rock|p1a: Mr. Sandman
|-sidestart|p1: BillionthLadderAlt|move: Stealth Rock
|move|p1a: Mr. Sandman|Glare|p2a: Garchomp
|-status|p2a: Garchomp|par
|
|upkeep
|turn|2
|
|t:|1668084840
|move|p1a: Mr. Sandman|Stealth Rock|p2a: Garchomp
|-sidestart|p2: ChiefGreenLeaf3|move: Stealth Rock
|move|p2a: Garchomp|Toxic|p1a: Mr. Sandman
|-status|p1a: Mr. Sandman|tox
|
|-damage|p1a: Mr. Sandman|94/100 tox|[from] psn
|upkeep
|turn|3
|
|t:|1668084843
|move|p1a: Mr. Sandman|Earthquake|p2a: Garchomp
|-damage|p2a: Garchomp|73/100 par
|move|p2a: Garchomp|Earthquake|p1a: Mr. Sandman
|-damage|p1a: Mr. Sandman|57/100 tox
|
|-activate|p1a: Mr. Sandman|ability: Shed Skin
|-curestatus|p1a: Mr. Sandman|tox|[msg]
|-heal|p1a: Mr. Sandman|63/100|[from] item: Leftovers
|-heal|p2a: Garchomp|79/100 par|[from] item: Leftovers
|upkeep
|turn|4
|
|t:|1668084846
|move|p1a: Mr. Sandman|Earthquake|p2a: Garchomp
|-damage|p2a: Garchomp|50/100 par
|move|p2a: Garchomp|Earthquake|p1a: Mr. Sandman
|-damage|p1a: Mr. Sandman|26/100
|
|-heal|p1a: Mr. Sandman|32/100|[from] item: Leftovers
|-heal|p2a: Garchomp|57/100 par|[from] item: Leftovers
|upkeep
|turn|5
|
|t:|1668084849
|move|p1a: Mr. Sandman|Rest|p1a: Mr. Sandman
|-status|p1a: Mr. Sandman|slp|[from] move: Rest
|-heal|p1a: Mr. Sandman|100/100 slp|[silent]
|move|p2a: Garchomp|Earthquake|p1a: Mr. Sandman
|-damage|p1a: Mr. Sandman|66/100 slp
|
|-activate|p1a: Mr. Sandman|ability: Shed Skin
|-curestatus|p1a: Mr. Sandman|slp|[msg]
|-heal|p1a: Mr. Sandman|72/100|[from] item: Leftovers
|-heal|p2a: Garchomp|63/100 par|[from] item: Leftovers
|upkeep
|turn|6
|
|t:|1668084859
|switch|p1a: Dove|Togekiss, M|100/100
|move|p2a: Garchomp|Toxic|p1a: Dove
|-status|p1a: Dove|tox
|
|-heal|p2a: Garchomp|69/100 par|[from] item: Leftovers
|-damage|p1a: Dove|94/100 tox|[from] psn
|upkeep
|turn|7
|
|t:|1668084864
|cant|p2a: Garchomp|par
|move|p1a: Dove|Air Slash|p2a: Garchomp
|-damage|p2a: Garchomp|32/100 par
|
|-heal|p2a: Garchomp|38/100 par|[from] item: Leftovers
|-damage|p1a: Dove|82/100 tox|[from] psn
|upkeep
|turn|8
|
|t:|1668084872
|cant|p2a: Garchomp|par
|move|p1a: Dove|Air Slash|p2a: Garchomp
|-damage|p2a: Garchomp|6/100 par
|
|-heal|p2a: Garchomp|12/100 par|[from] item: Leftovers
|-damage|p1a: Dove|64/100 tox|[from] psn
|upkeep
|turn|9
|
|t:|1668084877
|switch|p2a: Zapdos|Zapdos|100/100
|move|p1a: Dove|Air Slash|p2a: Zapdos
|-resisted|p2a: Zapdos
|-damage|p2a: Zapdos|78/100
|
|-damage|p1a: Dove|39/100 tox|[from] psn
|upkeep
|turn|10
|
|t:|1668084880
|move|p2a: Zapdos|Roost|p2a: Zapdos
|-heal|p2a: Zapdos|100/100
|-singleturn|p2a: Zapdos|move: Roost
|move|p1a: Dove|Flamethrower|p2a: Zapdos
|-damage|p2a: Zapdos|68/100
|
|-damage|p1a: Dove|9/100 tox|[from] psn
|upkeep
|turn|11
|
|t:|1668084883
|move|p2a: Zapdos|Roost|p2a: Zapdos
|-heal|p2a: Zapdos|100/100
|-singleturn|p2a: Zapdos|move: Roost
|move|p1a: Dove|Flamethrower|p2a: Zapdos
|-damage|p2a: Zapdos|65/100
|
|-damage|p1a: Dove|0 fnt|[from] psn
|faint|p1a: Dove
|upkeep
|
|t:|1668084888
|switch|p1a: Bolt Beef|Melmetal|100/100
|-damage|p1a: Bolt Beef|94/100|[from] Stealth Rock
|turn|12
|
|t:|1668084899
|switch|p2a: Garchomp|Garchomp, M|12/100 par
|-damage|p2a: Garchomp|6/100 par|[from] Stealth Rock
|move|p1a: Bolt Beef|Ice Punch|p2a: Garchomp
|-supereffective|p2a: Garchomp
|-damage|p2a: Garchomp|0 fnt
|-damage|p1a: Bolt Beef|82/100|[from] ability: Rough Skin|[of] p2a: Garchomp
|faint|p2a: Garchomp
|
|upkeep
|
|t:|1668084901
|switch|p2a: Excadrill|Excadrill, M|100/100
|-damage|p2a: Excadrill|97/100|[from] Stealth Rock
|-ability|p2a: Excadrill|Mold Breaker
|turn|13
|
|t:|1668084905
|move|p2a: Excadrill|Rapid Spin|p1a: Bolt Beef
|-resisted|p1a: Bolt Beef
|-damage|p1a: Bolt Beef|74/100
|-boost|p2a: Excadrill|spe|1
|-sideend|p2: ChiefGreenLeaf3|Stealth Rock|[from] move: Rapid Spin|[of] p2a: Excadrill
|move|p1a: Bolt Beef|Earthquake|p2a: Excadrill
|-supereffective|p2a: Excadrill
|-damage|p2a: Excadrill|0 fnt
|faint|p2a: Excadrill
|
|upkeep
|
|t:|1668084919
|switch|p2a: Ninetales|Ninetales-Alola, M|100/100
|-weather|Hail|[from] ability: Snow Warning|[of] p2a: Ninetales
|turn|14
|
|t:|1668084921
|switch|p2a: Zapdos|Zapdos|65/100
|move|p1a: Bolt Beef|Double Iron Bash|p2a: Zapdos
|-resisted|p2a: Zapdos
|-damage|p2a: Zapdos|39/100
|-resisted|p2a: Zapdos
|-damage|p2a: Zapdos|11/100
|-hitcount|p2a: Zapdos|2
|
|-weather|Hail|[upkeep]
|-damage|p2a: Zapdos|5/100|[from] Hail
|-damage|p1a: Bolt Beef|68/100|[from] Hail
|upkeep
|turn|15
|-activate|p1a: Bolt Beef|item: Quick Claw
|
|t:|1668084927
|move|p1a: Bolt Beef|Earthquake|p2a: Zapdos
|-immune|p2a: Zapdos
|move|p2a: Zapdos|Heat Wave|p1a: Bolt Beef
|-supereffective|p1a: Bolt Beef
|-damage|p1a: Bolt Beef|3/100
|
|-weather|Hail|[upkeep]
|-damage|p2a: Zapdos|0 fnt|[from] Hail
|-damage|p1a: Bolt Beef|0 fnt|[from] Hail
|faint|p2a: Zapdos
|faint|p1a: Bolt Beef
|upkeep
|
|t:|1668084941
|switch|p2a: Gary|Gastrodon-East, M, shiny|100/100
|switch|p1a: Mr. Sandman|Sandaconda, M|72/100
|-damage|p1a: Mr. Sandman|66/100|[from] Stealth Rock
|turn|16
|
|t:|1668084948
|move|p1a: Mr. Sandman|Glare|p2a: Gary
|-status|p2a: Gary|par
|cant|p2a: Gary|par
|
|-weather|Hail|[upkeep]
|-damage|p1a: Mr. Sandman|60/100|[from] Hail
|-damage|p2a: Gary|94/100 par|[from] Hail
|-heal|p1a: Mr. Sandman|66/100|[from] item: Leftovers
|upkeep
|turn|17
|
|t:|1668084960
|switch|p1a: Emo Dove|Corviknight, F|100/100
|-damage|p1a: Emo Dove|88/100|[from] Stealth Rock
|-ability|p1a: Emo Dove|Pressure
|move|p2a: Gary|Scald|p1a: Emo Dove
|-damage|p1a: Emo Dove|64/100
|-status|p1a: Emo Dove|brn
|
|-weather|Hail|[upkeep]
|-damage|p1a: Emo Dove|57/100 brn|[from] Hail
|-damage|p2a: Gary|88/100 par|[from] Hail
|-heal|p1a: Emo Dove|64/100 brn|[from] item: Leftovers
|-damage|p1a: Emo Dove|57/100 brn|[from] brn
|upkeep
|turn|18
|
|t:|1668084967
|move|p1a: Emo Dove|Defog|p2a: Gary
|-unboost|p2a: Gary|evasion|1
|-sideend|p1: BillionthLadderAlt|Stealth Rock|[from] move: Defog|[of] p1a: Emo Dove
|cant|p2a: Gary|par
|
|-weather|none
|-heal|p1a: Emo Dove|64/100 brn|[from] item: Leftovers
|-damage|p1a: Emo Dove|57/100 brn|[from] brn
|upkeep
|turn|19
|
|t:|1668084973
|switch|p1a: Polaris|Jirachi|100/100
|move|p2a: Gary|Scald|p1a: Polaris
|-damage|p1a: Polaris|80/100
|-status|p1a: Polaris|brn
|
|-damage|p1a: Polaris|74/100 brn|[from] brn
|upkeep
|turn|20
|
|t:|1668084977
|move|p1a: Polaris|Iron Head|p2a: Gary
|-resisted|p2a: Gary
|-damage|p2a: Gary|78/100 par
|move|p2a: Gary|Earthquake|p1a: Polaris
|-supereffective|p1a: Polaris
|-damage|p1a: Polaris|21/100 brn
|
|-damage|p1a: Polaris|15/100 brn|[from] brn
|upkeep
|turn|21
|
|t:|1668084980
|move|p1a: Polaris|Wish|p1a: Polaris
|move|p2a: Gary|Earthquake|p1a: Polaris
|-supereffective|p1a: Polaris
|-damage|p1a: Polaris|0 fnt
|faint|p1a: Polaris
|
|upkeep
|
|t:|1668084985
|switch|p1a: Lucky Luke|Slowbro-Galar, M, shiny|100/100
|turn|22
|
|t:|1668084987
|move|p1a: Lucky Luke|Nasty Plot|p1a: Lucky Luke
|-boost|p1a: Lucky Luke|spa|2
|cant|p2a: Gary|par
|
|upkeep
|turn|23
|-activate|p1a: Lucky Luke|item: Quick Claw
|
|t:|1668084993
|move|p1a: Lucky Luke|Psyshock|p2a: Gary
|-damage|p2a: Gary|0 fnt
|faint|p2a: Gary
|
|upkeep
|
|t:|1668084999
|switch|p2a: Ninetales|Ninetales-Alola, M|100/100
|-weather|Hail|[from] ability: Snow Warning|[of] p2a: Ninetales
|turn|24
|-activate|p1a: Lucky Luke|ability: Quick Draw
|
|t:|1668085001
|move|p1a: Lucky Luke|Psyshock|p2a: Ninetales
|-damage|p2a: Ninetales|0 fnt
|faint|p2a: Ninetales
|
|-weather|Hail|[upkeep]
|-damage|p1a: Lucky Luke|94/100|[from] Hail
|upkeep
|
|t:|1668085003
|switch|p2a: Volcarona|Volcarona, M|100/100
|turn|25
|
|t:|1668085006
|move|p2a: Volcarona|Quiver Dance|p2a: Volcarona
|-boost|p2a: Volcarona|spa|1
|-boost|p2a: Volcarona|spd|1
|-boost|p2a: Volcarona|spe|1
|move|p1a: Lucky Luke|Psyshock|p2a: Volcarona
|-damage|p2a: Volcarona|26/100
|
|-weather|Hail|[upkeep]
|-damage|p2a: Volcarona|20/100|[from] Hail
|-damage|p1a: Lucky Luke|88/100|[from] Hail
|upkeep
|turn|26
|
|t:|1668085009
|move|p2a: Volcarona|Roost|p2a: Volcarona
|-heal|p2a: Volcarona|70/100
|-singleturn|p2a: Volcarona|move: Roost
|move|p1a: Lucky Luke|Psyshock|p2a: Volcarona
|-crit|p2a: Volcarona
|-damage|p2a: Volcarona|0 fnt
|faint|p2a: Volcarona
|
|win|BillionthLadderAlt
|raw|BillionthLadderAlt's rating: 1788 &rarr; <strong>1800</strong><br />(+12 for winning)
|raw|ChiefGreenLeaf3's rating: 1646 &rarr; <strong>1634</strong><br />(-12 for losing)
|c|☆BillionthLadderAlt|gg
|c|☆ChiefGreenLeaf3|pls l2p
|c|☆ChiefGreenLeaf3|I clear smog on the para turn
|c|☆ChiefGreenLeaf3|u are very bad
|c|☆BillionthLadderAlt|still, u got put down huh
||Ladder isn't responding, score probably updated but might not have (Request timeout).
|c|☆ChiefGreenLeaf3|how did I get put down?
|c|☆BillionthLadderAlt|besides i could just np until i got the para lol
|c|☆ChiefGreenLeaf3|what did u do as a player
|c|☆BillionthLadderAlt|win the game
|c|☆ChiefGreenLeaf3|just wait for rng
|c|☆ChiefGreenLeaf3|lmfao
|c|☆BillionthLadderAlt|thanks for your ladder points
|c|☆ChiefGreenLeaf3|literally learn to play
