|j|☆Z-Ares_Llameante
|j|☆A
|player|p1|Z-Ares_Llameante|49|1694
|player|p2|A|clemont|1648
|teamsize|p1|6
|teamsize|p2|6
|gametype|singles
|gen|8
|tier|[Gen 8] OU
|rated|
|clearpoke
|poke|p1|Volcarona, M|
|poke|p1|Pelipper, M|
|poke|p1|Kingdra, F|
|poke|p1|Ferrothorn, M|
|poke|p1|Crawdaunt, M|
|poke|p1|Weezing-Galar, F|
|poke|p2|Chansey, F|
|poke|p2|Arcanine, F|
|poke|p2|Toxapex, M|
|poke|p2|Magearna|
|poke|p2|Kommo-o, M|
|poke|p2|Urshifu, F|
|rule|Sleep Clause Mod: Limit one foe put to sleep
|rule|Species Clause: Limit one of each Pokémon
|rule|OHKO Clause: OHKO moves are banned
|rule|Evasion Moves Clause: Evasion moves are banned
|rule|Endless Battle Clause: Forcing endless battles is banned
|rule|HP Percentage Mod: HP is shown in percentages
|rule|Dynamax Clause: You cannot dynamax
|teampreview
|inactive|Battle timer is ON: inactive players will automatically lose when time's up. (requested by A)
|
|start
|switch|p1a: Weezing|Weezing-Galar, F|100/100
|switch|p2a: cancer|Urshifu, F|100/100
|turn|1
|
|move|p2a: cancer|U-turn|p1a: Weezing
|-resisted|p1a: Weezing
|-damage|p1a: Weezing|92/100
|
|switch|p2a: BEST GIRL|Chansey, F, shiny|100/100|[from]move: U-turn
|move|p1a: Weezing|Thunder|p2a: BEST GIRL
|-damage|p2a: BEST GIRL|91/100
|-status|p2a: BEST GIRL|par
|
|-heal|p1a: Weezing|98/100|[from] item: Black Sludge
|upkeep
|turn|2
|
|switch|p1a: Ferrothorn|Ferrothorn, M|100/100
|switch|p2a: cool laddy|Kommo-o, M|100/100
|
|upkeep
|turn|3
|
|move|p2a: cool laddy|Stealth Rock|p1a: Ferrothorn
|-sidestart|p1: Z-Ares_Llameante|move: Stealth Rock
|move|p1a: Ferrothorn|Spikes|p2a: cool laddy
|-sidestart|p2: A|Spikes
|
|upkeep
|turn|4
|
|switch|p1a: Weezing|Weezing-Galar, F|98/100
|-damage|p1a: Weezing|86/100|[from] Stealth Rock
|move|p2a: cool laddy|Flamethrower|p1a: Weezing
|-damage|p1a: Weezing|57/100
|
|-heal|p1a: Weezing|63/100|[from] item: Black Sludge
|upkeep
|turn|5
|
|switch|p2a: reverse alembic|Magearna|100/100
|-damage|p2a: reverse alembic|88/100|[from] Spikes
|move|p1a: Weezing|Strange Steam|p2a: reverse alembic
|-resisted|p2a: reverse alembic
|-damage|p2a: reverse alembic|80/100
|
|-heal|p1a: Weezing|70/100|[from] item: Black Sludge
|upkeep
|turn|6
|
|switch|p1a: Ferrothorn|Ferrothorn, M|100/100
|-damage|p1a: Ferrothorn|94/100|[from] Stealth Rock
|move|p2a: reverse alembic|Volt Switch|p1a: Ferrothorn
|-resisted|p1a: Ferrothorn
|-damage|p1a: Ferrothorn|88/100
|
|switch|p2a: cancer|Urshifu, F|100/100|[from]move: Volt Switch
|-damage|p2a: cancer|88/100|[from] Spikes
|
|-heal|p1a: Ferrothorn|94/100|[from] item: Leftovers
|upkeep
|turn|7
|
|move|p2a: cancer|Wicked Blow|p1a: Ferrothorn
|-crit|p1a: Ferrothorn
|-damage|p1a: Ferrothorn|25/100
|-damage|p2a: cancer|76/100|[from] ability: Iron Barbs|[of] p1a: Ferrothorn
|move|p1a: Ferrothorn|Stealth Rock|p2a: cancer
|-sidestart|p2: A|move: Stealth Rock
|
|-heal|p1a: Ferrothorn|31/100|[from] item: Leftovers
|upkeep
|turn|8
|inactive|Z-Ares_Llameante has 120 seconds left.
|
|switch|p1a: Weezing|Weezing-Galar, F|70/100
|-damage|p1a: Weezing|57/100|[from] Stealth Rock
|move|p2a: cancer|Wicked Blow|p1a: Weezing
|-resisted|p1a: Weezing
|-crit|p1a: Weezing
|-damage|p1a: Weezing|14/100
|
|-heal|p1a: Weezing|20/100|[from] item: Black Sludge
|upkeep
|turn|9
|inactive|Z-Ares_Llameante has 120 seconds left.
|inactive|Z-Ares_Llameante has 90 seconds left.
|
|switch|p1a: Pelipper|Pelipper, M|100/100
|-damage|p1a: Pelipper|76/100|[from] Stealth Rock
|-weather|RainDance|[from] ability: Drizzle|[of] p1a: Pelipper
|move|p2a: cancer|Wicked Blow|p1a: Pelipper
|-crit|p1a: Pelipper
|-damage|p1a: Pelipper|6/100
|
|-weather|RainDance|[upkeep]
|upkeep
|turn|10
|inactive|Z-Ares_Llameante has 90 seconds left.
|
|move|p2a: cancer|Wicked Blow|p1a: Pelipper
|-crit|p1a: Pelipper
|-damage|p1a: Pelipper|0 fnt
|faint|p1a: Pelipper
|
|-weather|RainDance|[upkeep]
|upkeep
|inactive|Z-Ares_Llameante has 90 seconds left.
|
|switch|p1a: Kingdra|Kingdra, F|100/100
|-damage|p1a: Kingdra|88/100|[from] Stealth Rock
|turn|11
|inactive|Z-Ares_Llameante has 90 seconds left.
|
|switch|p1a: Crawdaunt|Crawdaunt, M|100/100
|-damage|p1a: Crawdaunt|88/100|[from] Stealth Rock
|switch|p2a: lamer than me|Toxapex, M|100/100
|-damage|p2a: lamer than me|88/100|[from] Stealth Rock
|-damage|p2a: lamer than me|75/100|[from] Spikes
|
|-weather|RainDance|[upkeep]
|-heal|p2a: lamer than me|82/100|[from] item: Black Sludge
|upkeep
|turn|12
|
|move|p1a: Crawdaunt|Swords Dance|p1a: Crawdaunt
|-boost|p1a: Crawdaunt|atk|2
|move|p2a: lamer than me|Toxic|p1a: Crawdaunt
|-status|p1a: Crawdaunt|tox
|
|-weather|RainDance|[upkeep]
|-heal|p2a: lamer than me|88/100|[from] item: Black Sludge
|-damage|p1a: Crawdaunt|82/100 tox|[from] psn
|upkeep
|turn|13
|
|switch|p2a: cool laddy|Kommo-o, M|100/100
|-damage|p2a: cool laddy|95/100|[from] Stealth Rock
|-damage|p2a: cool laddy|82/100|[from] Spikes
|move|p1a: Crawdaunt|Knock Off|p2a: cool laddy
|-resisted|p2a: cool laddy
|-damage|p2a: cool laddy|38/100
|-damage|p1a: Crawdaunt|66/100 tox|[from] item: Rocky Helmet|[of] p2a: cool laddy
|-enditem|p2a: cool laddy|Rocky Helmet|[from] move: Knock Off|[of] p1a: Crawdaunt
|
|-weather|RainDance|[upkeep]
|-damage|p1a: Crawdaunt|54/100 tox|[from] psn
|upkeep
|turn|14
|inactive|Z-Ares_Llameante has 90 seconds left.
|
|switch|p2a: lamer than me|Toxapex, M|100/100
|-damage|p2a: lamer than me|88/100|[from] Spikes
|-damage|p2a: lamer than me|75/100|[from] Stealth Rock
|move|p1a: Crawdaunt|Aqua Jet|p2a: lamer than me
|-resisted|p2a: lamer than me
|-damage|p2a: lamer than me|43/100
|
|-weather|RainDance|[upkeep]
|-heal|p2a: lamer than me|50/100|[from] item: Black Sludge
|-damage|p1a: Crawdaunt|36/100 tox|[from] psn
|upkeep
|turn|15
|inactive|Z-Ares_Llameante has 90 seconds left.
|
|switch|p2a: cool laddy|Kommo-o, M|38/100
|-damage|p2a: cool laddy|26/100|[from] Spikes
|-damage|p2a: cool laddy|20/100|[from] Stealth Rock
|move|p1a: Crawdaunt|Crabhammer|p2a: cool laddy|[miss]
|-miss|p1a: Crawdaunt|p2a: cool laddy
|
|-weather|RainDance|[upkeep]
|-damage|p1a: Crawdaunt|12/100 tox|[from] psn
|upkeep
|turn|16
|
|move|p1a: Crawdaunt|Crabhammer|p2a: cool laddy
|-resisted|p2a: cool laddy
|-damage|p2a: cool laddy|0 fnt
|faint|p2a: cool laddy
|
|-weather|none
|-damage|p1a: Crawdaunt|0 fnt|[from] psn
|faint|p1a: Crawdaunt
|upkeep
|
|switch|p1a: Volcarona|Volcarona, M|100/100
|switch|p2a: BEST GIRL|Chansey, F, shiny|91/100
|-damage|p2a: BEST GIRL|79/100|[from] Stealth Rock
|-damage|p2a: BEST GIRL|66/100|[from] Spikes
|turn|17
|inactive|Z-Ares_Llameante has 60 seconds left.
|
|switch|p1a: Ferrothorn|Ferrothorn, M|31/100
|-damage|p1a: Ferrothorn|25/100|[from] Stealth Rock
|move|p2a: BEST GIRL|Toxic|p1a: Ferrothorn
|-immune|p1a: Ferrothorn
|
|-heal|p1a: Ferrothorn|31/100|[from] item: Leftovers
|upkeep
|turn|18
|inactive|Z-Ares_Llameante has 60 seconds left.
|
|move|p2a: BEST GIRL|Soft-Boiled|p2a: BEST GIRL
|-heal|p2a: BEST GIRL|100/100
|move|p1a: Ferrothorn|Knock Off|p2a: BEST GIRL
|-damage|p2a: BEST GIRL|87/100
|-enditem|p2a: BEST GIRL|Eviolite|[from] move: Knock Off|[of] p1a: Ferrothorn
|
|-heal|p1a: Ferrothorn|37/100|[from] item: Leftovers
|upkeep
|turn|19
|inactive|Z-Ares_Llameante has 60 seconds left.
|j| estarossa
|
|move|p2a: BEST GIRL|Seismic Toss|p1a: Ferrothorn
|-damage|p1a: Ferrothorn|8/100
|-damage|p2a: BEST GIRL|75/100|[from] ability: Iron Barbs|[of] p1a: Ferrothorn
|move|p1a: Ferrothorn|Leech Seed|p2a: BEST GIRL
|-start|p2a: BEST GIRL|move: Leech Seed
|
|-heal|p1a: Ferrothorn|14/100|[from] item: Leftovers
|-damage|p2a: BEST GIRL|63/100|[from] Leech Seed|[of] p1a: Ferrothorn
|-heal|p1a: Ferrothorn|39/100|[silent]
|upkeep
|turn|20
|inactive|Z-Ares_Llameante has 60 seconds left.
|c|☆A|its rly knock leech
|
|switch|p2a: gamer girl|Arcanine, F, shiny|100/100
|-ability|p2a: gamer girl|Intimidate|boost
|-unboost|p1a: Ferrothorn|atk|1
|move|p1a: Ferrothorn|Spikes|p2a: gamer girl
|-sidestart|p2: A|Spikes
|
|-heal|p1a: Ferrothorn|45/100|[from] item: Leftovers
|upkeep
|turn|21
|
|switch|p1a: Kingdra|Kingdra, F|88/100
|-damage|p1a: Kingdra|76/100|[from] Stealth Rock
|move|p2a: gamer girl|Teleport|p2a: gamer girl
|
|switch|p2a: cancer|Urshifu, F|76/100|[from]move: Teleport
|-damage|p2a: cancer|70/100|[from] Stealth Rock
|-damage|p2a: cancer|53/100|[from] Spikes
|
|upkeep
|turn|22
|inactive|Z-Ares_Llameante has 60 seconds left.
|
|switch|p1a: Weezing|Weezing-Galar, F|20/100
|-damage|p1a: Weezing|8/100|[from] Stealth Rock
|move|p2a: cancer|Wicked Blow|p1a: Weezing
|-resisted|p1a: Weezing
|-crit|p1a: Weezing
|-damage|p1a: Weezing|0 fnt
|faint|p1a: Weezing
|
|upkeep
|
|switch|p1a: Volcarona|Volcarona, M|100/100
|turn|23
|
|move|p1a: Volcarona|Hurricane|p2a: cancer
|-supereffective|p2a: cancer
|-damage|p2a: cancer|0 fnt
|faint|p2a: cancer
|
|upkeep
|
|switch|p2a: BEST GIRL|Chansey, F, shiny|63/100
|-damage|p2a: BEST GIRL|46/100|[from] Spikes
|-damage|p2a: BEST GIRL|34/100|[from] Stealth Rock
|turn|24
|
|move|p1a: Volcarona|Fiery Dance|p2a: BEST GIRL
|-damage|p2a: BEST GIRL|18/100
|-boost|p1a: Volcarona|spa|1
|move|p2a: BEST GIRL|Soft-Boiled|p2a: BEST GIRL
|-heal|p2a: BEST GIRL|68/100
|
|upkeep
|turn|25
|
|switch|p1a: Ferrothorn|Ferrothorn, M|45/100
|-damage|p1a: Ferrothorn|39/100|[from] Stealth Rock
|move|p2a: BEST GIRL|Toxic|p1a: Ferrothorn
|-immune|p1a: Ferrothorn
|
|-heal|p1a: Ferrothorn|45/100|[from] item: Leftovers
|upkeep
|turn|26
|
|switch|p2a: gamer girl|Arcanine, F, shiny|100/100
|-ability|p2a: gamer girl|Intimidate|boost
|-unboost|p1a: Ferrothorn|atk|1
|move|p1a: Ferrothorn|Leech Seed|p2a: gamer girl
|-start|p2a: gamer girl|move: Leech Seed
|
|-heal|p1a: Ferrothorn|51/100|[from] item: Leftovers
|-damage|p2a: gamer girl|88/100|[from] Leech Seed|[of] p1a: Ferrothorn
|-heal|p1a: Ferrothorn|65/100|[silent]
|upkeep
|turn|27
|
|switch|p1a: Kingdra|Kingdra, F|76/100
|-damage|p1a: Kingdra|64/100|[from] Stealth Rock
|move|p2a: gamer girl|Flamethrower|p1a: Kingdra
|-resisted|p1a: Kingdra
|-damage|p1a: Kingdra|54/100
|
|-damage|p2a: gamer girl|76/100|[from] Leech Seed|[of] p1a: Kingdra
|-heal|p1a: Kingdra|70/100|[silent]
|upkeep
|turn|28
|
|switch|p2a: lamer than me|Toxapex, M|83/100
|-damage|p2a: lamer than me|66/100|[from] Spikes
|-damage|p2a: lamer than me|54/100|[from] Stealth Rock
|move|p1a: Kingdra|Draco Meteor|p2a: lamer than me
|-damage|p2a: lamer than me|0 fnt
|-unboost|p1a: Kingdra|spa|2
|faint|p2a: lamer than me
|
|upkeep
|l| estarossa
|
|switch|p2a: reverse alembic|Magearna|80/100
|-damage|p2a: reverse alembic|74/100|[from] Stealth Rock
|-damage|p2a: reverse alembic|57/100|[from] Spikes
|turn|29
|inactive|Z-Ares_Llameante has 90 seconds left.
|
|switch|p1a: Volcarona|Volcarona, M|100/100
|move|p2a: reverse alembic|Focus Blast|p1a: Volcarona
|-resisted|p1a: Volcarona
|-damage|p1a: Volcarona|85/100
|
|upkeep
|turn|30
|
|move|p1a: Volcarona|Quiver Dance|p1a: Volcarona
|-boost|p1a: Volcarona|spa|1
|-boost|p1a: Volcarona|spd|1
|-boost|p1a: Volcarona|spe|1
|move|p2a: reverse alembic|Volt Switch|p1a: Volcarona
|-damage|p1a: Volcarona|73/100
|-message|A forfeited.
|
|win|Z-Ares_Llameante
|l|☆A
|c|☆Z-Ares_Llameante|gg
|raw|Z-Ares_Llameante's rating: 1695 &rarr; <strong>1712</strong><br />(+17 for winning)
|raw|A's rating: 1646 &rarr; <strong>1629</strong><br />(-17 for losing)
