|j|☆IMSOMALD
|j|☆Pokemonissupercool
|t:|1652442551
|gametype|singles
|player|p1|IMSOMALD|n|1635
|player|p2|Pokemonissupercool|265|1622
|teamsize|p1|6
|teamsize|p2|6
|gen|8
|tier|[Gen 8] OU
|rated|
|rule|Sleep Clause Mod: Limit one foe put to sleep
|rule|Species Clause: Limit one of each Pokémon
|rule|OHKO Clause: OHKO moves are banned
|rule|Evasion Moves Clause: Evasion moves are banned
|rule|Endless Battle Clause: Forcing endless battles is banned
|rule|HP Percentage Mod: HP is shown in percentages
|rule|Dynamax Clause: You cannot dynamax
|clearpoke
|poke|p1|Gastrodon, F|
|poke|p1|Kartana|
|poke|p1|Torkoal, M|
|poke|p1|Mandibuzz, F|
|poke|p1|Heatran, M|
|poke|p1|Dragapult, F|
|poke|p2|Heracross, F|
|poke|p2|Bisharp, M|
|poke|p2|Landorus-Therian, M|
|poke|p2|Dragapult, M|
|poke|p2|Tapu Lele|
|poke|p2|Tyranitar, F|
|teampreview
|j| DA COME UP ★彡
|inactive|Battle timer is ON: inactive players will automatically lose when time's up. (requested by IMSOMALD)
|inactive|IMSOMALD has 120 seconds left.
|inactive|Pokemonissupercool has 120 seconds left.
|inactive|IMSOMALD has 90 seconds left.
|inactive|Pokemonissupercool has 90 seconds left.
|
|t:|1652442642
|start
|switch|p1a: Torkoal|Torkoal, M|100/100
|switch|p2a: Landorus|Landorus-Therian, M|100/100
|-ability|p2a: Landorus|Intimidate|boost
|-unboost|p1a: Torkoal|atk|1
|-weather|SunnyDay|[from] ability: Drought|[of] p1a: Torkoal
|turn|1
|inactive|IMSOMALD has 120 seconds left.
|
|t:|1652442669
|switch|p1a: Mandibuzz|Mandibuzz, F|100/100
|move|p2a: Landorus|Smack Down|p1a: Mandibuzz
|-supereffective|p1a: Mandibuzz
|-damage|p1a: Mandibuzz|76/100
|-start|p1a: Mandibuzz|Smack Down
|
|-weather|SunnyDay|[upkeep]
|upkeep
|turn|2
|
|t:|1652442673
|move|p2a: Landorus|Earthquake|p1a: Mandibuzz
|-damage|p1a: Mandibuzz|34/100
|move|p1a: Mandibuzz|U-turn|p2a: Landorus
|-resisted|p2a: Landorus
|-damage|p2a: Landorus|95/100
|
|t:|1652442682
|switch|p1a: Kartana|Kartana|100/100|[from]move: U-turn
|
|-weather|SunnyDay|[upkeep]
|upkeep
|turn|3
|
|t:|1652442691
|move|p1a: Kartana|Solar Blade||[still]
|-prepare|p1a: Kartana|Solar Blade
|-anim|p1a: Kartana|Solar Blade|p2a: Landorus
|-damage|p2a: Landorus|0 fnt
|faint|p2a: Landorus
|-ability|p1a: Kartana|Beast Boost|boost
|-boost|p1a: Kartana|atk|1
|-damage|p1a: Kartana|91/100|[from] item: Life Orb
|
|-weather|SunnyDay|[upkeep]
|upkeep
|
|t:|1652442698
|switch|p2a: Dragapult|Dragapult, M|100/100
|turn|4
|
|t:|1652442705
|switch|p1a: Mandibuzz|Mandibuzz, F|34/100
|move|p2a: Dragapult|Shadow Ball|p1a: Mandibuzz
|-resisted|p1a: Mandibuzz
|-damage|p1a: Mandibuzz|20/100
|-unboost|p1a: Mandibuzz|spd|1
|
|-weather|SunnyDay|[upkeep]
|upkeep
|turn|5
|
|t:|1652442714
|move|p2a: Dragapult|Shadow Ball|p1a: Mandibuzz
|-resisted|p1a: Mandibuzz
|-damage|p1a: Mandibuzz|2/100
|move|p1a: Mandibuzz|Roost|p1a: Mandibuzz
|-heal|p1a: Mandibuzz|52/100
|-singleturn|p1a: Mandibuzz|move: Roost
|
|-weather|SunnyDay|[upkeep]
|upkeep
|turn|6
|
|t:|1652442726
|switch|p2a: Heracross|Heracross, F|100/100
|move|p1a: Mandibuzz|U-turn|p2a: Heracross
|-resisted|p2a: Heracross
|-damage|p2a: Heracross|94/100
|
|t:|1652442741
|switch|p1a: Dragapult|Dragapult, F|100/100|[from]move: U-turn
|
|-weather|SunnyDay|[upkeep]
|-status|p2a: Heracross|brn|[from] item: Flame Orb
|upkeep
|turn|7
|
|t:|1652442746
|switch|p2a: Tyranitar|Tyranitar, F|100/100
|-weather|Sandstorm|[from] ability: Sand Stream|[of] p2a: Tyranitar
|move|p1a: Dragapult|Draco Meteor|p2a: Tyranitar
|-damage|p2a: Tyranitar|60/100
|-unboost|p1a: Dragapult|spa|2
|
|-weather|Sandstorm|[upkeep]
|-damage|p1a: Dragapult|95/100|[from] Sandstorm
|-heal|p2a: Tyranitar|66/100|[from] item: Leftovers
|upkeep
|turn|8
|
|t:|1652442755
|switch|p1a: Torkoal|Torkoal, M|100/100
|-weather|SunnyDay|[from] ability: Drought|[of] p1a: Torkoal
|move|p2a: Tyranitar|Stone Edge|p1a: Torkoal
|-supereffective|p1a: Torkoal
|-damage|p1a: Torkoal|50/100
|
|-weather|SunnyDay|[upkeep]
|-heal|p2a: Tyranitar|73/100|[from] item: Leftovers
|upkeep
|turn|9
|
|t:|1652442765
|switch|p1a: Gastrodon|Gastrodon, F|100/100
|move|p2a: Tyranitar|Thunder Wave|p1a: Gastrodon
|-immune|p1a: Gastrodon
|
|-weather|SunnyDay|[upkeep]
|-heal|p2a: Tyranitar|79/100|[from] item: Leftovers
|upkeep
|turn|10
|
|t:|1652442778
|switch|p2a: Heracross|Heracross, F|94/100 brn
|move|p1a: Gastrodon|Weather Ball|p2a: Heracross
|-supereffective|p2a: Heracross
|-damage|p2a: Heracross|0 fnt
|faint|p2a: Heracross
|
|-weather|SunnyDay|[upkeep]
|upkeep
|
|t:|1652442793
|switch|p2a: Bisharp|Bisharp, M|100/100
|turn|11
|inactive|IMSOMALD has 120 seconds left.
|
|t:|1652442852
|move|p2a: Bisharp|Knock Off|p1a: Gastrodon
|-damage|p1a: Gastrodon|22/100
|-enditem|p1a: Gastrodon|Expert Belt|[from] move: Knock Off|[of] p2a: Bisharp
|move|p1a: Gastrodon|Weather Ball|p2a: Bisharp
|-supereffective|p2a: Bisharp
|-damage|p2a: Bisharp|0 fnt
|faint|p2a: Bisharp
|
|-weather|SunnyDay|[upkeep]
|upkeep
|
|t:|1652442864
|switch|p2a: Dragapult|Dragapult, M|100/100
|turn|12
|
|t:|1652442876
|move|p2a: Dragapult|Dragon Darts|p1a: Gastrodon
|-damage|p1a: Gastrodon|0 fnt
|faint|p1a: Gastrodon
|
|-weather|SunnyDay|[upkeep]
|upkeep
|
|t:|1652442891
|switch|p1a: Mandibuzz|Mandibuzz, F|52/100
|turn|13
|
|t:|1652442894
|move|p2a: Dragapult|Dragon Darts|p1a: Mandibuzz
|-damage|p1a: Mandibuzz|36/100
|-anim|p2a: Dragapult|Dragon Darts|p1a: Mandibuzz
|-damage|p1a: Mandibuzz|20/100
|move|p1a: Mandibuzz|Roost|p1a: Mandibuzz
|-heal|p1a: Mandibuzz|70/100
|-singleturn|p1a: Mandibuzz|move: Roost
|
|-weather|SunnyDay|[upkeep]
|upkeep
|turn|14
|
|t:|1652442901
|switch|p2a: Tyranitar|Tyranitar, F|79/100
|-weather|Sandstorm|[from] ability: Sand Stream|[of] p2a: Tyranitar
|move|p1a: Mandibuzz|U-turn|p2a: Tyranitar
|-supereffective|p2a: Tyranitar
|-damage|p2a: Tyranitar|60/100
|
|t:|1652442911
|switch|p1a: Torkoal|Torkoal, M|50/100|[from]move: U-turn
|-weather|SunnyDay|[from] ability: Drought|[of] p1a: Torkoal
|
|-weather|SunnyDay|[upkeep]
|-heal|p2a: Tyranitar|67/100|[from] item: Leftovers
|upkeep
|turn|15
|
|t:|1652442919
|move|p2a: Tyranitar|Thunder Wave|p1a: Torkoal
|-status|p1a: Torkoal|par
|move|p1a: Torkoal|Body Press|p2a: Tyranitar
|-supereffective|p2a: Tyranitar
|-damage|p2a: Tyranitar|0 fnt
|faint|p2a: Tyranitar
|
|-weather|SunnyDay|[upkeep]
|upkeep
|
|t:|1652442925
|switch|p2a: Tapu Lele|Tapu Lele|100/100
|-fieldstart|move: Psychic Terrain|[from] ability: Psychic Surge|[of] p2a: Tapu Lele
|turn|16
|inactive|IMSOMALD has 120 seconds left.
|
|t:|1652442943
|move|p2a: Tapu Lele|Calm Mind|p2a: Tapu Lele
|-boost|p2a: Tapu Lele|spa|1
|-boost|p2a: Tapu Lele|spd|1
|move|p1a: Torkoal|Lava Plume|p2a: Tapu Lele
|-damage|p2a: Tapu Lele|73/100
|
|-weather|SunnyDay|[upkeep]
|-heal|p2a: Tapu Lele|79/100|[from] item: Leftovers
|upkeep
|turn|17
|
|t:|1652442949
|move|p2a: Tapu Lele|Psyshock|p1a: Torkoal
|-damage|p1a: Torkoal|5/100 par
|move|p1a: Torkoal|Lava Plume|p2a: Tapu Lele
|-damage|p2a: Tapu Lele|54/100
|-status|p2a: Tapu Lele|brn
|
|-weather|SunnyDay|[upkeep]
|-heal|p2a: Tapu Lele|60/100 brn|[from] item: Leftovers
|-damage|p2a: Tapu Lele|54/100 brn|[from] brn
|upkeep
|turn|18
|-message|Pokemonissupercool forfeited.
|
|win|IMSOMALD
|raw|IMSOMALD's rating: 1635 &rarr; <strong>1654</strong><br />(+19 for winning)
|raw|Pokemonissupercool's rating: 1622 &rarr; <strong>1603</strong><br />(-19 for losing)
|l|☆Pokemonissupercool
