|html|<div class="broadcast-blue"><strong>[Gen 8] OU is currently suspecting Melmetal! For information on how to participate check out the <a href="https://www.smogon.com/forums/threads/np-ss-ou-suspect-process-round-12-monster-mash.3709234/">suspect thread</a>.</strong></div>
|j|☆quixana
|j|☆LT94JE Allistair
|t:|1665822148
|gametype|singles
|player|p1|quixana|ethan-pokeathlon|1827
|player|p2|LT94JE Allistair|102|1891
|teamsize|p1|6
|teamsize|p2|6
|gen|8
|tier|[Gen 8] OU
|rated|
|rule|Sleep Clause Mod: Limit one foe put to sleep
|rule|Species Clause: Limit one of each Pokémon
|rule|OHKO Clause: OHKO moves are banned
|rule|Evasion Items Clause: Evasion items are banned
|rule|Evasion Moves Clause: Evasion moves are banned
|rule|Endless Battle Clause: Forcing endless battles is banned
|rule|HP Percentage Mod: HP is shown in percentages
|rule|Dynamax Clause: You cannot dynamax
|clearpoke
|poke|p1|Dragapult, M|
|poke|p1|Rotom-Wash|
|poke|p1|Landorus-Therian, M|
|poke|p1|Melmetal|
|poke|p1|Weavile, M|
|poke|p1|Kartana|
|poke|p2|Mew|
|poke|p2|Slurpuff, F|
|poke|p2|Vanilluxe, F|
|poke|p2|Tapu Fini|
|poke|p2|Jirachi|
|poke|p2|Tyranitar, M|
|teampreview
|
|t:|1665822157
|start
|switch|p1a: Bandit|Weavile, M, shiny|100/100
|switch|p2a: Slurpuff|Slurpuff, F|100/100
|-ability|p1a: Bandit|Pressure
|turn|1
|
|t:|1665822161
|move|p1a: Bandit|Triple Axel|p2a: Slurpuff
|-damage|p2a: Slurpuff|85/100
|-damage|p2a: Slurpuff|54/100
|-damage|p2a: Slurpuff|10/100
|-hitcount|p2a: Slurpuff|3
|move|p2a: Slurpuff|Sticky Web|p1a: Bandit
|-sidestart|p1: quixana|move: Sticky Web
|
|upkeep
|turn|2
|
|t:|1665822171
|switch|p1a: Leviathan|Dragapult, M, shiny|100/100
|-activate|p1a: Leviathan|move: Sticky Web
|-unboost|p1a: Leviathan|spe|1
|move|p2a: Slurpuff|Misty Explosion|p1a: Leviathan
|-supereffective|p1a: Leviathan
|-damage|p1a: Leviathan|12/100
|faint|p2a: Slurpuff
|
|upkeep
|
|t:|1665822183
|switch|p2a: Vanilluxe|Vanilluxe, F|100/100
|-weather|Hail|[from] ability: Snow Warning|[of] p2a: Vanilluxe
|turn|3
|
|t:|1665822186
|switch|p1a: Fate|Melmetal, shiny|100/100
|-activate|p1a: Fate|move: Sticky Web
|-unboost|p1a: Fate|spe|1
|move|p2a: Vanilluxe|Aurora Veil|p2a: Vanilluxe
|-sidestart|p2: LT94JE Allistair|move: Aurora Veil
|
|-weather|Hail|[upkeep]
|-damage|p1a: Fate|94/100|[from] Hail
|upkeep
|turn|4
|
|t:|1665822191
|move|p2a: Vanilluxe|Taunt|p1a: Fate
|-start|p1a: Fate|move: Taunt
|move|p1a: Fate|Double Iron Bash|p2a: Vanilluxe
|-supereffective|p2a: Vanilluxe
|-damage|p2a: Vanilluxe|3/100
|-supereffective|p2a: Vanilluxe
|-damage|p2a: Vanilluxe|0 fnt
|faint|p2a: Vanilluxe
|-hitcount|p2: Vanilluxe|2
|
|-weather|Hail|[upkeep]
|-damage|p1a: Fate|88/100|[from] Hail
|upkeep
|
|t:|1665822197
|switch|p2a: Jirachi|Jirachi|100/100
|turn|5
|
|t:|1665822203
|switch|p1a: Enten|Landorus-Therian, M, shiny|100/100
|-ability|p1a: Enten|Intimidate|boost
|-unboost|p2a: Jirachi|atk|1
|move|p2a: Jirachi|Cosmic Power|p2a: Jirachi
|-boost|p2a: Jirachi|def|1
|-boost|p2a: Jirachi|spd|1
|
|-weather|Hail|[upkeep]
|-damage|p2a: Jirachi|94/100|[from] Hail
|-damage|p1a: Enten|94/100|[from] Hail
|-heal|p1a: Enten|100/100|[from] item: Leftovers
|upkeep
|turn|6
|
|t:|1665822210
|move|p2a: Jirachi|Cosmic Power|p2a: Jirachi
|-boost|p2a: Jirachi|def|1
|-boost|p2a: Jirachi|spd|1
|move|p1a: Enten|Defog|p2a: Jirachi
|-unboost|p2a: Jirachi|evasion|1
|-sideend|p2: LT94JE Allistair|move: Aurora Veil
|-sideend|p1: quixana|Sticky Web|[from] move: Defog|[of] p1a: Enten
|
|-weather|Hail|[upkeep]
|-damage|p2a: Jirachi|88/100|[from] Hail
|-damage|p1a: Enten|94/100|[from] Hail
|-heal|p1a: Enten|100/100|[from] item: Leftovers
|upkeep
|turn|7
|
|t:|1665822219
|switch|p1a: Bandit|Weavile, M, shiny|100/100
|-ability|p1a: Bandit|Pressure
|move|p2a: Jirachi|Cosmic Power|p2a: Jirachi
|-boost|p2a: Jirachi|def|1
|-boost|p2a: Jirachi|spd|1
|
|-weather|none
|upkeep
|turn|8
|
|t:|1665822225
|move|p1a: Bandit|Beat Up|p2a: Jirachi
|-supereffective|p2a: Jirachi
|-damage|p2a: Jirachi|79/100
|-enditem|p2a: Jirachi|Weakness Policy
|-boost|p2a: Jirachi|atk|2|[from] item: Weakness Policy
|-boost|p2a: Jirachi|spa|2|[from] item: Weakness Policy
|-supereffective|p2a: Jirachi
|-damage|p2a: Jirachi|74/100
|-supereffective|p2a: Jirachi
|-damage|p2a: Jirachi|64/100
|-supereffective|p2a: Jirachi
|-damage|p2a: Jirachi|55/100
|-supereffective|p2a: Jirachi
|-damage|p2a: Jirachi|45/100
|-supereffective|p2a: Jirachi
|-damage|p2a: Jirachi|32/100
|-hitcount|p2a: Jirachi|6
|move|p2a: Jirachi|Aura Sphere|p1a: Bandit
|-supereffective|p1a: Bandit
|-damage|p1a: Bandit|0 fnt
|faint|p1a: Bandit
|
|upkeep
|j| Lord Sodium
|
|t:|1665822245
|switch|p1a: Leviathan|Dragapult, M, shiny|12/100
|turn|9
|
|t:|1665822252
|move|p1a: Leviathan|Shadow Ball|p2a: Jirachi
|-supereffective|p2a: Jirachi
|-damage|p2a: Jirachi|0 fnt
|faint|p2a: Jirachi
|
|upkeep
|
|t:|1665822258
|switch|p2a: Tyranitar|Tyranitar, M|100/100
|-weather|Sandstorm|[from] ability: Sand Stream|[of] p2a: Tyranitar
|turn|10
|
|t:|1665822267
|switch|p1a: Enten|Landorus-Therian, M, shiny|100/100
|-ability|p1a: Enten|Intimidate|boost
|-unboost|p2a: Tyranitar|atk|1
|move|p2a: Tyranitar|Dragon Dance|p2a: Tyranitar
|-boost|p2a: Tyranitar|atk|1
|-boost|p2a: Tyranitar|spe|1
|
|-weather|Sandstorm|[upkeep]
|upkeep
|turn|11
|
|t:|1665822275
|move|p2a: Tyranitar|Dragon Dance|p2a: Tyranitar
|-boost|p2a: Tyranitar|atk|1
|-boost|p2a: Tyranitar|spe|1
|move|p1a: Enten|U-turn|p2a: Tyranitar
|-supereffective|p2a: Tyranitar
|-damage|p2a: Tyranitar|57/100
|j| Palladiawa B
|
|t:|1665822280
|switch|p1a: Fate|Melmetal, shiny|88/100|[from]move: U-turn
|
|-weather|Sandstorm|[upkeep]
|upkeep
|turn|12
|
|t:|1665822284
|move|p2a: Tyranitar|Earthquake|p1a: Fate
|-supereffective|p1a: Fate
|-damage|p1a: Fate|28/100
|move|p1a: Fate|Double Iron Bash|p2a: Tyranitar
|-supereffective|p2a: Tyranitar
|-damage|p2a: Tyranitar|0 fnt
|faint|p2a: Tyranitar
|-hitcount|p2: Tyranitar|1
|
|-weather|Sandstorm|[upkeep]
|upkeep
|
|t:|1665822290
|switch|p2a: Mew|Mew|100/100
|turn|13
|
|t:|1665822293
|move|p2a: Mew|Cosmic Power|p2a: Mew
|-boost|p2a: Mew|def|1
|-boost|p2a: Mew|spd|1
|move|p1a: Fate|Double Iron Bash|p2a: Mew
|-damage|p2a: Mew|63/100
|-damage|p2a: Mew|21/100
|-hitcount|p2a: Mew|2
|
|-weather|Sandstorm|[upkeep]
|-damage|p2a: Mew|15/100|[from] Sandstorm
|upkeep
|turn|14
|
|t:|1665822297
|move|p2a: Mew|Roost|p2a: Mew
|-heal|p2a: Mew|65/100
|-singleturn|p2a: Mew|move: Roost
|move|p1a: Fate|Double Iron Bash|p2a: Mew
|-damage|p2a: Mew|27/100
|-damage|p2a: Mew|0 fnt
|faint|p2a: Mew
|-hitcount|p2: Mew|2
|
|-weather|none
|upkeep
|-message|LT94JE Allistair forfeited.
|
|win|quixana
|raw|quixana's rating: 1827 &rarr; <strong>1851</strong><br />(+24 for winning)
|raw|LT94JE Allistair's rating: 1891 &rarr; <strong>1867</strong><br />(-24 for losing)
|l|☆LT94JE Allistair
