|j|☆tanishq1
|j|☆leaveamessage
|t:|1653146900
|gametype|singles
|player|p1|tanishq1|1|1730
|player|p2|leaveamessage|youngn|1707
|teamsize|p1|6
|teamsize|p2|6
|gen|8
|tier|[Gen 8] OU
|rated|
|rule|Sleep Clause Mod: Limit one foe put to sleep
|rule|Species Clause: Limit one of each Pokémon
|rule|OHKO Clause: OHKO moves are banned
|rule|Evasion Moves Clause: Evasion moves are banned
|rule|Endless Battle Clause: Forcing endless battles is banned
|rule|HP Percentage Mod: HP is shown in percentages
|rule|Dynamax Clause: You cannot dynamax
|clearpoke
|poke|p1|Zapdos|
|poke|p1|Kartana|
|poke|p1|Buzzwole|
|poke|p1|Garchomp, M|
|poke|p1|Tyranitar, F|
|poke|p1|Slowking, M|
|poke|p2|Garchomp, F|
|poke|p2|Ferrothorn, F|
|poke|p2|Clefable, F|
|poke|p2|Rotom-Wash|
|poke|p2|Tornadus-Therian, M|
|poke|p2|Weavile, F|
|teampreview
|inactive|Battle timer is ON: inactive players will automatically lose when time's up. (requested by tanishq1)
|j| 50 at max
|j| choise band
|
|t:|1653146918
|start
|switch|p1a: Zapdos|Zapdos|100/100
|switch|p2a: Weavile|Weavile, F|100/100
|-ability|p2a: Weavile|Pressure
|turn|1
|
|t:|1653146924
|switch|p1a: Buzzwole|Buzzwole|100/100
|move|p2a: Weavile|Triple Axel|p1a: Buzzwole
|-damage|p1a: Buzzwole|94/100
|-damage|p1a: Buzzwole|80/100
|-damage|p1a: Buzzwole|59/100
|-hitcount|p1a: Buzzwole|3
|
|upkeep
|turn|2
|
|t:|1653146933
|switch|p2a: Clefable|Clefable, F|100/100
|move|p1a: Buzzwole|Roost|p1a: Buzzwole
|-heal|p1a: Buzzwole|100/100
|-singleturn|p1a: Buzzwole|move: Roost
|
|upkeep
|turn|3
|
|t:|1653146954
|switch|p1a: Slowking|Slowking, M|100/100
|move|p2a: Clefable|Moonblast|p1a: Slowking
|-damage|p1a: Slowking|75/100
|
|upkeep
|turn|4
|n| DA COME UP|50atmax
|
|t:|1653146959
|switch|p2a: Ferrothorn|Ferrothorn, F|100/100
|move|p1a: Slowking|Future Sight|p2a: Ferrothorn
|-start|p1a: Slowking|move: Future Sight
|
|upkeep
|turn|5
|
|t:|1653146965
|move|p2a: Ferrothorn|Knock Off|p1a: Slowking
|-supereffective|p1a: Slowking
|-damage|p1a: Slowking|29/100
|-enditem|p1a: Slowking|Heavy-Duty Boots|[from] move: Knock Off|[of] p2a: Ferrothorn
|move|p1a: Slowking|Teleport|p1a: Slowking
|j| HageverMelech
|
|t:|1653146969
|switch|p1a: Garchomp|Garchomp, M|100/100|[from]move: Teleport
|
|upkeep
|turn|6
|l| HageverMelech
|
|t:|1653146976
|move|p1a: Garchomp|Swords Dance|p1a: Garchomp
|-boost|p1a: Garchomp|atk|2
|move|p2a: Ferrothorn|Knock Off|p1a: Garchomp
|-damage|p1a: Garchomp|79/100
|-damage|p2a: Ferrothorn|88/100|[from] ability: Rough Skin|[of] p1a: Garchomp
|-enditem|p1a: Garchomp|Leftovers|[from] move: Knock Off|[of] p2a: Ferrothorn
|
|-end|p2a: Ferrothorn|move: Future Sight
|-resisted|p2a: Ferrothorn
|-damage|p2a: Ferrothorn|72/100
|upkeep
|turn|7
|
|t:|1653146983
|switch|p2a: Tornadus|Tornadus-Therian, M|100/100
|move|p1a: Garchomp|Scale Shot|p2a: Tornadus
|-damage|p2a: Tornadus|75/100
|-damage|p2a: Tornadus|50/100
|-damage|p2a: Tornadus|24/100
|-hitcount|p2a: Tornadus|3
|-unboost|p1a: Garchomp|def|1
|-boost|p1a: Garchomp|spe|1
|
|upkeep
|turn|8
|
|t:|1653146994
|switch|p2a: Clefable|Clefable, F|100/100
|move|p1a: Garchomp|Swords Dance|p1a: Garchomp
|-boost|p1a: Garchomp|atk|2
|
|upkeep
|turn|9
|
|t:|1653147006
|switch|p2a: Rotom|Rotom-Wash|100/100
|move|p1a: Garchomp|Earthquake|p2a: Rotom
|-immune|p2a: Rotom|[from] ability: Levitate
|
|upkeep
|turn|10
|
|t:|1653147009
|move|p1a: Garchomp|Scale Shot|p2a: Rotom|[miss]
|-miss|p1a: Garchomp|p2a: Rotom
|move|p2a: Rotom|Will-O-Wisp|p1a: Garchomp
|-status|p1a: Garchomp|brn
|
|-damage|p1a: Garchomp|73/100 brn|[from] brn
|upkeep
|turn|11
|
|t:|1653147015
|move|p1a: Garchomp|Earthquake|p2a: Rotom
|-immune|p2a: Rotom|[from] ability: Levitate
|move|p2a: Rotom|Hydro Pump|p1a: Garchomp|[miss]
|-miss|p2a: Rotom|p1a: Garchomp
|
|-damage|p1a: Garchomp|67/100 brn|[from] brn
|upkeep
|turn|12
|
|t:|1653147019
|move|p1a: Garchomp|Scale Shot|p2a: Rotom
|-damage|p2a: Rotom|79/100
|-crit|p2a: Rotom
|-damage|p2a: Rotom|50/100
|-hitcount|p2a: Rotom|2
|-unboost|p1a: Garchomp|def|1
|-boost|p1a: Garchomp|spe|1
|move|p2a: Rotom|Hydro Pump|p1a: Garchomp
|-damage|p1a: Garchomp|22/100 brn
|
|-heal|p2a: Rotom|56/100|[from] item: Leftovers
|-damage|p1a: Garchomp|16/100 brn|[from] brn
|upkeep
|turn|13
|
|t:|1653147025
|move|p1a: Garchomp|Scale Shot|p2a: Rotom|[miss]
|-miss|p1a: Garchomp|p2a: Rotom
|move|p2a: Rotom|Hydro Pump|p1a: Garchomp
|-damage|p1a: Garchomp|0 fnt
|faint|p1a: Garchomp
|
|-heal|p2a: Rotom|62/100|[from] item: Leftovers
|upkeep
|
|t:|1653147027
|switch|p1a: Kartana|Kartana|100/100
|turn|14
|
|t:|1653147031
|switch|p2a: Ferrothorn|Ferrothorn, F|72/100
|move|p1a: Kartana|Sacred Sword|p2a: Ferrothorn
|-supereffective|p2a: Ferrothorn
|-crit|p2a: Ferrothorn
|-damage|p2a: Ferrothorn|0 fnt
|-damage|p1a: Kartana|88/100|[from] ability: Iron Barbs|[of] p2a: Ferrothorn
|-damage|p1a: Kartana|72/100|[from] item: Rocky Helmet|[of] p2a: Ferrothorn
|faint|p2a: Ferrothorn
|-ability|p1a: Kartana|Beast Boost|boost
|-boost|p1a: Kartana|atk|1
|
|upkeep
|
|t:|1653147034
|switch|p2a: Tornadus|Tornadus-Therian, M|57/100
|turn|15
|
|t:|1653147036
|switch|p1a: Zapdos|Zapdos|100/100
|move|p2a: Tornadus|Heat Wave|p1a: Zapdos
|-damage|p1a: Zapdos|75/100
|
|upkeep
|turn|16
|
|t:|1653147041
|switch|p2a: Clefable|Clefable, F|100/100
|move|p1a: Zapdos|Hurricane|p2a: Clefable|[miss]
|-miss|p1a: Zapdos|p2a: Clefable
|
|upkeep
|turn|17
|
|t:|1653147047
|switch|p1a: Slowking|Slowking, M|62/100
|move|p2a: Clefable|Calm Mind|p2a: Clefable
|-boost|p2a: Clefable|spa|1
|-boost|p2a: Clefable|spd|1
|
|upkeep
|turn|18
|
|t:|1653147050
|move|p2a: Clefable|Moonblast|p1a: Slowking
|-damage|p1a: Slowking|25/100
|move|p1a: Slowking|Teleport|p1a: Slowking
|
|t:|1653147052
|switch|p1a: Kartana|Kartana|72/100|[from]move: Teleport
|
|upkeep
|turn|19
|
|t:|1653147054
|switch|p2a: Tornadus|Tornadus-Therian, M|90/100
|move|p1a: Kartana|Smart Strike|p2a: Tornadus
|-damage|p2a: Tornadus|19/100
|
|upkeep
|turn|20
|
|t:|1653147059
|switch|p1a: Zapdos|Zapdos|75/100
|move|p2a: Tornadus|Heat Wave|p1a: Zapdos
|-damage|p1a: Zapdos|49/100
|-status|p1a: Zapdos|brn
|
|-damage|p1a: Zapdos|43/100 brn|[from] brn
|upkeep
|turn|21
|
|t:|1653147065
|switch|p2a: Clefable|Clefable, F|100/100
|move|p1a: Zapdos|Roost|p1a: Zapdos
|-heal|p1a: Zapdos|93/100 brn
|-singleturn|p1a: Zapdos|move: Roost
|
|-damage|p1a: Zapdos|87/100 brn|[from] brn
|upkeep
|turn|22
|
|t:|1653147073
|move|p1a: Zapdos|Volt Switch|p2a: Clefable
|-damage|p2a: Clefable|68/100
|
|t:|1653147074
|switch|p1a: Slowking|Slowking, M|58/100|[from]move: Volt Switch
|move|p2a: Clefable|Flamethrower|p1a: Slowking
|-resisted|p1a: Slowking
|-damage|p1a: Slowking|50/100
|
|upkeep
|turn|23
|
|t:|1653147079
|switch|p2a: Garchomp|Garchomp, F|100/100
|move|p1a: Slowking|Teleport|p1a: Slowking
|
|t:|1653147082
|switch|p1a: Buzzwole|Buzzwole|100/100|[from]move: Teleport
|
|upkeep
|turn|24
|
|t:|1653147086
|switch|p2a: Clefable|Clefable, F|68/100
|switch|p1a: Slowking|Slowking, M|84/100
|
|upkeep
|turn|25
|
|t:|1653147090
|switch|p2a: Garchomp|Garchomp, F|100/100
|move|p1a: Slowking|Teleport|p1a: Slowking
|
|t:|1653147094
|switch|p1a: Buzzwole|Buzzwole|100/100|[from]move: Teleport
|
|upkeep
|turn|26
|
|t:|1653147096
|switch|p2a: Clefable|Clefable, F|68/100
|switch|p1a: Slowking|Slowking, M|100/100
|
|upkeep
|turn|27
|
|t:|1653147100
|switch|p2a: Rotom|Rotom-Wash|62/100
|move|p1a: Slowking|Scald|p2a: Rotom
|-resisted|p2a: Rotom
|-damage|p2a: Rotom|51/100
|-status|p2a: Rotom|brn
|
|-heal|p2a: Rotom|57/100 brn|[from] item: Leftovers
|-damage|p2a: Rotom|51/100 brn|[from] brn
|upkeep
|turn|28
|
|t:|1653147108
|move|p2a: Rotom|Pain Split|p1a: Slowking
|-sethp|p1a: Slowking|70/100|[from] move: Pain Split|[silent]
|-sethp|p2a: Rotom|91/100 brn|[from] move: Pain Split
|move|p1a: Slowking|Teleport|p1a: Slowking
|
|t:|1653147110
|switch|p1a: Kartana|Kartana|72/100|[from]move: Teleport
|
|-heal|p2a: Rotom|97/100 brn|[from] item: Leftovers
|-damage|p2a: Rotom|91/100 brn|[from] brn
|upkeep
|turn|29
|
|t:|1653147121
|switch|p2a: Tornadus|Tornadus-Therian, M|52/100
|move|p1a: Kartana|Leaf Blade|p2a: Tornadus
|-resisted|p2a: Tornadus
|-damage|p2a: Tornadus|7/100
|
|upkeep
|turn|30
|
|t:|1653147133
|switch|p2a: Weavile|Weavile, F|100/100
|-ability|p2a: Weavile|Pressure
|switch|p1a: Zapdos|Zapdos|87/100 brn
|
|-damage|p1a: Zapdos|81/100 brn|[from] brn
|upkeep
|turn|31
|
|t:|1653147145
|switch|p1a: Buzzwole|Buzzwole|100/100
|move|p2a: Weavile|Triple Axel|p1a: Buzzwole
|-damage|p1a: Buzzwole|93/100
|-damage|p1a: Buzzwole|79/100
|-damage|p1a: Buzzwole|57/100
|-hitcount|p1a: Buzzwole|3
|
|upkeep
|turn|32
|
|t:|1653147155
|switch|p2a: Tornadus|Tornadus-Therian, M|40/100
|move|p1a: Buzzwole|Roost|p1a: Buzzwole
|-heal|p1a: Buzzwole|100/100
|-singleturn|p1a: Buzzwole|move: Roost
|
|upkeep
|turn|33
|
|t:|1653147158
|switch|p1a: Zapdos|Zapdos|81/100 brn
|move|p2a: Tornadus|Hurricane|p1a: Zapdos|[miss]
|-miss|p2a: Tornadus|p1a: Zapdos
|
|-damage|p1a: Zapdos|75/100 brn|[from] brn
|upkeep
|turn|34
|
|t:|1653147163
|switch|p2a: Garchomp|Garchomp, F|100/100
|move|p1a: Zapdos|Hurricane|p2a: Garchomp|[miss]
|-miss|p1a: Zapdos|p2a: Garchomp
|
|-damage|p1a: Zapdos|69/100 brn|[from] brn
|upkeep
|turn|35
|
|t:|1653147168
|switch|p1a: Buzzwole|Buzzwole|100/100
|move|p2a: Garchomp|Stealth Rock|p1a: Buzzwole
|-sidestart|p1: tanishq1|move: Stealth Rock
|
|upkeep
|turn|36
|
|t:|1653147171
|switch|p2a: Clefable|Clefable, F|68/100
|move|p1a: Buzzwole|Ice Punch|p2a: Clefable
|-damage|p2a: Clefable|50/100
|
|upkeep
|turn|37
|
|t:|1653147177
|switch|p1a: Kartana|Kartana|72/100
|-damage|p1a: Kartana|65/100|[from] Stealth Rock
|move|p2a: Clefable|Soft-Boiled|p2a: Clefable
|-heal|p2a: Clefable|99/100
|
|upkeep
|turn|38
|
|t:|1653147182
|switch|p2a: Rotom|Rotom-Wash|91/100 brn
|move|p1a: Kartana|Smart Strike|p2a: Rotom
|-resisted|p2a: Rotom
|-damage|p2a: Rotom|72/100 brn
|
|-heal|p2a: Rotom|78/100 brn|[from] item: Leftovers
|-damage|p2a: Rotom|72/100 brn|[from] brn
|upkeep
|turn|39
|
|t:|1653147186
|switch|p1a: Slowking|Slowking, M|100/100
|-damage|p1a: Slowking|88/100|[from] Stealth Rock
|move|p2a: Rotom|Volt Switch|p1a: Slowking
|-supereffective|p1a: Slowking
|-damage|p1a: Slowking|56/100
|
|t:|1653147189
|switch|p2a: Weavile|Weavile, F|100/100|[from]move: Volt Switch
|-ability|p2a: Weavile|Pressure
|
|upkeep
|turn|40
|
|t:|1653147192
|switch|p1a: Buzzwole|Buzzwole|100/100
|move|p2a: Weavile|Knock Off|p1a: Buzzwole
|-resisted|p1a: Buzzwole
|-damage|p1a: Buzzwole|83/100
|-enditem|p1a: Buzzwole|Heavy-Duty Boots|[from] move: Knock Off|[of] p2a: Weavile
|
|upkeep
|turn|41
|
|t:|1653147196
|switch|p2a: Clefable|Clefable, F|99/100
|switch|p1a: Zapdos|Zapdos|69/100 brn
|
|-damage|p1a: Zapdos|63/100 brn|[from] brn
|upkeep
|turn|42
|
|t:|1653147202
|switch|p2a: Garchomp|Garchomp, F|100/100
|move|p1a: Zapdos|Defog|p2a: Garchomp
|-unboost|p2a: Garchomp|evasion|1
|-sideend|p1: tanishq1|Stealth Rock|[from] move: Defog|[of] p1a: Zapdos
|
|-damage|p1a: Zapdos|57/100 brn|[from] brn
|upkeep
|turn|43
|
|t:|1653147204
|move|p2a: Garchomp|Stealth Rock|p1a: Zapdos
|-sidestart|p1: tanishq1|move: Stealth Rock
|move|p1a: Zapdos|Hurricane|p2a: Garchomp
|-damage|p2a: Garchomp|45/100
|
|-heal|p2a: Garchomp|51/100|[from] item: Leftovers
|-damage|p1a: Zapdos|51/100 brn|[from] brn
|upkeep
|turn|44
|
|t:|1653147220
|switch|p2a: Weavile|Weavile, F|100/100
|-ability|p2a: Weavile|Pressure
|move|p1a: Zapdos|Roost|p1a: Zapdos
|-heal|p1a: Zapdos|100/100 brn
|-singleturn|p1a: Zapdos|move: Roost
|
|-damage|p1a: Zapdos|95/100 brn|[from] brn
|upkeep
|turn|45
|
|t:|1653147225
|switch|p1a: Tyranitar|Tyranitar, F|100/100
|-damage|p1a: Tyranitar|88/100|[from] Stealth Rock
|-weather|Sandstorm|[from] ability: Sand Stream|[of] p1a: Tyranitar
|move|p2a: Weavile|Triple Axel|p1a: Tyranitar
|-damage|p1a: Tyranitar|77/100
|-hitcount|p1a: Tyranitar|1
|
|-weather|Sandstorm|[upkeep]
|-damage|p2a: Weavile|94/100|[from] Sandstorm
|-heal|p1a: Tyranitar|83/100|[from] item: Leftovers
|upkeep
|turn|46
|inactive|leaveamessage has 120 seconds left.
|
|t:|1653147260
|switch|p2a: Clefable|Clefable, F|99/100
|move|p1a: Tyranitar|Stealth Rock|p2a: Clefable
|-sidestart|p2: leaveamessage|move: Stealth Rock
|
|-weather|Sandstorm|[upkeep]
|-heal|p1a: Tyranitar|89/100|[from] item: Leftovers
|upkeep
|turn|47
|
|t:|1653147268
|switch|p1a: Slowking|Slowking, M|89/100
|-damage|p1a: Slowking|77/100|[from] Stealth Rock
|move|p2a: Clefable|Moonblast|p1a: Slowking
|-damage|p1a: Slowking|55/100
|
|-weather|Sandstorm|[upkeep]
|-damage|p1a: Slowking|49/100|[from] Sandstorm
|upkeep
|turn|48
|
|t:|1653147280
|switch|p2a: Tornadus|Tornadus-Therian, M|73/100
|move|p1a: Slowking|Teleport|p1a: Slowking
|
|t:|1653147284
|switch|p1a: Zapdos|Zapdos|95/100 brn|[from]move: Teleport
|
|-weather|Sandstorm|[upkeep]
|-damage|p2a: Tornadus|67/100|[from] Sandstorm
|-damage|p1a: Zapdos|89/100 brn|[from] Sandstorm
|-damage|p1a: Zapdos|83/100 brn|[from] brn
|upkeep
|turn|49
|
|t:|1653147289
|switch|p2a: Clefable|Clefable, F|99/100
|move|p1a: Zapdos|Hurricane|p2a: Clefable|[miss]
|-miss|p1a: Zapdos|p2a: Clefable
|
|-weather|none
|-damage|p1a: Zapdos|77/100 brn|[from] brn
|upkeep
|turn|50
|
|t:|1653147294
|move|p1a: Zapdos|Volt Switch|p2a: Clefable
|-damage|p2a: Clefable|67/100
|
|t:|1653147297
|switch|p1a: Slowking|Slowking, M|82/100|[from]move: Volt Switch
|-damage|p1a: Slowking|70/100|[from] Stealth Rock
|move|p2a: Clefable|Flamethrower|p1a: Slowking
|-resisted|p1a: Slowking
|-damage|p1a: Slowking|62/100
|
|upkeep
|turn|51
|
|t:|1653147303
|switch|p2a: Garchomp|Garchomp, F|51/100
|-damage|p2a: Garchomp|45/100|[from] Stealth Rock
|move|p1a: Slowking|Teleport|p1a: Slowking
|
|t:|1653147306
|switch|p1a: Kartana|Kartana|65/100|[from]move: Teleport
|-damage|p1a: Kartana|59/100|[from] Stealth Rock
|
|-heal|p2a: Garchomp|51/100|[from] item: Leftovers
|upkeep
|turn|52
|
|t:|1653147315
|switch|p2a: Tornadus|Tornadus-Therian, M|100/100
|move|p1a: Kartana|Knock Off|p2a: Tornadus
|-damage|p2a: Tornadus|40/100
|-enditem|p2a: Tornadus|Heavy-Duty Boots|[from] move: Knock Off|[of] p1a: Kartana
|
|upkeep
|turn|53
|
|t:|1653147323
|switch|p2a: Weavile|Weavile, F|94/100
|-damage|p2a: Weavile|70/100|[from] Stealth Rock
|-ability|p2a: Weavile|Pressure
|switch|p1a: Zapdos|Zapdos|77/100 brn
|
|-damage|p1a: Zapdos|71/100 brn|[from] brn
|upkeep
|turn|54
|
|t:|1653147327
|switch|p1a: Tyranitar|Tyranitar, F|89/100
|-damage|p1a: Tyranitar|77/100|[from] Stealth Rock
|-weather|Sandstorm|[from] ability: Sand Stream|[of] p1a: Tyranitar
|move|p2a: Weavile|Triple Axel|p1a: Tyranitar
|-damage|p1a: Tyranitar|66/100
|-damage|p1a: Tyranitar|43/100
|-damage|p1a: Tyranitar|10/100
|-hitcount|p1a: Tyranitar|3
|
|-weather|Sandstorm|[upkeep]
|-damage|p2a: Weavile|63/100|[from] Sandstorm
|-heal|p1a: Tyranitar|17/100|[from] item: Leftovers
|upkeep
|turn|55
|
|t:|1653147339
|move|p2a: Weavile|Triple Axel|p1a: Tyranitar
|-damage|p1a: Tyranitar|5/100
|-damage|p1a: Tyranitar|0 fnt
|faint|p1a: Tyranitar
|-hitcount|p1: Tyranitar|2
|
|-weather|Sandstorm|[upkeep]
|-damage|p2a: Weavile|57/100|[from] Sandstorm
|upkeep
|
|t:|1653147342
|switch|p1a: Buzzwole|Buzzwole|83/100
|-damage|p1a: Buzzwole|70/100|[from] Stealth Rock
|turn|56
|
|t:|1653147345
|switch|p2a: Clefable|Clefable, F|67/100
|move|p1a: Buzzwole|Roost|p1a: Buzzwole
|-heal|p1a: Buzzwole|100/100
|-singleturn|p1a: Buzzwole|move: Roost
|
|-weather|Sandstorm|[upkeep]
|-damage|p1a: Buzzwole|94/100|[from] Sandstorm
|upkeep
|turn|57
|j| god multiface
|
|t:|1653147353
|switch|p2a: Tornadus|Tornadus-Therian, M|74/100
|-damage|p2a: Tornadus|49/100|[from] Stealth Rock
|move|p1a: Buzzwole|Close Combat|p2a: Tornadus
|-resisted|p2a: Tornadus
|-damage|p2a: Tornadus|20/100
|-unboost|p1a: Buzzwole|def|1
|-unboost|p1a: Buzzwole|spd|1
|
|-weather|Sandstorm|[upkeep]
|-damage|p2a: Tornadus|14/100|[from] Sandstorm
|-damage|p1a: Buzzwole|88/100|[from] Sandstorm
|upkeep
|turn|58
|
|t:|1653147358
|switch|p1a: Zapdos|Zapdos|71/100 brn
|move|p2a: Tornadus|Hurricane|p1a: Zapdos
|-resisted|p1a: Zapdos
|-damage|p1a: Zapdos|49/100 brn
|
|-weather|none
|-damage|p1a: Zapdos|43/100 brn|[from] brn
|upkeep
|turn|59
|
|t:|1653147367
|switch|p2a: Rotom|Rotom-Wash|72/100 brn
|-damage|p2a: Rotom|60/100 brn|[from] Stealth Rock
|move|p1a: Zapdos|Roost|p1a: Zapdos
|-heal|p1a: Zapdos|93/100 brn
|-singleturn|p1a: Zapdos|move: Roost
|
|-heal|p2a: Rotom|66/100 brn|[from] item: Leftovers
|-damage|p1a: Zapdos|87/100 brn|[from] brn
|-damage|p2a: Rotom|60/100 brn|[from] brn
|upkeep
|turn|60
|
|t:|1653147374
|move|p1a: Zapdos|Volt Switch|p2a: Rotom
|-crit|p2a: Rotom
|-damage|p2a: Rotom|12/100 brn
|
|t:|1653147376
|switch|p1a: Slowking|Slowking, M|95/100|[from]move: Volt Switch
|-damage|p1a: Slowking|83/100|[from] Stealth Rock
|move|p2a: Rotom|Pain Split|p1a: Slowking
|-sethp|p1a: Slowking|46/100|[from] move: Pain Split|[silent]
|-sethp|p2a: Rotom|60/100 brn|[from] move: Pain Split
|
|-heal|p2a: Rotom|66/100 brn|[from] item: Leftovers
|-damage|p2a: Rotom|60/100 brn|[from] brn
|upkeep
|turn|61
|
|t:|1653147385
|move|p2a: Rotom|Volt Switch|p1a: Slowking
|-supereffective|p1a: Slowking
|-damage|p1a: Slowking|16/100
|
|t:|1653147390
|switch|p2a: Tornadus|Tornadus-Therian, M|47/100|[from]move: Volt Switch
|-damage|p2a: Tornadus|22/100|[from] Stealth Rock
|move|p1a: Slowking|Slack Off|p1a: Slowking
|-heal|p1a: Slowking|66/100
|
|upkeep
|turn|62
|
|t:|1653147394
|move|p2a: Tornadus|U-turn|p1a: Slowking
|-supereffective|p1a: Slowking
|-damage|p1a: Slowking|36/100
|
|t:|1653147401
|switch|p2a: Garchomp|Garchomp, F|51/100|[from]move: U-turn
|-damage|p2a: Garchomp|45/100|[from] Stealth Rock
|move|p1a: Slowking|Teleport|p1a: Slowking
|
|t:|1653147404
|switch|p1a: Kartana|Kartana|59/100|[from]move: Teleport
|-damage|p1a: Kartana|53/100|[from] Stealth Rock
|
|-heal|p2a: Garchomp|51/100|[from] item: Leftovers
|upkeep
|turn|63
|
|t:|1653147420
|move|p1a: Kartana|Leaf Blade|p2a: Garchomp
|-damage|p2a: Garchomp|0 fnt
|-damage|p1a: Kartana|41/100|[from] ability: Rough Skin|[of] p2a: Garchomp
|faint|p2a: Garchomp
|-ability|p1a: Kartana|Beast Boost|boost
|-boost|p1a: Kartana|atk|1
|
|upkeep
|l| DA COME UP
|
|t:|1653147424
|switch|p2a: Weavile|Weavile, F|57/100
|-damage|p2a: Weavile|33/100|[from] Stealth Rock
|-ability|p2a: Weavile|Pressure
|turn|64
|
|t:|1653147428
|switch|p1a: Buzzwole|Buzzwole|88/100
|-damage|p1a: Buzzwole|76/100|[from] Stealth Rock
|move|p2a: Weavile|Triple Axel|p1a: Buzzwole
|-damage|p1a: Buzzwole|68/100
|-damage|p1a: Buzzwole|53/100
|-damage|p1a: Buzzwole|32/100
|-hitcount|p1a: Buzzwole|3
|
|upkeep
|turn|65
|
|t:|1653147437
|move|p2a: Weavile|Triple Axel|p1a: Buzzwole|[miss]
|-miss|p2a: Weavile|p1a: Buzzwole
|move|p1a: Buzzwole|Roost|p1a: Buzzwole
|-heal|p1a: Buzzwole|82/100
|-singleturn|p1a: Buzzwole|move: Roost
|
|upkeep
|turn|66
|
|t:|1653147442
|switch|p2a: Tornadus|Tornadus-Therian, M|55/100
|-damage|p2a: Tornadus|30/100|[from] Stealth Rock
|switch|p1a: Slowking|Slowking, M|70/100
|-damage|p1a: Slowking|57/100|[from] Stealth Rock
|
|upkeep
|turn|67
|
|t:|1653147447
|move|p2a: Tornadus|Defog|p1a: Slowking
|-unboost|p1a: Slowking|evasion|1
|-sideend|p1: tanishq1|Stealth Rock|[from] move: Defog|[of] p2a: Tornadus
|-sideend|p2: leaveamessage|Stealth Rock|[from] move: Defog|[of] p2a: Tornadus
|move|p1a: Slowking|Teleport|p1a: Slowking
|
|t:|1653147450
|switch|p1a: Zapdos|Zapdos|87/100 brn|[from]move: Teleport
|
|-damage|p1a: Zapdos|81/100 brn|[from] brn
|upkeep
|turn|68
|
|t:|1653147458
|switch|p2a: Rotom|Rotom-Wash|60/100 brn
|move|p1a: Zapdos|Volt Switch|p2a: Rotom
|-damage|p2a: Rotom|29/100 brn
|
|t:|1653147462
|switch|p1a: Kartana|Kartana|41/100|[from]move: Volt Switch
|
|-heal|p2a: Rotom|35/100 brn|[from] item: Leftovers
|-damage|p2a: Rotom|29/100 brn|[from] brn
|upkeep
|turn|69
|
|t:|1653147466
|switch|p2a: Tornadus|Tornadus-Therian, M|64/100
|move|p1a: Kartana|Knock Off|p2a: Tornadus
|-damage|p2a: Tornadus|18/100
|
|upkeep
|turn|70
|
|t:|1653147472
|switch|p2a: Weavile|Weavile, F|33/100
|-ability|p2a: Weavile|Pressure
|switch|p1a: Zapdos|Zapdos|81/100 brn
|
|-damage|p1a: Zapdos|75/100 brn|[from] brn
|upkeep
|turn|71
|
|t:|1653147475
|switch|p1a: Buzzwole|Buzzwole|82/100
|move|p2a: Weavile|Triple Axel|p1a: Buzzwole
|-crit|p1a: Buzzwole
|-damage|p1a: Buzzwole|72/100
|-damage|p1a: Buzzwole|58/100
|-damage|p1a: Buzzwole|36/100
|-hitcount|p1a: Buzzwole|3
|
|upkeep
|turn|72
|
|t:|1653147484
|move|p2a: Weavile|Triple Axel|p1a: Buzzwole
|-damage|p1a: Buzzwole|28/100
|-damage|p1a: Buzzwole|14/100
|-damage|p1a: Buzzwole|0 fnt
|faint|p1a: Buzzwole
|-hitcount|p1: Buzzwole|3
|
|upkeep
|
|t:|1653147489
|switch|p1a: Slowking|Slowking, M|90/100
|turn|73
|
|t:|1653147493
|switch|p2a: Rotom|Rotom-Wash|29/100 brn
|move|p1a: Slowking|Teleport|p1a: Slowking
|
|t:|1653147495
|switch|p1a: Kartana|Kartana|41/100|[from]move: Teleport
|
|-heal|p2a: Rotom|35/100 brn|[from] item: Leftovers
|-damage|p2a: Rotom|29/100 brn|[from] brn
|upkeep
|turn|74
|
|t:|1653147500
|move|p1a: Kartana|Leaf Blade|p2a: Rotom
|-supereffective|p2a: Rotom
|-crit|p2a: Rotom
|-damage|p2a: Rotom|0 fnt
|faint|p2a: Rotom
|-ability|p1a: Kartana|Beast Boost|boost
|-boost|p1a: Kartana|atk|1
|
|upkeep
|
|t:|1653147503
|switch|p2a: Weavile|Weavile, F|33/100
|-ability|p2a: Weavile|Pressure
|turn|75
|
|t:|1653147505
|switch|p1a: Zapdos|Zapdos|75/100 brn
|move|p2a: Weavile|Knock Off|p1a: Zapdos
|-damage|p1a: Zapdos|5/100 brn
|-enditem|p1a: Zapdos|Heavy-Duty Boots|[from] move: Knock Off|[of] p2a: Weavile
|
|-damage|p1a: Zapdos|0 fnt|[from] brn
|faint|p1a: Zapdos
|upkeep
|
|t:|1653147513
|switch|p1a: Kartana|Kartana|41/100
|turn|76
|
|t:|1653147516
|move|p2a: Weavile|Knock Off|p1a: Kartana
|-damage|p1a: Kartana|0 fnt
|-enditem|p1a: Kartana|Choice Band|[from] move: Knock Off|[of] p2a: Weavile
|faint|p1a: Kartana
|
|upkeep
|-message|tanishq1 forfeited.
|
|win|leaveamessage
|raw|tanishq1's rating: 1730 &rarr; <strong>1709</strong><br />(-21 for losing)
|raw|leaveamessage's rating: 1707 &rarr; <strong>1728</strong><br />(+21 for winning)
|c|☆leaveamessage|gg
|l|☆tanishq1
||Ladder isn't responding, score probably updated but might not have (Request timeout).
