|j|☆The sunfucker
|j|☆Mutako Z
|t:|1650648403
|gametype|singles
|player|p1|The sunfucker|avery|1706
|player|p2|Mutako Z|cynthia-gen4|1703
|teamsize|p1|6
|teamsize|p2|6
|gen|8
|tier|[Gen 8] OU
|rated|
|rule|Sleep Clause Mod: Limit one foe put to sleep
|rule|Species Clause: Limit one of each Pokémon
|rule|OHKO Clause: OHKO moves are banned
|rule|Evasion Moves Clause: Evasion moves are banned
|rule|Endless Battle Clause: Forcing endless battles is banned
|rule|HP Percentage Mod: HP is shown in percentages
|rule|Dynamax Clause: You cannot dynamax
|clearpoke
|poke|p1|Tapu Lele|
|poke|p1|Buzzwole|
|poke|p1|Melmetal|
|poke|p1|Zeraora|
|poke|p1|Tornadus-Therian, M|
|poke|p1|Slowking, F|
|poke|p2|Melmetal|
|poke|p2|Tapu Lele|
|poke|p2|Dragonite, M|
|poke|p2|Landorus-Therian, M|
|poke|p2|Heatran, F|
|poke|p2|Cloyster, M|
|teampreview
|j| Paratrooper69
|
|t:|1650648429
|start
|switch|p1a: Slowking|Slowking, F|100/100
|switch|p2a: Landorus|Landorus-Therian, M|100/100
|-ability|p2a: Landorus|Intimidate|boost
|-unboost|p1a: Slowking|atk|1
|turn|1
|j| BestixL ☾
|j| stallin9
|j| greycastle333
|j| 0WithdrawalSyndrom
|
|t:|1650648514
|move|p2a: Landorus|U-turn|p1a: Slowking
|-supereffective|p1a: Slowking
|-damage|p1a: Slowking|54/100
|
|t:|1650648555
|switch|p2a: Tapu Lele|Tapu Lele|100/100|[from]move: U-turn
|-fieldstart|move: Psychic Terrain|[from] ability: Psychic Surge|[of] p2a: Tapu Lele
|move|p1a: Slowking|Scald|p2a: Tapu Lele
|-damage|p2a: Tapu Lele|73/100
|
|upkeep
|turn|2
|j| KunXI
|j| supahotnicememe
|l| supahotnicememe
|inactive|Battle timer is ON: inactive players will automatically lose when time's up. (requested by Mutako Z)
|l| Paratrooper69
|
|t:|1650648601
|move|p2a: Tapu Lele|Focus Blast|p1a: Slowking|[miss]
|-miss|p2a: Tapu Lele|p1a: Slowking
|move|p1a: Slowking|Slack Off|p1a: Slowking
|-heal|p1a: Slowking|100/100
|
|upkeep
|turn|3
|
|t:|1650648611
|switch|p2a: Dragonite|Dragonite, M|100/100
|move|p1a: Slowking|Future Sight|p2a: Dragonite
|-start|p1a: Slowking|move: Future Sight
|
|upkeep
|turn|4
|
|t:|1650648619
|move|p2a: Dragonite|Earthquake|p1a: Slowking
|-damage|p1a: Slowking|61/100
|move|p1a: Slowking|Teleport|p1a: Slowking
|
|t:|1650648625
|switch|p1a: Buzzwole|Buzzwole|100/100|[from]move: Teleport
|
|upkeep
|turn|5
|
|t:|1650648631
|move|p2a: Dragonite|Dragon Dance|p2a: Dragonite
|-boost|p2a: Dragonite|atk|1
|-boost|p2a: Dragonite|spe|1
|move|p1a: Buzzwole|Close Combat|p2a: Dragonite
|-resisted|p2a: Dragonite
|-damage|p2a: Dragonite|81/100
|-unboost|p1a: Buzzwole|def|1
|-unboost|p1a: Buzzwole|spd|1
|
|-end|p2a: Dragonite|move: Future Sight
|-damage|p2a: Dragonite|20/100
|-heal|p2a: Dragonite|27/100|[from] item: Leftovers
|-fieldend|move: Psychic Terrain
|upkeep
|turn|6
|
|t:|1650648642
|move|p2a: Dragonite|Roost|p2a: Dragonite
|-heal|p2a: Dragonite|77/100
|-singleturn|p2a: Dragonite|move: Roost
|move|p1a: Buzzwole|Ice Punch|p2a: Dragonite
|-supereffective|p2a: Dragonite
|-damage|p2a: Dragonite|14/100
|
|-heal|p2a: Dragonite|20/100|[from] item: Leftovers
|upkeep
|turn|7
|
|t:|1650648651
|switch|p2a: Melmetal|Melmetal|100/100
|move|p1a: Buzzwole|Ice Punch|p2a: Melmetal
|-resisted|p2a: Melmetal
|-damage|p2a: Melmetal|93/100
|
|upkeep
|turn|8
|
|t:|1650648659
|switch|p1a: Melmetal|Melmetal|100/100
|move|p2a: Melmetal|Toxic|p1a: Melmetal
|-immune|p1a: Melmetal
|
|upkeep
|turn|9
|
|t:|1650648664
|move|p1a: Melmetal|Double Iron Bash|p2a: Melmetal
|-resisted|p2a: Melmetal
|-damage|p2a: Melmetal|82/100
|-resisted|p2a: Melmetal
|-damage|p2a: Melmetal|69/100
|-hitcount|p2a: Melmetal|2
|cant|p2a: Melmetal|flinch
|
|upkeep
|turn|10
|
|t:|1650648671
|move|p1a: Melmetal|Earthquake|p2a: Melmetal
|-supereffective|p2a: Melmetal
|-damage|p2a: Melmetal|29/100
|move|p2a: Melmetal|Earthquake|p1a: Melmetal
|-supereffective|p1a: Melmetal
|-damage|p1a: Melmetal|36/100
|-damage|p2a: Melmetal|19/100|[from] item: Life Orb
|
|-heal|p1a: Melmetal|42/100|[from] item: Leftovers
|upkeep
|turn|11
|j| Electronno
|inactive|The sunfucker has 120 seconds left.
|inactive|The sunfucker has 90 seconds left.
|j| guho
|
|t:|1650648750
|switch|p2a: Landorus|Landorus-Therian, M|100/100
|-ability|p2a: Landorus|Intimidate|boost
|-unboost|p1a: Melmetal|atk|1
|move|p1a: Melmetal|Double Iron Bash|p2a: Landorus
|-damage|p2a: Landorus|69/100
|-damage|p2a: Landorus|39/100
|-hitcount|p2a: Landorus|2
|
|-heal|p2a: Landorus|45/100|[from] item: Leftovers
|-heal|p1a: Melmetal|48/100|[from] item: Leftovers
|upkeep
|turn|12
|
|t:|1650648765
|switch|p1a: Tapu Lele|Tapu Lele|100/100
|-fieldstart|move: Psychic Terrain|[from] ability: Psychic Surge|[of] p1a: Tapu Lele
|move|p2a: Landorus|Earthquake|p1a: Tapu Lele
|-damage|p1a: Tapu Lele|24/100
|
|-heal|p2a: Landorus|51/100|[from] item: Leftovers
|upkeep
|turn|13
|inactive|The sunfucker has 90 seconds left.
|inactive|The sunfucker has 60 seconds left.
|
|t:|1650648802
|switch|p2a: Heatran|Heatran, F|100/100
|move|p1a: Tapu Lele|Psyshock|p2a: Heatran
|-resisted|p2a: Heatran
|-damage|p2a: Heatran|75/100
|
|-heal|p2a: Heatran|81/100|[from] item: Leftovers
|upkeep
|turn|14
|
|t:|1650648816
|move|p1a: Tapu Lele|Focus Blast|p2a: Heatran
|-supereffective|p2a: Heatran
|-damage|p2a: Heatran|14/100
|move|p2a: Heatran|Magma Storm|p1a: Tapu Lele|[miss]
|-miss|p2a: Heatran|p1a: Tapu Lele
|
|-heal|p2a: Heatran|21/100|[from] item: Leftovers
|upkeep
|turn|15
|l|☆The sunfucker
|inactive|The sunfucker disconnected and has a minute to reconnect!
|player|p1|
|l| stallin9
|inactive|The sunfucker has 30 seconds to reconnect!
|inactive|The sunfucker has 20 seconds to reconnect!
|inactive|The sunfucker has 15 seconds to reconnect!
|inactive|The sunfucker has 10 seconds to reconnect!
|inactive|The sunfucker has 5 seconds to reconnect!
|-message|The sunfucker lost due to inactivity.
|
|win|Mutako Z
|inactive|The sunfucker has 25 seconds left this turn.
|raw|The sunfucker's rating: 1683 &rarr; <strong>1664</strong><br />(-19 for losing)
|raw|Mutako Z's rating: 1703 &rarr; <strong>1722</strong><br />(+19 for winning)
||Ladder isn't responding, score probably updated but might not have (Request timeout).
