|j|‽Guest 5890168
|j|☆64j3t3hrt3h
|t:|1664763449
|gametype|singles
|player|p1|Guest 5890168|170|1738
|player|p2|64j3t3hrt3h|170|1788
|teamsize|p1|6
|teamsize|p2|6
|gen|8
|tier|[Gen 8] OU
|rated|
|rule|Sleep Clause Mod: Limit one foe put to sleep
|rule|Species Clause: Limit one of each Pokémon
|rule|OHKO Clause: OHKO moves are banned
|rule|Evasion Items Clause: Evasion items are banned
|rule|Evasion Moves Clause: Evasion moves are banned
|rule|Endless Battle Clause: Forcing endless battles is banned
|rule|HP Percentage Mod: HP is shown in percentages
|rule|Dynamax Clause: You cannot dynamax
|clearpoke
|poke|p1|Rotom-Wash|
|poke|p1|Weavile, F|
|poke|p1|Landorus-Therian, M|
|poke|p1|Heatran, M|
|poke|p1|Tangrowth, M|
|poke|p1|Melmetal|
|poke|p2|Buzzwole|
|poke|p2|Landorus-Therian, M|
|poke|p2|Magnezone|
|poke|p2|Tyranitar, F|
|poke|p2|Tapu Lele|
|poke|p2|Toxapex, M|
|teampreview
|
|t:|1664763452
|start
|switch|p1a: Melmetal|Melmetal|100/100
|switch|p2a: Tapu Lele|Tapu Lele, shiny|100/100
|-fieldstart|move: Psychic Terrain|[from] ability: Psychic Surge|[of] p2a: Tapu Lele
|turn|1
|inactive|Battle timer is ON: inactive players will automatically lose when time's up. (requested by Guest 5890168)
|j| chillaccount95
|
|t:|1664763457
|switch|p2a: Landorus|Landorus-Therian, M|100/100
|-ability|p2a: Landorus|Intimidate|boost
|-unboost|p1a: Melmetal|atk|1
|move|p1a: Melmetal|Ice Punch|p2a: Landorus
|-supereffective|p2a: Landorus
|-damage|p2a: Landorus|8/100
|
|-heal|p2a: Landorus|14/100|[from] item: Leftovers
|upkeep
|turn|2
|
|t:|1664763462
|move|p2a: Landorus|U-turn|p1a: Melmetal
|-resisted|p1a: Melmetal
|-crit|p1a: Melmetal
|-damage|p1a: Melmetal|91/100
|
|t:|1664763466
|switch|p2a: Magnezone|Magnezone|100/100|[from]move: U-turn
|move|p1a: Melmetal|Ice Punch|p2a: Magnezone
|-resisted|p2a: Magnezone
|-damage|p2a: Magnezone|93/100
|
|-heal|p2a: Magnezone|99/100|[from] item: Leftovers
|upkeep
|turn|3
|
|t:|1664763469
|move|p2a: Magnezone|Magnet Rise|p2a: Magnezone
|-start|p2a: Magnezone|Magnet Rise
|move|p1a: Melmetal|Earthquake|p2a: Magnezone
|-immune|p2a: Magnezone
|
|-heal|p2a: Magnezone|100/100|[from] item: Leftovers
|upkeep
|turn|4
|j| dungiman
|
|t:|1664763472
|move|p2a: Magnezone|Iron Defense|p2a: Magnezone
|-boost|p2a: Magnezone|def|2
|move|p1a: Melmetal|Ice Punch|p2a: Magnezone
|-resisted|p2a: Magnezone
|-damage|p2a: Magnezone|97/100
|
|-heal|p2a: Magnezone|100/100|[from] item: Leftovers
|upkeep
|turn|5
|
|t:|1664763474
|move|p2a: Magnezone|Iron Defense|p2a: Magnezone
|-boost|p2a: Magnezone|def|2
|move|p1a: Melmetal|Ice Punch|p2a: Magnezone
|-resisted|p2a: Magnezone
|-damage|p2a: Magnezone|98/100
|
|-heal|p2a: Magnezone|100/100|[from] item: Leftovers
|-fieldend|move: Psychic Terrain
|upkeep
|turn|6
|
|t:|1664763476
|move|p2a: Magnezone|Body Press|p1a: Melmetal
|-supereffective|p1a: Melmetal
|-damage|p1a: Melmetal|0 fnt
|faint|p1a: Melmetal
|
|upkeep
|
|t:|1664763476
|switch|p1a: Heatran|Heatran, M|100/100
|-item|p1a: Heatran|Air Balloon
|turn|7
|
|t:|1664763478
|move|p1a: Heatran|Magma Storm|p2a: Magnezone
|-supereffective|p2a: Magnezone
|-damage|p2a: Magnezone|0 fnt
|faint|p2a: Magnezone
|
|upkeep
|
|t:|1664763481
|switch|p2a: Tyranitar|Tyranitar, F|100/100
|-weather|Sandstorm|[from] ability: Sand Stream|[of] p2a: Tyranitar
|turn|8
|
|t:|1664763483
|switch|p1a: Tangrowth|Tangrowth, M|100/100
|move|p2a: Tyranitar|Rock Blast|p1a: Tangrowth
|-crit|p1a: Tangrowth
|-damage|p1a: Tangrowth|91/100
|-damage|p1a: Tangrowth|85/100
|-hitcount|p1a: Tangrowth|2
|
|-weather|Sandstorm|[upkeep]
|-damage|p1a: Tangrowth|79/100|[from] Sandstorm
|upkeep
|turn|9
|
|t:|1664763488
|switch|p1a: Landorus|Landorus-Therian, M|100/100
|-ability|p1a: Landorus|Intimidate|boost
|-unboost|p2a: Tyranitar|atk|1
|move|p2a: Tyranitar|Thunder Wave|p1a: Landorus
|-immune|p1a: Landorus
|
|-weather|Sandstorm|[upkeep]
|upkeep
|turn|10
|
|t:|1664763490
|switch|p2a: Buzzwole|Buzzwole|100/100
|move|p1a: Landorus|Toxic|p2a: Buzzwole
|-status|p2a: Buzzwole|tox
|
|-weather|Sandstorm|[upkeep]
|-damage|p2a: Buzzwole|94/100 tox|[from] Sandstorm
|-damage|p2a: Buzzwole|88/100 tox|[from] psn
|upkeep
|turn|11
|
|t:|1664763495
|switch|p1a: Tangrowth|Tangrowth, M|100/100
|move|p2a: Buzzwole|Ice Punch|p1a: Tangrowth
|-supereffective|p1a: Tangrowth
|-damage|p1a: Tangrowth|70/100
|-damage|p2a: Buzzwole|71/100 tox|[from] item: Rocky Helmet|[of] p1a: Tangrowth
|
|-weather|Sandstorm|[upkeep]
|-damage|p2a: Buzzwole|65/100 tox|[from] Sandstorm
|-damage|p1a: Tangrowth|64/100|[from] Sandstorm
|-damage|p2a: Buzzwole|53/100 tox|[from] psn
|upkeep
|turn|12
|
|t:|1664763498
|switch|p2a: Tapu Lele|Tapu Lele, shiny|100/100
|-fieldstart|move: Psychic Terrain|[from] ability: Psychic Surge|[of] p2a: Tapu Lele
|move|p1a: Tangrowth|Giga Drain|p2a: Tapu Lele
|-damage|p2a: Tapu Lele|68/100
|-heal|p1a: Tangrowth|75/100|[from] drain|[of] p2a: Tapu Lele
|
|-weather|none
|upkeep
|turn|13
|
|t:|1664763503
|switch|p1a: Landorus|Landorus-Therian, M|100/100
|-ability|p1a: Landorus|Intimidate|boost
|-unboost|p2a: Tapu Lele|atk|1
|move|p2a: Tapu Lele|Psyshock|p1a: Landorus
|-damage|p1a: Landorus|7/100
|
|-heal|p1a: Landorus|13/100|[from] item: Leftovers
|upkeep
|turn|14
|
|t:|1664763505
|switch|p2a: Landorus|Landorus-Therian, M|14/100
|-ability|p2a: Landorus|Intimidate|boost
|-unboost|p1a: Landorus|atk|1
|switch|p1a: Tangrowth|Tangrowth, M|100/100
|
|-heal|p2a: Landorus|20/100|[from] item: Leftovers
|upkeep
|turn|15
|
|t:|1664763508
|move|p2a: Landorus|Knock Off|p1a: Tangrowth
|-damage|p1a: Tangrowth|85/100
|-damage|p2a: Landorus|4/100|[from] item: Rocky Helmet|[of] p1a: Tangrowth
|-enditem|p1a: Tangrowth|Rocky Helmet|[from] move: Knock Off|[of] p2a: Landorus
|move|p1a: Tangrowth|Sleep Powder|p2a: Landorus
|-status|p2a: Landorus|slp|[from] move: Sleep Powder
|
|-heal|p2a: Landorus|10/100 slp|[from] item: Leftovers
|upkeep
|turn|16
|
|t:|1664763514
|switch|p2a: Toxapex|Toxapex, M|100/100
|move|p1a: Tangrowth|Knock Off|p2a: Toxapex
|-damage|p2a: Toxapex|87/100
|-damage|p1a: Tangrowth|69/100|[from] item: Rocky Helmet|[of] p2a: Toxapex
|-enditem|p2a: Toxapex|Rocky Helmet|[from] move: Knock Off|[of] p1a: Tangrowth
|
|-fieldend|move: Psychic Terrain
|upkeep
|turn|17
|
|t:|1664763516
|move|p1a: Tangrowth|Giga Drain|p2a: Toxapex
|-damage|p2a: Toxapex|65/100
|-heal|p1a: Tangrowth|77/100|[from] drain|[of] p2a: Toxapex
|move|p2a: Toxapex|Toxic|p1a: Tangrowth
|-status|p1a: Tangrowth|tox
|
|-damage|p1a: Tangrowth|71/100 tox|[from] psn
|upkeep
|turn|18
|j| Sunday surfer
|
|t:|1664763518
|move|p1a: Tangrowth|Giga Drain|p2a: Toxapex
|-damage|p2a: Toxapex|41/100
|-heal|p1a: Tangrowth|80/100 tox|[from] drain|[of] p2a: Toxapex
|move|p2a: Toxapex|Recover|p2a: Toxapex
|-heal|p2a: Toxapex|91/100
|
|-damage|p1a: Tangrowth|68/100 tox|[from] psn
|upkeep
|turn|19
|
|t:|1664763522
|move|p1a: Tangrowth|Giga Drain|p2a: Toxapex
|-damage|p2a: Toxapex|68/100
|-heal|p1a: Tangrowth|77/100 tox|[from] drain|[of] p2a: Toxapex
|move|p2a: Toxapex|Knock Off|p1a: Tangrowth
|-damage|p1a: Tangrowth|71/100 tox
|
|-damage|p1a: Tangrowth|53/100 tox|[from] psn
|upkeep
|turn|20
|
|t:|1664763524
|switch|p1a: Weavile|Weavile, F|100/100
|-ability|p1a: Weavile|Pressure
|move|p2a: Toxapex|Knock Off|p1a: Weavile
|-resisted|p1a: Weavile
|-damage|p1a: Weavile|87/100
|-enditem|p1a: Weavile|Choice Band|[from] move: Knock Off|[of] p2a: Toxapex
|
|upkeep
|turn|21
|
|t:|1664763527
|move|p1a: Weavile|Knock Off|p2a: Toxapex
|-damage|p2a: Toxapex|49/100
|move|p2a: Toxapex|Toxic|p1a: Weavile
|-status|p1a: Weavile|tox
|
|-damage|p1a: Weavile|81/100 tox|[from] psn
|upkeep
|turn|22
|
|t:|1664763529
|move|p1a: Weavile|Triple Axel|p2a: Toxapex
|-resisted|p2a: Toxapex
|-damage|p2a: Toxapex|46/100
|-resisted|p2a: Toxapex
|-damage|p2a: Toxapex|40/100
|-resisted|p2a: Toxapex
|-damage|p2a: Toxapex|32/100
|-hitcount|p2a: Toxapex|3
|move|p2a: Toxapex|Recover|p2a: Toxapex
|-heal|p2a: Toxapex|82/100
|
|-damage|p1a: Weavile|68/100 tox|[from] psn
|upkeep
|turn|23
|
|t:|1664763532
|move|p1a: Weavile|Triple Axel|p2a: Toxapex
|-resisted|p2a: Toxapex
|-damage|p2a: Toxapex|79/100
|-resisted|p2a: Toxapex
|-damage|p2a: Toxapex|73/100
|-resisted|p2a: Toxapex
|-damage|p2a: Toxapex|64/100
|-hitcount|p2a: Toxapex|3
|move|p2a: Toxapex|Knock Off|p1a: Weavile
|-resisted|p1a: Weavile
|-damage|p1a: Weavile|59/100 tox
|
|-damage|p1a: Weavile|41/100 tox|[from] psn
|upkeep
|turn|24
|
|t:|1664763533
|move|p1a: Weavile|Triple Axel|p2a: Toxapex
|-resisted|p2a: Toxapex
|-damage|p2a: Toxapex|61/100
|-resisted|p2a: Toxapex
|-damage|p2a: Toxapex|55/100
|-resisted|p2a: Toxapex
|-damage|p2a: Toxapex|46/100
|-hitcount|p2a: Toxapex|3
|move|p2a: Toxapex|Recover|p2a: Toxapex
|-heal|p2a: Toxapex|96/100
|
|-damage|p1a: Weavile|17/100 tox|[from] psn
|upkeep
|turn|25
|
|t:|1664763536
|move|p1a: Weavile|Triple Axel|p2a: Toxapex
|-resisted|p2a: Toxapex
|-damage|p2a: Toxapex|93/100
|-resisted|p2a: Toxapex
|-damage|p2a: Toxapex|87/100
|-resisted|p2a: Toxapex
|-damage|p2a: Toxapex|78/100
|-hitcount|p2a: Toxapex|3
|move|p2a: Toxapex|Knock Off|p1a: Weavile
|-resisted|p1a: Weavile
|-damage|p1a: Weavile|8/100 tox
|
|-damage|p1a: Weavile|0 fnt|[from] psn
|faint|p1a: Weavile
|upkeep
|
|t:|1664763536
|switch|p1a: Rotom|Rotom-Wash|100/100
|turn|26
|
|t:|1664763539
|move|p1a: Rotom|Thunderbolt|p2a: Toxapex
|-supereffective|p2a: Toxapex
|-damage|p2a: Toxapex|21/100
|move|p2a: Toxapex|Recover|p2a: Toxapex
|-heal|p2a: Toxapex|71/100
|
|upkeep
|turn|27
|
|t:|1664763542
|switch|p2a: Tyranitar|Tyranitar, F|100/100
|-weather|Sandstorm|[from] ability: Sand Stream|[of] p2a: Tyranitar
|move|p1a: Rotom|Nasty Plot|p1a: Rotom
|-boost|p1a: Rotom|spa|2
|
|-weather|Sandstorm|[upkeep]
|-damage|p1a: Rotom|94/100|[from] Sandstorm
|-heal|p1a: Rotom|100/100|[from] item: Leftovers
|upkeep
|turn|28
|
|t:|1664763545
|move|p1a: Rotom|Hydro Pump|p2a: Tyranitar
|-supereffective|p2a: Tyranitar
|-damage|p2a: Tyranitar|33/100
|move|p2a: Tyranitar|Rock Blast|p1a: Rotom
|-damage|p1a: Rotom|88/100
|-damage|p1a: Rotom|75/100
|-hitcount|p1a: Rotom|2
|
|-weather|Sandstorm|[upkeep]
|-damage|p1a: Rotom|69/100|[from] Sandstorm
|-heal|p1a: Rotom|75/100|[from] item: Leftovers
|-heal|p2a: Tyranitar|39/100|[from] item: Leftovers
|upkeep
|turn|29
|j| Aes Dragon
|
|t:|1664763554
|switch|p2a: Landorus|Landorus-Therian, M|10/100 slp
|-ability|p2a: Landorus|Intimidate|boost
|-unboost|p1a: Rotom|atk|1
|move|p1a: Rotom|Hydro Pump|p2a: Landorus|[miss]
|-miss|p1a: Rotom|p2a: Landorus
|
|-weather|Sandstorm|[upkeep]
|-damage|p1a: Rotom|69/100|[from] Sandstorm
|-heal|p1a: Rotom|75/100|[from] item: Leftovers
|-heal|p2a: Landorus|16/100 slp|[from] item: Leftovers
|upkeep
|turn|30
|
|t:|1664763559
|move|p1a: Rotom|Hydro Pump|p2a: Landorus
|-supereffective|p2a: Landorus
|-damage|p2a: Landorus|0 fnt
|faint|p2a: Landorus
|
|-weather|Sandstorm|[upkeep]
|-damage|p1a: Rotom|69/100|[from] Sandstorm
|-heal|p1a: Rotom|75/100|[from] item: Leftovers
|upkeep
|
|t:|1664763560
|switch|p2a: Tapu Lele|Tapu Lele, shiny|68/100
|-fieldstart|move: Psychic Terrain|[from] ability: Psychic Surge|[of] p2a: Tapu Lele
|turn|31
|
|t:|1664763561
|switch|p1a: Landorus|Landorus-Therian, M|13/100
|-ability|p1a: Landorus|Intimidate|boost
|-unboost|p2a: Tapu Lele|atk|1
|move|p2a: Tapu Lele|Psychic|p1a: Landorus
|-damage|p1a: Landorus|0 fnt
|faint|p1a: Landorus
|
|-weather|none
|upkeep
|
|t:|1664763561
|switch|p1a: Heatran|Heatran, M|100/100
|-item|p1a: Heatran|Air Balloon
|turn|32
|
|t:|1664763565
|switch|p2a: Tyranitar|Tyranitar, F|39/100
|-weather|Sandstorm|[from] ability: Sand Stream|[of] p2a: Tyranitar
|move|p1a: Heatran|Magma Storm|p2a: Tyranitar
|-resisted|p2a: Tyranitar
|-damage|p2a: Tyranitar|28/100
|-activate|p2a: Tyranitar|move: Magma Storm|[of] p1a: Heatran
|
|-weather|Sandstorm|[upkeep]
|-heal|p2a: Tyranitar|34/100|[from] item: Leftovers
|-damage|p2a: Tyranitar|22/100|[from] move: Magma Storm|[partiallytrapped]
|upkeep
|turn|33
|
|t:|1664763569
|move|p1a: Heatran|Magma Storm|p2a: Tyranitar|[miss]
|-miss|p1a: Heatran|p2a: Tyranitar
|move|p2a: Tyranitar|Rock Blast|p1a: Heatran
|-damage|p1a: Heatran|88/100
|-enditem|p1a: Heatran|Air Balloon
|-damage|p1a: Heatran|78/100
|-damage|p1a: Heatran|67/100
|-damage|p1a: Heatran|56/100
|-hitcount|p1a: Heatran|4
|
|-weather|Sandstorm|[upkeep]
|-heal|p2a: Tyranitar|28/100|[from] item: Leftovers
|-damage|p2a: Tyranitar|16/100|[from] move: Magma Storm|[partiallytrapped]
|upkeep
|turn|34
|
|t:|1664763572
|move|p1a: Heatran|Earth Power|p2a: Tyranitar
|-supereffective|p2a: Tyranitar
|-damage|p2a: Tyranitar|0 fnt
|faint|p2a: Tyranitar
|
|-weather|Sandstorm|[upkeep]
|upkeep
|
|t:|1664763574
|switch|p2a: Buzzwole|Buzzwole|53/100 tox
|turn|35
|
|t:|1664763578
|move|p2a: Buzzwole|Close Combat|p1a: Heatran
|-supereffective|p1a: Heatran
|-damage|p1a: Heatran|0 fnt
|-unboost|p2a: Buzzwole|def|1
|-unboost|p2a: Buzzwole|spd|1
|faint|p1a: Heatran
|-ability|p2a: Buzzwole|Beast Boost|boost
|-boost|p2a: Buzzwole|atk|1
|
|-weather|Sandstorm|[upkeep]
|-damage|p2a: Buzzwole|47/100 tox|[from] Sandstorm
|-damage|p2a: Buzzwole|40/100 tox|[from] psn
|-fieldend|move: Psychic Terrain
|upkeep
|
|t:|1664763578
|switch|p1a: Rotom|Rotom-Wash|75/100
|turn|36
|
|t:|1664763580
|move|p2a: Buzzwole|Close Combat|p1a: Rotom
|-damage|p1a: Rotom|0 fnt
|-unboost|p2a: Buzzwole|def|1
|-unboost|p2a: Buzzwole|spd|1
|faint|p1a: Rotom
|-ability|p2a: Buzzwole|Beast Boost|boost
|-boost|p2a: Buzzwole|atk|1
|
|-weather|none
|-damage|p2a: Buzzwole|28/100 tox|[from] psn
|upkeep
|
|t:|1664763580
|switch|p1a: Tangrowth|Tangrowth, M|86/100 tox
|turn|37
|
|t:|1664763582
|switch|p2a: Toxapex|Toxapex, M|100/100
|move|p1a: Tangrowth|Giga Drain|p2a: Toxapex
|-damage|p2a: Toxapex|78/100
|-heal|p1a: Tangrowth|95/100 tox|[from] drain|[of] p2a: Toxapex
|
|-damage|p1a: Tangrowth|88/100 tox|[from] psn
|upkeep
|turn|38
|
|t:|1664763585
|move|p1a: Tangrowth|Knock Off|p2a: Toxapex
|-damage|p2a: Toxapex|69/100
|move|p2a: Toxapex|Knock Off|p1a: Tangrowth
|-crit|p1a: Tangrowth
|-damage|p1a: Tangrowth|80/100 tox
|
|-damage|p1a: Tangrowth|68/100 tox|[from] psn
|upkeep
|turn|39
|
|t:|1664763587
|move|p1a: Tangrowth|Knock Off|p2a: Toxapex
|-crit|p2a: Toxapex
|-damage|p2a: Toxapex|54/100
|move|p2a: Toxapex|Knock Off|p1a: Tangrowth
|-damage|p1a: Tangrowth|62/100 tox
|
|-damage|p1a: Tangrowth|44/100 tox|[from] psn
|upkeep
|turn|40
|
|t:|1664763600
|move|p1a: Tangrowth|Giga Drain|p2a: Toxapex
|-damage|p2a: Toxapex|31/100
|-heal|p1a: Tangrowth|52/100 tox|[from] drain|[of] p2a: Toxapex
|move|p2a: Toxapex|Knock Off|p1a: Tangrowth
|-damage|p1a: Tangrowth|47/100 tox
|
|-damage|p1a: Tangrowth|22/100 tox|[from] psn
|upkeep
|turn|41
|
|t:|1664763601
|move|p1a: Tangrowth|Giga Drain|p2a: Toxapex
|-damage|p2a: Toxapex|7/100
|-heal|p1a: Tangrowth|31/100 tox|[from] drain|[of] p2a: Toxapex
|move|p2a: Toxapex|Knock Off|p1a: Tangrowth
|-damage|p1a: Tangrowth|25/100 tox
|
|-damage|p1a: Tangrowth|0 fnt|[from] psn
|faint|p1a: Tangrowth
|
|win|64j3t3hrt3h
|upkeep
|raw|Guest 5890168's rating: 1738 &rarr; <strong>1721</strong><br />(-17 for losing)
|raw|64j3t3hrt3h's rating: 1788 &rarr; <strong>1805</strong><br />(+17 for winning)
