|j|☆samohi0
|j|☆minimax_ai
|t:|1667948479
|gametype|singles
|player|p1|samohi0|266|1684
|player|p2|minimax_ai|169|1700
|teamsize|p1|6
|teamsize|p2|6
|gen|8
|tier|[Gen 8] OU
|rated|
|rule|Sleep Clause Mod: Limit one foe put to sleep
|rule|Species Clause: Limit one of each Pokémon
|rule|OHKO Clause: OHKO moves are banned
|rule|Evasion Items Clause: Evasion items are banned
|rule|Evasion Moves Clause: Evasion moves are banned
|rule|Endless Battle Clause: Forcing endless battles is banned
|rule|HP Percentage Mod: HP is shown in percentages
|rule|Dynamax Clause: You cannot dynamax
|clearpoke
|poke|p1|Tapu Lele|
|poke|p1|Scizor, M|
|poke|p1|Heatran, M|
|poke|p1|Toxapex, M|
|poke|p1|Tornadus-Therian, M|
|poke|p1|Garchomp, F|
|poke|p2|Rotom-Wash|
|poke|p2|Weavile, F|
|poke|p2|Landorus-Therian, M|
|poke|p2|Heatran, M|
|poke|p2|Tangrowth, M|
|poke|p2|Melmetal|
|teampreview
|c|☆minimax_ai|hf
|inactive|Battle timer is ON: inactive players will automatically lose when time's up. (requested by minimax_ai)
|
|t:|1667948484
|start
|switch|p1a: Tapu Lele|Tapu Lele|100/100
|switch|p2a: Melmetal|Melmetal|100/100
|-fieldstart|move: Psychic Terrain|[from] ability: Psychic Surge|[of] p1a: Tapu Lele
|turn|1
|
|t:|1667948488
|switch|p1a: Garchomp|Garchomp, F|100/100
|move|p2a: Melmetal|Earthquake|p1a: Garchomp
|-damage|p1a: Garchomp|67/100
|
|-heal|p1a: Garchomp|74/100|[from] item: Leftovers
|upkeep
|turn|2
|j| draws to a clo
|
|t:|1667948490
|move|p1a: Garchomp|Stealth Rock|p2a: Melmetal
|-sidestart|p2: minimax_ai|move: Stealth Rock
|move|p2a: Melmetal|Ice Punch|p1a: Garchomp
|-supereffective|p1a: Garchomp
|-damage|p1a: Garchomp|0 fnt
|-damage|p2a: Melmetal|88/100|[from] ability: Rough Skin|[of] p1a: Garchomp
|faint|p1a: Garchomp
|
|upkeep
|
|t:|1667948492
|switch|p1a: Heatran|Heatran, M|100/100
|-item|p1a: Heatran|Air Balloon
|turn|3
|
|t:|1667948494
|switch|p2a: Heatran|Heatran, M|100/100
|-damage|p2a: Heatran|88/100|[from] Stealth Rock
|-item|p2a: Heatran|Air Balloon
|move|p1a: Heatran|Magma Storm|p2a: Heatran
|-start|p2a: Heatran|ability: Flash Fire
|
|upkeep
|turn|4
|
|t:|1667948500
|switch|p1a: Tornadus|Tornadus-Therian, M|100/100
|move|p2a: Heatran|Stealth Rock|p1a: Tornadus
|-sidestart|p1: samohi0|move: Stealth Rock
|
|upkeep
|turn|5
|
|t:|1667948502
|move|p1a: Tornadus|U-turn|p2a: Heatran
|-resisted|p2a: Heatran
|-damage|p2a: Heatran|84/100
|-enditem|p2a: Heatran|Air Balloon
|
|t:|1667948504
|switch|p1a: Heatran|Heatran, M|100/100|[from]move: U-turn
|-damage|p1a: Heatran|88/100|[from] Stealth Rock
|-item|p1a: Heatran|Air Balloon
|move|p2a: Heatran|Magma Storm|p1a: Heatran
|-start|p1a: Heatran|ability: Flash Fire
|
|-fieldend|move: Psychic Terrain
|upkeep
|turn|6
|
|t:|1667948508
|-end|p2a: Heatran|ability: Flash Fire|[silent]
|switch|p2a: rotomwash|Rotom-Wash|100/100
|-damage|p2a: rotomwash|88/100|[from] Stealth Rock
|move|p1a: Heatran|Eruption|p2a: rotomwash
|-resisted|p2a: rotomwash
|-damage|p2a: rotomwash|31/100
|
|-heal|p2a: rotomwash|37/100|[from] item: Leftovers
|upkeep
|turn|7
|
|t:|1667948513
|move|p2a: rotomwash|Hydro Pump|p1a: Heatran
|-supereffective|p1a: Heatran
|-damage|p1a: Heatran|0 fnt
|-enditem|p1a: Heatran|Air Balloon
|faint|p1a: Heatran
|
|-heal|p2a: rotomwash|43/100|[from] item: Leftovers
|upkeep
|
|t:|1667948516
|switch|p1a: Tapu Lele|Tapu Lele|100/100
|-damage|p1a: Tapu Lele|88/100|[from] Stealth Rock
|-fieldstart|move: Psychic Terrain|[from] ability: Psychic Surge|[of] p1a: Tapu Lele
|turn|8
|
|t:|1667948518
|switch|p2a: Melmetal|Melmetal|88/100
|-damage|p2a: Melmetal|82/100|[from] Stealth Rock
|move|p1a: Tapu Lele|Psychic|p2a: Melmetal
|-resisted|p2a: Melmetal
|-damage|p2a: Melmetal|57/100
|
|upkeep
|turn|9
|
|t:|1667948520
|switch|p1a: Toxapex|Toxapex, M|100/100
|-damage|p1a: Toxapex|88/100|[from] Stealth Rock
|move|p2a: Melmetal|Thunder Punch|p1a: Toxapex
|-supereffective|p1a: Toxapex
|-damage|p1a: Toxapex|37/100
|-enditem|p1a: Toxapex|Eject Button
|
|t:|1667948523
|switch|p1a: Scizor|Scizor, M|100/100
|
|upkeep
|turn|10
|
|t:|1667948523
|move|p1a: Scizor|Swords Dance|p1a: Scizor
|-boost|p1a: Scizor|atk|2
|move|p2a: Melmetal|Double Iron Bash|p1a: Scizor
|-resisted|p1a: Scizor
|-damage|p1a: Scizor|80/100
|-resisted|p1a: Scizor
|-damage|p1a: Scizor|59/100
|-hitcount|p1a: Scizor|2
|
|upkeep
|turn|11
|
|t:|1667948526
|move|p1a: Scizor|Roost|p1a: Scizor
|-heal|p1a: Scizor|100/100
|-singleturn|p1a: Scizor|move: Roost
|move|p2a: Melmetal|Thunder Punch|p1a: Scizor
|-damage|p1a: Scizor|67/100
|
|upkeep
|turn|12
|
|t:|1667948530
|move|p1a: Scizor|Roost|p1a: Scizor
|-heal|p1a: Scizor|100/100
|-singleturn|p1a: Scizor|move: Roost
|move|p2a: Melmetal|Thunder Punch|p1a: Scizor
|-crit|p1a: Scizor
|-damage|p1a: Scizor|50/100
|
|-fieldend|move: Psychic Terrain
|upkeep
|turn|13
|
|t:|1667948531
|move|p1a: Scizor|Swords Dance|p1a: Scizor
|-boost|p1a: Scizor|atk|2
|move|p2a: Melmetal|Ice Punch|p1a: Scizor
|-resisted|p1a: Scizor
|-damage|p1a: Scizor|34/100
|
|upkeep
|turn|14
|
|t:|1667948533
|move|p1a: Scizor|Roost|p1a: Scizor
|-heal|p1a: Scizor|84/100
|-singleturn|p1a: Scizor|move: Roost
|move|p2a: Melmetal|Double Iron Bash|p1a: Scizor
|-resisted|p1a: Scizor
|-damage|p1a: Scizor|65/100
|-resisted|p1a: Scizor
|-damage|p1a: Scizor|45/100
|-hitcount|p1a: Scizor|2
|
|upkeep
|turn|15
|l| draws to a clo
|
|t:|1667948535
|move|p1a: Scizor|Roost|p1a: Scizor
|-heal|p1a: Scizor|95/100
|-singleturn|p1a: Scizor|move: Roost
|move|p2a: Melmetal|Ice Punch|p1a: Scizor
|-resisted|p1a: Scizor
|-damage|p1a: Scizor|78/100
|
|upkeep
|turn|16
|
|t:|1667948541
|move|p1a: Scizor|Swords Dance|p1a: Scizor
|-boost|p1a: Scizor|atk|2
|move|p2a: Melmetal|Double Iron Bash|p1a: Scizor
|-resisted|p1a: Scizor
|-damage|p1a: Scizor|60/100
|-resisted|p1a: Scizor
|-damage|p1a: Scizor|39/100
|-hitcount|p1a: Scizor|2
|
|upkeep
|turn|17
|
|t:|1667948542
|move|p1a: Scizor|Roost|p1a: Scizor
|-heal|p1a: Scizor|89/100
|-singleturn|p1a: Scizor|move: Roost
|move|p2a: Melmetal|Double Iron Bash|p1a: Scizor
|-resisted|p1a: Scizor
|-damage|p1a: Scizor|68/100
|-resisted|p1a: Scizor
|-damage|p1a: Scizor|46/100
|-hitcount|p1a: Scizor|2
|
|upkeep
|turn|18
|
|t:|1667948543
|switch|p2a: Heatran|Heatran, M|84/100
|-damage|p2a: Heatran|72/100|[from] Stealth Rock
|move|p1a: Scizor|Roost|p1a: Scizor
|-heal|p1a: Scizor|96/100
|-singleturn|p1a: Scizor|move: Roost
|
|upkeep
|turn|19
|
|t:|1667948548
|move|p1a: Scizor|Bullet Punch|p2a: Heatran
|-resisted|p2a: Heatran
|-damage|p2a: Heatran|42/100
|move|p2a: Heatran|Eruption|p1a: Scizor
|-supereffective|p1a: Scizor
|-damage|p1a: Scizor|0 fnt
|faint|p1a: Scizor
|
|upkeep
|-message|samohi0 forfeited.
|
|win|minimax_ai
|raw|samohi0's rating: 1684 &rarr; <strong>1665</strong><br />(-19 for losing)
|raw|minimax_ai's rating: 1700 &rarr; <strong>1719</strong><br />(+19 for winning)
|c|☆minimax_ai|gg
|l|☆samohi0
