|html|<div class="broadcast-blue"><strong>[Gen 8] OU is currently suspecting Melmetal! For information on how to participate check out the <a href="https://www.smogon.com/forums/threads/np-ss-ou-suspect-process-round-12-monster-mash.3709234/">suspect thread</a>.</strong></div>
|j|☆majorsc2
|j|☆HQSNonsense
|t:|1666341062
|gametype|singles
|player|p1|majorsc2|liza|1477
|player|p2|HQSNonsense|veteranf|1531
|teamsize|p1|6
|teamsize|p2|6
|gen|8
|tier|[Gen 8] OU
|rated|
|rule|Sleep Clause Mod: Limit one foe put to sleep
|rule|Species Clause: Limit one of each Pokémon
|rule|OHKO Clause: OHKO moves are banned
|rule|Evasion Items Clause: Evasion items are banned
|rule|Evasion Moves Clause: Evasion moves are banned
|rule|Endless Battle Clause: Forcing endless battles is banned
|rule|HP Percentage Mod: HP is shown in percentages
|rule|Dynamax Clause: You cannot dynamax
|clearpoke
|poke|p1|Rotom-Wash|
|poke|p1|Weavile, F|
|poke|p1|Landorus-Therian, M|
|poke|p1|Heatran, M|
|poke|p1|Tangrowth, M|
|poke|p1|Melmetal|
|poke|p2|Dragapult, F|
|poke|p2|Weavile, F|
|poke|p2|Rillaboom, M|
|poke|p2|Nihilego|
|poke|p2|Garchomp, M|
|poke|p2|Celesteela|
|teampreview
|inactive|Battle timer is ON: inactive players will automatically lose when time's up. (requested by HQSNonsense)
|j| Poawh
|
|t:|1666341080
|start
|switch|p1a: Landorus|Landorus-Therian, M|100/100
|switch|p2a: Garchomp|Garchomp, M|100/100
|-ability|p1a: Landorus|Intimidate|boost
|-unboost|p2a: Garchomp|atk|1
|turn|1
|
|t:|1666341085
|move|p2a: Garchomp|Stealth Rock|p1a: Landorus
|-sidestart|p1: majorsc2|move: Stealth Rock
|move|p1a: Landorus|Toxic|p2a: Garchomp
|-status|p2a: Garchomp|tox
|
|-damage|p2a: Garchomp|94/100 tox|[from] psn
|upkeep
|turn|2
|
|t:|1666341091
|move|p2a: Garchomp|Swords Dance|p2a: Garchomp
|-boost|p2a: Garchomp|atk|2
|move|p1a: Landorus|Defog|p2a: Garchomp
|-unboost|p2a: Garchomp|evasion|1
|-sideend|p1: majorsc2|Stealth Rock|[from] move: Defog|[of] p1a: Landorus
|
|-heal|p2a: Garchomp|100/100 tox|[from] item: Leftovers
|-damage|p2a: Garchomp|88/100 tox|[from] psn
|upkeep
|turn|3
|
|t:|1666341099
|move|p2a: Garchomp|Scale Shot|p1a: Landorus
|-damage|p1a: Landorus|82/100
|-damage|p1a: Landorus|62/100
|-hitcount|p1a: Landorus|2
|-unboost|p2a: Garchomp|def|1
|-boost|p2a: Garchomp|spe|1
|move|p1a: Landorus|Earthquake|p2a: Garchomp
|-damage|p2a: Garchomp|19/100 tox
|
|-heal|p2a: Garchomp|25/100 tox|[from] item: Leftovers
|-heal|p1a: Landorus|68/100|[from] item: Leftovers
|-damage|p2a: Garchomp|7/100 tox|[from] psn
|upkeep
|turn|4
|
|t:|1666341106
|switch|p1a: Tangrowth|Tangrowth, M|100/100
|move|p2a: Garchomp|Scale Shot|p1a: Tangrowth
|-damage|p1a: Tangrowth|90/100
|-damage|p1a: Tangrowth|80/100
|-damage|p1a: Tangrowth|69/100
|-hitcount|p1a: Tangrowth|3
|-unboost|p2a: Garchomp|def|1
|-boost|p2a: Garchomp|spe|1
|
|-heal|p2a: Garchomp|13/100 tox|[from] item: Leftovers
|-damage|p2a: Garchomp|0 fnt|[from] psn
|faint|p2a: Garchomp
|upkeep
|inactive|HQSNonsense has 120 seconds left.
|
|t:|1666341137
|switch|p2a: Celesteela|Celesteela|100/100
|turn|5
|
|t:|1666341142
|switch|p1a: Heatran|Heatran, M|100/100
|-item|p1a: Heatran|Air Balloon
|move|p2a: Celesteela|Meteor Beam||[still]
|-prepare|p2a: Celesteela|Meteor Beam
|-boost|p2a: Celesteela|spa|1
|-enditem|p2a: Celesteela|Power Herb
|-anim|p2a: Celesteela|Meteor Beam|p1a: Heatran
|-damage|p1a: Heatran|44/100
|-enditem|p1a: Heatran|Air Balloon
|
|upkeep
|turn|6
|
|t:|1666341149
|switch|p2a: Nihilego|Nihilego|100/100
|move|p1a: Heatran|Magma Storm|p2a: Nihilego|[miss]
|-miss|p1a: Heatran|p2a: Nihilego
|
|upkeep
|turn|7
|
|t:|1666341159
|switch|p1a: Melmetal|Melmetal|100/100
|move|p2a: Nihilego|Meteor Beam||[still]
|-prepare|p2a: Nihilego|Meteor Beam
|-boost|p2a: Nihilego|spa|1
|-enditem|p2a: Nihilego|Power Herb
|-anim|p2a: Nihilego|Meteor Beam|p1a: Melmetal
|-resisted|p1a: Melmetal
|-damage|p1a: Melmetal|77/100
|
|upkeep
|turn|8
|
|t:|1666341173
|switch|p2a: Celesteela|Celesteela|100/100
|move|p1a: Melmetal|Double Iron Bash|p2a: Celesteela
|-resisted|p2a: Celesteela
|-damage|p2a: Celesteela|81/100
|-resisted|p2a: Celesteela
|-damage|p2a: Celesteela|61/100
|-hitcount|p2a: Celesteela|2
|
|upkeep
|turn|9
|
|t:|1666341179
|move|p2a: Celesteela|Autotomize|p2a: Celesteela
|-boost|p2a: Celesteela|spe|2
|-start|p2a: Celesteela|Autotomize
|move|p1a: Melmetal|Thunder Punch|p2a: Celesteela
|-supereffective|p2a: Celesteela
|-damage|p2a: Celesteela|0 fnt
|faint|p2a: Celesteela
|
|upkeep
|
|t:|1666341193
|switch|p2a: Rillaboom|Rillaboom, M|100/100
|-fieldstart|move: Grassy Terrain|[from] ability: Grassy Surge|[of] p2a: Rillaboom
|turn|10
|
|t:|1666341222
|switch|p1a: Tangrowth|Tangrowth, M|100/100
|move|p2a: Rillaboom|Swords Dance|p2a: Rillaboom
|-boost|p2a: Rillaboom|atk|2
|
|upkeep
|turn|11
|
|t:|1666341225
|move|p2a: Rillaboom|Swords Dance|p2a: Rillaboom
|-boost|p2a: Rillaboom|atk|2
|move|p1a: Tangrowth|Knock Off|p2a: Rillaboom
|-damage|p2a: Rillaboom|77/100
|-enditem|p2a: Rillaboom|Life Orb|[from] move: Knock Off|[of] p1a: Tangrowth
|
|-heal|p2a: Rillaboom|83/100|[from] Grassy Terrain
|upkeep
|turn|12
|
|t:|1666341237
|switch|p1a: Landorus|Landorus-Therian, M|68/100
|-ability|p1a: Landorus|Intimidate|boost
|-unboost|p2a: Rillaboom|atk|1
|move|p2a: Rillaboom|Knock Off|p1a: Landorus
|-crit|p1a: Landorus
|-damage|p1a: Landorus|0 fnt
|-enditem|p1a: Landorus|Leftovers|[from] move: Knock Off|[of] p2a: Rillaboom
|faint|p1a: Landorus
|
|-heal|p2a: Rillaboom|90/100|[from] Grassy Terrain
|upkeep
|
|t:|1666341243
|switch|p1a: Weavile|Weavile, F|100/100
|-ability|p1a: Weavile|Pressure
|turn|13
|
|t:|1666341245
|move|p1a: Weavile|Ice Shard|p2a: Rillaboom
|-supereffective|p2a: Rillaboom
|-damage|p2a: Rillaboom|26/100
|move|p2a: Rillaboom|Grassy Glide|p1a: Weavile
|-damage|p1a: Weavile|0 fnt
|faint|p1a: Weavile
|
|-heal|p2a: Rillaboom|32/100|[from] Grassy Terrain
|upkeep
|
|t:|1666341254
|switch|p1a: Tangrowth|Tangrowth, M|100/100
|turn|14
|
|t:|1666341258
|move|p2a: Rillaboom|Drain Punch|p1a: Tangrowth
|-damage|p1a: Tangrowth|70/100
|-heal|p2a: Rillaboom|51/100|[from] drain|[of] p1a: Tangrowth
|-damage|p2a: Rillaboom|34/100|[from] item: Rocky Helmet|[of] p1a: Tangrowth
|move|p1a: Tangrowth|Focus Blast|p2a: Rillaboom|[miss]
|-miss|p1a: Tangrowth|p2a: Rillaboom
|
|-heal|p2a: Rillaboom|40/100|[from] Grassy Terrain
|-heal|p1a: Tangrowth|76/100|[from] Grassy Terrain
|-fieldend|move: Grassy Terrain
|upkeep
|turn|15
|
|t:|1666341268
|move|p2a: Rillaboom|Drain Punch|p1a: Tangrowth
|-damage|p1a: Tangrowth|44/100
|-heal|p2a: Rillaboom|59/100|[from] drain|[of] p1a: Tangrowth
|-damage|p2a: Rillaboom|43/100|[from] item: Rocky Helmet|[of] p1a: Tangrowth
|move|p1a: Tangrowth|Focus Blast|p2a: Rillaboom|[miss]
|-miss|p1a: Tangrowth|p2a: Rillaboom
|
|upkeep
|turn|16
|
|t:|1666341277
|move|p2a: Rillaboom|Knock Off|p1a: Tangrowth
|-damage|p1a: Tangrowth|0 fnt
|-damage|p2a: Rillaboom|27/100|[from] item: Rocky Helmet|[of] p1a: Tangrowth
|-enditem|p1a: Tangrowth|Rocky Helmet|[from] move: Knock Off|[of] p2a: Rillaboom
|faint|p1a: Tangrowth
|
|upkeep
|
|t:|1666341282
|switch|p1a: Heatran|Heatran, M|44/100
|turn|17
|
|t:|1666341285
|move|p2a: Rillaboom|Drain Punch|p1a: Heatran
|-supereffective|p1a: Heatran
|-damage|p1a: Heatran|0 fnt
|-heal|p2a: Rillaboom|47/100|[from] drain|[of] p1a: Heatran
|faint|p1a: Heatran
|
|upkeep
|-message|majorsc2 forfeited.
|
|win|HQSNonsense
|raw|majorsc2's rating: 1477 &rarr; <strong>1460</strong><br />(-17 for losing)
|raw|HQSNonsense's rating: 1531 &rarr; <strong>1548</strong><br />(+17 for winning)
|l|☆majorsc2
