|j|☆Down$hift
|j|☆Hajmola
|t:|1667487962
|gametype|singles
|player|p1|Down$hift|teamrocket|1792
|player|p2|Hajmola|doctor|1783
|teamsize|p1|6
|teamsize|p2|6
|gen|8
|tier|[Gen 8] OU
|rated|
|rule|Sleep Clause Mod: Limit one foe put to sleep
|rule|Species Clause: Limit one of each Pokémon
|rule|OHKO Clause: OHKO moves are banned
|rule|Evasion Items Clause: Evasion items are banned
|rule|Evasion Moves Clause: Evasion moves are banned
|rule|Endless Battle Clause: Forcing endless battles is banned
|rule|HP Percentage Mod: HP is shown in percentages
|rule|Dynamax Clause: You cannot dynamax
|clearpoke
|poke|p1|Pincurchin, M|
|poke|p1|Slowbro, M|
|poke|p1|Excadrill, M|
|poke|p1|Tyranitar, F|
|poke|p1|Amoonguss, M|
|poke|p1|Clefable, F|
|poke|p2|Tapu Lele|
|poke|p2|Rotom-Wash|
|poke|p2|Landorus-Therian, M|
|poke|p2|Heatran, F|
|poke|p2|Tornadus-Therian, M|
|poke|p2|Buzzwole|
|teampreview
|c|☆Down$hift|Hf
|c|☆Hajmola|u2
|
|t:|1667487987
|start
|switch|p1a: (GONE WRONG)|Clefable, F|100/100
|switch|p2a: Heatran|Heatran, F|100/100
|turn|1
|
|t:|1667487993
|move|p2a: Heatran|Taunt|p1a: (GONE WRONG)
|-start|p1a: (GONE WRONG)|move: Taunt
|cant|p1a: (GONE WRONG)|move: Taunt|Trick
|
|upkeep
|turn|2
|inactive|Battle timer is ON: inactive players will automatically lose when time's up. (requested by Down$hift)
|
|t:|1667488009
|switch|p2a: Landorus|Landorus-Therian, M|100/100
|-ability|p2a: Landorus|Intimidate|boost
|-unboost|p1a: (GONE WRONG)|atk|1
|switch|p1a: 3 AM|Slowbro, M|100/100
|
|upkeep
|turn|3
|
|t:|1667488017
|switch|p1a: (GONE WRONG)|Clefable, F|100/100
|move|p2a: Landorus|U-turn|p1a: (GONE WRONG)
|-resisted|p1a: (GONE WRONG)
|-damage|p1a: (GONE WRONG)|91/100
|
|t:|1667488022
|switch|p2a: Heatran|Heatran, F|100/100|[from]move: U-turn
|
|upkeep
|turn|4
|
|t:|1667488039
|switch|p1a: 3 AM|Slowbro, M|100/100
|move|p2a: Heatran|Magma Storm|p1a: 3 AM
|-resisted|p1a: 3 AM
|-damage|p1a: 3 AM|85/100
|-activate|p1a: 3 AM|move: Magma Storm|[of] p2a: Heatran
|
|-damage|p1a: 3 AM|73/100|[from] move: Magma Storm|[partiallytrapped]
|upkeep
|turn|5
|
|t:|1667488045
|move|p2a: Heatran|Taunt|p1a: 3 AM
|-start|p1a: 3 AM|move: Taunt
|move|p1a: 3 AM|Scald|p2a: Heatran
|-supereffective|p2a: Heatran
|-damage|p2a: Heatran|64/100
|
|-heal|p2a: Heatran|70/100|[from] item: Leftovers
|-damage|p1a: 3 AM|60/100|[from] move: Magma Storm|[partiallytrapped]
|upkeep
|turn|6
|
|t:|1667488047
|move|p2a: Heatran|Earth Power|p1a: 3 AM
|-damage|p1a: 3 AM|41/100
|move|p1a: 3 AM|Scald|p2a: Heatran
|-supereffective|p2a: Heatran
|-damage|p2a: Heatran|38/100
|
|-heal|p2a: Heatran|44/100|[from] item: Leftovers
|-damage|p1a: 3 AM|29/100|[from] move: Magma Storm|[partiallytrapped]
|upkeep
|turn|7
|
|t:|1667488054
|move|p2a: Heatran|Earth Power|p1a: 3 AM
|-damage|p1a: 3 AM|10/100
|-unboost|p1a: 3 AM|spd|1
|move|p1a: 3 AM|Scald|p2a: Heatran
|-supereffective|p2a: Heatran
|-damage|p2a: Heatran|8/100
|
|-heal|p2a: Heatran|14/100|[from] item: Leftovers
|-damage|p1a: 3 AM|0 fnt|[from] move: Magma Storm|[partiallytrapped]
|faint|p1a: 3 AM
|upkeep
|
|t:|1667488061
|switch|p1a: (IMPOSSIBLE)|Excadrill, M|100/100
|-item|p1a: (IMPOSSIBLE)|Air Balloon
|turn|8
|
|t:|1667488069
|switch|p1a: (GONE WRONG)|Clefable, F|91/100
|switch|p2a: Buzzwole|Buzzwole|100/100
|
|upkeep
|turn|9
|
|t:|1667488075
|switch|p2a: Heatran|Heatran, F|14/100
|move|p1a: (GONE WRONG)|Stealth Rock|p2a: Heatran
|-sidestart|p2: Hajmola|move: Stealth Rock
|
|-heal|p2a: Heatran|20/100|[from] item: Leftovers
|upkeep
|turn|10
|j| Bacilisco3
|
|t:|1667488082
|switch|p1a: CHALLENGE|Tyranitar, F|100/100
|-weather|Sandstorm|[from] ability: Sand Stream|[of] p1a: CHALLENGE
|move|p2a: Heatran|Toxic|p1a: CHALLENGE|[miss]
|-miss|p2a: Heatran|p1a: CHALLENGE
|
|-weather|Sandstorm|[upkeep]
|-heal|p2a: Heatran|27/100|[from] item: Leftovers
|upkeep
|turn|11
|
|t:|1667488093
|move|p1a: CHALLENGE|Stone Edge|p2a: Heatran
|-damage|p2a: Heatran|0 fnt
|faint|p2a: Heatran
|
|-weather|Sandstorm|[upkeep]
|upkeep
|
|t:|1667488103
|switch|p2a: Landorus|Landorus-Therian, M|100/100
|-damage|p2a: Landorus|88/100|[from] Stealth Rock
|-ability|p2a: Landorus|Intimidate|boost
|-unboost|p1a: CHALLENGE|atk|1
|turn|12
|
|t:|1667488112
|switch|p1a: (GONE WRONG)|Clefable, F|91/100
|move|p2a: Landorus|Earthquake|p1a: (GONE WRONG)
|-damage|p1a: (GONE WRONG)|52/100
|
|-weather|Sandstorm|[upkeep]
|-heal|p2a: Landorus|94/100|[from] item: Leftovers
|upkeep
|turn|13
|
|t:|1667488129
|move|p2a: Landorus|U-turn|p1a: (GONE WRONG)
|-resisted|p1a: (GONE WRONG)
|-damage|p1a: (GONE WRONG)|43/100
|
|t:|1667488135
|switch|p2a: Tapu Lele|Tapu Lele|100/100|[from]move: U-turn
|-damage|p2a: Tapu Lele|88/100|[from] Stealth Rock
|-fieldstart|move: Psychic Terrain|[from] ability: Psychic Surge|[of] p2a: Tapu Lele
|move|p1a: (GONE WRONG)|Soft-Boiled|p1a: (GONE WRONG)
|-heal|p1a: (GONE WRONG)|93/100
|
|-weather|Sandstorm|[upkeep]
|-damage|p2a: Tapu Lele|82/100|[from] Sandstorm
|upkeep
|turn|14
|inactive|Down$hift has 120 seconds left.
|
|t:|1667488168
|move|p2a: Tapu Lele|Future Sight|p1a: (GONE WRONG)
|-start|p2a: Tapu Lele|move: Future Sight
|move|p1a: (GONE WRONG)|Trick|p2a: Tapu Lele
|-activate|p1a: (GONE WRONG)|move: Trick|[of] p2a: Tapu Lele
|-item|p2a: Tapu Lele|Sticky Barb|[from] move: Trick
|-item|p1a: (GONE WRONG)|Choice Scarf|[from] move: Trick
|
|-weather|none
|-damage|p2a: Tapu Lele|70/100|[from] item: Sticky Barb
|upkeep
|turn|15
|l|☆Down$hift
|inactive|Down$hift disconnected and has a minute to reconnect!
|player|p1|
|j|☆Down$hift
|inactive|Down$hift reconnected and has 115 seconds left.
|player|p1|Down$hift|teamrocket
|inactive|Hajmola has 120 seconds left.
|
|t:|1667488200
|move|p2a: Tapu Lele|Moonblast|p1a: (GONE WRONG)
|-damage|p1a: (GONE WRONG)|45/100
|move|p1a: (GONE WRONG)|Moonblast|p2a: Tapu Lele
|-damage|p2a: Tapu Lele|38/100
|
|-damage|p2a: Tapu Lele|25/100|[from] item: Sticky Barb
|upkeep
|turn|16
|inactive|Hajmola has 120 seconds left.
|
|t:|1667488211
|switch|p2a: Tornadus|Tornadus-Therian, M|100/100
|switch|p1a: (NOT CLICKBAIT)|Pincurchin, M, shiny|100/100
|-fieldstart|move: Electric Terrain|[from] ability: Electric Surge|[of] p1a: (NOT CLICKBAIT)
|
|-end|p1a: (NOT CLICKBAIT)|move: Future Sight
|-damage|p1a: (NOT CLICKBAIT)|12/100
|upkeep
|turn|17
|
|t:|1667488216
|move|p2a: Tornadus|U-turn|p1a: (NOT CLICKBAIT)
|-damage|p1a: (NOT CLICKBAIT)|0 fnt
|faint|p1a: (NOT CLICKBAIT)
|inactive|Hajmola has 120 seconds left.
|j| sammag
|
|t:|1667488238
|switch|p2a: Buzzwole|Buzzwole|100/100|[from]move: U-turn
|-damage|p2a: Buzzwole|88/100|[from] Stealth Rock
|
|upkeep
|inactive|Down$hift has 120 seconds left.
|
|t:|1667488263
|switch|p1a: (GONE WRONG)|Clefable, F|45/100
|turn|18
|
|t:|1667488269
|switch|p2a: Tornadus|Tornadus-Therian, M|100/100
|move|p1a: (GONE WRONG)|Trick|p2a: Tornadus
|-activate|p1a: (GONE WRONG)|move: Trick|[of] p2a: Tornadus
|-item|p2a: Tornadus|Choice Scarf|[from] move: Trick
|-item|p1a: (GONE WRONG)|Heavy-Duty Boots|[from] move: Trick
|
|upkeep
|turn|19
|
|t:|1667488278
|move|p2a: Tornadus|Hurricane|p1a: (GONE WRONG)|[miss]
|-miss|p2a: Tornadus|p1a: (GONE WRONG)
|move|p1a: (GONE WRONG)|Soft-Boiled|p1a: (GONE WRONG)
|-heal|p1a: (GONE WRONG)|95/100
|
|upkeep
|turn|20
|
|t:|1667488283
|switch|p2a: Rotom|Rotom-Wash|100/100
|-damage|p2a: Rotom|88/100|[from] Stealth Rock
|switch|p1a: CHALLENGE|Tyranitar, F|100/100
|-weather|Sandstorm|[from] ability: Sand Stream|[of] p1a: CHALLENGE
|
|-weather|Sandstorm|[upkeep]
|-damage|p2a: Rotom|82/100|[from] Sandstorm
|-heal|p2a: Rotom|88/100|[from] item: Leftovers
|-fieldend|move: Electric Terrain
|upkeep
|turn|21
|
|t:|1667488295
|switch|p1a: AMONG US|Amoonguss, M, shiny|100/100
|move|p2a: Rotom|Volt Switch|p1a: AMONG US
|-resisted|p1a: AMONG US
|-damage|p1a: AMONG US|90/100
|
|t:|1667488303
|switch|p2a: Landorus|Landorus-Therian, M|94/100|[from]move: Volt Switch
|-damage|p2a: Landorus|82/100|[from] Stealth Rock
|-ability|p2a: Landorus|Intimidate|boost
|-unboost|p1a: AMONG US|atk|1
|
|-weather|Sandstorm|[upkeep]
|-damage|p1a: AMONG US|84/100|[from] Sandstorm
|-heal|p2a: Landorus|88/100|[from] item: Leftovers
|upkeep
|turn|22
|
|t:|1667488323
|move|p2a: Landorus|Earthquake|p1a: AMONG US
|-damage|p1a: AMONG US|47/100
|move|p1a: AMONG US|Spore|p2a: Landorus
|-status|p2a: Landorus|slp|[from] move: Spore
|
|-weather|Sandstorm|[upkeep]
|-damage|p1a: AMONG US|41/100|[from] Sandstorm
|-heal|p2a: Landorus|94/100 slp|[from] item: Leftovers
|upkeep
|turn|23
|
|t:|1667488332
|switch|p2a: Buzzwole|Buzzwole|88/100
|-damage|p2a: Buzzwole|76/100|[from] Stealth Rock
|switch|p1a: (GONE WRONG)|Clefable, F|95/100
|
|-weather|Sandstorm|[upkeep]
|-damage|p2a: Buzzwole|70/100|[from] Sandstorm
|upkeep
|turn|24
|
|t:|1667488339
|switch|p2a: Rotom|Rotom-Wash|88/100
|-damage|p2a: Rotom|76/100|[from] Stealth Rock
|move|p1a: (GONE WRONG)|Moonblast|p2a: Rotom
|-damage|p2a: Rotom|52/100
|
|-weather|none
|-heal|p2a: Rotom|58/100|[from] item: Leftovers
|upkeep
|turn|25
|
|t:|1667488348
|switch|p1a: AMONG US|Amoonguss, M, shiny|75/100
|move|p2a: Rotom|Thunder Wave|p1a: AMONG US
|-status|p1a: AMONG US|par
|
|-heal|p2a: Rotom|64/100|[from] item: Leftovers
|upkeep
|turn|26
|
|t:|1667488353
|move|p2a: Rotom|Volt Switch|p1a: AMONG US
|-resisted|p1a: AMONG US
|-damage|p1a: AMONG US|63/100 par
|
|t:|1667488354
|switch|p2a: Tornadus|Tornadus-Therian, M|100/100|[from]move: Volt Switch
|-damage|p2a: Tornadus|76/100|[from] Stealth Rock
|move|p1a: AMONG US|Spore|p2a: Tornadus
|-message|Sleep Clause Mod activated.
|
|upkeep
|turn|27
|
|t:|1667488363
|switch|p1a: CHALLENGE|Tyranitar, F|100/100
|-weather|Sandstorm|[from] ability: Sand Stream|[of] p1a: CHALLENGE
|move|p2a: Tornadus|Defog|p1a: CHALLENGE
|-unboost|p1a: CHALLENGE|evasion|1
|-sideend|p2: Hajmola|Stealth Rock|[from] move: Defog|[of] p2a: Tornadus
|
|-weather|Sandstorm|[upkeep]
|-damage|p2a: Tornadus|70/100|[from] Sandstorm
|upkeep
|turn|28
|
|t:|1667488369
|switch|p2a: Landorus|Landorus-Therian, M|94/100 slp
|-ability|p2a: Landorus|Intimidate|boost
|-unboost|p1a: CHALLENGE|atk|1
|move|p1a: CHALLENGE|Stone Edge|p2a: Landorus
|-damage|p2a: Landorus|44/100 slp
|
|-weather|Sandstorm|[upkeep]
|-heal|p2a: Landorus|50/100 slp|[from] item: Leftovers
|upkeep
|turn|29
|
|t:|1667488377
|move|p1a: CHALLENGE|Stone Edge|p2a: Landorus
|-damage|p2a: Landorus|0 fnt
|faint|p2a: Landorus
|
|-weather|Sandstorm|[upkeep]
|upkeep
|
|t:|1667488381
|switch|p2a: Buzzwole|Buzzwole|70/100
|turn|30
|
|t:|1667488403
|switch|p1a: (GONE WRONG)|Clefable, F|95/100
|move|p2a: Buzzwole|Earthquake|p1a: (GONE WRONG)
|-damage|p1a: (GONE WRONG)|48/100
|
|-weather|Sandstorm|[upkeep]
|-damage|p2a: Buzzwole|64/100|[from] Sandstorm
|upkeep
|turn|31
|
|t:|1667488411
|switch|p2a: Tornadus|Tornadus-Therian, M|100/100
|move|p1a: (GONE WRONG)|Soft-Boiled|p1a: (GONE WRONG)
|-heal|p1a: (GONE WRONG)|98/100
|
|-weather|none
|upkeep
|turn|32
|
|t:|1667488414
|move|p2a: Tornadus|Hurricane|p1a: (GONE WRONG)
|-damage|p1a: (GONE WRONG)|62/100
|-start|p1a: (GONE WRONG)|confusion
|-activate|p1a: (GONE WRONG)|confusion
|-damage|p1a: (GONE WRONG)|58/100|[from] confusion
|
|upkeep
|turn|33
|
|t:|1667488420
|switch|p1a: CHALLENGE|Tyranitar, F|100/100
|-weather|Sandstorm|[from] ability: Sand Stream|[of] p1a: CHALLENGE
|move|p2a: Tornadus|Hurricane|p1a: CHALLENGE
|-resisted|p1a: CHALLENGE
|-damage|p1a: CHALLENGE|87/100
|
|-weather|Sandstorm|[upkeep]
|-damage|p2a: Tornadus|94/100|[from] Sandstorm
|upkeep
|turn|34
|
|t:|1667488422
|switch|p2a: Tapu Lele|Tapu Lele|25/100
|-fieldstart|move: Psychic Terrain|[from] ability: Psychic Surge|[of] p2a: Tapu Lele
|move|p1a: CHALLENGE|Stone Edge|p2a: Tapu Lele|[miss]
|-miss|p1a: CHALLENGE|p2a: Tapu Lele
|
|-weather|Sandstorm|[upkeep]
|-damage|p2a: Tapu Lele|19/100|[from] Sandstorm
|-damage|p2a: Tapu Lele|7/100|[from] item: Sticky Barb
|upkeep
|turn|35
|
|t:|1667488434
|switch|p1a: (GONE WRONG)|Clefable, F|58/100
|move|p2a: Tapu Lele|Future Sight|p1a: (GONE WRONG)
|-start|p2a: Tapu Lele|move: Future Sight
|
|-weather|Sandstorm|[upkeep]
|-damage|p2a: Tapu Lele|0 fnt|[from] Sandstorm
|faint|p2a: Tapu Lele
|upkeep
|
|t:|1667488445
|switch|p2a: Tornadus|Tornadus-Therian, M|100/100
|turn|36
|
|t:|1667488449
|move|p2a: Tornadus|Hurricane|p1a: (GONE WRONG)|[miss]
|-miss|p2a: Tornadus|p1a: (GONE WRONG)
|move|p1a: (GONE WRONG)|Soft-Boiled|p1a: (GONE WRONG)
|-heal|p1a: (GONE WRONG)|100/100
|
|-weather|Sandstorm|[upkeep]
|-damage|p2a: Tornadus|94/100|[from] Sandstorm
|upkeep
|turn|37
|
|t:|1667488453
|switch|p2a: Buzzwole|Buzzwole|64/100
|move|p1a: (GONE WRONG)|Soft-Boiled||[still]
|-fail|p1a: (GONE WRONG)|heal
|
|-weather|none
|-end|p1a: (GONE WRONG)|move: Future Sight
|-damage|p1a: (GONE WRONG)|29/100
|upkeep
|turn|38
|
|t:|1667488465
|switch|p1a: AMONG US|Amoonguss, M, shiny|96/100 par
|move|p2a: Buzzwole|Ice Punch|p1a: AMONG US
|-supereffective|p1a: AMONG US
|-damage|p1a: AMONG US|31/100 par
|-damage|p2a: Buzzwole|47/100|[from] item: Rocky Helmet|[of] p1a: AMONG US
|
|-fieldend|move: Psychic Terrain
|upkeep
|turn|39
|
|t:|1667488481
|move|p2a: Buzzwole|Ice Punch|p1a: AMONG US
|-supereffective|p1a: AMONG US
|-damage|p1a: AMONG US|0 fnt
|-damage|p2a: Buzzwole|31/100|[from] item: Rocky Helmet|[of] p1a: AMONG US
|faint|p1a: AMONG US
|-ability|p2a: Buzzwole|Beast Boost|boost
|-boost|p2a: Buzzwole|atk|1
|
|upkeep
|
|t:|1667488484
|switch|p1a: (IMPOSSIBLE)|Excadrill, M|100/100
|-item|p1a: (IMPOSSIBLE)|Air Balloon
|turn|40
|
|t:|1667488489
|switch|p2a: Rotom|Rotom-Wash|64/100
|move|p1a: (IMPOSSIBLE)|Iron Head|p2a: Rotom
|-resisted|p2a: Rotom
|-damage|p2a: Rotom|53/100
|
|-heal|p2a: Rotom|59/100|[from] item: Leftovers
|upkeep
|turn|41
|inactive|Down$hift has 120 seconds left.
|inactive|Down$hift has 90 seconds left.
|inactive|Hajmola has 120 seconds left.
|inactive|Down$hift has 60 seconds left.
|
|t:|1667488584
|switch|p1a: CHALLENGE|Tyranitar, F|87/100
|-weather|Sandstorm|[from] ability: Sand Stream|[of] p1a: CHALLENGE
|move|p2a: Rotom|Hydro Pump|p1a: CHALLENGE
|-supereffective|p1a: CHALLENGE
|-damage|p1a: CHALLENGE|38/100
|
|-weather|Sandstorm|[upkeep]
|-damage|p2a: Rotom|53/100|[from] Sandstorm
|-heal|p2a: Rotom|59/100|[from] item: Leftovers
|upkeep
|turn|42
|inactive|Hajmola has 120 seconds left.
|
|t:|1667488605
|switch|p2a: Tornadus|Tornadus-Therian, M|100/100
|move|p1a: CHALLENGE|Stone Edge|p2a: Tornadus
|-supereffective|p2a: Tornadus
|-damage|p2a: Tornadus|0 fnt
|faint|p2a: Tornadus
|
|-weather|Sandstorm|[upkeep]
|upkeep
|
|t:|1667488613
|switch|p2a: Buzzwole|Buzzwole|31/100
|turn|43
|inactive|Down$hift has 60 seconds left.
|j| Angelwingsmygoons
|
|t:|1667488651
|switch|p1a: (GONE WRONG)|Clefable, F|29/100
|move|p2a: Buzzwole|Roost|p2a: Buzzwole
|-heal|p2a: Buzzwole|81/100
|-singleturn|p2a: Buzzwole|move: Roost
|
|-weather|Sandstorm|[upkeep]
|-damage|p2a: Buzzwole|75/100|[from] Sandstorm
|upkeep
|turn|44
|j| NukeRadiation77
|
|t:|1667488667
|switch|p2a: Rotom|Rotom-Wash|59/100
|move|p1a: (GONE WRONG)|Soft-Boiled|p1a: (GONE WRONG)
|-heal|p1a: (GONE WRONG)|79/100
|
|-weather|Sandstorm|[upkeep]
|-damage|p2a: Rotom|53/100|[from] Sandstorm
|-heal|p2a: Rotom|59/100|[from] item: Leftovers
|upkeep
|turn|45
|
|t:|1667488675
|move|p2a: Rotom|Thunder Wave|p1a: (GONE WRONG)|[miss]
|-miss|p2a: Rotom|p1a: (GONE WRONG)
|move|p1a: (GONE WRONG)|Trick|p2a: Rotom
|-activate|p1a: (GONE WRONG)|move: Trick|[of] p2a: Rotom
|-item|p2a: Rotom|Heavy-Duty Boots|[from] move: Trick
|-item|p1a: (GONE WRONG)|Leftovers|[from] move: Trick
|
|-weather|none
|-heal|p1a: (GONE WRONG)|85/100|[from] item: Leftovers
|upkeep
|turn|46
|
|t:|1667488679
|move|p2a: Rotom|Thunder Wave|p1a: (GONE WRONG)
|-status|p1a: (GONE WRONG)|par
|move|p1a: (GONE WRONG)|Moonblast|p2a: Rotom
|-damage|p2a: Rotom|34/100
|-unboost|p2a: Rotom|spa|1
|
|-heal|p1a: (GONE WRONG)|91/100 par|[from] item: Leftovers
|upkeep
|turn|47
|
|t:|1667488688
|move|p2a: Rotom|Pain Split|p1a: (GONE WRONG)
|-sethp|p1a: (GONE WRONG)|58/100 par|[from] move: Pain Split|[silent]
|-sethp|p2a: Rotom|76/100|[from] move: Pain Split
|move|p1a: (GONE WRONG)|Moonblast|p2a: Rotom
|-damage|p2a: Rotom|53/100
|
|-heal|p1a: (GONE WRONG)|64/100 par|[from] item: Leftovers
|upkeep
|turn|48
|
|t:|1667488696
|move|p2a: Rotom|Thunder Wave|p1a: (GONE WRONG)
|-fail|p1a: (GONE WRONG)|par
|move|p1a: (GONE WRONG)|Moonblast|p2a: Rotom
|-damage|p2a: Rotom|28/100
|
|-heal|p1a: (GONE WRONG)|71/100 par|[from] item: Leftovers
|upkeep
|turn|49
|j| viper33
|inactive|Down$hift has 60 seconds left.
|l| viper33
|l| Bacilisco3
|
|t:|1667488729
|switch|p1a: CHALLENGE|Tyranitar, F|38/100
|-weather|Sandstorm|[from] ability: Sand Stream|[of] p1a: CHALLENGE
|move|p2a: Rotom|Hydro Pump|p1a: CHALLENGE
|-supereffective|p1a: CHALLENGE
|-damage|p1a: CHALLENGE|1/100
|
|-weather|Sandstorm|[upkeep]
|-damage|p2a: Rotom|22/100|[from] Sandstorm
|upkeep
|turn|50
|inactive|Down$hift has 60 seconds left.
|c|☆Hajmola|unfort
|
|t:|1667488740
|switch|p2a: Buzzwole|Buzzwole|75/100
|move|p1a: CHALLENGE|Stone Edge|p2a: Buzzwole
|-damage|p2a: Buzzwole|20/100
|
|-weather|Sandstorm|[upkeep]
|-damage|p2a: Buzzwole|14/100|[from] Sandstorm
|upkeep
|turn|51
|inactive|Down$hift has 60 seconds left.
|
|t:|1667488756
|move|p1a: CHALLENGE|Stone Edge|p2a: Buzzwole|[miss]
|-miss|p1a: CHALLENGE|p2a: Buzzwole
|move|p2a: Buzzwole|Roost|p2a: Buzzwole
|-heal|p2a: Buzzwole|64/100
|-singleturn|p2a: Buzzwole|move: Roost
|
|-weather|Sandstorm|[upkeep]
|-damage|p2a: Buzzwole|58/100|[from] Sandstorm
|upkeep
|turn|52
|
|t:|1667488759
|move|p1a: CHALLENGE|Stone Edge|p2a: Buzzwole
|-damage|p2a: Buzzwole|1/100
|move|p2a: Buzzwole|Roost|p2a: Buzzwole
|-heal|p2a: Buzzwole|51/100
|-singleturn|p2a: Buzzwole|move: Roost
|
|-weather|Sandstorm|[upkeep]
|-damage|p2a: Buzzwole|45/100|[from] Sandstorm
|upkeep
|turn|53
|inactive|Down$hift has 60 seconds left.
|
|t:|1667488777
|-activate|p1a: CHALLENGE|move: Struggle
|move|p1a: CHALLENGE|Struggle|p2a: Buzzwole
|-damage|p2a: Buzzwole|26/100
|-damage|p1a: CHALLENGE|0 fnt|[from] recoil
|faint|p1a: CHALLENGE
|move|p2a: Buzzwole|Roost|p2a: Buzzwole
|-heal|p2a: Buzzwole|76/100
|-singleturn|p2a: Buzzwole|move: Roost
|
|-weather|none
|upkeep
|j| Bacilisco3
|
|t:|1667488781
|switch|p1a: (IMPOSSIBLE)|Excadrill, M|100/100
|-item|p1a: (IMPOSSIBLE)|Air Balloon
|turn|54
|
|t:|1667488783
|switch|p2a: Rotom|Rotom-Wash|22/100
|move|p1a: (IMPOSSIBLE)|Swords Dance|p1a: (IMPOSSIBLE)
|-boost|p1a: (IMPOSSIBLE)|atk|2
|
|upkeep
|turn|55
|
|t:|1667488788
|move|p1a: (IMPOSSIBLE)|Rapid Spin|p2a: Rotom
|-damage|p2a: Rotom|0 fnt
|-boost|p1a: (IMPOSSIBLE)|spe|1
|faint|p2a: Rotom
|
|upkeep
|
|t:|1667488790
|switch|p2a: Buzzwole|Buzzwole|76/100
|turn|56
|
|t:|1667488792
|move|p1a: (IMPOSSIBLE)|Iron Head|p2a: Buzzwole
|-damage|p2a: Buzzwole|25/100
|move|p2a: Buzzwole|Close Combat|p1a: (IMPOSSIBLE)
|-supereffective|p1a: (IMPOSSIBLE)
|-damage|p1a: (IMPOSSIBLE)|0 fnt
|-unboost|p2a: Buzzwole|def|1
|-unboost|p2a: Buzzwole|spd|1
|-enditem|p1a: (IMPOSSIBLE)|Air Balloon
|faint|p1a: (IMPOSSIBLE)
|-ability|p2a: Buzzwole|Beast Boost|boost
|-boost|p2a: Buzzwole|atk|1
|
|upkeep
|
|t:|1667488794
|switch|p1a: (GONE WRONG)|Clefable, F|71/100 par
|turn|57
|
|t:|1667488795
|move|p2a: Buzzwole|Close Combat|p1a: (GONE WRONG)
|-resisted|p1a: (GONE WRONG)
|-damage|p1a: (GONE WRONG)|7/100 par
|-unboost|p2a: Buzzwole|def|1
|-unboost|p2a: Buzzwole|spd|1
|move|p1a: (GONE WRONG)|Moonblast|p2a: Buzzwole
|-supereffective|p2a: Buzzwole
|-damage|p2a: Buzzwole|0 fnt
|faint|p2a: Buzzwole
|
|win|Down$hift
|raw|Down$hift's rating: 1792 &rarr; <strong>1813</strong><br />(+21 for winning)
|raw|Hajmola's rating: 1802 &rarr; <strong>1781</strong><br />(-21 for losing)
|l|☆Hajmola
|c|☆Down$hift|Damn gg
|l|☆Down$hift
|l| Bacilisco3
|l| NukeRadiation77
||Ladder isn't responding, score probably updated but might not have (Request timeout).
|l| sammag
