|raw|<div class="broadcast-blue"><strong>This battle is required to be public due to a player having a name prefixed by 'LT72MS'.</div>
|j|☆LT72MS Sagiri
|j|☆Q114
|t:|1597618082
|player|p1|LT72MS Sagiri|winona-gen6|1917
|player|p2|Q114|1|1694
|teamsize|p1|6
|teamsize|p2|6
|gametype|singles
|gen|8
|tier|[Gen 8] OU
|rated|
|clearpoke
|poke|p1|Amoonguss, F|
|poke|p1|Skarmory, F|
|poke|p1|Blissey, F|
|poke|p1|Clefable, F|
|poke|p1|Hatterene, F|
|poke|p1|Ditto|
|poke|p2|Chansey, F|
|poke|p2|Toxapex, F|
|poke|p2|Clefable, F|
|poke|p2|Skarmory, F|
|poke|p2|Zeraora|
|poke|p2|Mandibuzz, F|
|rule|Sleep Clause Mod: Limit one foe put to sleep
|rule|Species Clause: Limit one of each Pokémon
|rule|OHKO Clause: OHKO moves are banned
|rule|Evasion Moves Clause: Evasion moves are banned
|rule|Endless Battle Clause: Forcing endless battles is banned
|rule|HP Percentage Mod: HP is shown in percentages
|rule|Dynamax Clause: You cannot dynamax
|teampreview
|
|t:|1597618115
|start
|switch|p1a: Clefable|Clefable, F|100/100
|switch|p2a: Toxapex|Toxapex, F, shiny|100/100
|turn|1
|j| egalvanc
|
|t:|1597618130
|move|p1a: Clefable|Stealth Rock|p2a: Toxapex
|-sidestart|p2: Q114|move: Stealth Rock
|move|p2a: Toxapex|Knock Off|p1a: Clefable
|-resisted|p1a: Clefable
|-damage|p1a: Clefable|95/100
|-enditem|p1a: Clefable|Leftovers|[from] move: Knock Off|[of] p2a: Toxapex
|
|upkeep
|turn|2
|
|t:|1597618136
|move|p1a: Clefable|Knock Off|p2a: Toxapex
|-damage|p2a: Toxapex|92/100
|-enditem|p2a: Toxapex|Black Sludge|[from] move: Knock Off|[of] p1a: Clefable
|move|p2a: Toxapex|Knock Off|p1a: Clefable
|-resisted|p1a: Clefable
|-damage|p1a: Clefable|90/100
|
|upkeep
|turn|3
|
|t:|1597618139
|switch|p1a: Ditto|Ditto|100/100
|-transform|p1a: Ditto|p2a: Toxapex|[from] ability: Imposter
|move|p2a: Toxapex|Knock Off|p1a: Ditto
|-damage|p1a: Ditto|90/100
|-enditem|p1a: Ditto|Choice Scarf|[from] move: Knock Off|[of] p2a: Toxapex
|
|upkeep
|turn|4
|
|t:|1597618156
|move|p2a: Toxapex|Toxic Spikes|p1a: Ditto
|-sidestart|p1: LT72MS Sagiri|move: Toxic Spikes
|move|p1a: Ditto|Scald|p2a: Toxapex
|-resisted|p2a: Toxapex
|-damage|p2a: Toxapex|85/100
|
|upkeep
|turn|5
|
|t:|1597618195
|switch|p2a: Chansey|Chansey, F|100/100
|-damage|p2a: Chansey|88/100|[from] Stealth Rock
|move|p1a: Ditto|Toxic Spikes|p2a: Chansey
|-sidestart|p2: Q114|move: Toxic Spikes
|
|upkeep
|turn|6
|
|t:|1597618200
|move|p2a: Chansey|Stealth Rock|p1a: Ditto
|-sidestart|p1: LT72MS Sagiri|move: Stealth Rock
|move|p1a: Ditto|Scald|p2a: Chansey
|-damage|p2a: Chansey|83/100
|-status|p2a: Chansey|brn
|
|-damage|p2a: Chansey|77/100 brn|[from] brn
|upkeep
|turn|7
|
|t:|1597618212
|move|p2a: Chansey|Seismic Toss|p1a: Ditto
|-damage|p1a: Ditto|57/100
|move|p1a: Ditto|Knock Off|p2a: Chansey
|-damage|p2a: Chansey|67/100 brn
|-enditem|p2a: Chansey|Eviolite|[from] move: Knock Off|[of] p1a: Ditto
|
|-damage|p2a: Chansey|61/100 brn|[from] brn
|upkeep
|turn|8
|
|t:|1597618219
|switch|p1a: Amoonguss|Amoonguss, F|100/100
|-sideend|p1: LT72MS Sagiri|move: Toxic Spikes|[of] p1a: Amoonguss
|-damage|p1a: Amoonguss|88/100|[from] Stealth Rock
|move|p2a: Chansey|Soft-Boiled|p2a: Chansey
|-heal|p2a: Chansey|100/100 brn
|
|-damage|p2a: Chansey|94/100 brn|[from] brn
|upkeep
|turn|9
|
|t:|1597618226
|switch|p2a: Toxapex|Toxapex, F, shiny|100/100
|-sideend|p2: Q114|move: Toxic Spikes|[of] p2a: Toxapex
|-damage|p2a: Toxapex|88/100|[from] Stealth Rock
|switch|p1a: Skarmory|Skarmory, F|100/100
|-damage|p1a: Skarmory|88/100|[from] Stealth Rock
|
|upkeep
|turn|10
|
|t:|1597618233
|switch|p1a: Ditto|Ditto|90/100
|-damage|p1a: Ditto|78/100|[from] Stealth Rock
|-transform|p1a: Ditto|p2a: Toxapex|[from] ability: Imposter
|move|p2a: Toxapex|Scald|p1a: Ditto
|-resisted|p1a: Ditto
|-damage|p1a: Ditto|71/100
|
|upkeep
|turn|11
|
|t:|1597618237
|move|p1a: Ditto|Scald|p2a: Toxapex
|-resisted|p2a: Toxapex
|-damage|p2a: Toxapex|81/100
|-status|p2a: Toxapex|brn
|move|p2a: Toxapex|Toxic Spikes|p1a: Ditto
|-sidestart|p1: LT72MS Sagiri|move: Toxic Spikes
|
|-damage|p2a: Toxapex|75/100 brn|[from] brn
|upkeep
|turn|12
|
|t:|1597618240
|switch|p1a: Amoonguss|Amoonguss, F|100/100
|-damage|p1a: Amoonguss|88/100|[from] Stealth Rock
|-sideend|p1: LT72MS Sagiri|move: Toxic Spikes|[of] p1a: Amoonguss
|switch|p2a: Chansey|Chansey, F|94/100
|-damage|p2a: Chansey|82/100|[from] Stealth Rock
|
|upkeep
|turn|13
|
|t:|1597618243
|switch|p2a: Toxapex|Toxapex, F, shiny|100/100 brn
|-damage|p2a: Toxapex|88/100 brn|[from] Stealth Rock
|move|p1a: Amoonguss|Spore||[still]
|-fail|p1a: Amoonguss
|
|-damage|p2a: Toxapex|82/100 brn|[from] brn
|upkeep
|turn|14
|
|t:|1597618247
|switch|p1a: Clefable|Clefable, F|90/100
|move|p2a: Toxapex|Toxic Spikes|p1a: Clefable
|-sidestart|p1: LT72MS Sagiri|move: Toxic Spikes
|
|-damage|p2a: Toxapex|76/100 brn|[from] brn
|upkeep
|turn|15
|
|t:|1597618253
|move|p1a: Clefable|Soft-Boiled|p1a: Clefable
|-heal|p1a: Clefable|100/100
|move|p2a: Toxapex|Knock Off|p1a: Clefable
|-resisted|p1a: Clefable
|-crit|p1a: Clefable
|-damage|p1a: Clefable|97/100
|
|-damage|p2a: Toxapex|70/100 brn|[from] brn
|upkeep
|turn|16
|
|t:|1597618255
|switch|p1a: Amoonguss|Amoonguss, F|100/100
|-sideend|p1: LT72MS Sagiri|move: Toxic Spikes|[of] p1a: Amoonguss
|-damage|p1a: Amoonguss|88/100|[from] Stealth Rock
|move|p2a: Toxapex|Knock Off|p1a: Amoonguss
|-damage|p1a: Amoonguss|82/100
|-damage|p2a: Toxapex|54/100 brn|[from] item: Rocky Helmet|[of] p1a: Amoonguss
|-enditem|p1a: Amoonguss|Rocky Helmet|[from] move: Knock Off|[of] p2a: Toxapex
|
|-damage|p2a: Toxapex|48/100 brn|[from] brn
|upkeep
|turn|17
|
|t:|1597618261
|switch|p1a: Blissey|Blissey, F|100/100
|move|p2a: Toxapex|Recover|p2a: Toxapex
|-heal|p2a: Toxapex|98/100 brn
|
|-damage|p2a: Toxapex|92/100 brn|[from] brn
|upkeep
|turn|18
|
|t:|1597618265
|switch|p1a: Clefable|Clefable, F|97/100
|move|p2a: Toxapex|Toxic Spikes|p1a: Clefable
|-sidestart|p1: LT72MS Sagiri|move: Toxic Spikes
|
|-damage|p2a: Toxapex|86/100 brn|[from] brn
|upkeep
|turn|19
|
|t:|1597618267
|switch|p1a: Amoonguss|Amoonguss, F|100/100
|-damage|p1a: Amoonguss|88/100|[from] Stealth Rock
|-sideend|p1: LT72MS Sagiri|move: Toxic Spikes|[of] p1a: Amoonguss
|move|p2a: Toxapex|Scald|p1a: Amoonguss
|-resisted|p1a: Amoonguss
|-damage|p1a: Amoonguss|81/100
|
|-damage|p2a: Toxapex|80/100 brn|[from] brn
|upkeep
|turn|20
|
|t:|1597618270
|switch|p1a: Blissey|Blissey, F|100/100
|move|p2a: Toxapex|Toxic Spikes|p1a: Blissey
|-sidestart|p1: LT72MS Sagiri|move: Toxic Spikes
|
|-damage|p2a: Toxapex|74/100 brn|[from] brn
|upkeep
|turn|21
|
|t:|1597618274
|switch|p1a: Amoonguss|Amoonguss, F|100/100
|-sideend|p1: LT72MS Sagiri|move: Toxic Spikes|[of] p1a: Amoonguss
|-damage|p1a: Amoonguss|88/100|[from] Stealth Rock
|move|p2a: Toxapex|Scald|p1a: Amoonguss
|-resisted|p1a: Amoonguss
|-damage|p1a: Amoonguss|80/100
|
|-damage|p2a: Toxapex|68/100 brn|[from] brn
|upkeep
|turn|22
|
|t:|1597618277
|switch|p1a: Blissey|Blissey, F|100/100
|move|p2a: Toxapex|Toxic Spikes|p1a: Blissey
|-sidestart|p1: LT72MS Sagiri|move: Toxic Spikes
|
|-damage|p2a: Toxapex|63/100 brn|[from] brn
|upkeep
|turn|23
|
|t:|1597618280
|switch|p1a: Amoonguss|Amoonguss, F|100/100
|-damage|p1a: Amoonguss|88/100|[from] Stealth Rock
|-sideend|p1: LT72MS Sagiri|move: Toxic Spikes|[of] p1a: Amoonguss
|move|p2a: Toxapex|Scald|p1a: Amoonguss
|-resisted|p1a: Amoonguss
|-damage|p1a: Amoonguss|80/100
|
|-damage|p2a: Toxapex|57/100 brn|[from] brn
|upkeep
|turn|24
|
|t:|1597618284
|switch|p1a: Clefable|Clefable, F|97/100
|move|p2a: Toxapex|Toxic Spikes|p1a: Clefable
|-sidestart|p1: LT72MS Sagiri|move: Toxic Spikes
|
|-damage|p2a: Toxapex|51/100 brn|[from] brn
|upkeep
|turn|25
|
|t:|1597618288
|switch|p1a: Amoonguss|Amoonguss, F|100/100
|-damage|p1a: Amoonguss|88/100|[from] Stealth Rock
|-sideend|p1: LT72MS Sagiri|move: Toxic Spikes|[of] p1a: Amoonguss
|move|p2a: Toxapex|Recover|p2a: Toxapex
|-heal|p2a: Toxapex|100/100 brn
|
|-damage|p2a: Toxapex|95/100 brn|[from] brn
|upkeep
|turn|26
|
|t:|1597618290
|switch|p1a: Clefable|Clefable, F|97/100
|move|p2a: Toxapex|Toxic Spikes|p1a: Clefable
|-sidestart|p1: LT72MS Sagiri|move: Toxic Spikes
|
|-damage|p2a: Toxapex|89/100 brn|[from] brn
|upkeep
|turn|27
|
|t:|1597618292
|switch|p1a: Amoonguss|Amoonguss, F|100/100
|-damage|p1a: Amoonguss|88/100|[from] Stealth Rock
|-sideend|p1: LT72MS Sagiri|move: Toxic Spikes|[of] p1a: Amoonguss
|move|p2a: Toxapex|Scald|p1a: Amoonguss
|-resisted|p1a: Amoonguss
|-damage|p1a: Amoonguss|81/100
|
|-damage|p2a: Toxapex|83/100 brn|[from] brn
|upkeep
|turn|28
|
|t:|1597618295
|switch|p1a: Clefable|Clefable, F|97/100
|move|p2a: Toxapex|Knock Off|p1a: Clefable
|-resisted|p1a: Clefable
|-damage|p1a: Clefable|95/100
|
|-damage|p2a: Toxapex|77/100 brn|[from] brn
|upkeep
|turn|29
|
|t:|1597618298
|switch|p1a: Amoonguss|Amoonguss, F|100/100
|-damage|p1a: Amoonguss|88/100|[from] Stealth Rock
|move|p2a: Toxapex|Toxic Spikes|p1a: Amoonguss
|-sidestart|p1: LT72MS Sagiri|move: Toxic Spikes
|
|-damage|p2a: Toxapex|71/100 brn|[from] brn
|upkeep
|turn|30
|
|t:|1597618301
|switch|p1a: Clefable|Clefable, F|95/100
|-status|p1a: Clefable|psn
|move|p2a: Toxapex|Knock Off|p1a: Clefable
|-resisted|p1a: Clefable
|-damage|p1a: Clefable|93/100 psn
|
|-damage|p2a: Toxapex|65/100 brn|[from] brn
|upkeep
|turn|31
|
|t:|1597618304
|switch|p1a: Amoonguss|Amoonguss, F|100/100
|-damage|p1a: Amoonguss|88/100|[from] Stealth Rock
|-sideend|p1: LT72MS Sagiri|move: Toxic Spikes|[of] p1a: Amoonguss
|move|p2a: Toxapex|Scald|p1a: Amoonguss
|-resisted|p1a: Amoonguss
|-damage|p1a: Amoonguss|81/100
|
|-damage|p2a: Toxapex|59/100 brn|[from] brn
|upkeep
|turn|32
|
|t:|1597618308
|move|p1a: Amoonguss|Giga Drain|p2a: Toxapex
|-damage|p2a: Toxapex|38/100 brn
|-heal|p1a: Amoonguss|89/100|[from] drain|[of] p2a: Toxapex
|move|p2a: Toxapex|Toxic Spikes|p1a: Amoonguss
|-sidestart|p1: LT72MS Sagiri|move: Toxic Spikes
|
|-damage|p2a: Toxapex|32/100 brn|[from] brn
|upkeep
|turn|33
|
|t:|1597618319
|switch|p1a: Clefable|Clefable, F|93/100 psn
|switch|p2a: Skarmory|Skarmory, F|100/100
|-damage|p2a: Skarmory|88/100|[from] Stealth Rock
|
|upkeep
|turn|34
|
|t:|1597618326
|move|p2a: Skarmory|Spikes|p1a: Clefable
|-sidestart|p1: LT72MS Sagiri|Spikes
|move|p1a: Clefable|Knock Off|p2a: Skarmory
|-damage|p2a: Skarmory|79/100
|-enditem|p2a: Skarmory|Rocky Helmet|[from] move: Knock Off|[of] p1a: Clefable
|
|upkeep
|turn|35
|
|t:|1597618349
|switch|p2a: Toxapex|Toxapex, F, shiny|66/100 brn
|-damage|p2a: Toxapex|53/100 brn|[from] Stealth Rock
|switch|p1a: Amoonguss|Amoonguss, F|100/100
|-damage|p1a: Amoonguss|88/100|[from] Stealth Rock
|-damage|p1a: Amoonguss|76/100|[from] Spikes
|-sideend|p1: LT72MS Sagiri|move: Toxic Spikes|[of] p1a: Amoonguss
|
|-damage|p2a: Toxapex|47/100 brn|[from] brn
|upkeep
|turn|36
|
|t:|1597618354
|switch|p1a: Clefable|Clefable, F|93/100 psn
|move|p2a: Toxapex|Recover|p2a: Toxapex
|-heal|p2a: Toxapex|98/100 brn
|
|-damage|p2a: Toxapex|92/100 brn|[from] brn
|upkeep
|turn|37
|
|t:|1597618358
|switch|p1a: Ditto|Ditto|100/100
|-damage|p1a: Ditto|88/100|[from] Spikes
|-damage|p1a: Ditto|76/100|[from] Stealth Rock
|-transform|p1a: Ditto|p2a: Toxapex|[from] ability: Imposter
|move|p2a: Toxapex|Scald|p1a: Ditto
|-resisted|p1a: Ditto
|-damage|p1a: Ditto|69/100
|
|-damage|p2a: Toxapex|86/100 brn|[from] brn
|upkeep
|turn|38
|
|t:|1597618370
|switch|p1a: Amoonguss|Amoonguss, F|100/100
|-damage|p1a: Amoonguss|88/100|[from] Stealth Rock
|-damage|p1a: Amoonguss|76/100|[from] Spikes
|move|p2a: Toxapex|Scald|p1a: Amoonguss
|-resisted|p1a: Amoonguss
|-damage|p1a: Amoonguss|68/100
|-status|p1a: Amoonguss|brn
|
|-damage|p1a: Amoonguss|62/100 brn|[from] brn
|-damage|p2a: Toxapex|80/100 brn|[from] brn
|upkeep
|turn|39
|inactive|Battle timer is ON: inactive players will automatically lose when time's up. (requested by LT72MS Sagiri)
|
|t:|1597618401
|switch|p1a: Ditto|Ditto|100/100
|-damage|p1a: Ditto|88/100|[from] Spikes
|-damage|p1a: Ditto|76/100|[from] Stealth Rock
|-transform|p1a: Ditto|p2a: Toxapex|[from] ability: Imposter
|switch|p2a: Chansey|Chansey, F|82/100
|-damage|p2a: Chansey|70/100|[from] Stealth Rock
|
|upkeep
|turn|40
|
|t:|1597618405
|switch|p1a: Skarmory|Skarmory, F|88/100
|-damage|p1a: Skarmory|76/100|[from] Stealth Rock
|move|p2a: Chansey|Seismic Toss|p1a: Skarmory
|-damage|p1a: Skarmory|45/100
|
|upkeep
|turn|41
|
|t:|1597618408
|move|p1a: Skarmory|Roost|p1a: Skarmory
|-heal|p1a: Skarmory|96/100
|-singleturn|p1a: Skarmory|move: Roost
|move|p2a: Chansey|Seismic Toss|p1a: Skarmory
|-damage|p1a: Skarmory|65/100
|
|upkeep
|turn|42
|
|t:|1597618422
|move|p1a: Skarmory|Spikes|p2a: Chansey
|-sidestart|p2: Q114|Spikes
|move|p2a: Chansey|Seismic Toss|p1a: Skarmory
|-damage|p1a: Skarmory|34/100
|
|upkeep
|turn|43
|
|t:|1597618424
|move|p1a: Skarmory|Roost|p1a: Skarmory
|-heal|p1a: Skarmory|85/100
|-singleturn|p1a: Skarmory|move: Roost
|move|p2a: Chansey|Seismic Toss|p1a: Skarmory
|-damage|p1a: Skarmory|54/100
|
|upkeep
|turn|44
|
|t:|1597618426
|move|p1a: Skarmory|Spikes|p2a: Chansey
|-sidestart|p2: Q114|Spikes
|move|p2a: Chansey|Seismic Toss|p1a: Skarmory
|-damage|p1a: Skarmory|23/100
|
|upkeep
|turn|45
|
|t:|1597618428
|move|p1a: Skarmory|Roost|p1a: Skarmory
|-heal|p1a: Skarmory|74/100
|-singleturn|p1a: Skarmory|move: Roost
|move|p2a: Chansey|Seismic Toss|p1a: Skarmory
|-damage|p1a: Skarmory|43/100
|
|upkeep
|turn|46
|
|t:|1597618430
|move|p1a: Skarmory|Roost|p1a: Skarmory
|-heal|p1a: Skarmory|93/100
|-singleturn|p1a: Skarmory|move: Roost
|move|p2a: Chansey|Seismic Toss|p1a: Skarmory
|-damage|p1a: Skarmory|63/100
|
|upkeep
|turn|47
|
|t:|1597618432
|move|p1a: Skarmory|Spikes|p2a: Chansey
|-sidestart|p2: Q114|Spikes
|move|p2a: Chansey|Seismic Toss|p1a: Skarmory
|-damage|p1a: Skarmory|32/100
|
|upkeep
|turn|48
|
|t:|1597618433
|move|p1a: Skarmory|Roost|p1a: Skarmory
|-heal|p1a: Skarmory|82/100
|-singleturn|p1a: Skarmory|move: Roost
|move|p2a: Chansey|Seismic Toss|p1a: Skarmory
|-damage|p1a: Skarmory|52/100
|
|upkeep
|turn|49
|
|t:|1597618436
|move|p1a: Skarmory|Roost|p1a: Skarmory
|-heal|p1a: Skarmory|100/100
|-singleturn|p1a: Skarmory|move: Roost
|move|p2a: Chansey|Seismic Toss|p1a: Skarmory
|-damage|p1a: Skarmory|70/100
|
|upkeep
|turn|50
|
|t:|1597618440
|move|p1a: Skarmory|Body Press|p2a: Chansey
|-supereffective|p2a: Chansey
|-damage|p2a: Chansey|8/100
|move|p2a: Chansey|Seismic Toss|p1a: Skarmory
|-damage|p1a: Skarmory|39/100
|
|upkeep
|turn|51
|
|t:|1597618452
|switch|p2a: Mandibuzz|Mandibuzz, F, shiny|100/100
|move|p1a: Skarmory|Body Press|p2a: Mandibuzz
|-damage|p2a: Mandibuzz|81/100
|
|upkeep
|turn|52
|
|t:|1597618460
|move|p2a: Mandibuzz|Knock Off|p1a: Skarmory
|-damage|p1a: Skarmory|25/100
|-enditem|p1a: Skarmory|Shed Shell|[from] move: Knock Off|[of] p2a: Mandibuzz
|move|p1a: Skarmory|Roost|p1a: Skarmory
|-heal|p1a: Skarmory|75/100
|-singleturn|p1a: Skarmory|move: Roost
|
|upkeep
|turn|53
|
|t:|1597618475
|move|p2a: Mandibuzz|Defog|p1a: Skarmory
|-unboost|p1a: Skarmory|evasion|1
|-sideend|p1: LT72MS Sagiri|Spikes|[from] move: Defog|[of] p2a: Mandibuzz
|-sideend|p1: LT72MS Sagiri|Stealth Rock|[from] move: Defog|[of] p2a: Mandibuzz
|-sideend|p2: Q114|Spikes|[from] move: Defog|[of] p2a: Mandibuzz
|-sideend|p2: Q114|Stealth Rock|[from] move: Defog|[of] p2a: Mandibuzz
|move|p1a: Skarmory|Roost|p1a: Skarmory
|-heal|p1a: Skarmory|100/100
|-singleturn|p1a: Skarmory|move: Roost
|
|upkeep
|turn|54
|j| snycky
|n| snycky|snycky
|n| snycky|snycky
|n| snycky|snycky
|inactive|Q114 has 120 seconds left.
|n| snycky|snycky
|n| snycky|snycky
|n| snycky|snycky
|n| snycky|snycky
|n| snycky|snycky
|l| snycky
|
|t:|1597618526
|switch|p2a: Toxapex|Toxapex, F, shiny|100/100 brn
|move|p1a: Skarmory|Spikes|p2a: Toxapex
|-sidestart|p2: Q114|Spikes
|
|-damage|p2a: Toxapex|95/100 brn|[from] brn
|upkeep
|turn|55
|
|t:|1597618535
|switch|p1a: Ditto|Ditto|100/100
|-transform|p1a: Ditto|p2a: Toxapex|[from] ability: Imposter
|move|p2a: Toxapex|Scald|p1a: Ditto
|-resisted|p1a: Ditto
|-damage|p1a: Ditto|93/100
|
|-damage|p2a: Toxapex|89/100 brn|[from] brn
|upkeep
|turn|56
|inactive|Q114 has 90 seconds left.
|
|t:|1597618567
|switch|p1a: Clefable|Clefable, F|93/100 psn
|move|p2a: Toxapex|Toxic Spikes|p1a: Clefable
|-sidestart|p1: LT72MS Sagiri|move: Toxic Spikes
|
|-damage|p2a: Toxapex|83/100 brn|[from] brn
|upkeep
|turn|57
|
|t:|1597618571
|switch|p2a: Skarmory|Skarmory, F|79/100
|move|p1a: Clefable|Stealth Rock|p2a: Skarmory
|-sidestart|p2: Q114|move: Stealth Rock
|
|upkeep
|turn|58
|
|t:|1597618575
|switch|p1a: Amoonguss|Amoonguss, F|95/100 brn
|-sideend|p1: LT72MS Sagiri|move: Toxic Spikes|[of] p1a: Amoonguss
|move|p2a: Skarmory|Defog|p1a: Amoonguss
|-unboost|p1a: Amoonguss|evasion|1
|-sideend|p2: Q114|Spikes|[from] move: Defog|[of] p2a: Skarmory
|-sideend|p2: Q114|Stealth Rock|[from] move: Defog|[of] p2a: Skarmory
|
|-damage|p1a: Amoonguss|89/100 brn|[from] brn
|upkeep
|turn|59
|
|t:|1597618577
|switch|p2a: Chansey|Chansey, F|8/100
|switch|p1a: Hatterene|Hatterene, F|100/100
|
|upkeep
|turn|60
|
|t:|1597618581
|move|p2a: Chansey|Soft-Boiled|p2a: Chansey
|-heal|p2a: Chansey|58/100
|move|p1a: Hatterene|Psyshock|p2a: Chansey
|-damage|p2a: Chansey|22/100
|
|upkeep
|turn|61
|
|t:|1597618585
|move|p2a: Chansey|Soft-Boiled|p2a: Chansey
|-heal|p2a: Chansey|72/100
|move|p1a: Hatterene|Calm Mind|p1a: Hatterene
|-boost|p1a: Hatterene|spa|1
|-boost|p1a: Hatterene|spd|1
|
|upkeep
|turn|62
|
|t:|1597618610
|switch|p2a: Clefable|Clefable, F|100/100
|move|p1a: Hatterene|Calm Mind|p1a: Hatterene
|-boost|p1a: Hatterene|spa|1
|-boost|p1a: Hatterene|spd|1
|
|upkeep
|turn|63
|
|t:|1597618619
|move|p2a: Clefable|Moonblast|p1a: Hatterene
|-damage|p1a: Hatterene|68/100
|move|p1a: Hatterene|Psyshock|p2a: Clefable
|-damage|p2a: Clefable|69/100
|
|-heal|p2a: Clefable|75/100|[from] item: Leftovers
|-heal|p1a: Hatterene|74/100|[from] item: Leftovers
|upkeep
|turn|64
|
|t:|1597618623
|move|p2a: Clefable|Moonblast|p1a: Hatterene
|-crit|p1a: Hatterene
|-damage|p1a: Hatterene|26/100
|move|p1a: Hatterene|Mystical Fire|p2a: Clefable
|-damage|p2a: Clefable|52/100
|-unboost|p2a: Clefable|spa|1
|
|-heal|p2a: Clefable|58/100|[from] item: Leftovers
|-heal|p1a: Hatterene|32/100|[from] item: Leftovers
|upkeep
|turn|65
|
|t:|1597618628
|move|p2a: Clefable|Moonblast|p1a: Hatterene
|-damage|p1a: Hatterene|12/100
|move|p1a: Hatterene|Draining Kiss|p2a: Clefable
|-damage|p2a: Clefable|36/100
|-heal|p1a: Hatterene|32/100|[from] drain|[of] p2a: Clefable
|
|-heal|p2a: Clefable|42/100|[from] item: Leftovers
|-heal|p1a: Hatterene|38/100|[from] item: Leftovers
|upkeep
|turn|66
|
|t:|1597618633
|move|p2a: Clefable|Moonblast|p1a: Hatterene
|-damage|p1a: Hatterene|16/100
|move|p1a: Hatterene|Draining Kiss|p2a: Clefable
|-damage|p2a: Clefable|20/100
|-heal|p1a: Hatterene|36/100|[from] drain|[of] p2a: Clefable
|
|-heal|p2a: Clefable|26/100|[from] item: Leftovers
|-heal|p1a: Hatterene|42/100|[from] item: Leftovers
|upkeep
|turn|67
|inactive|Q114 has 120 seconds left.
|j| snycky
|n| snycky|snycky
|n| snycky|snycky
|n| snycky|snycky
|n| snycky|snycky
|n| snycky|snycky
|n| snycky|snycky
|n| snycky|snycky
|n| snycky|snycky
|n| snycky|snycky
|
|t:|1597618672
|move|p2a: Clefable|Protect|p2a: Clefable
|-singleturn|p2a: Clefable|Protect
|move|p1a: Hatterene|Draining Kiss|p2a: Clefable
|-activate|p2a: Clefable|move: Protect
|
|-heal|p2a: Clefable|32/100|[from] item: Leftovers
|-heal|p1a: Hatterene|48/100|[from] item: Leftovers
|upkeep
|turn|68
|n| snycky|snycky
|n| snycky|snycky
|n| snycky|snycky
|
|t:|1597618674
|move|p2a: Clefable|Wish|p2a: Clefable
|move|p1a: Hatterene|Draining Kiss|p2a: Clefable
|-damage|p2a: Clefable|8/100
|-heal|p1a: Hatterene|71/100|[from] drain|[of] p2a: Clefable
|
|-heal|p2a: Clefable|14/100|[from] item: Leftovers
|-heal|p1a: Hatterene|77/100|[from] item: Leftovers
|upkeep
|turn|69
|l| snycky
|
|t:|1597618678
|move|p2a: Clefable|Protect|p2a: Clefable
|-singleturn|p2a: Clefable|Protect
|move|p1a: Hatterene|Draining Kiss|p2a: Clefable
|-activate|p2a: Clefable|move: Protect
|
|-heal|p2a: Clefable|64/100|[from] move: Wish|[wisher] Clefable
|-heal|p2a: Clefable|70/100|[from] item: Leftovers
|-heal|p1a: Hatterene|83/100|[from] item: Leftovers
|upkeep
|turn|70
|
|t:|1597618688
|switch|p1a: Clefable|Clefable, F|93/100 psn
|move|p2a: Clefable|Wish|p2a: Clefable
|
|-heal|p2a: Clefable|76/100|[from] item: Leftovers
|upkeep
|turn|71
|
|t:|1597618694
|switch|p2a: Chansey|Chansey, F|72/100
|move|p1a: Clefable|Stealth Rock|p2a: Chansey
|-sidestart|p2: Q114|move: Stealth Rock
|
|-heal|p2a: Chansey|99/100|[from] move: Wish|[wisher] Clefable
|upkeep
|turn|72
|
|t:|1597618702
|switch|p1a: Skarmory|Skarmory, F|100/100
|move|p2a: Chansey|Stealth Rock|p1a: Skarmory
|-sidestart|p1: LT72MS Sagiri|move: Stealth Rock
|
|upkeep
|turn|73
|
|t:|1597618722
|switch|p2a: Mandibuzz|Mandibuzz, F, shiny|81/100
|move|p1a: Skarmory|Spikes|p2a: Mandibuzz
|-sidestart|p2: Q114|Spikes
|
|upkeep
|turn|74
|
|t:|1597618729
|switch|p1a: Clefable|Clefable, F|93/100 psn
|move|p2a: Mandibuzz|Knock Off|p1a: Clefable
|-resisted|p1a: Clefable
|-damage|p1a: Clefable|87/100 psn
|
|upkeep
|turn|75
|
|t:|1597618734
|switch|p2a: Toxapex|Toxapex, F, shiny|100/100 brn
|-damage|p2a: Toxapex|88/100 brn|[from] Spikes
|-damage|p2a: Toxapex|76/100 brn|[from] Stealth Rock
|move|p1a: Clefable|Moonblast|p2a: Toxapex
|-resisted|p2a: Toxapex
|-damage|p2a: Toxapex|63/100 brn
|
|-damage|p2a: Toxapex|57/100 brn|[from] brn
|upkeep
|turn|76
|
|t:|1597618746
|switch|p1a: Ditto|Ditto|100/100
|-damage|p1a: Ditto|88/100|[from] Stealth Rock
|-transform|p1a: Ditto|p2a: Toxapex|[from] ability: Imposter
|move|p2a: Toxapex|Toxic Spikes|p1a: Ditto
|-sidestart|p1: LT72MS Sagiri|move: Toxic Spikes
|
|-damage|p2a: Toxapex|51/100 brn|[from] brn
|upkeep
|turn|77
|
|t:|1597618758
|switch|p2a: Skarmory|Skarmory, F|79/100
|-damage|p2a: Skarmory|67/100|[from] Stealth Rock
|switch|p1a: Amoonguss|Amoonguss, F|100/100 brn
|-damage|p1a: Amoonguss|88/100 brn|[from] Stealth Rock
|-sideend|p1: LT72MS Sagiri|move: Toxic Spikes|[of] p1a: Amoonguss
|
|-damage|p1a: Amoonguss|82/100 brn|[from] brn
|upkeep
|turn|78
|
|t:|1597618765
|move|p2a: Skarmory|Defog|p1a: Amoonguss
|-unboost|p1a: Amoonguss|evasion|1
|-sideend|p1: LT72MS Sagiri|Stealth Rock|[from] move: Defog|[of] p2a: Skarmory
|-sideend|p2: Q114|Spikes|[from] move: Defog|[of] p2a: Skarmory
|-sideend|p2: Q114|Stealth Rock|[from] move: Defog|[of] p2a: Skarmory
|move|p1a: Amoonguss|Spore|p2a: Skarmory
|-status|p2a: Skarmory|slp|[from] move: Spore
|
|-damage|p1a: Amoonguss|76/100 brn|[from] brn
|upkeep
|turn|79
|
|t:|1597618771
|switch|p2a: Toxapex|Toxapex, F, shiny|84/100 brn
|switch|p1a: Skarmory|Skarmory, F|100/100
|
|-damage|p2a: Toxapex|78/100 brn|[from] brn
|upkeep
|turn|80
|
|t:|1597618781
|switch|p1a: Ditto|Ditto|100/100
|-transform|p1a: Ditto|p2a: Toxapex|[from] ability: Imposter
|move|p2a: Toxapex|Scald|p1a: Ditto
|-resisted|p1a: Ditto
|-damage|p1a: Ditto|93/100
|
|-damage|p2a: Toxapex|72/100 brn|[from] brn
|upkeep
|turn|81
|
|t:|1597618787
|switch|p1a: Blissey|Blissey, F|100/100
|switch|p2a: Chansey|Chansey, F|99/100
|
|upkeep
|turn|82
|
|t:|1597618791
|switch|p1a: Skarmory|Skarmory, F|100/100
|move|p2a: Chansey|Stealth Rock|p1a: Skarmory
|-sidestart|p1: LT72MS Sagiri|move: Stealth Rock
|
|upkeep
|turn|83
|
|t:|1597618793
|move|p1a: Skarmory|Spikes|p2a: Chansey
|-sidestart|p2: Q114|Spikes
|move|p2a: Chansey|Seismic Toss|p1a: Skarmory
|-damage|p1a: Skarmory|70/100
|
|upkeep
|turn|84
|
|t:|1597618797
|move|p1a: Skarmory|Spikes|p2a: Chansey
|-sidestart|p2: Q114|Spikes
|move|p2a: Chansey|Seismic Toss|p1a: Skarmory
|-damage|p1a: Skarmory|39/100
|
|upkeep
|turn|85
|
|t:|1597618801
|move|p1a: Skarmory|Roost|p1a: Skarmory
|-heal|p1a: Skarmory|89/100
|-singleturn|p1a: Skarmory|move: Roost
|move|p2a: Chansey|Seismic Toss|p1a: Skarmory
|-damage|p1a: Skarmory|59/100
|
|upkeep
|turn|86
|
|t:|1597618807
|switch|p2a: Skarmory|Skarmory, F|67/100 slp
|move|p1a: Skarmory|Body Press|p2a: Skarmory
|-damage|p2a: Skarmory|47/100 slp
|
|upkeep
|turn|87
|
|t:|1597618810
|move|p1a: Skarmory|Body Press|p2a: Skarmory
|-damage|p2a: Skarmory|28/100 slp
|cant|p2a: Skarmory|slp
|
|upkeep
|turn|88
|
|t:|1597618816
|switch|p2a: Mandibuzz|Mandibuzz, F, shiny|81/100
|move|p1a: Skarmory|Body Press|p2a: Mandibuzz
|-damage|p2a: Mandibuzz|63/100
|
|upkeep
|turn|89
|
|t:|1597618823
|move|p2a: Mandibuzz|Roost|p2a: Mandibuzz
|-heal|p2a: Mandibuzz|100/100
|-singleturn|p2a: Mandibuzz|move: Roost
|move|p1a: Skarmory|Roost|p1a: Skarmory
|-heal|p1a: Skarmory|100/100
|-singleturn|p1a: Skarmory|move: Roost
|
|upkeep
|turn|90
|
|t:|1597618829
|switch|p1a: Clefable|Clefable, F|87/100 psn
|move|p2a: Mandibuzz|Knock Off|p1a: Clefable
|-resisted|p1a: Clefable
|-crit|p1a: Clefable
|-damage|p1a: Clefable|76/100 psn
|
|upkeep
|turn|91
|
|t:|1597618837
|move|p2a: Mandibuzz|Defog|p1a: Clefable
|-unboost|p1a: Clefable|evasion|1
|-sideend|p1: LT72MS Sagiri|Stealth Rock|[from] move: Defog|[of] p2a: Mandibuzz
|-sideend|p2: Q114|Spikes|[from] move: Defog|[of] p2a: Mandibuzz
|move|p1a: Clefable|Stealth Rock|p2a: Mandibuzz
|-sidestart|p2: Q114|move: Stealth Rock
|
|upkeep
|turn|92
|
|t:|1597618843
|switch|p2a: Toxapex|Toxapex, F, shiny|100/100 brn
|-damage|p2a: Toxapex|88/100 brn|[from] Stealth Rock
|move|p1a: Clefable|Knock Off|p2a: Toxapex
|-damage|p2a: Toxapex|82/100 brn
|
|-damage|p2a: Toxapex|76/100 brn|[from] brn
|upkeep
|turn|93
|
|t:|1597618856
|switch|p1a: Ditto|Ditto|100/100
|-transform|p1a: Ditto|p2a: Toxapex|[from] ability: Imposter
|move|p2a: Toxapex|Toxic Spikes|p1a: Ditto
|-sidestart|p1: LT72MS Sagiri|move: Toxic Spikes
|
|-damage|p2a: Toxapex|70/100 brn|[from] brn
|upkeep
|turn|94
|
|t:|1597618870
|switch|p1a: Amoonguss|Amoonguss, F|100/100 brn
|-sideend|p1: LT72MS Sagiri|move: Toxic Spikes|[of] p1a: Amoonguss
|switch|p2a: Chansey|Chansey, F|99/100
|-damage|p2a: Chansey|88/100|[from] Stealth Rock
|
|-damage|p1a: Amoonguss|94/100 brn|[from] brn
|upkeep
|turn|95
|
|t:|1597618879
|switch|p1a: Skarmory|Skarmory, F|100/100
|move|p2a: Chansey|Stealth Rock|p1a: Skarmory
|-sidestart|p1: LT72MS Sagiri|move: Stealth Rock
|
|upkeep
|turn|96
|
|t:|1597618883
|switch|p2a: Mandibuzz|Mandibuzz, F, shiny|100/100
|move|p1a: Skarmory|Spikes|p2a: Mandibuzz
|-sidestart|p2: Q114|Spikes
|
|upkeep
|turn|97
|
|t:|1597618894
|switch|p1a: Clefable|Clefable, F|76/100 psn
|move|p2a: Mandibuzz|Defog|p1a: Clefable
|-unboost|p1a: Clefable|evasion|1
|-sideend|p1: LT72MS Sagiri|Stealth Rock|[from] move: Defog|[of] p2a: Mandibuzz
|-sideend|p2: Q114|Spikes|[from] move: Defog|[of] p2a: Mandibuzz
|-sideend|p2: Q114|Stealth Rock|[from] move: Defog|[of] p2a: Mandibuzz
|
|upkeep
|turn|98
|
|t:|1597618898
|switch|p2a: Toxapex|Toxapex, F, shiny|100/100 brn
|move|p1a: Clefable|Stealth Rock|p2a: Toxapex
|-sidestart|p2: Q114|move: Stealth Rock
|
|-damage|p2a: Toxapex|95/100 brn|[from] brn
|upkeep
|turn|99
|
|t:|1597618904
|switch|p1a: Blissey|Blissey, F|100/100
|move|p2a: Toxapex|Toxic Spikes|p1a: Blissey
|-sidestart|p1: LT72MS Sagiri|move: Toxic Spikes
|
|-damage|p2a: Toxapex|89/100 brn|[from] brn
|upkeep
|turn|100
|j| LT72MS LAZARILLO
|
|t:|1597618912
|switch|p1a: Amoonguss|Amoonguss, F|100/100 brn
|-sideend|p1: LT72MS Sagiri|move: Toxic Spikes|[of] p1a: Amoonguss
|switch|p2a: Mandibuzz|Mandibuzz, F, shiny|100/100
|
|-damage|p1a: Amoonguss|94/100 brn|[from] brn
|upkeep
|turn|101
|
|t:|1597618918
|switch|p2a: Toxapex|Toxapex, F, shiny|100/100 brn
|-damage|p2a: Toxapex|88/100 brn|[from] Stealth Rock
|move|p1a: Amoonguss|Sludge Bomb|p2a: Toxapex
|-resisted|p2a: Toxapex
|-damage|p2a: Toxapex|78/100 brn
|
|-damage|p1a: Amoonguss|88/100 brn|[from] brn
|-damage|p2a: Toxapex|72/100 brn|[from] brn
|upkeep
|turn|102
|
|t:|1597618926
|switch|p1a: Ditto|Ditto|100/100
|-transform|p1a: Ditto|p2a: Toxapex|[from] ability: Imposter
|move|p2a: Toxapex|Toxic Spikes|p1a: Ditto
|-sidestart|p1: LT72MS Sagiri|move: Toxic Spikes
|
|-damage|p2a: Toxapex|66/100 brn|[from] brn
|upkeep
|turn|103
|
|t:|1597618938
|switch|p2a: Chansey|Chansey, F|88/100
|-damage|p2a: Chansey|75/100|[from] Stealth Rock
|switch|p1a: Amoonguss|Amoonguss, F|100/100 brn
|-sideend|p1: LT72MS Sagiri|move: Toxic Spikes|[of] p1a: Amoonguss
|
|-damage|p1a: Amoonguss|94/100 brn|[from] brn
|upkeep
|turn|104
|inactive|Q114 has 120 seconds left.
|
|t:|1597618965
|switch|p1a: Skarmory|Skarmory, F|100/100
|move|p2a: Chansey|Stealth Rock|p1a: Skarmory
|-sidestart|p1: LT72MS Sagiri|move: Stealth Rock
|
|upkeep
|turn|105
|l| egalvanc
|
|t:|1597618971
|switch|p2a: Mandibuzz|Mandibuzz, F, shiny|100/100
|move|p1a: Skarmory|Body Press|p2a: Mandibuzz
|-damage|p2a: Mandibuzz|82/100
|
|upkeep
|turn|106
|
|t:|1597618979
|move|p2a: Mandibuzz|Defog|p1a: Skarmory
|-unboost|p1a: Skarmory|evasion|1
|-sideend|p1: LT72MS Sagiri|Stealth Rock|[from] move: Defog|[of] p2a: Mandibuzz
|-sideend|p2: Q114|Stealth Rock|[from] move: Defog|[of] p2a: Mandibuzz
|move|p1a: Skarmory|Spikes|p2a: Mandibuzz
|-sidestart|p2: Q114|Spikes
|
|upkeep
|turn|107
|
|t:|1597618988
|switch|p2a: Clefable|Clefable, F|76/100
|-damage|p2a: Clefable|63/100|[from] Spikes
|switch|p1a: Ditto|Ditto|100/100
|-transform|p1a: Ditto|p2a: Clefable|[from] ability: Imposter
|
|-heal|p2a: Clefable|69/100|[from] item: Leftovers
|upkeep
|turn|108
|
|t:|1597618991
|move|p2a: Clefable|Wish|p2a: Clefable
|move|p1a: Ditto|Aromatherapy|p1a: Ditto
|-activate|p1a: Ditto|move: Aromatherapy
|-curestatus|p1: Clefable|psn|[msg]
|-curestatus|p1: Amoonguss|brn|[msg]
|
|-heal|p2a: Clefable|76/100|[from] item: Leftovers
|upkeep
|turn|109
|
|t:|1597619005
|switch|p2a: Skarmory|Skarmory, F|28/100 slp
|move|p1a: Ditto|Wish|p1a: Ditto
|
|-heal|p2a: Skarmory|87/100 slp|[from] move: Wish|[wisher] Clefable
|upkeep
|turn|110
|
|t:|1597619019
|switch|p1a: Clefable|Clefable, F|76/100
|cant|p2a: Skarmory|slp
|
|-heal|p1a: Clefable|100/100|[from] move: Wish|[wisher] Ditto
|upkeep
|turn|111
|
|t:|1597619025
|cant|p2a: Skarmory|slp
|move|p1a: Clefable|Moonblast|p2a: Skarmory
|-resisted|p2a: Skarmory
|-damage|p2a: Skarmory|64/100 slp
|
|upkeep
|turn|112
|
|t:|1597619029
|switch|p1a: Hatterene|Hatterene, F|83/100
|-curestatus|p2a: Skarmory|slp|[msg]
|move|p2a: Skarmory|Roost|p2a: Skarmory
|-heal|p2a: Skarmory|100/100
|-singleturn|p2a: Skarmory|move: Roost
|
|-heal|p1a: Hatterene|89/100|[from] item: Leftovers
|upkeep
|turn|113
|inactive|Q114 has 120 seconds left.
|
|t:|1597619056
|switch|p2a: Toxapex|Toxapex, F, shiny|99/100 brn
|-damage|p2a: Toxapex|87/100 brn|[from] Spikes
|move|p1a: Hatterene|Mystical Fire|p2a: Toxapex
|-resisted|p2a: Toxapex
|-damage|p2a: Toxapex|77/100 brn
|-unboost|p2a: Toxapex|spa|1
|
|-heal|p1a: Hatterene|95/100|[from] item: Leftovers
|-damage|p2a: Toxapex|71/100 brn|[from] brn
|upkeep
|turn|114
|
|t:|1597619062
|switch|p1a: Clefable|Clefable, F|100/100
|move|p2a: Toxapex|Knock Off|p1a: Clefable
|-resisted|p1a: Clefable
|-damage|p1a: Clefable|98/100
|
|-damage|p2a: Toxapex|66/100 brn|[from] brn
|upkeep
|turn|115
|
|t:|1597619066
|switch|p2a: Skarmory|Skarmory, F|100/100
|move|p1a: Clefable|Stealth Rock|p2a: Skarmory
|-sidestart|p2: Q114|move: Stealth Rock
|
|upkeep
|turn|116
|
|t:|1597619073
|switch|p1a: Hatterene|Hatterene, F|95/100
|move|p2a: Skarmory|Defog|p1a: Hatterene
|move|p1a: Hatterene|Defog|p2a: Skarmory|[from]Magic Bounce
|-unboost|p2a: Skarmory|evasion|1
|-sideend|p2: Q114|Spikes|[from] move: Defog|[of] p1a: Hatterene
|-sideend|p2: Q114|Stealth Rock|[from] move: Defog|[of] p1a: Hatterene
|
|-heal|p1a: Hatterene|100/100|[from] item: Leftovers
|upkeep
|turn|117
|
|t:|1597619077
|switch|p2a: Toxapex|Toxapex, F, shiny|99/100 brn
|move|p1a: Hatterene|Calm Mind|p1a: Hatterene
|-boost|p1a: Hatterene|spa|1
|-boost|p1a: Hatterene|spd|1
|
|-damage|p2a: Toxapex|93/100 brn|[from] brn
|upkeep
|turn|118
|
|t:|1597619080
|switch|p1a: Amoonguss|Amoonguss, F|100/100
|move|p2a: Toxapex|Knock Off|p1a: Amoonguss
|-damage|p1a: Amoonguss|97/100
|
|-damage|p2a: Toxapex|87/100 brn|[from] brn
|upkeep
|turn|119
|
|t:|1597619084
|switch|p1a: Ditto|Ditto|100/100
|-transform|p1a: Ditto|p2a: Toxapex|[from] ability: Imposter
|move|p2a: Toxapex|Toxic Spikes|p1a: Ditto
|-sidestart|p1: LT72MS Sagiri|move: Toxic Spikes
|
|-damage|p2a: Toxapex|81/100 brn|[from] brn
|upkeep
|turn|120
|
|t:|1597619089
|switch|p1a: Amoonguss|Amoonguss, F|100/100
|-sideend|p1: LT72MS Sagiri|move: Toxic Spikes|[of] p1a: Amoonguss
|move|p2a: Toxapex|Scald|p1a: Amoonguss
|-resisted|p1a: Amoonguss
|-damage|p1a: Amoonguss|94/100
|-status|p1a: Amoonguss|brn
|
|-damage|p1a: Amoonguss|88/100 brn|[from] brn
|-damage|p2a: Toxapex|75/100 brn|[from] brn
|upkeep
|turn|121
|
|t:|1597619096
|switch|p1a: Ditto|Ditto|100/100
|-transform|p1a: Ditto|p2a: Toxapex|[from] ability: Imposter
|switch|p2a: Clefable|Clefable, F|76/100
|
|-heal|p2a: Clefable|82/100|[from] item: Leftovers
|upkeep
|turn|122
|
|t:|1597619103
|switch|p2a: Toxapex|Toxapex, F, shiny|100/100 brn
|move|p1a: Ditto|Toxic Spikes|p2a: Toxapex
|-sidestart|p2: Q114|move: Toxic Spikes
|
|-damage|p2a: Toxapex|95/100 brn|[from] brn
|upkeep
|turn|123
|
|t:|1597619113
|switch|p2a: Skarmory|Skarmory, F|100/100
|switch|p1a: Clefable|Clefable, F|98/100
|
|upkeep
|turn|124
|
|t:|1597619121
|switch|p2a: Toxapex|Toxapex, F, shiny|100/100 brn
|-sideend|p2: Q114|move: Toxic Spikes|[of] p2a: Toxapex
|move|p1a: Clefable|Stealth Rock|p2a: Toxapex
|-sidestart|p2: Q114|move: Stealth Rock
|
|-damage|p2a: Toxapex|95/100 brn|[from] brn
|upkeep
|turn|125
|
|t:|1597619126
|switch|p1a: Amoonguss|Amoonguss, F|100/100 brn
|switch|p2a: Skarmory|Skarmory, F|100/100
|-damage|p2a: Skarmory|88/100|[from] Stealth Rock
|
|-damage|p1a: Amoonguss|94/100 brn|[from] brn
|upkeep
|turn|126
|
|t:|1597619129
|move|p2a: Skarmory|Defog|p1a: Amoonguss
|-unboost|p1a: Amoonguss|evasion|1
|-sideend|p2: Q114|Stealth Rock|[from] move: Defog|[of] p2a: Skarmory
|move|p1a: Amoonguss|Spore|p2a: Skarmory
|-status|p2a: Skarmory|slp|[from] move: Spore
|
|-damage|p1a: Amoonguss|88/100 brn|[from] brn
|upkeep
|turn|127
|
|t:|1597619133
|switch|p1a: Clefable|Clefable, F|98/100
|cant|p2a: Skarmory|slp
|
|upkeep
|turn|128
|
|t:|1597619141
|cant|p2a: Skarmory|slp
|move|p1a: Clefable|Stealth Rock|p2a: Skarmory
|-sidestart|p2: Q114|move: Stealth Rock
|
|upkeep
|turn|129
|
|t:|1597619144
|cant|p2a: Skarmory|slp
|move|p1a: Clefable|Moonblast|p2a: Skarmory
|-resisted|p2a: Skarmory
|-damage|p2a: Skarmory|68/100 slp
|
|upkeep
|turn|130
|
|t:|1597619147
|-curestatus|p2a: Skarmory|slp|[msg]
|move|p2a: Skarmory|Defog|p1a: Clefable
|-unboost|p1a: Clefable|evasion|1
|-sideend|p2: Q114|Stealth Rock|[from] move: Defog|[of] p2a: Skarmory
|move|p1a: Clefable|Moonblast|p2a: Skarmory
|-resisted|p2a: Skarmory
|-damage|p2a: Skarmory|48/100
|
|upkeep
|turn|131
|
|t:|1597619154
|move|p2a: Skarmory|Roost|p2a: Skarmory
|-heal|p2a: Skarmory|98/100
|-singleturn|p2a: Skarmory|move: Roost
|move|p1a: Clefable|Stealth Rock|p2a: Skarmory
|-sidestart|p2: Q114|move: Stealth Rock
|
|upkeep
|turn|132
|
|t:|1597619157
|switch|p1a: Hatterene|Hatterene, F|100/100
|move|p2a: Skarmory|Defog|p1a: Hatterene
|move|p1a: Hatterene|Defog|p2a: Skarmory|[from]Magic Bounce
|-unboost|p2a: Skarmory|evasion|1
|-sideend|p2: Q114|Stealth Rock|[from] move: Defog|[of] p1a: Hatterene
|
|upkeep
|turn|133
|
|t:|1597619163
|switch|p2a: Toxapex|Toxapex, F, shiny|100/100 brn
|switch|p1a: Clefable|Clefable, F|98/100
|
|-damage|p2a: Toxapex|95/100 brn|[from] brn
|upkeep
|turn|134
|
|t:|1597619166
|switch|p2a: Skarmory|Skarmory, F|98/100
|move|p1a: Clefable|Stealth Rock|p2a: Skarmory
|-sidestart|p2: Q114|move: Stealth Rock
|
|upkeep
|turn|135
|
|t:|1597619168
|switch|p1a: Hatterene|Hatterene, F|100/100
|move|p2a: Skarmory|Defog|p1a: Hatterene
|move|p1a: Hatterene|Defog|p2a: Skarmory|[from]Magic Bounce
|-unboost|p2a: Skarmory|evasion|1
|-sideend|p2: Q114|Stealth Rock|[from] move: Defog|[of] p1a: Hatterene
|
|upkeep
|turn|136
|
|t:|1597619171
|switch|p2a: Toxapex|Toxapex, F, shiny|100/100 brn
|switch|p1a: Clefable|Clefable, F|98/100
|
|-damage|p2a: Toxapex|95/100 brn|[from] brn
|upkeep
|turn|137
|
|t:|1597619173
|switch|p2a: Skarmory|Skarmory, F|98/100
|move|p1a: Clefable|Stealth Rock|p2a: Skarmory
|-sidestart|p2: Q114|move: Stealth Rock
|
|upkeep
|turn|138
|
|t:|1597619175
|switch|p1a: Hatterene|Hatterene, F|100/100
|move|p2a: Skarmory|Defog|p1a: Hatterene
|move|p1a: Hatterene|Defog|p2a: Skarmory|[from]Magic Bounce
|-unboost|p2a: Skarmory|evasion|1
|-sideend|p2: Q114|Stealth Rock|[from] move: Defog|[of] p1a: Hatterene
|
|upkeep
|turn|139
|
|t:|1597619179
|switch|p2a: Toxapex|Toxapex, F, shiny|100/100 brn
|switch|p1a: Clefable|Clefable, F|98/100
|
|-damage|p2a: Toxapex|95/100 brn|[from] brn
|upkeep
|turn|140
|
|t:|1597619183
|switch|p2a: Skarmory|Skarmory, F|98/100
|move|p1a: Clefable|Stealth Rock|p2a: Skarmory
|-sidestart|p2: Q114|move: Stealth Rock
|
|upkeep
|turn|141
|
|t:|1597619188
|move|p2a: Skarmory|Defog|p1a: Clefable
|-unboost|p1a: Clefable|evasion|1
|-sideend|p2: Q114|Stealth Rock|[from] move: Defog|[of] p2a: Skarmory
|move|p1a: Clefable|Moonblast|p2a: Skarmory
|-resisted|p2a: Skarmory
|-damage|p2a: Skarmory|78/100
|
|upkeep
|turn|142
|
|t:|1597619190
|switch|p2a: Toxapex|Toxapex, F, shiny|100/100 brn
|move|p1a: Clefable|Stealth Rock|p2a: Toxapex
|-sidestart|p2: Q114|move: Stealth Rock
|
|-damage|p2a: Toxapex|95/100 brn|[from] brn
|upkeep
|turn|143
|
|t:|1597619202
|switch|p1a: Amoonguss|Amoonguss, F|100/100 brn
|move|p2a: Toxapex|Knock Off|p1a: Amoonguss
|-damage|p1a: Amoonguss|97/100 brn
|
|-damage|p1a: Amoonguss|91/100 brn|[from] brn
|-damage|p2a: Toxapex|89/100 brn|[from] brn
|upkeep
|turn|144
|
|t:|1597619208
|switch|p1a: Ditto|Ditto|100/100
|-transform|p1a: Ditto|p2a: Toxapex|[from] ability: Imposter
|move|p2a: Toxapex|Toxic Spikes|p1a: Ditto
|-sidestart|p1: LT72MS Sagiri|move: Toxic Spikes
|
|-damage|p2a: Toxapex|83/100 brn|[from] brn
|upkeep
|turn|145
|
|t:|1597619211
|switch|p2a: Skarmory|Skarmory, F|78/100
|-damage|p2a: Skarmory|65/100|[from] Stealth Rock
|move|p1a: Ditto|Toxic Spikes|p2a: Skarmory
|-sidestart|p2: Q114|move: Toxic Spikes
|
|upkeep
|turn|146
|
|t:|1597619221
|move|p2a: Skarmory|Defog|p1a: Ditto
|-unboost|p1a: Ditto|evasion|1
|-sideend|p1: LT72MS Sagiri|Toxic Spikes|[from] move: Defog|[of] p2a: Skarmory
|-sideend|p2: Q114|Toxic Spikes|[from] move: Defog|[of] p2a: Skarmory
|-sideend|p2: Q114|Stealth Rock|[from] move: Defog|[of] p2a: Skarmory
|move|p1a: Ditto|Scald|p2a: Skarmory
|-damage|p2a: Skarmory|41/100
|-status|p2a: Skarmory|brn
|
|-damage|p2a: Skarmory|35/100 brn|[from] brn
|upkeep
|turn|147
|
|t:|1597619225
|switch|p1a: Hatterene|Hatterene, F|100/100
|move|p2a: Skarmory|Roost|p2a: Skarmory
|-heal|p2a: Skarmory|85/100 brn
|-singleturn|p2a: Skarmory|move: Roost
|
|-damage|p2a: Skarmory|79/100 brn|[from] brn
|upkeep
|turn|148
|
|t:|1597619229
|switch|p2a: Clefable|Clefable, F|82/100
|switch|p1a: Clefable|Clefable, F|98/100
|
|-heal|p2a: Clefable|88/100|[from] item: Leftovers
|upkeep
|turn|149
|
|t:|1597619232
|move|p1a: Clefable|Knock Off|p2a: Clefable
|-resisted|p2a: Clefable
|-damage|p2a: Clefable|82/100
|-enditem|p2a: Clefable|Leftovers|[from] move: Knock Off|[of] p1a: Clefable
|move|p2a: Clefable|Aromatherapy|p2a: Clefable
|-activate|p2a: Clefable|move: Aromatherapy
|-curestatus|p2: Toxapex|brn|[msg]
|-curestatus|p2: Skarmory|brn|[msg]
|
|upkeep
|turn|150
|j| egalvanc
|
|t:|1597619237
|switch|p2a: Skarmory|Skarmory, F|79/100
|move|p1a: Clefable|Stealth Rock|p2a: Skarmory
|-sidestart|p2: Q114|move: Stealth Rock
|
|upkeep
|turn|151
|
|t:|1597619239
|switch|p1a: Hatterene|Hatterene, F|100/100
|move|p2a: Skarmory|Defog|p1a: Hatterene
|move|p1a: Hatterene|Defog|p2a: Skarmory|[from]Magic Bounce
|-unboost|p2a: Skarmory|evasion|1
|-sideend|p2: Q114|Stealth Rock|[from] move: Defog|[of] p1a: Hatterene
|
|upkeep
|turn|152
|
|t:|1597619246
|switch|p2a: Toxapex|Toxapex, F, shiny|100/100
|switch|p1a: Clefable|Clefable, F|98/100
|
|upkeep
|turn|153
|
|t:|1597619251
|switch|p2a: Skarmory|Skarmory, F|79/100
|move|p1a: Clefable|Stealth Rock|p2a: Skarmory
|-sidestart|p2: Q114|move: Stealth Rock
|
|upkeep
|turn|154
|
|t:|1597619255
|switch|p1a: Hatterene|Hatterene, F|100/100
|move|p2a: Skarmory|Defog|p1a: Hatterene
|move|p1a: Hatterene|Defog|p2a: Skarmory|[from]Magic Bounce
|-unboost|p2a: Skarmory|evasion|1
|-sideend|p2: Q114|Stealth Rock|[from] move: Defog|[of] p1a: Hatterene
|
|upkeep
|turn|155
|
|t:|1597619260
|switch|p2a: Toxapex|Toxapex, F, shiny|100/100
|switch|p1a: Clefable|Clefable, F|98/100
|
|upkeep
|turn|156
|
|t:|1597619263
|switch|p2a: Skarmory|Skarmory, F|79/100
|move|p1a: Clefable|Stealth Rock|p2a: Skarmory
|-sidestart|p2: Q114|move: Stealth Rock
|
|upkeep
|turn|157
|
|t:|1597619267
|switch|p1a: Hatterene|Hatterene, F|100/100
|move|p2a: Skarmory|Defog|p1a: Hatterene
|move|p1a: Hatterene|Defog|p2a: Skarmory|[from]Magic Bounce
|-unboost|p2a: Skarmory|evasion|1
|-sideend|p2: Q114|Stealth Rock|[from] move: Defog|[of] p1a: Hatterene
|
|upkeep
|turn|158
|
|t:|1597619269
|switch|p2a: Toxapex|Toxapex, F, shiny|100/100
|switch|p1a: Clefable|Clefable, F|98/100
|
|upkeep
|turn|159
|
|t:|1597619272
|switch|p2a: Skarmory|Skarmory, F|79/100
|move|p1a: Clefable|Stealth Rock|p2a: Skarmory
|-sidestart|p2: Q114|move: Stealth Rock
|
|upkeep
|turn|160
|
|t:|1597619275
|switch|p1a: Hatterene|Hatterene, F|100/100
|move|p2a: Skarmory|Defog|p1a: Hatterene
|move|p1a: Hatterene|Defog|p2a: Skarmory|[from]Magic Bounce
|-unboost|p2a: Skarmory|evasion|1
|-sideend|p2: Q114|Stealth Rock|[from] move: Defog|[of] p1a: Hatterene
|
|upkeep
|turn|161
|
|t:|1597619278
|switch|p2a: Toxapex|Toxapex, F, shiny|100/100
|switch|p1a: Clefable|Clefable, F|98/100
|
|upkeep
|turn|162
|
|t:|1597619280
|switch|p2a: Skarmory|Skarmory, F|79/100
|move|p1a: Clefable|Stealth Rock|p2a: Skarmory
|-sidestart|p2: Q114|move: Stealth Rock
|
|upkeep
|turn|163
|
|t:|1597619281
|switch|p1a: Hatterene|Hatterene, F|100/100
|move|p2a: Skarmory|Defog|p1a: Hatterene
|move|p1a: Hatterene|Defog|p2a: Skarmory|[from]Magic Bounce
|-unboost|p2a: Skarmory|evasion|1
|-sideend|p2: Q114|Stealth Rock|[from] move: Defog|[of] p1a: Hatterene
|
|upkeep
|turn|164
|
|t:|1597619284
|switch|p2a: Toxapex|Toxapex, F, shiny|100/100
|switch|p1a: Clefable|Clefable, F|98/100
|
|upkeep
|turn|165
|
|t:|1597619287
|switch|p2a: Skarmory|Skarmory, F|79/100
|move|p1a: Clefable|Stealth Rock|p2a: Skarmory
|-sidestart|p2: Q114|move: Stealth Rock
|
|upkeep
|turn|166
|
|t:|1597619289
|switch|p1a: Hatterene|Hatterene, F|100/100
|move|p2a: Skarmory|Defog|p1a: Hatterene
|move|p1a: Hatterene|Defog|p2a: Skarmory|[from]Magic Bounce
|-unboost|p2a: Skarmory|evasion|1
|-sideend|p2: Q114|Stealth Rock|[from] move: Defog|[of] p1a: Hatterene
|
|upkeep
|turn|167
|
|t:|1597619291
|switch|p2a: Toxapex|Toxapex, F, shiny|100/100
|switch|p1a: Clefable|Clefable, F|98/100
|
|upkeep
|turn|168
|
|t:|1597619294
|switch|p2a: Skarmory|Skarmory, F|79/100
|move|p1a: Clefable|Stealth Rock|p2a: Skarmory
|-sidestart|p2: Q114|move: Stealth Rock
|
|upkeep
|turn|169
|
|t:|1597619300
|switch|p1a: Hatterene|Hatterene, F|100/100
|move|p2a: Skarmory|Defog|p1a: Hatterene
|move|p1a: Hatterene|Defog|p2a: Skarmory|[from]Magic Bounce
|-unboost|p2a: Skarmory|evasion|1
|-sideend|p2: Q114|Stealth Rock|[from] move: Defog|[of] p1a: Hatterene
|
|upkeep
|turn|170
|
|t:|1597619301
|switch|p2a: Toxapex|Toxapex, F, shiny|100/100
|switch|p1a: Clefable|Clefable, F|98/100
|
|upkeep
|turn|171
|
|t:|1597619306
|switch|p2a: Skarmory|Skarmory, F|79/100
|move|p1a: Clefable|Stealth Rock|p2a: Skarmory
|-sidestart|p2: Q114|move: Stealth Rock
|
|upkeep
|turn|172
|j| snycky
|n| snycky|snycky
|n| snycky|snycky
|n| snycky|snycky
|n| snycky|snycky
|n| snycky|snycky
|n| snycky|snycky
|
|t:|1597619311
|switch|p1a: Hatterene|Hatterene, F|100/100
|move|p2a: Skarmory|Defog|p1a: Hatterene
|move|p1a: Hatterene|Defog|p2a: Skarmory|[from]Magic Bounce
|-unboost|p2a: Skarmory|evasion|1
|-sideend|p2: Q114|Stealth Rock|[from] move: Defog|[of] p1a: Hatterene
|
|upkeep
|turn|173
|n| snycky|snycky
|n| snycky|snycky
|n| snycky|snycky
|
|t:|1597619314
|switch|p2a: Toxapex|Toxapex, F, shiny|100/100
|switch|p1a: Clefable|Clefable, F|98/100
|
|upkeep
|turn|174
|n| snycky|snycky
|n| snycky|snycky
|l| snycky
|
|t:|1597619317
|switch|p2a: Skarmory|Skarmory, F|79/100
|move|p1a: Clefable|Stealth Rock|p2a: Skarmory
|-sidestart|p2: Q114|move: Stealth Rock
|
|upkeep
|turn|175
|
|t:|1597619319
|switch|p1a: Hatterene|Hatterene, F|100/100
|move|p2a: Skarmory|Defog|p1a: Hatterene
|move|p1a: Hatterene|Defog|p2a: Skarmory|[from]Magic Bounce
|-unboost|p2a: Skarmory|evasion|1
|-sideend|p2: Q114|Stealth Rock|[from] move: Defog|[of] p1a: Hatterene
|
|upkeep
|turn|176
|
|t:|1597619321
|switch|p2a: Toxapex|Toxapex, F, shiny|100/100
|switch|p1a: Clefable|Clefable, F|98/100
|
|upkeep
|turn|177
|
|t:|1597619323
|switch|p2a: Skarmory|Skarmory, F|79/100
|move|p1a: Clefable|Stealth Rock|p2a: Skarmory
|-sidestart|p2: Q114|move: Stealth Rock
|
|upkeep
|turn|178
|
|t:|1597619326
|switch|p1a: Hatterene|Hatterene, F|100/100
|move|p2a: Skarmory|Defog|p1a: Hatterene
|move|p1a: Hatterene|Defog|p2a: Skarmory|[from]Magic Bounce
|-unboost|p2a: Skarmory|evasion|1
|-sideend|p2: Q114|Stealth Rock|[from] move: Defog|[of] p1a: Hatterene
|
|upkeep
|turn|179
|
|t:|1597619331
|switch|p2a: Toxapex|Toxapex, F, shiny|100/100
|switch|p1a: Clefable|Clefable, F|98/100
|
|upkeep
|turn|180
|
|t:|1597619335
|switch|p2a: Skarmory|Skarmory, F|79/100
|move|p1a: Clefable|Stealth Rock|p2a: Skarmory
|-sidestart|p2: Q114|move: Stealth Rock
|
|upkeep
|turn|181
|
|t:|1597619337
|switch|p1a: Hatterene|Hatterene, F|100/100
|move|p2a: Skarmory|Defog|p1a: Hatterene
|move|p1a: Hatterene|Defog|p2a: Skarmory|[from]Magic Bounce
|-unboost|p2a: Skarmory|evasion|1
|-sideend|p2: Q114|Stealth Rock|[from] move: Defog|[of] p1a: Hatterene
|
|upkeep
|turn|182
|
|t:|1597619340
|switch|p2a: Toxapex|Toxapex, F, shiny|100/100
|switch|p1a: Clefable|Clefable, F|98/100
|
|upkeep
|turn|183
|
|t:|1597619342
|switch|p2a: Skarmory|Skarmory, F|79/100
|move|p1a: Clefable|Stealth Rock|p2a: Skarmory
|-sidestart|p2: Q114|move: Stealth Rock
|
|upkeep
|turn|184
|
|t:|1597619343
|switch|p1a: Hatterene|Hatterene, F|100/100
|move|p2a: Skarmory|Defog|p1a: Hatterene
|move|p1a: Hatterene|Defog|p2a: Skarmory|[from]Magic Bounce
|-unboost|p2a: Skarmory|evasion|1
|-sideend|p2: Q114|Stealth Rock|[from] move: Defog|[of] p1a: Hatterene
|
|upkeep
|turn|185
|
|t:|1597619346
|switch|p2a: Toxapex|Toxapex, F, shiny|100/100
|switch|p1a: Clefable|Clefable, F|98/100
|
|upkeep
|turn|186
|
|t:|1597619348
|switch|p2a: Skarmory|Skarmory, F|79/100
|move|p1a: Clefable|Stealth Rock|p2a: Skarmory
|-sidestart|p2: Q114|move: Stealth Rock
|
|upkeep
|turn|187
|
|t:|1597619350
|move|p2a: Skarmory|Defog|p1a: Clefable
|-unboost|p1a: Clefable|evasion|1
|-sideend|p2: Q114|Stealth Rock|[from] move: Defog|[of] p2a: Skarmory
|move|p1a: Clefable|Knock Off|p2a: Skarmory
|-crit|p2a: Skarmory
|-damage|p2a: Skarmory|70/100
|
|upkeep
|turn|188
|
|t:|1597619361
|switch|p2a: Toxapex|Toxapex, F, shiny|100/100
|move|p1a: Clefable|Stealth Rock|p2a: Toxapex
|-sidestart|p2: Q114|move: Stealth Rock
|
|upkeep
|turn|189
|
|t:|1597619366
|switch|p1a: Amoonguss|Amoonguss, F|100/100 brn
|move|p2a: Toxapex|Knock Off|p1a: Amoonguss
|-damage|p1a: Amoonguss|92/100 brn
|
|-damage|p1a: Amoonguss|86/100 brn|[from] brn
|upkeep
|turn|190
|
|t:|1597619378
|switch|p1a: Ditto|Ditto|100/100
|-transform|p1a: Ditto|p2a: Toxapex|[from] ability: Imposter
|move|p2a: Toxapex|Toxic Spikes|p1a: Ditto
|-sidestart|p1: LT72MS Sagiri|move: Toxic Spikes
|
|upkeep
|turn|191
|
|t:|1597619384
|switch|p2a: Skarmory|Skarmory, F|70/100
|-damage|p2a: Skarmory|58/100|[from] Stealth Rock
|move|p1a: Ditto|Toxic Spikes|p2a: Skarmory
|-sidestart|p2: Q114|move: Toxic Spikes
|
|upkeep
|turn|192
|
|t:|1597619388
|move|p2a: Skarmory|Roost|p2a: Skarmory
|-heal|p2a: Skarmory|100/100
|-singleturn|p2a: Skarmory|move: Roost
|move|p1a: Ditto|Scald|p2a: Skarmory
|-damage|p2a: Skarmory|76/100
|
|upkeep
|turn|193
|
|t:|1597619391
|move|p2a: Skarmory|Defog|p1a: Ditto
|-unboost|p1a: Ditto|evasion|1
|-sideend|p1: LT72MS Sagiri|Toxic Spikes|[from] move: Defog|[of] p2a: Skarmory
|-sideend|p2: Q114|Toxic Spikes|[from] move: Defog|[of] p2a: Skarmory
|-sideend|p2: Q114|Stealth Rock|[from] move: Defog|[of] p2a: Skarmory
|move|p1a: Ditto|Scald|p2a: Skarmory
|-damage|p2a: Skarmory|53/100
|
|upkeep
|turn|194
|
|t:|1597619395
|switch|p2a: Chansey|Chansey, F|75/100
|move|p1a: Ditto|Scald|p2a: Chansey
|-damage|p2a: Chansey|67/100
|
|upkeep
|turn|195
|
|t:|1597619422
|move|p2a: Chansey|Stealth Rock|p1a: Ditto
|-sidestart|p1: LT72MS Sagiri|move: Stealth Rock
|move|p1a: Ditto|Toxic Spikes|p2a: Chansey
|-sidestart|p2: Q114|move: Toxic Spikes
|
|upkeep
|turn|196
|
|t:|1597619427
|switch|p2a: Toxapex|Toxapex, F, shiny|100/100
|-sideend|p2: Q114|move: Toxic Spikes|[of] p2a: Toxapex
|switch|p1a: Clefable|Clefable, F|98/100
|
|upkeep
|turn|197
|
|t:|1597619432
|switch|p2a: Skarmory|Skarmory, F|53/100
|move|p1a: Clefable|Stealth Rock|p2a: Skarmory
|-sidestart|p2: Q114|move: Stealth Rock
|
|upkeep
|turn|198
|
|t:|1597619434
|move|p2a: Skarmory|Roost|p2a: Skarmory
|-heal|p2a: Skarmory|100/100
|-singleturn|p2a: Skarmory|move: Roost
|move|p1a: Clefable|Moonblast|p2a: Skarmory
|-resisted|p2a: Skarmory
|-damage|p2a: Skarmory|79/100
|
|upkeep
|turn|199
|
|t:|1597619444
|switch|p1a: Amoonguss|Amoonguss, F|100/100 brn
|-damage|p1a: Amoonguss|88/100 brn|[from] Stealth Rock
|move|p2a: Skarmory|Spikes|p1a: Amoonguss
|-sidestart|p1: LT72MS Sagiri|Spikes
|
|-damage|p1a: Amoonguss|82/100 brn|[from] brn
|upkeep
|turn|200
|inactive|Q114 has 120 seconds left.
|
|t:|1597619472
|switch|p1a: Ditto|Ditto|100/100
|-damage|p1a: Ditto|88/100|[from] Spikes
|-damage|p1a: Ditto|76/100|[from] Stealth Rock
|-transform|p1a: Ditto|p2a: Skarmory|[from] ability: Imposter
|move|p2a: Skarmory|Spikes|p1a: Ditto
|-sidestart|p1: LT72MS Sagiri|Spikes
|
|upkeep
|turn|201
|
|t:|1597619482
|switch|p2a: Toxapex|Toxapex, F, shiny|100/100
|-damage|p2a: Toxapex|88/100|[from] Stealth Rock
|move|p1a: Ditto|Spikes|p2a: Toxapex
|-sidestart|p2: Q114|Spikes
|
|upkeep
|turn|202
|
|t:|1597619484
|move|p1a: Ditto|Spikes|p2a: Toxapex
|-sidestart|p2: Q114|Spikes
|move|p2a: Toxapex|Scald|p1a: Ditto
|-damage|p1a: Ditto|49/100
|
|upkeep
|turn|203
|
|t:|1597619487
|move|p1a: Ditto|Roost|p1a: Ditto
|-heal|p1a: Ditto|99/100
|-singleturn|p1a: Ditto|move: Roost
|move|p2a: Toxapex|Scald|p1a: Ditto
|-damage|p1a: Ditto|75/100
|
|upkeep
|turn|204
|
|t:|1597619490
|switch|p1a: Clefable|Clefable, F|98/100
|move|p2a: Toxapex|Scald|p1a: Clefable
|-damage|p1a: Clefable|85/100
|
|upkeep
|turn|205
|
|t:|1597619499
|switch|p1a: Amoonguss|Amoonguss, F|100/100 brn
|-damage|p1a: Amoonguss|88/100 brn|[from] Stealth Rock
|-damage|p1a: Amoonguss|72/100 brn|[from] Spikes
|move|p2a: Toxapex|Knock Off|p1a: Amoonguss
|-damage|p1a: Amoonguss|64/100 brn
|
|-damage|p1a: Amoonguss|58/100 brn|[from] brn
|upkeep
|turn|206
|
|t:|1597619505
|switch|p1a: Clefable|Clefable, F|85/100
|move|p2a: Toxapex|Knock Off|p1a: Clefable
|-resisted|p1a: Clefable
|-damage|p1a: Clefable|80/100
|
|upkeep
|turn|207
|
|t:|1597619510
|switch|p1a: Amoonguss|Amoonguss, F|91/100 brn
|-damage|p1a: Amoonguss|75/100 brn|[from] Spikes
|-damage|p1a: Amoonguss|63/100 brn|[from] Stealth Rock
|move|p2a: Toxapex|Scald|p1a: Amoonguss
|-resisted|p1a: Amoonguss
|-damage|p1a: Amoonguss|55/100 brn
|
|-damage|p1a: Amoonguss|49/100 brn|[from] brn
|upkeep
|turn|208
|j| SNOW BLX
|
|t:|1597619527
|switch|p2a: Mandibuzz|Mandibuzz, F, shiny|82/100
|move|p1a: Amoonguss|Spore|p2a: Mandibuzz
|-immune|p2a: Mandibuzz|[from] ability: Overcoat
|
|-damage|p1a: Amoonguss|43/100 brn|[from] brn
|upkeep
|turn|209
|
|t:|1597619544
|switch|p2a: Toxapex|Toxapex, F, shiny|100/100
|-damage|p2a: Toxapex|84/100|[from] Spikes
|-damage|p2a: Toxapex|72/100|[from] Stealth Rock
|switch|p1a: Clefable|Clefable, F|80/100
|
|upkeep
|turn|210
|inactive|Q114 has 90 seconds left.
|
|t:|1597619557
|switch|p1a: Ditto|Ditto|75/100
|-damage|p1a: Ditto|63/100|[from] Stealth Rock
|-damage|p1a: Ditto|46/100|[from] Spikes
|-transform|p1a: Ditto|p2a: Toxapex|[from] ability: Imposter
|switch|p2a: Mandibuzz|Mandibuzz, F, shiny|82/100
|
|upkeep
|turn|211
|
|t:|1597619562
|switch|p2a: Toxapex|Toxapex, F, shiny|100/100
|-damage|p2a: Toxapex|88/100|[from] Stealth Rock
|-damage|p2a: Toxapex|72/100|[from] Spikes
|move|p1a: Ditto|Recover|p1a: Ditto
|-heal|p1a: Ditto|96/100
|
|upkeep
|turn|212
|
|t:|1597619565
|switch|p1a: Clefable|Clefable, F|80/100
|move|p2a: Toxapex|Scald|p1a: Clefable
|-damage|p1a: Clefable|66/100
|
|upkeep
|turn|213
|
|t:|1597619569
|switch|p2a: Mandibuzz|Mandibuzz, F, shiny|82/100
|move|p1a: Clefable|Soft-Boiled|p1a: Clefable
|-heal|p1a: Clefable|100/100
|
|upkeep
|turn|214
|
|t:|1597619572
|switch|p2a: Toxapex|Toxapex, F, shiny|100/100
|-damage|p2a: Toxapex|88/100|[from] Stealth Rock
|-damage|p2a: Toxapex|72/100|[from] Spikes
|move|p1a: Clefable|Knock Off|p2a: Toxapex
|-damage|p2a: Toxapex|66/100
|
|upkeep
|turn|215
|
|t:|1597619580
|move|p1a: Clefable|Knock Off|p2a: Toxapex
|-damage|p2a: Toxapex|59/100
|move|p2a: Toxapex|Toxic Spikes|p1a: Clefable
|-sidestart|p1: LT72MS Sagiri|move: Toxic Spikes
|
|upkeep
|turn|216
|inactive|Q114 has 90 seconds left.
|
|t:|1597619589
|switch|p1a: Amoonguss|Amoonguss, F|76/100 brn
|-damage|p1a: Amoonguss|60/100 brn|[from] Spikes
|-sideend|p1: LT72MS Sagiri|move: Toxic Spikes|[of] p1a: Amoonguss
|-damage|p1a: Amoonguss|47/100 brn|[from] Stealth Rock
|switch|p2a: Skarmory|Skarmory, F|79/100
|-damage|p2a: Skarmory|67/100|[from] Stealth Rock
|
|-damage|p1a: Amoonguss|41/100 brn|[from] brn
|upkeep
|turn|217
|inactive|Q114 has 90 seconds left.
|
|t:|1597619597
|switch|p2a: Toxapex|Toxapex, F, shiny|93/100
|-damage|p2a: Toxapex|76/100|[from] Spikes
|-damage|p2a: Toxapex|64/100|[from] Stealth Rock
|switch|p1a: Clefable|Clefable, F|100/100
|
|upkeep
|turn|218
|
|t:|1597619609
|switch|p1a: Ditto|Ditto|100/100
|-damage|p1a: Ditto|88/100|[from] Stealth Rock
|-damage|p1a: Ditto|72/100|[from] Spikes
|-transform|p1a: Ditto|p2a: Toxapex|[from] ability: Imposter
|move|p2a: Toxapex|Toxic Spikes|p1a: Ditto
|-sidestart|p1: LT72MS Sagiri|move: Toxic Spikes
|
|upkeep
|turn|219
|
|t:|1597619614
|switch|p2a: Chansey|Chansey, F|67/100
|-damage|p2a: Chansey|51/100|[from] Spikes
|-damage|p2a: Chansey|38/100|[from] Stealth Rock
|move|p1a: Ditto|Toxic Spikes|p2a: Chansey
|-sidestart|p2: Q114|move: Toxic Spikes
|
|upkeep
|turn|220
|
|t:|1597619619
|switch|p1a: Amoonguss|Amoonguss, F|75/100 brn
|-sideend|p1: LT72MS Sagiri|move: Toxic Spikes|[of] p1a: Amoonguss
|-damage|p1a: Amoonguss|62/100 brn|[from] Stealth Rock
|-damage|p1a: Amoonguss|46/100 brn|[from] Spikes
|move|p2a: Chansey|Soft-Boiled|p2a: Chansey
|-heal|p2a: Chansey|88/100
|
|-damage|p1a: Amoonguss|40/100 brn|[from] brn
|upkeep
|turn|221
|
|t:|1597619623
|switch|p1a: Skarmory|Skarmory, F|100/100
|-damage|p1a: Skarmory|88/100|[from] Stealth Rock
|move|p2a: Chansey|Seismic Toss|p1a: Skarmory
|-damage|p1a: Skarmory|58/100
|
|upkeep
|turn|222
|
|t:|1597619626
|move|p1a: Skarmory|Roost|p1a: Skarmory
|-heal|p1a: Skarmory|100/100
|-singleturn|p1a: Skarmory|move: Roost
|move|p2a: Chansey|Seismic Toss|p1a: Skarmory
|-damage|p1a: Skarmory|70/100
|
|upkeep
|turn|223
|
|t:|1597619630
|switch|p1a: Clefable|Clefable, F|100/100
|switch|p2a: Mandibuzz|Mandibuzz, F, shiny|82/100
|
|upkeep
|turn|224
|
|t:|1597619634
|switch|p2a: Toxapex|Toxapex, F, shiny|97/100
|-damage|p2a: Toxapex|81/100|[from] Spikes
|-sideend|p2: Q114|move: Toxic Spikes|[of] p2a: Toxapex
|-damage|p2a: Toxapex|68/100|[from] Stealth Rock
|move|p1a: Clefable|Moonblast|p2a: Toxapex
|-resisted|p2a: Toxapex
|-damage|p2a: Toxapex|56/100
|-unboost|p2a: Toxapex|spa|1
|
|upkeep
|turn|225
|
|t:|1597619647
|move|p1a: Clefable|Knock Off|p2a: Toxapex
|-damage|p2a: Toxapex|50/100
|move|p2a: Toxapex|Toxic Spikes|p1a: Clefable
|-sidestart|p1: LT72MS Sagiri|move: Toxic Spikes
|
|upkeep
|turn|226
|
|t:|1597619651
|switch|p1a: Amoonguss|Amoonguss, F|73/100 brn
|-damage|p1a: Amoonguss|61/100 brn|[from] Stealth Rock
|-damage|p1a: Amoonguss|44/100 brn|[from] Spikes
|-sideend|p1: LT72MS Sagiri|move: Toxic Spikes|[of] p1a: Amoonguss
|switch|p2a: Skarmory|Skarmory, F|67/100
|-damage|p2a: Skarmory|55/100|[from] Stealth Rock
|
|-damage|p1a: Amoonguss|38/100 brn|[from] brn
|upkeep
|turn|227
|
|t:|1597619657
|move|p2a: Skarmory|Brave Bird|p1a: Amoonguss
|-supereffective|p1a: Amoonguss
|-damage|p1a: Amoonguss|0 fnt
|-damage|p2a: Skarmory|39/100|[from] Recoil
|faint|p1a: Amoonguss
|
|upkeep
|
|t:|1597619664
|switch|p1a: Hatterene|Hatterene, F|100/100
|-damage|p1a: Hatterene|88/100|[from] Stealth Rock
|-damage|p1a: Hatterene|72/100|[from] Spikes
|turn|228
|c|☆Q114|2 ez
|inactive|Q114 has 90 seconds left.
|
|t:|1597619684
|switch|p2a: Mandibuzz|Mandibuzz, F, shiny|82/100
|move|p1a: Hatterene|Calm Mind|p1a: Hatterene
|-boost|p1a: Hatterene|spa|1
|-boost|p1a: Hatterene|spd|1
|
|-heal|p1a: Hatterene|78/100|[from] item: Leftovers
|upkeep
|turn|229
|
|t:|1597619688
|move|p2a: Mandibuzz|Defog|p1a: Hatterene
|move|p1a: Hatterene|Defog|p2a: Mandibuzz|[from]Magic Bounce
|-unboost|p2a: Mandibuzz|evasion|1
|-sideend|p2: Q114|Spikes|[from] move: Defog|[of] p1a: Hatterene
|-sideend|p2: Q114|Stealth Rock|[from] move: Defog|[of] p1a: Hatterene
|-sideend|p1: LT72MS Sagiri|Spikes|[from] move: Defog|[of] p1a: Hatterene
|-sideend|p1: LT72MS Sagiri|Stealth Rock|[from] move: Defog|[of] p1a: Hatterene
|move|p1a: Hatterene|Draining Kiss|p2a: Mandibuzz
|-supereffective|p2a: Mandibuzz
|-damage|p2a: Mandibuzz|20/100
|-heal|p1a: Hatterene|100/100|[from] drain|[of] p2a: Mandibuzz
|
|upkeep
|turn|230
|
|t:|1597619703
|switch|p2a: Zeraora|Zeraora|100/100
|move|p1a: Hatterene|Draining Kiss|p2a: Zeraora
|-damage|p2a: Zeraora|82/100
|
|upkeep
|turn|231
|
|t:|1597619707
|move|p2a: Zeraora|Knock Off|p1a: Hatterene
|-damage|p1a: Hatterene|81/100
|-enditem|p1a: Hatterene|Leftovers|[from] move: Knock Off|[of] p2a: Zeraora
|move|p1a: Hatterene|Psyshock|p2a: Zeraora
|-damage|p2a: Zeraora|21/100
|
|upkeep
|turn|232
|
|t:|1597619725
|switch|p2a: Clefable|Clefable, F|82/100
|switch|p1a: Clefable|Clefable, F|100/100
|
|upkeep
|turn|233
|inactive|Q114 has 60 seconds left.
|
|t:|1597619753
|switch|p2a: Skarmory|Skarmory, F|39/100
|move|p1a: Clefable|Stealth Rock|p2a: Skarmory
|-sidestart|p2: Q114|move: Stealth Rock
|
|upkeep
|turn|234
|
|t:|1597619759
|switch|p1a: Ditto|Ditto|100/100
|-transform|p1a: Ditto|p2a: Skarmory|[from] ability: Imposter
|move|p2a: Skarmory|Roost|p2a: Skarmory
|-heal|p2a: Skarmory|89/100
|-singleturn|p2a: Skarmory|move: Roost
|
|upkeep
|turn|235
|
|t:|1597619770
|switch|p2a: Mandibuzz|Mandibuzz, F, shiny|20/100
|move|p1a: Ditto|Spikes|p2a: Mandibuzz
|-sidestart|p2: Q114|Spikes
|
|upkeep
|turn|236
|
|t:|1597619774
|move|p2a: Mandibuzz|Roost|p2a: Mandibuzz
|-heal|p2a: Mandibuzz|70/100
|-singleturn|p2a: Mandibuzz|move: Roost
|move|p1a: Ditto|Brave Bird|p2a: Mandibuzz
|-damage|p2a: Mandibuzz|50/100
|-damage|p1a: Ditto|91/100|[from] Recoil
|
|upkeep
|turn|237
|
|t:|1597619780
|move|p2a: Mandibuzz|Roost|p2a: Mandibuzz
|-heal|p2a: Mandibuzz|100/100
|-singleturn|p2a: Mandibuzz|move: Roost
|move|p1a: Ditto|Brave Bird|p2a: Mandibuzz
|-damage|p2a: Mandibuzz|79/100
|-damage|p1a: Ditto|81/100|[from] Recoil
|
|upkeep
|turn|238
|
|t:|1597619788
|move|p2a: Mandibuzz|Defog|p1a: Ditto
|-unboost|p1a: Ditto|evasion|1
|-sideend|p2: Q114|Spikes|[from] move: Defog|[of] p2a: Mandibuzz
|-sideend|p2: Q114|Stealth Rock|[from] move: Defog|[of] p2a: Mandibuzz
|move|p1a: Ditto|Brave Bird|p2a: Mandibuzz
|-damage|p2a: Mandibuzz|59/100
|-damage|p1a: Ditto|72/100|[from] Recoil
|
|upkeep
|turn|239
|inactive|Q114 has 30 seconds left.
|
|t:|1597619803
|move|p2a: Mandibuzz|Roost|p2a: Mandibuzz
|-heal|p2a: Mandibuzz|100/100
|-singleturn|p2a: Mandibuzz|move: Roost
|move|p1a: Ditto|Spikes|p2a: Mandibuzz
|-sidestart|p2: Q114|Spikes
|
|upkeep
|turn|240
|j| lt72ms beto logout
|inactive|Q114 has 30 seconds left.
|
|t:|1597619812
|switch|p2a: Toxapex|Toxapex, F, shiny|83/100
|-damage|p2a: Toxapex|71/100|[from] Spikes
|move|p1a: Ditto|Roost|p1a: Ditto
|-heal|p1a: Ditto|100/100
|-singleturn|p1a: Ditto|move: Roost
|
|upkeep
|turn|241
|inactive|Q114 has 30 seconds left this turn.
|
|t:|1597619821
|move|p1a: Ditto|Spikes|p2a: Toxapex
|-sidestart|p2: Q114|Spikes
|move|p2a: Toxapex|Scald|p1a: Ditto
|-damage|p1a: Ditto|76/100
|
|upkeep
|turn|242
|inactive|Q114 has 30 seconds left this turn.
|
|t:|1597619826
|switch|p1a: Clefable|Clefable, F|100/100
|move|p2a: Toxapex|Toxic Spikes|p1a: Clefable
|-sidestart|p1: LT72MS Sagiri|move: Toxic Spikes
|
|upkeep
|turn|243
|inactive|Q114 has 30 seconds left this turn.
|inactive|Q114 has 20 seconds left.
|
|t:|1597619838
|switch|p2a: Chansey|Chansey, F|88/100
|-damage|p2a: Chansey|72/100|[from] Spikes
|move|p1a: Clefable|Stealth Rock|p2a: Chansey
|-sidestart|p2: Q114|move: Stealth Rock
|
|upkeep
|turn|244
|inactive|Q114 has 25 seconds left this turn.
|
|t:|1597619840
|switch|p1a: Skarmory|Skarmory, F|70/100
|move|p2a: Chansey|Seismic Toss|p1a: Skarmory
|-damage|p1a: Skarmory|39/100
|
|upkeep
|turn|245
|inactive|Q114 has 25 seconds left this turn.
|
|t:|1597619844
|switch|p2a: Mandibuzz|Mandibuzz, F, shiny|100/100
|move|p1a: Skarmory|Roost|p1a: Skarmory
|-heal|p1a: Skarmory|89/100
|-singleturn|p1a: Skarmory|move: Roost
|
|upkeep
|turn|246
|inactive|Q114 has 30 seconds left this turn.
|
|t:|1597619849
|move|p2a: Mandibuzz|Defog|p1a: Skarmory
|-unboost|p1a: Skarmory|evasion|1
|-sideend|p1: LT72MS Sagiri|Toxic Spikes|[from] move: Defog|[of] p2a: Mandibuzz
|-sideend|p2: Q114|Spikes|[from] move: Defog|[of] p2a: Mandibuzz
|-sideend|p2: Q114|Stealth Rock|[from] move: Defog|[of] p2a: Mandibuzz
|move|p1a: Skarmory|Body Press|p2a: Mandibuzz
|-damage|p2a: Mandibuzz|83/100
|
|upkeep
|turn|247
|inactive|Q114 has 30 seconds left this turn.
|
|t:|1597619853
|switch|p2a: Chansey|Chansey, F|72/100
|switch|p1a: Ditto|Ditto|76/100
|-transform|p1a: Ditto|p2a: Chansey|[from] ability: Imposter
|
|upkeep
|turn|248
|inactive|Q114 has 30 seconds left.
|
|t:|1597619859
|move|p1a: Ditto|Stealth Rock|p2a: Chansey
|-sidestart|p2: Q114|move: Stealth Rock
|move|p2a: Chansey|Toxic|p1a: Ditto|[miss]
|-miss|p2a: Chansey|p1a: Ditto
|
|upkeep
|turn|249
|inactive|Q114 has 30 seconds left this turn.
|
|t:|1597619864
|move|p2a: Chansey|Soft-Boiled|p2a: Chansey
|-heal|p2a: Chansey|100/100
|move|p1a: Ditto|Toxic|p2a: Chansey
|-status|p2a: Chansey|tox
|
|-damage|p2a: Chansey|94/100 tox|[from] psn
|upkeep
|turn|250
|inactive|Q114 has 30 seconds left this turn.
|
|t:|1597619867
|switch|p1a: Hatterene|Hatterene, F|81/100
|-curestatus|p2a: Chansey|tox|[from] ability: Natural Cure
|switch|p2a: Toxapex|Toxapex, F, shiny|100/100
|-damage|p2a: Toxapex|88/100|[from] Stealth Rock
|
|upkeep
|turn|251
|inactive|Q114 has 30 seconds left this turn.
|
|t:|1597619872
|move|p1a: Hatterene|Calm Mind|p1a: Hatterene
|-boost|p1a: Hatterene|spa|1
|-boost|p1a: Hatterene|spd|1
|move|p2a: Toxapex|Scald|p1a: Hatterene
|-damage|p1a: Hatterene|69/100
|-status|p1a: Hatterene|brn
|
|-damage|p1a: Hatterene|63/100 brn|[from] brn
|upkeep
|turn|252
|inactive|Q114 has 30 seconds left.
|
|t:|1597619878
|switch|p2a: Clefable|Clefable, F|82/100
|-damage|p2a: Clefable|69/100|[from] Stealth Rock
|move|p1a: Hatterene|Psyshock|p2a: Clefable
|-damage|p2a: Clefable|42/100
|
|-damage|p1a: Hatterene|57/100 brn|[from] brn
|upkeep
|turn|253
|inactive|Q114 has 30 seconds left this turn.
|
|t:|1597619881
|move|p2a: Clefable|Wish|p2a: Clefable
|move|p1a: Hatterene|Draining Kiss|p2a: Clefable
|-damage|p2a: Clefable|19/100
|-heal|p1a: Hatterene|79/100 brn|[from] drain|[of] p2a: Clefable
|
|-damage|p1a: Hatterene|73/100 brn|[from] brn
|upkeep
|turn|254
|
|t:|1597619887
|switch|p1a: Ditto|Ditto|76/100
|-transform|p1a: Ditto|p2a: Clefable|[from] ability: Imposter
|move|p2a: Clefable|Protect||[still]
|-fail|p2a: Clefable
|
|-heal|p2a: Clefable|69/100|[from] move: Wish|[wisher] Clefable
|upkeep
|turn|255
|
|t:|1597619890
|move|p2a: Clefable|Wish|p2a: Clefable
|move|p1a: Ditto|Aromatherapy|p1a: Ditto
|-activate|p1a: Ditto|move: Aromatherapy
|-curestatus|p1: Hatterene|brn|[msg]
|
|upkeep
|turn|256
|
|t:|1597619898
|move|p2a: Clefable|Moonblast|p1a: Ditto
|-damage|p1a: Ditto|35/100
|-unboost|p1a: Ditto|spa|1
|move|p1a: Ditto|Moonblast|p2a: Clefable
|-damage|p2a: Clefable|39/100
|
|-heal|p2a: Clefable|89/100|[from] move: Wish|[wisher] Clefable
|upkeep
|turn|257
|
|t:|1597619911
|switch|p1a: Clefable|Clefable, F|100/100
|move|p2a: Clefable|Moonblast|p1a: Clefable
|-damage|p1a: Clefable|72/100
|-unboost|p1a: Clefable|spa|1
|
|upkeep
|turn|258
|
|t:|1597619915
|switch|p2a: Toxapex|Toxapex, F, shiny|100/100
|-damage|p2a: Toxapex|88/100|[from] Stealth Rock
|move|p1a: Clefable|Soft-Boiled|p1a: Clefable
|-heal|p1a: Clefable|100/100
|
|upkeep
|turn|259
|
|t:|1597619917
|switch|p1a: Ditto|Ditto|35/100
|-transform|p1a: Ditto|p2a: Toxapex|[from] ability: Imposter
|move|p2a: Toxapex|Toxic Spikes|p1a: Ditto
|-sidestart|p1: LT72MS Sagiri|move: Toxic Spikes
|
|upkeep
|turn|260
|
|t:|1597619923
|switch|p2a: Clefable|Clefable, F|89/100
|-damage|p2a: Clefable|77/100|[from] Stealth Rock
|move|p1a: Ditto|Recover|p1a: Ditto
|-heal|p1a: Ditto|85/100
|
|upkeep
|turn|261
|
|t:|1597619931
|switch|p2a: Chansey|Chansey, F|94/100
|-damage|p2a: Chansey|82/100|[from] Stealth Rock
|move|p1a: Ditto|Scald|p2a: Chansey
|-damage|p2a: Chansey|74/100
|-status|p2a: Chansey|brn
|
|-damage|p2a: Chansey|68/100 brn|[from] brn
|upkeep
|turn|262
|
|t:|1597619934
|move|p2a: Chansey|Seismic Toss|p1a: Ditto
|-damage|p1a: Ditto|52/100
|move|p1a: Ditto|Toxic Spikes|p2a: Chansey
|-sidestart|p2: Q114|move: Toxic Spikes
|
|-damage|p2a: Chansey|62/100 brn|[from] brn
|upkeep
|turn|263
|
|t:|1597619938
|switch|p1a: Clefable|Clefable, F|100/100
|-status|p1a: Clefable|psn
|move|p2a: Chansey|Stealth Rock|p1a: Clefable
|-sidestart|p1: LT72MS Sagiri|move: Stealth Rock
|
|-damage|p2a: Chansey|56/100 brn|[from] brn
|upkeep
|turn|264
|
|t:|1597619946
|move|p1a: Clefable|Knock Off|p2a: Chansey
|-damage|p2a: Chansey|47/100 brn
|move|p2a: Chansey|Soft-Boiled|p2a: Chansey
|-heal|p2a: Chansey|97/100 brn
|
|-damage|p2a: Chansey|91/100 brn|[from] brn
|upkeep
|turn|265
|
|t:|1597619949
|switch|p1a: Blissey|Blissey, F|100/100
|-curestatus|p2a: Chansey|brn|[from] ability: Natural Cure
|switch|p2a: Toxapex|Toxapex, F, shiny|100/100
|-sideend|p2: Q114|move: Toxic Spikes|[of] p2a: Toxapex
|-damage|p2a: Toxapex|88/100|[from] Stealth Rock
|
|upkeep
|turn|266
|
|t:|1597619958
|switch|p1a: Clefable|Clefable, F|100/100 psn
|move|p2a: Toxapex|Knock Off|p1a: Clefable
|-resisted|p1a: Clefable
|-damage|p1a: Clefable|96/100 psn
|
|upkeep
|turn|267
|
|t:|1597619966
|switch|p2a: Chansey|Chansey, F|91/100
|-damage|p2a: Chansey|79/100|[from] Stealth Rock
|move|p1a: Clefable|Knock Off|p2a: Chansey
|-damage|p2a: Chansey|69/100
|
|upkeep
|turn|268
|
|t:|1597619969
|switch|p1a: Blissey|Blissey, F|100/100
|move|p2a: Chansey|Seismic Toss|p1a: Blissey
|-damage|p1a: Blissey|86/100
|
|upkeep
|turn|269
|
|t:|1597619973
|switch|p1a: Skarmory|Skarmory, F|89/100
|-damage|p1a: Skarmory|77/100|[from] Stealth Rock
|move|p2a: Chansey|Seismic Toss|p1a: Skarmory
|-damage|p1a: Skarmory|47/100
|
|upkeep
|turn|270
|
|t:|1597619977
|switch|p2a: Mandibuzz|Mandibuzz, F, shiny|83/100
|move|p1a: Skarmory|Roost|p1a: Skarmory
|-heal|p1a: Skarmory|97/100
|-singleturn|p1a: Skarmory|move: Roost
|
|upkeep
|turn|271
|
|t:|1597619980
|move|p2a: Mandibuzz|Knock Off|p1a: Skarmory
|-damage|p1a: Skarmory|87/100
|move|p1a: Skarmory|Spikes|p2a: Mandibuzz
|-sidestart|p2: Q114|Spikes
|
|upkeep
|turn|272
|
|t:|1597619983
|move|p2a: Mandibuzz|Knock Off|p1a: Skarmory
|-damage|p1a: Skarmory|78/100
|move|p1a: Skarmory|Body Press|p2a: Mandibuzz
|-damage|p2a: Mandibuzz|63/100
|
|upkeep
|turn|273
|
|t:|1597619985
|move|p2a: Mandibuzz|Knock Off|p1a: Skarmory
|-damage|p1a: Skarmory|69/100
|move|p1a: Skarmory|Body Press|p2a: Mandibuzz
|-damage|p2a: Mandibuzz|44/100
|
|upkeep
|turn|274
|
|t:|1597619987
|move|p2a: Mandibuzz|Roost|p2a: Mandibuzz
|-heal|p2a: Mandibuzz|94/100
|-singleturn|p2a: Mandibuzz|move: Roost
|move|p1a: Skarmory|Body Press|p2a: Mandibuzz
|-supereffective|p2a: Mandibuzz
|-damage|p2a: Mandibuzz|59/100
|
|upkeep
|turn|275
|
|t:|1597619992
|move|p2a: Mandibuzz|Roost|p2a: Mandibuzz
|-heal|p2a: Mandibuzz|100/100
|-singleturn|p2a: Mandibuzz|move: Roost
|move|p1a: Skarmory|Body Press|p2a: Mandibuzz
|-supereffective|p2a: Mandibuzz
|-damage|p2a: Mandibuzz|66/100
|
|upkeep
|turn|276
|
|t:|1597619995
|switch|p2a: Skarmory|Skarmory, F|89/100
|-damage|p2a: Skarmory|77/100|[from] Stealth Rock
|move|p1a: Skarmory|Roost|p1a: Skarmory
|-heal|p1a: Skarmory|100/100
|-singleturn|p1a: Skarmory|move: Roost
|
|upkeep
|turn|277
|
|t:|1597620006
|switch|p1a: Ditto|Ditto|85/100
|-status|p1a: Ditto|psn
|-damage|p1a: Ditto|73/100 psn|[from] Stealth Rock
|-transform|p1a: Ditto|p2a: Skarmory|[from] ability: Imposter
|move|p2a: Skarmory|Spikes|p1a: Ditto
|-sidestart|p1: LT72MS Sagiri|Spikes
|
|-damage|p1a: Ditto|60/100 psn|[from] psn
|upkeep
|turn|278
|
|t:|1597620009
|move|p1a: Ditto|Defog|p2a: Skarmory
|-unboost|p2a: Skarmory|evasion|1
|-sideend|p2: Q114|Spikes|[from] move: Defog|[of] p1a: Ditto
|-sideend|p2: Q114|Stealth Rock|[from] move: Defog|[of] p1a: Ditto
|-sideend|p1: LT72MS Sagiri|Spikes|[from] move: Defog|[of] p1a: Ditto
|-sideend|p1: LT72MS Sagiri|Toxic Spikes|[from] move: Defog|[of] p1a: Ditto
|-sideend|p1: LT72MS Sagiri|Stealth Rock|[from] move: Defog|[of] p1a: Ditto
|move|p2a: Skarmory|Spikes|p1a: Ditto
|-sidestart|p1: LT72MS Sagiri|Spikes
|
|-damage|p1a: Ditto|48/100 psn|[from] psn
|upkeep
|turn|279
|
|t:|1597620011
|move|p1a: Ditto|Roost|p1a: Ditto
|-heal|p1a: Ditto|98/100 psn
|-singleturn|p1a: Ditto|move: Roost
|move|p2a: Skarmory|Spikes|p1a: Ditto
|-sidestart|p1: LT72MS Sagiri|Spikes
|
|-damage|p1a: Ditto|86/100 psn|[from] psn
|upkeep
|turn|280
|
|t:|1597620018
|switch|p2a: Clefable|Clefable, F|77/100
|move|p1a: Ditto|Spikes|p2a: Clefable
|-sidestart|p2: Q114|Spikes
|
|-damage|p1a: Ditto|73/100 psn|[from] psn
|upkeep
|turn|281
|l| lt72ms beto logout
|
|t:|1597620023
|move|p1a: Ditto|Defog|p2a: Clefable
|-unboost|p2a: Clefable|evasion|1
|-sideend|p2: Q114|Spikes|[from] move: Defog|[of] p1a: Ditto
|-sideend|p1: LT72MS Sagiri|Spikes|[from] move: Defog|[of] p1a: Ditto
|move|p2a: Clefable|Wish|p2a: Clefable
|
|-damage|p1a: Ditto|61/100 psn|[from] psn
|upkeep
|turn|282
|
|t:|1597620026
|switch|p1a: Blissey|Blissey, F|86/100
|switch|p2a: Zeraora|Zeraora|21/100
|
|-heal|p2a: Zeraora|73/100|[from] move: Wish|[wisher] Clefable
|upkeep
|turn|283
|
|t:|1597620032
|switch|p1a: Clefable|Clefable, F|96/100 psn
|move|p2a: Zeraora|Knock Off|p1a: Clefable
|-resisted|p1a: Clefable
|-damage|p1a: Clefable|90/100 psn
|
|upkeep
|turn|284
|
|t:|1597620036
|switch|p2a: Chansey|Chansey, F|69/100
|move|p1a: Clefable|Moonblast|p2a: Chansey
|-damage|p2a: Chansey|55/100
|
|upkeep
|turn|285
|
|t:|1597620040
|move|p1a: Clefable|Stealth Rock|p2a: Chansey
|-sidestart|p2: Q114|move: Stealth Rock
|move|p2a: Chansey|Soft-Boiled|p2a: Chansey
|-heal|p2a: Chansey|100/100
|
|upkeep
|turn|286
|
|t:|1597620042
|switch|p1a: Hatterene|Hatterene, F|73/100
|move|p2a: Chansey|Stealth Rock|p1a: Hatterene
|move|p1a: Hatterene|Stealth Rock||[from]Magic Bounce|[still]
|-fail|p1a: Hatterene
|
|upkeep
|turn|287
|
|t:|1597620044
|move|p2a: Chansey|Seismic Toss|p1a: Hatterene
|-damage|p1a: Hatterene|41/100
|move|p1a: Hatterene|Calm Mind|p1a: Hatterene
|-boost|p1a: Hatterene|spa|1
|-boost|p1a: Hatterene|spd|1
|
|upkeep
|turn|288
|
|t:|1597620048
|move|p2a: Chansey|Seismic Toss|p1a: Hatterene
|-damage|p1a: Hatterene|10/100
|move|p1a: Hatterene|Draining Kiss|p2a: Chansey
|-damage|p2a: Chansey|84/100
|-heal|p1a: Hatterene|37/100|[from] drain|[of] p2a: Chansey
|
|upkeep
|turn|289
|inactive|Q114 has 90 seconds left.
|
|t:|1597620056
|switch|p2a: Clefable|Clefable, F|77/100
|-damage|p2a: Clefable|64/100|[from] Stealth Rock
|move|p1a: Hatterene|Draining Kiss|p2a: Clefable
|-damage|p2a: Clefable|42/100
|-heal|p1a: Hatterene|57/100|[from] drain|[of] p2a: Clefable
|
|upkeep
|turn|290
|
|t:|1597620058
|move|p2a: Clefable|Wish|p2a: Clefable
|move|p1a: Hatterene|Mystical Fire|p2a: Clefable
|-damage|p2a: Clefable|20/100
|-unboost|p2a: Clefable|spa|1
|
|upkeep
|turn|291
|
|t:|1597620061
|move|p2a: Clefable|Protect|p2a: Clefable
|-singleturn|p2a: Clefable|Protect
|move|p1a: Hatterene|Calm Mind|p1a: Hatterene
|-boost|p1a: Hatterene|spa|1
|-boost|p1a: Hatterene|spd|1
|
|-heal|p2a: Clefable|69/100|[from] move: Wish|[wisher] Clefable
|upkeep
|turn|292
|
|t:|1597620067
|move|p2a: Clefable|Wish|p2a: Clefable
|move|p1a: Hatterene|Draining Kiss|p2a: Clefable
|-damage|p2a: Clefable|45/100
|-heal|p1a: Hatterene|80/100|[from] drain|[of] p2a: Clefable
|
|upkeep
|turn|293
|
|t:|1597620070
|move|p2a: Clefable|Moonblast|p1a: Hatterene
|-damage|p1a: Hatterene|59/100
|-unboost|p1a: Hatterene|spa|1
|move|p1a: Hatterene|Draining Kiss|p2a: Clefable
|-damage|p2a: Clefable|24/100
|-heal|p1a: Hatterene|78/100|[from] drain|[of] p2a: Clefable
|
|-heal|p2a: Clefable|74/100|[from] move: Wish|[wisher] Clefable
|upkeep
|turn|294
|
|t:|1597620078
|switch|p1a: Ditto|Ditto|61/100 psn
|-transform|p1a: Ditto|p2a: Clefable|[from] ability: Imposter
|move|p2a: Clefable|Moonblast|p1a: Ditto
|-crit|p1a: Ditto
|-damage|p1a: Ditto|4/100 psn
|
|-damage|p1a: Ditto|0 fnt|[from] psn
|faint|p1a: Ditto
|upkeep
|c|☆Q114|2 ez
|-message|LT72MS Sagiri forfeited.
|
|win|Q114
|l|☆LT72MS Sagiri
|raw|LT72MS Sagiri's rating: 1917 &rarr; <strong>1886</strong><br />(-31 for losing)
|raw|Q114's rating: 1683 &rarr; <strong>1715</strong><br />(+32 for winning)
|j| snycky
|n| snycky|snycky
|n| snycky|snycky
|n| snycky|snycky
|n| snycky|snycky
|n| snycky|snycky
|n| snycky|snycky
|n| snycky|snycky
|n| snycky|snycky
|l| egalvanc
|n| snycky|snycky
|n| snycky|snycky
|n| snycky|snycky
|n| snycky|snycky
|n| snycky|snycky
|n| snycky|snycky
|n| snycky|snycky
|l| snycky
|j|@OM~!
|c|@OM~!|/log Q114 was warned by OM~!. (be nice)
|hidelines|unlink|q114
|l|@OM~!
