|j|☆minimax_ai
|j|☆iopkj09
|t:|1665545343
|gametype|singles
|player|p1|minimax_ai|lusamine-nihilego|1530
|player|p2|iopkj09|nate|1584
|teamsize|p1|6
|teamsize|p2|6
|gen|8
|tier|[Gen 8] OU
|rated|
|rule|Sleep Clause Mod: Limit one foe put to sleep
|rule|Species Clause: Limit one of each Pokémon
|rule|OHKO Clause: OHKO moves are banned
|rule|Evasion Items Clause: Evasion items are banned
|rule|Evasion Moves Clause: Evasion moves are banned
|rule|Endless Battle Clause: Forcing endless battles is banned
|rule|HP Percentage Mod: HP is shown in percentages
|rule|Dynamax Clause: You cannot dynamax
|clearpoke
|poke|p1|Rotom-Wash|
|poke|p1|Weavile, M|
|poke|p1|Landorus-Therian, M|
|poke|p1|Heatran, M|
|poke|p1|Tangrowth, F|
|poke|p1|Melmetal|
|poke|p2|Garchomp, M|
|poke|p2|Zapdos|
|poke|p2|Rillaboom, M|
|poke|p2|Tapu Lele|
|poke|p2|Volcanion|
|poke|p2|Weavile, F|
|teampreview
|inactive|Battle timer is ON: inactive players will automatically lose when time's up. (requested by iopkj09)
|c|☆minimax_ai|hf
|inactive|minimax_ai also wants the timer to be on.
|
|t:|1665545353
|start
|switch|p1a: Melmetal|Melmetal|100/100
|switch|p2a: Weavile|Weavile, F|100/100
|-ability|p2a: Weavile|Pressure
|turn|1
|
|t:|1665545370
|switch|p2a: Volcanion|Volcanion|100/100
|move|p1a: Melmetal|Double Iron Bash|p2a: Volcanion
|-resisted|p2a: Volcanion
|-damage|p2a: Volcanion|94/100
|-resisted|p2a: Volcanion
|-damage|p2a: Volcanion|87/100
|-hitcount|p2a: Volcanion|2
|
|upkeep
|turn|2
|
|t:|1665545376
|switch|p1a: rotomwash|Rotom-Wash|100/100
|move|p2a: Volcanion|Steam Eruption|p1a: rotomwash
|-resisted|p1a: rotomwash
|-damage|p1a: rotomwash|73/100
|
|-heal|p1a: rotomwash|79/100|[from] item: Leftovers
|upkeep
|turn|3
|
|t:|1665545391
|switch|p2a: Garchomp|Garchomp, M, shiny|100/100
|move|p1a: rotomwash|Thunderbolt|p2a: Garchomp
|-immune|p2a: Garchomp
|
|-heal|p1a: rotomwash|86/100|[from] item: Leftovers
|upkeep
|turn|4
|
|t:|1665545396
|switch|p2a: Weavile|Weavile, F|100/100
|-ability|p2a: Weavile|Pressure
|switch|p1a: landorustherian|Landorus-Therian, M|100/100
|-ability|p1a: landorustherian|Intimidate|boost
|-unboost|p2a: Weavile|atk|1
|
|upkeep
|turn|5
|
|t:|1665545400
|switch|p1a: Melmetal|Melmetal|100/100
|move|p2a: Weavile|Swords Dance|p2a: Weavile
|-boost|p2a: Weavile|atk|2
|
|upkeep
|turn|6
|
|t:|1665545412
|move|p2a: Weavile|Knock Off|p1a: Melmetal
|-crit|p1a: Melmetal
|-damage|p1a: Melmetal|44/100
|-enditem|p1a: Melmetal|Assault Vest|[from] move: Knock Off|[of] p2a: Weavile
|move|p1a: Melmetal|Double Iron Bash|p2a: Weavile
|-supereffective|p2a: Weavile
|-enditem|p2a: Weavile|Focus Sash
|-damage|p2a: Weavile|1/100
|-supereffective|p2a: Weavile
|-damage|p2a: Weavile|0 fnt
|faint|p2a: Weavile
|-hitcount|p2: Weavile|2
|
|upkeep
|
|t:|1665545419
|switch|p2a: Tapu Lele|Tapu Lele|100/100
|-fieldstart|move: Psychic Terrain|[from] ability: Psychic Surge|[of] p2a: Tapu Lele
|turn|7
|
|t:|1665545422
|move|p2a: Tapu Lele|Moonblast|p1a: Melmetal
|-resisted|p1a: Melmetal
|-damage|p1a: Melmetal|13/100
|move|p1a: Melmetal|Double Iron Bash|p2a: Tapu Lele
|-supereffective|p2a: Tapu Lele
|-damage|p2a: Tapu Lele|0 fnt
|faint|p2a: Tapu Lele
|-hitcount|p2: Tapu Lele|1
|
|upkeep
|
|t:|1665545425
|switch|p2a: Volcanion|Volcanion|87/100
|turn|8
|
|t:|1665545427
|switch|p1a: rotomwash|Rotom-Wash|86/100
|move|p2a: Volcanion|Steam Eruption|p1a: rotomwash
|-resisted|p1a: rotomwash
|-damage|p1a: rotomwash|57/100
|-status|p1a: rotomwash|brn
|
|-heal|p1a: rotomwash|63/100 brn|[from] item: Leftovers
|-damage|p1a: rotomwash|57/100 brn|[from] brn
|upkeep
|turn|9
|
|t:|1665545431
|switch|p2a: Garchomp|Garchomp, M, shiny|100/100
|move|p1a: rotomwash|Thunderbolt|p2a: Garchomp
|-immune|p2a: Garchomp
|
|-heal|p1a: rotomwash|63/100 brn|[from] item: Leftovers
|-damage|p1a: rotomwash|57/100 brn|[from] brn
|upkeep
|turn|10
|
|t:|1665545435
|switch|p2a: Zapdos|Zapdos, shiny|100/100
|switch|p1a: landorustherian|Landorus-Therian, M|100/100
|-ability|p1a: landorustherian|Intimidate|boost
|-unboost|p2a: Zapdos|atk|1
|
|upkeep
|turn|11
|
|t:|1665545437
|move|p2a: Zapdos|Hurricane|p1a: landorustherian
|-damage|p1a: landorustherian|56/100
|move|p1a: landorustherian|Toxic|p2a: Zapdos
|-status|p2a: Zapdos|tox
|
|-heal|p1a: landorustherian|62/100|[from] item: Leftovers
|-damage|p2a: Zapdos|94/100 tox|[from] psn
|-fieldend|move: Psychic Terrain
|upkeep
|turn|12
|
|t:|1665545440
|move|p2a: Zapdos|Hurricane|p1a: landorustherian|[miss]
|-miss|p2a: Zapdos|p1a: landorustherian
|move|p1a: landorustherian|Earthquake|p2a: Zapdos
|-immune|p2a: Zapdos
|
|-heal|p1a: landorustherian|68/100|[from] item: Leftovers
|-damage|p2a: Zapdos|82/100 tox|[from] psn
|upkeep
|turn|13
|
|t:|1665545441
|move|p2a: Zapdos|Hurricane|p1a: landorustherian
|-damage|p1a: landorustherian|25/100
|move|p1a: landorustherian|Toxic|p2a: Zapdos|[miss]
|-miss|p1a: landorustherian|p2a: Zapdos
|
|-heal|p1a: landorustherian|31/100|[from] item: Leftovers
|-damage|p2a: Zapdos|63/100 tox|[from] psn
|upkeep
|turn|14
|
|t:|1665545443
|move|p2a: Zapdos|Hurricane|p1a: landorustherian
|-damage|p1a: landorustherian|0 fnt
|faint|p1a: landorustherian
|
|-damage|p2a: Zapdos|38/100 tox|[from] psn
|upkeep
|
|t:|1665545444
|switch|p1a: Weavile|Weavile, M|100/100
|-ability|p1a: Weavile|Pressure
|turn|15
|
|t:|1665545446
|move|p1a: Weavile|Knock Off|p2a: Zapdos
|-damage|p2a: Zapdos|0 fnt
|-status|p1a: Weavile|par|[from] ability: Static|[of] p2a: Zapdos
|-enditem|p2a: Zapdos|Wide Lens|[from] move: Knock Off|[of] p1a: Weavile
|faint|p2a: Zapdos
|
|upkeep
|
|t:|1665545448
|switch|p2a: Volcanion|Volcanion|87/100
|turn|16
|
|t:|1665545449
|switch|p1a: rotomwash|Rotom-Wash|57/100 brn
|move|p2a: Volcanion|Flamethrower|p1a: rotomwash
|-resisted|p1a: rotomwash
|-damage|p1a: rotomwash|36/100 brn
|
|-heal|p1a: rotomwash|42/100 brn|[from] item: Leftovers
|-damage|p1a: rotomwash|36/100 brn|[from] brn
|upkeep
|turn|17
|
|t:|1665545454
|move|p1a: rotomwash|Pain Split|p2a: Volcanion
|-sethp|p2a: Volcanion|58/100|[from] move: Pain Split|[silent]
|-sethp|p1a: rotomwash|70/100 brn|[from] move: Pain Split
|move|p2a: Volcanion|Sludge Wave|p1a: rotomwash
|-damage|p1a: rotomwash|36/100 brn
|
|-heal|p1a: rotomwash|43/100 brn|[from] item: Leftovers
|-damage|p1a: rotomwash|36/100 brn|[from] brn
|upkeep
|turn|18
|
|t:|1665545456
|move|p1a: rotomwash|Pain Split|p2a: Volcanion
|-sethp|p2a: Volcanion|44/100|[from] move: Pain Split|[silent]
|-sethp|p1a: rotomwash|53/100 brn|[from] move: Pain Split
|move|p2a: Volcanion|Steam Eruption|p1a: rotomwash
|-resisted|p1a: rotomwash
|-damage|p1a: rotomwash|25/100 brn
|
|-heal|p1a: rotomwash|31/100 brn|[from] item: Leftovers
|-damage|p1a: rotomwash|25/100 brn|[from] brn
|upkeep
|turn|19
|
|t:|1665545459
|move|p1a: rotomwash|Pain Split|p2a: Volcanion
|-sethp|p2a: Volcanion|33/100|[from] move: Pain Split|[silent]
|-sethp|p1a: rotomwash|39/100 brn|[from] move: Pain Split
|move|p2a: Volcanion|Steam Eruption|p1a: rotomwash
|-resisted|p1a: rotomwash
|-damage|p1a: rotomwash|13/100 brn
|
|-heal|p1a: rotomwash|19/100 brn|[from] item: Leftovers
|-damage|p1a: rotomwash|13/100 brn|[from] brn
|upkeep
|turn|20
|
|t:|1665545461
|move|p1a: rotomwash|Pain Split|p2a: Volcanion
|-sethp|p2a: Volcanion|22/100|[from] move: Pain Split|[silent]
|-sethp|p1a: rotomwash|26/100 brn|[from] move: Pain Split
|move|p2a: Volcanion|Steam Eruption|p1a: rotomwash
|-resisted|p1a: rotomwash
|-damage|p1a: rotomwash|0 fnt
|faint|p1a: rotomwash
|
|upkeep
|
|t:|1665545461
|switch|p1a: Heatran|Heatran, M|100/100
|-item|p1a: Heatran|Air Balloon
|turn|21
|
|t:|1665545463
|move|p1a: Heatran|Earth Power|p2a: Volcanion
|-supereffective|p2a: Volcanion
|-damage|p2a: Volcanion|0 fnt
|faint|p2a: Volcanion
|
|upkeep
|
|t:|1665545466
|switch|p2a: Garchomp|Garchomp, M, shiny|100/100
|turn|22
|
|t:|1665545467
|move|p2a: Garchomp|Iron Head|p1a: Heatran
|-resisted|p1a: Heatran
|-damage|p1a: Heatran|93/100
|-enditem|p1a: Heatran|Air Balloon
|move|p1a: Heatran|Magma Storm|p2a: Garchomp
|-resisted|p2a: Garchomp
|-crit|p2a: Garchomp
|-damage|p2a: Garchomp|53/100
|-activate|p2a: Garchomp|move: Magma Storm|[of] p1a: Heatran
|
|-damage|p2a: Garchomp|41/100|[from] move: Magma Storm|[partiallytrapped]
|upkeep
|turn|23
|
|t:|1665545471
|move|p2a: Garchomp|Iron Head|p1a: Heatran
|-resisted|p1a: Heatran
|-damage|p1a: Heatran|86/100
|move|p1a: Heatran|Magma Storm|p2a: Garchomp
|-resisted|p2a: Garchomp
|-damage|p2a: Garchomp|8/100
|
|-damage|p2a: Garchomp|0 fnt|[from] move: Magma Storm|[partiallytrapped]
|faint|p2a: Garchomp
|upkeep
|
|t:|1665545472
|switch|p2a: Rillaboom|Rillaboom, M|100/100
|-fieldstart|move: Grassy Terrain|[from] ability: Grassy Surge|[of] p2a: Rillaboom
|turn|24
|
|t:|1665545474
|switch|p1a: Tangrowth|Tangrowth, F|100/100
|move|p2a: Rillaboom|High Horsepower|p1a: Tangrowth
|-resisted|p1a: Tangrowth
|-crit|p1a: Tangrowth
|-damage|p1a: Tangrowth|82/100
|-damage|p2a: Rillaboom|84/100|[from] item: Rocky Helmet|[of] p1a: Tangrowth
|-damage|p2a: Rillaboom|74/100|[from] item: Life Orb
|
|-heal|p2a: Rillaboom|80/100|[from] Grassy Terrain
|-heal|p1a: Tangrowth|89/100|[from] Grassy Terrain
|upkeep
|turn|25
|
|t:|1665545476
|move|p2a: Rillaboom|Swords Dance|p2a: Rillaboom
|-boost|p2a: Rillaboom|atk|2
|move|p1a: Tangrowth|Giga Drain|p2a: Rillaboom
|-resisted|p2a: Rillaboom
|-damage|p2a: Rillaboom|55/100
|-heal|p1a: Tangrowth|99/100|[from] drain|[of] p2a: Rillaboom
|
|-heal|p2a: Rillaboom|62/100|[from] Grassy Terrain
|-heal|p1a: Tangrowth|100/100|[from] Grassy Terrain
|upkeep
|turn|26
|
|t:|1665545477
|move|p2a: Rillaboom|Swords Dance|p2a: Rillaboom
|-boost|p2a: Rillaboom|atk|2
|move|p1a: Tangrowth|Knock Off|p2a: Rillaboom
|-damage|p2a: Rillaboom|36/100
|-enditem|p2a: Rillaboom|Life Orb|[from] move: Knock Off|[of] p1a: Tangrowth
|
|-heal|p2a: Rillaboom|43/100|[from] Grassy Terrain
|upkeep
|turn|27
|
|t:|1665545479
|move|p2a: Rillaboom|Superpower|p1a: Tangrowth
|-damage|p1a: Tangrowth|32/100
|-unboost|p2a: Rillaboom|atk|1
|-unboost|p2a: Rillaboom|def|1
|-damage|p2a: Rillaboom|26/100|[from] item: Rocky Helmet|[of] p1a: Tangrowth
|move|p1a: Tangrowth|Focus Blast|p2a: Rillaboom
|-damage|p2a: Rillaboom|0 fnt
|faint|p2a: Rillaboom
|
|win|minimax_ai
|raw|minimax_ai's rating: 1530 &rarr; <strong>1553</strong><br />(+23 for winning)
|raw|iopkj09's rating: 1584 &rarr; <strong>1561</strong><br />(-23 for losing)
|c|☆minimax_ai|gg
