|raw|<div class="broadcast-blue"><strong>This battle is required to be public due to a player having a name starting with 'lt83aq'.</div>
|j|☆SMxVale
|j|☆lt83aq gray
|t:|1626514854
|gametype|singles
|player|p1|SMxVale|sabrina|1696
|player|p2|lt83aq gray|1|1835
|teamsize|p1|6
|teamsize|p2|6
|gen|8
|tier|[Gen 8] OU
|rated|
|rule|Sleep Clause Mod: Limit one foe put to sleep
|rule|Species Clause: Limit one of each Pokémon
|rule|OHKO Clause: OHKO moves are banned
|rule|Evasion Moves Clause: Evasion moves are banned
|rule|Endless Battle Clause: Forcing endless battles is banned
|rule|HP Percentage Mod: HP is shown in percentages
|rule|Dynamax Clause: You cannot dynamax
|clearpoke
|poke|p1|Melmetal|
|poke|p1|Clefable, M|
|poke|p1|Landorus-Therian, M|
|poke|p1|Rillaboom, F|
|poke|p1|Heatran, F|
|poke|p1|Dragapult, M|
|poke|p2|Mew|
|poke|p2|Dragapult, F|
|poke|p2|Bisharp, F|
|poke|p2|Garchomp, M|
|poke|p2|Volcarona, M|
|poke|p2|Cloyster, F|
|teampreview
|
|t:|1626514871
|start
|switch|p1a: Metallviech|Melmetal|100/100
|switch|p2a: Mew|Mew|100/100
|turn|1
|
|t:|1626514875
|move|p2a: Mew|Thunder Wave|p1a: Metallviech
|-status|p1a: Metallviech|par
|move|p1a: Metallviech|Double Iron Bash|p2a: Mew
|-damage|p2a: Mew|68/100
|-damage|p2a: Mew|36/100
|-hitcount|p2a: Mew|2
|-enditem|p2a: Mew|Red Card|[of] p1a: Metallviech
|drag|p1a: Straßenköter|Landorus-Therian, M|100/100
|-ability|p1a: Straßenköter|Intimidate|boost
|-unboost|p2a: Mew|atk|1
|
|upkeep
|turn|2
|inactive|Battle timer is ON: inactive players will automatically lose when time's up. (requested by SMxVale)
|
|t:|1626514890
|move|p2a: Mew|Stealth Rock|p1a: Straßenköter
|-sidestart|p1: SMxVale|move: Stealth Rock
|move|p1a: Straßenköter|Earthquake|p2a: Mew
|-damage|p2a: Mew|0 fnt
|faint|p2a: Mew
|
|upkeep
|
|t:|1626514892
|switch|p2a: Cloyster|Cloyster, F|100/100
|turn|3
|
|t:|1626514903
|switch|p1a: Metallviech|Melmetal|100/100 par
|-damage|p1a: Metallviech|94/100 par|[from] Stealth Rock
|switch|p2a: Volcarona|Volcarona, M|100/100
|
|upkeep
|turn|4
|
|t:|1626514913
|switch|p2a: Dragapult|Dragapult, F|100/100
|switch|p1a: Lavametallviech|Heatran, F|100/100
|-damage|p1a: Lavametallviech|88/100|[from] Stealth Rock
|
|-heal|p1a: Lavametallviech|94/100|[from] item: Leftovers
|upkeep
|turn|5
|
|t:|1626514923
|move|p2a: Dragapult|Shadow Ball|p1a: Lavametallviech
|-damage|p1a: Lavametallviech|53/100
|move|p1a: Lavametallviech|Toxic|p2a: Dragapult
|-status|p2a: Dragapult|tox
|
|-heal|p1a: Lavametallviech|59/100|[from] item: Leftovers
|-damage|p2a: Dragapult|95/100 tox|[from] psn
|upkeep
|turn|6
|
|t:|1626514943
|switch|p1a: gen1missbildung|Clefable, M|100/100
|-damage|p1a: gen1missbildung|88/100|[from] Stealth Rock
|move|p2a: Dragapult|Shadow Ball|p1a: gen1missbildung
|-damage|p1a: gen1missbildung|42/100
|-unboost|p1a: gen1missbildung|spd|1
|
|-heal|p1a: gen1missbildung|48/100|[from] item: Leftovers
|-damage|p2a: Dragapult|83/100 tox|[from] psn
|upkeep
|turn|7
|
|t:|1626514947
|move|p1a: gen1missbildung|Protect|p1a: gen1missbildung
|-singleturn|p1a: gen1missbildung|Protect
|move|p2a: Dragapult|Shadow Ball|p1a: gen1missbildung
|-activate|p1a: gen1missbildung|move: Protect
|
|-heal|p1a: gen1missbildung|54/100|[from] item: Leftovers
|-damage|p2a: Dragapult|65/100 tox|[from] psn
|upkeep
|turn|8
|
|t:|1626514956
|move|p1a: gen1missbildung|Protect|p1a: gen1missbildung
|-singleturn|p1a: gen1missbildung|Protect
|move|p2a: Dragapult|Shadow Ball|p1a: gen1missbildung
|-activate|p1a: gen1missbildung|move: Protect
|
|-heal|p1a: gen1missbildung|60/100|[from] item: Leftovers
|-damage|p2a: Dragapult|41/100 tox|[from] psn
|upkeep
|turn|9
|j| LT83AQ V95
|j| pirouette
|
|t:|1626514967
|switch|p1a: Trommelaffe|Rillaboom, F|100/100
|-damage|p1a: Trommelaffe|88/100|[from] Stealth Rock
|-fieldstart|move: Grassy Terrain|[from] ability: Grassy Surge|[of] p1a: Trommelaffe
|move|p2a: Dragapult|Shadow Ball|p1a: Trommelaffe
|-damage|p1a: Trommelaffe|8/100
|
|-heal|p2a: Dragapult|47/100 tox|[from] Grassy Terrain
|-heal|p1a: Trommelaffe|14/100|[from] Grassy Terrain
|-heal|p1a: Trommelaffe|20/100|[from] item: Leftovers
|-damage|p2a: Dragapult|17/100 tox|[from] psn
|upkeep
|turn|10
|
|t:|1626514971
|switch|p2a: Volcarona|Volcarona, M|100/100
|move|p1a: Trommelaffe|Grassy Glide|p2a: Volcarona
|-resisted|p2a: Volcarona
|-damage|p2a: Volcarona|81/100
|-status|p1a: Trommelaffe|brn|[from] ability: Flame Body|[of] p2a: Volcarona
|
|-heal|p2a: Volcarona|87/100|[from] Grassy Terrain
|-heal|p1a: Trommelaffe|26/100 brn|[from] Grassy Terrain
|-heal|p1a: Trommelaffe|32/100 brn|[from] item: Leftovers
|-damage|p1a: Trommelaffe|26/100 brn|[from] brn
|upkeep
|turn|11
|
|t:|1626514977
|switch|p2a: Garchomp|Garchomp, M|100/100
|move|p1a: Trommelaffe|Knock Off|p2a: Garchomp
|-damage|p2a: Garchomp|82/100
|-damage|p1a: Trommelaffe|13/100 brn|[from] ability: Rough Skin|[of] p2a: Garchomp
|-enditem|p2a: Garchomp|Lum Berry|[from] move: Knock Off|[of] p1a: Trommelaffe
|
|-heal|p2a: Garchomp|88/100|[from] Grassy Terrain
|-heal|p1a: Trommelaffe|19/100 brn|[from] Grassy Terrain
|-heal|p1a: Trommelaffe|25/100 brn|[from] item: Leftovers
|-damage|p1a: Trommelaffe|19/100 brn|[from] brn
|upkeep
|turn|12
|
|t:|1626514991
|switch|p1a: gen1missbildung|Clefable, M|60/100
|-damage|p1a: gen1missbildung|48/100|[from] Stealth Rock
|move|p2a: Garchomp|Swords Dance|p2a: Garchomp
|-boost|p2a: Garchomp|atk|2
|
|-heal|p2a: Garchomp|94/100|[from] Grassy Terrain
|-heal|p1a: gen1missbildung|54/100|[from] Grassy Terrain
|-heal|p1a: gen1missbildung|60/100|[from] item: Leftovers
|upkeep
|turn|13
|inactive|lt83aq gray has 120 seconds left.
|
|t:|1626515024
|move|p2a: Garchomp|Swords Dance|p2a: Garchomp
|-boost|p2a: Garchomp|atk|2
|move|p1a: gen1missbildung|Wish|p1a: gen1missbildung
|
|-heal|p2a: Garchomp|99/100|[from] Grassy Terrain
|-heal|p1a: gen1missbildung|66/100|[from] Grassy Terrain
|-heal|p1a: gen1missbildung|72/100|[from] item: Leftovers
|-fieldend|move: Grassy Terrain
|upkeep
|turn|14
|
|t:|1626515030
|move|p2a: Garchomp|Earthquake|p1a: gen1missbildung
|-damage|p1a: gen1missbildung|32/100
|move|p1a: gen1missbildung|Moonblast|p2a: Garchomp
|-supereffective|p2a: Garchomp
|-damage|p2a: Garchomp|26/100
|
|-heal|p1a: gen1missbildung|81/100|[from] move: Wish|[wisher] gen1missbildung
|-heal|p1a: gen1missbildung|88/100|[from] item: Leftovers
|upkeep
|turn|15
|
|t:|1626515045
|move|p2a: Garchomp|Earthquake|p1a: gen1missbildung
|-damage|p1a: gen1missbildung|46/100
|move|p1a: gen1missbildung|Wish|p1a: gen1missbildung
|
|-heal|p1a: gen1missbildung|52/100|[from] item: Leftovers
|upkeep
|turn|16
|j| fa90662
|
|t:|1626515056
|move|p1a: gen1missbildung|Protect|p1a: gen1missbildung
|-singleturn|p1a: gen1missbildung|Protect
|move|p2a: Garchomp|Earthquake|p1a: gen1missbildung
|-activate|p1a: gen1missbildung|move: Protect
|
|-heal|p1a: gen1missbildung|100/100|[from] move: Wish|[wisher] gen1missbildung
|upkeep
|turn|17
|
|t:|1626515059
|switch|p2a: Bisharp|Bisharp, F|100/100
|move|p1a: gen1missbildung|Wish|p1a: gen1missbildung
|
|upkeep
|turn|18
|inactive|SMxVale has 120 seconds left.
|inactive|SMxVale has 90 seconds left.
|
|t:|1626515126
|switch|p1a: Metallviech|Melmetal|94/100 par
|-damage|p1a: Metallviech|88/100 par|[from] Stealth Rock
|move|p2a: Bisharp|Knock Off|p1a: Metallviech
|-crit|p1a: Metallviech
|-damage|p1a: Metallviech|20/100 par
|-enditem|p1a: Metallviech|Protective Pads|[from] move: Knock Off|[of] p2a: Bisharp
|-damage|p2a: Bisharp|91/100|[from] item: Life Orb
|
|-heal|p1a: Metallviech|68/100 par|[from] move: Wish|[wisher] gen1missbildung
|upkeep
|turn|19
|inactive|SMxVale has 90 seconds left.
|
|t:|1626515142
|switch|p2a: Garchomp|Garchomp, M|26/100
|move|p1a: Metallviech|Thunder Wave|p2a: Garchomp
|-immune|p2a: Garchomp
|
|upkeep
|turn|20
|inactive|SMxVale has 90 seconds left.
|
|t:|1626515153
|switch|p2a: Cloyster|Cloyster, F|100/100
|switch|p1a: Straßenköter|Landorus-Therian, M|100/100
|-damage|p1a: Straßenköter|88/100|[from] Stealth Rock
|-ability|p1a: Straßenköter|Intimidate|boost
|-unboost|p2a: Cloyster|atk|1
|
|-heal|p1a: Straßenköter|94/100|[from] item: Leftovers
|upkeep
|turn|21
|inactive|SMxVale has 90 seconds left.
|
|t:|1626515168
|switch|p1a: gen1missbildung|Clefable, M|100/100
|-damage|p1a: gen1missbildung|88/100|[from] Stealth Rock
|switch|p2a: Dragapult|Dragapult, F|17/100 tox
|
|-heal|p1a: gen1missbildung|94/100|[from] item: Leftovers
|-damage|p2a: Dragapult|11/100 tox|[from] psn
|upkeep
|turn|22
|inactive|SMxVale has 90 seconds left.
|
|t:|1626515180
|move|p1a: gen1missbildung|Protect|p1a: gen1missbildung
|-singleturn|p1a: gen1missbildung|Protect
|move|p2a: Dragapult|Shadow Ball|p1a: gen1missbildung
|-activate|p1a: gen1missbildung|move: Protect
|
|-heal|p1a: gen1missbildung|99/100|[from] item: Leftovers
|-damage|p2a: Dragapult|0 fnt|[from] psn
|faint|p2a: Dragapult
|upkeep
|
|t:|1626515181
|switch|p2a: Bisharp|Bisharp, F|91/100
|turn|23
|inactive|SMxVale has 90 seconds left.
|
|t:|1626515197
|move|p2a: Bisharp|Swords Dance|p2a: Bisharp
|-boost|p2a: Bisharp|atk|2
|move|p1a: gen1missbildung|Moonblast|p2a: Bisharp
|-damage|p2a: Bisharp|36/100
|-unboost|p2a: Bisharp|spa|1
|-ability|p2a: Bisharp|Defiant
|-boost|p2a: Bisharp|atk|2
|
|-heal|p1a: gen1missbildung|100/100|[from] item: Leftovers
|upkeep
|turn|24
|inactive|SMxVale has 90 seconds left.
|inactive|SMxVale has 60 seconds left.
|
|t:|1626515239
|switch|p1a: Metallviech|Melmetal|68/100 par
|-damage|p1a: Metallviech|62/100 par|[from] Stealth Rock
|move|p2a: Bisharp|Iron Head|p1a: Metallviech
|-resisted|p1a: Metallviech
|-damage|p1a: Metallviech|6/100 par
|-damage|p2a: Bisharp|26/100|[from] item: Life Orb
|
|upkeep
|turn|25
|inactive|SMxVale has 60 seconds left.
|j| Cycxgxg
|
|t:|1626515248
|move|p2a: Bisharp|Iron Head|p1a: Metallviech
|-resisted|p1a: Metallviech
|-damage|p1a: Metallviech|0 fnt
|faint|p1a: Metallviech
|-damage|p2a: Bisharp|16/100|[from] item: Life Orb
|
|upkeep
|
|t:|1626515251
|switch|p1a: Trommelaffe|Rillaboom, F|19/100 brn
|-damage|p1a: Trommelaffe|7/100 brn|[from] Stealth Rock
|-fieldstart|move: Grassy Terrain|[from] ability: Grassy Surge|[of] p1a: Trommelaffe
|turn|26
|
|t:|1626515256
|switch|p2a: Volcarona|Volcarona, M|87/100
|move|p1a: Trommelaffe|Grassy Glide|p2a: Volcarona
|-resisted|p2a: Volcarona
|-damage|p2a: Volcarona|77/100
|
|-heal|p2a: Volcarona|83/100|[from] Grassy Terrain
|-heal|p1a: Trommelaffe|13/100 brn|[from] Grassy Terrain
|-heal|p1a: Trommelaffe|19/100 brn|[from] item: Leftovers
|-damage|p1a: Trommelaffe|13/100 brn|[from] brn
|upkeep
|turn|27
|
|t:|1626515271
|move|p2a: Volcarona|Giga Drain|p1a: Trommelaffe
|-resisted|p1a: Trommelaffe
|-damage|p1a: Trommelaffe|0 fnt
|-heal|p2a: Volcarona|90/100|[from] drain|[of] p1a: Trommelaffe
|faint|p1a: Trommelaffe
|
|-heal|p2a: Volcarona|96/100|[from] Grassy Terrain
|upkeep
|j| AndreyVGC
|
|t:|1626515286
|switch|p1a: Straßenköter|Landorus-Therian, M|94/100
|-damage|p1a: Straßenköter|82/100|[from] Stealth Rock
|-ability|p1a: Straßenköter|Intimidate|boost
|-unboost|p2a: Volcarona|atk|1
|turn|28
|
|t:|1626515304
|move|p2a: Volcarona|Flamethrower|p1a: Straßenköter
|-crit|p1a: Straßenköter
|-damage|p1a: Straßenköter|4/100
|move|p1a: Straßenköter|Toxic|p2a: Volcarona|[miss]
|-miss|p1a: Straßenköter|p2a: Volcarona
|
|-heal|p2a: Volcarona|100/100|[from] Grassy Terrain
|-heal|p1a: Straßenköter|10/100|[from] item: Leftovers
|upkeep
|turn|29
|c|☆SMxVale|fuck thus game
|
|t:|1626515316
|switch|p2a: Garchomp|Garchomp, M|26/100
|switch|p1a: Lavametallviech|Heatran, F|59/100
|-damage|p1a: Lavametallviech|47/100|[from] Stealth Rock
|
|-heal|p2a: Garchomp|32/100|[from] Grassy Terrain
|-heal|p1a: Lavametallviech|53/100|[from] Grassy Terrain
|-heal|p1a: Lavametallviech|59/100|[from] item: Leftovers
|upkeep
|turn|30
|l| AndreyVGC
|
|t:|1626515322
|switch|p2a: Bisharp|Bisharp, F|16/100
|switch|p1a: gen1missbildung|Clefable, M|100/100
|-damage|p1a: gen1missbildung|88/100|[from] Stealth Rock
|
|-heal|p2a: Bisharp|22/100|[from] Grassy Terrain
|-heal|p1a: gen1missbildung|94/100|[from] Grassy Terrain
|-heal|p1a: gen1missbildung|99/100|[from] item: Leftovers
|-fieldend|move: Grassy Terrain
|upkeep
|turn|31
|
|t:|1626515338
|move|p2a: Bisharp|Iron Head|p1a: gen1missbildung
|-supereffective|p1a: gen1missbildung
|-damage|p1a: gen1missbildung|1/100
|-damage|p2a: Bisharp|12/100|[from] item: Life Orb
|move|p1a: gen1missbildung|Moonblast|p2a: Bisharp
|-damage|p2a: Bisharp|0 fnt
|faint|p2a: Bisharp
|
|-heal|p1a: gen1missbildung|7/100|[from] item: Leftovers
|upkeep
|
|t:|1626515357
|switch|p2a: Volcarona|Volcarona, M|100/100
|turn|32
|
|t:|1626515362
|move|p2a: Volcarona|Giga Drain|p1a: gen1missbildung
|-damage|p1a: gen1missbildung|0 fnt
|faint|p1a: gen1missbildung
|
|upkeep
|
|t:|1626515366
|switch|p1a: Lavametallviech|Heatran, F|59/100
|-damage|p1a: Lavametallviech|47/100|[from] Stealth Rock
|turn|33
|inactive|SMxVale has 90 seconds left.
|inactive|lt83aq gray has 120 seconds left.
|j| Maxance
|
|t:|1626515424
|switch|p2a: Garchomp|Garchomp, M|32/100
|move|p1a: Lavametallviech|Magma Storm|p2a: Garchomp
|-resisted|p2a: Garchomp
|-damage|p2a: Garchomp|8/100
|-activate|p2a: Garchomp|move: Magma Storm|[of] p1a: Lavametallviech
|
|-heal|p1a: Lavametallviech|53/100|[from] item: Leftovers
|-damage|p2a: Garchomp|0 fnt|[from] move: Magma Storm|[partiallytrapped]
|faint|p2a: Garchomp
|upkeep
|
|t:|1626515425
|switch|p2a: Cloyster|Cloyster, F|100/100
|turn|34
|
|t:|1626515440
|move|p2a: Cloyster|Rock Blast|p1a: Lavametallviech
|-damage|p1a: Lavametallviech|47/100
|-damage|p1a: Lavametallviech|40/100
|-damage|p1a: Lavametallviech|34/100
|-damage|p1a: Lavametallviech|27/100
|-damage|p1a: Lavametallviech|20/100
|-hitcount|p1a: Lavametallviech|5
|move|p1a: Lavametallviech|Magma Storm|p2a: Cloyster|[miss]
|-miss|p1a: Lavametallviech|p2a: Cloyster
|
|-heal|p1a: Lavametallviech|27/100|[from] item: Leftovers
|upkeep
|turn|35
|l| Maxance
|l| pirouette
|inactive|SMxVale has 90 seconds left.
|
|t:|1626515468
|switch|p1a: Straßenköter|Landorus-Therian, M|10/100
|-damage|p1a: Straßenköter|0 fnt|[from] Stealth Rock
|faint|p1a: Straßenköter
|move|p2a: Cloyster|Shell Smash|p2a: Cloyster
|-unboost|p2a: Cloyster|def|1
|-unboost|p2a: Cloyster|spd|1
|-boost|p2a: Cloyster|atk|2
|-boost|p2a: Cloyster|spa|2
|-boost|p2a: Cloyster|spe|2
|
|upkeep
|
|t:|1626515484
|switch|p1a: Kaulquappe|Dragapult, M|100/100
|-damage|p1a: Kaulquappe|88/100|[from] Stealth Rock
|turn|36
|
|t:|1626515488
|move|p2a: Cloyster|Icicle Spear|p1a: Kaulquappe
|-supereffective|p1a: Kaulquappe
|-damage|p1a: Kaulquappe|22/100
|-supereffective|p1a: Kaulquappe
|-damage|p1a: Kaulquappe|0 fnt
|faint|p1a: Kaulquappe
|-hitcount|p1: Kaulquappe|2
|
|upkeep
|-message|SMxVale forfeited.
|
|win|lt83aq gray
|raw|SMxVale's rating: 1696 &rarr; <strong>1684</strong><br />(-12 for losing)
|raw|lt83aq gray's rating: 1835 &rarr; <strong>1847</strong><br />(+12 for winning)
|l|☆SMxVale
|l|☆lt83aq gray
