|j|☆JoeyOwesMeMoney
|j|☆77food4mood
|player|p1|JoeyOwesMeMoney|170|1768
|player|p2|77food4mood|170|1551
|teamsize|p1|6
|teamsize|p2|6
|gametype|singles
|gen|8
|tier|[Gen 8] OU
|rated|
|html|<div class="broadcast-blue"><strong>OU is currently suspecting Dracovish! For information on how to participate check out the <a href="https://www.smogon.com/forums/threads/3664521/">suspect thread</a>.</strong></div>
|clearpoke
|poke|p1|Toxapex, F|
|poke|p1|Ferrothorn, F|
|poke|p1|Seismitoad, F|
|poke|p1|Tyranitar, F|
|poke|p1|Clefable, M|
|poke|p1|Corviknight, M|
|poke|p2|Kommo-o, M|
|poke|p2|Dragapult, F|
|poke|p2|Salazzle, F|
|poke|p2|Corviknight, M|
|poke|p2|Clefable, M|
|poke|p2|Toxapex, F|
|rule|Sleep Clause Mod: Limit one foe put to sleep
|rule|Species Clause: Limit one of each Pokémon
|rule|OHKO Clause: OHKO moves are banned
|rule|Evasion Moves Clause: Evasion moves are banned
|rule|Endless Battle Clause: Forcing endless battles is banned
|rule|HP Percentage Mod: HP is shown in percentages
|rule|Dynamax Clause: You cannot dynamax
|teampreview
|
|start
|switch|p1a: Toxapex|Toxapex, F|100/100
|switch|p2a: Salazzle|Salazzle, F|100/100
|turn|1
|
|move|p2a: Salazzle|Toxic|p1a: Toxapex
|-status|p1a: Toxapex|tox
|move|p1a: Toxapex|Knock Off|p2a: Salazzle
|-damage|p2a: Salazzle|73/100
|-enditem|p2a: Salazzle|Heavy-Duty Boots|[from] move: Knock Off|[of] p1a: Toxapex
|
|-damage|p1a: Toxapex|95/100 tox|[from] psn
|upkeep
|turn|2
|
|switch|p2a: Toxapex|Toxapex, F|100/100
|move|p1a: Toxapex|Scald|p2a: Toxapex
|-resisted|p2a: Toxapex
|-damage|p2a: Toxapex|94/100
|
|-heal|p2a: Toxapex|99/100|[from] item: Black Sludge
|-heal|p1a: Toxapex|100/100 tox|[from] item: Black Sludge
|-damage|p1a: Toxapex|89/100 tox|[from] psn
|upkeep
|turn|3
|
|move|p2a: Toxapex|Toxic Spikes|p1a: Toxapex
|-sidestart|p1: JoeyOwesMeMoney|move: Toxic Spikes
|move|p1a: Toxapex|Knock Off|p2a: Toxapex
|-damage|p2a: Toxapex|90/100
|-enditem|p2a: Toxapex|Black Sludge|[from] move: Knock Off|[of] p1a: Toxapex
|
|-heal|p1a: Toxapex|95/100 tox|[from] item: Black Sludge
|-damage|p1a: Toxapex|77/100 tox|[from] psn
|upkeep
|turn|4
|
|switch|p1a: Ferrothorn|Ferrothorn, F|100/100
|move|p2a: Toxapex|Toxic Spikes|p1a: Ferrothorn
|-sidestart|p1: JoeyOwesMeMoney|move: Toxic Spikes
|
|upkeep
|turn|5
|
|switch|p2a: Salazzle|Salazzle, F|73/100
|switch|p1a: Toxapex|Toxapex, F|100/100 tox
|-sideend|p1: JoeyOwesMeMoney|move: Toxic Spikes|[of] p1a: Toxapex
|
|-damage|p1a: Toxapex|95/100 tox|[from] psn
|upkeep
|turn|6
|
|switch|p2a: Toxapex|Toxapex, F|100/100
|move|p1a: Toxapex|Scald|p2a: Toxapex
|-resisted|p2a: Toxapex
|-damage|p2a: Toxapex|94/100
|
|-heal|p1a: Toxapex|100/100 tox|[from] item: Black Sludge
|-damage|p1a: Toxapex|89/100 tox|[from] psn
|upkeep
|turn|7
|
|switch|p1a: Clefable|Clefable, M|100/100
|move|p2a: Toxapex|Toxic Spikes|p1a: Clefable
|-sidestart|p1: JoeyOwesMeMoney|move: Toxic Spikes
|
|upkeep
|turn|8
|
|move|p1a: Clefable|Aromatherapy|p1a: Clefable
|-activate|p1a: Clefable|move: Aromatherapy
|-curestatus|p1: Toxapex|tox|[msg]
|move|p2a: Toxapex|Scald|p1a: Clefable
|-damage|p1a: Clefable|84/100
|
|-heal|p1a: Clefable|91/100|[from] item: Leftovers
|upkeep
|turn|9
|
|switch|p1a: Toxapex|Toxapex, F|100/100
|-sideend|p1: JoeyOwesMeMoney|move: Toxic Spikes|[of] p1a: Toxapex
|switch|p2a: Salazzle|Salazzle, F|73/100
|
|upkeep
|turn|10
|
|move|p2a: Salazzle|Toxic|p1a: Toxapex
|-status|p1a: Toxapex|tox
|move|p1a: Toxapex|Scald|p2a: Salazzle
|-supereffective|p2a: Salazzle
|-damage|p2a: Salazzle|11/100
|
|-damage|p1a: Toxapex|95/100 tox|[from] psn
|upkeep
|turn|11
|
|switch|p2a: Clefable|Clefable, M|100/100
|switch|p1a: Ferrothorn|Ferrothorn, F|100/100
|
|upkeep
|turn|12
|j| HeavenStar
|
|move|p2a: Clefable|Wish|p2a: Clefable
|move|p1a: Ferrothorn|Spikes|p2a: Clefable
|-sidestart|p2: 77food4mood|Spikes
|
|upkeep
|turn|13
|
|move|p1a: Ferrothorn|Knock Off|p2a: Clefable
|-resisted|p2a: Clefable
|-damage|p2a: Clefable|88/100
|-enditem|p2a: Clefable|Leftovers|[from] move: Knock Off|[of] p1a: Ferrothorn
|move|p2a: Clefable|Teleport|p2a: Clefable
|
|switch|p2a: Corviknight|Corviknight, M|100/100|[from]move: Teleport
|-ability|p2a: Corviknight|Pressure
|
|upkeep
|turn|14
|
|move|p2a: Corviknight|Defog|p1a: Ferrothorn
|-unboost|p1a: Ferrothorn|evasion|1
|-sideend|p2: 77food4mood|Spikes|[from] move: Defog|[of] p2a: Corviknight
|move|p1a: Ferrothorn|Knock Off|p2a: Corviknight
|-damage|p2a: Corviknight|87/100
|-enditem|p2a: Corviknight|Leftovers|[from] move: Knock Off|[of] p1a: Ferrothorn
|
|upkeep
|turn|15
|
|switch|p1a: Seismitoad|Seismitoad, F|100/100
|move|p2a: Corviknight|Body Press|p1a: Seismitoad
|-damage|p1a: Seismitoad|83/100
|
|-heal|p1a: Seismitoad|89/100|[from] item: Leftovers
|upkeep
|turn|16
|
|switch|p2a: Clefable|Clefable, M|88/100
|move|p1a: Seismitoad|Stealth Rock|p2a: Clefable
|-sidestart|p2: 77food4mood|move: Stealth Rock
|
|-heal|p1a: Seismitoad|95/100|[from] item: Leftovers
|upkeep
|turn|17
|
|switch|p1a: Clefable|Clefable, M|91/100
|move|p2a: Clefable|Wish|p2a: Clefable
|
|-heal|p1a: Clefable|97/100|[from] item: Leftovers
|upkeep
|turn|18
|
|switch|p2a: Corviknight|Corviknight, M|87/100
|-damage|p2a: Corviknight|75/100|[from] Stealth Rock
|-ability|p2a: Corviknight|Pressure
|move|p1a: Clefable|Aromatherapy|p1a: Clefable
|-activate|p1a: Clefable|move: Aromatherapy
|-curestatus|p1: Toxapex|tox|[msg]
|
|-heal|p2a: Corviknight|100/100|[from] move: Wish|[wisher] Clefable
|-heal|p1a: Clefable|100/100|[from] item: Leftovers
|upkeep
|turn|19
|
|switch|p1a: Seismitoad|Seismitoad, F|95/100
|move|p2a: Corviknight|Defog|p1a: Seismitoad
|-unboost|p1a: Seismitoad|evasion|1
|-sideend|p2: 77food4mood|Stealth Rock|[from] move: Defog|[of] p2a: Corviknight
|
|-heal|p1a: Seismitoad|100/100|[from] item: Leftovers
|upkeep
|turn|20
|
|switch|p2a: Toxapex|Toxapex, F|100/100
|move|p1a: Seismitoad|Stealth Rock|p2a: Toxapex
|-sidestart|p2: 77food4mood|move: Stealth Rock
|
|upkeep
|turn|21
|
|switch|p1a: Toxapex|Toxapex, F|100/100
|move|p2a: Toxapex|Toxic Spikes|p1a: Toxapex
|-sidestart|p1: JoeyOwesMeMoney|move: Toxic Spikes
|
|upkeep
|turn|22
|
|switch|p2a: Corviknight|Corviknight, M|100/100
|-damage|p2a: Corviknight|88/100|[from] Stealth Rock
|-ability|p2a: Corviknight|Pressure
|move|p1a: Toxapex|Scald|p2a: Corviknight
|-damage|p2a: Corviknight|71/100
|
|upkeep
|turn|23
|
|move|p2a: Corviknight|Defog|p1a: Toxapex
|-unboost|p1a: Toxapex|evasion|1
|-sideend|p1: JoeyOwesMeMoney|Toxic Spikes|[from] move: Defog|[of] p2a: Corviknight
|-sideend|p2: 77food4mood|Stealth Rock|[from] move: Defog|[of] p2a: Corviknight
|move|p1a: Toxapex|Scald|p2a: Corviknight
|-damage|p2a: Corviknight|55/100
|
|upkeep
|turn|24
|
|switch|p2a: Clefable|Clefable, M|88/100
|switch|p1a: Seismitoad|Seismitoad, F|100/100
|
|upkeep
|turn|25
|
|move|p1a: Seismitoad|Stealth Rock|p2a: Clefable
|-sidestart|p2: 77food4mood|move: Stealth Rock
|move|p2a: Clefable|Moonblast|p1a: Seismitoad
|-crit|p1a: Seismitoad
|-damage|p1a: Seismitoad|53/100
|
|-heal|p1a: Seismitoad|59/100|[from] item: Leftovers
|upkeep
|turn|26
|
|switch|p1a: Clefable|Clefable, M|100/100
|move|p2a: Clefable|Wish|p2a: Clefable
|
|upkeep
|turn|27
|
|move|p1a: Clefable|Wish|p1a: Clefable
|move|p2a: Clefable|Teleport|p2a: Clefable
|
|switch|p2a: Corviknight|Corviknight, M|55/100|[from]move: Teleport
|-damage|p2a: Corviknight|42/100|[from] Stealth Rock
|-ability|p2a: Corviknight|Pressure
|
|-heal|p2a: Corviknight|92/100|[from] move: Wish|[wisher] Clefable
|upkeep
|turn|28
|
|switch|p1a: Seismitoad|Seismitoad, F|59/100
|move|p2a: Corviknight|Defog|p1a: Seismitoad
|-unboost|p1a: Seismitoad|evasion|1
|-sideend|p2: 77food4mood|Stealth Rock|[from] move: Defog|[of] p2a: Corviknight
|
|-heal|p1a: Seismitoad|100/100|[from] move: Wish|[wisher] Clefable
|upkeep
|turn|29
|
|move|p2a: Corviknight|Brave Bird|p1a: Seismitoad
|-damage|p1a: Seismitoad|75/100
|-damage|p2a: Corviknight|83/100|[from] Recoil
|move|p1a: Seismitoad|Stealth Rock|p2a: Corviknight
|-sidestart|p2: 77food4mood|move: Stealth Rock
|
|-heal|p1a: Seismitoad|81/100|[from] item: Leftovers
|upkeep
|turn|30
|
|move|p2a: Corviknight|Defog|p1a: Seismitoad
|-unboost|p1a: Seismitoad|evasion|1
|-sideend|p2: 77food4mood|Stealth Rock|[from] move: Defog|[of] p2a: Corviknight
|move|p1a: Seismitoad|Scald|p2a: Corviknight
|-damage|p2a: Corviknight|59/100
|
|-heal|p1a: Seismitoad|87/100|[from] item: Leftovers
|upkeep
|turn|31
|
|switch|p2a: Clefable|Clefable, M|88/100
|move|p1a: Seismitoad|Stealth Rock|p2a: Clefable
|-sidestart|p2: 77food4mood|move: Stealth Rock
|
|-heal|p1a: Seismitoad|93/100|[from] item: Leftovers
|upkeep
|turn|32
|
|switch|p1a: Toxapex|Toxapex, F|100/100
|move|p2a: Clefable|Wish|p2a: Clefable
|
|upkeep
|turn|33
|
|move|p1a: Toxapex|Toxic Spikes|p2a: Clefable
|-sidestart|p2: 77food4mood|move: Toxic Spikes
|move|p2a: Clefable|Teleport|p2a: Clefable
|
|switch|p2a: Corviknight|Corviknight, M|59/100|[from]move: Teleport
|-damage|p2a: Corviknight|46/100|[from] Stealth Rock
|-ability|p2a: Corviknight|Pressure
|
|-heal|p2a: Corviknight|95/100|[from] move: Wish|[wisher] Clefable
|upkeep
|turn|34
|
|move|p2a: Corviknight|Defog|p1a: Toxapex
|-unboost|p1a: Toxapex|evasion|1
|-sideend|p2: 77food4mood|Toxic Spikes|[from] move: Defog|[of] p2a: Corviknight
|-sideend|p2: 77food4mood|Stealth Rock|[from] move: Defog|[of] p2a: Corviknight
|move|p1a: Toxapex|Scald|p2a: Corviknight
|-damage|p2a: Corviknight|80/100
|
|upkeep
|turn|35
|
|switch|p2a: Clefable|Clefable, M|88/100
|switch|p1a: Seismitoad|Seismitoad, F|93/100
|
|-heal|p1a: Seismitoad|99/100|[from] item: Leftovers
|upkeep
|turn|36
|
|move|p1a: Seismitoad|Stealth Rock|p2a: Clefable
|-sidestart|p2: 77food4mood|move: Stealth Rock
|move|p2a: Clefable|Moonblast|p1a: Seismitoad
|-damage|p1a: Seismitoad|66/100
|
|-heal|p1a: Seismitoad|72/100|[from] item: Leftovers
|upkeep
|turn|37
|
|switch|p1a: Toxapex|Toxapex, F|100/100
|move|p2a: Clefable|Teleport|p2a: Clefable
|
|switch|p2a: Corviknight|Corviknight, M|80/100|[from]move: Teleport
|-damage|p2a: Corviknight|67/100|[from] Stealth Rock
|-ability|p2a: Corviknight|Pressure
|
|upkeep
|turn|38
|
|move|p2a: Corviknight|Defog|p1a: Toxapex
|-unboost|p1a: Toxapex|evasion|1
|-sideend|p2: 77food4mood|Stealth Rock|[from] move: Defog|[of] p2a: Corviknight
|move|p1a: Toxapex|Scald|p2a: Corviknight
|-damage|p2a: Corviknight|51/100
|-status|p2a: Corviknight|brn
|
|-damage|p2a: Corviknight|44/100 brn|[from] brn
|upkeep
|turn|39
|
|switch|p1a: Seismitoad|Seismitoad, F|72/100
|move|p2a: Corviknight|Roost|p2a: Corviknight
|-heal|p2a: Corviknight|94/100 brn
|-singleturn|p2a: Corviknight|move: Roost
|
|-heal|p1a: Seismitoad|78/100|[from] item: Leftovers
|-damage|p2a: Corviknight|88/100 brn|[from] brn
|upkeep
|turn|40
|
|switch|p2a: Clefable|Clefable, M|88/100
|move|p1a: Seismitoad|Stealth Rock|p2a: Clefable
|-sidestart|p2: 77food4mood|move: Stealth Rock
|
|-heal|p1a: Seismitoad|84/100|[from] item: Leftovers
|upkeep
|turn|41
|
|switch|p1a: Ferrothorn|Ferrothorn, F|100/100
|move|p2a: Clefable|Teleport|p2a: Clefable
|
|switch|p2a: Corviknight|Corviknight, M|88/100 brn|[from]move: Teleport
|-damage|p2a: Corviknight|76/100 brn|[from] Stealth Rock
|-ability|p2a: Corviknight|Pressure
|
|-damage|p2a: Corviknight|69/100 brn|[from] brn
|upkeep
|turn|42
|
|move|p1a: Ferrothorn|Protect|p1a: Ferrothorn
|-singleturn|p1a: Ferrothorn|Protect
|move|p2a: Corviknight|Defog|p1a: Ferrothorn
|-activate|p1a: Ferrothorn|move: Protect
|
|-damage|p2a: Corviknight|63/100 brn|[from] brn
|upkeep
|turn|43
|
|move|p2a: Corviknight|Defog|p1a: Ferrothorn
|-unboost|p1a: Ferrothorn|evasion|1
|-sideend|p2: 77food4mood|Stealth Rock|[from] move: Defog|[of] p2a: Corviknight
|move|p1a: Ferrothorn|Leech Seed|p2a: Corviknight
|-start|p2a: Corviknight|move: Leech Seed
|
|-damage|p2a: Corviknight|51/100 brn|[from] Leech Seed|[of] p1a: Ferrothorn
|-damage|p2a: Corviknight|44/100 brn|[from] brn
|upkeep
|turn|44
|
|switch|p1a: Seismitoad|Seismitoad, F|84/100
|move|p2a: Corviknight|Roost|p2a: Corviknight
|-heal|p2a: Corviknight|94/100 brn
|-singleturn|p2a: Corviknight|move: Roost
|
|-heal|p1a: Seismitoad|90/100|[from] item: Leftovers
|-damage|p2a: Corviknight|82/100 brn|[from] Leech Seed|[of] p1a: Seismitoad
|-heal|p1a: Seismitoad|100/100|[silent]
|-damage|p2a: Corviknight|76/100 brn|[from] brn
|upkeep
|turn|45
|
|move|p2a: Corviknight|Roost|p2a: Corviknight
|-heal|p2a: Corviknight|100/100 brn
|-singleturn|p2a: Corviknight|move: Roost
|move|p1a: Seismitoad|Stealth Rock|p2a: Corviknight
|-sidestart|p2: 77food4mood|move: Stealth Rock
|
|-damage|p2a: Corviknight|88/100 brn|[from] Leech Seed|[of] p1a: Seismitoad
|-damage|p2a: Corviknight|82/100 brn|[from] brn
|upkeep
|turn|46
|
|move|p2a: Corviknight|Defog|p1a: Seismitoad
|-unboost|p1a: Seismitoad|evasion|1
|-sideend|p2: 77food4mood|Stealth Rock|[from] move: Defog|[of] p2a: Corviknight
|move|p1a: Seismitoad|Scald|p2a: Corviknight
|-damage|p2a: Corviknight|56/100 brn
|
|-damage|p2a: Corviknight|44/100 brn|[from] Leech Seed|[of] p1a: Seismitoad
|-damage|p2a: Corviknight|37/100 brn|[from] brn
|upkeep
|turn|47
|
|move|p2a: Corviknight|Roost|p2a: Corviknight
|-heal|p2a: Corviknight|87/100 brn
|-singleturn|p2a: Corviknight|move: Roost
|move|p1a: Seismitoad|Stealth Rock|p2a: Corviknight
|-sidestart|p2: 77food4mood|move: Stealth Rock
|
|-damage|p2a: Corviknight|75/100 brn|[from] Leech Seed|[of] p1a: Seismitoad
|-damage|p2a: Corviknight|69/100 brn|[from] brn
|upkeep
|turn|48
|
|move|p2a: Corviknight|Defog|p1a: Seismitoad
|-unboost|p1a: Seismitoad|evasion|1
|-sideend|p2: 77food4mood|Stealth Rock|[from] move: Defog|[of] p2a: Corviknight
|move|p1a: Seismitoad|Scald|p2a: Corviknight
|-damage|p2a: Corviknight|43/100 brn
|
|-damage|p2a: Corviknight|31/100 brn|[from] Leech Seed|[of] p1a: Seismitoad
|-damage|p2a: Corviknight|24/100 brn|[from] brn
|upkeep
|turn|49
|
|move|p2a: Corviknight|Roost|p2a: Corviknight
|-heal|p2a: Corviknight|74/100 brn
|-singleturn|p2a: Corviknight|move: Roost
|move|p1a: Seismitoad|Stealth Rock|p2a: Corviknight
|-sidestart|p2: 77food4mood|move: Stealth Rock
|
|-damage|p2a: Corviknight|62/100 brn|[from] Leech Seed|[of] p1a: Seismitoad
|-damage|p2a: Corviknight|56/100 brn|[from] brn
|upkeep
|turn|50
|
|move|p2a: Corviknight|Roost|p2a: Corviknight
|-heal|p2a: Corviknight|100/100 brn
|-singleturn|p2a: Corviknight|move: Roost
|move|p1a: Seismitoad|Scald|p2a: Corviknight
|-crit|p2a: Corviknight
|-damage|p2a: Corviknight|63/100 brn
|
|-damage|p2a: Corviknight|51/100 brn|[from] Leech Seed|[of] p1a: Seismitoad
|-damage|p2a: Corviknight|45/100 brn|[from] brn
|upkeep
|turn|51
|
|move|p2a: Corviknight|Roost|p2a: Corviknight
|-heal|p2a: Corviknight|95/100 brn
|-singleturn|p2a: Corviknight|move: Roost
|move|p1a: Seismitoad|Scald|p2a: Corviknight
|-damage|p2a: Corviknight|69/100 brn
|
|-damage|p2a: Corviknight|57/100 brn|[from] Leech Seed|[of] p1a: Seismitoad
|-damage|p2a: Corviknight|50/100 brn|[from] brn
|upkeep
|turn|52
|
|move|p2a: Corviknight|Roost|p2a: Corviknight
|-heal|p2a: Corviknight|99/100 brn
|-singleturn|p2a: Corviknight|move: Roost
|move|p1a: Seismitoad|Scald|p2a: Corviknight
|-damage|p2a: Corviknight|76/100 brn
|
|-damage|p2a: Corviknight|64/100 brn|[from] Leech Seed|[of] p1a: Seismitoad
|-damage|p2a: Corviknight|57/100 brn|[from] brn
|upkeep
|turn|53
|
|switch|p2a: Clefable|Clefable, M|88/100
|move|p1a: Seismitoad|Scald|p2a: Clefable
|-damage|p2a: Clefable|73/100
|
|upkeep
|turn|54
|
|switch|p1a: Ferrothorn|Ferrothorn, F|100/100
|move|p2a: Clefable|Teleport|p2a: Clefable
|
|switch|p2a: Corviknight|Corviknight, M|57/100 brn|[from]move: Teleport
|-damage|p2a: Corviknight|45/100 brn|[from] Stealth Rock
|-ability|p2a: Corviknight|Pressure
|
|-damage|p2a: Corviknight|39/100 brn|[from] brn
|upkeep
|turn|55
|
|move|p2a: Corviknight|Defog|p1a: Ferrothorn
|-unboost|p1a: Ferrothorn|evasion|1
|-sideend|p2: 77food4mood|Stealth Rock|[from] move: Defog|[of] p2a: Corviknight
|move|p1a: Ferrothorn|Leech Seed|p2a: Corviknight
|-start|p2a: Corviknight|move: Leech Seed
|
|-damage|p2a: Corviknight|26/100 brn|[from] Leech Seed|[of] p1a: Ferrothorn
|-damage|p2a: Corviknight|20/100 brn|[from] brn
|upkeep
|turn|56
|
|switch|p2a: Kommo-o|Kommo-o, M|100/100
|move|p1a: Ferrothorn|Spikes|p2a: Kommo-o
|-sidestart|p2: 77food4mood|Spikes
|
|upkeep
|turn|57
|
|switch|p1a: Clefable|Clefable, M|100/100
|move|p2a: Kommo-o|Stealth Rock|p1a: Clefable
|-sidestart|p1: JoeyOwesMeMoney|move: Stealth Rock
|
|upkeep
|turn|58
|
|switch|p2a: Corviknight|Corviknight, M|20/100 brn
|-ability|p2a: Corviknight|Pressure
|move|p1a: Clefable|Moonblast|p2a: Corviknight
|-resisted|p2a: Corviknight
|-damage|p2a: Corviknight|5/100 brn
|-unboost|p2a: Corviknight|spa|1
|
|-damage|p2a: Corviknight|0 fnt|[from] brn
|faint|p2a: Corviknight
|upkeep
|
|switch|p2a: Dragapult|Dragapult, F|100/100
|-damage|p2a: Dragapult|88/100|[from] Spikes
|turn|59
|
|switch|p2a: Toxapex|Toxapex, F|100/100
|-damage|p2a: Toxapex|88/100|[from] Spikes
|move|p1a: Clefable|Moonblast|p2a: Toxapex
|-resisted|p2a: Toxapex
|-damage|p2a: Toxapex|75/100
|-unboost|p2a: Toxapex|spa|1
|
|upkeep
|turn|60
|
|switch|p1a: Seismitoad|Seismitoad, F|100/100
|-damage|p1a: Seismitoad|94/100|[from] Stealth Rock
|move|p2a: Toxapex|Scald|p1a: Seismitoad
|-heal|p1a: Seismitoad|100/100|[from] ability: Water Absorb|[of] p2a: Toxapex
|
|upkeep
|turn|61
|
|move|p1a: Seismitoad|Stealth Rock|p2a: Toxapex
|-sidestart|p2: 77food4mood|move: Stealth Rock
|move|p2a: Toxapex|Toxic Spikes|p1a: Seismitoad
|-sidestart|p1: JoeyOwesMeMoney|move: Toxic Spikes
|
|upkeep
|turn|62
|
|switch|p1a: Ferrothorn|Ferrothorn, F|100/100
|-damage|p1a: Ferrothorn|95/100|[from] Stealth Rock
|switch|p2a: Salazzle|Salazzle, F|11/100
|-damage|p2a: Salazzle|0 fnt|[from] Spikes
|faint|p2a: Salazzle
|
|-heal|p1a: Ferrothorn|100/100|[from] item: Leftovers
|upkeep
|-message|77food4mood forfeited.
|
|win|JoeyOwesMeMoney
|raw|JoeyOwesMeMoney's rating: 1768 &rarr; <strong>1777</strong><br />(+9 for winning)
|raw|77food4mood's rating: 1551 &rarr; <strong>1542</strong><br />(-9 for losing)
|l|☆77food4mood
|l|☆JoeyOwesMeMoney
