|j|☆legitteambuilder
|j|☆Tiltproof Player
|t:|1616409864
|player|p1|legitteambuilder|lance|1802
|player|p2|Tiltproof Player|dawn-gen4pt|1766
|teamsize|p1|6
|teamsize|p2|6
|gametype|singles
|gen|8
|tier|[Gen 8] OU
|rated|
|clearpoke
|poke|p1|Heatran, M|
|poke|p1|Dragapult, M|
|poke|p1|Corviknight, F|
|poke|p1|Tapu Lele|
|poke|p1|Garchomp, M|
|poke|p1|Ferrothorn, F|
|poke|p2|Regieleki|
|poke|p2|Ferrothorn, F|
|poke|p2|Toxapex, M|
|poke|p2|Landorus-Therian, M|
|poke|p2|Dragapult, M|
|poke|p2|Kyurem|
|rule|Sleep Clause Mod: Limit one foe put to sleep
|rule|Species Clause: Limit one of each Pokémon
|rule|OHKO Clause: OHKO moves are banned
|rule|Evasion Moves Clause: Evasion moves are banned
|rule|Endless Battle Clause: Forcing endless battles is banned
|rule|HP Percentage Mod: HP is shown in percentages
|rule|Dynamax Clause: You cannot dynamax
|teampreview
|j| el ghato
|
|t:|1616409899
|start
|switch|p1a: Ferrothorn|Ferrothorn, F|100/100
|switch|p2a: Ferrothorn|Ferrothorn, F|100/100
|turn|1
|j| Capitan Amakna
|l| Capitan Amakna
|
|t:|1616409907
|move|p1a: Ferrothorn|Knock Off|p2a: Ferrothorn
|-damage|p2a: Ferrothorn|84/100
|-damage|p1a: Ferrothorn|88/100|[from] ability: Iron Barbs|[of] p2a: Ferrothorn
|-enditem|p2a: Ferrothorn|Shed Shell|[from] move: Knock Off|[of] p1a: Ferrothorn
|move|p2a: Ferrothorn|Knock Off|p1a: Ferrothorn
|-damage|p1a: Ferrothorn|75/100
|-damage|p2a: Ferrothorn|72/100|[from] ability: Iron Barbs|[of] p1a: Ferrothorn
|-enditem|p1a: Ferrothorn|Leftovers|[from] move: Knock Off|[of] p2a: Ferrothorn
|
|upkeep
|turn|2
|
|t:|1616409914
|move|p2a: Ferrothorn|Spikes|p1a: Ferrothorn
|-sidestart|p1: legitteambuilder|Spikes
|move|p1a: Ferrothorn|Spikes|p2a: Ferrothorn
|-sidestart|p2: Tiltproof Player|Spikes
|
|upkeep
|turn|3
|j| 123T
|
|t:|1616409923
|switch|p1a: phrog|Heatran, M, shiny|100/100
|-damage|p1a: phrog|88/100|[from] Spikes
|move|p2a: Ferrothorn|Leech Seed|p1a: phrog
|-start|p1a: phrog|move: Leech Seed
|
|-heal|p1a: phrog|94/100|[from] item: Leftovers
|-damage|p1a: phrog|82/100|[from] Leech Seed|[of] p2a: Ferrothorn
|-heal|p2a: Ferrothorn|83/100|[silent]
|upkeep
|turn|4
|j| Sacaen
|j| BabyPigsAreLaughin
|
|t:|1616409936
|switch|p2a: Kyurem|Kyurem|100/100
|-ability|p2a: Kyurem|Pressure
|move|p1a: phrog|Stealth Rock|p2a: Kyurem
|-sidestart|p2: Tiltproof Player|move: Stealth Rock
|
|-heal|p1a: phrog|88/100|[from] item: Leftovers
|-damage|p1a: phrog|76/100|[from] Leech Seed|[of] p2a: Kyurem
|upkeep
|turn|5
|
|t:|1616409951
|switch|p2a: Landorus|Landorus-Therian, M|100/100
|-damage|p2a: Landorus|88/100|[from] Stealth Rock
|-ability|p2a: Landorus|Intimidate|boost
|-unboost|p1a: phrog|atk|1
|switch|p1a: no zone pls :(|Corviknight, F, shiny|100/100
|-ability|p1a: no zone pls :(|Pressure
|
|-heal|p2a: Landorus|94/100|[from] item: Leftovers
|upkeep
|turn|6
|
|t:|1616409980
|move|p2a: Landorus|Stealth Rock|p1a: no zone pls :(
|-sidestart|p1: legitteambuilder|move: Stealth Rock
|move|p1a: no zone pls :(|U-turn|p2a: Landorus
|-resisted|p2a: Landorus
|-damage|p2a: Landorus|85/100
|
|t:|1616409984
|switch|p1a: Tapu Lele|Tapu Lele|100/100|[from]move: U-turn
|-damage|p1a: Tapu Lele|88/100|[from] Spikes
|-damage|p1a: Tapu Lele|76/100|[from] Stealth Rock
|-fieldstart|move: Psychic Terrain|[from] ability: Psychic Surge|[of] p1a: Tapu Lele
|
|-heal|p2a: Landorus|92/100|[from] item: Leftovers
|upkeep
|turn|7
|j| angrrry
|l| 123T
|j| Xjxjdjd
|inactive|Battle timer is ON: inactive players will automatically lose when time's up. (requested by legitteambuilder)
|
|t:|1616410028
|switch|p2a: Ferrothorn|Ferrothorn, F|83/100
|-damage|p2a: Ferrothorn|77/100|[from] Stealth Rock
|-damage|p2a: Ferrothorn|65/100|[from] Spikes
|move|p1a: Tapu Lele|Psychic|p2a: Ferrothorn
|-resisted|p2a: Ferrothorn
|-damage|p2a: Ferrothorn|34/100
|
|upkeep
|turn|8
|j| Trozian feel
|
|t:|1616410047
|switch|p1a: Ferrothorn|Ferrothorn, F|75/100
|-damage|p1a: Ferrothorn|63/100|[from] Spikes
|-damage|p1a: Ferrothorn|57/100|[from] Stealth Rock
|move|p2a: Ferrothorn|Iron Head|p1a: Ferrothorn
|-resisted|p1a: Ferrothorn
|-damage|p1a: Ferrothorn|49/100
|-damage|p2a: Ferrothorn|21/100|[from] ability: Iron Barbs|[of] p1a: Ferrothorn
|
|upkeep
|turn|9
|
|t:|1616410068
|move|p2a: Ferrothorn|Spikes|p1a: Ferrothorn
|-sidestart|p1: legitteambuilder|Spikes
|move|p1a: Ferrothorn|Spikes|p2a: Ferrothorn
|-sidestart|p2: Tiltproof Player|Spikes
|
|upkeep
|turn|10
|
|t:|1616410073
|move|p1a: Ferrothorn|Spikes|p2a: Ferrothorn
|-sidestart|p2: Tiltproof Player|Spikes
|move|p2a: Ferrothorn|Spikes|p1a: Ferrothorn
|-sidestart|p1: legitteambuilder|Spikes
|
|-fieldend|move: Psychic Terrain
|upkeep
|turn|11
|
|t:|1616410076
|move|p2a: Ferrothorn|Leech Seed|p1a: Ferrothorn
|-immune|p1a: Ferrothorn
|move|p1a: Ferrothorn|Leech Seed|p2a: Ferrothorn
|-immune|p2a: Ferrothorn
|
|upkeep
|turn|12
|
|t:|1616410080
|move|p1a: Ferrothorn|Leech Seed|p2a: Ferrothorn
|-immune|p2a: Ferrothorn
|move|p2a: Ferrothorn|Leech Seed|p1a: Ferrothorn
|-immune|p1a: Ferrothorn
|
|upkeep
|turn|13
|
|t:|1616410087
|move|p1a: Ferrothorn|Toxic|p2a: Ferrothorn
|-immune|p2a: Ferrothorn
|move|p2a: Ferrothorn|Leech Seed|p1a: Ferrothorn
|-immune|p1a: Ferrothorn
|
|upkeep
|turn|14
|
|t:|1616410111
|switch|p1a: Garchomp|Garchomp, M|100/100
|-damage|p1a: Garchomp|76/100|[from] Spikes
|-damage|p1a: Garchomp|69/100|[from] Stealth Rock
|move|p2a: Ferrothorn|Leech Seed|p1a: Garchomp
|-start|p1a: Garchomp|move: Leech Seed
|
|-damage|p1a: Garchomp|57/100|[from] Leech Seed|[of] p2a: Ferrothorn
|-heal|p2a: Ferrothorn|34/100|[silent]
|upkeep
|turn|15
|inactive|Tiltproof Player has 120 seconds left.
|
|t:|1616410143
|switch|p1a: Tapu Lele|Tapu Lele|76/100
|-damage|p1a: Tapu Lele|63/100|[from] Stealth Rock
|-damage|p1a: Tapu Lele|38/100|[from] Spikes
|-fieldstart|move: Psychic Terrain|[from] ability: Psychic Surge|[of] p1a: Tapu Lele
|switch|p2a: Landorus|Landorus-Therian, M|92/100
|-damage|p2a: Landorus|79/100|[from] Stealth Rock
|-ability|p2a: Landorus|Intimidate|boost
|-unboost|p1a: Tapu Lele|atk|1
|
|-heal|p2a: Landorus|85/100|[from] item: Leftovers
|upkeep
|turn|16
|
|t:|1616410150
|switch|p2a: Ferrothorn|Ferrothorn, F|34/100
|-damage|p2a: Ferrothorn|28/100|[from] Stealth Rock
|-damage|p2a: Ferrothorn|3/100|[from] Spikes
|move|p1a: Tapu Lele|Psychic|p2a: Ferrothorn
|-resisted|p2a: Ferrothorn
|-damage|p2a: Ferrothorn|0 fnt
|faint|p2a: Ferrothorn
|
|upkeep
|
|t:|1616410159
|switch|p2a: Regieleki|Regieleki|100/100
|turn|17
|
|t:|1616410163
|move|p2a: Regieleki|Thunderbolt|p1a: Tapu Lele
|-damage|p1a: Tapu Lele|0 fnt
|faint|p1a: Tapu Lele
|
|upkeep
|
|t:|1616410170
|switch|p1a: draga deez nuts|Dragapult, M, shiny|100/100
|-damage|p1a: draga deez nuts|88/100|[from] Stealth Rock
|-damage|p1a: draga deez nuts|63/100|[from] Spikes
|turn|18
|
|t:|1616410174
|move|p1a: draga deez nuts|Draco Meteor|p2a: Regieleki|[miss]
|-miss|p1a: draga deez nuts|p2a: Regieleki
|move|p2a: Regieleki|Volt Switch|p1a: draga deez nuts
|-resisted|p1a: draga deez nuts
|-damage|p1a: draga deez nuts|31/100
|
|t:|1616410178
|switch|p2a: Toxapex|Toxapex, M|100/100|[from]move: Volt Switch
|-damage|p2a: Toxapex|88/100|[from] Stealth Rock
|-damage|p2a: Toxapex|64/100|[from] Spikes
|
|upkeep
|turn|19
|
|t:|1616410184
|switch|p1a: Ferrothorn|Ferrothorn, F|49/100
|-damage|p1a: Ferrothorn|43/100|[from] Stealth Rock
|-damage|p1a: Ferrothorn|18/100|[from] Spikes
|move|p2a: Toxapex|Knock Off|p1a: Ferrothorn
|-damage|p1a: Ferrothorn|12/100
|-damage|p2a: Toxapex|51/100|[from] ability: Iron Barbs|[of] p1a: Ferrothorn
|
|-fieldend|move: Psychic Terrain
|upkeep
|turn|20
|
|t:|1616410198
|switch|p2a: Dragapult|Dragapult, M|100/100
|move|p1a: Ferrothorn|Leech Seed|p2a: Dragapult
|-start|p2a: Dragapult|move: Leech Seed
|
|-damage|p2a: Dragapult|88/100|[from] Leech Seed|[of] p1a: Ferrothorn
|-heal|p1a: Ferrothorn|23/100|[silent]
|upkeep
|turn|21
|
|t:|1616410206
|move|p2a: Dragapult|Flamethrower|p1a: Ferrothorn
|-supereffective|p1a: Ferrothorn
|-damage|p1a: Ferrothorn|0 fnt
|faint|p1a: Ferrothorn
|
|upkeep
|
|t:|1616410209
|switch|p1a: no zone pls :(|Corviknight, F, shiny|100/100
|-damage|p1a: no zone pls :(|88/100|[from] Stealth Rock
|-ability|p1a: no zone pls :(|Pressure
|turn|22
|
|t:|1616410214
|move|p2a: Dragapult|U-turn|p1a: no zone pls :(
|-resisted|p1a: no zone pls :(
|-damage|p1a: no zone pls :(|84/100
|
|t:|1616410218
|switch|p2a: Landorus|Landorus-Therian, M|85/100|[from]move: U-turn
|-damage|p2a: Landorus|73/100|[from] Stealth Rock
|-ability|p2a: Landorus|Intimidate|boost
|-unboost|p1a: no zone pls :(|atk|1
|move|p1a: no zone pls :(|Defog|p2a: Landorus
|-unboost|p2a: Landorus|evasion|1
|-sideend|p2: Tiltproof Player|Spikes|[from] move: Defog|[of] p1a: no zone pls :(
|-sideend|p2: Tiltproof Player|Stealth Rock|[from] move: Defog|[of] p1a: no zone pls :(
|-sideend|p1: legitteambuilder|Spikes|[from] move: Defog|[of] p1a: no zone pls :(
|-sideend|p1: legitteambuilder|Stealth Rock|[from] move: Defog|[of] p1a: no zone pls :(
|
|-heal|p2a: Landorus|79/100|[from] item: Leftovers
|-heal|p1a: no zone pls :(|91/100|[from] item: Leftovers
|upkeep
|turn|23
|
|t:|1616410222
|move|p2a: Landorus|Knock Off|p1a: no zone pls :(
|-damage|p1a: no zone pls :(|66/100
|-enditem|p1a: no zone pls :(|Leftovers|[from] move: Knock Off|[of] p2a: Landorus
|move|p1a: no zone pls :(|U-turn|p2a: Landorus
|-resisted|p2a: Landorus
|-damage|p2a: Landorus|74/100
|
|t:|1616410234
|switch|p1a: draga deez nuts|Dragapult, M, shiny|31/100|[from]move: U-turn
|
|-heal|p2a: Landorus|80/100|[from] item: Leftovers
|upkeep
|turn|24
|
|t:|1616410238
|move|p1a: draga deez nuts|U-turn|p2a: Landorus
|-resisted|p2a: Landorus
|-damage|p2a: Landorus|69/100
|
|t:|1616410240
|switch|p1a: no zone pls :(|Corviknight, F, shiny|66/100|[from]move: U-turn
|-ability|p1a: no zone pls :(|Pressure
|move|p2a: Landorus|Stealth Rock|p1a: no zone pls :(
|-sidestart|p1: legitteambuilder|move: Stealth Rock
|
|-heal|p2a: Landorus|76/100|[from] item: Leftovers
|upkeep
|turn|25
|j| Large_Rodent
|
|t:|1616410251
|switch|p2a: Dragapult|Dragapult, M|88/100
|move|p1a: no zone pls :(|Defog|p2a: Dragapult
|-unboost|p2a: Dragapult|evasion|1
|-sideend|p1: legitteambuilder|Stealth Rock|[from] move: Defog|[of] p1a: no zone pls :(
|
|upkeep
|turn|26
|
|t:|1616410255
|move|p2a: Dragapult|Shadow Ball|p1a: no zone pls :(
|-damage|p1a: no zone pls :(|41/100
|move|p1a: no zone pls :(|Roost|p1a: no zone pls :(
|-heal|p1a: no zone pls :(|91/100
|-singleturn|p1a: no zone pls :(|move: Roost
|
|upkeep
|turn|27
|
|t:|1616410259
|move|p2a: Dragapult|Shadow Ball|p1a: no zone pls :(
|-damage|p1a: no zone pls :(|66/100
|move|p1a: no zone pls :(|U-turn|p2a: Dragapult
|-resisted|p2a: Dragapult
|-damage|p2a: Dragapult|77/100
|
|t:|1616410263
|switch|p1a: draga deez nuts|Dragapult, M, shiny|31/100|[from]move: U-turn
|
|upkeep
|turn|28
|j| Zoosman
|
|t:|1616410266
|switch|p2a: Toxapex|Toxapex, M|85/100
|move|p1a: draga deez nuts|Shadow Ball|p2a: Toxapex
|-damage|p2a: Toxapex|62/100
|
|upkeep
|turn|29
|c| Zoosman|yo guys
|
|t:|1616410275
|switch|p1a: Garchomp|Garchomp, M|57/100
|move|p2a: Toxapex|Knock Off|p1a: Garchomp
|-damage|p1a: Garchomp|41/100
|-damage|p2a: Toxapex|49/100|[from] ability: Rough Skin|[of] p1a: Garchomp
|-enditem|p1a: Garchomp|Life Orb|[from] move: Knock Off|[of] p2a: Toxapex
|
|upkeep
|turn|30
|
|t:|1616410281
|switch|p2a: Landorus|Landorus-Therian, M|76/100
|-ability|p2a: Landorus|Intimidate|boost
|-unboost|p1a: Garchomp|atk|1
|move|p1a: Garchomp|Swords Dance|p1a: Garchomp
|-boost|p1a: Garchomp|atk|2
|
|-heal|p2a: Landorus|82/100|[from] item: Leftovers
|upkeep
|turn|31
|
|t:|1616410285
|move|p2a: Landorus|Earthquake|p1a: Garchomp
|-damage|p1a: Garchomp|0 fnt
|faint|p1a: Garchomp
|
|-heal|p2a: Landorus|88/100|[from] item: Leftovers
|upkeep
|-message|legitteambuilder forfeited.
|
|win|Tiltproof Player
|raw|legitteambuilder's rating: 1802 &rarr; <strong>1780</strong><br />(-22 for losing)
|raw|Tiltproof Player's rating: 1766 &rarr; <strong>1788</strong><br />(+22 for winning)
|l|☆legitteambuilder
