|j|☆HollowJaden
|j|☆Justin UA
|t:|1630880085
|gametype|singles
|player|p1|HollowJaden|gambler|1400
|player|p2|Justin UA|ethan|1419
|teamsize|p1|6
|teamsize|p2|6
|gen|8
|tier|[Gen 8] OU
|rated|
|rule|Sleep Clause Mod: Limit one foe put to sleep
|rule|Species Clause: Limit one of each Pokémon
|rule|OHKO Clause: OHKO moves are banned
|rule|Evasion Moves Clause: Evasion moves are banned
|rule|Endless Battle Clause: Forcing endless battles is banned
|rule|HP Percentage Mod: HP is shown in percentages
|rule|Dynamax Clause: You cannot dynamax
|clearpoke
|poke|p1|Thundurus-Therian, M|
|poke|p1|Ninetales-Alola, F|
|poke|p1|Arctozolt|
|poke|p1|Tapu Fini|
|poke|p1|Landorus-Therian, M|
|poke|p1|Scizor, M|
|poke|p2|Garchomp, F|
|poke|p2|Tapu Lele|
|poke|p2|Corviknight, F|
|poke|p2|Blissey, F|
|poke|p2|Heatran, M|
|poke|p2|Dragapult, M|
|teampreview
|inactive|Battle timer is ON: inactive players will automatically lose when time's up. (requested by Justin UA)
|
|t:|1630880116
|start
|switch|p1a: Philomena|Ninetales-Alola, F|100/100
|switch|p2a: Tapu Lele|Tapu Lele|100/100
|-weather|Hail|[from] ability: Snow Warning|[of] p1a: Philomena
|-fieldstart|move: Psychic Terrain|[from] ability: Psychic Surge|[of] p2a: Tapu Lele
|turn|1
|
|t:|1630880125
|move|p1a: Philomena|Aurora Veil|p1a: Philomena
|-sidestart|p1: HollowJaden|move: Aurora Veil
|move|p2a: Tapu Lele|Psychic|p1a: Philomena
|-damage|p1a: Philomena|44/100
|
|-weather|Hail|[upkeep]
|-damage|p2a: Tapu Lele|94/100|[from] Hail
|upkeep
|turn|2
|
|t:|1630880136
|switch|p1a: Scizor|Scizor, M|100/100
|move|p2a: Tapu Lele|Psychic|p1a: Scizor
|-resisted|p1a: Scizor
|-damage|p1a: Scizor|78/100
|
|-weather|Hail|[upkeep]
|-damage|p2a: Tapu Lele|88/100|[from] Hail
|-damage|p1a: Scizor|72/100|[from] Hail
|upkeep
|turn|3
|
|t:|1630880145
|switch|p2a: Garchomp|Garchomp, F|100/100
|move|p1a: Scizor|U-turn|p2a: Garchomp
|-damage|p2a: Garchomp|79/100
|-damage|p1a: Scizor|59/100|[from] ability: Rough Skin|[of] p2a: Garchomp
|-damage|p1a: Scizor|43/100|[from] item: Rocky Helmet|[of] p2a: Garchomp
|
|t:|1630880151
|switch|p1a: Arctozolt|Arctozolt|100/100|[from]move: U-turn
|
|-weather|Hail|[upkeep]
|-damage|p2a: Garchomp|73/100|[from] Hail
|upkeep
|turn|4
|
|t:|1630880165
|switch|p2a: Corviknight|Corviknight, F|100/100
|-ability|p2a: Corviknight|Pressure
|move|p1a: Arctozolt|Bolt Beak|p2a: Corviknight
|-supereffective|p2a: Corviknight
|-damage|p2a: Corviknight|18/100
|-damage|p1a: Arctozolt|84/100|[from] item: Rocky Helmet|[of] p2a: Corviknight
|
|-weather|Hail|[upkeep]
|-damage|p2a: Corviknight|12/100|[from] Hail
|upkeep
|turn|5
|
|t:|1630880175
|move|p1a: Arctozolt|Blizzard|p2a: Corviknight
|-damage|p2a: Corviknight|0 fnt
|faint|p2a: Corviknight
|
|-weather|Hail|[upkeep]
|-sideend|p1: HollowJaden|move: Aurora Veil
|-fieldend|move: Psychic Terrain
|upkeep
|inactive|Justin UA has 120 seconds left.
|
|t:|1630880222
|switch|p2a: Tapu Lele|Tapu Lele|88/100
|-fieldstart|move: Psychic Terrain|[from] ability: Psychic Surge|[of] p2a: Tapu Lele
|turn|6
|
|t:|1630880228
|move|p1a: Arctozolt|Bolt Beak|p2a: Tapu Lele
|-damage|p2a: Tapu Lele|0 fnt
|faint|p2a: Tapu Lele
|
|-weather|Hail|[upkeep]
|upkeep
|
|t:|1630880240
|switch|p2a: Dragapult|Dragapult, M, shiny|100/100
|turn|7
|
|t:|1630880244
|switch|p2a: Blissey|Blissey, F|100/100
|move|p1a: Arctozolt|Blizzard|p2a: Blissey
|-damage|p2a: Blissey|87/100
|
|-weather|Hail|[upkeep]
|-damage|p2a: Blissey|81/100|[from] Hail
|upkeep
|turn|8
|
|t:|1630880252
|switch|p2a: Garchomp|Garchomp, F|73/100
|move|p1a: Arctozolt|Blizzard|p2a: Garchomp
|-supereffective|p2a: Garchomp
|-crit|p2a: Garchomp
|-damage|p2a: Garchomp|0 fnt
|faint|p2a: Garchomp
|
|-weather|none
|upkeep
|
|t:|1630880259
|switch|p2a: Dragapult|Dragapult, M, shiny|100/100
|turn|9
|c|☆HollowJaden|te falta calle
|
|t:|1630880269
|switch|p1a: Tapu Fini|Tapu Fini, shiny|100/100
|-fieldstart|move: Misty Terrain|[from] ability: Misty Surge|[of] p1a: Tapu Fini
|move|p2a: Dragapult|Shadow Ball|p1a: Tapu Fini
|-damage|p1a: Tapu Fini|55/100
|
|upkeep
|turn|10
|
|t:|1630880289
|switch|p1a: Philomena|Ninetales-Alola, F|44/100
|-weather|Hail|[from] ability: Snow Warning|[of] p1a: Philomena
|switch|p2a: Blissey|Blissey, F|81/100
|
|-weather|Hail|[upkeep]
|-damage|p2a: Blissey|75/100|[from] Hail
|upkeep
|turn|11
|
|t:|1630880297
|move|p1a: Philomena|Hypnosis|p2a: Blissey
|-activate|p2a: Blissey|move: Misty Terrain
|move|p2a: Blissey|Seismic Toss|p1a: Philomena
|-damage|p1a: Philomena|10/100
|
|-weather|Hail|[upkeep]
|-damage|p2a: Blissey|69/100|[from] Hail
|upkeep
|turn|12
|
|t:|1630880302
|switch|p1a: Arctozolt|Arctozolt|84/100
|move|p2a: Blissey|Seismic Toss|p1a: Arctozolt
|-damage|p1a: Arctozolt|53/100
|
|-weather|Hail|[upkeep]
|-damage|p2a: Blissey|63/100|[from] Hail
|upkeep
|turn|13
|
|t:|1630880310
|move|p1a: Arctozolt|Bolt Beak|p2a: Blissey
|-damage|p2a: Blissey|0 fnt
|faint|p2a: Blissey
|
|-weather|Hail|[upkeep]
|-fieldend|Misty Terrain
|upkeep
|
|t:|1630880315
|switch|p2a: Heatran|Heatran, M|100/100
|turn|14
|
|t:|1630880320
|switch|p1a: Landorus|Landorus-Therian, M|100/100
|-ability|p1a: Landorus|Intimidate|boost
|-unboost|p2a: Heatran|atk|1
|move|p2a: Heatran|Earth Power|p1a: Landorus
|-immune|p1a: Landorus
|
|-weather|Hail|[upkeep]
|-damage|p1a: Landorus|94/100|[from] Hail
|-damage|p2a: Heatran|94/100|[from] Hail
|-heal|p1a: Landorus|100/100|[from] item: Leftovers
|-heal|p2a: Heatran|100/100|[from] item: Leftovers
|upkeep
|turn|15
|
|t:|1630880327
|switch|p2a: Dragapult|Dragapult, M, shiny|100/100
|move|p1a: Landorus|Knock Off|p2a: Dragapult
|-supereffective|p2a: Dragapult
|-damage|p2a: Dragapult|11/100
|-enditem|p2a: Dragapult|Choice Specs|[from] move: Knock Off|[of] p1a: Landorus
|
|-weather|Hail|[upkeep]
|-damage|p2a: Dragapult|5/100|[from] Hail
|-damage|p1a: Landorus|94/100|[from] Hail
|-heal|p1a: Landorus|100/100|[from] item: Leftovers
|upkeep
|turn|16
|
|t:|1630880333
|move|p2a: Dragapult|Shadow Ball|p1a: Landorus
|-damage|p1a: Landorus|69/100
|move|p1a: Landorus|Earthquake|p2a: Dragapult
|-damage|p2a: Dragapult|0 fnt
|faint|p2a: Dragapult
|
|-weather|Hail|[upkeep]
|-damage|p1a: Landorus|63/100|[from] Hail
|-heal|p1a: Landorus|69/100|[from] item: Leftovers
|upkeep
|c|☆HollowJaden|gg
|-message|Justin UA forfeited.
|
|win|HollowJaden
|raw|HollowJaden's rating: 1400 &rarr; <strong>1421</strong><br />(+21 for winning)
|raw|Justin UA's rating: 1419 &rarr; <strong>1398</strong><br />(-21 for losing)
|l|☆Justin UA
||Ladder isn't responding, score probably updated but might not have (Request timeout).
