|raw|<div class="broadcast-blue"><strong>This battle is required to be public due to a player having a name starting with 'lt92pf'.</div>
|j|☆LT92PFMimikyuStarD
|j|☆dmt dreams
|t:|1659617264
|gametype|singles
|player|p1|LT92PFMimikyuStarD|#mimikyustardust|1778
|player|p2|dmt dreams|byron|1989
|teamsize|p1|6
|teamsize|p2|6
|gen|8
|tier|[Gen 8] OU
|rated|
|rule|Sleep Clause Mod: Limit one foe put to sleep
|rule|Species Clause: Limit one of each Pokémon
|rule|OHKO Clause: OHKO moves are banned
|rule|Evasion Items Clause: Evasion items are banned
|rule|Evasion Moves Clause: Evasion moves are banned
|rule|Endless Battle Clause: Forcing endless battles is banned
|rule|HP Percentage Mod: HP is shown in percentages
|rule|Dynamax Clause: You cannot dynamax
|clearpoke
|poke|p1|Pelipper, F|
|poke|p1|Barraskewda, F|
|poke|p1|Regieleki|
|poke|p1|Tapu Lele|
|poke|p1|Landorus-Therian, M|
|poke|p1|Ferrothorn, F|
|poke|p2|Ninetales-Alola, M|
|poke|p2|Heatran, M|
|poke|p2|Landorus-Therian, M|
|poke|p2|Arctozolt|
|poke|p2|Keldeo-Resolute|
|poke|p2|Dragapult, M|
|teampreview
|c|☆LT92PFMimikyuStarD|o hf
|c|☆dmt dreams|u2
|j| Cocomelon Esports
|c|☆LT92PFMimikyuStarD|keld hail, havent thought of that yet
|j| Confusien
|c|☆dmt dreams|I've gotten +6 a game for like the past 10 games
|c|☆LT92PFMimikyuStarD|damn rip
|c|☆dmt dreams|after olt ended the high ladder went extinct
|c|☆LT92PFMimikyuStarD|oh wow ur high up
|j| tarallomania
|
|t:|1659617306
|start
|switch|p1a: Lando Calrissian|Landorus-Therian, M|100/100
|switch|p2a: Chaos|Heatran, M, shiny|100/100
|-ability|p1a: Lando Calrissian|Intimidate|boost
|-unboost|p2a: Chaos|atk|1
|-item|p2a: Chaos|Air Balloon
|turn|1
|j| LT92PF Drift
|
|t:|1659617311
|move|p1a: Lando Calrissian|Stealth Rock|p2a: Chaos
|-sidestart|p2: dmt dreams|move: Stealth Rock
|move|p2a: Chaos|Stealth Rock|p1a: Lando Calrissian
|-sidestart|p1: LT92PFMimikyuStarD|move: Stealth Rock
|
|upkeep
|turn|2
|
|t:|1659617314
|move|p1a: Lando Calrissian|Knock Off|p2a: Chaos
|-damage|p2a: Chaos|82/100
|-enditem|p2a: Chaos|Air Balloon
|move|p2a: Chaos|Magma Storm|p1a: Lando Calrissian
|-damage|p1a: Lando Calrissian|66/100
|-activate|p1a: Lando Calrissian|move: Magma Storm|[of] p2a: Chaos
|
|-heal|p1a: Lando Calrissian|72/100|[from] item: Leftovers
|-damage|p1a: Lando Calrissian|60/100|[from] move: Magma Storm|[partiallytrapped]
|upkeep
|turn|3
|j| Nylez
|j| I M prad yt
|
|t:|1659617320
|move|p2a: Chaos|Protect|p2a: Chaos
|-singleturn|p2a: Chaos|Protect
|move|p1a: Lando Calrissian|Earthquake|p2a: Chaos
|-activate|p2a: Chaos|move: Protect
|
|-heal|p1a: Lando Calrissian|66/100|[from] item: Leftovers
|-damage|p1a: Lando Calrissian|53/100|[from] move: Magma Storm|[partiallytrapped]
|upkeep
|turn|4
|j| dragonitenb
|
|t:|1659617324
|move|p1a: Lando Calrissian|U-turn|p2a: Chaos
|-resisted|p2a: Chaos
|-damage|p2a: Chaos|79/100
|j| LT92PF Luna
|
|t:|1659617326
|switch|p1a: Pelipprime|Pelipper, F|100/100|[from]move: U-turn
|-damage|p1a: Pelipprime|76/100|[from] Stealth Rock
|-weather|RainDance|[from] ability: Drizzle|[of] p1a: Pelipprime
|move|p2a: Chaos|Magma Storm|p1a: Pelipprime
|-resisted|p1a: Pelipprime
|-damage|p1a: Pelipprime|58/100
|-activate|p1a: Pelipprime|move: Magma Storm|[of] p2a: Chaos
|
|-weather|RainDance|[upkeep]
|-damage|p1a: Pelipprime|45/100|[from] move: Magma Storm|[partiallytrapped]
|upkeep
|turn|5
|
|t:|1659617329
|move|p2a: Chaos|Protect|p2a: Chaos
|-singleturn|p2a: Chaos|Protect
|move|p1a: Pelipprime|Surf|p2a: Chaos
|-activate|p2a: Chaos|move: Protect
|
|-weather|RainDance|[upkeep]
|-damage|p1a: Pelipprime|33/100|[from] move: Magma Storm|[partiallytrapped]
|upkeep
|turn|6
|j| Triple Se7en
|j| Seleukus
|j| lt92pf blrub
|
|t:|1659617333
|move|p2a: Chaos|Protect||[still]
|-fail|p2a: Chaos
|move|p1a: Pelipprime|Surf|p2a: Chaos
|-supereffective|p2a: Chaos
|-damage|p2a: Chaos|0 fnt
|faint|p2a: Chaos
|
|-weather|RainDance|[upkeep]
|-end|p1a: Pelipprime|Magma Storm|[partiallytrapped]|[silent]
|upkeep
|
|t:|1659617337
|switch|p2a: Poseidon-Blade|Keldeo-Resolute|100/100
|-damage|p2a: Poseidon-Blade|94/100|[from] Stealth Rock
|turn|7
|j| LT92PF RL
|j| Vtfggybhy
|
|t:|1659617355
|switch|p1a: Lando Calrissian|Landorus-Therian, M|53/100
|-damage|p1a: Lando Calrissian|41/100|[from] Stealth Rock
|-ability|p1a: Lando Calrissian|Intimidate|boost
|-unboost|p2a: Poseidon-Blade|atk|1
|move|p2a: Poseidon-Blade|Substitute|p2a: Poseidon-Blade
|-start|p2a: Poseidon-Blade|Substitute
|-damage|p2a: Poseidon-Blade|70/100
|
|-weather|RainDance|[upkeep]
|-heal|p2a: Poseidon-Blade|76/100|[from] item: Leftovers
|-heal|p1a: Lando Calrissian|47/100|[from] item: Leftovers
|upkeep
|turn|8
|j| xasah❤bae
|j| Congwuyu
|
|t:|1659617358
|switch|p1a: Ferro Thornberry|Ferrothorn, F|100/100
|-damage|p1a: Ferro Thornberry|94/100|[from] Stealth Rock
|move|p2a: Poseidon-Blade|Scald|p1a: Ferro Thornberry
|-resisted|p1a: Ferro Thornberry
|-damage|p1a: Ferro Thornberry|74/100
|
|-weather|none
|-heal|p2a: Poseidon-Blade|82/100|[from] item: Leftovers
|-heal|p1a: Ferro Thornberry|81/100|[from] item: Leftovers
|upkeep
|turn|9
|
|t:|1659617361
|switch|p1a: Regieleki|Regieleki|100/100
|move|p2a: Poseidon-Blade|Secret Sword|p1a: Regieleki
|-damage|p1a: Regieleki|13/100
|
|-heal|p2a: Poseidon-Blade|88/100|[from] item: Leftovers
|upkeep
|turn|10
|j| Trannos
|j| crosschampion
|j| zozb
|
|t:|1659617366
|move|p1a: Regieleki|Rapid Spin|p2a: Poseidon-Blade
|-activate|p2a: Poseidon-Blade|move: Substitute|[damage]
|-sideend|p1: LT92PFMimikyuStarD|Stealth Rock|[from] move: Rapid Spin|[of] p1a: Regieleki
|-boost|p1a: Regieleki|spe|1
|move|p2a: Poseidon-Blade|Scald|p1a: Regieleki
|-damage|p1a: Regieleki|0 fnt
|faint|p1a: Regieleki
|
|-heal|p2a: Poseidon-Blade|94/100|[from] item: Leftovers
|upkeep
|
|t:|1659617368
|switch|p1a: Tapu Lele Pons|Tapu Lele|100/100
|-fieldstart|move: Psychic Terrain|[from] ability: Psychic Surge|[of] p1a: Tapu Lele Pons
|turn|11
|l| zozb
|j| LT92PF pokemh
|
|t:|1659617370
|move|p1a: Tapu Lele Pons|Psyshock|p2a: Poseidon-Blade
|-supereffective|p2a: Poseidon-Blade
|-end|p2a: Poseidon-Blade|Substitute
|move|p2a: Poseidon-Blade|Scald|p1a: Tapu Lele Pons
|-damage|p1a: Tapu Lele Pons|54/100
|-status|p1a: Tapu Lele Pons|brn
|
|-heal|p2a: Poseidon-Blade|100/100|[from] item: Leftovers
|-damage|p1a: Tapu Lele Pons|47/100 brn|[from] brn
|upkeep
|turn|12
|j| LT92PF gostop
|
|t:|1659617375
|switch|p2a: Enten|Landorus-Therian, M, shiny|100/100
|-damage|p2a: Enten|88/100|[from] Stealth Rock
|-ability|p2a: Enten|Intimidate|boost
|-unboost|p1a: Tapu Lele Pons|atk|1
|move|p1a: Tapu Lele Pons|Psyshock|p2a: Enten
|-damage|p2a: Enten|31/100
|
|-heal|p2a: Enten|38/100|[from] item: Leftovers
|-damage|p1a: Tapu Lele Pons|41/100 brn|[from] brn
|upkeep
|turn|13
|
|t:|1659617379
|move|p1a: Tapu Lele Pons|Psyshock|p2a: Enten
|-damage|p2a: Enten|0 fnt
|faint|p2a: Enten
|
|-damage|p1a: Tapu Lele Pons|35/100 brn|[from] brn
|upkeep
|
|t:|1659617380
|switch|p2a: Leviathan|Dragapult, M, shiny|100/100
|-damage|p2a: Leviathan|88/100|[from] Stealth Rock
|turn|14
|
|t:|1659617390
|switch|p1a: Lando Calrissian|Landorus-Therian, M|47/100
|-ability|p1a: Lando Calrissian|Intimidate|boost
|-fail|p2a: Leviathan|unboost|[from] ability: Clear Body|[of] p2a: Leviathan
|move|p2a: Leviathan|U-turn|p1a: Lando Calrissian
|-resisted|p1a: Lando Calrissian
|-damage|p1a: Lando Calrissian|29/100
|j| ShittestPlayerHere
|
|t:|1659617395
|switch|p2a: Frozen Soul|Ninetales-Alola, M, shiny|100/100|[from]move: U-turn
|-damage|p2a: Frozen Soul|76/100|[from] Stealth Rock
|-weather|Hail|[from] ability: Snow Warning|[of] p2a: Frozen Soul
|
|-weather|Hail|[upkeep]
|-damage|p1a: Lando Calrissian|23/100|[from] Hail
|-heal|p1a: Lando Calrissian|29/100|[from] item: Leftovers
|upkeep
|turn|15
|
|t:|1659617398
|switch|p1a: Ferro Thornberry|Ferrothorn, F|81/100
|move|p2a: Frozen Soul|Blizzard|p1a: Ferro Thornberry
|-damage|p1a: Ferro Thornberry|53/100
|
|-weather|Hail|[upkeep]
|-damage|p1a: Ferro Thornberry|47/100|[from] Hail
|-heal|p1a: Ferro Thornberry|53/100|[from] item: Leftovers
|-fieldend|move: Psychic Terrain
|upkeep
|turn|16
|
|t:|1659617402
|switch|p2a: Destroyer|Arctozolt, shiny|100/100
|move|p1a: Ferro Thornberry|Leech Seed|p2a: Destroyer
|-start|p2a: Destroyer|move: Leech Seed
|
|-weather|Hail|[upkeep]
|-damage|p1a: Ferro Thornberry|47/100|[from] Hail
|-heal|p1a: Ferro Thornberry|53/100|[from] item: Leftovers
|-damage|p2a: Destroyer|88/100|[from] Leech Seed|[of] p1a: Ferro Thornberry
|-heal|p1a: Ferro Thornberry|64/100|[silent]
|upkeep
|turn|17
|
|t:|1659617406
|switch|p2a: Poseidon-Blade|Keldeo-Resolute|100/100
|-damage|p2a: Poseidon-Blade|94/100|[from] Stealth Rock
|move|p1a: Ferro Thornberry|Knock Off|p2a: Poseidon-Blade
|-resisted|p2a: Poseidon-Blade
|-damage|p2a: Poseidon-Blade|83/100
|-ability|p2a: Poseidon-Blade|Justified|boost
|-boost|p2a: Poseidon-Blade|atk|1
|-enditem|p2a: Poseidon-Blade|Leftovers|[from] move: Knock Off|[of] p1a: Ferro Thornberry
|
|-weather|Hail|[upkeep]
|-damage|p2a: Poseidon-Blade|76/100|[from] Hail
|-damage|p1a: Ferro Thornberry|58/100|[from] Hail
|-heal|p1a: Ferro Thornberry|64/100|[from] item: Leftovers
|upkeep
|turn|18
|
|t:|1659617415
|switch|p1a: Tapu Lele Pons|Tapu Lele|35/100 brn
|-fieldstart|move: Psychic Terrain|[from] ability: Psychic Surge|[of] p1a: Tapu Lele Pons
|move|p2a: Poseidon-Blade|Substitute|p2a: Poseidon-Blade
|-start|p2a: Poseidon-Blade|Substitute
|-damage|p2a: Poseidon-Blade|52/100
|
|-weather|Hail|[upkeep]
|-damage|p1a: Tapu Lele Pons|29/100 brn|[from] Hail
|-damage|p2a: Poseidon-Blade|45/100|[from] Hail
|-damage|p1a: Tapu Lele Pons|23/100 brn|[from] brn
|upkeep
|turn|19
|
|t:|1659617417
|move|p1a: Tapu Lele Pons|Psyshock|p2a: Poseidon-Blade
|-supereffective|p2a: Poseidon-Blade
|-end|p2a: Poseidon-Blade|Substitute
|move|p2a: Poseidon-Blade|Scald|p1a: Tapu Lele Pons
|-damage|p1a: Tapu Lele Pons|0 fnt
|faint|p1a: Tapu Lele Pons
|
|-weather|Hail|[upkeep]
|-damage|p2a: Poseidon-Blade|39/100|[from] Hail
|upkeep
|
|t:|1659617419
|switch|p1a: Barrack Obama|Barraskewda, F|100/100
|turn|20
|
|t:|1659617421
|move|p1a: Barrack Obama|Flip Turn|p2a: Poseidon-Blade
|-resisted|p2a: Poseidon-Blade
|-damage|p2a: Poseidon-Blade|9/100
|j| LT92PF Sirwings
|
|t:|1659617429
|switch|p1a: Lando Calrissian|Landorus-Therian, M|29/100|[from]move: Flip Turn
|-ability|p1a: Lando Calrissian|Intimidate|boost
|-unboost|p2a: Poseidon-Blade|atk|1
|move|p2a: Poseidon-Blade|Scald|p1a: Lando Calrissian
|-supereffective|p1a: Lando Calrissian
|-damage|p1a: Lando Calrissian|0 fnt
|faint|p1a: Lando Calrissian
|
|-weather|Hail|[upkeep]
|-damage|p2a: Poseidon-Blade|3/100|[from] Hail
|upkeep
|
|t:|1659617434
|switch|p1a: Barrack Obama|Barraskewda, F|100/100
|turn|21
|
|t:|1659617436
|move|p1a: Barrack Obama|Flip Turn|p2a: Poseidon-Blade
|-resisted|p2a: Poseidon-Blade
|-damage|p2a: Poseidon-Blade|0 fnt
|faint|p2a: Poseidon-Blade
|
|t:|1659617440
|switch|p1a: Ferro Thornberry|Ferrothorn, F|64/100|[from]move: Flip Turn
|
|-weather|none
|-heal|p1a: Ferro Thornberry|71/100|[from] item: Leftovers
|upkeep
|
|t:|1659617444
|switch|p2a: Leviathan|Dragapult, M, shiny|88/100
|-damage|p2a: Leviathan|76/100|[from] Stealth Rock
|turn|22
|
|t:|1659617451
|move|p2a: Leviathan|Phantom Force||[still]
|-prepare|p2a: Leviathan|Phantom Force
|move|p1a: Ferro Thornberry|Knock Off|p2a: Leviathan|[miss]
|-miss|p1a: Ferro Thornberry|p2a: Leviathan
|
|-heal|p1a: Ferro Thornberry|77/100|[from] item: Leftovers
|-fieldend|move: Psychic Terrain
|upkeep
|turn|23
|
|t:|1659617453
|move|p2a: Leviathan|Phantom Force|p1a: Ferro Thornberry|[from]lockedmove
|-damage|p1a: Ferro Thornberry|20/100
|-damage|p2a: Leviathan|64/100|[from] ability: Iron Barbs|[of] p1a: Ferro Thornberry
|move|p1a: Ferro Thornberry|Knock Off|p2a: Leviathan
|-supereffective|p2a: Leviathan
|-damage|p2a: Leviathan|9/100
|-enditem|p2a: Leviathan|Choice Band|[from] move: Knock Off|[of] p1a: Ferro Thornberry
|
|-heal|p1a: Ferro Thornberry|26/100|[from] item: Leftovers
|upkeep
|turn|24
|j| maeve68
|j| Artificial Wood
|j| lt92pf leo
|
|t:|1659617475
|switch|p2a: Destroyer|Arctozolt, shiny|88/100
|move|p1a: Ferro Thornberry|Knock Off|p2a: Destroyer
|-damage|p2a: Destroyer|63/100
|-enditem|p2a: Destroyer|Heavy-Duty Boots|[from] move: Knock Off|[of] p1a: Ferro Thornberry
|
|-heal|p1a: Ferro Thornberry|32/100|[from] item: Leftovers
|upkeep
|turn|25
|j| AirOneee
|
|t:|1659617486
|move|p2a: Destroyer|Bolt Beak|p1a: Ferro Thornberry
|-resisted|p1a: Ferro Thornberry
|-damage|p1a: Ferro Thornberry|1/100
|-damage|p2a: Destroyer|51/100|[from] ability: Iron Barbs|[of] p1a: Ferro Thornberry
|move|p1a: Ferro Thornberry|Iron Head|p2a: Destroyer
|-damage|p2a: Destroyer|20/100
|
|-heal|p1a: Ferro Thornberry|7/100|[from] item: Leftovers
|upkeep
|turn|26
|c|☆dmt dreams|bullshit
|
|t:|1659617493
|move|p2a: Destroyer|Freeze-Dry|p1a: Ferro Thornberry
|-damage|p1a: Ferro Thornberry|0 fnt
|faint|p1a: Ferro Thornberry
|
|upkeep
|l| dragonitenb
|
|t:|1659617497
|switch|p1a: Barrack Obama|Barraskewda, F|100/100
|turn|27
|c|☆LT92PFMimikyuStarD|that sucks
|-message|dmt dreams forfeited.
|
|win|LT92PFMimikyuStarD
|raw|LT92PFMimikyuStarD's rating: 1778 &rarr; <strong>1809</strong><br />(+31 for winning)
|raw|dmt dreams's rating: 1989 &rarr; <strong>1958</strong><br />(-31 for losing)
|c|☆dmt dreams|gg
|c|☆LT92PFMimikyuStarD|gg
|l|☆dmt dreams
|j| dragonitenb
|l| AirOneee
|l| LT92PF Sirwings
|l|☆LT92PFMimikyuStarD
|j| AirOneee
|j| LT91BB acr1
|l| LT91BB acr1
|l| Seleukus
|j| TOP 10 ON MAIN
|l| Nylez
|j| JJ09LIE
||Ladder isn't responding, score probably updated but might not have (Request timeout).
|j|☆LT92PFMimikyuStarD
|player|p1|LT92PFMimikyuStarD|#mimikyustardust
|l| I M prad yt
|l|☆LT92PFMimikyuStarD
|player|p1|
|l| lt92pf blrub
|l| Trannos
|l| AirOneee
|l| maeve68
