|j|☆CentralDoggma
|j|☆testotesto321
|player|p1|CentralDoggma|silver|1793
|player|p2|testotesto321|bellelba|1701
|teamsize|p1|6
|teamsize|p2|6
|gametype|singles
|gen|8
|tier|[Gen 8] OU
|rated|
|clearpoke
|poke|p1|Reuniclus, F|
|poke|p1|Clefable, F|
|poke|p1|Corviknight, F|
|poke|p1|Bewear, F|
|poke|p1|Mew|
|poke|p1|Toxapex, F|
|poke|p2|Gengar, F|
|poke|p2|Zeraora|
|poke|p2|Hippowdon, F|
|poke|p2|Clefable, F|
|poke|p2|Corviknight, F|
|poke|p2|Toxapex, F|
|rule|Sleep Clause Mod: Limit one foe put to sleep
|rule|Species Clause: Limit one of each Pokémon
|rule|OHKO Clause: OHKO moves are banned
|rule|Evasion Moves Clause: Evasion moves are banned
|rule|Endless Battle Clause: Forcing endless battles is banned
|rule|HP Percentage Mod: HP is shown in percentages
|rule|Dynamax Clause: You cannot dynamax
|teampreview
|inactive|Battle timer is ON: inactive players will automatically lose when time's up. (requested by CentralDoggma)
|
|start
|switch|p1a: Space Fetus|Mew|100/100
|switch|p2a: Toxapex|Toxapex, F, shiny|100/100
|turn|1
|
|move|p1a: Space Fetus|Knock Off|p2a: Toxapex
|-damage|p2a: Toxapex|88/100
|-enditem|p2a: Toxapex|Black Sludge|[from] move: Knock Off|[of] p1a: Space Fetus
|move|p2a: Toxapex|Toxic|p1a: Space Fetus
|-status|p1a: Space Fetus|tox
|-activate|p1a: Space Fetus|ability: Synchronize
|-immune|p2a: Toxapex
|
|-damage|p1a: Space Fetus|94/100 tox|[from] psn
|upkeep
|turn|2
|
|move|p1a: Space Fetus|Heal Bell|p1a: Space Fetus
|-activate|p1a: Space Fetus|move: Heal Bell
|-curestatus|p1a: Space Fetus|tox|[msg]
|move|p2a: Toxapex|Scald|p1a: Space Fetus
|-damage|p1a: Space Fetus|79/100
|
|upkeep
|turn|3
|
|switch|p1a: Toxapex|Toxapex, F|100/100
|move|p2a: Toxapex|Toxic|p1a: Toxapex
|-immune|p1a: Toxapex
|
|upkeep
|turn|4
|
|move|p2a: Toxapex|Scald|p1a: Toxapex
|-resisted|p1a: Toxapex
|-crit|p1a: Toxapex
|-damage|p1a: Toxapex|90/100
|move|p1a: Toxapex|Scald|p2a: Toxapex
|-resisted|p2a: Toxapex
|-damage|p2a: Toxapex|81/100
|
|-heal|p1a: Toxapex|96/100|[from] item: Black Sludge
|upkeep
|turn|5
|
|move|p1a: Toxapex|Scald|p2a: Toxapex
|-resisted|p2a: Toxapex
|-damage|p2a: Toxapex|74/100
|move|p2a: Toxapex|Scald|p1a: Toxapex
|-resisted|p1a: Toxapex
|-damage|p1a: Toxapex|89/100
|
|-heal|p1a: Toxapex|95/100|[from] item: Black Sludge
|upkeep
|turn|6
|
|switch|p1a: Kirby|Clefable, F|100/100
|move|p2a: Toxapex|Scald|p1a: Kirby
|-damage|p1a: Kirby|90/100
|-status|p1a: Kirby|brn
|
|-heal|p1a: Kirby|96/100 brn|[from] item: Leftovers
|-damage|p1a: Kirby|90/100 brn|[from] brn
|upkeep
|turn|7
|
|switch|p2a: Hippowdon|Hippowdon, F|100/100
|-weather|Sandstorm|[from] ability: Sand Stream|[of] p2a: Hippowdon
|move|p1a: Kirby|Stealth Rock|p2a: Hippowdon
|-sidestart|p2: testotesto321|move: Stealth Rock
|
|-weather|Sandstorm|[upkeep]
|-damage|p1a: Kirby|83/100 brn|[from] Sandstorm
|-heal|p1a: Kirby|90/100 brn|[from] item: Leftovers
|-damage|p1a: Kirby|83/100 brn|[from] brn
|upkeep
|turn|8
|
|switch|p1a: Space Fetus|Mew|79/100
|switch|p2a: Corviknight|Corviknight, F, shiny|100/100
|-damage|p2a: Corviknight|88/100|[from] Stealth Rock
|-ability|p2a: Corviknight|Pressure
|
|-weather|Sandstorm|[upkeep]
|-damage|p1a: Space Fetus|73/100|[from] Sandstorm
|-heal|p2a: Corviknight|94/100|[from] item: Leftovers
|upkeep
|turn|9
|
|move|p1a: Space Fetus|Knock Off|p2a: Corviknight
|-damage|p2a: Corviknight|77/100
|-enditem|p2a: Corviknight|Leftovers|[from] move: Knock Off|[of] p1a: Space Fetus
|move|p2a: Corviknight|Defog|p1a: Space Fetus
|-unboost|p1a: Space Fetus|evasion|1
|-sideend|p2: testotesto321|Stealth Rock|[from] move: Defog|[of] p2a: Corviknight
|
|-weather|Sandstorm|[upkeep]
|-damage|p1a: Space Fetus|67/100|[from] Sandstorm
|upkeep
|turn|10
|
|move|p1a: Space Fetus|Soft-Boiled|p1a: Space Fetus
|-heal|p1a: Space Fetus|100/100
|move|p2a: Corviknight|U-turn|p1a: Space Fetus
|-supereffective|p1a: Space Fetus
|-damage|p1a: Space Fetus|74/100
|j| lalawee
|
|switch|p2a: Toxapex|Toxapex, F, shiny|100/100|[from]move: U-turn
|
|-weather|Sandstorm|[upkeep]
|-damage|p1a: Space Fetus|68/100|[from] Sandstorm
|-damage|p2a: Toxapex|94/100|[from] Sandstorm
|upkeep
|turn|11
|
|switch|p1a: Kirby|Clefable, F|83/100 brn
|move|p2a: Toxapex|Toxic||[still]
|-fail|p2a: Toxapex
|
|-weather|none
|-heal|p1a: Kirby|90/100 brn|[from] item: Leftovers
|-damage|p1a: Kirby|83/100 brn|[from] brn
|upkeep
|turn|12
|
|switch|p2a: Corviknight|Corviknight, F, shiny|77/100
|-ability|p2a: Corviknight|Pressure
|move|p1a: Kirby|Stealth Rock|p2a: Corviknight
|-sidestart|p2: testotesto321|move: Stealth Rock
|
|-heal|p1a: Kirby|90/100 brn|[from] item: Leftovers
|-damage|p1a: Kirby|83/100 brn|[from] brn
|upkeep
|turn|13
|
|move|p1a: Kirby|Protect|p1a: Kirby
|-singleturn|p1a: Kirby|Protect
|move|p2a: Corviknight|Defog|p1a: Kirby
|-activate|p1a: Kirby|move: Protect
|
|-heal|p1a: Kirby|90/100 brn|[from] item: Leftovers
|-damage|p1a: Kirby|83/100 brn|[from] brn
|upkeep
|turn|14
|
|switch|p1a: Branwen|Corviknight, F|100/100
|-ability|p1a: Branwen|Pressure
|move|p2a: Corviknight|Defog|p1a: Branwen
|-unboost|p1a: Branwen|evasion|1
|-sideend|p2: testotesto321|Stealth Rock|[from] move: Defog|[of] p2a: Corviknight
|
|upkeep
|turn|15
|
|switch|p1a: Toxapex|Toxapex, F|100/100
|move|p2a: Corviknight|U-turn|p1a: Toxapex
|-resisted|p1a: Toxapex
|-damage|p1a: Toxapex|96/100
|
|switch|p2a: Clefable|Clefable, F|100/100|[from]move: U-turn
|
|-heal|p1a: Toxapex|100/100|[from] item: Black Sludge
|upkeep
|turn|16
|
|switch|p1a: Space Fetus|Mew|68/100
|move|p2a: Clefable|Thunder Wave|p1a: Space Fetus
|-status|p1a: Space Fetus|par
|-activate|p1a: Space Fetus|ability: Synchronize
|-status|p2a: Clefable|par
|
|upkeep
|turn|17
|
|move|p1a: Space Fetus|Soft-Boiled|p1a: Space Fetus
|-heal|p1a: Space Fetus|100/100 par
|cant|p2a: Clefable|par
|
|upkeep
|turn|18
|j| Phagerlift
|
|cant|p1a: Space Fetus|par
|move|p2a: Clefable|Stealth Rock|p1a: Space Fetus
|-sidestart|p1: CentralDoggma|move: Stealth Rock
|
|upkeep
|turn|19
|
|cant|p1a: Space Fetus|par
|move|p2a: Clefable|Thunder Wave|p1a: Space Fetus
|-fail|p1a: Space Fetus|par
|
|upkeep
|turn|20
|
|move|p1a: Space Fetus|Knock Off|p2a: Clefable
|-resisted|p2a: Clefable
|-damage|p2a: Clefable|89/100 par
|-enditem|p2a: Clefable|Leftovers|[from] move: Knock Off|[of] p1a: Space Fetus
|move|p2a: Clefable|Thunder Wave|p1a: Space Fetus
|-fail|p1a: Space Fetus|par
|
|upkeep
|turn|21
|j| Duejeb/×¥÷_
|
|move|p1a: Space Fetus|Defog|p2a: Clefable
|-unboost|p2a: Clefable|evasion|1
|-sideend|p1: CentralDoggma|Stealth Rock|[from] move: Defog|[of] p1a: Space Fetus
|move|p2a: Clefable|Thunder Wave|p1a: Space Fetus
|-fail|p1a: Space Fetus|par
|
|upkeep
|turn|22
|
|switch|p1a: Kirby|Clefable, F|83/100 brn
|move|p2a: Clefable|Stealth Rock|p1a: Kirby
|-sidestart|p1: CentralDoggma|move: Stealth Rock
|
|-heal|p1a: Kirby|90/100 brn|[from] item: Leftovers
|-damage|p1a: Kirby|83/100 brn|[from] brn
|upkeep
|turn|23
|
|switch|p2a: Gengar|Gengar, F|100/100
|move|p1a: Kirby|Stealth Rock|p2a: Gengar
|-sidestart|p2: testotesto321|move: Stealth Rock
|
|-heal|p1a: Kirby|90/100 brn|[from] item: Leftovers
|-damage|p1a: Kirby|83/100 brn|[from] brn
|upkeep
|turn|24
|
|switch|p1a: Toxapex|Toxapex, F|100/100
|-damage|p1a: Toxapex|88/100|[from] Stealth Rock
|move|p2a: Gengar|Shadow Ball|p1a: Toxapex
|-damage|p1a: Toxapex|35/100
|-unboost|p1a: Toxapex|spd|1
|
|-heal|p1a: Toxapex|41/100|[from] item: Black Sludge
|upkeep
|turn|25
|
|switch|p2a: Corviknight|Corviknight, F, shiny|77/100
|-damage|p2a: Corviknight|65/100|[from] Stealth Rock
|-ability|p2a: Corviknight|Pressure
|switch|p1a: Squeezin'|Bewear, F|100/100
|-damage|p1a: Squeezin'|94/100|[from] Stealth Rock
|
|upkeep
|turn|26
|
|move|p2a: Corviknight|Body Press|p1a: Squeezin'
|-supereffective|p1a: Squeezin'
|-damage|p1a: Squeezin'|78/100
|-damage|p2a: Corviknight|48/100|[from] item: Rocky Helmet|[of] p1a: Squeezin'
|move|p1a: Squeezin'|Swords Dance|p1a: Squeezin'
|-boost|p1a: Squeezin'|atk|2
|
|upkeep
|turn|27
|
|move|p2a: Corviknight|Roost|p2a: Corviknight
|-heal|p2a: Corviknight|98/100
|-singleturn|p2a: Corviknight|move: Roost
|move|p1a: Squeezin'|Drain Punch|p2a: Corviknight
|-supereffective|p2a: Corviknight
|-damage|p2a: Corviknight|0 fnt
|-heal|p1a: Squeezin'|100/100|[from] drain|[of] p2a: Corviknight
|faint|p2a: Corviknight
|
|upkeep
|
|switch|p2a: Gengar|Gengar, F|100/100
|-damage|p2a: Gengar|88/100|[from] Stealth Rock
|turn|28
|
|switch|p1a: Toxapex|Toxapex, F|74/100
|-damage|p1a: Toxapex|62/100|[from] Stealth Rock
|move|p2a: Gengar|Focus Blast|p1a: Toxapex
|-resisted|p1a: Toxapex
|-damage|p1a: Toxapex|38/100
|
|-heal|p1a: Toxapex|44/100|[from] item: Black Sludge
|upkeep
|turn|29
|
|switch|p2a: Clefable|Clefable, F|89/100 par
|move|p1a: Toxapex|Recover|p1a: Toxapex
|-heal|p1a: Toxapex|94/100
|
|-heal|p1a: Toxapex|100/100|[from] item: Black Sludge
|upkeep
|turn|30
|
|switch|p1a: Space Fetus|Mew|100/100 par
|-damage|p1a: Space Fetus|88/100 par|[from] Stealth Rock
|move|p2a: Clefable|Thunder Wave|p1a: Space Fetus
|-fail|p1a: Space Fetus|par
|
|upkeep
|turn|31
|
|switch|p1a: Kirby|Clefable, F|83/100 brn
|-damage|p1a: Kirby|71/100 brn|[from] Stealth Rock
|switch|p2a: Toxapex|Toxapex, F, shiny|100/100
|-damage|p2a: Toxapex|88/100|[from] Stealth Rock
|
|-heal|p1a: Kirby|77/100 brn|[from] item: Leftovers
|-damage|p1a: Kirby|71/100 brn|[from] brn
|upkeep
|turn|32
|
|switch|p2a: Gengar|Gengar, F|88/100
|-damage|p2a: Gengar|76/100|[from] Stealth Rock
|move|p1a: Kirby|Moonblast|p2a: Gengar
|-resisted|p2a: Gengar
|-damage|p2a: Gengar|49/100
|-unboost|p2a: Gengar|spa|1
|-start|p1a: Kirby|Disable|Moonblast|[from] ability: Cursed Body|[of] p2a: Gengar
|
|-heal|p1a: Kirby|77/100 brn|[from] item: Leftovers
|-damage|p1a: Kirby|71/100 brn|[from] brn
|upkeep
|turn|33
|j| tapu moxo
|
|move|p1a: Kirby|Protect|p1a: Kirby
|-singleturn|p1a: Kirby|Protect
|move|p2a: Gengar|Sludge Wave|p1a: Kirby
|-activate|p1a: Kirby|move: Protect
|
|-heal|p1a: Kirby|77/100 brn|[from] item: Leftovers
|-damage|p1a: Kirby|71/100 brn|[from] brn
|upkeep
|turn|34
|-message|testotesto321 forfeited.
|
|win|CentralDoggma
|l|☆testotesto321
|raw|CentralDoggma's rating: 1793 &rarr; <strong>1808</strong><br />(+15 for winning)
|raw|testotesto321's rating: 1702 &rarr; <strong>1687</strong><br />(-15 for losing)
|l|☆CentralDoggma
