|html|<div class="broadcast-blue"><strong>[Gen 8] OU is currently suspecting Melmetal! For information on how to participate check out the <a href="https://www.smogon.com/forums/threads/np-ss-ou-suspect-process-round-12-monster-mash.3709234/">suspect thread</a>.</strong></div>
|j|☆Spectre Ace
|j|☆Korpse
|t:|1666303154
|gametype|singles
|player|p1|Spectre Ace|juggler|1642
|player|p2|Korpse|102|1710
|teamsize|p1|6
|teamsize|p2|6
|gen|8
|tier|[Gen 8] OU
|rated|
|rule|Sleep Clause Mod: Limit one foe put to sleep
|rule|Species Clause: Limit one of each Pokémon
|rule|OHKO Clause: OHKO moves are banned
|rule|Evasion Items Clause: Evasion items are banned
|rule|Evasion Moves Clause: Evasion moves are banned
|rule|Endless Battle Clause: Forcing endless battles is banned
|rule|HP Percentage Mod: HP is shown in percentages
|rule|Dynamax Clause: You cannot dynamax
|clearpoke
|poke|p1|Garchomp, M|
|poke|p1|Mandibuzz, F|
|poke|p1|Ferrothorn, M|
|poke|p1|Heatran, M|
|poke|p1|Raichu-Alola, F|
|poke|p1|Tapu Koko|
|poke|p2|Bisharp, M|
|poke|p2|Landorus-Therian, M|
|poke|p2|Swampert, F|
|poke|p2|Tyranitar, F|
|poke|p2|Zapdos|
|poke|p2|Celesteela|
|teampreview
|
|t:|1666303160
|start
|switch|p1a: Garchomp|Garchomp, M|100/100
|switch|p2a: Bisharp|Bisharp, M, shiny|100/100
|turn|1
|
|t:|1666303169
|move|p1a: Garchomp|Earthquake|p2a: Bisharp
|-supereffective|p2a: Bisharp
|-enditem|p2a: Bisharp|Focus Sash
|-damage|p2a: Bisharp|1/100
|move|p2a: Bisharp|Knock Off|p1a: Garchomp
|-damage|p1a: Garchomp|47/100
|-damage|p2a: Bisharp|0 fnt|[from] ability: Rough Skin|[of] p1a: Garchomp
|faint|p2a: Bisharp
|
|-heal|p1a: Garchomp|53/100|[from] item: Leftovers
|upkeep
|
|t:|1666303173
|switch|p2a: Celesteela|Celesteela|100/100
|turn|2
|
|t:|1666303181
|move|p1a: Garchomp|Stealth Rock|p2a: Celesteela
|-sidestart|p2: Korpse|move: Stealth Rock
|move|p2a: Celesteela|Air Slash|p1a: Garchomp
|-damage|p1a: Garchomp|11/100
|
|-heal|p1a: Garchomp|17/100|[from] item: Leftovers
|upkeep
|turn|3
|
|t:|1666303194
|switch|p1a: Tapu Koko|Tapu Koko|100/100
|-fieldstart|move: Electric Terrain|[from] ability: Electric Surge|[of] p1a: Tapu Koko
|move|p2a: Celesteela|Autotomize|p2a: Celesteela
|-boost|p2a: Celesteela|spe|2
|-start|p2a: Celesteela|Autotomize
|
|upkeep
|turn|4
|
|t:|1666303213
|switch|p2a: Swampert|Swampert, F|100/100
|-damage|p2a: Swampert|94/100|[from] Stealth Rock
|move|p1a: Tapu Koko|U-turn|p2a: Swampert
|-damage|p2a: Swampert|83/100
|-damage|p1a: Tapu Koko|84/100|[from] item: Rocky Helmet|[of] p2a: Swampert
|
|t:|1666303217
|switch|p1a: Ferrothorn|Ferrothorn, M|100/100|[from]move: U-turn
|
|upkeep
|turn|5
|
|t:|1666303221
|switch|p2a: Zapdos|Zapdos|100/100
|move|p1a: Ferrothorn|Knock Off|p2a: Zapdos
|-damage|p2a: Zapdos|79/100
|-enditem|p2a: Zapdos|Heavy-Duty Boots|[from] move: Knock Off|[of] p1a: Ferrothorn
|
|upkeep
|turn|6
|
|t:|1666303225
|switch|p1a: Heatran|Heatran, M, shiny|100/100
|-item|p1a: Heatran|Air Balloon
|move|p2a: Zapdos|Defog|p1a: Heatran
|-unboost|p1a: Heatran|evasion|1
|-sideend|p2: Korpse|Stealth Rock|[from] move: Defog|[of] p2a: Zapdos
|-fieldend|move: Electric Terrain
|
|upkeep
|turn|7
|
|t:|1666303231
|move|p1a: Heatran|Magma Storm|p2a: Zapdos
|-damage|p2a: Zapdos|31/100
|-activate|p2a: Zapdos|move: Magma Storm|[of] p1a: Heatran
|move|p2a: Zapdos|Zap Cannon|p1a: Heatran|[miss]
|-miss|p2a: Zapdos|p1a: Heatran
|
|-damage|p2a: Zapdos|18/100|[from] move: Magma Storm|[partiallytrapped]
|upkeep
|turn|8
|
|t:|1666303240
|move|p1a: Heatran|Magma Storm|p2a: Zapdos
|-damage|p2a: Zapdos|0 fnt
|faint|p2a: Zapdos
|
|upkeep
|
|t:|1666303244
|switch|p2a: Swampert|Swampert, F|83/100
|turn|9
|
|t:|1666303262
|move|p1a: Heatran|Taunt|p2a: Swampert
|-start|p2a: Swampert|move: Taunt
|move|p2a: Swampert|Whirlpool|p1a: Heatran
|-supereffective|p1a: Heatran
|-damage|p1a: Heatran|81/100
|-activate|p1a: Heatran|move: Whirlpool|[of] p2a: Swampert
|-enditem|p1a: Heatran|Air Balloon
|
|-damage|p1a: Heatran|69/100|[from] move: Whirlpool|[partiallytrapped]
|upkeep
|turn|10
|
|t:|1666303270
|move|p1a: Heatran|Earth Power|p2a: Swampert
|-damage|p2a: Swampert|54/100
|-unboost|p2a: Swampert|spd|1
|move|p2a: Swampert|Flip Turn|p1a: Heatran
|-supereffective|p1a: Heatran
|-crit|p1a: Heatran
|-damage|p1a: Heatran|6/100
|c|☆Spectre Ace|No eq?
|c|☆Spectre Ace|And flip turn whirlpool?
|
|t:|1666303297
|switch|p2a: Landorus|Landorus-Therian, M|100/100|[from]move: Flip Turn
|-ability|p2a: Landorus|Intimidate|boost
|-unboost|p1a: Heatran|atk|1
|
|-end|p1a: Heatran|Whirlpool|[partiallytrapped]|[silent]
|upkeep
|turn|11
|
|t:|1666303301
|move|p2a: Landorus|U-turn|p1a: Heatran
|-resisted|p1a: Heatran
|-damage|p1a: Heatran|0 fnt
|faint|p1a: Heatran
|
|t:|1666303312
|switch|p2a: Swampert|Swampert, F|54/100|[from]move: U-turn
|
|upkeep
|
|t:|1666303316
|switch|p1a: Ferrothorn|Ferrothorn, M|100/100
|turn|12
|
|t:|1666303334
|switch|p2a: Celesteela|Celesteela|100/100
|move|p1a: Ferrothorn|Spikes|p2a: Celesteela
|-sidestart|p2: Korpse|Spikes
|
|upkeep
|turn|13
|
|t:|1666303346
|switch|p1a: Tapu Koko|Tapu Koko|84/100
|-fieldstart|move: Electric Terrain|[from] ability: Electric Surge|[of] p1a: Tapu Koko
|move|p2a: Celesteela|Fire Blast|p1a: Tapu Koko
|-damage|p1a: Tapu Koko|31/100
|
|upkeep
|turn|14
|
|t:|1666303354
|move|p1a: Tapu Koko|U-turn|p2a: Celesteela
|-resisted|p2a: Celesteela
|-damage|p2a: Celesteela|97/100
|
|t:|1666303357
|switch|p1a: Ferrothorn|Ferrothorn, M|100/100|[from]move: U-turn
|move|p2a: Celesteela|Meteor Beam||[still]
|-prepare|p2a: Celesteela|Meteor Beam
|-boost|p2a: Celesteela|spa|1
|-enditem|p2a: Celesteela|Power Herb
|-anim|p2a: Celesteela|Meteor Beam|p1a: Ferrothorn
|-resisted|p1a: Ferrothorn
|-damage|p1a: Ferrothorn|80/100
|
|-heal|p1a: Ferrothorn|86/100|[from] item: Leftovers
|upkeep
|turn|15
|
|t:|1666303372
|switch|p1a: Garchomp|Garchomp, M|17/100
|move|p2a: Celesteela|Autotomize|p2a: Celesteela
|-boost|p2a: Celesteela|spe|2
|-start|p2a: Celesteela|Autotomize
|
|-heal|p1a: Garchomp|23/100|[from] item: Leftovers
|upkeep
|turn|16
|
|t:|1666303387
|move|p2a: Celesteela|Autotomize|p2a: Celesteela
|-boost|p2a: Celesteela|spe|2
|-start|p2a: Celesteela|Autotomize
|move|p1a: Garchomp|Stone Edge|p2a: Celesteela
|-damage|p2a: Celesteela|66/100
|
|-heal|p1a: Garchomp|29/100|[from] item: Leftovers
|upkeep
|turn|17
|
|t:|1666303397
|move|p2a: Celesteela|Autotomize|p2a: Celesteela
|-boost|p2a: Celesteela|spe|2
|-start|p2a: Celesteela|Autotomize
|move|p1a: Garchomp|Stone Edge|p2a: Celesteela
|-damage|p2a: Celesteela|32/100
|
|-heal|p1a: Garchomp|36/100|[from] item: Leftovers
|upkeep
|turn|18
|
|t:|1666303414
|move|p2a: Celesteela|Meteor Beam||[still]
|-prepare|p2a: Celesteela|Meteor Beam
|-boost|p2a: Celesteela|spa|1
|move|p1a: Garchomp|Stone Edge|p2a: Celesteela
|-damage|p2a: Celesteela|0 fnt
|faint|p2a: Celesteela
|
|-heal|p1a: Garchomp|42/100|[from] item: Leftovers
|upkeep
|-message|Korpse forfeited.
|
|win|Spectre Ace
|raw|Spectre Ace's rating: 1642 &rarr; <strong>1666</strong><br />(+24 for winning)
|raw|Korpse's rating: 1710 &rarr; <strong>1686</strong><br />(-24 for losing)
|l|☆Korpse
||Ladder isn't responding, score probably updated but might not have (Request timeout).
