|raw|<div class="broadcast-blue"><strong>This battle is required to be public due to a player having a name prefixed by 'LT72MS'.</div>
|j|☆LT72MS ABR
|j|☆ezwz
|t:|1597701976
|player|p1|LT72MS ABR|hilbert-dueldisk|2011
|player|p2|ezwz|youngster-gen4|1888
|teamsize|p1|6
|teamsize|p2|6
|gametype|singles
|gen|8
|tier|[Gen 8] OU
|rated|
|clearpoke
|poke|p1|Ditto|
|poke|p1|Amoonguss, M|
|poke|p1|Quagsire, M|
|poke|p1|Corviknight, M|
|poke|p1|Blissey, F|
|poke|p1|Toxapex, M|
|poke|p2|Pelipper, M|
|poke|p2|Seismitoad, F|
|poke|p2|Kingdra, F|
|poke|p2|Urshifu-*, M|
|poke|p2|Ferrothorn, F|
|poke|p2|Mandibuzz, F|
|rule|Sleep Clause Mod: Limit one foe put to sleep
|rule|Species Clause: Limit one of each Pokémon
|rule|OHKO Clause: OHKO moves are banned
|rule|Evasion Moves Clause: Evasion moves are banned
|rule|Endless Battle Clause: Forcing endless battles is banned
|rule|HP Percentage Mod: HP is shown in percentages
|rule|Dynamax Clause: You cannot dynamax
|teampreview
|c|☆LT72MS ABR|hf
|j| LT72MS John
|j| telemarked
|j| strealet❄
|j| LT72MS Adri
|j| 2spoopy4u
|j| LT72MS Sacri'
|j| Tace
|c|☆ezwz|and u
|j| Ismakhil
|j| ChiefGreenLeaf3
|
|t:|1597702001
|start
|switch|p1a: Toxapex|Toxapex, M|100/100
|switch|p2a: Ferrothorn|Ferrothorn, F|100/100
|turn|1
|
|t:|1597702005
|move|p1a: Toxapex|Knock Off|p2a: Ferrothorn
|-damage|p2a: Ferrothorn|92/100
|-damage|p1a: Toxapex|88/100|[from] ability: Iron Barbs|[of] p2a: Ferrothorn
|-enditem|p2a: Ferrothorn|Leftovers|[from] move: Knock Off|[of] p1a: Toxapex
|move|p2a: Ferrothorn|Spikes|p1a: Toxapex
|-sidestart|p1: LT72MS ABR|Spikes
|
|upkeep
|turn|2
|
|t:|1597702008
|switch|p1a: Corviknight|Corviknight, M|100/100
|-ability|p1a: Corviknight|Pressure
|move|p2a: Ferrothorn|Leech Seed|p1a: Corviknight
|-start|p1a: Corviknight|move: Leech Seed
|
|-damage|p1a: Corviknight|88/100|[from] Leech Seed|[of] p2a: Ferrothorn
|-heal|p2a: Ferrothorn|100/100|[silent]
|upkeep
|turn|3
|j| LT72MS TSAU
|
|t:|1597702010
|move|p1a: Corviknight|Defog|p2a: Ferrothorn
|-unboost|p2a: Ferrothorn|evasion|1
|-sideend|p1: LT72MS ABR|Spikes|[from] move: Defog|[of] p1a: Corviknight
|move|p2a: Ferrothorn|Spikes|p1a: Corviknight
|-sidestart|p1: LT72MS ABR|Spikes
|
|-heal|p1a: Corviknight|94/100|[from] item: Leftovers
|-damage|p1a: Corviknight|82/100|[from] Leech Seed|[of] p2a: Ferrothorn
|upkeep
|turn|4
|j| lt72ms sjn
|
|t:|1597702013
|move|p1a: Corviknight|Defog|p2a: Ferrothorn
|-unboost|p2a: Ferrothorn|evasion|1
|-sideend|p1: LT72MS ABR|Spikes|[from] move: Defog|[of] p1a: Corviknight
|move|p2a: Ferrothorn|Body Press|p1a: Corviknight
|-crit|p1a: Corviknight
|-damage|p1a: Corviknight|53/100
|
|-heal|p1a: Corviknight|59/100|[from] item: Leftovers
|-damage|p1a: Corviknight|47/100|[from] Leech Seed|[of] p2a: Ferrothorn
|upkeep
|turn|5
|j| lt72ms Qrts
|
|t:|1597702016
|move|p1a: Corviknight|Roost|p1a: Corviknight
|-heal|p1a: Corviknight|97/100
|-singleturn|p1a: Corviknight|move: Roost
|move|p2a: Ferrothorn|Spikes|p1a: Corviknight
|-sidestart|p1: LT72MS ABR|Spikes
|
|-heal|p1a: Corviknight|100/100|[from] item: Leftovers
|-damage|p1a: Corviknight|88/100|[from] Leech Seed|[of] p2a: Ferrothorn
|upkeep
|turn|6
|j| LT72MS HAX
|
|t:|1597702018
|move|p1a: Corviknight|Defog|p2a: Ferrothorn
|-unboost|p2a: Ferrothorn|evasion|1
|-sideend|p1: LT72MS ABR|Spikes|[from] move: Defog|[of] p1a: Corviknight
|move|p2a: Ferrothorn|Spikes|p1a: Corviknight
|-sidestart|p1: LT72MS ABR|Spikes
|
|-heal|p1a: Corviknight|94/100|[from] item: Leftovers
|-damage|p1a: Corviknight|82/100|[from] Leech Seed|[of] p2a: Ferrothorn
|upkeep
|turn|7
|c| lt72ms sjn|godbr
|
|t:|1597702023
|move|p1a: Corviknight|Defog|p2a: Ferrothorn
|-unboost|p2a: Ferrothorn|evasion|1
|-sideend|p1: LT72MS ABR|Spikes|[from] move: Defog|[of] p1a: Corviknight
|move|p2a: Ferrothorn|Spikes|p1a: Corviknight
|-sidestart|p1: LT72MS ABR|Spikes
|
|-heal|p1a: Corviknight|88/100|[from] item: Leftovers
|-damage|p1a: Corviknight|75/100|[from] Leech Seed|[of] p2a: Ferrothorn
|upkeep
|turn|8
|c| ChiefGreenLeaf3|yall owe whoever made this ditto stall money
|j| wsxwsxwsxwsxw
|j| 4452231p
|
|t:|1597702028
|move|p1a: Corviknight|Defog|p2a: Ferrothorn
|-unboost|p2a: Ferrothorn|evasion|1
|-sideend|p1: LT72MS ABR|Spikes|[from] move: Defog|[of] p1a: Corviknight
|move|p2a: Ferrothorn|Spikes|p1a: Corviknight
|-sidestart|p1: LT72MS ABR|Spikes
|
|-heal|p1a: Corviknight|82/100|[from] item: Leftovers
|-damage|p1a: Corviknight|69/100|[from] Leech Seed|[of] p2a: Ferrothorn
|upkeep
|turn|9
|
|t:|1597702033
|move|p1a: Corviknight|Defog|p2a: Ferrothorn
|-unboost|p2a: Ferrothorn|evasion|1
|-sideend|p1: LT72MS ABR|Spikes|[from] move: Defog|[of] p1a: Corviknight
|move|p2a: Ferrothorn|Body Press|p1a: Corviknight
|-damage|p1a: Corviknight|51/100
|
|-heal|p1a: Corviknight|58/100|[from] item: Leftovers
|-damage|p1a: Corviknight|45/100|[from] Leech Seed|[of] p2a: Ferrothorn
|upkeep
|turn|10
|j| uuj6 cow
|
|t:|1597702035
|move|p1a: Corviknight|Roost|p1a: Corviknight
|-heal|p1a: Corviknight|95/100
|-singleturn|p1a: Corviknight|move: Roost
|move|p2a: Ferrothorn|Body Press|p1a: Corviknight
|-supereffective|p1a: Corviknight
|-damage|p1a: Corviknight|56/100
|
|-heal|p1a: Corviknight|62/100|[from] item: Leftovers
|-damage|p1a: Corviknight|50/100|[from] Leech Seed|[of] p2a: Ferrothorn
|upkeep
|turn|11
|j| Omgtamade
|j|+Chaitanya
|
|t:|1597702037
|move|p1a: Corviknight|Roost|p1a: Corviknight
|-heal|p1a: Corviknight|99/100
|-singleturn|p1a: Corviknight|move: Roost
|move|p2a: Ferrothorn|Spikes|p1a: Corviknight
|-sidestart|p1: LT72MS ABR|Spikes
|
|-heal|p1a: Corviknight|100/100|[from] item: Leftovers
|-damage|p1a: Corviknight|88/100|[from] Leech Seed|[of] p2a: Ferrothorn
|upkeep
|turn|12
|j|+Roseybear
|
|t:|1597702040
|move|p1a: Corviknight|Defog|p2a: Ferrothorn
|-unboost|p2a: Ferrothorn|evasion|0
|-sideend|p1: LT72MS ABR|Spikes|[from] move: Defog|[of] p1a: Corviknight
|move|p2a: Ferrothorn|Body Press|p1a: Corviknight
|-damage|p1a: Corviknight|71/100
|
|-heal|p1a: Corviknight|77/100|[from] item: Leftovers
|-damage|p1a: Corviknight|64/100|[from] Leech Seed|[of] p2a: Ferrothorn
|upkeep
|turn|13
|
|t:|1597702043
|move|p1a: Corviknight|Roost|p1a: Corviknight
|-heal|p1a: Corviknight|100/100
|-singleturn|p1a: Corviknight|move: Roost
|move|p2a: Ferrothorn|Body Press|p1a: Corviknight
|-supereffective|p1a: Corviknight
|-damage|p1a: Corviknight|66/100
|
|-heal|p1a: Corviknight|73/100|[from] item: Leftovers
|-damage|p1a: Corviknight|60/100|[from] Leech Seed|[of] p2a: Ferrothorn
|upkeep
|turn|14
|
|t:|1597702049
|move|p1a: Corviknight|Roost|p1a: Corviknight
|-heal|p1a: Corviknight|100/100
|-singleturn|p1a: Corviknight|move: Roost
|move|p2a: Ferrothorn|Spikes|p1a: Corviknight
|-sidestart|p1: LT72MS ABR|Spikes
|
|-damage|p1a: Corviknight|88/100|[from] Leech Seed|[of] p2a: Ferrothorn
|upkeep
|turn|15
|j| Spl4sh
|j| Storm Zone
|
|t:|1597702060
|move|p1a: Corviknight|Defog|p2a: Ferrothorn
|-unboost|p2a: Ferrothorn|evasion|0
|-sideend|p1: LT72MS ABR|Spikes|[from] move: Defog|[of] p1a: Corviknight
|move|p2a: Ferrothorn|Spikes|p1a: Corviknight
|-sidestart|p1: LT72MS ABR|Spikes
|
|-heal|p1a: Corviknight|94/100|[from] item: Leftovers
|-damage|p1a: Corviknight|82/100|[from] Leech Seed|[of] p2a: Ferrothorn
|upkeep
|turn|16
|
|t:|1597702063
|switch|p2a: Pelipper|Pelipper, M|100/100
|-weather|RainDance|[from] ability: Drizzle|[of] p2a: Pelipper
|move|p1a: Corviknight|Defog|p2a: Pelipper
|-unboost|p2a: Pelipper|evasion|1
|-sideend|p1: LT72MS ABR|Spikes|[from] move: Defog|[of] p1a: Corviknight
|
|-weather|RainDance|[upkeep]
|-heal|p1a: Corviknight|88/100|[from] item: Leftovers
|-damage|p1a: Corviknight|75/100|[from] Leech Seed|[of] p2a: Pelipper
|upkeep
|turn|17
|j| LT72MS Ox
|
|t:|1597702069
|switch|p1a: Toxapex|Toxapex, M|100/100
|move|p2a: Pelipper|U-turn|p1a: Toxapex
|-resisted|p1a: Toxapex
|-damage|p1a: Toxapex|98/100
|-damage|p2a: Pelipper|84/100|[from] item: Rocky Helmet|[of] p1a: Toxapex
|j| curopins
|
|t:|1597702075
|switch|p2a: Seismitoad|Seismitoad, F|100/100|[from]move: U-turn
|
|-weather|RainDance|[upkeep]
|upkeep
|turn|18
|
|t:|1597702079
|switch|p1a: Blissey|Blissey, F|100/100
|move|p2a: Seismitoad|Stealth Rock|p1a: Blissey
|-sidestart|p1: LT72MS ABR|move: Stealth Rock
|
|-weather|RainDance|[upkeep]
|upkeep
|turn|19
|
|t:|1597702081
|-singleturn|p2a: Seismitoad|move: Focus Punch
|move|p1a: Blissey|Stealth Rock|p2a: Seismitoad
|-sidestart|p2: ezwz|move: Stealth Rock
|move|p2a: Seismitoad|Focus Punch|p1a: Blissey
|-supereffective|p1a: Blissey
|-damage|p1a: Blissey|22/100
|-damage|p2a: Seismitoad|91/100|[from] item: Life Orb
|
|-weather|RainDance|[upkeep]
|upkeep
|turn|20
|j| UUJ6 lok
|j| BluBirD
|
|t:|1597702088
|switch|p1a: Amoonguss|Amoonguss, M|100/100
|-damage|p1a: Amoonguss|88/100|[from] Stealth Rock
|move|p2a: Seismitoad|Weather Ball|p1a: Amoonguss
|-resisted|p1a: Amoonguss
|-damage|p1a: Amoonguss|48/100
|-damage|p2a: Seismitoad|81/100|[from] item: Life Orb
|
|-weather|RainDance|[upkeep]
|upkeep
|turn|21
|j| LT72MS Christo
|
|t:|1597702120
|switch|p2a: Ferrothorn|Ferrothorn, F|100/100
|-damage|p2a: Ferrothorn|94/100|[from] Stealth Rock
|move|p1a: Amoonguss|Giga Drain|p2a: Ferrothorn
|-resisted|p2a: Ferrothorn
|-damage|p2a: Ferrothorn|90/100
|-heal|p1a: Amoonguss|50/100|[from] drain|[of] p2a: Ferrothorn
|
|-weather|RainDance|[upkeep]
|upkeep
|turn|22
|j| Askov
|
|t:|1597702127
|switch|p1a: Corviknight|Corviknight, M|75/100
|-damage|p1a: Corviknight|63/100|[from] Stealth Rock
|-ability|p1a: Corviknight|Pressure
|switch|p2a: Urshifu|Urshifu-Rapid-Strike, M|100/100
|-damage|p2a: Urshifu|94/100|[from] Stealth Rock
|
|-weather|RainDance|[upkeep]
|-heal|p1a: Corviknight|69/100|[from] item: Leftovers
|upkeep
|turn|23
|
|t:|1597702130
|switch|p1a: Toxapex|Toxapex, M|100/100
|-damage|p1a: Toxapex|88/100|[from] Stealth Rock
|move|p2a: Urshifu|Surging Strikes|p1a: Toxapex
|-resisted|p1a: Toxapex
|-crit|p1a: Toxapex
|-damage|p1a: Toxapex|73/100
|-damage|p2a: Urshifu|78/100|[from] item: Rocky Helmet|[of] p1a: Toxapex
|-resisted|p1a: Toxapex
|-crit|p1a: Toxapex
|-damage|p1a: Toxapex|59/100
|-damage|p2a: Urshifu|61/100|[from] item: Rocky Helmet|[of] p1a: Toxapex
|-resisted|p1a: Toxapex
|-crit|p1a: Toxapex
|-damage|p1a: Toxapex|44/100
|-damage|p2a: Urshifu|45/100|[from] item: Rocky Helmet|[of] p1a: Toxapex
|-hitcount|p1a: Toxapex|3
|
|-weather|none
|upkeep
|turn|24
|inactive|Battle timer is ON: inactive players will automatically lose when time's up. (requested by LT72MS ABR)
|c|☆ezwz|starting to remember why i had knock off on ferro now
|
|t:|1597702169
|switch|p2a: Pelipper|Pelipper, M|84/100
|-damage|p2a: Pelipper|59/100|[from] Stealth Rock
|-weather|RainDance|[from] ability: Drizzle|[of] p2a: Pelipper
|move|p1a: Toxapex|Recover|p1a: Toxapex
|-heal|p1a: Toxapex|94/100
|
|-weather|RainDance|[upkeep]
|upkeep
|turn|25
|j| bendavies
|j| lt72ms leo
|
|t:|1597702181
|move|p2a: Pelipper|Scald|p1a: Toxapex
|-resisted|p1a: Toxapex
|-damage|p1a: Toxapex|77/100
|move|p1a: Toxapex|Scald|p2a: Pelipper
|-resisted|p2a: Pelipper
|-damage|p2a: Pelipper|44/100
|
|-weather|RainDance|[upkeep]
|upkeep
|turn|26
|
|t:|1597702196
|move|p2a: Pelipper|U-turn|p1a: Toxapex
|-resisted|p1a: Toxapex
|-damage|p1a: Toxapex|74/100
|-damage|p2a: Pelipper|27/100|[from] item: Rocky Helmet|[of] p1a: Toxapex
|
|t:|1597702198
|switch|p2a: Ferrothorn|Ferrothorn, F|90/100|[from]move: U-turn
|-damage|p2a: Ferrothorn|83/100|[from] Stealth Rock
|move|p1a: Toxapex|Knock Off|p2a: Ferrothorn
|-damage|p2a: Ferrothorn|77/100
|-damage|p1a: Toxapex|62/100|[from] ability: Iron Barbs|[of] p2a: Ferrothorn
|
|-weather|RainDance|[upkeep]
|upkeep
|turn|27
|
|t:|1597702202
|move|p1a: Toxapex|Scald|p2a: Ferrothorn
|-resisted|p2a: Ferrothorn
|-damage|p2a: Ferrothorn|66/100
|move|p2a: Ferrothorn|Spikes|p1a: Toxapex
|-sidestart|p1: LT72MS ABR|Spikes
|
|-weather|RainDance|[upkeep]
|upkeep
|turn|28
|l| LT72MS Adri
|
|t:|1597702210
|switch|p2a: Kingdra|Kingdra, F|100/100
|-damage|p2a: Kingdra|88/100|[from] Stealth Rock
|move|p1a: Toxapex|Recover|p1a: Toxapex
|-heal|p1a: Toxapex|100/100
|
|-weather|RainDance|[upkeep]
|upkeep
|turn|29
|j| Juseth sepulveda
|
|t:|1597702216
|switch|p2a: Ferrothorn|Ferrothorn, F|66/100
|-damage|p2a: Ferrothorn|60/100|[from] Stealth Rock
|move|p1a: Toxapex|Recover||[still]
|-fail|p1a: Toxapex|heal
|
|-weather|RainDance|[upkeep]
|upkeep
|turn|30
|
|t:|1597702223
|move|p1a: Toxapex|Scald|p2a: Ferrothorn
|-resisted|p2a: Ferrothorn
|-damage|p2a: Ferrothorn|50/100
|move|p2a: Ferrothorn|Leech Seed|p1a: Toxapex
|-start|p1a: Toxapex|move: Leech Seed
|
|-weather|RainDance|[upkeep]
|-damage|p1a: Toxapex|88/100|[from] Leech Seed|[of] p2a: Ferrothorn
|-heal|p2a: Ferrothorn|60/100|[silent]
|upkeep
|turn|31
|
|t:|1597702225
|switch|p2a: Kingdra|Kingdra, F|88/100
|-damage|p2a: Kingdra|76/100|[from] Stealth Rock
|move|p1a: Toxapex|Knock Off|p2a: Kingdra
|-damage|p2a: Kingdra|56/100
|-enditem|p2a: Kingdra|Choice Specs|[from] move: Knock Off|[of] p1a: Toxapex
|
|-weather|none
|-damage|p1a: Toxapex|76/100|[from] Leech Seed|[of] p2a: Kingdra
|-heal|p2a: Kingdra|69/100|[silent]
|upkeep
|turn|32
|j| wyn
|
|t:|1597702233
|switch|p1a: Corviknight|Corviknight, M|69/100
|-damage|p1a: Corviknight|57/100|[from] Stealth Rock
|-ability|p1a: Corviknight|Pressure
|move|p2a: Kingdra|Hurricane|p1a: Corviknight
|-resisted|p1a: Corviknight
|-damage|p1a: Corviknight|40/100
|
|-heal|p1a: Corviknight|47/100|[from] item: Leftovers
|upkeep
|turn|33
|j| lt72ms cuzzie
|
|t:|1597702239
|switch|p1a: Ditto|Ditto|100/100
|-damage|p1a: Ditto|88/100|[from] Stealth Rock
|-damage|p1a: Ditto|76/100|[from] Spikes
|-transform|p1a: Ditto|p2a: Kingdra|[from] ability: Imposter
|move|p2a: Kingdra|Hydro Pump|p1a: Ditto
|-resisted|p1a: Ditto
|-crit|p1a: Ditto
|-damage|p1a: Ditto|53/100
|
|upkeep
|turn|34
|l| lt72ms Qrts
|
|t:|1597702256
|switch|p1a: Corviknight|Corviknight, M|47/100
|-damage|p1a: Corviknight|34/100|[from] Stealth Rock
|-ability|p1a: Corviknight|Pressure
|switch|p2a: Mandibuzz|Mandibuzz, F|100/100
|
|-heal|p1a: Corviknight|40/100|[from] item: Leftovers
|upkeep
|turn|35
|j| ayevon
|
|t:|1597702262
|move|p2a: Mandibuzz|U-turn|p1a: Corviknight
|-resisted|p1a: Corviknight
|-damage|p1a: Corviknight|39/100
|
|t:|1597702264
|switch|p2a: Urshifu|Urshifu-Rapid-Strike, M|45/100|[from]move: U-turn
|-damage|p2a: Urshifu|39/100|[from] Stealth Rock
|move|p1a: Corviknight|Roost|p1a: Corviknight
|-heal|p1a: Corviknight|89/100
|-singleturn|p1a: Corviknight|move: Roost
|
|-heal|p1a: Corviknight|95/100|[from] item: Leftovers
|upkeep
|turn|36
|
|t:|1597702273
|switch|p1a: Toxapex|Toxapex, M|100/100
|-damage|p1a: Toxapex|88/100|[from] Spikes
|-damage|p1a: Toxapex|76/100|[from] Stealth Rock
|move|p2a: Urshifu|Thunder Punch|p1a: Toxapex
|-supereffective|p1a: Toxapex
|-damage|p1a: Toxapex|19/100
|-damage|p2a: Urshifu|22/100|[from] item: Rocky Helmet|[of] p1a: Toxapex
|
|upkeep
|turn|37
|j| lt72ms Qrts
|l| wyn
|
|t:|1597702283
|switch|p2a: Pelipper|Pelipper, M|27/100
|-damage|p2a: Pelipper|2/100|[from] Stealth Rock
|-weather|RainDance|[from] ability: Drizzle|[of] p2a: Pelipper
|switch|p1a: Quagsire|Quagsire, M|100/100
|-damage|p1a: Quagsire|94/100|[from] Stealth Rock
|-damage|p1a: Quagsire|82/100|[from] Spikes
|
|-weather|RainDance|[upkeep]
|-heal|p1a: Quagsire|88/100|[from] item: Leftovers
|upkeep
|turn|38
|
|t:|1597702286
|move|p2a: Pelipper|Roost|p2a: Pelipper
|-heal|p2a: Pelipper|53/100
|-singleturn|p2a: Pelipper|move: Roost
|move|p1a: Quagsire|Scald|p2a: Pelipper
|-resisted|p2a: Pelipper
|-damage|p2a: Pelipper|32/100
|
|-weather|RainDance|[upkeep]
|-heal|p1a: Quagsire|94/100|[from] item: Leftovers
|upkeep
|turn|39
|
|t:|1597702290
|move|p2a: Pelipper|U-turn|p1a: Quagsire
|-damage|p1a: Quagsire|87/100
|
|t:|1597702296
|switch|p2a: Ferrothorn|Ferrothorn, F|60/100|[from]move: U-turn
|-damage|p2a: Ferrothorn|54/100|[from] Stealth Rock
|move|p1a: Quagsire|Scald|p2a: Ferrothorn
|-resisted|p2a: Ferrothorn
|-damage|p2a: Ferrothorn|42/100
|
|-weather|RainDance|[upkeep]
|-heal|p1a: Quagsire|93/100|[from] item: Leftovers
|upkeep
|turn|40
|j| IKame2Lose
|l| 2spoopy4u
|
|t:|1597702299
|move|p1a: Quagsire|Protect|p1a: Quagsire
|-singleturn|p1a: Quagsire|Protect
|move|p2a: Ferrothorn|Leech Seed|p1a: Quagsire
|-activate|p1a: Quagsire|move: Protect
|
|-weather|RainDance|[upkeep]
|-heal|p1a: Quagsire|99/100|[from] item: Leftovers
|upkeep
|turn|41
|
|t:|1597702302
|switch|p1a: Corviknight|Corviknight, M|95/100
|-damage|p1a: Corviknight|83/100|[from] Stealth Rock
|-ability|p1a: Corviknight|Pressure
|move|p2a: Ferrothorn|Leech Seed|p1a: Corviknight
|-start|p1a: Corviknight|move: Leech Seed
|
|-weather|RainDance|[upkeep]
|-heal|p1a: Corviknight|89/100|[from] item: Leftovers
|-damage|p1a: Corviknight|76/100|[from] Leech Seed|[of] p2a: Ferrothorn
|-heal|p2a: Ferrothorn|56/100|[silent]
|upkeep
|turn|42
|
|t:|1597702306
|move|p1a: Corviknight|Defog|p2a: Ferrothorn
|-unboost|p2a: Ferrothorn|evasion|1
|-sideend|p2: ezwz|Stealth Rock|[from] move: Defog|[of] p1a: Corviknight
|-sideend|p1: LT72MS ABR|Spikes|[from] move: Defog|[of] p1a: Corviknight
|-sideend|p1: LT72MS ABR|Stealth Rock|[from] move: Defog|[of] p1a: Corviknight
|move|p2a: Ferrothorn|Spikes|p1a: Corviknight
|-sidestart|p1: LT72MS ABR|Spikes
|
|-weather|RainDance|[upkeep]
|-heal|p1a: Corviknight|83/100|[from] item: Leftovers
|-damage|p1a: Corviknight|70/100|[from] Leech Seed|[of] p2a: Ferrothorn
|-heal|p2a: Ferrothorn|70/100|[silent]
|upkeep
|turn|43
|
|t:|1597702311
|move|p1a: Corviknight|Defog|p2a: Ferrothorn
|-unboost|p2a: Ferrothorn|evasion|1
|-sideend|p1: LT72MS ABR|Spikes|[from] move: Defog|[of] p1a: Corviknight
|move|p2a: Ferrothorn|Spikes|p1a: Corviknight
|-sidestart|p1: LT72MS ABR|Spikes
|
|-weather|RainDance|[upkeep]
|-heal|p1a: Corviknight|76/100|[from] item: Leftovers
|-damage|p1a: Corviknight|64/100|[from] Leech Seed|[of] p2a: Ferrothorn
|-heal|p2a: Ferrothorn|85/100|[silent]
|upkeep
|turn|44
|
|t:|1597702314
|move|p1a: Corviknight|Defog|p2a: Ferrothorn
|-unboost|p2a: Ferrothorn|evasion|1
|-sideend|p1: LT72MS ABR|Spikes|[from] move: Defog|[of] p1a: Corviknight
|move|p2a: Ferrothorn|Spikes|p1a: Corviknight
|-sidestart|p1: LT72MS ABR|Spikes
|
|-weather|none
|-heal|p1a: Corviknight|70/100|[from] item: Leftovers
|-damage|p1a: Corviknight|58/100|[from] Leech Seed|[of] p2a: Ferrothorn
|-heal|p2a: Ferrothorn|99/100|[silent]
|upkeep
|turn|45
|
|t:|1597702321
|switch|p2a: Pelipper|Pelipper, M|32/100
|-weather|RainDance|[from] ability: Drizzle|[of] p2a: Pelipper
|move|p1a: Corviknight|Defog|p2a: Pelipper
|-unboost|p2a: Pelipper|evasion|1
|-sideend|p1: LT72MS ABR|Spikes|[from] move: Defog|[of] p1a: Corviknight
|
|-weather|RainDance|[upkeep]
|-heal|p1a: Corviknight|64/100|[from] item: Leftovers
|-damage|p1a: Corviknight|51/100|[from] Leech Seed|[of] p2a: Pelipper
|-heal|p2a: Pelipper|47/100|[silent]
|upkeep
|turn|46
|
|t:|1597702326
|move|p2a: Pelipper|Scald|p1a: Corviknight
|-damage|p1a: Corviknight|16/100
|move|p1a: Corviknight|Roost|p1a: Corviknight
|-heal|p1a: Corviknight|66/100
|-singleturn|p1a: Corviknight|move: Roost
|
|-weather|RainDance|[upkeep]
|-heal|p1a: Corviknight|72/100|[from] item: Leftovers
|-damage|p1a: Corviknight|60/100|[from] Leech Seed|[of] p2a: Pelipper
|-heal|p2a: Pelipper|63/100|[silent]
|upkeep
|turn|47
|j| chenchujia
|
|t:|1597702331
|switch|p1a: Toxapex|Toxapex, M|53/100
|move|p2a: Pelipper|Scald|p1a: Toxapex
|-resisted|p1a: Toxapex
|-damage|p1a: Toxapex|36/100
|
|-weather|RainDance|[upkeep]
|upkeep
|turn|48
|j| CramoBot└♥┘
|
|t:|1597702335
|move|p2a: Pelipper|Scald|p1a: Toxapex
|-resisted|p1a: Toxapex
|-damage|p1a: Toxapex|19/100
|move|p1a: Toxapex|Recover|p1a: Toxapex
|-heal|p1a: Toxapex|69/100
|
|-weather|RainDance|[upkeep]
|upkeep
|turn|49
|j| LT72MS FLEXMAN
|
|t:|1597702339
|move|p2a: Pelipper|Scald|p1a: Toxapex
|-resisted|p1a: Toxapex
|-damage|p1a: Toxapex|52/100
|move|p1a: Toxapex|Knock Off|p2a: Pelipper
|-damage|p2a: Pelipper|51/100
|-enditem|p2a: Pelipper|Damp Rock|[from] move: Knock Off|[of] p1a: Toxapex
|
|-weather|RainDance|[upkeep]
|upkeep
|turn|50
|
|t:|1597702344
|move|p2a: Pelipper|Scald|p1a: Toxapex
|-resisted|p1a: Toxapex
|-damage|p1a: Toxapex|35/100
|move|p1a: Toxapex|Scald|p2a: Pelipper
|-resisted|p2a: Pelipper
|-damage|p2a: Pelipper|34/100
|-status|p2a: Pelipper|brn
|
|-weather|RainDance|[upkeep]
|-damage|p2a: Pelipper|28/100 brn|[from] brn
|upkeep
|turn|51
|
|t:|1597702347
|move|p2a: Pelipper|Scald|p1a: Toxapex
|-resisted|p1a: Toxapex
|-damage|p1a: Toxapex|20/100
|-status|p1a: Toxapex|brn
|move|p1a: Toxapex|Recover|p1a: Toxapex
|-heal|p1a: Toxapex|70/100 brn
|
|-weather|RainDance|[upkeep]
|-damage|p2a: Pelipper|22/100 brn|[from] brn
|-damage|p1a: Toxapex|64/100 brn|[from] brn
|upkeep
|turn|52
|j| Dontea
|j| 30GXE-NOOB
|j| Noiptile
|
|t:|1597702358
|switch|p1a: Blissey|Blissey, F|22/100
|move|p2a: Pelipper|U-turn|p1a: Blissey
|-damage|p1a: Blissey|18/100
|j| oikik9
|c| ChiefGreenLeaf3|nice
|
|t:|1597702374
|switch|p2a: Kingdra|Kingdra, F|69/100|[from]move: U-turn
|
|-weather|none
|upkeep
|turn|53
|
|t:|1597702379
|switch|p1a: Toxapex|Toxapex, M|97/100 brn
|move|p2a: Kingdra|Surf|p1a: Toxapex
|-resisted|p1a: Toxapex
|-damage|p1a: Toxapex|81/100 brn
|
|-damage|p1a: Toxapex|75/100 brn|[from] brn
|upkeep
|turn|54
|l| CramoBot└♥┘
|
|t:|1597702386
|switch|p2a: Ferrothorn|Ferrothorn, F|99/100
|move|p1a: Toxapex|Recover|p1a: Toxapex
|-heal|p1a: Toxapex|100/100 brn
|
|-damage|p1a: Toxapex|95/100 brn|[from] brn
|upkeep
|turn|55
|l| Noiptile
|
|t:|1597702392
|switch|p1a: Corviknight|Corviknight, M|60/100
|-ability|p1a: Corviknight|Pressure
|move|p2a: Ferrothorn|Leech Seed|p1a: Corviknight
|-start|p1a: Corviknight|move: Leech Seed
|
|-heal|p1a: Corviknight|66/100|[from] item: Leftovers
|-damage|p1a: Corviknight|53/100|[from] Leech Seed|[of] p2a: Ferrothorn
|-heal|p2a: Ferrothorn|100/100|[silent]
|upkeep
|turn|56
|
|t:|1597702395
|switch|p2a: Pelipper|Pelipper, M|22/100 brn
|-weather|RainDance|[from] ability: Drizzle|[of] p2a: Pelipper
|move|p1a: Corviknight|Roost|p1a: Corviknight
|-heal|p1a: Corviknight|100/100
|-singleturn|p1a: Corviknight|move: Roost
|
|-weather|RainDance|[upkeep]
|-damage|p1a: Corviknight|88/100|[from] Leech Seed|[of] p2a: Pelipper
|-heal|p2a: Pelipper|37/100 brn|[silent]
|-damage|p2a: Pelipper|31/100 brn|[from] brn
|upkeep
|turn|57
|l| LT72MS FLEXMAN
|
|t:|1597702402
|move|p2a: Pelipper|U-turn|p1a: Corviknight
|-resisted|p1a: Corviknight
|-crit|p1a: Corviknight
|-damage|p1a: Corviknight|87/100
|
|t:|1597702406
|switch|p2a: Ferrothorn|Ferrothorn, F|100/100|[from]move: U-turn
|move|p1a: Corviknight|U-turn|p2a: Ferrothorn
|-damage|p2a: Ferrothorn|92/100
|-damage|p1a: Corviknight|75/100|[from] ability: Iron Barbs|[of] p2a: Ferrothorn
|j| LT72MS Empo
|j| Jjapjdj
|
|t:|1597702422
|switch|p1a: Amoonguss|Amoonguss, M|83/100|[from]move: U-turn
|
|-weather|RainDance|[upkeep]
|upkeep
|turn|58
|j| THE LADDER DONS
|
|t:|1597702428
|switch|p1a: Corviknight|Corviknight, M|75/100
|-ability|p1a: Corviknight|Pressure
|move|p2a: Ferrothorn|Spikes|p1a: Corviknight
|-sidestart|p1: LT72MS ABR|Spikes
|
|-weather|RainDance|[upkeep]
|-heal|p1a: Corviknight|81/100|[from] item: Leftovers
|upkeep
|turn|59
|l| Jjapjdj
|
|t:|1597702434
|switch|p2a: Seismitoad|Seismitoad, F|81/100
|move|p1a: Corviknight|Defog|p2a: Seismitoad
|-unboost|p2a: Seismitoad|evasion|1
|-sideend|p1: LT72MS ABR|Spikes|[from] move: Defog|[of] p1a: Corviknight
|
|-weather|RainDance|[upkeep]
|-heal|p1a: Corviknight|87/100|[from] item: Leftovers
|upkeep
|turn|60
|
|t:|1597702440
|switch|p1a: Amoonguss|Amoonguss, M|100/100
|move|p2a: Seismitoad|Stealth Rock|p1a: Amoonguss
|-sidestart|p1: LT72MS ABR|move: Stealth Rock
|
|-weather|none
|upkeep
|turn|61
|
|t:|1597702445
|switch|p2a: Ferrothorn|Ferrothorn, F|92/100
|switch|p1a: Corviknight|Corviknight, M|87/100
|-damage|p1a: Corviknight|75/100|[from] Stealth Rock
|-ability|p1a: Corviknight|Pressure
|
|-heal|p1a: Corviknight|81/100|[from] item: Leftovers
|upkeep
|turn|62
|
|t:|1597702455
|switch|p2a: Pelipper|Pelipper, M|31/100 brn
|-weather|RainDance|[from] ability: Drizzle|[of] p2a: Pelipper
|move|p1a: Corviknight|Defog|p2a: Pelipper
|-unboost|p2a: Pelipper|evasion|1
|-sideend|p1: LT72MS ABR|Stealth Rock|[from] move: Defog|[of] p1a: Corviknight
|
|-weather|RainDance|[upkeep]
|-heal|p1a: Corviknight|87/100|[from] item: Leftovers
|-damage|p2a: Pelipper|25/100 brn|[from] brn
|upkeep
|turn|63
|
|t:|1597702457
|move|p2a: Pelipper|Roost|p2a: Pelipper
|-heal|p2a: Pelipper|75/100 brn
|-singleturn|p2a: Pelipper|move: Roost
|move|p1a: Corviknight|U-turn|p2a: Pelipper
|-damage|p2a: Pelipper|63/100 brn
|l| THE LADDER DONS
|
|t:|1597702459
|switch|p1a: Blissey|Blissey, F|18/100|[from]move: U-turn
|
|-weather|RainDance|[upkeep]
|-damage|p2a: Pelipper|57/100 brn|[from] brn
|upkeep
|turn|64
|j| LSDKJFGH
|
|t:|1597702470
|move|p1a: Blissey|Soft-Boiled|p1a: Blissey
|-heal|p1a: Blissey|68/100
|move|p2a: Pelipper|U-turn|p1a: Blissey
|-damage|p1a: Blissey|64/100
|
|t:|1597702475
|switch|p2a: Urshifu|Urshifu-Rapid-Strike, M|22/100|[from]move: U-turn
|
|-weather|RainDance|[upkeep]
|upkeep
|turn|65
|j| THE LADDER DONS
|
|t:|1597702480
|switch|p2a: Seismitoad|Seismitoad, F|81/100
|switch|p1a: Amoonguss|Amoonguss, M|100/100
|
|-weather|RainDance|[upkeep]
|upkeep
|turn|66
|c|☆ezwz|gg
|c|☆LT72MS ABR|gg
|-message|ezwz forfeited.
|
|win|LT72MS ABR
|l|☆ezwz
|l| 30GXE-NOOB
|l| lt72ms Qrts
|l|☆LT72MS ABR
|l| telemarked
|l| LT72MS Empo
|l| LT72MS Ox
|l| Dontea
|l|+Chaitanya
|l| ChiefGreenLeaf3
|raw|LT72MS ABR's rating: 2011 &rarr; <strong>2024</strong><br />(+13 for winning)
|raw|ezwz's rating: 1868 &rarr; <strong>1855</strong><br />(-13 for losing)
|l| 4452231p
|l| LSDKJFGH
|l| THE LADDER DONS
|l|+Roseybear
