|j|☆Maitredouard2
|j|☆Le-Perpetrator
|t:|1639490252
|gametype|singles
|player|p1|Maitredouard2|266|1565
|player|p2|Le-Perpetrator|102|1810
|teamsize|p1|6
|teamsize|p2|6
|gen|8
|tier|[Gen 8] OU
|rated|
|rule|Sleep Clause Mod: Limit one foe put to sleep
|rule|Species Clause: Limit one of each Pokémon
|rule|OHKO Clause: OHKO moves are banned
|rule|Evasion Moves Clause: Evasion moves are banned
|rule|Endless Battle Clause: Forcing endless battles is banned
|rule|HP Percentage Mod: HP is shown in percentages
|rule|Dynamax Clause: You cannot dynamax
|clearpoke
|poke|p1|Mandibuzz, F|
|poke|p1|Landorus-Therian, M|
|poke|p1|Blissey, F|
|poke|p1|Heatran, M|
|poke|p1|Toxapex, F|
|poke|p1|Dragapult, F|
|poke|p2|Rhyperior, M|
|poke|p2|Togekiss, M|
|poke|p2|Toxapex, M|
|poke|p2|Ferrothorn, M|
|poke|p2|Hatterene, F|
|poke|p2|Dragapult, M|
|teampreview
|inactive|Battle timer is ON: inactive players will automatically lose when time's up. (requested by Maitredouard2)
|
|t:|1639490299
|start
|switch|p1a: Dragapult|Dragapult, F|100/100
|switch|p2a: TwinkleToes|Togekiss, M|100/100
|turn|1
|
|t:|1639490307
|move|p1a: Dragapult|U-turn|p2a: TwinkleToes
|-resisted|p2a: TwinkleToes
|-damage|p2a: TwinkleToes|96/100
|
|t:|1639490310
|switch|p1a: Blissey|Blissey, F|100/100|[from]move: U-turn
|move|p2a: TwinkleToes|Thunder Wave|p1a: Blissey
|-status|p1a: Blissey|par
|
|-heal|p2a: TwinkleToes|100/100|[from] item: Leftovers
|upkeep
|turn|2
|
|t:|1639490320
|switch|p2a: Condom|Hatterene, F|100/100
|move|p1a: Blissey|Toxic|p2a: Condom
|move|p2a: Condom|Toxic||[from]ability: Magic Bounce|[still]
|-fail|p2a: Condom
|
|upkeep
|turn|3
|
|t:|1639490329
|move|p2a: Condom|Psyshock|p1a: Blissey
|-damage|p1a: Blissey|36/100 par
|move|p1a: Blissey|Seismic Toss|p2a: Condom
|-damage|p2a: Condom|69/100
|
|upkeep
|turn|4
|
|t:|1639490336
|move|p2a: Condom|Psyshock|p1a: Blissey
|-damage|p1a: Blissey|0 fnt
|faint|p1a: Blissey
|
|upkeep
|
|t:|1639490342
|switch|p1a: Dragapult|Dragapult, F|100/100
|turn|5
|
|t:|1639490348
|switch|p2a: NastyInsertion|Toxapex, M|100/100
|move|p1a: Dragapult|Shadow Ball|p2a: NastyInsertion
|-damage|p2a: NastyInsertion|61/100
|
|-heal|p2a: NastyInsertion|67/100|[from] item: Black Sludge
|upkeep
|turn|6
|
|t:|1639490357
|switch|p1a: Toxapex|Toxapex, F|100/100
|move|p2a: NastyInsertion|Recover|p2a: NastyInsertion
|-heal|p2a: NastyInsertion|100/100
|
|upkeep
|turn|7
|
|t:|1639490363
|switch|p2a: NickleBack|Ferrothorn, M|100/100
|move|p1a: Toxapex|Toxic|p2a: NickleBack
|-immune|p2a: NickleBack
|
|upkeep
|turn|8
|
|t:|1639490371
|switch|p1a: Heatran|Heatran, M|100/100
|-item|p1a: Heatran|Air Balloon
|move|p2a: NickleBack|Stealth Rock|p1a: Heatran
|-sidestart|p1: Maitredouard2|move: Stealth Rock
|
|upkeep
|turn|9
|
|t:|1639490380
|switch|p2a: NastyInsertion|Toxapex, M|100/100
|move|p1a: Heatran|Magma Storm|p2a: NastyInsertion
|-resisted|p2a: NastyInsertion
|-damage|p2a: NastyInsertion|79/100
|-activate|p2a: NastyInsertion|move: Magma Storm|[of] p1a: Heatran
|
|-heal|p2a: NastyInsertion|86/100|[from] item: Black Sludge
|-damage|p2a: NastyInsertion|73/100|[from] move: Magma Storm|[partiallytrapped]
|upkeep
|turn|10
|
|t:|1639490390
|move|p1a: Heatran|Earth Power|p2a: NastyInsertion
|-supereffective|p2a: NastyInsertion
|-damage|p2a: NastyInsertion|26/100
|move|p2a: NastyInsertion|Scald|p1a: Heatran
|-supereffective|p1a: Heatran
|-damage|p1a: Heatran|69/100
|-enditem|p1a: Heatran|Air Balloon
|
|-heal|p2a: NastyInsertion|32/100|[from] item: Black Sludge
|-damage|p2a: NastyInsertion|20/100|[from] move: Magma Storm|[partiallytrapped]
|upkeep
|turn|11
|inactive|Maitredouard2 has 120 seconds left.
|
|t:|1639490429
|move|p1a: Heatran|Earth Power|p2a: NastyInsertion
|-supereffective|p2a: NastyInsertion
|-damage|p2a: NastyInsertion|0 fnt
|faint|p2a: NastyInsertion
|
|upkeep
|inactive|Le-Perpetrator has 120 seconds left.
|
|t:|1639490454
|switch|p2a: BrockLesnar|Rhyperior, M|100/100
|turn|12
|
|t:|1639490458
|move|p1a: Heatran|Earth Power|p2a: BrockLesnar
|-supereffective|p2a: BrockLesnar
|-damage|p2a: BrockLesnar|51/100
|move|p2a: BrockLesnar|Stone Edge|p1a: Heatran
|-damage|p1a: Heatran|0 fnt
|faint|p1a: Heatran
|
|upkeep
|
|t:|1639490473
|switch|p1a: Toxapex|Toxapex, F|100/100
|-damage|p1a: Toxapex|88/100|[from] Stealth Rock
|turn|13
|
|t:|1639490477
|switch|p2a: NickleBack|Ferrothorn, M|100/100
|switch|p1a: Dragapult|Dragapult, F|100/100
|-damage|p1a: Dragapult|88/100|[from] Stealth Rock
|
|upkeep
|turn|14
|
|t:|1639490486
|switch|p2a: TwinkleToes|Togekiss, M|100/100
|move|p1a: Dragapult|Flamethrower|p2a: TwinkleToes
|-damage|p2a: TwinkleToes|63/100
|
|-heal|p2a: TwinkleToes|69/100|[from] item: Leftovers
|upkeep
|turn|15
|
|t:|1639490495
|switch|p1a: Landorus|Landorus-Therian, M|100/100
|-damage|p1a: Landorus|88/100|[from] Stealth Rock
|-ability|p1a: Landorus|Intimidate|boost
|-unboost|p2a: TwinkleToes|atk|1
|move|p2a: TwinkleToes|Air Slash|p1a: Landorus|[miss]
|-miss|p2a: TwinkleToes|p1a: Landorus
|
|-heal|p2a: TwinkleToes|75/100|[from] item: Leftovers
|upkeep
|turn|16
|
|t:|1639490505
|move|p1a: Landorus|Stone Edge|p2a: TwinkleToes|[miss]
|-miss|p1a: Landorus|p2a: TwinkleToes
|move|p2a: TwinkleToes|Air Slash|p1a: Landorus
|-damage|p1a: Landorus|44/100
|
|-heal|p2a: TwinkleToes|81/100|[from] item: Leftovers
|upkeep
|turn|17
|
|t:|1639490515
|switch|p1a: Dragapult|Dragapult, F|88/100
|-damage|p1a: Dragapult|76/100|[from] Stealth Rock
|switch|p2a: BrockLesnar|Rhyperior, M|51/100
|
|upkeep
|turn|18
|
|t:|1639490529
|switch|p2a: NickleBack|Ferrothorn, M|100/100
|move|p1a: Dragapult|Draco Meteor|p2a: NickleBack
|-resisted|p2a: NickleBack
|-damage|p2a: NickleBack|73/100
|-unboost|p1a: Dragapult|spa|2
|
|upkeep
|turn|19
|-message|Maitredouard2 forfeited.
|
|win|Le-Perpetrator
|raw|Maitredouard2's rating: 1565 &rarr; <strong>1557</strong><br />(-8 for losing)
|raw|Le-Perpetrator's rating: 1810 &rarr; <strong>1818</strong><br />(+8 for winning)
|l|☆Maitredouard2
