|j|☆MightRed
|j|☆Makuryu
|t:|1652886619
|gametype|singles
|player|p1|MightRed|bugcatcher-gen4dp|1756
|player|p2|Makuryu|koga|1857
|teamsize|p1|6
|teamsize|p2|6
|gen|8
|tier|[Gen 8] OU
|rated|
|rule|Sleep Clause Mod: Limit one foe put to sleep
|rule|Species Clause: Limit one of each Pokémon
|rule|OHKO Clause: OHKO moves are banned
|rule|Evasion Moves Clause: Evasion moves are banned
|rule|Endless Battle Clause: Forcing endless battles is banned
|rule|HP Percentage Mod: HP is shown in percentages
|rule|Dynamax Clause: You cannot dynamax
|clearpoke
|poke|p1|Toxapex, F|
|poke|p1|Tyranitar, M|
|poke|p1|Magnezone|
|poke|p1|Landorus-Therian, M|
|poke|p1|Tapu Lele|
|poke|p1|Dragonite, F|
|poke|p2|Landorus-Therian, M|
|poke|p2|Tapu Lele|
|poke|p2|Kartana|
|poke|p2|Garchomp, M|
|poke|p2|Corviknight, F|
|poke|p2|Toxapex, F|
|teampreview
|inactive|Battle timer is ON: inactive players will automatically lose when time's up. (requested by MightRed)
|
|t:|1652886634
|start
|switch|p1a: Tapu Lele|Tapu Lele|100/100
|switch|p2a: Tapu Lele|Tapu Lele|100/100
|-fieldstart|move: Psychic Terrain|[from] ability: Psychic Surge|[of] p1a: Tapu Lele
|turn|1
|j| LT_Alt1
|
|t:|1652886643
|switch|p2a: Corviknight|Corviknight, F|100/100
|-ability|p2a: Corviknight|Pressure
|move|p1a: Tapu Lele|Moonblast|p2a: Corviknight
|-resisted|p2a: Corviknight
|-damage|p2a: Corviknight|65/100
|
|-heal|p2a: Corviknight|71/100|[from] item: Leftovers
|upkeep
|turn|2
|
|t:|1652886654
|switch|p1a: Toxapex|Toxapex, F|100/100
|move|p2a: Corviknight|U-turn|p1a: Toxapex
|-resisted|p1a: Toxapex
|-damage|p1a: Toxapex|97/100
|-damage|p2a: Corviknight|55/100|[from] item: Rocky Helmet|[of] p1a: Toxapex
|j| ash_won_kalos
|
|t:|1652886661
|switch|p2a: Tapu Lele|Tapu Lele|100/100|[from]move: U-turn
|
|upkeep
|turn|3
|
|t:|1652886669
|switch|p1a: Tyranitar|Tyranitar, M|100/100
|-weather|Sandstorm|[from] ability: Sand Stream|[of] p1a: Tyranitar
|move|p2a: Tapu Lele|Future Sight|p1a: Tyranitar
|-start|p2a: Tapu Lele|move: Future Sight
|
|-weather|Sandstorm|[upkeep]
|-damage|p2a: Tapu Lele|94/100|[from] Sandstorm
|upkeep
|turn|4
|j| dogletsuperstar999
|
|t:|1652886683
|switch|p2a: Kartana|Kartana|100/100
|move|p1a: Tyranitar|Ice Punch|p2a: Kartana
|-damage|p2a: Kartana|68/100
|
|-weather|Sandstorm|[upkeep]
|upkeep
|turn|5
|
|t:|1652886697
|switch|p1a: Landorus|Landorus-Therian, M|100/100
|-ability|p1a: Landorus|Intimidate|boost
|-unboost|p2a: Kartana|atk|1
|move|p2a: Kartana|Leaf Blade|p1a: Landorus
|-damage|p1a: Landorus|60/100
|
|-weather|Sandstorm|[upkeep]
|-end|p1a: Landorus|move: Future Sight
|-damage|p1a: Landorus|0 fnt
|faint|p1a: Landorus
|-fieldend|move: Psychic Terrain
|upkeep
|
|t:|1652886710
|switch|p1a: Tapu Lele|Tapu Lele|100/100
|-fieldstart|move: Psychic Terrain|[from] ability: Psychic Surge|[of] p1a: Tapu Lele
|turn|6
|
|t:|1652886727
|move|p2a: Kartana|Leaf Blade|p1a: Tapu Lele
|-damage|p1a: Tapu Lele|40/100
|move|p1a: Tapu Lele|Psychic|p2a: Kartana
|-resisted|p2a: Kartana
|-damage|p2a: Kartana|0 fnt
|faint|p2a: Kartana
|
|-weather|Sandstorm|[upkeep]
|-damage|p1a: Tapu Lele|34/100|[from] Sandstorm
|upkeep
|
|t:|1652886737
|switch|p2a: Tapu Lele|Tapu Lele|94/100
|turn|7
|
|t:|1652886745
|switch|p1a: Toxapex|Toxapex, F|100/100
|move|p2a: Tapu Lele|Moonblast|p1a: Toxapex
|-resisted|p1a: Toxapex
|-damage|p1a: Toxapex|68/100
|-unboost|p1a: Toxapex|spa|1
|
|-weather|none
|upkeep
|turn|8
|j| ripreckful
|
|t:|1652886755
|switch|p2a: Garchomp|Garchomp, M|100/100
|switch|p1a: Tapu Lele|Tapu Lele|34/100
|
|upkeep
|turn|9
|l| ripreckful
|j| Bad Players
|
|t:|1652886772
|switch|p1a: Dragonite|Dragonite, F|100/100
|move|p2a: Garchomp|Earthquake|p1a: Dragonite
|-immune|p1a: Dragonite
|
|upkeep
|turn|10
|
|t:|1652886784
|move|p2a: Garchomp|Scale Shot|p1a: Dragonite
|-supereffective|p1a: Dragonite
|-damage|p1a: Dragonite|85/100
|-supereffective|p1a: Dragonite
|-damage|p1a: Dragonite|56/100
|-supereffective|p1a: Dragonite
|-damage|p1a: Dragonite|29/100
|-hitcount|p1a: Dragonite|3
|-unboost|p2a: Garchomp|def|1
|-boost|p2a: Garchomp|spe|1
|move|p1a: Dragonite|Outrage|p2a: Garchomp
|-supereffective|p2a: Garchomp
|-damage|p2a: Garchomp|0 fnt
|-damage|p1a: Dragonite|17/100|[from] ability: Rough Skin|[of] p2a: Garchomp
|faint|p2a: Garchomp
|
|-fieldend|move: Psychic Terrain
|upkeep
|
|t:|1652886808
|switch|p2a: Corviknight|Corviknight, F|55/100
|-ability|p2a: Corviknight|Pressure
|turn|11
|
|t:|1652886812
|move|p1a: Dragonite|Outrage|p2a: Corviknight|[from]lockedmove
|-resisted|p2a: Corviknight
|-damage|p2a: Corviknight|19/100
|move|p2a: Corviknight|Roost|p2a: Corviknight
|-heal|p2a: Corviknight|69/100
|-singleturn|p2a: Corviknight|move: Roost
|
|-heal|p2a: Corviknight|76/100|[from] item: Leftovers
|upkeep
|turn|12
|
|t:|1652886823
|switch|p2a: Tapu Lele|Tapu Lele|94/100
|-fieldstart|move: Psychic Terrain|[from] ability: Psychic Surge|[of] p2a: Tapu Lele
|move|p1a: Dragonite|Outrage|p2a: Tapu Lele|[from]lockedmove
|-immune|p2a: Tapu Lele
|-start|p1a: Dragonite|confusion|[fatigue]
|
|upkeep
|turn|13
|
|t:|1652886834
|move|p2a: Tapu Lele|Psychic|p1a: Dragonite
|-crit|p1a: Dragonite
|-damage|p1a: Dragonite|0 fnt
|faint|p1a: Dragonite
|
|upkeep
|
|t:|1652886841
|switch|p1a: Tapu Lele|Tapu Lele|34/100
|turn|14
|
|t:|1652886847
|move|p1a: Tapu Lele|Psychic|p2a: Tapu Lele
|-resisted|p2a: Tapu Lele
|-damage|p2a: Tapu Lele|47/100
|move|p2a: Tapu Lele|Psychic|p1a: Tapu Lele
|-resisted|p1a: Tapu Lele
|-damage|p1a: Tapu Lele|0 fnt
|faint|p1a: Tapu Lele
|
|upkeep
|
|t:|1652886858
|switch|p1a: Magnezone|Magnezone|100/100
|turn|15
|
|t:|1652886864
|move|p2a: Tapu Lele|Psychic|p1a: Magnezone
|-resisted|p1a: Magnezone
|-crit|p1a: Magnezone
|-damage|p1a: Magnezone|0 fnt
|faint|p1a: Magnezone
|
|upkeep
|-message|MightRed forfeited.
|
|win|Makuryu
|raw|MightRed's rating: 1756 &rarr; <strong>1742</strong><br />(-14 for losing)
|raw|Makuryu's rating: 1857 &rarr; <strong>1871</strong><br />(+14 for winning)
|l|☆MightRed
|l| ash_won_kalos
|l|☆Makuryu
|l| Bad Players
