|j|‽hOmer iS dEad '_>'
|j|☆friedfreak
|t:|1614145092
|player|p1|hOmer iS dEad '_>'|burglar-gen1|1795
|player|p2|friedfreak|169|1673
|teamsize|p1|6
|teamsize|p2|6
|gametype|singles
|gen|8
|tier|[Gen 8] OU
|rated|
|clearpoke
|poke|p1|Slowbro, F|
|poke|p1|Dragapult, F|
|poke|p1|Corviknight, M|
|poke|p1|Urshifu-*, F|
|poke|p1|Landorus-Therian, M|
|poke|p1|Heatran, M|
|poke|p2|Urshifu-*, M|
|poke|p2|Tapu Koko|
|poke|p2|Garchomp, M|
|poke|p2|Corviknight, M|
|poke|p2|Kartana|
|poke|p2|Blissey, F|
|rule|Sleep Clause Mod: Limit one foe put to sleep
|rule|Species Clause: Limit one of each Pokémon
|rule|OHKO Clause: OHKO moves are banned
|rule|Evasion Moves Clause: Evasion moves are banned
|rule|Endless Battle Clause: Forcing endless battles is banned
|rule|HP Percentage Mod: HP is shown in percentages
|rule|Dynamax Clause: You cannot dynamax
|teampreview
|inactive|Battle timer is ON: inactive players will automatically lose when time's up. (requested by hOmer iS dEad '_>')
|
|t:|1614145118
|start
|switch|p1a: Landorus|Landorus-Therian, M|100/100
|switch|p2a: Tapu Koko|Tapu Koko|100/100
|-fieldstart|move: Electric Terrain|[from] ability: Electric Surge|[of] p2a: Tapu Koko
|-ability|p1a: Landorus|Intimidate|boost
|-unboost|p2a: Tapu Koko|atk|1
|turn|1
|
|t:|1614145126
|move|p2a: Tapu Koko|U-turn|p1a: Landorus
|-resisted|p1a: Landorus
|-damage|p1a: Landorus|95/100
|
|t:|1614145129
|switch|p2a: Corviknight|Corviknight, M|100/100|[from]move: U-turn
|-ability|p2a: Corviknight|Pressure
|move|p1a: Landorus|Stealth Rock|p2a: Corviknight
|-sidestart|p2: friedfreak|move: Stealth Rock
|
|-heal|p1a: Landorus|100/100|[from] item: Leftovers
|upkeep
|turn|2
|
|t:|1614145139
|move|p1a: Landorus|Knock Off|p2a: Corviknight
|-damage|p2a: Corviknight|83/100
|-damage|p1a: Landorus|84/100|[from] item: Rocky Helmet|[of] p2a: Corviknight
|-enditem|p2a: Corviknight|Rocky Helmet|[from] move: Knock Off|[of] p1a: Landorus
|move|p2a: Corviknight|Defog|p1a: Landorus
|-unboost|p1a: Landorus|evasion|1
|-sideend|p2: friedfreak|Stealth Rock|[from] move: Defog|[of] p2a: Corviknight
|-fieldend|move: Electric Terrain
|
|-heal|p1a: Landorus|90/100|[from] item: Leftovers
|upkeep
|turn|3
|
|t:|1614145151
|move|p1a: Landorus|Stealth Rock|p2a: Corviknight
|-sidestart|p2: friedfreak|move: Stealth Rock
|move|p2a: Corviknight|Brave Bird|p1a: Landorus
|-damage|p1a: Landorus|53/100
|-damage|p2a: Corviknight|71/100|[from] Recoil
|
|-heal|p1a: Landorus|59/100|[from] item: Leftovers
|upkeep
|turn|4
|
|t:|1614145157
|switch|p1a: Heatran|Heatran, M|100/100
|move|p2a: Corviknight|Defog|p1a: Heatran
|-unboost|p1a: Heatran|evasion|1
|-sideend|p2: friedfreak|Stealth Rock|[from] move: Defog|[of] p2a: Corviknight
|
|upkeep
|turn|5
|
|t:|1614145163
|switch|p2a: Garchomp|Garchomp, M|100/100
|move|p1a: Heatran|Magma Storm|p2a: Garchomp
|-resisted|p2a: Garchomp
|-damage|p2a: Garchomp|76/100
|-activate|p2a: Garchomp|move: Magma Storm|[of] p1a: Heatran
|
|-damage|p2a: Garchomp|64/100|[from] move: Magma Storm|[partiallytrapped]
|upkeep
|turn|6
|
|t:|1614145172
|switch|p1a: Landorus|Landorus-Therian, M|59/100
|-ability|p1a: Landorus|Intimidate|boost
|-unboost|p2a: Garchomp|atk|1
|move|p2a: Garchomp|Stealth Rock|p1a: Landorus
|-sidestart|p1: hOmer iS dEad '_>'|move: Stealth Rock
|
|-heal|p1a: Landorus|65/100|[from] item: Leftovers
|-end|p2a: Garchomp|Magma Storm|[partiallytrapped]|[silent]
|upkeep
|turn|7
|
|t:|1614145188
|switch|p2a: Corviknight|Corviknight, M|71/100
|-ability|p2a: Corviknight|Pressure
|move|p1a: Landorus|Earthquake|p2a: Corviknight
|-immune|p2a: Corviknight
|
|-heal|p1a: Landorus|71/100|[from] item: Leftovers
|upkeep
|turn|8
|
|t:|1614145196
|switch|p1a: Corviknight|Corviknight, M|100/100
|-damage|p1a: Corviknight|88/100|[from] Stealth Rock
|-ability|p1a: Corviknight|Pressure
|move|p2a: Corviknight|Roost|p2a: Corviknight
|-heal|p2a: Corviknight|100/100
|-singleturn|p2a: Corviknight|move: Roost
|
|-heal|p1a: Corviknight|94/100|[from] item: Leftovers
|upkeep
|turn|9
|
|t:|1614145200
|move|p2a: Corviknight|U-turn|p1a: Corviknight
|-resisted|p1a: Corviknight
|-damage|p1a: Corviknight|91/100
|
|t:|1614145204
|switch|p2a: Tapu Koko|Tapu Koko|100/100|[from]move: U-turn
|-fieldstart|move: Electric Terrain|[from] ability: Electric Surge|[of] p2a: Tapu Koko
|move|p1a: Corviknight|Defog|p2a: Tapu Koko
|-unboost|p2a: Tapu Koko|evasion|1
|-sideend|p1: hOmer iS dEad '_>'|Stealth Rock|[from] move: Defog|[of] p1a: Corviknight
|-fieldend|move: Electric Terrain
|
|-heal|p1a: Corviknight|98/100|[from] item: Leftovers
|upkeep
|turn|10
|
|t:|1614145216
|switch|p1a: Heatran|Heatran, M|100/100
|move|p2a: Tapu Koko|U-turn|p1a: Heatran
|-resisted|p1a: Heatran
|-damage|p1a: Heatran|97/100
|
|t:|1614145219
|switch|p2a: Garchomp|Garchomp, M|64/100|[from]move: U-turn
|
|-heal|p1a: Heatran|100/100|[from] item: Leftovers
|upkeep
|turn|11
|
|t:|1614145224
|switch|p1a: Landorus|Landorus-Therian, M|71/100
|-ability|p1a: Landorus|Intimidate|boost
|-unboost|p2a: Garchomp|atk|1
|move|p2a: Garchomp|Stealth Rock|p1a: Landorus
|-sidestart|p1: hOmer iS dEad '_>'|move: Stealth Rock
|
|-heal|p1a: Landorus|77/100|[from] item: Leftovers
|upkeep
|turn|12
|
|t:|1614145254
|switch|p2a: Corviknight|Corviknight, M|100/100
|-ability|p2a: Corviknight|Pressure
|move|p1a: Landorus|Earthquake|p2a: Corviknight
|-immune|p2a: Corviknight
|
|-heal|p1a: Landorus|83/100|[from] item: Leftovers
|upkeep
|turn|13
|
|t:|1614145259
|move|p1a: Landorus|Stealth Rock|p2a: Corviknight
|-sidestart|p2: friedfreak|move: Stealth Rock
|move|p2a: Corviknight|Brave Bird|p1a: Landorus
|-damage|p1a: Landorus|47/100
|-damage|p2a: Corviknight|89/100|[from] Recoil
|
|-heal|p1a: Landorus|53/100|[from] item: Leftovers
|upkeep
|turn|14
|
|t:|1614145268
|switch|p1a: Corviknight|Corviknight, M|98/100
|-damage|p1a: Corviknight|85/100|[from] Stealth Rock
|-ability|p1a: Corviknight|Pressure
|move|p2a: Corviknight|U-turn|p1a: Corviknight
|-resisted|p1a: Corviknight
|-damage|p1a: Corviknight|82/100
|j| Throwaway83uuuuu
|
|t:|1614145274
|switch|p2a: Tapu Koko|Tapu Koko|100/100|[from]move: U-turn
|-fieldstart|move: Electric Terrain|[from] ability: Electric Surge|[of] p2a: Tapu Koko
|
|-heal|p1a: Corviknight|88/100|[from] item: Leftovers
|upkeep
|turn|15
|l| Throwaway83uuuuu
|
|t:|1614145280
|move|p2a: Tapu Koko|Thunderbolt|p1a: Corviknight
|-supereffective|p1a: Corviknight
|-damage|p1a: Corviknight|25/100
|move|p1a: Corviknight|U-turn|p2a: Tapu Koko
|-resisted|p2a: Tapu Koko
|-damage|p2a: Tapu Koko|91/100
|
|t:|1614145283
|switch|p1a: Heatran|Heatran, M|100/100|[from]move: U-turn
|-damage|p1a: Heatran|88/100|[from] Stealth Rock
|
|-heal|p1a: Heatran|94/100|[from] item: Leftovers
|upkeep
|turn|16
|
|t:|1614145299
|switch|p2a: Garchomp|Garchomp, M|64/100
|-damage|p2a: Garchomp|58/100|[from] Stealth Rock
|move|p1a: Heatran|Magma Storm|p2a: Garchomp|[miss]
|-miss|p1a: Heatran|p2a: Garchomp
|
|-heal|p1a: Heatran|100/100|[from] item: Leftovers
|upkeep
|turn|17
|
|t:|1614145306
|switch|p1a: Dragapult|Dragapult, F|100/100
|move|p2a: Garchomp|Swords Dance|p2a: Garchomp
|-boost|p2a: Garchomp|atk|2
|
|upkeep
|turn|18
|
|t:|1614145316
|switch|p2a: Blissey|Blissey, F|100/100
|move|p1a: Dragapult|Dragon Darts|p2a: Blissey
|-crit|p2a: Blissey
|-damage|p2a: Blissey|73/100
|-anim|p1a: Dragapult|Dragon Darts|p2a: Blissey
|-damage|p2a: Blissey|56/100
|
|-fieldend|move: Electric Terrain
|upkeep
|turn|19
|
|t:|1614145322
|move|p1a: Dragapult|U-turn|p2a: Blissey
|-crit|p2a: Blissey
|-damage|p2a: Blissey|30/100
|
|t:|1614145323
|switch|p1a: Corviknight|Corviknight, M|25/100|[from]move: U-turn
|-damage|p1a: Corviknight|12/100|[from] Stealth Rock
|-ability|p1a: Corviknight|Pressure
|move|p2a: Blissey|Soft-Boiled|p2a: Blissey
|-heal|p2a: Blissey|80/100
|
|-heal|p1a: Corviknight|19/100|[from] item: Leftovers
|upkeep
|turn|20
|
|t:|1614145333
|switch|p2a: Tapu Koko|Tapu Koko|91/100
|-fieldstart|move: Electric Terrain|[from] ability: Electric Surge|[of] p2a: Tapu Koko
|move|p1a: Corviknight|Roost|p1a: Corviknight
|-heal|p1a: Corviknight|69/100
|-singleturn|p1a: Corviknight|move: Roost
|
|-heal|p1a: Corviknight|75/100|[from] item: Leftovers
|upkeep
|turn|21
|
|t:|1614145337
|switch|p1a: Heatran|Heatran, M|100/100
|-damage|p1a: Heatran|88/100|[from] Stealth Rock
|move|p2a: Tapu Koko|Thunderbolt|p1a: Heatran
|-damage|p1a: Heatran|55/100
|
|-heal|p1a: Heatran|61/100|[from] item: Leftovers
|upkeep
|turn|22
|
|t:|1614145352
|switch|p2a: Garchomp|Garchomp, M|58/100
|-damage|p2a: Garchomp|51/100|[from] Stealth Rock
|move|p1a: Heatran|Magma Storm|p2a: Garchomp|[miss]
|-miss|p1a: Heatran|p2a: Garchomp
|
|-heal|p1a: Heatran|67/100|[from] item: Leftovers
|upkeep
|turn|23
|j| prof dankness
|
|t:|1614145360
|switch|p1a: Landorus|Landorus-Therian, M|53/100
|-damage|p1a: Landorus|40/100|[from] Stealth Rock
|-ability|p1a: Landorus|Intimidate|boost
|-unboost|p2a: Garchomp|atk|1
|move|p2a: Garchomp|Earthquake|p1a: Landorus
|-immune|p1a: Landorus
|
|-heal|p1a: Landorus|46/100|[from] item: Leftovers
|upkeep
|turn|24
|
|t:|1614145373
|move|p2a: Garchomp|Swords Dance|p2a: Garchomp
|-boost|p2a: Garchomp|atk|2
|move|p1a: Landorus|Earthquake|p2a: Garchomp
|-damage|p2a: Garchomp|1/100
|
|-heal|p1a: Landorus|52/100|[from] item: Leftovers
|-fieldend|move: Electric Terrain
|upkeep
|turn|25
|
|t:|1614145378
|move|p2a: Garchomp|Stone Edge|p1a: Landorus
|-damage|p1a: Landorus|7/100
|move|p1a: Landorus|Earthquake|p2a: Garchomp
|-damage|p2a: Garchomp|0 fnt
|faint|p2a: Garchomp
|
|-heal|p1a: Landorus|13/100|[from] item: Leftovers
|upkeep
|c| prof dankness|how did you get that avatar homer
|
|t:|1614145404
|switch|p2a: Kartana|Kartana|100/100
|-damage|p2a: Kartana|94/100|[from] Stealth Rock
|turn|26
|
|t:|1614145410
|switch|p1a: Corviknight|Corviknight, M|75/100
|-damage|p1a: Corviknight|62/100|[from] Stealth Rock
|-ability|p1a: Corviknight|Pressure
|move|p2a: Kartana|Knock Off|p1a: Corviknight
|-damage|p1a: Corviknight|10/100
|-enditem|p1a: Corviknight|Leftovers|[from] move: Knock Off|[of] p2a: Kartana
|
|upkeep
|turn|27
|
|t:|1614145420
|move|p2a: Kartana|Knock Off|p1a: Corviknight
|-damage|p1a: Corviknight|0 fnt
|faint|p1a: Corviknight
|-ability|p2a: Kartana|Beast Boost|boost
|-boost|p2a: Kartana|atk|1
|
|upkeep
|
|t:|1614145423
|switch|p1a: Urshifu|Urshifu-Rapid-Strike, F|100/100
|-damage|p1a: Urshifu|94/100|[from] Stealth Rock
|turn|28
|j| Mr Katch-22
|
|t:|1614145444
|switch|p2a: Corviknight|Corviknight, M|89/100
|-damage|p2a: Corviknight|77/100|[from] Stealth Rock
|-ability|p2a: Corviknight|Pressure
|move|p1a: Urshifu|Surging Strikes|p2a: Corviknight
|-crit|p2a: Corviknight
|-damage|p2a: Corviknight|58/100
|-crit|p2a: Corviknight
|-damage|p2a: Corviknight|39/100
|-crit|p2a: Corviknight
|-damage|p2a: Corviknight|21/100
|-hitcount|p2a: Corviknight|3
|
|upkeep
|turn|29
|
|t:|1614145450
|move|p1a: Urshifu|Surging Strikes|p2a: Corviknight
|-crit|p2a: Corviknight
|-damage|p2a: Corviknight|5/100
|-crit|p2a: Corviknight
|-damage|p2a: Corviknight|0 fnt
|-hitcount|p2a: Corviknight|2
|faint|p2a: Corviknight
|
|upkeep
|
|t:|1614145460
|switch|p2a: Tapu Koko|Tapu Koko|91/100
|-fieldstart|move: Electric Terrain|[from] ability: Electric Surge|[of] p2a: Tapu Koko
|turn|30
|
|t:|1614145468
|switch|p1a: Landorus|Landorus-Therian, M|13/100
|-damage|p1a: Landorus|1/100|[from] Stealth Rock
|-ability|p1a: Landorus|Intimidate|boost
|-unboost|p2a: Tapu Koko|atk|1
|move|p2a: Tapu Koko|Thunderbolt|p1a: Landorus
|-immune|p1a: Landorus
|
|-heal|p1a: Landorus|7/100|[from] item: Leftovers
|upkeep
|turn|31
|
|t:|1614145483
|switch|p1a: Heatran|Heatran, M|67/100
|-damage|p1a: Heatran|55/100|[from] Stealth Rock
|move|p2a: Tapu Koko|Dazzling Gleam|p1a: Heatran
|-resisted|p1a: Heatran
|-damage|p1a: Heatran|49/100
|
|-heal|p1a: Heatran|55/100|[from] item: Leftovers
|upkeep
|turn|32
|
|t:|1614145501
|switch|p2a: Urshifu|Urshifu-Rapid-Strike, M|100/100
|-damage|p2a: Urshifu|94/100|[from] Stealth Rock
|move|p1a: Heatran|Toxic|p2a: Urshifu
|-status|p2a: Urshifu|tox
|
|-heal|p1a: Heatran|62/100|[from] item: Leftovers
|-damage|p2a: Urshifu|88/100 tox|[from] psn
|upkeep
|turn|33
|
|t:|1614145509
|switch|p1a: Landorus|Landorus-Therian, M|7/100
|-damage|p1a: Landorus|0 fnt|[from] Stealth Rock
|faint|p1a: Landorus
|move|p2a: Urshifu|U-turn|p1: Landorus|[notarget]
|-fail|p2a: Urshifu
|
|-damage|p2a: Urshifu|76/100 tox|[from] psn
|upkeep
|
|t:|1614145514
|switch|p1a: Urshifu|Urshifu-Rapid-Strike, F|94/100
|-damage|p1a: Urshifu|88/100|[from] Stealth Rock
|turn|34
|j| Fran_036
|
|t:|1614145542
|move|p2a: Urshifu|U-turn|p1a: Urshifu
|-resisted|p1a: Urshifu
|-damage|p1a: Urshifu|71/100
|inactive|friedfreak has 120 seconds left.
|
|t:|1614145572
|switch|p2a: Tapu Koko|Tapu Koko|91/100|[from]move: U-turn
|move|p1a: Urshifu|Surging Strikes|p2a: Tapu Koko
|-crit|p2a: Tapu Koko
|-damage|p2a: Tapu Koko|50/100
|-crit|p2a: Tapu Koko
|-damage|p2a: Tapu Koko|12/100
|-crit|p2a: Tapu Koko
|-damage|p2a: Tapu Koko|0 fnt
|-hitcount|p2a: Tapu Koko|3
|faint|p2a: Tapu Koko
|
|-fieldend|move: Electric Terrain
|upkeep
|
|t:|1614145579
|switch|p2a: Kartana|Kartana|94/100
|-damage|p2a: Kartana|88/100|[from] Stealth Rock
|turn|35
|
|t:|1614145592
|switch|p1a: Heatran|Heatran, M|62/100
|-damage|p1a: Heatran|49/100|[from] Stealth Rock
|move|p2a: Kartana|Leaf Blade|p1a: Heatran
|-resisted|p1a: Heatran
|-damage|p1a: Heatran|31/100
|
|-heal|p1a: Heatran|37/100|[from] item: Leftovers
|upkeep
|turn|36
|
|t:|1614145601
|switch|p2a: Urshifu|Urshifu-Rapid-Strike, M|76/100 tox
|-damage|p2a: Urshifu|70/100 tox|[from] Stealth Rock
|move|p1a: Heatran|Magma Storm|p2a: Urshifu
|-resisted|p2a: Urshifu
|-damage|p2a: Urshifu|40/100 tox
|-activate|p2a: Urshifu|move: Magma Storm|[of] p1a: Heatran
|
|-heal|p1a: Heatran|43/100|[from] item: Leftovers
|-damage|p2a: Urshifu|34/100 tox|[from] psn
|-damage|p2a: Urshifu|21/100 tox|[from] move: Magma Storm|[partiallytrapped]
|upkeep
|turn|37
|
|t:|1614145609
|switch|p1a: Slowbro|Slowbro, F|100/100
|-damage|p1a: Slowbro|88/100|[from] Stealth Rock
|move|p2a: Urshifu|Surging Strikes|p1a: Slowbro
|-resisted|p1a: Slowbro
|-crit|p1a: Slowbro
|-damage|p1a: Slowbro|79/100
|-damage|p2a: Urshifu|5/100 tox|[from] item: Rocky Helmet|[of] p1a: Slowbro
|-resisted|p1a: Slowbro
|-crit|p1a: Slowbro
|-damage|p1a: Slowbro|70/100
|-damage|p2a: Urshifu|0 fnt|[from] item: Rocky Helmet|[of] p1a: Slowbro
|-hitcount|p1a: Slowbro|2
|faint|p2a: Urshifu
|
|upkeep
|
|t:|1614145615
|switch|p2a: Kartana|Kartana|88/100
|-damage|p2a: Kartana|82/100|[from] Stealth Rock
|turn|38
|
|t:|1614145624
|move|p2a: Kartana|Leaf Blade|p1a: Slowbro
|-supereffective|p1a: Slowbro
|-damage|p1a: Slowbro|0 fnt
|-damage|p2a: Kartana|65/100|[from] item: Rocky Helmet|[of] p1a: Slowbro
|faint|p1a: Slowbro
|-ability|p2a: Kartana|Beast Boost|boost
|-boost|p2a: Kartana|atk|1
|
|upkeep
|
|t:|1614145632
|switch|p1a: Dragapult|Dragapult, F|100/100
|turn|39
|
|t:|1614145635
|switch|p2a: Blissey|Blissey, F|80/100
|move|p1a: Dragapult|U-turn|p2a: Blissey
|-damage|p2a: Blissey|63/100
|
|t:|1614145637
|switch|p1a: Urshifu|Urshifu-Rapid-Strike, F|71/100|[from]move: U-turn
|-damage|p1a: Urshifu|65/100|[from] Stealth Rock
|
|upkeep
|turn|40
|
|t:|1614145651
|move|p1a: Urshifu|Surging Strikes|p2a: Blissey
|-crit|p2a: Blissey
|-damage|p2a: Blissey|39/100
|-crit|p2a: Blissey
|-damage|p2a: Blissey|13/100
|-crit|p2a: Blissey
|-damage|p2a: Blissey|0 fnt
|-hitcount|p2a: Blissey|3
|faint|p2a: Blissey
|
|upkeep
|
|t:|1614145656
|switch|p2a: Kartana|Kartana|65/100
|-damage|p2a: Kartana|59/100|[from] Stealth Rock
|turn|41
|
|t:|1614145664
|switch|p1a: Heatran|Heatran, M|43/100
|-damage|p1a: Heatran|31/100|[from] Stealth Rock
|move|p2a: Kartana|Leaf Blade|p1a: Heatran
|-resisted|p1a: Heatran
|-damage|p1a: Heatran|11/100
|
|-heal|p1a: Heatran|17/100|[from] item: Leftovers
|upkeep
|turn|42
|
|t:|1614145668
|move|p1a: Heatran|Protect|p1a: Heatran
|-singleturn|p1a: Heatran|Protect
|move|p2a: Kartana|Leaf Blade|p1a: Heatran
|-activate|p1a: Heatran|move: Protect
|
|-heal|p1a: Heatran|24/100|[from] item: Leftovers
|upkeep
|turn|43
|
|t:|1614145672
|move|p2a: Kartana|Leaf Blade|p1a: Heatran
|-resisted|p1a: Heatran
|-damage|p1a: Heatran|5/100
|move|p1a: Heatran|Earth Power|p2a: Kartana
|-damage|p2a: Kartana|0 fnt
|faint|p2a: Kartana
|
|win|hOmer iS dEad '_>'
|l|☆friedfreak
|raw|hOmer iS dEad &apos;_&gt;&apos;'s rating: 1795 &rarr; <strong>1808</strong><br />(+13 for winning)
|raw|friedfreak's rating: 1673 &rarr; <strong>1659</strong><br />(-14 for losing)
