|j|☆andrewm0n
|j|☆TheonReekGreyjoy
|t:|1630444502
|gametype|singles
|player|p1|andrewm0n|253|1707
|player|p2|TheonReekGreyjoy|7|1733
|teamsize|p1|6
|teamsize|p2|6
|gen|8
|tier|[Gen 8] OU
|rated|
|rule|Sleep Clause Mod: Limit one foe put to sleep
|rule|Species Clause: Limit one of each Pokémon
|rule|OHKO Clause: OHKO moves are banned
|rule|Evasion Moves Clause: Evasion moves are banned
|rule|Endless Battle Clause: Forcing endless battles is banned
|rule|HP Percentage Mod: HP is shown in percentages
|rule|Dynamax Clause: You cannot dynamax
|clearpoke
|poke|p1|Corviknight, M|
|poke|p1|Garchomp, M|
|poke|p1|Clefable, F|
|poke|p1|Hatterene, F|
|poke|p1|Kommo-o, M|
|poke|p1|Toxapex, F|
|poke|p2|Melmetal|
|poke|p2|Dragapult, M|
|poke|p2|Ninetales-Alola, M|
|poke|p2|Vanilluxe, M|
|poke|p2|Arctozolt|
|poke|p2|Landorus-Therian, M|
|teampreview
|inactive|Battle timer is ON: inactive players will automatically lose when time's up. (requested by andrewm0n)
|j| tapu moxo
|inactive|TheonReekGreyjoy has 120 seconds left.
|l| tapu moxo
|inactive|TheonReekGreyjoy has 90 seconds left.
|j| Pansage 2006
|j| Shileen
|
|t:|1630444576
|start
|switch|p1a: Toxapex|Toxapex, F|100/100
|switch|p2a: Ninetales|Ninetales-Alola, M|100/100
|-weather|Hail|[from] ability: Snow Warning|[of] p2a: Ninetales
|turn|1
|
|t:|1630444583
|move|p2a: Ninetales|Hypnosis|p1a: Toxapex|[miss]
|-miss|p2a: Ninetales|p1a: Toxapex
|move|p1a: Toxapex|Toxic Spikes|p2a: Ninetales
|-sidestart|p2: TheonReekGreyjoy|move: Toxic Spikes
|
|-weather|Hail|[upkeep]
|-damage|p1a: Toxapex|94/100|[from] Hail
|-heal|p1a: Toxapex|100/100|[from] item: Black Sludge
|upkeep
|turn|2
|
|t:|1630444587
|move|p2a: Ninetales|Hypnosis|p1a: Toxapex|[miss]
|-miss|p2a: Ninetales|p1a: Toxapex
|move|p1a: Toxapex|Knock Off|p2a: Ninetales
|-resisted|p2a: Ninetales
|-damage|p2a: Ninetales|90/100
|-enditem|p2a: Ninetales|Light Clay|[from] move: Knock Off|[of] p1a: Toxapex
|
|-weather|Hail|[upkeep]
|-damage|p1a: Toxapex|94/100|[from] Hail
|-heal|p1a: Toxapex|100/100|[from] item: Black Sludge
|upkeep
|turn|3
|
|t:|1630444592
|switch|p2a: Landorus|Landorus-Therian, M|100/100
|-ability|p2a: Landorus|Intimidate|boost
|-unboost|p1a: Toxapex|atk|1
|switch|p1a: Hatterene|Hatterene, F|100/100
|
|-weather|Hail|[upkeep]
|-damage|p2a: Landorus|94/100|[from] Hail
|-damage|p1a: Hatterene|94/100|[from] Hail
|-heal|p1a: Hatterene|100/100|[from] item: Leftovers
|upkeep
|turn|4
|
|t:|1630444596
|move|p2a: Landorus|Defog|p1a: Hatterene
|move|p1a: Hatterene|Defog|p2a: Landorus|[from]ability: Magic Bounce
|-unboost|p2a: Landorus|evasion|1
|-sideend|p2: TheonReekGreyjoy|Toxic Spikes|[from] move: Defog|[of] p1a: Hatterene
|move|p1a: Hatterene|Calm Mind|p1a: Hatterene
|-boost|p1a: Hatterene|spa|1
|-boost|p1a: Hatterene|spd|1
|
|-weather|Hail|[upkeep]
|-damage|p2a: Landorus|88/100|[from] Hail
|-damage|p1a: Hatterene|94/100|[from] Hail
|-heal|p1a: Hatterene|100/100|[from] item: Leftovers
|upkeep
|turn|5
|
|t:|1630444602
|move|p2a: Landorus|Earthquake|p1a: Hatterene
|-damage|p1a: Hatterene|59/100
|move|p1a: Hatterene|Mystical Fire|p2a: Landorus
|-damage|p2a: Landorus|60/100
|-unboost|p2a: Landorus|spa|1
|
|-weather|none
|-heal|p1a: Hatterene|65/100|[from] item: Leftovers
|upkeep
|turn|6
|
|t:|1630444608
|move|p2a: Landorus|U-turn|p1a: Hatterene
|-damage|p1a: Hatterene|47/100
|
|t:|1630444610
|switch|p2a: Melmetal|Melmetal|100/100|[from]move: U-turn
|move|p1a: Hatterene|Draining Kiss|p2a: Melmetal
|-resisted|p2a: Melmetal
|-damage|p2a: Melmetal|84/100
|-heal|p1a: Hatterene|64/100|[from] drain|[of] p2a: Melmetal
|
|-heal|p2a: Melmetal|90/100|[from] item: Leftovers
|-heal|p1a: Hatterene|70/100|[from] item: Leftovers
|upkeep
|turn|7
|
|t:|1630444616
|switch|p2a: Vanilluxe|Vanilluxe, M|100/100
|-weather|Hail|[from] ability: Snow Warning|[of] p2a: Vanilluxe
|switch|p1a: Garchomp|Garchomp, M|100/100
|
|-weather|Hail|[upkeep]
|-damage|p1a: Garchomp|94/100|[from] Hail
|upkeep
|turn|8
|
|t:|1630444622
|switch|p1a: Corviknight|Corviknight, M|100/100
|-ability|p1a: Corviknight|Pressure
|move|p2a: Vanilluxe|Blizzard|p1a: Corviknight
|-damage|p1a: Corviknight|51/100
|
|-weather|Hail|[upkeep]
|-damage|p1a: Corviknight|44/100|[from] Hail
|upkeep
|turn|9
|
|t:|1630444627
|switch|p1a: Toxapex|Toxapex, F|100/100
|move|p2a: Vanilluxe|Blizzard|p1a: Toxapex
|-resisted|p1a: Toxapex
|-damage|p1a: Toxapex|79/100
|
|-weather|Hail|[upkeep]
|-damage|p1a: Toxapex|73/100|[from] Hail
|-heal|p1a: Toxapex|79/100|[from] item: Black Sludge
|upkeep
|turn|10
|
|t:|1630444630
|move|p2a: Vanilluxe|Freeze-Dry|p1a: Toxapex
|-supereffective|p1a: Toxapex
|-damage|p1a: Toxapex|22/100
|move|p1a: Toxapex|Toxic Spikes|p2a: Vanilluxe
|-sidestart|p2: TheonReekGreyjoy|move: Toxic Spikes
|
|-weather|Hail|[upkeep]
|-damage|p1a: Toxapex|16/100|[from] Hail
|-heal|p1a: Toxapex|22/100|[from] item: Black Sludge
|upkeep
|turn|11
|
|t:|1630444635
|move|p2a: Vanilluxe|Blizzard|p1a: Toxapex
|-resisted|p1a: Toxapex
|-damage|p1a: Toxapex|0 fnt
|faint|p1a: Toxapex
|
|-weather|none
|upkeep
|
|t:|1630444642
|switch|p1a: Corviknight|Corviknight, M|44/100
|-ability|p1a: Corviknight|Pressure
|turn|12
|
|t:|1630444648
|move|p2a: Vanilluxe|Taunt|p1a: Corviknight
|-start|p1a: Corviknight|move: Taunt
|cant|p1a: Corviknight|move: Taunt|Roost
|
|upkeep
|turn|13
|
|t:|1630444650
|move|p2a: Vanilluxe|Blizzard|p1a: Corviknight
|-damage|p1a: Corviknight|0 fnt
|faint|p1a: Corviknight
|
|upkeep
|
|t:|1630444654
|switch|p1a: Clefable|Clefable, F|100/100
|turn|14
|
|t:|1630444657
|switch|p2a: Landorus|Landorus-Therian, M|60/100
|-ability|p2a: Landorus|Intimidate|boost
|-unboost|p1a: Clefable|atk|1
|move|p1a: Clefable|Moonblast|p2a: Landorus
|-damage|p2a: Landorus|32/100
|-unboost|p2a: Landorus|spa|1
|
|upkeep
|turn|15
|
|t:|1630444660
|move|p2a: Landorus|Defog|p1a: Clefable
|-unboost|p1a: Clefable|evasion|1
|-sideend|p2: TheonReekGreyjoy|Toxic Spikes|[from] move: Defog|[of] p2a: Landorus
|move|p1a: Clefable|Moonblast|p2a: Landorus
|-damage|p2a: Landorus|6/100
|
|upkeep
|turn|16
|
|t:|1630444667
|move|p2a: Landorus|U-turn|p1a: Clefable
|-resisted|p1a: Clefable
|-damage|p1a: Clefable|92/100
|
|t:|1630444670
|switch|p2a: Melmetal|Melmetal|90/100|[from]move: U-turn
|move|p1a: Clefable|Moonblast|p2a: Melmetal
|-resisted|p2a: Melmetal
|-damage|p2a: Melmetal|75/100
|-unboost|p2a: Melmetal|spa|1
|
|-heal|p1a: Clefable|98/100|[from] item: Leftovers
|-heal|p2a: Melmetal|82/100|[from] item: Leftovers
|upkeep
|turn|17
|
|t:|1630444675
|switch|p1a: Garchomp|Garchomp, M|94/100
|move|p2a: Melmetal|Double Iron Bash|p1a: Garchomp
|-damage|p1a: Garchomp|66/100
|-damage|p2a: Melmetal|69/100|[from] ability: Rough Skin|[of] p1a: Garchomp
|-damage|p2a: Melmetal|53/100|[from] item: Rocky Helmet|[of] p1a: Garchomp
|-damage|p1a: Garchomp|40/100
|-damage|p2a: Melmetal|40/100|[from] ability: Rough Skin|[of] p1a: Garchomp
|-damage|p2a: Melmetal|24/100|[from] item: Rocky Helmet|[of] p1a: Garchomp
|-hitcount|p1a: Garchomp|2
|
|-heal|p2a: Melmetal|30/100|[from] item: Leftovers
|upkeep
|turn|18
|
|t:|1630444679
|switch|p2a: Ninetales|Ninetales-Alola, M|90/100
|-weather|Hail|[from] ability: Snow Warning|[of] p2a: Ninetales
|move|p1a: Garchomp|Stealth Rock|p2a: Ninetales
|-sidestart|p2: TheonReekGreyjoy|move: Stealth Rock
|
|-weather|Hail|[upkeep]
|-damage|p1a: Garchomp|34/100|[from] Hail
|upkeep
|turn|19
|
|t:|1630444686
|move|p2a: Ninetales|Aurora Veil|p2a: Ninetales
|-sidestart|p2: TheonReekGreyjoy|move: Aurora Veil
|move|p1a: Garchomp|Rest|p1a: Garchomp
|-status|p1a: Garchomp|slp|[from] move: Rest
|-heal|p1a: Garchomp|100/100 slp|[silent]
|
|-weather|Hail|[upkeep]
|-damage|p1a: Garchomp|94/100 slp|[from] Hail
|upkeep
|turn|20
|
|t:|1630444695
|switch|p1a: Clefable|Clefable, F|98/100
|move|p2a: Ninetales|Moonblast|p1a: Clefable
|-damage|p1a: Clefable|73/100
|-unboost|p1a: Clefable|spa|1
|
|-weather|Hail|[upkeep]
|-damage|p1a: Clefable|66/100|[from] Hail
|-heal|p1a: Clefable|73/100|[from] item: Leftovers
|upkeep
|turn|21
|
|t:|1630444698
|switch|p1a: Hatterene|Hatterene, F|70/100
|move|p2a: Ninetales|Hypnosis|p1a: Hatterene
|move|p1a: Hatterene|Hypnosis|p2a: Ninetales|[from]ability: Magic Bounce
|-status|p2a: Ninetales|slp|[from] move: Hypnosis
|
|-weather|Hail|[upkeep]
|-damage|p1a: Hatterene|64/100|[from] Hail
|-heal|p1a: Hatterene|70/100|[from] item: Leftovers
|upkeep
|turn|22
|j| F352
|
|t:|1630444704
|switch|p2a: Melmetal|Melmetal|30/100
|-damage|p2a: Melmetal|24/100|[from] Stealth Rock
|move|p1a: Hatterene|Mystical Fire|p2a: Melmetal
|-supereffective|p2a: Melmetal
|-damage|p2a: Melmetal|1/100
|-unboost|p2a: Melmetal|spa|1
|
|-weather|none
|-heal|p2a: Melmetal|8/100|[from] item: Leftovers
|-heal|p1a: Hatterene|76/100|[from] item: Leftovers
|upkeep
|turn|23
|
|t:|1630444710
|switch|p1a: Garchomp|Garchomp, M|94/100 slp
|move|p2a: Melmetal|Earthquake|p1a: Garchomp
|-damage|p1a: Garchomp|68/100 slp
|
|-heal|p2a: Melmetal|14/100|[from] item: Leftovers
|-sideend|p2: TheonReekGreyjoy|move: Aurora Veil
|upkeep
|turn|24
|
|t:|1630444725
|switch|p2a: Vanilluxe|Vanilluxe, M|100/100
|-damage|p2a: Vanilluxe|76/100|[from] Stealth Rock
|-weather|Hail|[from] ability: Snow Warning|[of] p2a: Vanilluxe
|cant|p1a: Garchomp|slp
|
|-weather|Hail|[upkeep]
|-damage|p1a: Garchomp|62/100 slp|[from] Hail
|upkeep
|turn|25
|
|t:|1630444727
|move|p2a: Vanilluxe|Blizzard|p1a: Garchomp
|-supereffective|p1a: Garchomp
|-damage|p1a: Garchomp|0 fnt
|faint|p1a: Garchomp
|
|-weather|Hail|[upkeep]
|upkeep
|
|t:|1630444733
|switch|p1a: Kommo-o|Kommo-o, M|100/100
|turn|26
|
|t:|1630444739
|switch|p2a: Landorus|Landorus-Therian, M|6/100
|-damage|p2a: Landorus|0 fnt|[from] Stealth Rock
|faint|p2a: Landorus
|move|p1a: Kommo-o|Clangorous Soul|p1a: Kommo-o
|-boost|p1a: Kommo-o|atk|1
|-boost|p1a: Kommo-o|def|1
|-boost|p1a: Kommo-o|spa|1
|-boost|p1a: Kommo-o|spd|1
|-boost|p1a: Kommo-o|spe|1
|-damage|p1a: Kommo-o|68/100
|
|-weather|Hail|[upkeep]
|-damage|p1a: Kommo-o|61/100|[from] Hail
|-heal|p1a: Kommo-o|68/100|[from] item: Leftovers
|upkeep
|
|t:|1630444751
|switch|p2a: Arctozolt|Arctozolt|100/100
|turn|27
|
|t:|1630444755
|move|p2a: Arctozolt|Blizzard|p1a: Kommo-o
|-supereffective|p1a: Kommo-o
|-damage|p1a: Kommo-o|13/100
|move|p1a: Kommo-o|Drain Punch|p2a: Arctozolt
|-supereffective|p2a: Arctozolt
|-damage|p2a: Arctozolt|0 fnt
|-heal|p1a: Kommo-o|69/100|[from] drain|[of] p2a: Arctozolt
|faint|p2a: Arctozolt
|
|-weather|Hail|[upkeep]
|-damage|p1a: Kommo-o|62/100|[from] Hail
|-heal|p1a: Kommo-o|69/100|[from] item: Leftovers
|upkeep
|j| NPC666
|j| I Want a Banana
|
|t:|1630444762
|switch|p2a: Dragapult|Dragapult, M|100/100
|-damage|p2a: Dragapult|88/100|[from] Stealth Rock
|turn|28
|
|t:|1630444765
|move|p1a: Kommo-o|Clanging Scales|p2a: Dragapult
|-supereffective|p2a: Dragapult
|-damage|p2a: Dragapult|0 fnt
|faint|p2a: Dragapult
|-unboost|p1a: Kommo-o|def|1
|
|-weather|none
|-heal|p1a: Kommo-o|75/100|[from] item: Leftovers
|upkeep
|j| Marquesa-10%
|
|t:|1630444770
|switch|p2a: Ninetales|Ninetales-Alola, M|90/100 slp
|-damage|p2a: Ninetales|65/100 slp|[from] Stealth Rock
|-weather|Hail|[from] ability: Snow Warning|[of] p2a: Ninetales
|turn|29
|
|t:|1630444772
|move|p1a: Kommo-o|Poison Jab|p2a: Ninetales
|-supereffective|p2a: Ninetales
|-damage|p2a: Ninetales|0 fnt
|faint|p2a: Ninetales
|
|-weather|Hail|[upkeep]
|-damage|p1a: Kommo-o|69/100|[from] Hail
|-heal|p1a: Kommo-o|75/100|[from] item: Leftovers
|upkeep
|-message|TheonReekGreyjoy forfeited.
|
|win|andrewm0n
|raw|andrewm0n's rating: 1707 &rarr; <strong>1728</strong><br />(+21 for winning)
|raw|TheonReekGreyjoy's rating: 1733 &rarr; <strong>1712</strong><br />(-21 for losing)
|l|☆TheonReekGreyjoy
