|j|☆Run For Me Plz
|j|☆icebeamprodigy
|t:|1656206464
|gametype|singles
|player|p1|Run For Me Plz|blue-gen2|1802
|player|p2|icebeamprodigy|169|1843
|teamsize|p1|6
|teamsize|p2|6
|gen|8
|tier|[Gen 8] OU
|rated|
|rule|Sleep Clause Mod: Limit one foe put to sleep
|rule|Species Clause: Limit one of each Pokémon
|rule|OHKO Clause: OHKO moves are banned
|rule|Evasion Moves Clause: Evasion moves are banned
|rule|Endless Battle Clause: Forcing endless battles is banned
|rule|HP Percentage Mod: HP is shown in percentages
|rule|Dynamax Clause: You cannot dynamax
|clearpoke
|poke|p1|Urshifu-*, M|
|poke|p1|Blissey, F|
|poke|p1|Slowbro, M|
|poke|p1|Hippowdon, M|
|poke|p1|Corviknight, M|
|poke|p1|Heatran, M|
|poke|p2|Landorus-Therian, M|
|poke|p2|Rotom-Wash|
|poke|p2|Corviknight, F|
|poke|p2|Diggersby, M|
|poke|p2|Dragapult, F|
|poke|p2|Bisharp, M|
|teampreview
|j| brazden
|inactive|Battle timer is ON: inactive players will automatically lose when time's up. (requested by Run For Me Plz)
|
|t:|1656206477
|start
|switch|p1a: Urshifu|Urshifu-Rapid-Strike, M|100/100
|switch|p2a: Drag the jet Pult|Dragapult, F|100/100
|turn|1
|
|t:|1656206482
|move|p1a: Urshifu|U-turn|p2a: Drag the jet Pult
|-resisted|p2a: Drag the jet Pult
|-damage|p2a: Drag the jet Pult|83/100
|
|t:|1656206484
|switch|p1a: Hippowdon|Hippowdon, M, shiny|100/100|[from]move: U-turn
|-weather|Sandstorm|[from] ability: Sand Stream|[of] p1a: Hippowdon
|move|p2a: Drag the jet Pult|U-turn|p1a: Hippowdon
|-damage|p1a: Hippowdon|89/100
|j| Peledson Arantes
|j| ikoero
|j| UnBeatableTR26
|
|t:|1656206490
|switch|p2a: Tatum-Wash|Rotom-Wash|100/100|[from]move: U-turn
|
|-weather|Sandstorm|[upkeep]
|-damage|p2a: Tatum-Wash|94/100|[from] Sandstorm
|-heal|p2a: Tatum-Wash|100/100|[from] item: Leftovers
|-heal|p1a: Hippowdon|95/100|[from] item: Leftovers
|upkeep
|turn|2
|
|t:|1656206493
|move|p2a: Tatum-Wash|Toxic|p1a: Hippowdon
|-status|p1a: Hippowdon|tox
|move|p1a: Hippowdon|Toxic|p2a: Tatum-Wash
|-status|p2a: Tatum-Wash|tox
|
|-weather|Sandstorm|[upkeep]
|-damage|p2a: Tatum-Wash|94/100 tox|[from] Sandstorm
|-heal|p2a: Tatum-Wash|100/100 tox|[from] item: Leftovers
|-heal|p1a: Hippowdon|100/100 tox|[from] item: Leftovers
|-damage|p2a: Tatum-Wash|94/100 tox|[from] psn
|-damage|p1a: Hippowdon|94/100 tox|[from] psn
|upkeep
|turn|3
|
|t:|1656206498
|move|p2a: Tatum-Wash|Hydro Pump|p1a: Hippowdon
|-supereffective|p1a: Hippowdon
|-damage|p1a: Hippowdon|34/100 tox
|move|p1a: Hippowdon|Stealth Rock|p2a: Tatum-Wash
|-sidestart|p2: icebeamprodigy|move: Stealth Rock
|
|-weather|Sandstorm|[upkeep]
|-damage|p2a: Tatum-Wash|88/100 tox|[from] Sandstorm
|-heal|p2a: Tatum-Wash|94/100 tox|[from] item: Leftovers
|-heal|p1a: Hippowdon|40/100 tox|[from] item: Leftovers
|-damage|p2a: Tatum-Wash|82/100 tox|[from] psn
|-damage|p1a: Hippowdon|28/100 tox|[from] psn
|upkeep
|turn|4
|
|t:|1656206500
|move|p2a: Tatum-Wash|Volt Switch|p1a: Hippowdon
|-immune|p1a: Hippowdon
|move|p1a: Hippowdon|Slack Off|p1a: Hippowdon
|-heal|p1a: Hippowdon|78/100 tox
|
|-weather|Sandstorm|[upkeep]
|-damage|p2a: Tatum-Wash|75/100 tox|[from] Sandstorm
|-heal|p2a: Tatum-Wash|82/100 tox|[from] item: Leftovers
|-heal|p1a: Hippowdon|84/100 tox|[from] item: Leftovers
|-damage|p2a: Tatum-Wash|63/100 tox|[from] psn
|-damage|p1a: Hippowdon|65/100 tox|[from] psn
|upkeep
|turn|5
|
|t:|1656206506
|switch|p1a: Urshifu|Urshifu-Rapid-Strike, M|100/100
|move|p2a: Tatum-Wash|Volt Switch|p1a: Urshifu
|-supereffective|p1a: Urshifu
|-damage|p1a: Urshifu|21/100
|
|t:|1656206519
|switch|p2a: Shaqqersby|Diggersby, M|100/100|[from]move: Volt Switch
|-damage|p2a: Shaqqersby|94/100|[from] Stealth Rock
|
|-weather|none
|upkeep
|turn|6
|
|t:|1656206524
|switch|p1a: Slowbro|Slowbro, M, shiny|100/100
|switch|p2a: korver bird|Corviknight, F|100/100
|-damage|p2a: korver bird|88/100|[from] Stealth Rock
|-ability|p2a: korver bird|Pressure
|
|upkeep
|turn|7
|
|t:|1656206527
|move|p2a: korver bird|Defog|p1a: Slowbro
|-unboost|p1a: Slowbro|evasion|1
|-sideend|p2: icebeamprodigy|Stealth Rock|[from] move: Defog|[of] p2a: korver bird
|move|p1a: Slowbro|Teleport|p1a: Slowbro
|
|t:|1656206532
|switch|p1a: Heatran|Heatran, M|100/100|[from]move: Teleport
|
|upkeep
|turn|8
|
|t:|1656206535
|switch|p2a: Tatum-Wash|Rotom-Wash|63/100 tox
|move|p1a: Heatran|Eruption|p2a: Tatum-Wash
|-resisted|p2a: Tatum-Wash
|-damage|p2a: Tatum-Wash|10/100 tox
|
|-heal|p2a: Tatum-Wash|17/100 tox|[from] item: Leftovers
|-damage|p2a: Tatum-Wash|10/100 tox|[from] psn
|upkeep
|turn|9
|
|t:|1656206541
|switch|p1a: Hippowdon|Hippowdon, M, shiny|65/100 tox
|-weather|Sandstorm|[from] ability: Sand Stream|[of] p1a: Hippowdon
|move|p2a: Tatum-Wash|Pain Split|p1a: Hippowdon
|-sethp|p1a: Hippowdon|36/100 tox|[from] move: Pain Split|[silent]
|-sethp|p2a: Tatum-Wash|50/100 tox|[from] move: Pain Split
|
|-weather|Sandstorm|[upkeep]
|-damage|p2a: Tatum-Wash|44/100 tox|[from] Sandstorm
|-heal|p2a: Tatum-Wash|50/100 tox|[from] item: Leftovers
|-heal|p1a: Hippowdon|43/100 tox|[from] item: Leftovers
|-damage|p2a: Tatum-Wash|38/100 tox|[from] psn
|-damage|p1a: Hippowdon|36/100 tox|[from] psn
|upkeep
|turn|10
|
|t:|1656206544
|move|p2a: Tatum-Wash|Hydro Pump|p1a: Hippowdon
|-supereffective|p1a: Hippowdon
|-damage|p1a: Hippowdon|0 fnt
|faint|p1a: Hippowdon
|
|-weather|Sandstorm|[upkeep]
|-damage|p2a: Tatum-Wash|31/100 tox|[from] Sandstorm
|-heal|p2a: Tatum-Wash|38/100 tox|[from] item: Leftovers
|-damage|p2a: Tatum-Wash|19/100 tox|[from] psn
|upkeep
|
|t:|1656206547
|switch|p1a: Urshifu|Urshifu-Rapid-Strike, M|21/100
|turn|11
|
|t:|1656206551
|switch|p2a: korver bird|Corviknight, F|88/100
|-ability|p2a: korver bird|Pressure
|move|p1a: Urshifu|U-turn|p2a: korver bird
|-resisted|p2a: korver bird
|-damage|p2a: korver bird|84/100
|-damage|p1a: Urshifu|5/100|[from] item: Rocky Helmet|[of] p2a: korver bird
|j| wdimta
|
|t:|1656206558
|switch|p1a: Heatran|Heatran, M|100/100|[from]move: U-turn
|
|-weather|Sandstorm|[upkeep]
|upkeep
|turn|12
|
|t:|1656206579
|switch|p2a: Drag the jet Pult|Dragapult, F|83/100
|move|p1a: Heatran|Eruption|p2a: Drag the jet Pult
|-resisted|p2a: Drag the jet Pult
|-damage|p2a: Drag the jet Pult|1/100
|
|-weather|Sandstorm|[upkeep]
|-damage|p2a: Drag the jet Pult|0 fnt|[from] Sandstorm
|faint|p2a: Drag the jet Pult
|upkeep
|
|t:|1656206587
|switch|p2a: Ernie|Landorus-Therian, M|100/100
|-ability|p2a: Ernie|Intimidate|boost
|-unboost|p1a: Heatran|atk|1
|turn|13
|
|t:|1656206592
|switch|p1a: Slowbro|Slowbro, M, shiny|100/100
|move|p2a: Ernie|Stealth Rock|p1a: Slowbro
|-sidestart|p1: Run For Me Plz|move: Stealth Rock
|
|-weather|none
|upkeep
|turn|14
|
|t:|1656206594
|move|p2a: Ernie|Toxic|p1a: Slowbro|[miss]
|-miss|p2a: Ernie|p1a: Slowbro
|move|p1a: Slowbro|Teleport|p1a: Slowbro
|
|t:|1656206597
|switch|p1a: Corviknight|Corviknight, M, shiny|100/100|[from]move: Teleport
|-damage|p1a: Corviknight|88/100|[from] Stealth Rock
|-ability|p1a: Corviknight|Pressure
|
|-heal|p1a: Corviknight|94/100|[from] item: Leftovers
|upkeep
|turn|15
|
|t:|1656206601
|move|p2a: Ernie|U-turn|p1a: Corviknight
|-resisted|p1a: Corviknight
|-damage|p1a: Corviknight|91/100
|
|t:|1656206603
|switch|p2a: Sir Charles|Bisharp, M|100/100|[from]move: U-turn
|move|p1a: Corviknight|Defog|p2a: Sir Charles
|-unboost|p2a: Sir Charles|evasion|1
|-ability|p2a: Sir Charles|Defiant
|-boost|p2a: Sir Charles|atk|2
|-sideend|p1: Run For Me Plz|Stealth Rock|[from] move: Defog|[of] p1a: Corviknight
|
|-heal|p1a: Corviknight|97/100|[from] item: Leftovers
|upkeep
|turn|16
|
|t:|1656206605
|move|p2a: Sir Charles|Knock Off|p1a: Corviknight
|-damage|p1a: Corviknight|16/100
|-enditem|p1a: Corviknight|Leftovers|[from] move: Knock Off|[of] p2a: Sir Charles
|move|p1a: Corviknight|Body Press|p2a: Sir Charles
|-supereffective|p2a: Sir Charles
|-damage|p2a: Sir Charles|0 fnt
|faint|p2a: Sir Charles
|
|upkeep
|
|t:|1656206610
|switch|p2a: Tatum-Wash|Rotom-Wash|19/100 tox
|turn|17
|
|t:|1656206617
|switch|p1a: Blissey|Blissey, F, shiny|100/100
|move|p2a: Tatum-Wash|Volt Switch|p1a: Blissey
|-damage|p1a: Blissey|92/100
|
|t:|1656206622
|switch|p2a: Shaqqersby|Diggersby, M|94/100|[from]move: Volt Switch
|
|upkeep
|turn|18
|
|t:|1656206626
|switch|p1a: Slowbro|Slowbro, M, shiny|100/100
|move|p2a: Shaqqersby|Body Slam|p1a: Slowbro
|-damage|p1a: Slowbro|48/100
|-status|p1a: Slowbro|par
|
|upkeep
|turn|19
|
|t:|1656206634
|move|p2a: Shaqqersby|Body Slam|p1a: Slowbro
|-damage|p1a: Slowbro|0 fnt
|faint|p1a: Slowbro
|
|upkeep
|
|t:|1656206636
|switch|p1a: Urshifu|Urshifu-Rapid-Strike, M|5/100
|turn|20
|
|t:|1656206640
|switch|p2a: korver bird|Corviknight, F|84/100
|-ability|p2a: korver bird|Pressure
|move|p1a: Urshifu|Close Combat|p2a: korver bird
|-damage|p2a: korver bird|49/100
|-unboost|p1a: Urshifu|def|1
|-unboost|p1a: Urshifu|spd|1
|-damage|p1a: Urshifu|0 fnt|[from] item: Rocky Helmet|[of] p2a: korver bird
|faint|p1a: Urshifu
|
|upkeep
|
|t:|1656206642
|switch|p1a: Heatran|Heatran, M|100/100
|turn|21
|
|t:|1656206650
|move|p1a: Heatran|Eruption|p2a: korver bird
|-supereffective|p2a: korver bird
|-damage|p2a: korver bird|0 fnt
|faint|p2a: korver bird
|
|upkeep
|
|t:|1656206655
|switch|p2a: Ernie|Landorus-Therian, M|100/100
|-ability|p2a: Ernie|Intimidate|boost
|-unboost|p1a: Heatran|atk|1
|turn|22
|l| wdimta
|
|t:|1656206660
|move|p2a: Ernie|Earthquake|p1a: Heatran
|-supereffective|p1a: Heatran
|-damage|p1a: Heatran|0 fnt
|faint|p1a: Heatran
|
|upkeep
|
|t:|1656206663
|switch|p1a: Corviknight|Corviknight, M, shiny|16/100
|-ability|p1a: Corviknight|Pressure
|turn|23
|
|t:|1656206667
|move|p2a: Ernie|U-turn|p1a: Corviknight
|-resisted|p1a: Corviknight
|-damage|p1a: Corviknight|12/100
|
|t:|1656206669
|switch|p2a: Tatum-Wash|Rotom-Wash|19/100 tox|[from]move: U-turn
|move|p1a: Corviknight|Roost|p1a: Corviknight
|-heal|p1a: Corviknight|62/100
|-singleturn|p1a: Corviknight|move: Roost
|
|-heal|p2a: Tatum-Wash|25/100 tox|[from] item: Leftovers
|-damage|p2a: Tatum-Wash|19/100 tox|[from] psn
|upkeep
|turn|24
|
|t:|1656206674
|switch|p1a: Blissey|Blissey, F, shiny|92/100
|move|p2a: Tatum-Wash|Pain Split|p1a: Blissey
|-sethp|p1a: Blissey|50/100|[from] move: Pain Split|[silent]
|-sethp|p2a: Tatum-Wash|100/100 tox|[from] move: Pain Split
|
|-damage|p2a: Tatum-Wash|88/100 tox|[from] psn
|upkeep
|turn|25
|
|t:|1656206677
|move|p2a: Tatum-Wash|Volt Switch|p1a: Blissey
|-damage|p1a: Blissey|41/100
|
|t:|1656206679
|switch|p2a: Ernie|Landorus-Therian, M|100/100|[from]move: Volt Switch
|-ability|p2a: Ernie|Intimidate|boost
|-unboost|p1a: Blissey|atk|1
|move|p1a: Blissey|Soft-Boiled|p1a: Blissey
|-heal|p1a: Blissey|91/100
|
|upkeep
|turn|26
|
|t:|1656206684
|switch|p1a: Corviknight|Corviknight, M, shiny|62/100
|-ability|p1a: Corviknight|Pressure
|move|p2a: Ernie|Stealth Rock|p1a: Corviknight
|-sidestart|p1: Run For Me Plz|move: Stealth Rock
|
|upkeep
|turn|27
|
|t:|1656206687
|move|p2a: Ernie|U-turn|p1a: Corviknight
|-resisted|p1a: Corviknight
|-damage|p1a: Corviknight|59/100
|
|t:|1656206689
|switch|p2a: Tatum-Wash|Rotom-Wash|88/100 tox|[from]move: U-turn
|move|p1a: Corviknight|Roost|p1a: Corviknight
|-heal|p1a: Corviknight|100/100
|-singleturn|p1a: Corviknight|move: Roost
|
|-heal|p2a: Tatum-Wash|94/100 tox|[from] item: Leftovers
|-damage|p2a: Tatum-Wash|88/100 tox|[from] psn
|upkeep
|turn|28
|
|t:|1656206693
|switch|p1a: Blissey|Blissey, F, shiny|91/100
|move|p2a: Tatum-Wash|Volt Switch|p1a: Blissey
|-damage|p1a: Blissey|83/100
|
|t:|1656206697
|switch|p2a: Shaqqersby|Diggersby, M|94/100|[from]move: Volt Switch
|
|upkeep
|turn|29
|
|t:|1656206702
|switch|p1a: Corviknight|Corviknight, M, shiny|100/100
|-damage|p1a: Corviknight|88/100|[from] Stealth Rock
|-ability|p1a: Corviknight|Pressure
|move|p2a: Shaqqersby|Earthquake|p1a: Corviknight
|-immune|p1a: Corviknight
|
|upkeep
|turn|30
|
|t:|1656206705
|switch|p2a: Tatum-Wash|Rotom-Wash|88/100 tox
|move|p1a: Corviknight|Defog|p2a: Tatum-Wash
|-unboost|p2a: Tatum-Wash|evasion|1
|-sideend|p1: Run For Me Plz|Stealth Rock|[from] move: Defog|[of] p1a: Corviknight
|
|-heal|p2a: Tatum-Wash|94/100 tox|[from] item: Leftovers
|-damage|p2a: Tatum-Wash|88/100 tox|[from] psn
|upkeep
|turn|31
|
|t:|1656206706
|switch|p1a: Blissey|Blissey, F, shiny|83/100
|move|p2a: Tatum-Wash|Volt Switch|p1a: Blissey
|-damage|p1a: Blissey|74/100
|
|t:|1656206708
|switch|p2a: Shaqqersby|Diggersby, M|94/100|[from]move: Volt Switch
|
|upkeep
|turn|32
|
|t:|1656206711
|switch|p1a: Corviknight|Corviknight, M, shiny|88/100
|-ability|p1a: Corviknight|Pressure
|move|p2a: Shaqqersby|Earthquake|p1a: Corviknight
|-immune|p1a: Corviknight
|
|upkeep
|turn|33
|
|t:|1656206715
|switch|p2a: Tatum-Wash|Rotom-Wash|88/100 tox
|move|p1a: Corviknight|U-turn|p2a: Tatum-Wash
|-damage|p2a: Tatum-Wash|73/100 tox
|
|t:|1656206716
|switch|p1a: Blissey|Blissey, F, shiny|74/100|[from]move: U-turn
|
|-heal|p2a: Tatum-Wash|79/100 tox|[from] item: Leftovers
|-damage|p2a: Tatum-Wash|73/100 tox|[from] psn
|upkeep
|turn|34
|
|t:|1656206720
|move|p2a: Tatum-Wash|Toxic|p1a: Blissey
|-status|p1a: Blissey|tox
|move|p1a: Blissey|Ice Beam|p2a: Tatum-Wash
|-resisted|p2a: Tatum-Wash
|-damage|p2a: Tatum-Wash|66/100 tox
|
|-heal|p2a: Tatum-Wash|73/100 tox|[from] item: Leftovers
|-damage|p2a: Tatum-Wash|60/100 tox|[from] psn
|-damage|p1a: Blissey|68/100 tox|[from] psn
|upkeep
|turn|35
|
|t:|1656206725
|move|p2a: Tatum-Wash|Volt Switch|p1a: Blissey
|-damage|p1a: Blissey|58/100 tox
|
|t:|1656206727
|switch|p2a: Ernie|Landorus-Therian, M|100/100|[from]move: Volt Switch
|-ability|p2a: Ernie|Intimidate|boost
|-unboost|p1a: Blissey|atk|1
|move|p1a: Blissey|Soft-Boiled|p1a: Blissey
|-heal|p1a: Blissey|100/100 tox
|
|-damage|p1a: Blissey|88/100 tox|[from] psn
|upkeep
|turn|36
|
|t:|1656206729
|-curestatus|p1a: Blissey|tox|[from] ability: Natural Cure
|switch|p1a: Corviknight|Corviknight, M, shiny|88/100
|-ability|p1a: Corviknight|Pressure
|move|p2a: Ernie|Stealth Rock|p1a: Corviknight
|-sidestart|p1: Run For Me Plz|move: Stealth Rock
|
|upkeep
|turn|37
|
|t:|1656206732
|move|p2a: Ernie|U-turn|p1a: Corviknight
|-resisted|p1a: Corviknight
|-damage|p1a: Corviknight|85/100
|
|t:|1656206733
|switch|p2a: Tatum-Wash|Rotom-Wash|60/100 tox|[from]move: U-turn
|move|p1a: Corviknight|Defog|p2a: Tatum-Wash
|-unboost|p2a: Tatum-Wash|evasion|1
|-sideend|p1: Run For Me Plz|Stealth Rock|[from] move: Defog|[of] p1a: Corviknight
|
|-heal|p2a: Tatum-Wash|66/100 tox|[from] item: Leftovers
|-damage|p2a: Tatum-Wash|60/100 tox|[from] psn
|upkeep
|turn|38
|
|t:|1656206738
|switch|p1a: Blissey|Blissey, F, shiny|88/100
|move|p2a: Tatum-Wash|Volt Switch|p1a: Blissey
|-damage|p1a: Blissey|79/100
|
|t:|1656206740
|switch|p2a: Shaqqersby|Diggersby, M|94/100|[from]move: Volt Switch
|
|upkeep
|turn|39
|
|t:|1656206742
|switch|p1a: Corviknight|Corviknight, M, shiny|85/100
|-ability|p1a: Corviknight|Pressure
|move|p2a: Shaqqersby|Fire Punch|p1a: Corviknight
|-supereffective|p1a: Corviknight
|-damage|p1a: Corviknight|22/100
|
|upkeep
|turn|40
|
|t:|1656206747
|switch|p1a: Blissey|Blissey, F, shiny|79/100
|move|p2a: Shaqqersby|Fire Punch|p1a: Blissey
|-damage|p1a: Blissey|36/100
|
|upkeep
|turn|41
|
|t:|1656206749
|move|p2a: Shaqqersby|Fire Punch|p1a: Blissey
|-damage|p1a: Blissey|0 fnt
|faint|p1a: Blissey
|
|upkeep
|-message|Run For Me Plz forfeited.
|
|win|icebeamprodigy
|raw|Run For Me Plz's rating: 1802 &rarr; <strong>1784</strong><br />(-18 for losing)
|raw|icebeamprodigy's rating: 1843 &rarr; <strong>1861</strong><br />(+18 for winning)
|l|☆Run For Me Plz
|c|☆icebeamprodigy|gg
