|raw|<div class="broadcast-blue"><strong>This battle is required to be public due to a player having a name starting with 'lt94je'.</div>
|j|☆Pinkacross
|j|☆Lt94JE blood
|t:|1661731117
|gametype|singles
|player|p1|Pinkacross|102|1901
|player|p2|Lt94JE blood|unknown|1954
|teamsize|p1|6
|teamsize|p2|6
|gen|8
|tier|[Gen 8] OU
|rated|
|rule|Sleep Clause Mod: Limit one foe put to sleep
|rule|Species Clause: Limit one of each Pokémon
|rule|OHKO Clause: OHKO moves are banned
|rule|Evasion Items Clause: Evasion items are banned
|rule|Evasion Moves Clause: Evasion moves are banned
|rule|Endless Battle Clause: Forcing endless battles is banned
|rule|HP Percentage Mod: HP is shown in percentages
|rule|Dynamax Clause: You cannot dynamax
|clearpoke
|poke|p1|Moltres-Galar|
|poke|p1|Bisharp, F|
|poke|p1|Volcarona, M|
|poke|p1|Volcanion|
|poke|p1|Ninetales-Alola, F|
|poke|p1|Landorus-Therian, M|
|poke|p2|Dragapult, M|
|poke|p2|Landorus-Therian, M|
|poke|p2|Melmetal|
|poke|p2|Kartana|
|poke|p2|Magnezone|
|poke|p2|Dragonite, M|
|teampreview
|inactive|Battle timer is ON: inactive players will automatically lose when time's up. (requested by Lt94JE blood)
|c|☆Pinkacross|hf
|c|☆Lt94JE blood|u2
|
|t:|1661731129
|start
|switch|p1a: Landorus|Landorus-Therian, M|100/100
|switch|p2a: Serpentine|Dragapult, M, shiny|100/100
|-ability|p1a: Landorus|Intimidate|boost
|-unboost|p2a: Serpentine|atk|1
|turn|1
|
|t:|1661731133
|move|p2a: Serpentine|Surf|p1a: Landorus
|-supereffective|p1a: Landorus
|-damage|p1a: Landorus|0 fnt
|faint|p1a: Landorus
|
|upkeep
|
|t:|1661731141
|switch|p1a: Ninetales|Ninetales-Alola, F|100/100
|-weather|Hail|[from] ability: Snow Warning|[of] p1a: Ninetales
|turn|2
|j| Shockbeam
|j| Surfy
|l| Surfy
|inactive|Lt94JE blood has 120 seconds left.
|
|t:|1661731173
|move|p2a: Serpentine|Surf|p1a: Ninetales
|-damage|p1a: Ninetales|51/100
|move|p1a: Ninetales|Aurora Veil|p1a: Ninetales
|-sidestart|p1: Pinkacross|move: Aurora Veil
|
|-weather|Hail|[upkeep]
|-damage|p2a: Serpentine|95/100|[from] Hail
|upkeep
|turn|3
|j| Loege
|inactive|Lt94JE blood has 120 seconds left.
|
|t:|1661731187
|switch|p1a: Volcanion|Volcanion|100/100
|move|p2a: Serpentine|Surf|p1a: Volcanion
|-immune|p1a: Volcanion|[from] ability: Water Absorb
|
|-weather|Hail|[upkeep]
|-damage|p2a: Serpentine|89/100|[from] Hail
|-damage|p1a: Volcanion|94/100|[from] Hail
|upkeep
|turn|4
|inactive|Lt94JE blood has 120 seconds left.
|j| lt94je cuzzie
|l| Shockbeam
|j| Shockbeam
|j| nd bk
|j| London Beats
|j| lt94je Rubi
|inactive|Lt94JE blood has 90 seconds left.
|
|t:|1661731237
|switch|p2a: Grimlock|Magnezone, shiny|100/100
|-item|p2a: Grimlock|Air Balloon
|move|p1a: Volcanion|Flamethrower|p2a: Grimlock
|-supereffective|p2a: Grimlock
|-damage|p2a: Grimlock|0 fnt
|-enditem|p2a: Grimlock|Air Balloon
|faint|p2a: Grimlock
|
|-weather|Hail|[upkeep]
|-damage|p1a: Volcanion|88/100|[from] Hail
|upkeep
|
|t:|1661731241
|switch|p2a: Serpentine|Dragapult, M, shiny|89/100
|turn|5
|inactive|Lt94JE blood has 90 seconds left.
|
|t:|1661731260
|move|p2a: Serpentine|Shadow Ball|p1a: Volcanion
|-damage|p1a: Volcanion|29/100
|-unboost|p1a: Volcanion|spd|1
|move|p1a: Volcanion|Steam Eruption|p2a: Serpentine
|-resisted|p2a: Serpentine
|-damage|p2a: Serpentine|47/100
|-status|p2a: Serpentine|brn
|
|-weather|Hail|[upkeep]
|-damage|p2a: Serpentine|41/100 brn|[from] Hail
|-damage|p1a: Volcanion|23/100|[from] Hail
|-damage|p2a: Serpentine|35/100 brn|[from] brn
|upkeep
|turn|6
|
|t:|1661731269
|switch|p2a: Leviathan|Dragonite, M, shiny|100/100
|switch|p1a: Moltres|Moltres-Galar|100/100
|
|-weather|none
|upkeep
|turn|7
|inactive|Lt94JE blood has 90 seconds left.
|
|t:|1661731287
|switch|p2a: Fate|Melmetal, shiny|100/100
|switch|p1a: Ninetales|Ninetales-Alola, F|51/100
|-weather|Hail|[from] ability: Snow Warning|[of] p1a: Ninetales
|
|-weather|Hail|[upkeep]
|-damage|p2a: Fate|94/100|[from] Hail
|upkeep
|turn|8
|
|t:|1661731295
|switch|p1a: Volcarona|Volcarona, M|100/100
|move|p2a: Fate|Double Iron Bash|p1a: Volcarona
|-resisted|p1a: Volcarona
|-damage|p1a: Volcarona|86/100
|-resisted|p1a: Volcarona
|-damage|p1a: Volcarona|70/100
|-hitcount|p1a: Volcarona|2
|
|-weather|Hail|[upkeep]
|-damage|p1a: Volcarona|64/100|[from] Hail
|-damage|p2a: Fate|88/100|[from] Hail
|-heal|p1a: Volcarona|70/100|[from] item: Leftovers
|upkeep
|turn|9
|
|t:|1661731300
|switch|p2a: Leviathan|Dragonite, M, shiny|100/100
|move|p1a: Volcarona|Quiver Dance|p1a: Volcarona
|-boost|p1a: Volcarona|spa|1
|-boost|p1a: Volcarona|spd|1
|-boost|p1a: Volcarona|spe|1
|
|-weather|Hail|[upkeep]
|-damage|p1a: Volcarona|64/100|[from] Hail
|-damage|p2a: Leviathan|94/100|[from] Hail
|-heal|p1a: Volcarona|70/100|[from] item: Leftovers
|-sideend|p1: Pinkacross|move: Aurora Veil
|upkeep
|turn|10
|
|t:|1661731309
|move|p1a: Volcarona|Flamethrower|p2a: Leviathan
|-resisted|p2a: Leviathan
|-damage|p2a: Leviathan|58/100
|move|p2a: Leviathan|Dual Wingbeat|p1a: Volcarona
|-supereffective|p1a: Volcarona
|-damage|p1a: Volcarona|30/100
|-supereffective|p1a: Volcarona
|-damage|p1a: Volcarona|0 fnt
|faint|p1a: Volcarona
|-hitcount|p1: Volcarona|2
|
|-weather|Hail|[upkeep]
|-damage|p2a: Leviathan|52/100|[from] Hail
|upkeep
|j| lt94je star
|
|t:|1661731323
|switch|p1a: Ninetales|Ninetales-Alola, F|51/100
|turn|11
|inactive|Lt94JE blood has 120 seconds left.
|inactive|Lt94JE blood has 90 seconds left.
|
|t:|1661731378
|switch|p2a: Serpentine|Dragapult, M, shiny|35/100 brn
|move|p1a: Ninetales|Aurora Veil|p1a: Ninetales
|-sidestart|p1: Pinkacross|move: Aurora Veil
|
|-weather|none
|-damage|p2a: Serpentine|29/100 brn|[from] brn
|upkeep
|turn|12
|
|t:|1661731383
|move|p2a: Serpentine|Flamethrower|p1a: Ninetales
|-supereffective|p1a: Ninetales
|-damage|p1a: Ninetales|0 fnt
|faint|p1a: Ninetales
|
|-damage|p2a: Serpentine|23/100 brn|[from] brn
|upkeep
|
|t:|1661731386
|switch|p1a: Moltres|Moltres-Galar|100/100
|turn|13
|
|t:|1661731390
|switch|p2a: Fate|Melmetal, shiny|88/100
|move|p1a: Moltres|Agility|p1a: Moltres
|-boost|p1a: Moltres|spe|2
|
|upkeep
|turn|14
|
|t:|1661731399
|move|p1a: Moltres|Nasty Plot|p1a: Moltres
|-boost|p1a: Moltres|spa|2
|move|p2a: Fate|Ice Punch|p1a: Moltres
|-supereffective|p1a: Moltres
|-damage|p1a: Moltres|37/100
|-ability|p1a: Moltres|Berserk|boost
|-boost|p1a: Moltres|spa|1
|
|upkeep
|turn|15
|
|t:|1661731415
|switch|p2a: Serpentine|Dragapult, M, shiny|23/100 brn
|move|p1a: Moltres|Fiery Wrath|p2a: Serpentine
|-supereffective|p2a: Serpentine
|-damage|p2a: Serpentine|0 fnt
|faint|p2a: Serpentine
|
|upkeep
|
|t:|1661731425
|switch|p2a: Deathstroke|Kartana, shiny|100/100
|turn|16
|
|t:|1661731428
|move|p1a: Moltres|Fiery Wrath|p2a: Deathstroke
|-damage|p2a: Deathstroke|0 fnt
|faint|p2a: Deathstroke
|
|upkeep
|c|☆Lt94JE blood|yea
|c|☆Lt94JE blood|u own me everytime
|c|☆Lt94JE blood|Gg
|-message|Lt94JE blood forfeited.
|
|win|Pinkacross
|raw|Pinkacross's rating: 1901 &rarr; <strong>1923</strong><br />(+22 for winning)
|raw|Lt94JE blood's rating: 1931 &rarr; <strong>1909</strong><br />(-22 for losing)
|c|☆Pinkacross|gg
|l|☆Lt94JE blood
|l| lt94je cuzzie
|l| Shockbeam
|l| lt94je Rubi
|j| lt94je cuzzie
||Ladder isn't responding, score probably updated but might not have (Request timeout).
|l| London Beats
|l|☆Pinkacross
|j| LT94JE tj
|l| LT94JE tj
|l| Loege
|l| nd bk
|j| Kyurem
|l| lt94je cuzzie
|l| Kyurem
