|j|☆Negad.B
|j|☆GORAN EL DRACO
|player|p1|Negad.B|265|1831
|player|p2|GORAN EL DRACO|n|1803
|teamsize|p1|6
|teamsize|p2|6
|gametype|singles
|gen|8
|tier|[Gen 8] OU
|rated|
|clearpoke
|poke|p1|Clefable, F|
|poke|p1|Mandibuzz, F|
|poke|p1|Hippowdon, F|
|poke|p1|Toxapex, F|
|poke|p1|Dragapult, M|
|poke|p1|Jirachi|
|poke|p2|Torkoal, F|
|poke|p2|Rillaboom, F|
|poke|p2|Primarina, F|
|poke|p2|Zeraora|
|poke|p2|Hawlucha, F|
|poke|p2|Venusaur, M|
|rule|Sleep Clause Mod: Limit one foe put to sleep
|rule|Species Clause: Limit one of each Pokémon
|rule|OHKO Clause: OHKO moves are banned
|rule|Evasion Moves Clause: Evasion moves are banned
|rule|Endless Battle Clause: Forcing endless battles is banned
|rule|HP Percentage Mod: HP is shown in percentages
|rule|Dynamax Clause: You cannot dynamax
|teampreview
|j| Atrocious-D
|
|start
|switch|p1a: Clefable|Clefable, F|100/100
|switch|p2a: Venusaur|Venusaur, M|100/100
|turn|1
|
|move|p2a: Venusaur|Sludge Bomb|p1a: Clefable
|-supereffective|p1a: Clefable
|-damage|p1a: Clefable|23/100
|-status|p1a: Clefable|psn
|-damage|p2a: Venusaur|91/100|[from] item: Life Orb
|move|p1a: Clefable|Thunder Wave|p2a: Venusaur
|-status|p2a: Venusaur|par
|
|-heal|p1a: Clefable|29/100 psn|[from] item: Leftovers
|upkeep
|turn|2
|
|switch|p1a: Jirachi|Jirachi|100/100
|move|p2a: Venusaur|Sludge Bomb|p1a: Jirachi
|-immune|p1a: Jirachi
|
|upkeep
|turn|3
|
|switch|p2a: Torkoal|Torkoal, F|100/100
|-weather|SunnyDay|[from] ability: Drought|[of] p2a: Torkoal
|move|p1a: Jirachi|Body Slam|p2a: Torkoal
|-damage|p2a: Torkoal|89/100
|
|-weather|SunnyDay|[upkeep]
|upkeep
|turn|4
|
|move|p1a: Jirachi|Body Slam|p2a: Torkoal
|-damage|p2a: Torkoal|77/100
|-status|p2a: Torkoal|par
|move|p2a: Torkoal|Stealth Rock|p1a: Jirachi
|-sidestart|p1: Negad.B|move: Stealth Rock
|
|-weather|SunnyDay|[upkeep]
|upkeep
|turn|5
|j| Prescrumptuous
|
|switch|p1a: Toxapex|Toxapex, F|100/100
|-damage|p1a: Toxapex|88/100|[from] Stealth Rock
|move|p2a: Torkoal|Lava Plume|p1a: Toxapex
|-resisted|p1a: Toxapex
|-damage|p1a: Toxapex|73/100
|
|-weather|SunnyDay|[upkeep]
|-heal|p1a: Toxapex|79/100|[from] item: Black Sludge
|upkeep
|turn|6
|l| Prescrumptuous
|
|switch|p2a: Primarina|Primarina, F|100/100
|move|p1a: Toxapex|Knock Off|p2a: Primarina
|-resisted|p2a: Primarina
|-damage|p2a: Primarina|92/100
|-enditem|p2a: Primarina|Leftovers|[from] move: Knock Off|[of] p1a: Toxapex
|
|-weather|SunnyDay|[upkeep]
|-heal|p1a: Toxapex|85/100|[from] item: Black Sludge
|upkeep
|turn|7
|
|switch|p1a: Jirachi|Jirachi|100/100
|-damage|p1a: Jirachi|94/100|[from] Stealth Rock
|move|p2a: Primarina|Substitute|p2a: Primarina
|-start|p2a: Primarina|Substitute
|-damage|p2a: Primarina|67/100
|
|-weather|none
|-heal|p1a: Jirachi|100/100|[from] item: Leftovers
|upkeep
|turn|8
|
|move|p1a: Jirachi|Iron Head|p2a: Primarina
|-end|p2a: Primarina|Substitute
|move|p2a: Primarina|Scald|p1a: Jirachi
|-damage|p1a: Jirachi|74/100
|-status|p1a: Jirachi|brn
|
|-heal|p1a: Jirachi|80/100 brn|[from] item: Leftovers
|-damage|p1a: Jirachi|74/100 brn|[from] brn
|upkeep
|turn|9
|
|move|p1a: Jirachi|Wish|p1a: Jirachi
|move|p2a: Primarina|Calm Mind|p2a: Primarina
|-boost|p2a: Primarina|spa|1
|-boost|p2a: Primarina|spd|1
|
|-heal|p1a: Jirachi|80/100 brn|[from] item: Leftovers
|-damage|p1a: Jirachi|74/100 brn|[from] brn
|upkeep
|turn|10
|
|move|p1a: Jirachi|Body Slam|p2a: Primarina
|-damage|p2a: Primarina|54/100
|-status|p2a: Primarina|par
|move|p2a: Primarina|Scald|p1a: Jirachi
|-damage|p1a: Jirachi|28/100 brn
|
|-heal|p1a: Jirachi|78/100 brn|[from] move: Wish|[wisher] Jirachi
|-heal|p1a: Jirachi|84/100 brn|[from] item: Leftovers
|-damage|p1a: Jirachi|78/100 brn|[from] brn
|upkeep
|turn|11
|
|switch|p1a: Toxapex|Toxapex, F|100/100
|-damage|p1a: Toxapex|88/100|[from] Stealth Rock
|switch|p2a: Torkoal|Torkoal, F|77/100 par
|-weather|SunnyDay|[from] ability: Drought|[of] p2a: Torkoal
|
|-weather|SunnyDay|[upkeep]
|-heal|p1a: Toxapex|94/100|[from] item: Black Sludge
|upkeep
|turn|12
|
|switch|p1a: Hippowdon|Hippowdon, F|100/100
|-damage|p1a: Hippowdon|94/100|[from] Stealth Rock
|-weather|Sandstorm|[from] ability: Sand Stream|[of] p1a: Hippowdon
|switch|p2a: Rillaboom|Rillaboom, F|100/100
|-fieldstart|move: Grassy Terrain|[from] ability: Grassy Surge|[of] p2a: Rillaboom
|
|-weather|Sandstorm|[upkeep]
|-damage|p2a: Rillaboom|94/100|[from] Sandstorm
|-heal|p2a: Rillaboom|100/100|[from] Grassy Terrain
|-heal|p1a: Hippowdon|100/100|[from] Grassy Terrain
|upkeep
|turn|13
|
|switch|p1a: Mandibuzz|Mandibuzz, F|100/100
|move|p2a: Rillaboom|Knock Off|p1a: Mandibuzz
|-resisted|p1a: Mandibuzz
|-damage|p1a: Mandibuzz|87/100
|-enditem|p1a: Mandibuzz|Heavy-Duty Boots|[from] move: Knock Off|[of] p2a: Rillaboom
|
|-weather|Sandstorm|[upkeep]
|-damage|p2a: Rillaboom|94/100|[from] Sandstorm
|-heal|p2a: Rillaboom|100/100|[from] Grassy Terrain
|upkeep
|turn|14
|
|switch|p2a: Primarina|Primarina, F|54/100 par
|move|p1a: Mandibuzz|Defog|p2a: Primarina
|-unboost|p2a: Primarina|evasion|1
|-sideend|p1: Negad.B|Stealth Rock|[from] move: Defog|[of] p1a: Mandibuzz
|-fieldend|move: Grassy Terrain
|
|-weather|Sandstorm|[upkeep]
|-damage|p2a: Primarina|48/100 par|[from] Sandstorm
|upkeep
|turn|15
|
|move|p1a: Mandibuzz|U-turn|p2a: Primarina
|-resisted|p2a: Primarina
|-damage|p2a: Primarina|41/100 par
|
|switch|p1a: Toxapex|Toxapex, F|100/100|[from]move: U-turn
|move|p2a: Primarina|Scald|p1a: Toxapex
|-resisted|p1a: Toxapex
|-damage|p1a: Toxapex|82/100
|
|-weather|Sandstorm|[upkeep]
|-damage|p1a: Toxapex|76/100|[from] Sandstorm
|-damage|p2a: Primarina|35/100 par|[from] Sandstorm
|-heal|p1a: Toxapex|82/100|[from] item: Black Sludge
|upkeep
|turn|16
|
|move|p1a: Toxapex|Scald|p2a: Primarina
|-resisted|p2a: Primarina
|-crit|p2a: Primarina
|-damage|p2a: Primarina|24/100 par
|cant|p2a: Primarina|par
|
|-weather|none
|-heal|p1a: Toxapex|89/100|[from] item: Black Sludge
|upkeep
|turn|17
|
|move|p1a: Toxapex|Scald|p2a: Primarina
|-resisted|p2a: Primarina
|-damage|p2a: Primarina|17/100 par
|move|p2a: Primarina|Scald|p1a: Toxapex
|-resisted|p1a: Toxapex
|-damage|p1a: Toxapex|60/100
|
|-heal|p1a: Toxapex|66/100|[from] item: Black Sludge
|upkeep
|turn|18
|
|move|p1a: Toxapex|Knock Off|p2a: Primarina
|-resisted|p2a: Primarina
|-damage|p2a: Primarina|11/100 par
|move|p2a: Primarina|Scald|p1a: Toxapex
|-resisted|p1a: Toxapex
|-damage|p1a: Toxapex|36/100
|
|-heal|p1a: Toxapex|43/100|[from] item: Black Sludge
|upkeep
|turn|19
|
|move|p1a: Toxapex|Recover|p1a: Toxapex
|-heal|p1a: Toxapex|93/100
|cant|p2a: Primarina|par
|
|-heal|p1a: Toxapex|99/100|[from] item: Black Sludge
|upkeep
|turn|20
|
|move|p1a: Toxapex|Scald|p2a: Primarina
|-resisted|p2a: Primarina
|-damage|p2a: Primarina|3/100 par
|cant|p2a: Primarina|par
|
|-heal|p1a: Toxapex|100/100|[from] item: Black Sludge
|upkeep
|turn|21
|
|move|p1a: Toxapex|Scald|p2a: Primarina
|-resisted|p2a: Primarina
|-damage|p2a: Primarina|0 fnt
|faint|p2a: Primarina
|
|upkeep
|
|switch|p2a: Torkoal|Torkoal, F|77/100 par
|-weather|SunnyDay|[from] ability: Drought|[of] p2a: Torkoal
|turn|22
|
|switch|p1a: Hippowdon|Hippowdon, F|100/100
|-weather|Sandstorm|[from] ability: Sand Stream|[of] p1a: Hippowdon
|cant|p2a: Torkoal|par
|
|-weather|Sandstorm|[upkeep]
|-damage|p2a: Torkoal|71/100 par|[from] Sandstorm
|upkeep
|turn|23
|
|move|p1a: Hippowdon|Earthquake|p2a: Torkoal
|-supereffective|p2a: Torkoal
|-damage|p2a: Torkoal|22/100 par
|move|p2a: Torkoal|Yawn|p1a: Hippowdon
|-start|p1a: Hippowdon|move: Yawn|[of] p2a: Torkoal
|
|-weather|Sandstorm|[upkeep]
|-damage|p2a: Torkoal|16/100 par|[from] Sandstorm
|upkeep
|turn|24
|
|switch|p1a: Mandibuzz|Mandibuzz, F|87/100
|switch|p2a: Zeraora|Zeraora|100/100
|
|-weather|Sandstorm|[upkeep]
|-damage|p2a: Zeraora|95/100|[from] Sandstorm
|upkeep
|turn|25
|j| phys2000
|
|switch|p1a: Hippowdon|Hippowdon, F|100/100
|move|p2a: Zeraora|Grass Knot|p1a: Hippowdon
|-supereffective|p1a: Hippowdon
|-damage|p1a: Hippowdon|23/100
|-damage|p2a: Zeraora|78/100|[from] item: Rocky Helmet|[of] p1a: Hippowdon
|
|-weather|Sandstorm|[upkeep]
|-damage|p2a: Zeraora|72/100|[from] Sandstorm
|upkeep
|turn|26
|
|switch|p1a: Toxapex|Toxapex, F|100/100
|move|p2a: Zeraora|Grass Knot|p1a: Toxapex
|-damage|p1a: Toxapex|92/100
|
|-weather|none
|-heal|p1a: Toxapex|99/100|[from] item: Black Sludge
|upkeep
|turn|27
|
|switch|p1a: Hippowdon|Hippowdon, F|23/100
|-weather|Sandstorm|[from] ability: Sand Stream|[of] p1a: Hippowdon
|move|p2a: Zeraora|Plasma Fists|p1a: Hippowdon
|-immune|p1a: Hippowdon
|
|-weather|Sandstorm|[upkeep]
|-damage|p2a: Zeraora|66/100|[from] Sandstorm
|upkeep
|turn|28
|
|switch|p1a: Toxapex|Toxapex, F|100/100
|move|p2a: Zeraora|Grass Knot|p1a: Toxapex
|-damage|p1a: Toxapex|92/100
|
|-weather|Sandstorm|[upkeep]
|-damage|p2a: Zeraora|60/100|[from] Sandstorm
|-damage|p1a: Toxapex|85/100|[from] Sandstorm
|-heal|p1a: Toxapex|92/100|[from] item: Black Sludge
|upkeep
|turn|29
|
|move|p2a: Zeraora|Plasma Fists|p1a: Toxapex
|-supereffective|p1a: Toxapex
|-damage|p1a: Toxapex|25/100
|-fieldactivate|move: Ion Deluge
|move|p1a: Toxapex|Scald|p2a: Zeraora
|-damage|p2a: Zeraora|35/100
|
|-weather|Sandstorm|[upkeep]
|-damage|p2a: Zeraora|29/100|[from] Sandstorm
|-damage|p1a: Toxapex|19/100|[from] Sandstorm
|-heal|p1a: Toxapex|25/100|[from] item: Black Sludge
|upkeep
|turn|30
|
|switch|p1a: Hippowdon|Hippowdon, F|23/100
|move|p2a: Zeraora|Grass Knot|p1a: Hippowdon
|-supereffective|p1a: Hippowdon
|-damage|p1a: Hippowdon|0 fnt
|-damage|p2a: Zeraora|13/100|[from] item: Rocky Helmet|[of] p1a: Hippowdon
|faint|p1a: Hippowdon
|
|-weather|Sandstorm|[upkeep]
|-damage|p2a: Zeraora|7/100|[from] Sandstorm
|upkeep
|
|switch|p1a: Jirachi|Jirachi|78/100 brn
|turn|31
|
|move|p2a: Zeraora|Knock Off|p1a: Jirachi
|-supereffective|p1a: Jirachi
|-damage|p1a: Jirachi|19/100 brn
|-enditem|p1a: Jirachi|Leftovers|[from] move: Knock Off|[of] p2a: Zeraora
|move|p1a: Jirachi|Body Slam|p2a: Zeraora
|-damage|p2a: Zeraora|0 fnt
|faint|p2a: Zeraora
|
|-weather|none
|-damage|p1a: Jirachi|13/100 brn|[from] brn
|upkeep
|j| Grizius
|j| the datlatiass
|j| cancer02
|l| cancer02
|
|switch|p2a: Torkoal|Torkoal, F|16/100 par
|-weather|SunnyDay|[from] ability: Drought|[of] p2a: Torkoal
|turn|32
|j| GlobalWarmingDoom
|
|switch|p1a: Mandibuzz|Mandibuzz, F|87/100
|move|p2a: Torkoal|Stealth Rock|p1a: Mandibuzz
|-sidestart|p1: Negad.B|move: Stealth Rock
|
|-weather|SunnyDay|[upkeep]
|upkeep
|turn|33
|j| Arnaud senju vgc
|
|move|p1a: Mandibuzz|Defog|p2a: Torkoal
|-unboost|p2a: Torkoal|evasion|1
|-sideend|p1: Negad.B|Stealth Rock|[from] move: Defog|[of] p1a: Mandibuzz
|move|p2a: Torkoal|Yawn|p1a: Mandibuzz
|-start|p1a: Mandibuzz|move: Yawn|[of] p2a: Torkoal
|
|-weather|SunnyDay|[upkeep]
|upkeep
|turn|34
|
|move|p1a: Mandibuzz|Foul Play|p2a: Torkoal
|-damage|p2a: Torkoal|3/100 par
|move|p2a: Torkoal|Stealth Rock|p1a: Mandibuzz
|-sidestart|p1: Negad.B|move: Stealth Rock
|
|-weather|SunnyDay|[upkeep]
|-end|p1a: Mandibuzz|move: Yawn|[silent]
|-status|p1a: Mandibuzz|slp
|upkeep
|turn|35
|
|switch|p2a: Rillaboom|Rillaboom, F|100/100
|-fieldstart|move: Grassy Terrain|[from] ability: Grassy Surge|[of] p2a: Rillaboom
|cant|p1a: Mandibuzz|slp
|
|-weather|SunnyDay|[upkeep]
|upkeep
|turn|36
|l| Grizius
|j| lukisonic23
|l| Atrocious-D
|
|move|p2a: Rillaboom|Swords Dance|p2a: Rillaboom
|-boost|p2a: Rillaboom|atk|2
|-curestatus|p1a: Mandibuzz|slp|[msg]
|move|p1a: Mandibuzz|Defog|p2a: Rillaboom
|-unboost|p2a: Rillaboom|evasion|1
|-sideend|p1: Negad.B|Stealth Rock|[from] move: Defog|[of] p1a: Mandibuzz
|-fieldend|move: Grassy Terrain
|
|-weather|none
|upkeep
|turn|37
|
|move|p2a: Rillaboom|Superpower|p1a: Mandibuzz
|-damage|p1a: Mandibuzz|23/100
|-unboost|p2a: Rillaboom|atk|1
|-unboost|p2a: Rillaboom|def|1
|move|p1a: Mandibuzz|Foul Play|p2a: Rillaboom
|-damage|p2a: Rillaboom|0 fnt
|faint|p2a: Rillaboom
|
|upkeep
|-message|GORAN EL DRACO forfeited.
|
|win|Negad.B
|l|☆GORAN EL DRACO
|j| Prescrumptuous
|l| Prescrumptuous
|l| GlobalWarmingDoom
||Ladder (probably) updated, but score could not be retrieved (Response not received).
|j| WG Hitman
|l| the datlatiass
|l| lukisonic23
|l| Arnaud senju vgc
|j| lil foe le do it
|l| lil foe le do it
|l| WG Hitman
