|j|☆AFlyingMermaid
|j|☆misplayin
|t:|1665327447
|gametype|singles
|player|p1|AFlyingMermaid|265|1691
|player|p2|misplayin|pokemonrangerf-gen4|1692
|teamsize|p1|6
|teamsize|p2|6
|gen|8
|tier|[Gen 8] OU
|rated|
|rule|Sleep Clause Mod: Limit one foe put to sleep
|rule|Species Clause: Limit one of each Pokémon
|rule|OHKO Clause: OHKO moves are banned
|rule|Evasion Items Clause: Evasion items are banned
|rule|Evasion Moves Clause: Evasion moves are banned
|rule|Endless Battle Clause: Forcing endless battles is banned
|rule|HP Percentage Mod: HP is shown in percentages
|rule|Dynamax Clause: You cannot dynamax
|clearpoke
|poke|p1|Rhyperior, F|
|poke|p1|Corviknight, M|
|poke|p1|Kartana|
|poke|p1|Hippowdon, F|
|poke|p1|Tapu Lele|
|poke|p1|Toxapex, M|
|poke|p2|Obstagoon, F|
|poke|p2|Garchomp, M|
|poke|p2|Pelipper, M|
|poke|p2|Buzzwole|
|poke|p2|Tornadus-Therian, M|
|poke|p2|Tapu Koko|
|teampreview
|inactive|Battle timer is ON: inactive players will automatically lose when time's up. (requested by misplayin)
|j| TES.Jackylove
|l| TES.Jackylove
|
|t:|1665327462
|start
|switch|p1a: Tapu Lele|Tapu Lele|100/100
|switch|p2a: Pelipper|Pelipper, M|100/100
|-fieldstart|move: Psychic Terrain|[from] ability: Psychic Surge|[of] p1a: Tapu Lele
|-weather|RainDance|[from] ability: Drizzle|[of] p2a: Pelipper
|turn|1
|
|t:|1665327464
|switch|p2a: Tornadus|Tornadus-Therian, M|100/100
|move|p1a: Tapu Lele|Moonblast|p2a: Tornadus
|-damage|p2a: Tornadus|53/100
|-unboost|p2a: Tornadus|spa|1
|
|-weather|RainDance|[upkeep]
|upkeep
|turn|2
|
|t:|1665327467
|move|p2a: Tornadus|Knock Off|p1a: Tapu Lele
|-damage|p1a: Tapu Lele|68/100
|-enditem|p1a: Tapu Lele|Choice Specs|[from] move: Knock Off|[of] p2a: Tornadus
|move|p1a: Tapu Lele|Moonblast|p2a: Tornadus
|-damage|p2a: Tornadus|23/100
|
|-weather|RainDance|[upkeep]
|upkeep
|turn|3
|
|t:|1665327470
|move|p2a: Tornadus|U-turn|p1a: Tapu Lele
|-damage|p1a: Tapu Lele|46/100
|
|t:|1665327475
|switch|p2a: Tapu Koko|Tapu Koko|100/100|[from]move: U-turn
|-fieldstart|move: Electric Terrain|[from] ability: Electric Surge|[of] p2a: Tapu Koko
|move|p1a: Tapu Lele|Psychic|p2a: Tapu Koko
|-damage|p2a: Tapu Koko|28/100
|
|-weather|RainDance|[upkeep]
|upkeep
|turn|4
|
|t:|1665327483
|switch|p1a: Hippowdon|Hippowdon, F|100/100
|-weather|Sandstorm|[from] ability: Sand Stream|[of] p1a: Hippowdon
|move|p2a: Tapu Koko|U-turn|p1a: Hippowdon
|-damage|p1a: Hippowdon|91/100
|-damage|p2a: Tapu Koko|12/100|[from] item: Rocky Helmet|[of] p1a: Hippowdon
|
|t:|1665327487
|switch|p2a: Pelipper|Pelipper, M|100/100|[from]move: U-turn
|-weather|RainDance|[from] ability: Drizzle|[of] p2a: Pelipper
|
|-weather|RainDance|[upkeep]
|upkeep
|turn|5
|
|t:|1665327495
|move|p2a: Pelipper|Hurricane|p1a: Hippowdon
|-damage|p1a: Hippowdon|13/100
|move|p1a: Hippowdon|Stealth Rock|p2a: Pelipper
|-sidestart|p2: misplayin|move: Stealth Rock
|
|-weather|RainDance|[upkeep]
|upkeep
|turn|6
|
|t:|1665327500
|switch|p1a: Rhyperior|Rhyperior, F|100/100
|move|p2a: Pelipper|Hurricane|p1a: Rhyperior
|-resisted|p1a: Rhyperior
|-damage|p1a: Rhyperior|45/100
|-start|p1a: Rhyperior|confusion
|
|-weather|RainDance|[upkeep]
|upkeep
|turn|7
|
|t:|1665327506
|switch|p1a: Corviknight|Corviknight, M|100/100
|-ability|p1a: Corviknight|Pressure
|move|p2a: Pelipper|Hurricane|p1a: Corviknight
|-resisted|p1a: Corviknight
|-damage|p1a: Corviknight|73/100
|
|-weather|RainDance|[upkeep]
|-heal|p1a: Corviknight|79/100|[from] item: Leftovers
|-fieldend|move: Electric Terrain
|upkeep
|turn|8
|
|t:|1665327509
|switch|p2a: Garchomp|Garchomp, M|100/100
|-damage|p2a: Garchomp|94/100|[from] Stealth Rock
|move|p1a: Corviknight|U-turn|p2a: Garchomp
|-damage|p2a: Garchomp|83/100
|-damage|p1a: Corviknight|66/100|[from] ability: Rough Skin|[of] p2a: Garchomp
|
|t:|1665327515
|switch|p1a: Tapu Lele|Tapu Lele|46/100|[from]move: U-turn
|-fieldstart|move: Psychic Terrain|[from] ability: Psychic Surge|[of] p1a: Tapu Lele
|
|-weather|none
|-heal|p2a: Garchomp|89/100|[from] item: Leftovers
|upkeep
|turn|9
|
|t:|1665327519
|move|p2a: Garchomp|Protect|p2a: Garchomp
|-singleturn|p2a: Garchomp|Protect
|move|p1a: Tapu Lele|Moonblast|p2a: Garchomp
|-activate|p2a: Garchomp|move: Protect
|
|-heal|p2a: Garchomp|95/100|[from] item: Leftovers
|upkeep
|turn|10
|j| Pinkmons are funny
|inactive|misplayin has 120 seconds left.
|
|t:|1665327550
|switch|p2a: Tornadus|Tornadus-Therian, M|56/100
|-damage|p2a: Tornadus|31/100|[from] Stealth Rock
|move|p1a: Tapu Lele|Moonblast|p2a: Tornadus
|-damage|p2a: Tornadus|1/100
|
|upkeep
|turn|11
|
|t:|1665327557
|move|p2a: Tornadus|Hurricane|p1a: Tapu Lele
|-damage|p1a: Tapu Lele|1/100
|move|p1a: Tapu Lele|Moonblast|p2a: Tornadus
|-damage|p2a: Tornadus|0 fnt
|faint|p2a: Tornadus
|
|upkeep
|
|t:|1665327565
|switch|p2a: Tapu Koko|Tapu Koko|12/100
|-fieldstart|move: Electric Terrain|[from] ability: Electric Surge|[of] p2a: Tapu Koko
|turn|12
|
|t:|1665327568
|switch|p1a: Hippowdon|Hippowdon, F|13/100
|-weather|Sandstorm|[from] ability: Sand Stream|[of] p1a: Hippowdon
|move|p2a: Tapu Koko|Defog|p1a: Hippowdon
|-unboost|p1a: Hippowdon|evasion|1
|-sideend|p2: misplayin|Stealth Rock|[from] move: Defog|[of] p2a: Tapu Koko
|-fieldend|move: Electric Terrain
|
|-weather|Sandstorm|[upkeep]
|-damage|p2a: Tapu Koko|5/100|[from] Sandstorm
|upkeep
|turn|13
|
|t:|1665327582
|move|p2a: Tapu Koko|Dazzling Gleam|p1a: Hippowdon
|-damage|p1a: Hippowdon|0 fnt
|faint|p1a: Hippowdon
|
|-weather|Sandstorm|[upkeep]
|-damage|p2a: Tapu Koko|0 fnt|[from] Sandstorm
|faint|p2a: Tapu Koko
|upkeep
|
|t:|1665327595
|switch|p2a: Pelipper|Pelipper, M|100/100
|switch|p1a: Rhyperior|Rhyperior, F|45/100
|-weather|RainDance|[from] ability: Drizzle|[of] p2a: Pelipper
|turn|14
|
|t:|1665327600
|switch|p1a: Toxapex|Toxapex, M|100/100
|move|p2a: Pelipper|Hurricane|p1a: Toxapex
|-damage|p1a: Toxapex|56/100
|-start|p1a: Toxapex|confusion
|
|-weather|RainDance|[upkeep]
|-heal|p1a: Toxapex|62/100|[from] item: Black Sludge
|upkeep
|turn|15
|
|t:|1665327605
|switch|p1a: Corviknight|Corviknight, M|66/100
|-ability|p1a: Corviknight|Pressure
|move|p2a: Pelipper|Hurricane|p1a: Corviknight
|-resisted|p1a: Corviknight
|-damage|p1a: Corviknight|40/100
|
|-weather|RainDance|[upkeep]
|-heal|p1a: Corviknight|47/100|[from] item: Leftovers
|upkeep
|turn|16
|
|t:|1665327611
|switch|p2a: Garchomp|Garchomp, M|95/100
|move|p1a: Corviknight|Roost|p1a: Corviknight
|-heal|p1a: Corviknight|97/100
|-singleturn|p1a: Corviknight|move: Roost
|
|-weather|RainDance|[upkeep]
|-heal|p2a: Garchomp|100/100|[from] item: Leftovers
|-heal|p1a: Corviknight|100/100|[from] item: Leftovers
|upkeep
|turn|17
|
|t:|1665327616
|move|p2a: Garchomp|Stealth Rock|p1a: Corviknight
|-sidestart|p1: AFlyingMermaid|move: Stealth Rock
|move|p1a: Corviknight|U-turn|p2a: Garchomp
|-damage|p2a: Garchomp|89/100
|-damage|p1a: Corviknight|88/100|[from] ability: Rough Skin|[of] p2a: Garchomp
|
|t:|1665327622
|switch|p1a: Toxapex|Toxapex, M|96/100|[from]move: U-turn
|-damage|p1a: Toxapex|83/100|[from] Stealth Rock
|
|-weather|RainDance|[upkeep]
|-heal|p2a: Garchomp|95/100|[from] item: Leftovers
|-heal|p1a: Toxapex|89/100|[from] item: Black Sludge
|upkeep
|turn|18
|
|t:|1665327626
|switch|p2a: Obstagoon|Obstagoon, F|100/100
|move|p1a: Toxapex|Scald|p2a: Obstagoon
|-damage|p2a: Obstagoon|73/100
|
|-weather|none
|-heal|p1a: Toxapex|96/100|[from] item: Black Sludge
|-status|p2a: Obstagoon|brn|[from] item: Flame Orb
|upkeep
|turn|19
|
|t:|1665327634
|switch|p1a: Rhyperior|Rhyperior, F|45/100
|-damage|p1a: Rhyperior|39/100|[from] Stealth Rock
|move|p2a: Obstagoon|Switcheroo|p1a: Rhyperior
|-activate|p2a: Obstagoon|move: Trick|[of] p1a: Rhyperior
|-item|p1a: Rhyperior|Flame Orb|[from] move: Switcheroo
|-item|p2a: Obstagoon|Choice Band|[from] move: Switcheroo
|
|-damage|p2a: Obstagoon|67/100 brn|[from] brn
|-status|p1a: Rhyperior|brn|[from] item: Flame Orb
|upkeep
|turn|20
|
|t:|1665327640
|move|p2a: Obstagoon|Close Combat|p1a: Rhyperior
|-supereffective|p1a: Rhyperior
|-damage|p1a: Rhyperior|0 fnt
|-unboost|p2a: Obstagoon|def|1
|-unboost|p2a: Obstagoon|spd|1
|faint|p1a: Rhyperior
|
|-damage|p2a: Obstagoon|60/100 brn|[from] brn
|upkeep
|
|t:|1665327641
|switch|p1a: Kartana|Kartana|100/100
|-damage|p1a: Kartana|94/100|[from] Stealth Rock
|turn|21
|
|t:|1665327646
|switch|p2a: Buzzwole|Buzzwole|100/100
|move|p1a: Kartana|Leaf Blade|p2a: Buzzwole
|-resisted|p2a: Buzzwole
|-crit|p2a: Buzzwole
|-damage|p2a: Buzzwole|77/100
|-damage|p1a: Kartana|78/100|[from] item: Rocky Helmet|[of] p2a: Buzzwole
|
|upkeep
|turn|22
|
|t:|1665327650
|switch|p1a: Corviknight|Corviknight, M|88/100
|-damage|p1a: Corviknight|75/100|[from] Stealth Rock
|-ability|p1a: Corviknight|Pressure
|switch|p2a: Pelipper|Pelipper, M|100/100
|-weather|RainDance|[from] ability: Drizzle|[of] p2a: Pelipper
|
|-weather|RainDance|[upkeep]
|-heal|p1a: Corviknight|82/100|[from] item: Leftovers
|upkeep
|turn|23
|
|t:|1665327653
|switch|p1a: Toxapex|Toxapex, M|100/100
|-damage|p1a: Toxapex|88/100|[from] Stealth Rock
|move|p2a: Pelipper|Weather Ball|p1a: Toxapex
|-resisted|p1a: Toxapex
|-damage|p1a: Toxapex|56/100
|
|-weather|RainDance|[upkeep]
|-heal|p1a: Toxapex|62/100|[from] item: Black Sludge
|upkeep
|turn|24
|
|t:|1665327657
|switch|p2a: Obstagoon|Obstagoon, F|60/100 brn
|move|p1a: Toxapex|Recover|p1a: Toxapex
|-heal|p1a: Toxapex|100/100
|
|-weather|RainDance|[upkeep]
|-damage|p2a: Obstagoon|54/100 brn|[from] brn
|upkeep
|turn|25
|
|t:|1665327668
|switch|p1a: Tapu Lele|Tapu Lele|1/100
|-damage|p1a: Tapu Lele|0 fnt|[from] Stealth Rock
|faint|p1a: Tapu Lele
|move|p2a: Obstagoon|Facade|p1: Tapu Lele|[notarget]
|-fail|p2a: Obstagoon
|
|-weather|RainDance|[upkeep]
|-damage|p2a: Obstagoon|48/100 brn|[from] brn
|upkeep
|
|t:|1665327670
|switch|p1a: Kartana|Kartana|78/100
|-damage|p1a: Kartana|72/100|[from] Stealth Rock
|turn|26
|
|t:|1665327673
|switch|p2a: Buzzwole|Buzzwole|77/100
|move|p1a: Kartana|Smart Strike|p2a: Buzzwole
|-damage|p2a: Buzzwole|53/100
|-damage|p1a: Kartana|55/100|[from] item: Rocky Helmet|[of] p2a: Buzzwole
|
|-weather|none
|upkeep
|turn|27
|
|t:|1665327678
|move|p1a: Kartana|Smart Strike|p2a: Buzzwole
|-damage|p2a: Buzzwole|28/100
|-damage|p1a: Kartana|38/100|[from] item: Rocky Helmet|[of] p2a: Buzzwole
|move|p2a: Buzzwole|Roost|p2a: Buzzwole
|-heal|p2a: Buzzwole|78/100
|-singleturn|p2a: Buzzwole|move: Roost
|
|upkeep
|turn|28
|-message|AFlyingMermaid forfeited.
|
|win|misplayin
|raw|AFlyingMermaid's rating: 1691 &rarr; <strong>1671</strong><br />(-20 for losing)
|raw|misplayin's rating: 1692 &rarr; <strong>1712</strong><br />(+20 for winning)
|l|☆AFlyingMermaid
|l|☆misplayin
|j|☆misplayin
|player|p2|misplayin|pokemonrangerf-gen4
|l| Pinkmons are funny
||Ladder isn't responding, score probably updated but might not have (Request timeout).
