|j|☆LT93OQ msaint
|j|‽BLOODCLAT
|t:|1661117922
|gametype|singles
|player|p1|LT93OQ msaint|giovanni-masters|
|player|p2|BLOODCLAT|hoopster|
|teamsize|p1|6
|teamsize|p2|6
|gen|8
|tier|[Gen 8] OU
|rule|Sleep Clause Mod: Limit one foe put to sleep
|rule|Species Clause: Limit one of each Pokémon
|rule|OHKO Clause: OHKO moves are banned
|rule|Evasion Items Clause: Evasion items are banned
|rule|Evasion Moves Clause: Evasion moves are banned
|rule|Endless Battle Clause: Forcing endless battles is banned
|rule|HP Percentage Mod: HP is shown in percentages
|rule|Dynamax Clause: You cannot dynamax
|clearpoke
|poke|p1|Tyranitar, F|
|poke|p1|Excadrill, F|
|poke|p1|Suicune|
|poke|p1|Volcanion|
|poke|p1|Ferrothorn, F|
|poke|p1|Tornadus-Therian, M|
|poke|p2|Ninetales-Alola, F|
|poke|p2|Landorus-Therian, M|
|poke|p2|Corviknight, F|
|poke|p2|Volcanion|
|poke|p2|Tornadus-Therian, M|
|poke|p2|Arctozolt|
|teampreview
|inactive|Battle timer is ON: inactive players will automatically lose when time's up. (requested by BLOODCLAT)
|
|t:|1661117953
|start
|switch|p1a: Tornadus|Tornadus-Therian, M|100/100
|switch|p2a: Landorus|Landorus-Therian, M|100/100
|-ability|p2a: Landorus|Intimidate|boost
|-unboost|p1a: Tornadus|atk|1
|turn|1
|
|t:|1661117956
|move|p1a: Tornadus|Icy Wind|p2a: Landorus
|-supereffective|p2a: Landorus
|-damage|p2a: Landorus|51/100
|-unboost|p2a: Landorus|spe|1
|move|p2a: Landorus|Toxic|p1a: Tornadus
|-status|p1a: Tornadus|tox
|
|-heal|p2a: Landorus|57/100|[from] item: Leftovers
|-damage|p1a: Tornadus|94/100 tox|[from] psn
|upkeep
|turn|2
|
|t:|1661117960
|switch|p2a: Tornadus|Tornadus-Therian, M|100/100
|move|p1a: Tornadus|U-turn|p2a: Tornadus
|-resisted|p2a: Tornadus
|-damage|p2a: Tornadus|96/100
|
|t:|1661117967
|switch|p1a: Tyranitar|Tyranitar, F|100/100|[from]move: U-turn
|-weather|Sandstorm|[from] ability: Sand Stream|[of] p1a: Tyranitar
|
|-weather|Sandstorm|[upkeep]
|-damage|p2a: Tornadus|90/100|[from] Sandstorm
|upkeep
|turn|3
|
|t:|1661117970
|move|p2a: Tornadus|U-turn|p1a: Tyranitar
|-supereffective|p1a: Tyranitar
|-damage|p1a: Tyranitar|71/100
|
|t:|1661117972
|switch|p2a: Corviknight|Corviknight, F|100/100|[from]move: U-turn
|-ability|p2a: Corviknight|Pressure
|move|p1a: Tyranitar|Stone Edge|p2a: Corviknight
|-damage|p2a: Corviknight|49/100
|
|-weather|Sandstorm|[upkeep]
|upkeep
|turn|4
|
|t:|1661117978
|move|p1a: Tyranitar|Stone Edge|p2a: Corviknight
|-damage|p2a: Corviknight|0 fnt
|faint|p2a: Corviknight
|
|-weather|Sandstorm|[upkeep]
|upkeep
|
|t:|1661117980
|switch|p2a: Volcanion|Volcanion|100/100
|turn|5
|
|t:|1661117988
|switch|p1a: Volcanion|Volcanion|100/100
|move|p2a: Volcanion|Earth Power|p1a: Volcanion
|-supereffective|p1a: Volcanion
|-damage|p1a: Volcanion|0 fnt
|faint|p1a: Volcanion
|
|-weather|Sandstorm|[upkeep]
|-damage|p2a: Volcanion|95/100|[from] Sandstorm
|upkeep
|
|t:|1661117998
|switch|p1a: Tornadus|Tornadus-Therian, M|100/100 tox
|turn|6
|
|t:|1661118016
|switch|p2a: Landorus|Landorus-Therian, M|57/100
|-ability|p2a: Landorus|Intimidate|boost
|-unboost|p1a: Tornadus|atk|1
|move|p1a: Tornadus|Hurricane|p2a: Landorus|[miss]
|-miss|p1a: Tornadus|p2a: Landorus
|
|-weather|none
|-heal|p2a: Landorus|63/100|[from] item: Leftovers
|-damage|p1a: Tornadus|94/100 tox|[from] psn
|upkeep
|turn|7
|
|t:|1661118022
|move|p1a: Tornadus|Icy Wind|p2a: Landorus
|-supereffective|p2a: Landorus
|-damage|p2a: Landorus|14/100
|-unboost|p2a: Landorus|spe|1
|move|p2a: Landorus|U-turn|p1a: Tornadus
|-resisted|p1a: Tornadus
|-damage|p1a: Tornadus|83/100 tox
|
|t:|1661118024
|switch|p2a: Volcanion|Volcanion|95/100|[from]move: U-turn
|
|-damage|p1a: Tornadus|71/100 tox|[from] psn
|upkeep
|turn|8
|j| LT94JE YsK
|
|t:|1661118029
|move|p1a: Tornadus|Knock Off|p2a: Volcanion
|-damage|p2a: Volcanion|82/100
|-enditem|p2a: Volcanion|Choice Specs|[from] move: Knock Off|[of] p1a: Tornadus
|move|p2a: Volcanion|Steam Eruption|p1a: Tornadus
|-damage|p1a: Tornadus|31/100 tox
|
|-damage|p1a: Tornadus|13/100 tox|[from] psn
|upkeep
|turn|9
|
|t:|1661118035
|move|p1a: Tornadus|U-turn|p2a: Volcanion
|-resisted|p2a: Volcanion
|-damage|p2a: Volcanion|77/100
|
|t:|1661118037
|switch|p1a: Ferrothorn|Ferrothorn, F|100/100|[from]move: U-turn
|move|p2a: Volcanion|Sludge Bomb|p1a: Ferrothorn
|-immune|p1a: Ferrothorn
|
|upkeep
|turn|10
|
|t:|1661118043
|switch|p1a: Tornadus|Tornadus-Therian, M|46/100 tox
|move|p2a: Volcanion|Sludge Bomb|p1a: Tornadus
|-damage|p1a: Tornadus|25/100 tox
|
|-damage|p1a: Tornadus|18/100 tox|[from] psn
|upkeep
|turn|11
|
|t:|1661118047
|move|p1a: Tornadus|Hurricane|p2a: Volcanion
|-damage|p2a: Volcanion|29/100
|move|p2a: Volcanion|Sludge Bomb|p1a: Tornadus
|-damage|p1a: Tornadus|0 fnt
|faint|p1a: Tornadus
|
|upkeep
|
|t:|1661118052
|switch|p1a: Excadrill|Excadrill, F|100/100
|turn|12
|
|t:|1661118057
|switch|p2a: Landorus|Landorus-Therian, M|14/100
|-ability|p2a: Landorus|Intimidate|boost
|-unboost|p1a: Excadrill|atk|1
|move|p1a: Excadrill|Earthquake|p2a: Landorus
|-immune|p2a: Landorus
|
|-heal|p2a: Landorus|20/100|[from] item: Leftovers
|upkeep
|turn|13
|
|t:|1661118060
|move|p1a: Excadrill|Iron Head|p2a: Landorus
|-damage|p2a: Landorus|0 fnt
|faint|p2a: Landorus
|
|upkeep
|
|t:|1661118063
|switch|p2a: Tornadus|Tornadus-Therian, M|100/100
|turn|14
|
|t:|1661118067
|switch|p1a: Ferrothorn|Ferrothorn, F|100/100
|move|p2a: Tornadus|Heat Wave|p1a: Ferrothorn|[miss]
|-miss|p2a: Tornadus|p1a: Ferrothorn
|
|upkeep
|turn|15
|
|t:|1661118073
|move|p2a: Tornadus|U-turn|p1a: Ferrothorn
|-damage|p1a: Ferrothorn|91/100
|-damage|p2a: Tornadus|88/100|[from] ability: Iron Barbs|[of] p1a: Ferrothorn
|
|t:|1661118075
|switch|p2a: Volcanion|Volcanion|29/100|[from]move: U-turn
|move|p1a: Ferrothorn|Stealth Rock|p2a: Volcanion
|-sidestart|p2: BLOODCLAT|move: Stealth Rock
|
|-heal|p1a: Ferrothorn|97/100|[from] item: Leftovers
|upkeep
|turn|16
|
|t:|1661118086
|move|p2a: Volcanion|Flamethrower|p1a: Ferrothorn
|-supereffective|p1a: Ferrothorn
|-damage|p1a: Ferrothorn|0 fnt
|faint|p1a: Ferrothorn
|
|upkeep
|
|t:|1661118091
|switch|p1a: Excadrill|Excadrill, F|100/100
|turn|17
|
|t:|1661118097
|switch|p2a: Tornadus|Tornadus-Therian, M|100/100
|-damage|p2a: Tornadus|76/100|[from] Stealth Rock
|move|p1a: Excadrill|Earthquake|p2a: Tornadus
|-immune|p2a: Tornadus
|
|upkeep
|turn|18
|
|t:|1661118105
|switch|p1a: Tyranitar|Tyranitar, F|71/100
|-weather|Sandstorm|[from] ability: Sand Stream|[of] p1a: Tyranitar
|move|p2a: Tornadus|Heat Wave|p1a: Tyranitar
|-resisted|p1a: Tyranitar
|-damage|p1a: Tyranitar|64/100
|
|-weather|Sandstorm|[upkeep]
|-damage|p2a: Tornadus|70/100|[from] Sandstorm
|upkeep
|turn|19
|
|t:|1661118111
|move|p2a: Tornadus|U-turn|p1a: Tyranitar
|-supereffective|p1a: Tyranitar
|-crit|p1a: Tyranitar
|-damage|p1a: Tyranitar|17/100
|
|t:|1661118114
|switch|p2a: Volcanion|Volcanion|29/100|[from]move: U-turn
|-damage|p2a: Volcanion|4/100|[from] Stealth Rock
|move|p1a: Tyranitar|Stone Edge|p2a: Volcanion
|-supereffective|p2a: Volcanion
|-damage|p2a: Volcanion|0 fnt
|faint|p2a: Volcanion
|
|-weather|Sandstorm|[upkeep]
|upkeep
|
|t:|1661118132
|switch|p2a: Ninetales|Ninetales-Alola, F|100/100
|-damage|p2a: Ninetales|76/100|[from] Stealth Rock
|-weather|Hail|[from] ability: Snow Warning|[of] p2a: Ninetales
|turn|20
|
|t:|1661118138
|move|p2a: Ninetales|Aurora Veil|p2a: Ninetales
|-sidestart|p2: BLOODCLAT|move: Aurora Veil
|move|p1a: Tyranitar|Stone Edge|p2a: Ninetales
|-supereffective|p2a: Ninetales
|-damage|p2a: Ninetales|0 fnt
|faint|p2a: Ninetales
|
|-weather|Hail|[upkeep]
|-damage|p1a: Tyranitar|10/100|[from] Hail
|upkeep
|
|t:|1661118140
|switch|p2a: Arctozolt|Arctozolt|100/100
|-damage|p2a: Arctozolt|76/100|[from] Stealth Rock
|turn|21
|
|t:|1661118161
|switch|p1a: Suicune|Suicune|100/100
|-ability|p1a: Suicune|Pressure
|move|p2a: Arctozolt|Blizzard|p1a: Suicune
|-resisted|p1a: Suicune
|-damage|p1a: Suicune|87/100
|-status|p1a: Suicune|frz
|
|-weather|Hail|[upkeep]
|-damage|p1a: Suicune|81/100 frz|[from] Hail
|-heal|p2a: Arctozolt|82/100|[from] item: Leftovers
|-heal|p1a: Suicune|87/100 frz|[from] item: Leftovers
|upkeep
|turn|22
|
|t:|1661118177
|switch|p1a: Tyranitar|Tyranitar, F|10/100
|-weather|Sandstorm|[from] ability: Sand Stream|[of] p1a: Tyranitar
|move|p2a: Arctozolt|Substitute|p2a: Arctozolt
|-start|p2a: Arctozolt|Substitute
|-damage|p2a: Arctozolt|57/100
|
|-weather|Sandstorm|[upkeep]
|-damage|p2a: Arctozolt|51/100|[from] Sandstorm
|-heal|p2a: Arctozolt|57/100|[from] item: Leftovers
|upkeep
|turn|23
|
|t:|1661118188
|move|p2a: Arctozolt|Bolt Beak|p1a: Tyranitar
|-damage|p1a: Tyranitar|0 fnt
|faint|p1a: Tyranitar
|
|-weather|Sandstorm|[upkeep]
|-damage|p2a: Arctozolt|51/100|[from] Sandstorm
|-heal|p2a: Arctozolt|57/100|[from] item: Leftovers
|upkeep
|
|t:|1661118190
|switch|p1a: Excadrill|Excadrill, F|100/100
|turn|24
|
|t:|1661118196
|move|p1a: Excadrill|Earthquake|p2a: Arctozolt
|-supereffective|p2a: Arctozolt
|-end|p2a: Arctozolt|Substitute
|move|p2a: Arctozolt|Blizzard|p1a: Excadrill|[miss]
|-miss|p2a: Arctozolt|p1a: Excadrill
|
|-weather|Sandstorm|[upkeep]
|-damage|p2a: Arctozolt|51/100|[from] Sandstorm
|-heal|p2a: Arctozolt|57/100|[from] item: Leftovers
|-sideend|p2: BLOODCLAT|move: Aurora Veil
|upkeep
|turn|25
|
|t:|1661118209
|move|p1a: Excadrill|Rapid Spin|p2a: Arctozolt
|-damage|p2a: Arctozolt|37/100
|-boost|p1a: Excadrill|spe|1
|move|p2a: Arctozolt|Blizzard|p1a: Excadrill
|-damage|p1a: Excadrill|51/100
|
|-weather|Sandstorm|[upkeep]
|-damage|p2a: Arctozolt|31/100|[from] Sandstorm
|-heal|p1a: Excadrill|57/100|[from] item: Leftovers
|-heal|p2a: Arctozolt|37/100|[from] item: Leftovers
|upkeep
|turn|26
|
|t:|1661118215
|move|p1a: Excadrill|Swords Dance|p1a: Excadrill
|-boost|p1a: Excadrill|atk|2
|move|p2a: Arctozolt|Blizzard|p1a: Excadrill
|-damage|p1a: Excadrill|10/100
|
|-weather|none
|-heal|p1a: Excadrill|16/100|[from] item: Leftovers
|-heal|p2a: Arctozolt|43/100|[from] item: Leftovers
|upkeep
|turn|27
|
|t:|1661118220
|move|p1a: Excadrill|Iron Head|p2a: Arctozolt
|-damage|p2a: Arctozolt|0 fnt
|faint|p2a: Arctozolt
|
|-heal|p1a: Excadrill|22/100|[from] item: Leftovers
|upkeep
|
|t:|1661118222
|switch|p2a: Tornadus|Tornadus-Therian, M|100/100
|-damage|p2a: Tornadus|76/100|[from] Stealth Rock
|turn|28
|
|t:|1661118224
|move|p1a: Excadrill|Iron Head|p2a: Tornadus
|-damage|p2a: Tornadus|0 fnt
|faint|p2a: Tornadus
|
|win|LT93OQ msaint
|l|☆LT93OQ msaint
|l|‽BLOODCLAT
|j|☆LT93OQ msaint
|player|p1|LT93OQ msaint|giovanni-masters
