|raw|<div class="broadcast-blue"><strong>This battle is required to be public due to a player having a name starting with 'LT73IU'.</div>
|j|‽lt73iu samqian
|j|☆relic stone
|t:|1598632093
|player|p1|lt73iu samqian|265|1842
|player|p2|relic stone|lusamine-nihilego|1850
|teamsize|p1|6
|teamsize|p2|6
|gametype|singles
|gen|8
|tier|[Gen 8] OU
|rated|
|clearpoke
|poke|p1|Shuckle, F|
|poke|p1|Golurk|
|poke|p1|Bisharp, F|
|poke|p1|Urshifu-*, F|
|poke|p1|Mew|
|poke|p1|Azumarill, M|
|poke|p2|Zeraora|
|poke|p2|Pelipper, M|
|poke|p2|Urshifu-*, M|
|poke|p2|Tangrowth, M|
|poke|p2|Excadrill, M|
|poke|p2|Clefable, M|
|rule|Sleep Clause Mod: Limit one foe put to sleep
|rule|Species Clause: Limit one of each Pokémon
|rule|OHKO Clause: OHKO moves are banned
|rule|Evasion Moves Clause: Evasion moves are banned
|rule|Endless Battle Clause: Forcing endless battles is banned
|rule|HP Percentage Mod: HP is shown in percentages
|rule|Dynamax Clause: You cannot dynamax
|teampreview
|j| Bunny Girl Mai
|c|☆relic stone|hf
|c| Bunny Girl Mai|yay
|j| lax
|inactive|Battle timer is ON: inactive players will automatically lose when time's up. (requested by lt73iu samqian)
|
|t:|1598632105
|start
|switch|p1a: Shuckle|Shuckle, F|100/100
|switch|p2a: Top Striker|Urshifu-Rapid-Strike, M, shiny|100/100
|turn|1
|
|t:|1598632109
|move|p2a: Top Striker|Surging Strikes|p1a: Shuckle
|-supereffective|p1a: Shuckle
|-crit|p1a: Shuckle
|-damage|p1a: Shuckle|65/100
|-supereffective|p1a: Shuckle
|-crit|p1a: Shuckle
|-damage|p1a: Shuckle|32/100
|-supereffective|p1a: Shuckle
|-crit|p1a: Shuckle
|-damage|p1a: Shuckle|0 fnt
|-hitcount|p1a: Shuckle|3
|faint|p1a: Shuckle
|
|upkeep
|c| lax|he says hf back
|
|t:|1598632114
|switch|p1a: Azumarill|Azumarill, M|100/100
|turn|2
|
|t:|1598632133
|move|p2a: Top Striker|Surging Strikes|p1a: Azumarill
|-resisted|p1a: Azumarill
|-crit|p1a: Azumarill
|-damage|p1a: Azumarill|83/100
|-resisted|p1a: Azumarill
|-crit|p1a: Azumarill
|-damage|p1a: Azumarill|66/100
|-resisted|p1a: Azumarill
|-crit|p1a: Azumarill
|-damage|p1a: Azumarill|49/100
|-enditem|p1a: Azumarill|Sitrus Berry|[eat]
|-heal|p1a: Azumarill|74/100|[from] item: Sitrus Berry
|-hitcount|p1a: Azumarill|3
|move|p1a: Azumarill|Belly Drum|p1a: Azumarill
|-damage|p1a: Azumarill|24/100
|-setboost|p1a: Azumarill|atk|6|[from] move: Belly Drum
|
|upkeep
|turn|3
|j| chenchujia
|
|t:|1598632137
|switch|p2a: Ramen|Tangrowth, M|100/100
|move|p1a: Azumarill|Aqua Jet|p2a: Ramen
|-resisted|p2a: Ramen
|-damage|p2a: Ramen|76/100
|-damage|p1a: Azumarill|7/100|[from] item: Rocky Helmet|[of] p2a: Ramen
|
|upkeep
|turn|4
|
|t:|1598632145
|move|p1a: Azumarill|Knock Off|p2a: Ramen
|-damage|p2a: Ramen|0 fnt
|-damage|p1a: Azumarill|0 fnt|[from] item: Rocky Helmet|[of] p2a: Ramen
|faint|p2a: Ramen
|faint|p1a: Azumarill
|
|upkeep
|
|t:|1598632152
|switch|p1a: Mew|Mew|100/100
|switch|p2a: Messenger|Pelipper, M|100/100
|-weather|RainDance|[from] ability: Drizzle|[of] p2a: Messenger
|turn|5
|
|t:|1598632155
|move|p1a: Mew|Meteor Beam||[still]
|-prepare|p1a: Mew|Meteor Beam
|-boost|p1a: Mew|spa|1
|-enditem|p1a: Mew|Power Herb
|-anim|p1a: Mew|Meteor Beam|p2a: Messenger
|-supereffective|p2a: Messenger
|-damage|p2a: Messenger|0 fnt
|faint|p2a: Messenger
|
|-weather|RainDance|[upkeep]
|upkeep
|
|t:|1598632161
|switch|p2a: Impaler|Excadrill, M|100/100
|-ability|p2a: Impaler|Mold Breaker
|turn|6
|
|t:|1598632164
|move|p1a: Mew|Flamethrower|p2a: Impaler
|-supereffective|p2a: Impaler
|-damage|p2a: Impaler|71/100
|move|p2a: Impaler|Stealth Rock|p1a: Mew
|-sidestart|p1: lt73iu samqian|move: Stealth Rock
|
|-weather|RainDance|[upkeep]
|-heal|p2a: Impaler|77/100|[from] item: Leftovers
|upkeep
|turn|7
|j| ezwz
|
|t:|1598632177
|move|p1a: Mew|Nasty Plot|p1a: Mew
|-boost|p1a: Mew|spa|2
|move|p2a: Impaler|Toxic|p1a: Mew
|-status|p1a: Mew|tox
|-activate|p1a: Mew|ability: Synchronize
|-immune|p2a: Impaler
|
|-weather|RainDance|[upkeep]
|-heal|p2a: Impaler|83/100|[from] item: Leftovers
|-damage|p1a: Mew|94/100 tox|[from] psn
|upkeep
|turn|8
|
|t:|1598632181
|move|p1a: Mew|Flamethrower|p2a: Impaler
|-supereffective|p2a: Impaler
|-damage|p2a: Impaler|34/100
|move|p2a: Impaler|Earthquake|p1a: Mew
|-damage|p1a: Mew|53/100 tox
|
|-weather|RainDance|[upkeep]
|-heal|p2a: Impaler|40/100|[from] item: Leftovers
|-damage|p1a: Mew|40/100 tox|[from] psn
|upkeep
|turn|9
|
|t:|1598632186
|move|p1a: Mew|Psyshock|p2a: Impaler
|-resisted|p2a: Impaler
|-damage|p2a: Impaler|0 fnt
|faint|p2a: Impaler
|
|-weather|none
|-damage|p1a: Mew|22/100 tox|[from] psn
|upkeep
|
|t:|1598632189
|switch|p2a: Zephyr|Zeraora|100/100
|turn|10
|
|t:|1598632192
|move|p2a: Zephyr|Thunderbolt|p1a: Mew
|-damage|p1a: Mew|0 fnt
|faint|p1a: Mew
|
|upkeep
|
|t:|1598632193
|switch|p1a: Golurk|Golurk|100/100
|-damage|p1a: Golurk|95/100|[from] Stealth Rock
|turn|11
|
|t:|1598632199
|move|p2a: Zephyr|Grass Knot|p1a: Golurk
|-supereffective|p1a: Golurk
|-damage|p1a: Golurk|1/100
|move|p1a: Golurk|Rock Polish|p1a: Golurk
|-boost|p1a: Golurk|spe|2
|
|upkeep
|turn|12
|
|t:|1598632211
|move|p2a: Zephyr|Grass Knot|p1a: Golurk
|-supereffective|p1a: Golurk
|-damage|p1a: Golurk|0 fnt
|faint|p1a: Golurk
|
|upkeep
|
|t:|1598632216
|switch|p1a: Urshifu|Urshifu, F|100/100
|-damage|p1a: Urshifu|94/100|[from] Stealth Rock
|turn|13
|
|t:|1598632223
|move|p2a: Zephyr|Focus Blast|p1a: Urshifu
|-supereffective|p1a: Urshifu
|-damage|p1a: Urshifu|0 fnt
|faint|p1a: Urshifu
|
|upkeep
|c|☆relic stone|gg
|-message|lt73iu samqian forfeited.
|
|win|relic stone
|l|‽lt73iu samqian
|l| Bunny Girl Mai
||Ladder (probably) updated, but score could not be retrieved (Request timeout).
