|raw|<div class="broadcast-blue"><strong>This battle is required to be public due to a player having a name prefixed by 'LT71LX'.</div>
|j|☆LT71LX ABR
|j|☆sir guap
|t:|1597289121
|player|p1|LT71LX ABR|hilbert-dueldisk|2156
|player|p2|sir guap|cyclistf-gen4|2080
|teamsize|p1|6
|teamsize|p2|6
|gametype|singles
|gen|8
|tier|[Gen 8] OU
|rated|
|clearpoke
|poke|p1|Ditto|
|poke|p1|Blissey, F|
|poke|p1|Corviknight, M|
|poke|p1|Toxapex, M|
|poke|p1|Jirachi|
|poke|p1|Tangrowth, M|
|poke|p2|Jirachi|
|poke|p2|Ditto|
|poke|p2|Blissey, F|
|poke|p2|Toxapex, F|
|poke|p2|Corviknight, F|
|poke|p2|Clefable, M|
|rule|Sleep Clause Mod: Limit one foe put to sleep
|rule|Species Clause: Limit one of each Pokémon
|rule|OHKO Clause: OHKO moves are banned
|rule|Evasion Moves Clause: Evasion moves are banned
|rule|Endless Battle Clause: Forcing endless battles is banned
|rule|HP Percentage Mod: HP is shown in percentages
|rule|Dynamax Clause: You cannot dynamax
|teampreview
|c|☆LT71LX ABR|hf
|j| LT71LX Tace
|j| LT71LX Luthier
|j| lt71lx xImRaptor
|c|☆sir guap|oh boy
|c| LT71LX Luthier|,
|c|☆sir guap|hf
|j| Badouye
|j| hipster garbage
|c|☆sir guap|LOL
|j| LT71LX INSULT
|j| Mannat
|j|+FMG
|j| childintheirpoor
|j| ThirdStrongestMole
|c|☆LT71LX ABR|im ready
|j| Gerrit Cole
|j| starmaster
|j| n1kh1il
|c| LT71LX Luthier|my bet is on
|c| LT71LX Luthier|800
|j| Letsramp123
|c|☆sir guap|im going for the tie
|j| Loki555
|j| Prest0nC
|c|☆sir guap|u wont get it easy
|c|☆LT71LX ABR|yea
|c|☆LT71LX ABR|idt u can win
|j| Hockey1
|c|☆LT71LX ABR|i can tho
|c|☆sir guap|sure
|c|☆sir guap|i can win
|j| ez
|j| Rubyblood
|c|☆sir guap|p easily
|c|☆LT71LX ABR|can u
|j| large owl
|j| crackpipealt
|c|☆sir guap|yeah
|c|☆LT71LX ABR|well idk sets
|c|☆LT71LX ABR|in fairness
|c| lt71lx xImRaptor|789
|c| Gerrit Cole|how about you both discuss
|j| LT71LX Kappucci
|c| Gerrit Cole|who can win and lose
|c| Gerrit Cole|for an hour
|c| LT71LX Luthier|if he disconnects ur router
|c|☆sir guap|LOL
|c| LT71LX Luthier|i think john wins
|c| Gerrit Cole|before clicking a move
|c| childintheirpoor|lol
|inactive|Battle timer is ON: inactive players will automatically lose when time's up. (requested by LT71LX ABR)
|j| LT71LX Merm
|
|t:|1597289180
|start
|switch|p1a: Ditto|Ditto|100/100
|switch|p2a: Ditto|Ditto, shiny|100/100
|-transform|p2a: Ditto|p1a: Ditto|[from] ability: Imposter
|turn|1
|c| starmaster|abr came in his pants at preview
|
|t:|1597289183
|move|p2a: Ditto|Transform||[still]
|-fail|p2a: Ditto
|move|p1a: Ditto|Transform||[still]
|-fail|p1a: Ditto
|
|upkeep
|turn|2
|j| Vlady_614
|
|t:|1597289185
|move|p1a: Ditto|Transform||[still]
|-fail|p1a: Ditto
|move|p2a: Ditto|Transform||[still]
|-fail|p2a: Ditto
|
|upkeep
|turn|3
|c| Gerrit Cole|LMFAO
|j| Celtis
|j| kenshiro27
|
|t:|1597289190
|move|p2a: Ditto|Transform||[still]
|-fail|p2a: Ditto
|move|p1a: Ditto|Transform||[still]
|-fail|p1a: Ditto
|
|upkeep
|turn|4
|j| Botez Fan Club
|c| childintheirpoor|lol
|j| JisooFromBlackpink
|j| LT71X PAPA PIA
|
|t:|1597289193
|move|p2a: Ditto|Transform||[still]
|-fail|p2a: Ditto
|move|p1a: Ditto|Transform||[still]
|-fail|p1a: Ditto
|
|upkeep
|turn|5
|j| BoomBoomBoo
|l|+FMG
|j| TeamCharm69
|
|t:|1597289198
|move|p2a: Ditto|Transform||[still]
|-fail|p2a: Ditto
|move|p1a: Ditto|Transform||[still]
|-fail|p1a: Ditto
|
|upkeep
|turn|6
|j| LT71LX PJ
|j| Javoon
|j| Yungster_Testboi
|j| sonic boof
|j| D0n Ram0n
|j|@Eo
|j|+FMG
|j| fyuiloiih
|c| childintheirpoor|wtf is going on
|c| childintheirpoor|lmao
|
|t:|1597289214
|switch|p2a: Toxapex|Toxapex, F|100/100
|move|p1a: Ditto|Transform|p2a: Toxapex
|-transform|p1a: Ditto|p2a: Toxapex
|-endability|p1a: Ditto|Imposter|[from] move: Transform
|
|upkeep
|turn|7
|c| large owl|that was a shit tie to win
|j| lc ladder warrior
|c| starmaster|not necessarily a tie
|
|t:|1597289225
|move|p1a: Ditto|Scald|p2a: Toxapex
|-resisted|p2a: Toxapex
|-damage|p2a: Toxapex|95/100
|-status|p2a: Toxapex|brn
|move|p2a: Toxapex|Scald|p1a: Ditto
|-resisted|p1a: Ditto
|-damage|p1a: Ditto|94/100
|-status|p1a: Ditto|brn
|
|-heal|p2a: Toxapex|100/100 brn|[from] item: Black Sludge
|-damage|p1a: Ditto|88/100 brn|[from] brn
|-damage|p2a: Toxapex|94/100 brn|[from] brn
|upkeep
|turn|8
|j| fdbgsdf
|j| dice
|j| watashi
|j| Ad&50
|j| tsukasa yuzaki
|
|t:|1597289232
|move|p1a: Ditto|Scald|p2a: Toxapex
|-resisted|p2a: Toxapex
|-damage|p2a: Toxapex|89/100 brn
|move|p2a: Toxapex|Scald|p1a: Ditto
|-resisted|p1a: Ditto
|-damage|p1a: Ditto|83/100 brn
|
|-heal|p2a: Toxapex|95/100 brn|[from] item: Black Sludge
|-damage|p1a: Ditto|77/100 brn|[from] brn
|-damage|p2a: Toxapex|89/100 brn|[from] brn
|upkeep
|turn|9
|
|t:|1597289235
|switch|p2a: Blissey|Blissey, F|100/100
|move|p1a: Ditto|Scald|p2a: Blissey
|-damage|p2a: Blissey|95/100
|
|-damage|p1a: Ditto|71/100 brn|[from] brn
|upkeep
|turn|10
|
|t:|1597289239
|switch|p1a: Blissey|Blissey, F|100/100
|move|p2a: Blissey|Stealth Rock|p1a: Blissey
|-sidestart|p1: LT71LX ABR|move: Stealth Rock
|
|upkeep
|turn|11
|j| Devil Patchy
|j| Proftreez
|
|t:|1597289243
|switch|p2a: Ditto|Ditto, shiny|100/100
|-transform|p2a: Ditto|p1a: Blissey|[from] ability: Imposter
|move|p1a: Blissey|Stealth Rock|p2a: Ditto
|-sidestart|p2: sir guap|move: Stealth Rock
|
|upkeep
|turn|12
|j| will i lose
|j| WildWave ☾★
|j| LT71LX Storm
|j| bro fist
|
|t:|1597289254
|switch|p2a: Blissey|Blissey, F|95/100
|switch|p1a: Toxapex|Toxapex, M|100/100
|-damage|p1a: Toxapex|88/100|[from] Stealth Rock
|
|upkeep
|turn|13
|l| Gerrit Cole
|l| bro fist
|j| Orphan Executor
|l|+FMG
|l| Orphan Executor
|j| laddr climb
|j| shinbone
|c| D0n Ram0n|Zzz
|
|t:|1597289269
|switch|p2a: Ditto|Ditto, shiny|100/100
|-damage|p2a: Ditto|88/100|[from] Stealth Rock
|-transform|p2a: Ditto|p1a: Toxapex|[from] ability: Imposter
|move|p1a: Toxapex|Scald|p2a: Ditto
|-resisted|p2a: Ditto
|-damage|p2a: Ditto|82/100
|
|upkeep
|turn|14
|l| Letsramp123
|j|+FMG
|j| TuanNguyen
|j| ligmadon769
|j| LT71LX IV
|
|t:|1597289281
|move|p2a: Ditto|Scald|p1a: Toxapex
|-resisted|p1a: Toxapex
|-damage|p1a: Toxapex|82/100
|move|p1a: Toxapex|Scald|p2a: Ditto
|-resisted|p2a: Ditto
|-damage|p2a: Ditto|75/100
|
|upkeep
|turn|15
|
|t:|1597289285
|move|p2a: Ditto|Scald|p1a: Toxapex
|-resisted|p1a: Toxapex
|-damage|p1a: Toxapex|75/100
|move|p1a: Toxapex|Scald|p2a: Ditto
|-resisted|p2a: Ditto
|-damage|p2a: Ditto|68/100
|-status|p2a: Ditto|brn
|
|-damage|p2a: Ditto|62/100 brn|[from] brn
|upkeep
|turn|16
|
|t:|1597289288
|switch|p1a: Tangrowth|Tangrowth, M|100/100
|-damage|p1a: Tangrowth|88/100|[from] Stealth Rock
|move|p2a: Ditto|Scald|p1a: Tangrowth
|-resisted|p1a: Tangrowth
|-damage|p1a: Tangrowth|79/100
|
|-damage|p2a: Ditto|56/100 brn|[from] brn
|upkeep
|turn|17
|l| shinbone
|j| LingvaeX
|
|t:|1597289297
|switch|p2a: Toxapex|Toxapex, F|100/100 brn
|-damage|p2a: Toxapex|88/100 brn|[from] Stealth Rock
|move|p1a: Tangrowth|Giga Drain|p2a: Toxapex
|-damage|p2a: Toxapex|67/100 brn
|-heal|p1a: Tangrowth|87/100|[from] drain|[of] p2a: Toxapex
|
|-heal|p2a: Toxapex|73/100 brn|[from] item: Black Sludge
|-damage|p2a: Toxapex|67/100 brn|[from] brn
|upkeep
|turn|18
|j|+Vrin
|
|t:|1597289305
|switch|p1a: Ditto|Ditto|100/100 brn
|-damage|p1a: Ditto|88/100 brn|[from] Stealth Rock
|-transform|p1a: Ditto|p2a: Toxapex|[from] ability: Imposter
|move|p2a: Toxapex|Recover|p2a: Toxapex
|-heal|p2a: Toxapex|100/100 brn
|
|-damage|p1a: Ditto|82/100 brn|[from] brn
|-damage|p2a: Toxapex|94/100 brn|[from] brn
|upkeep
|turn|19
|l| LT71LX IV
|j| wyn
|
|t:|1597289312
|move|p1a: Ditto|Knock Off|p2a: Toxapex
|-damage|p2a: Toxapex|89/100 brn
|-enditem|p2a: Toxapex|Black Sludge|[from] move: Knock Off|[of] p1a: Ditto
|move|p2a: Toxapex|Haze|p2a: Toxapex
|-clearallboost
|
|-damage|p1a: Ditto|76/100 brn|[from] brn
|-damage|p2a: Toxapex|83/100 brn|[from] brn
|upkeep
|turn|20
|j| Brandie
|
|t:|1597289315
|switch|p1a: Tangrowth|Tangrowth, M|100/100
|-damage|p1a: Tangrowth|88/100|[from] Stealth Rock
|switch|p2a: Ditto|Ditto, shiny|89/100 brn
|-damage|p2a: Ditto|77/100 brn|[from] Stealth Rock
|-transform|p2a: Ditto|p1a: Tangrowth|[from] ability: Imposter
|
|-damage|p2a: Ditto|71/100 brn|[from] brn
|upkeep
|turn|21
|l| D0n Ram0n
|
|t:|1597289322
|switch|p2a: Toxapex|Toxapex, F|100/100 brn
|-damage|p2a: Toxapex|88/100 brn|[from] Stealth Rock
|move|p1a: Tangrowth|Sludge Bomb|p2a: Toxapex
|-resisted|p2a: Toxapex
|-damage|p2a: Toxapex|80/100 brn
|
|-damage|p2a: Toxapex|74/100 brn|[from] brn
|upkeep
|turn|22
|j| LT71LXMegavictinii
|j| Dragon of West
|
|t:|1597289331
|switch|p1a: Ditto|Ditto|100/100 brn
|-damage|p1a: Ditto|88/100 brn|[from] Stealth Rock
|-transform|p1a: Ditto|p2a: Toxapex|[from] ability: Imposter
|move|p2a: Toxapex|Scald|p1a: Ditto
|-resisted|p1a: Ditto
|-damage|p1a: Ditto|82/100 brn
|
|-damage|p1a: Ditto|76/100 brn|[from] brn
|-damage|p2a: Toxapex|67/100 brn|[from] brn
|upkeep
|turn|23
|c| Proftreez|ABR vs tele type beat
|
|t:|1597289336
|switch|p1a: Tangrowth|Tangrowth, M|100/100
|-damage|p1a: Tangrowth|88/100|[from] Stealth Rock
|move|p2a: Toxapex|Haze|p2a: Toxapex
|-clearallboost
|
|-damage|p2a: Toxapex|61/100 brn|[from] brn
|upkeep
|turn|24
|
|t:|1597289340
|switch|p1a: Ditto|Ditto|100/100 brn
|-damage|p1a: Ditto|88/100 brn|[from] Stealth Rock
|-transform|p1a: Ditto|p2a: Toxapex|[from] ability: Imposter
|switch|p2a: Corviknight|Corviknight, F|100/100
|-damage|p2a: Corviknight|88/100|[from] Stealth Rock
|-ability|p2a: Corviknight|Pressure
|
|-damage|p1a: Ditto|82/100 brn|[from] brn
|upkeep
|turn|25
|
|t:|1597289344
|switch|p2a: Toxapex|Toxapex, F|94/100 brn
|-damage|p2a: Toxapex|82/100 brn|[from] Stealth Rock
|move|p1a: Ditto|Scald|p2a: Toxapex
|-resisted|p2a: Toxapex
|-damage|p2a: Toxapex|76/100 brn
|
|-damage|p1a: Ditto|76/100 brn|[from] brn
|-damage|p2a: Toxapex|70/100 brn|[from] brn
|upkeep
|turn|26
|j| outu why
|
|t:|1597289347
|switch|p2a: Clefable|Clefable, M|100/100
|move|p1a: Ditto|Scald|p2a: Clefable
|-damage|p2a: Clefable|85/100
|
|-heal|p2a: Clefable|91/100|[from] item: Leftovers
|-damage|p1a: Ditto|70/100 brn|[from] brn
|upkeep
|turn|27
|
|t:|1597289355
|switch|p1a: Toxapex|Toxapex, M|100/100
|-damage|p1a: Toxapex|88/100|[from] Stealth Rock
|switch|p2a: Toxapex|Toxapex, F|100/100 brn
|-damage|p2a: Toxapex|88/100 brn|[from] Stealth Rock
|
|-damage|p2a: Toxapex|82/100 brn|[from] brn
|upkeep
|turn|28
|c| childintheirpoor|1287 was the record?
|
|t:|1597289358
|switch|p2a: Ditto|Ditto, shiny|100/100 brn
|-damage|p2a: Ditto|88/100 brn|[from] Stealth Rock
|-transform|p2a: Ditto|p1a: Toxapex|[from] ability: Imposter
|switch|p1a: Tangrowth|Tangrowth, M|100/100
|-damage|p1a: Tangrowth|88/100|[from] Stealth Rock
|
|-damage|p2a: Ditto|82/100 brn|[from] brn
|upkeep
|turn|29
|c| Proftreez|Idk
|
|t:|1597289364
|switch|p1a: Toxapex|Toxapex, M|100/100
|-damage|p1a: Toxapex|88/100|[from] Stealth Rock
|move|p2a: Ditto|Scald|p1a: Toxapex
|-resisted|p1a: Toxapex
|-damage|p1a: Toxapex|81/100
|-status|p1a: Toxapex|brn
|
|-damage|p2a: Ditto|76/100 brn|[from] brn
|-damage|p1a: Toxapex|75/100 brn|[from] brn
|upkeep
|turn|30
|j| Destro16
|c| Proftreez|it caps at 1000 tho lmao
|
|t:|1597289372
|switch|p1a: Tangrowth|Tangrowth, M|100/100
|-damage|p1a: Tangrowth|88/100|[from] Stealth Rock
|move|p2a: Ditto|Scald|p1a: Tangrowth
|-resisted|p1a: Tangrowth
|-damage|p1a: Tangrowth|79/100
|
|-damage|p2a: Ditto|70/100 brn|[from] brn
|upkeep
|turn|31
|j| Pansears for Fears
|j| peekoball
|
|t:|1597289382
|switch|p1a: Toxapex|Toxapex, M|100/100 brn
|-damage|p1a: Toxapex|88/100 brn|[from] Stealth Rock
|move|p2a: Ditto|Scald|p1a: Toxapex
|-resisted|p1a: Toxapex
|-damage|p1a: Toxapex|82/100 brn
|
|-damage|p2a: Ditto|64/100 brn|[from] brn
|-damage|p1a: Toxapex|76/100 brn|[from] brn
|upkeep
|turn|32
|
|t:|1597289385
|switch|p1a: Tangrowth|Tangrowth, M|100/100
|-damage|p1a: Tangrowth|88/100|[from] Stealth Rock
|move|p2a: Ditto|Scald|p1a: Tangrowth
|-resisted|p1a: Tangrowth
|-damage|p1a: Tangrowth|79/100
|-status|p1a: Tangrowth|brn
|
|-damage|p2a: Ditto|58/100 brn|[from] brn
|-damage|p1a: Tangrowth|72/100 brn|[from] brn
|upkeep
|turn|33
|j| purchasedalargek
|j| Lunarr
|
|t:|1597289394
|switch|p2a: Toxapex|Toxapex, F|100/100 brn
|-damage|p2a: Toxapex|88/100 brn|[from] Stealth Rock
|switch|p1a: Toxapex|Toxapex, M|100/100 brn
|-damage|p1a: Toxapex|88/100 brn|[from] Stealth Rock
|
|-damage|p2a: Toxapex|82/100 brn|[from] brn
|-damage|p1a: Toxapex|82/100 brn|[from] brn
|upkeep
|turn|34
|
|t:|1597289402
|switch|p2a: Ditto|Ditto, shiny|91/100 brn
|-damage|p2a: Ditto|79/100 brn|[from] Stealth Rock
|-transform|p2a: Ditto|p1a: Toxapex|[from] ability: Imposter
|switch|p1a: Tangrowth|Tangrowth, M|100/100 brn
|-damage|p1a: Tangrowth|88/100 brn|[from] Stealth Rock
|
|-damage|p2a: Ditto|73/100 brn|[from] brn
|-damage|p1a: Tangrowth|82/100 brn|[from] brn
|upkeep
|turn|35
|
|t:|1597289409
|switch|p1a: Toxapex|Toxapex, M|100/100 brn
|-damage|p1a: Toxapex|88/100 brn|[from] Stealth Rock
|move|p2a: Ditto|Scald|p1a: Toxapex
|-resisted|p1a: Toxapex
|-damage|p1a: Toxapex|81/100 brn
|
|-damage|p2a: Ditto|67/100 brn|[from] brn
|-damage|p1a: Toxapex|75/100 brn|[from] brn
|upkeep
|turn|36
|
|t:|1597289412
|switch|p2a: Toxapex|Toxapex, F|100/100 brn
|-damage|p2a: Toxapex|88/100 brn|[from] Stealth Rock
|switch|p1a: Tangrowth|Tangrowth, M|100/100 brn
|-damage|p1a: Tangrowth|88/100 brn|[from] Stealth Rock
|
|-damage|p1a: Tangrowth|82/100 brn|[from] brn
|-damage|p2a: Toxapex|82/100 brn|[from] brn
|upkeep
|turn|37
|
|t:|1597289421
|switch|p1a: Ditto|Ditto|100/100 brn
|-damage|p1a: Ditto|88/100 brn|[from] Stealth Rock
|-transform|p1a: Ditto|p2a: Toxapex|[from] ability: Imposter
|move|p2a: Toxapex|Scald|p1a: Ditto
|-resisted|p1a: Ditto
|-damage|p1a: Ditto|82/100 brn
|
|-damage|p1a: Ditto|76/100 brn|[from] brn
|-damage|p2a: Toxapex|75/100 brn|[from] brn
|upkeep
|turn|38
|c| crackpipealt|1287 turn game?
|
|t:|1597289424
|move|p1a: Ditto|Scald|p2a: Toxapex
|-resisted|p2a: Toxapex
|-damage|p2a: Toxapex|70/100 brn
|move|p2a: Toxapex|Haze|p2a: Toxapex
|-clearallboost
|
|-damage|p1a: Ditto|70/100 brn|[from] brn
|-damage|p2a: Toxapex|64/100 brn|[from] brn
|upkeep
|turn|39
|
|t:|1597289426
|switch|p2a: Clefable|Clefable, M|91/100
|move|p1a: Ditto|Scald|p2a: Clefable
|-crit|p2a: Clefable
|-damage|p2a: Clefable|69/100
|
|-heal|p2a: Clefable|75/100|[from] item: Leftovers
|-damage|p1a: Ditto|64/100 brn|[from] brn
|upkeep
|turn|40
|j| GOATDON
|l| hipster garbage
|c| laddr climb|they wont go 1000 this game
|c| childintheirpoor|abr vs tele was 1287
|
|t:|1597289437
|switch|p1a: Jirachi|Jirachi|100/100
|-damage|p1a: Jirachi|94/100|[from] Stealth Rock
|switch|p2a: Toxapex|Toxapex, F|97/100 brn
|-damage|p2a: Toxapex|84/100 brn|[from] Stealth Rock
|
|-heal|p1a: Jirachi|100/100|[from] item: Leftovers
|-damage|p2a: Toxapex|78/100 brn|[from] brn
|upkeep
|turn|41
|
|t:|1597289443
|switch|p1a: Ditto|Ditto|98/100 brn
|-damage|p1a: Ditto|85/100 brn|[from] Stealth Rock
|-transform|p1a: Ditto|p2a: Toxapex|[from] ability: Imposter
|move|p2a: Toxapex|Scald|p1a: Ditto
|-resisted|p1a: Ditto
|-damage|p1a: Ditto|80/100 brn
|
|-damage|p1a: Ditto|74/100 brn|[from] brn
|-damage|p2a: Toxapex|72/100 brn|[from] brn
|upkeep
|turn|42
|l| purchasedalargek
|c| crackpipealt|wow
|n| yuzma|rubyblood
|
|t:|1597289454
|move|p1a: Ditto|Scald|p2a: Toxapex
|-resisted|p2a: Toxapex
|-damage|p2a: Toxapex|66/100 brn
|move|p2a: Toxapex|Haze|p2a: Toxapex
|-clearallboost
|
|-damage|p1a: Ditto|68/100 brn|[from] brn
|-damage|p2a: Toxapex|60/100 brn|[from] brn
|upkeep
|turn|43
|
|t:|1597289457
|switch|p2a: Clefable|Clefable, M|75/100
|move|p1a: Ditto|Scald|p2a: Clefable
|-damage|p2a: Clefable|60/100
|
|-heal|p2a: Clefable|66/100|[from] item: Leftovers
|-damage|p1a: Ditto|62/100 brn|[from] brn
|upkeep
|turn|44
|j| Highladderhater
|
|t:|1597289463
|switch|p1a: Jirachi|Jirachi|100/100
|-damage|p1a: Jirachi|94/100|[from] Stealth Rock
|move|p2a: Clefable|Soft-Boiled|p2a: Clefable
|-heal|p2a: Clefable|100/100
|
|-heal|p1a: Jirachi|100/100|[from] item: Leftovers
|upkeep
|turn|45
|
|t:|1597289468
|switch|p1a: Ditto|Ditto|95/100 brn
|-damage|p1a: Ditto|83/100 brn|[from] Stealth Rock
|-transform|p1a: Ditto|p2a: Clefable|[from] ability: Imposter
|switch|p2a: Toxapex|Toxapex, F|93/100 brn
|-damage|p2a: Toxapex|80/100 brn|[from] Stealth Rock
|
|-damage|p2a: Toxapex|74/100 brn|[from] brn
|upkeep
|turn|46
|c| Highladderhater|this crap is starting to intoxic the low ladder players
|c|☆LT71LX ABR|cm flame.
|
|t:|1597289481
|switch|p2a: Blissey|Blissey, F|95/100
|move|p1a: Ditto|Soft-Boiled|p1a: Ditto
|-heal|p1a: Ditto|100/100 brn
|
|upkeep
|turn|47
|j| purchasedalargek
|
|t:|1597289487
|switch|p1a: Toxapex|Toxapex, M|100/100 brn
|-damage|p1a: Toxapex|88/100 brn|[from] Stealth Rock
|move|p2a: Blissey|Seismic Toss|p1a: Toxapex
|-damage|p1a: Toxapex|55/100 brn
|-damage|p2a: Blissey|78/100|[from] item: Rocky Helmet|[of] p1a: Toxapex
|
|-damage|p1a: Toxapex|49/100 brn|[from] brn
|upkeep
|turn|48
|j|+Raj.Shoot ♫ ❤
|j| gare23limit
|
|t:|1597289503
|switch|p2a: Toxapex|Toxapex, F|100/100 brn
|-damage|p2a: Toxapex|88/100 brn|[from] Stealth Rock
|switch|p1a: Ditto|Ditto|100/100 brn
|-damage|p1a: Ditto|88/100 brn|[from] Stealth Rock
|-transform|p1a: Ditto|p2a: Toxapex|[from] ability: Imposter
|
|-damage|p1a: Ditto|82/100 brn|[from] brn
|-damage|p2a: Toxapex|82/100 brn|[from] brn
|upkeep
|turn|49
|l| gare23limit
|c| Highladderhater|High ladder is stall trash f this garbage
|l| Highladderhater
|
|t:|1597289517
|move|p1a: Ditto|Scald|p2a: Toxapex
|-resisted|p2a: Toxapex
|-damage|p2a: Toxapex|76/100 brn
|move|p2a: Toxapex|Haze|p2a: Toxapex
|-clearallboost
|
|-damage|p1a: Ditto|76/100 brn|[from] brn
|-damage|p2a: Toxapex|70/100 brn|[from] brn
|upkeep
|turn|50
|
|t:|1597289520
|switch|p2a: Clefable|Clefable, M|100/100
|move|p1a: Ditto|Scald|p2a: Clefable
|-crit|p2a: Clefable
|-damage|p2a: Clefable|78/100
|
|-heal|p2a: Clefable|84/100|[from] item: Leftovers
|-damage|p1a: Ditto|70/100 brn|[from] brn
|upkeep
|turn|51
|
|t:|1597289528
|switch|p1a: Toxapex|Toxapex, M|83/100 brn
|-damage|p1a: Toxapex|70/100 brn|[from] Stealth Rock
|move|p2a: Clefable|Flamethrower|p1a: Toxapex
|-resisted|p1a: Toxapex
|-damage|p1a: Toxapex|62/100 brn
|
|-heal|p2a: Clefable|90/100|[from] item: Leftovers
|-damage|p1a: Toxapex|56/100 brn|[from] brn
|upkeep
|turn|52
|l| ez
|l| will i lose
|
|t:|1597289535
|switch|p2a: Ditto|Ditto, shiny|100/100 brn
|-damage|p2a: Ditto|88/100 brn|[from] Stealth Rock
|-transform|p2a: Ditto|p1a: Toxapex|[from] ability: Imposter
|switch|p1a: Blissey|Blissey, F|100/100
|
|-damage|p2a: Ditto|82/100 brn|[from] brn
|upkeep
|turn|53
|
|t:|1597289539
|switch|p1a: Tangrowth|Tangrowth, M|100/100 brn
|-damage|p1a: Tangrowth|88/100 brn|[from] Stealth Rock
|move|p2a: Ditto|Scald|p1a: Tangrowth
|-resisted|p1a: Tangrowth
|-damage|p1a: Tangrowth|79/100 brn
|
|-damage|p2a: Ditto|76/100 brn|[from] brn
|-damage|p1a: Tangrowth|72/100 brn|[from] brn
|upkeep
|turn|54
|
|t:|1597289544
|switch|p2a: Toxapex|Toxapex, F|100/100 brn
|-damage|p2a: Toxapex|88/100 brn|[from] Stealth Rock
|switch|p1a: Toxapex|Toxapex, M|90/100 brn
|-damage|p1a: Toxapex|77/100 brn|[from] Stealth Rock
|
|-damage|p2a: Toxapex|82/100 brn|[from] brn
|-damage|p1a: Toxapex|71/100 brn|[from] brn
|upkeep
|turn|55
|j| Drasuk
|
|t:|1597289549
|switch|p2a: Ditto|Ditto, shiny|100/100 brn
|-damage|p2a: Ditto|88/100 brn|[from] Stealth Rock
|-transform|p2a: Ditto|p1a: Toxapex|[from] ability: Imposter
|switch|p1a: Tangrowth|Tangrowth, M|100/100 brn
|-damage|p1a: Tangrowth|88/100 brn|[from] Stealth Rock
|
|-damage|p2a: Ditto|82/100 brn|[from] brn
|-damage|p1a: Tangrowth|82/100 brn|[from] brn
|upkeep
|turn|56
|l| crackpipealt
|
|t:|1597289551
|switch|p1a: Toxapex|Toxapex, M|100/100 brn
|-damage|p1a: Toxapex|88/100 brn|[from] Stealth Rock
|move|p2a: Ditto|Knock Off|p1a: Toxapex
|-damage|p1a: Toxapex|84/100 brn
|-damage|p2a: Ditto|65/100 brn|[from] item: Rocky Helmet|[of] p1a: Toxapex
|-enditem|p1a: Toxapex|Rocky Helmet|[from] move: Knock Off|[of] p2a: Ditto
|
|-damage|p2a: Ditto|59/100 brn|[from] brn
|-damage|p1a: Toxapex|78/100 brn|[from] brn
|upkeep
|turn|57
|
|t:|1597289557
|switch|p2a: Toxapex|Toxapex, F|100/100 brn
|-damage|p2a: Toxapex|88/100 brn|[from] Stealth Rock
|switch|p1a: Ditto|Ditto|100/100 brn
|-damage|p1a: Ditto|88/100 brn|[from] Stealth Rock
|-transform|p1a: Ditto|p2a: Toxapex|[from] ability: Imposter
|
|-damage|p1a: Ditto|82/100 brn|[from] brn
|-damage|p2a: Toxapex|82/100 brn|[from] brn
|upkeep
|turn|58
|l| ThirdStrongestMole
|
|t:|1597289567
|move|p1a: Ditto|Scald|p2a: Toxapex
|-resisted|p2a: Toxapex
|-damage|p2a: Toxapex|76/100 brn
|move|p2a: Toxapex|Haze|p2a: Toxapex
|-clearallboost
|
|-damage|p1a: Ditto|76/100 brn|[from] brn
|-damage|p2a: Toxapex|70/100 brn|[from] brn
|upkeep
|turn|59
|
|t:|1597289570
|switch|p2a: Clefable|Clefable, M|90/100
|move|p1a: Ditto|Scald|p2a: Clefable
|-damage|p2a: Clefable|75/100
|
|-heal|p2a: Clefable|81/100|[from] item: Leftovers
|-damage|p1a: Ditto|70/100 brn|[from] brn
|upkeep
|turn|60
|l| Botez Fan Club
|
|t:|1597289578
|switch|p1a: Toxapex|Toxapex, M|100/100 brn
|-damage|p1a: Toxapex|88/100 brn|[from] Stealth Rock
|move|p2a: Clefable|Calm Mind|p2a: Clefable
|-boost|p2a: Clefable|spa|1
|-boost|p2a: Clefable|spd|1
|
|-heal|p2a: Clefable|88/100|[from] item: Leftovers
|-damage|p1a: Toxapex|82/100 brn|[from] brn
|upkeep
|turn|61
|j| aw heck!
|j| ricardo83
|
|t:|1597289586
|switch|p2a: Ditto|Ditto, shiny|93/100 brn
|-damage|p2a: Ditto|80/100 brn|[from] Stealth Rock
|-transform|p2a: Ditto|p1a: Toxapex|[from] ability: Imposter
|move|p1a: Toxapex|Scald|p2a: Ditto
|-resisted|p2a: Ditto
|-damage|p2a: Ditto|73/100 brn
|
|-damage|p2a: Ditto|67/100 brn|[from] brn
|-damage|p1a: Toxapex|76/100 brn|[from] brn
|upkeep
|turn|62
|n| Proftreez|proftreez
|l| TeamCharm69
|
|t:|1597289592
|switch|p1a: Tangrowth|Tangrowth, M|100/100 brn
|-damage|p1a: Tangrowth|88/100 brn|[from] Stealth Rock
|move|p2a: Ditto|Scald|p1a: Tangrowth
|-resisted|p1a: Tangrowth
|-damage|p1a: Tangrowth|79/100 brn
|
|-damage|p2a: Ditto|61/100 brn|[from] brn
|-damage|p1a: Tangrowth|73/100 brn|[from] brn
|upkeep
|turn|63
|l| Proftreez
|j| maxtheknife
|
|t:|1597289602
|switch|p2a: Toxapex|Toxapex, F|100/100 brn
|-damage|p2a: Toxapex|88/100 brn|[from] Stealth Rock
|switch|p1a: Toxapex|Toxapex, M|100/100 brn
|-damage|p1a: Toxapex|88/100 brn|[from] Stealth Rock
|
|-damage|p2a: Toxapex|82/100 brn|[from] brn
|-damage|p1a: Toxapex|82/100 brn|[from] brn
|upkeep
|turn|64
|l| large owl
|
|t:|1597289609
|switch|p2a: Ditto|Ditto, shiny|95/100 brn
|-damage|p2a: Ditto|82/100 brn|[from] Stealth Rock
|-transform|p2a: Ditto|p1a: Toxapex|[from] ability: Imposter
|switch|p1a: Tangrowth|Tangrowth, M|100/100 brn
|-damage|p1a: Tangrowth|88/100 brn|[from] Stealth Rock
|
|-damage|p2a: Ditto|76/100 brn|[from] brn
|-damage|p1a: Tangrowth|82/100 brn|[from] brn
|upkeep
|turn|65
|
|t:|1597289613
|switch|p1a: Toxapex|Toxapex, M|100/100 brn
|-damage|p1a: Toxapex|88/100 brn|[from] Stealth Rock
|move|p2a: Ditto|Scald|p1a: Toxapex
|-resisted|p1a: Toxapex
|-damage|p1a: Toxapex|82/100 brn
|
|-damage|p2a: Ditto|70/100 brn|[from] brn
|-damage|p1a: Toxapex|76/100 brn|[from] brn
|upkeep
|turn|66
|j| Proftreez
|
|t:|1597289618
|switch|p2a: Toxapex|Toxapex, F|100/100 brn
|-damage|p2a: Toxapex|88/100 brn|[from] Stealth Rock
|switch|p1a: Tangrowth|Tangrowth, M|100/100 brn
|-damage|p1a: Tangrowth|88/100 brn|[from] Stealth Rock
|
|-damage|p1a: Tangrowth|82/100 brn|[from] brn
|-damage|p2a: Toxapex|82/100 brn|[from] brn
|upkeep
|turn|67
|
|t:|1597289627
|switch|p1a: Ditto|Ditto|100/100 brn
|-damage|p1a: Ditto|88/100 brn|[from] Stealth Rock
|-transform|p1a: Ditto|p2a: Toxapex|[from] ability: Imposter
|move|p2a: Toxapex|Haze|p2a: Toxapex
|-clearallboost
|
|-damage|p1a: Ditto|82/100 brn|[from] brn
|-damage|p2a: Toxapex|75/100 brn|[from] brn
|upkeep
|turn|68
|
|t:|1597289640
|switch|p2a: Clefable|Clefable, M|88/100
|move|p1a: Ditto|Knock Off|p2a: Clefable
|-resisted|p2a: Clefable
|-damage|p2a: Clefable|85/100
|-enditem|p2a: Clefable|Leftovers|[from] move: Knock Off|[of] p1a: Ditto
|
|-damage|p1a: Ditto|76/100 brn|[from] brn
|upkeep
|turn|69
|j| AgencyBlunder
|
|t:|1597289652
|switch|p1a: Toxapex|Toxapex, M|100/100 brn
|-damage|p1a: Toxapex|88/100 brn|[from] Stealth Rock
|switch|p2a: Toxapex|Toxapex, F|100/100 brn
|-damage|p2a: Toxapex|88/100 brn|[from] Stealth Rock
|
|-damage|p2a: Toxapex|82/100 brn|[from] brn
|-damage|p1a: Toxapex|82/100 brn|[from] brn
|upkeep
|turn|70
|l| ricardo83
|l| Dragon of West
|
|t:|1597289662
|switch|p2a: Ditto|Ditto, shiny|100/100 brn
|-damage|p2a: Ditto|88/100 brn|[from] Stealth Rock
|-transform|p2a: Ditto|p1a: Toxapex|[from] ability: Imposter
|switch|p1a: Tangrowth|Tangrowth, M|100/100 brn
|-damage|p1a: Tangrowth|88/100 brn|[from] Stealth Rock
|
|-damage|p2a: Ditto|82/100 brn|[from] brn
|-damage|p1a: Tangrowth|82/100 brn|[from] brn
|upkeep
|turn|71
|
|t:|1597289667
|switch|p1a: Toxapex|Toxapex, M|100/100 brn
|-damage|p1a: Toxapex|88/100 brn|[from] Stealth Rock
|move|p2a: Ditto|Scald|p1a: Toxapex
|-resisted|p1a: Toxapex
|-damage|p1a: Toxapex|82/100 brn
|
|-damage|p2a: Ditto|76/100 brn|[from] brn
|-damage|p1a: Toxapex|76/100 brn|[from] brn
|upkeep
|turn|72
|
|t:|1597289669
|switch|p2a: Toxapex|Toxapex, F|100/100 brn
|-damage|p2a: Toxapex|88/100 brn|[from] Stealth Rock
|switch|p1a: Tangrowth|Tangrowth, M|100/100 brn
|-damage|p1a: Tangrowth|88/100 brn|[from] Stealth Rock
|
|-damage|p1a: Tangrowth|82/100 brn|[from] brn
|-damage|p2a: Toxapex|82/100 brn|[from] brn
|upkeep
|turn|73
|j| LT71LX Gura
|j| King Kdot
|j| Puffkilla∞✔
|c|☆LT71LX ABR|permanent progress incoming
|
|t:|1597289679
|switch|p1a: Ditto|Ditto|100/100 brn
|-damage|p1a: Ditto|88/100 brn|[from] Stealth Rock
|-transform|p1a: Ditto|p2a: Toxapex|[from] ability: Imposter
|move|p2a: Toxapex|Haze|p2a: Toxapex
|-clearallboost
|
|-damage|p1a: Ditto|82/100 brn|[from] brn
|-damage|p2a: Toxapex|75/100 brn|[from] brn
|upkeep
|turn|74
|l| Vlady_614
|c| childintheirpoor|lol
|
|t:|1597289687
|switch|p2a: Blissey|Blissey, F|78/100
|move|p1a: Ditto|Scald|p2a: Blissey
|-damage|p2a: Blissey|73/100
|-status|p2a: Blissey|brn
|
|-damage|p1a: Ditto|76/100 brn|[from] brn
|-damage|p2a: Blissey|67/100 brn|[from] brn
|upkeep
|turn|75
|
|t:|1597289693
|switch|p1a: Tangrowth|Tangrowth, M|100/100 brn
|-damage|p1a: Tangrowth|88/100 brn|[from] Stealth Rock
|move|p2a: Blissey|Soft-Boiled|p2a: Blissey
|-heal|p2a: Blissey|100/100 brn
|
|-damage|p2a: Blissey|94/100 brn|[from] brn
|-damage|p1a: Tangrowth|82/100 brn|[from] brn
|upkeep
|turn|76
|
|t:|1597289697
|switch|p2a: Toxapex|Toxapex, F|100/100 brn
|-damage|p2a: Toxapex|88/100 brn|[from] Stealth Rock
|switch|p1a: Ditto|Ditto|100/100 brn
|-damage|p1a: Ditto|88/100 brn|[from] Stealth Rock
|-transform|p1a: Ditto|p2a: Toxapex|[from] ability: Imposter
|
|-damage|p1a: Ditto|82/100 brn|[from] brn
|-damage|p2a: Toxapex|82/100 brn|[from] brn
|upkeep
|turn|77
|j| X-Wing Fighter
|
|t:|1597289702
|move|p1a: Ditto|Scald|p2a: Toxapex
|-resisted|p2a: Toxapex
|-damage|p2a: Toxapex|76/100 brn
|move|p2a: Toxapex|Scald|p1a: Ditto
|-resisted|p1a: Ditto
|-damage|p1a: Ditto|77/100 brn
|
|-damage|p1a: Ditto|71/100 brn|[from] brn
|-damage|p2a: Toxapex|70/100 brn|[from] brn
|upkeep
|turn|78
|
|t:|1597289705
|switch|p2a: Clefable|Clefable, M|85/100
|move|p1a: Ditto|Scald|p2a: Clefable
|-damage|p2a: Clefable|70/100
|
|-damage|p1a: Ditto|65/100 brn|[from] brn
|upkeep
|turn|79
|j| D0n Ram0n
|j| Brandon2321
|
|t:|1597289713
|switch|p1a: Jirachi|Jirachi|100/100
|-damage|p1a: Jirachi|94/100|[from] Stealth Rock
|move|p2a: Clefable|Moonblast|p1a: Jirachi
|-resisted|p1a: Jirachi
|-damage|p1a: Jirachi|80/100
|-unboost|p1a: Jirachi|spa|1
|
|-heal|p1a: Jirachi|87/100|[from] item: Leftovers
|upkeep
|turn|80
|j|+Ticken
|l| tsukasa yuzaki
|
|t:|1597289717
|switch|p1a: Ditto|Ditto|98/100 brn
|-damage|p1a: Ditto|86/100 brn|[from] Stealth Rock
|-transform|p1a: Ditto|p2a: Clefable|[from] ability: Imposter
|switch|p2a: Toxapex|Toxapex, F|100/100 brn
|-damage|p2a: Toxapex|88/100 brn|[from] Stealth Rock
|
|-damage|p2a: Toxapex|82/100 brn|[from] brn
|upkeep
|turn|81
|
|t:|1597289724
|switch|p2a: Blissey|Blissey, F|94/100
|move|p1a: Ditto|Soft-Boiled|p1a: Ditto
|-heal|p1a: Ditto|100/100 brn
|
|upkeep
|turn|82
|l| D0n Ram0n
|j| good things come
|
|t:|1597289734
|switch|p1a: Tangrowth|Tangrowth, M|100/100 brn
|-damage|p1a: Tangrowth|88/100 brn|[from] Stealth Rock
|move|p2a: Blissey|Seismic Toss|p1a: Tangrowth
|-damage|p1a: Tangrowth|63/100 brn
|
|-damage|p1a: Tangrowth|57/100 brn|[from] brn
|upkeep
|turn|83
|l|+FMG
|
|t:|1597289746
|switch|p2a: Toxapex|Toxapex, F|100/100 brn
|-damage|p2a: Toxapex|88/100 brn|[from] Stealth Rock
|switch|p1a: Toxapex|Toxapex, M|100/100 brn
|-damage|p1a: Toxapex|88/100 brn|[from] Stealth Rock
|
|-damage|p2a: Toxapex|82/100 brn|[from] brn
|-damage|p1a: Toxapex|82/100 brn|[from] brn
|upkeep
|turn|84
|
|t:|1597289753
|switch|p2a: Ditto|Ditto, shiny|100/100 brn
|-damage|p2a: Ditto|88/100 brn|[from] Stealth Rock
|-transform|p2a: Ditto|p1a: Toxapex|[from] ability: Imposter
|switch|p1a: Tangrowth|Tangrowth, M|90/100 brn
|-damage|p1a: Tangrowth|78/100 brn|[from] Stealth Rock
|
|-damage|p2a: Ditto|82/100 brn|[from] brn
|-damage|p1a: Tangrowth|72/100 brn|[from] brn
|upkeep
|turn|85
|
|t:|1597289760
|switch|p2a: Jirachi|Jirachi|100/100
|-damage|p2a: Jirachi|94/100|[from] Stealth Rock
|switch|p1a: Toxapex|Toxapex, M|100/100 brn
|-damage|p1a: Toxapex|88/100 brn|[from] Stealth Rock
|
|-heal|p2a: Jirachi|100/100|[from] item: Leftovers
|-damage|p1a: Toxapex|82/100 brn|[from] brn
|upkeep
|turn|86
|
|t:|1597289767
|switch|p1a: Ditto|Ditto|100/100 brn
|-damage|p1a: Ditto|88/100 brn|[from] Stealth Rock
|-transform|p1a: Ditto|p2a: Jirachi|[from] ability: Imposter
|move|p2a: Jirachi|Substitute|p2a: Jirachi
|-start|p2a: Jirachi|Substitute
|-damage|p2a: Jirachi|75/100
|
|-heal|p2a: Jirachi|82/100|[from] item: Leftovers
|-damage|p1a: Ditto|82/100 brn|[from] brn
|upkeep
|turn|87
|j| marshallwu
|c|☆LT71LX ABR|now who is this
|
|t:|1597289782
|switch|p1a: Corviknight|Corviknight, M|100/100
|-damage|p1a: Corviknight|88/100|[from] Stealth Rock
|-ability|p1a: Corviknight|Pressure
|move|p2a: Jirachi|Power-Up Punch|p1a: Corviknight
|-damage|p1a: Corviknight|81/100
|-boost|p2a: Jirachi|atk|1
|-damage|p2a: Jirachi|65/100|[from] item: Rocky Helmet|[of] p1a: Corviknight
|
|-heal|p2a: Jirachi|71/100|[from] item: Leftovers
|upkeep
|turn|88
|
|t:|1597289791
|move|p2a: Jirachi|Thunder Punch|p1a: Corviknight
|-supereffective|p1a: Corviknight
|-damage|p1a: Corviknight|45/100
|-status|p1a: Corviknight|par
|-damage|p2a: Jirachi|55/100|[from] item: Rocky Helmet|[of] p1a: Corviknight
|move|p1a: Corviknight|Body Press|p2a: Jirachi
|-activate|p2a: Jirachi|move: Substitute|[damage]
|
|-heal|p2a: Jirachi|61/100|[from] item: Leftovers
|upkeep
|turn|89
|l| Brandon2321
|j| hjioiihughfchghio
|
|t:|1597289800
|move|p2a: Jirachi|Iron Head|p1a: Corviknight
|-resisted|p1a: Corviknight
|-damage|p1a: Corviknight|30/100 par
|-damage|p2a: Jirachi|44/100|[from] item: Rocky Helmet|[of] p1a: Corviknight
|cant|p1a: Corviknight|flinch
|
|-heal|p2a: Jirachi|50/100|[from] item: Leftovers
|upkeep
|turn|90
|
|t:|1597289814
|switch|p1a: Tangrowth|Tangrowth, M|100/100 brn
|-damage|p1a: Tangrowth|88/100 brn|[from] Stealth Rock
|move|p2a: Jirachi|Power-Up Punch|p1a: Tangrowth
|-damage|p1a: Tangrowth|78/100 brn
|-boost|p2a: Jirachi|atk|1
|
|-heal|p2a: Jirachi|57/100|[from] item: Leftovers
|-damage|p1a: Tangrowth|72/100 brn|[from] brn
|upkeep
|turn|91
|n| LT71LX INSULT|lt71lxinsult
|j| WaleTheTop-Notch
|
|t:|1597289821
|switch|p1a: Jirachi|Jirachi|87/100
|-damage|p1a: Jirachi|80/100|[from] Stealth Rock
|move|p2a: Jirachi|Iron Head|p1a: Jirachi
|-resisted|p1a: Jirachi
|-damage|p1a: Jirachi|52/100
|
|-heal|p1a: Jirachi|59/100|[from] item: Leftovers
|-heal|p2a: Jirachi|63/100|[from] item: Leftovers
|upkeep
|turn|92
|
|t:|1597289827
|move|p1a: Jirachi|Protect|p1a: Jirachi
|-singleturn|p1a: Jirachi|Protect
|move|p2a: Jirachi|Thunder Punch|p1a: Jirachi
|-activate|p1a: Jirachi|move: Protect
|
|-heal|p1a: Jirachi|65/100|[from] item: Leftovers
|-heal|p2a: Jirachi|69/100|[from] item: Leftovers
|upkeep
|turn|93
|
|t:|1597289831
|move|p1a: Jirachi|Iron Head|p2a: Jirachi
|-resisted|p2a: Jirachi
|-end|p2a: Jirachi|Substitute
|move|p2a: Jirachi|Thunder Punch|p1a: Jirachi
|-damage|p1a: Jirachi|34/100
|
|-heal|p1a: Jirachi|41/100|[from] item: Leftovers
|-heal|p2a: Jirachi|75/100|[from] item: Leftovers
|upkeep
|turn|94
|
|t:|1597289844
|move|p1a: Jirachi|Iron Head|p2a: Jirachi
|-resisted|p2a: Jirachi
|-damage|p2a: Jirachi|64/100
|cant|p2a: Jirachi|flinch
|
|-heal|p1a: Jirachi|47/100|[from] item: Leftovers
|-heal|p2a: Jirachi|71/100|[from] item: Leftovers
|upkeep
|turn|95
|
|t:|1597289852
|move|p1a: Jirachi|Iron Head|p2a: Jirachi
|-resisted|p2a: Jirachi
|-damage|p2a: Jirachi|59/100
|cant|p2a: Jirachi|flinch
|
|-heal|p1a: Jirachi|53/100|[from] item: Leftovers
|-heal|p2a: Jirachi|65/100|[from] item: Leftovers
|upkeep
|turn|96
|
|t:|1597289856
|move|p1a: Jirachi|Iron Head|p2a: Jirachi
|-resisted|p2a: Jirachi
|-damage|p2a: Jirachi|54/100
|cant|p2a: Jirachi|flinch
|
|-heal|p1a: Jirachi|59/100|[from] item: Leftovers
|-heal|p2a: Jirachi|60/100|[from] item: Leftovers
|upkeep
|turn|97
|
|t:|1597289861
|move|p1a: Jirachi|Iron Head|p2a: Jirachi
|-resisted|p2a: Jirachi
|-damage|p2a: Jirachi|49/100
|move|p2a: Jirachi|Substitute|p2a: Jirachi
|-start|p2a: Jirachi|Substitute
|-damage|p2a: Jirachi|24/100
|
|-heal|p1a: Jirachi|65/100|[from] item: Leftovers
|-heal|p2a: Jirachi|30/100|[from] item: Leftovers
|upkeep
|turn|98
|
|t:|1597289868
|move|p1a: Jirachi|Iron Head|p2a: Jirachi
|-resisted|p2a: Jirachi
|-activate|p2a: Jirachi|move: Substitute|[damage]
|move|p2a: Jirachi|Thunder Punch|p1a: Jirachi
|-damage|p1a: Jirachi|34/100
|
|-heal|p1a: Jirachi|40/100|[from] item: Leftovers
|-heal|p2a: Jirachi|36/100|[from] item: Leftovers
|upkeep
|turn|99
|n| King Kdot|kingkdot
|
|t:|1597289873
|move|p1a: Jirachi|Wish|p1a: Jirachi
|move|p2a: Jirachi|Thunder Punch|p1a: Jirachi
|-crit|p1a: Jirachi
|-damage|p1a: Jirachi|0 fnt
|faint|p1a: Jirachi
|
|-heal|p2a: Jirachi|42/100|[from] item: Leftovers
|upkeep
|j| karasunooooooooo
|
|t:|1597289879
|switch|p1a: Toxapex|Toxapex, M|100/100 brn
|-damage|p1a: Toxapex|88/100 brn|[from] Stealth Rock
|turn|100
|j| serena4ever
|
|t:|1597289883
|move|p2a: Jirachi|Thunder Punch|p1a: Toxapex
|-supereffective|p1a: Toxapex
|-damage|p1a: Toxapex|43/100 brn
|move|p1a: Toxapex|Haze|p1a: Toxapex
|-clearallboost
|
|-heal|p1a: Toxapex|100/100 brn|[from] move: Wish|[wisher] Jirachi
|-heal|p2a: Jirachi|49/100|[from] item: Leftovers
|-damage|p1a: Toxapex|95/100 brn|[from] brn
|upkeep
|turn|101
|
|t:|1597289893
|move|p2a: Jirachi|Power-Up Punch|p1a: Toxapex
|-resisted|p1a: Toxapex
|-damage|p1a: Toxapex|92/100 brn
|-boost|p2a: Jirachi|atk|1
|move|p1a: Toxapex|Scald|p2a: Jirachi
|-end|p2a: Jirachi|Substitute
|
|-heal|p2a: Jirachi|55/100|[from] item: Leftovers
|-damage|p1a: Toxapex|86/100 brn|[from] brn
|upkeep
|turn|102
|j| ensiferum999
|
|t:|1597289899
|move|p2a: Jirachi|Substitute|p2a: Jirachi
|-start|p2a: Jirachi|Substitute
|-damage|p2a: Jirachi|30/100
|move|p1a: Toxapex|Haze|p1a: Toxapex
|-clearallboost
|
|-heal|p2a: Jirachi|36/100|[from] item: Leftovers
|-damage|p1a: Toxapex|80/100 brn|[from] brn
|upkeep
|turn|103
|
|t:|1597289903
|move|p2a: Jirachi|Power-Up Punch|p1a: Toxapex
|-resisted|p1a: Toxapex
|-damage|p1a: Toxapex|77/100 brn
|-boost|p2a: Jirachi|atk|1
|move|p1a: Toxapex|Scald|p2a: Jirachi
|-activate|p2a: Jirachi|move: Substitute|[damage]
|
|-heal|p2a: Jirachi|42/100|[from] item: Leftovers
|-damage|p1a: Toxapex|71/100 brn|[from] brn
|upkeep
|turn|104
|j| LT71LX Teleport
|
|t:|1597289908
|move|p2a: Jirachi|Iron Head|p1a: Toxapex
|-resisted|p1a: Toxapex
|-crit|p1a: Toxapex
|-damage|p1a: Toxapex|51/100 brn
|cant|p1a: Toxapex|flinch
|
|-heal|p2a: Jirachi|48/100|[from] item: Leftovers
|-damage|p1a: Toxapex|45/100 brn|[from] brn
|upkeep
|turn|105
|
|t:|1597289913
|move|p2a: Jirachi|Iron Head|p1a: Toxapex
|-resisted|p1a: Toxapex
|-damage|p1a: Toxapex|31/100 brn
|move|p1a: Toxapex|Recover|p1a: Toxapex
|-heal|p1a: Toxapex|81/100 brn
|
|-heal|p2a: Jirachi|54/100|[from] item: Leftovers
|-damage|p1a: Toxapex|75/100 brn|[from] brn
|upkeep
|turn|106
|
|t:|1597289918
|move|p2a: Jirachi|Iron Head|p1a: Toxapex
|-resisted|p1a: Toxapex
|-damage|p1a: Toxapex|62/100 brn
|cant|p1a: Toxapex|flinch
|
|-heal|p2a: Jirachi|61/100|[from] item: Leftovers
|-damage|p1a: Toxapex|56/100 brn|[from] brn
|upkeep
|turn|107
|
|t:|1597289924
|move|p2a: Jirachi|Iron Head|p1a: Toxapex
|-resisted|p1a: Toxapex
|-damage|p1a: Toxapex|43/100 brn
|move|p1a: Toxapex|Recover|p1a: Toxapex
|-heal|p1a: Toxapex|94/100 brn
|
|-heal|p2a: Jirachi|67/100|[from] item: Leftovers
|-damage|p1a: Toxapex|88/100 brn|[from] brn
|upkeep
|turn|108
|
|t:|1597289928
|move|p2a: Jirachi|Thunder Punch|p1a: Toxapex
|-supereffective|p1a: Toxapex
|-damage|p1a: Toxapex|53/100 brn
|move|p1a: Toxapex|Haze|p1a: Toxapex
|-clearallboost
|
|-heal|p2a: Jirachi|73/100|[from] item: Leftovers
|-damage|p1a: Toxapex|47/100 brn|[from] brn
|upkeep
|turn|109
|
|t:|1597289934
|move|p2a: Jirachi|Power-Up Punch|p1a: Toxapex
|-resisted|p1a: Toxapex
|-damage|p1a: Toxapex|43/100 brn
|-boost|p2a: Jirachi|atk|1
|move|p1a: Toxapex|Recover|p1a: Toxapex
|-heal|p1a: Toxapex|94/100 brn
|
|-heal|p2a: Jirachi|79/100|[from] item: Leftovers
|-damage|p1a: Toxapex|88/100 brn|[from] brn
|upkeep
|turn|110
|
|t:|1597289940
|move|p2a: Jirachi|Iron Head|p1a: Toxapex
|-resisted|p1a: Toxapex
|-damage|p1a: Toxapex|74/100 brn
|move|p1a: Toxapex|Haze|p1a: Toxapex
|-clearallboost
|
|-heal|p2a: Jirachi|85/100|[from] item: Leftovers
|-damage|p1a: Toxapex|68/100 brn|[from] brn
|upkeep
|turn|111
|
|t:|1597289946
|move|p2a: Jirachi|Power-Up Punch|p1a: Toxapex
|-resisted|p1a: Toxapex
|-damage|p1a: Toxapex|65/100 brn
|-boost|p2a: Jirachi|atk|1
|move|p1a: Toxapex|Haze|p1a: Toxapex
|-clearallboost
|
|-heal|p2a: Jirachi|92/100|[from] item: Leftovers
|-damage|p1a: Toxapex|59/100 brn|[from] brn
|upkeep
|turn|112
|
|t:|1597289949
|move|p2a: Jirachi|Power-Up Punch|p1a: Toxapex
|-resisted|p1a: Toxapex
|-damage|p1a: Toxapex|56/100 brn
|-boost|p2a: Jirachi|atk|1
|move|p1a: Toxapex|Recover|p1a: Toxapex
|-heal|p1a: Toxapex|100/100 brn
|
|-heal|p2a: Jirachi|98/100|[from] item: Leftovers
|-damage|p1a: Toxapex|95/100 brn|[from] brn
|upkeep
|turn|113
|
|t:|1597289952
|move|p2a: Jirachi|Thunder Punch|p1a: Toxapex
|-supereffective|p1a: Toxapex
|-damage|p1a: Toxapex|61/100 brn
|move|p1a: Toxapex|Haze|p1a: Toxapex
|-clearallboost
|
|-heal|p2a: Jirachi|100/100|[from] item: Leftovers
|-damage|p1a: Toxapex|55/100 brn|[from] brn
|upkeep
|turn|114
|
|t:|1597289959
|move|p2a: Jirachi|Power-Up Punch|p1a: Toxapex
|-resisted|p1a: Toxapex
|-damage|p1a: Toxapex|52/100 brn
|-boost|p2a: Jirachi|atk|1
|move|p1a: Toxapex|Recover|p1a: Toxapex
|-heal|p1a: Toxapex|100/100 brn
|
|-damage|p1a: Toxapex|95/100 brn|[from] brn
|upkeep
|turn|115
|j| olt dinner
|
|t:|1597289968
|move|p2a: Jirachi|Iron Head|p1a: Toxapex
|-resisted|p1a: Toxapex
|-damage|p1a: Toxapex|80/100 brn
|move|p1a: Toxapex|Haze|p1a: Toxapex
|-clearallboost
|
|-damage|p1a: Toxapex|74/100 brn|[from] brn
|upkeep
|turn|116
|
|t:|1597289972
|move|p2a: Jirachi|Power-Up Punch|p1a: Toxapex
|-resisted|p1a: Toxapex
|-damage|p1a: Toxapex|71/100 brn
|-boost|p2a: Jirachi|atk|1
|move|p1a: Toxapex|Haze|p1a: Toxapex
|-clearallboost
|
|-damage|p1a: Toxapex|65/100 brn|[from] brn
|upkeep
|turn|117
|
|t:|1597289975
|move|p2a: Jirachi|Power-Up Punch|p1a: Toxapex
|-resisted|p1a: Toxapex
|-damage|p1a: Toxapex|62/100 brn
|-boost|p2a: Jirachi|atk|1
|move|p1a: Toxapex|Haze|p1a: Toxapex
|-clearallboost
|
|-damage|p1a: Toxapex|56/100 brn|[from] brn
|upkeep
|turn|118
|
|t:|1597289978
|move|p2a: Jirachi|Power-Up Punch|p1a: Toxapex
|-resisted|p1a: Toxapex
|-damage|p1a: Toxapex|53/100 brn
|-boost|p2a: Jirachi|atk|1
|move|p1a: Toxapex|Recover|p1a: Toxapex
|-heal|p1a: Toxapex|100/100 brn
|
|-damage|p1a: Toxapex|95/100 brn|[from] brn
|upkeep
|turn|119
|
|t:|1597289982
|move|p2a: Jirachi|Thunder Punch|p1a: Toxapex
|-supereffective|p1a: Toxapex
|-damage|p1a: Toxapex|59/100 brn
|move|p1a: Toxapex|Haze|p1a: Toxapex
|-clearallboost
|
|-damage|p1a: Toxapex|53/100 brn|[from] brn
|upkeep
|turn|120
|
|t:|1597289987
|move|p2a: Jirachi|Iron Head|p1a: Toxapex
|-resisted|p1a: Toxapex
|-damage|p1a: Toxapex|43/100 brn
|cant|p1a: Toxapex|flinch
|
|-damage|p1a: Toxapex|37/100 brn|[from] brn
|upkeep
|turn|121
|
|t:|1597289992
|move|p2a: Jirachi|Iron Head|p1a: Toxapex
|-resisted|p1a: Toxapex
|-damage|p1a: Toxapex|29/100 brn
|cant|p1a: Toxapex|flinch
|
|-damage|p1a: Toxapex|23/100 brn|[from] brn
|upkeep
|turn|122
|
|t:|1597289999
|switch|p1a: Tangrowth|Tangrowth, M|100/100 brn
|-damage|p1a: Tangrowth|88/100 brn|[from] Stealth Rock
|move|p2a: Jirachi|Power-Up Punch|p1a: Tangrowth
|-damage|p1a: Tangrowth|82/100 brn
|-boost|p2a: Jirachi|atk|1
|
|-damage|p1a: Tangrowth|76/100 brn|[from] brn
|upkeep
|turn|123
|
|t:|1597290008
|move|p2a: Jirachi|Power-Up Punch|p1a: Tangrowth
|-damage|p1a: Tangrowth|67/100 brn
|-boost|p2a: Jirachi|atk|1
|move|p1a: Tangrowth|Knock Off|p2a: Jirachi
|-supereffective|p2a: Jirachi
|-end|p2a: Jirachi|Substitute
|
|-damage|p1a: Tangrowth|61/100 brn|[from] brn
|upkeep
|turn|124
|
|t:|1597290017
|move|p2a: Jirachi|Substitute|p2a: Jirachi
|-start|p2a: Jirachi|Substitute
|-damage|p2a: Jirachi|75/100
|move|p1a: Tangrowth|Knock Off|p2a: Jirachi
|-supereffective|p2a: Jirachi
|-activate|p2a: Jirachi|move: Substitute|[damage]
|
|-heal|p2a: Jirachi|82/100|[from] item: Leftovers
|-damage|p1a: Tangrowth|54/100 brn|[from] brn
|upkeep
|turn|125
|j| zaaya ◜‿◝
|
|t:|1597290025
|move|p2a: Jirachi|Iron Head|p1a: Tangrowth
|-damage|p1a: Tangrowth|16/100 brn
|move|p1a: Tangrowth|Giga Drain|p2a: Jirachi
|-resisted|p2a: Jirachi
|-end|p2a: Jirachi|Substitute
|-heal|p1a: Tangrowth|20/100 brn|[from] drain|[of] p2a: Jirachi
|
|-heal|p2a: Jirachi|88/100|[from] item: Leftovers
|-damage|p1a: Tangrowth|13/100 brn|[from] brn
|upkeep
|turn|126
|j| ez
|
|t:|1597290030
|switch|p1a: Ditto|Ditto|82/100 brn
|-damage|p1a: Ditto|70/100 brn|[from] Stealth Rock
|-transform|p1a: Ditto|p2a: Jirachi|[from] ability: Imposter
|move|p2a: Jirachi|Substitute|p2a: Jirachi
|-start|p2a: Jirachi|Substitute
|-damage|p2a: Jirachi|63/100
|
|-heal|p2a: Jirachi|69/100|[from] item: Leftovers
|-damage|p1a: Ditto|64/100 brn|[from] brn
|upkeep
|turn|127
|
|t:|1597290034
|move|p1a: Ditto|Thunder Punch|p2a: Jirachi
|-activate|p2a: Jirachi|move: Substitute|[damage]
|move|p2a: Jirachi|Thunder Punch|p1a: Ditto
|-damage|p1a: Ditto|21/100 brn
|
|-heal|p2a: Jirachi|75/100|[from] item: Leftovers
|-damage|p1a: Ditto|15/100 brn|[from] brn
|upkeep
|turn|128
|
|t:|1597290037
|move|p1a: Ditto|Thunder Punch|p2a: Jirachi
|-end|p2a: Jirachi|Substitute
|move|p2a: Jirachi|Power-Up Punch|p1a: Ditto
|-damage|p1a: Ditto|0 fnt
|-boost|p2a: Jirachi|atk|1
|faint|p1a: Ditto
|
|-heal|p2a: Jirachi|81/100|[from] item: Leftovers
|upkeep
|c|☆sir guap|gg
|c|☆LT71LX ABR|gg
|-message|LT71LX ABR forfeited.
|
|win|sir guap
|l| LT71LX Luthier
|raw|LT71LX ABR's rating: 2156 &rarr; <strong>2131</strong><br />(-25 for losing)
|raw|sir guap's rating: 2080 &rarr; <strong>2105</strong><br />(+25 for winning)
|l|☆LT71LX ABR
|l| kenshiro27
|l| LT71LX PJ
|l| Mannat
|l| ez
|l| Brandie
|l| sonic boof
|l| zaaya ◜‿◝
|l| LingvaeX
|l| JisooFromBlackpink
|l| LT71LX Tace
|l| lc ladder warrior
|l| fdbgsdf
|l| lt71lx xImRaptor
|l| outu why
|l| marshallwu
|l| fyuiloiih
|l| dice
|l| Lunarr
|l| starmaster
|l| hjioiihughfchghio
|l| LT71LX Gura
|l| Proftreez
|l|+Vrin
|l| LT71LX INSULT
|l| GOATDON
|l| Badouye
|l| BoomBoomBoo
|l| LT71LX Merm
|l| Ad&50
|l| Puffkilla∞✔
|l| AgencyBlunder
|j| abd1710
|l| King Kdot
|l| LT71X PAPA PIA
|l| LT71LX Kappucci
|l| Hockey1
|j| LT71LX Kappucci
|l| LT71LX Teleport
|l| LT71LX Storm
|l| abd1710
|l| maxtheknife
|l| WaleTheTop-Notch
|l| TuanNguyen
|l| laddr climb
|l| good things come
|l| WildWave ☾★
|l| Javoon
|l| Devil Patchy
|l| serena4ever
|l|sirguap
