|j|☆Down$hift
|j|☆bramitoboy
|t:|1667565521
|gametype|singles
|player|p1|Down$hift|teamrocket|1857
|player|p2|bramitoboy|265|1854
|teamsize|p1|6
|teamsize|p2|6
|gen|8
|tier|[Gen 8] OU
|rated|
|rule|Sleep Clause Mod: Limit one foe put to sleep
|rule|Species Clause: Limit one of each Pokémon
|rule|OHKO Clause: OHKO moves are banned
|rule|Evasion Items Clause: Evasion items are banned
|rule|Evasion Moves Clause: Evasion moves are banned
|rule|Endless Battle Clause: Forcing endless battles is banned
|rule|HP Percentage Mod: HP is shown in percentages
|rule|Dynamax Clause: You cannot dynamax
|clearpoke
|poke|p1|Pincurchin, F|
|poke|p1|Slowbro, F|
|poke|p1|Excadrill, M|
|poke|p1|Tyranitar, M|
|poke|p1|Amoonguss, M|
|poke|p1|Clefable, F|
|poke|p2|Zarude-Dada|
|poke|p2|Keldeo-Resolute|
|poke|p2|Tapu Lele|
|poke|p2|Tapu Koko|
|poke|p2|Heatran, M|
|poke|p2|Landorus-Therian, M|
|teampreview
|c|☆Down$hift|Hf
|c|☆bramitoboy|gl
|
|t:|1667565544
|start
|switch|p1a: (GONE WRONG)|Clefable, F|100/100
|switch|p2a: Tapu Lele|Tapu Lele|100/100
|-fieldstart|move: Psychic Terrain|[from] ability: Psychic Surge|[of] p2a: Tapu Lele
|turn|1
|inactive|Battle timer is ON: inactive players will automatically lose when time's up. (requested by bramitoboy)
|
|t:|1667565550
|switch|p2a: Landorus|Landorus-Therian, M|100/100
|-ability|p2a: Landorus|Intimidate|boost
|-unboost|p1a: (GONE WRONG)|atk|1
|switch|p1a: 3 AM|Slowbro, F|100/100
|
|upkeep
|turn|2
|
|t:|1667565555
|switch|p2a: Zarude|Zarude-Dada|100/100
|switch|p1a: (GONE WRONG)|Clefable, F|100/100
|
|upkeep
|turn|3
|
|t:|1667565562
|move|p2a: Zarude|Power Whip|p1a: (GONE WRONG)
|-damage|p1a: (GONE WRONG)|41/100
|-damage|p2a: Zarude|91/100|[from] item: Life Orb
|move|p1a: (GONE WRONG)|Stealth Rock|p2a: Zarude
|-sidestart|p2: bramitoboy|move: Stealth Rock
|
|upkeep
|turn|4
|
|t:|1667565568
|switch|p1a: AMONG US|Amoonguss, M, shiny|100/100
|move|p2a: Zarude|Bulk Up|p2a: Zarude
|-boost|p2a: Zarude|atk|1
|-boost|p2a: Zarude|def|1
|
|upkeep
|turn|5
|
|t:|1667565572
|move|p2a: Zarude|Darkest Lariat|p1a: AMONG US
|-crit|p1a: AMONG US
|-damage|p1a: AMONG US|2/100
|-damage|p2a: Zarude|74/100|[from] item: Rocky Helmet|[of] p1a: AMONG US
|-damage|p2a: Zarude|64/100|[from] item: Life Orb
|move|p1a: AMONG US|Sludge Bomb|p2a: Zarude
|-supereffective|p2a: Zarude
|-damage|p2a: Zarude|10/100
|
|-fieldend|move: Psychic Terrain
|upkeep
|turn|6
|j| Ultramanball1
|
|t:|1667565583
|move|p2a: Zarude|Darkest Lariat|p1a: AMONG US
|-damage|p1a: AMONG US|0 fnt
|-damage|p2a: Zarude|0 fnt|[from] item: Rocky Helmet|[of] p1a: AMONG US
|faint|p1a: AMONG US
|faint|p2a: Zarude
|
|upkeep
|
|t:|1667565592
|switch|p2a: Tapu Lele|Tapu Lele|100/100
|switch|p1a: 3 AM|Slowbro, F|100/100
|-damage|p2a: Tapu Lele|88/100|[from] Stealth Rock
|-fieldstart|move: Psychic Terrain|[from] ability: Psychic Surge|[of] p2a: Tapu Lele
|turn|7
|
|t:|1667565595
|move|p2a: Tapu Lele|Thunderbolt|p1a: 3 AM
|-supereffective|p1a: 3 AM
|-damage|p1a: 3 AM|55/100
|-status|p1a: 3 AM|par
|move|p1a: 3 AM|Trick Room|p1a: 3 AM
|-fieldstart|move: Trick Room|[of] p1a: 3 AM
|
|upkeep
|turn|8
|
|t:|1667565600
|move|p2a: Tapu Lele|Moonblast|p1a: 3 AM
|-damage|p1a: 3 AM|16/100 par
|-unboost|p1a: 3 AM|spa|1
|move|p1a: 3 AM|Teleport|p1a: 3 AM
|
|t:|1667565612
|switch|p1a: CHALLENGE|Tyranitar, M|100/100|[from]move: Teleport
|-weather|Sandstorm|[from] ability: Sand Stream|[of] p1a: CHALLENGE
|
|-weather|Sandstorm|[upkeep]
|-damage|p2a: Tapu Lele|82/100|[from] Sandstorm
|upkeep
|turn|9
|
|t:|1667565618
|switch|p2a: Landorus|Landorus-Therian, M|100/100
|-damage|p2a: Landorus|88/100|[from] Stealth Rock
|-ability|p2a: Landorus|Intimidate|boost
|-unboost|p1a: CHALLENGE|atk|1
|move|p1a: CHALLENGE|Stone Edge|p2a: Landorus
|-damage|p2a: Landorus|47/100
|
|-weather|Sandstorm|[upkeep]
|upkeep
|turn|10
|
|t:|1667565623
|switch|p2a: Keldeo|Keldeo-Resolute|100/100
|-damage|p2a: Keldeo|94/100|[from] Stealth Rock
|switch|p1a: (GONE WRONG)|Clefable, F|41/100
|
|-weather|Sandstorm|[upkeep]
|-damage|p2a: Keldeo|88/100|[from] Sandstorm
|-heal|p2a: Keldeo|94/100|[from] item: Leftovers
|upkeep
|turn|11
|
|t:|1667565630
|switch|p2a: Heatran|Heatran, M|100/100
|-damage|p2a: Heatran|88/100|[from] Stealth Rock
|-item|p2a: Heatran|Air Balloon
|move|p1a: (GONE WRONG)|Soft-Boiled|p1a: (GONE WRONG)
|-heal|p1a: (GONE WRONG)|91/100
|
|-weather|Sandstorm|[upkeep]
|-fieldend|move: Trick Room
|-fieldend|move: Psychic Terrain
|upkeep
|turn|12
|
|t:|1667565644
|switch|p1a: 3 AM|Slowbro, F|49/100 par
|move|p2a: Heatran|Earth Power|p1a: 3 AM
|-damage|p1a: 3 AM|24/100 par
|
|-weather|none
|upkeep
|turn|13
|
|t:|1667565658
|switch|p1a: (GONE WRONG)|Clefable, F|91/100
|move|p2a: Heatran|Earth Power|p1a: (GONE WRONG)
|-damage|p1a: (GONE WRONG)|56/100
|
|upkeep
|turn|14
|
|t:|1667565681
|move|p2a: Heatran|Taunt|p1a: (GONE WRONG)
|-start|p1a: (GONE WRONG)|move: Taunt
|move|p1a: (GONE WRONG)|Moonblast|p2a: Heatran
|-resisted|p2a: Heatran
|-damage|p2a: Heatran|82/100
|-enditem|p2a: Heatran|Air Balloon
|
|upkeep
|turn|15
|
|t:|1667565692
|move|p2a: Heatran|Earth Power|p1a: (GONE WRONG)
|-damage|p1a: (GONE WRONG)|23/100
|move|p1a: (GONE WRONG)|Moonblast|p2a: Heatran
|-resisted|p2a: Heatran
|-damage|p2a: Heatran|76/100
|-unboost|p2a: Heatran|spa|1
|
|upkeep
|turn|16
|
|t:|1667565704
|switch|p1a: CHALLENGE|Tyranitar, M|100/100
|-weather|Sandstorm|[from] ability: Sand Stream|[of] p1a: CHALLENGE
|move|p2a: Heatran|Stealth Rock|p1a: CHALLENGE
|-sidestart|p1: Down$hift|move: Stealth Rock
|
|-weather|Sandstorm|[upkeep]
|upkeep
|turn|17
|j| nightsuqi
|
|t:|1667565712
|switch|p2a: Keldeo|Keldeo-Resolute|94/100
|-damage|p2a: Keldeo|88/100|[from] Stealth Rock
|move|p1a: CHALLENGE|Superpower|p2a: Keldeo
|-damage|p2a: Keldeo|11/100
|-unboost|p1a: CHALLENGE|atk|1
|-unboost|p1a: CHALLENGE|def|1
|
|-weather|Sandstorm|[upkeep]
|-damage|p2a: Keldeo|5/100|[from] Sandstorm
|-heal|p2a: Keldeo|11/100|[from] item: Leftovers
|upkeep
|turn|18
|
|t:|1667565717
|switch|p1a: 3 AM|Slowbro, F|57/100 par
|move|p2a: Keldeo|Scald|p1a: 3 AM
|-resisted|p1a: 3 AM
|-damage|p1a: 3 AM|42/100 par
|
|-weather|Sandstorm|[upkeep]
|-damage|p2a: Keldeo|5/100|[from] Sandstorm
|-damage|p1a: 3 AM|36/100 par|[from] Sandstorm
|-heal|p2a: Keldeo|11/100|[from] item: Leftovers
|upkeep
|turn|19
|j| sagdomz
|j| Bagel63
|
|t:|1667565729
|switch|p2a: Tapu Lele|Tapu Lele|82/100
|-damage|p2a: Tapu Lele|70/100|[from] Stealth Rock
|-fieldstart|move: Psychic Terrain|[from] ability: Psychic Surge|[of] p2a: Tapu Lele
|move|p1a: 3 AM|Trick Room|p1a: 3 AM
|-fieldstart|move: Trick Room|[of] p1a: 3 AM
|
|-weather|Sandstorm|[upkeep]
|-damage|p1a: 3 AM|30/100 par|[from] Sandstorm
|-damage|p2a: Tapu Lele|64/100|[from] Sandstorm
|upkeep
|turn|20
|
|t:|1667565739
|switch|p1a: (GONE WRONG)|Clefable, F|23/100
|move|p2a: Tapu Lele|Focus Blast|p1a: (GONE WRONG)
|-resisted|p1a: (GONE WRONG)
|-damage|p1a: (GONE WRONG)|2/100
|
|-weather|none
|upkeep
|turn|21
|
|t:|1667565744
|move|p1a: (GONE WRONG)|Trick|p2a: Tapu Lele
|-activate|p1a: (GONE WRONG)|move: Trick|[of] p2a: Tapu Lele
|-item|p2a: Tapu Lele|Sticky Barb|[from] move: Trick
|-item|p1a: (GONE WRONG)|Assault Vest|[from] move: Trick
|move|p2a: Tapu Lele|Psyshock|p1a: (GONE WRONG)
|-damage|p1a: (GONE WRONG)|0 fnt
|faint|p1a: (GONE WRONG)
|
|-damage|p2a: Tapu Lele|51/100|[from] item: Sticky Barb
|upkeep
|
|t:|1667565746
|switch|p1a: (NOT CLICKBAIT)|Pincurchin, F, shiny|100/100
|-damage|p1a: (NOT CLICKBAIT)|88/100|[from] Stealth Rock
|-fieldstart|move: Electric Terrain|[from] ability: Electric Surge|[of] p1a: (NOT CLICKBAIT)
|turn|22
|
|t:|1667565751
|move|p1a: (NOT CLICKBAIT)|Rising Voltage|p2a: Tapu Lele
|-hint|Rising Voltage's BP doubled on grounded target.
|-damage|p2a: Tapu Lele|0 fnt
|faint|p2a: Tapu Lele
|-damage|p1a: (NOT CLICKBAIT)|78/100|[from] item: Life Orb
|
|upkeep
|
|t:|1667565756
|switch|p2a: Landorus|Landorus-Therian, M|47/100
|-damage|p2a: Landorus|35/100|[from] Stealth Rock
|-ability|p2a: Landorus|Intimidate|boost
|-unboost|p1a: (NOT CLICKBAIT)|atk|1
|turn|23
|
|t:|1667565759
|switch|p2a: Tapu Koko|Tapu Koko|100/100
|-damage|p2a: Tapu Koko|88/100|[from] Stealth Rock
|move|p1a: (NOT CLICKBAIT)|Hydro Pump|p2a: Tapu Koko
|-damage|p2a: Tapu Koko|21/100
|-damage|p1a: (NOT CLICKBAIT)|68/100|[from] item: Life Orb
|
|-fieldend|move: Trick Room
|upkeep
|turn|24
|
|t:|1667565770
|switch|p2a: Keldeo|Keldeo-Resolute|11/100
|-damage|p2a: Keldeo|5/100|[from] Stealth Rock
|move|p1a: (NOT CLICKBAIT)|Rising Voltage|p2a: Keldeo
|-hint|Rising Voltage's BP doubled on grounded target.
|-supereffective|p2a: Keldeo
|-crit|p2a: Keldeo
|-damage|p2a: Keldeo|0 fnt
|faint|p2a: Keldeo
|-damage|p1a: (NOT CLICKBAIT)|59/100|[from] item: Life Orb
|
|upkeep
|-message|bramitoboy forfeited.
|
|win|Down$hift
|raw|Down$hift's rating: 1857 &rarr; <strong>1877</strong><br />(+20 for winning)
|raw|bramitoboy's rating: 1854 &rarr; <strong>1834</strong><br />(-20 for losing)
|l|☆bramitoboy
|l| Bagel63
|l|☆Down$hift
|l| Ultramanball1
||Ladder isn't responding, score probably updated but might not have (Request timeout).
|j|☆Down$hift
|player|p1|Down$hift|teamrocket
