|j|☆Stogie Smoker
|j|☆Cowsrule247
|t:|1662610084
|gametype|singles
|player|p1|Stogie Smoker|yellow|1422
|player|p2|Cowsrule247|skyla|1571
|teamsize|p1|6
|teamsize|p2|6
|gen|8
|tier|[Gen 8] OU
|rated|
|rule|Sleep Clause Mod: Limit one foe put to sleep
|rule|Species Clause: Limit one of each Pokémon
|rule|OHKO Clause: OHKO moves are banned
|rule|Evasion Items Clause: Evasion items are banned
|rule|Evasion Moves Clause: Evasion moves are banned
|rule|Endless Battle Clause: Forcing endless battles is banned
|rule|HP Percentage Mod: HP is shown in percentages
|rule|Dynamax Clause: You cannot dynamax
|clearpoke
|poke|p1|Slowking-Galar, F|
|poke|p1|Sharpedo, M|
|poke|p1|Landorus-Therian, M|
|poke|p1|Heatran, M|
|poke|p1|Celesteela|
|poke|p1|Rillaboom, M|
|poke|p2|Corviknight, M|
|poke|p2|Gastrodon-East, F|
|poke|p2|Toxapex, F|
|poke|p2|Buzzwole|
|poke|p2|Clefable, F|
|poke|p2|Blissey, F|
|teampreview
|inactive|Battle timer is ON: inactive players will automatically lose when time's up. (requested by Cowsrule247)
|
|t:|1662610094
|start
|switch|p1a: Slowking|Slowking-Galar, F|100/100
|switch|p2a: HitEmFromTheEast|Gastrodon-East, F|100/100
|turn|1
|
|t:|1662610098
|move|p2a: HitEmFromTheEast|Earthquake|p1a: Slowking
|-supereffective|p1a: Slowking
|-damage|p1a: Slowking|44/100
|move|p1a: Slowking|Sludge Bomb|p2a: HitEmFromTheEast
|-resisted|p2a: HitEmFromTheEast
|-damage|p2a: HitEmFromTheEast|87/100
|-status|p2a: HitEmFromTheEast|psn
|
|-heal|p2a: HitEmFromTheEast|93/100 psn|[from] item: Leftovers
|-damage|p2a: HitEmFromTheEast|81/100 psn|[from] psn
|upkeep
|turn|2
|
|t:|1662610109
|switch|p1a: Landorus|Landorus-Therian, M|100/100
|-ability|p1a: Landorus|Intimidate|boost
|-unboost|p2a: HitEmFromTheEast|atk|1
|move|p2a: HitEmFromTheEast|Toxic|p1a: Landorus
|-status|p1a: Landorus|tox
|
|-heal|p2a: HitEmFromTheEast|87/100 psn|[from] item: Leftovers
|-damage|p1a: Landorus|94/100 tox|[from] psn
|-damage|p2a: HitEmFromTheEast|74/100 psn|[from] psn
|upkeep
|turn|3
|
|t:|1662610112
|switch|p2a: Caw Bitch|Corviknight, M|100/100
|-ability|p2a: Caw Bitch|Pressure
|move|p1a: Landorus|Knock Off|p2a: Caw Bitch
|-damage|p2a: Caw Bitch|79/100
|-enditem|p2a: Caw Bitch|Leftovers|[from] move: Knock Off|[of] p1a: Landorus
|
|-heal|p1a: Landorus|100/100 tox|[from] item: Leftovers
|-damage|p1a: Landorus|88/100 tox|[from] psn
|upkeep
|turn|4
|
|t:|1662610122
|move|p1a: Landorus|U-turn|p2a: Caw Bitch
|-resisted|p2a: Caw Bitch
|-damage|p2a: Caw Bitch|76/100
|
|t:|1662610125
|switch|p1a: Slowking|Slowking-Galar, F|77/100|[from]move: U-turn
|move|p2a: Caw Bitch|Iron Defense|p2a: Caw Bitch
|-boost|p2a: Caw Bitch|def|2
|
|upkeep
|turn|5
|
|t:|1662610129
|move|p2a: Caw Bitch|Body Press|p1a: Slowking
|-resisted|p1a: Slowking
|-damage|p1a: Slowking|65/100
|move|p1a: Slowking|Flamethrower|p2a: Caw Bitch
|-supereffective|p2a: Caw Bitch
|-damage|p2a: Caw Bitch|23/100
|
|upkeep
|turn|6
|
|t:|1662610149
|switch|p2a: Treble|Clefable, F|100/100
|move|p1a: Slowking|Flamethrower|p2a: Treble
|-damage|p2a: Treble|77/100
|
|-heal|p2a: Treble|83/100|[from] item: Leftovers
|upkeep
|turn|7
|
|t:|1662610151
|move|p2a: Treble|Heal Bell|p2a: Treble
|-activate|p2a: Treble|move: Heal Bell
|-curestatus|p2: HitEmFromTheEast|psn|[msg]
|move|p1a: Slowking|Sludge Bomb|p2a: Treble
|-supereffective|p2a: Treble
|-crit|p2a: Treble
|-damage|p2a: Treble|0 fnt
|faint|p2a: Treble
|
|upkeep
|
|t:|1662610159
|switch|p2a: HitEmFromTheEast|Gastrodon-East, F|74/100
|turn|8
|
|t:|1662610162
|switch|p1a: Celesteela|Celesteela|100/100
|move|p2a: HitEmFromTheEast|Scald|p1a: Celesteela
|-damage|p1a: Celesteela|82/100
|
|-heal|p1a: Celesteela|88/100|[from] item: Leftovers
|-heal|p2a: HitEmFromTheEast|80/100|[from] item: Leftovers
|upkeep
|turn|9
|
|t:|1662610165
|move|p1a: Celesteela|Substitute|p1a: Celesteela
|-start|p1a: Celesteela|Substitute
|-damage|p1a: Celesteela|63/100
|move|p2a: HitEmFromTheEast|Scald|p1a: Celesteela
|-activate|p1a: Celesteela|move: Substitute|[damage]
|
|-heal|p1a: Celesteela|69/100|[from] item: Leftovers
|-heal|p2a: HitEmFromTheEast|86/100|[from] item: Leftovers
|upkeep
|turn|10
|
|t:|1662610168
|move|p1a: Celesteela|Leech Seed|p2a: HitEmFromTheEast|[miss]
|-miss|p1a: Celesteela|p2a: HitEmFromTheEast
|move|p2a: HitEmFromTheEast|Scald|p1a: Celesteela
|-end|p1a: Celesteela|Substitute
|
|-heal|p1a: Celesteela|75/100|[from] item: Leftovers
|-heal|p2a: HitEmFromTheEast|93/100|[from] item: Leftovers
|upkeep
|turn|11
|
|t:|1662610170
|move|p1a: Celesteela|Substitute|p1a: Celesteela
|-start|p1a: Celesteela|Substitute
|-damage|p1a: Celesteela|50/100
|move|p2a: HitEmFromTheEast|Scald|p1a: Celesteela
|-activate|p1a: Celesteela|move: Substitute|[damage]
|
|-heal|p1a: Celesteela|56/100|[from] item: Leftovers
|-heal|p2a: HitEmFromTheEast|99/100|[from] item: Leftovers
|upkeep
|turn|12
|
|t:|1662610172
|move|p1a: Celesteela|Leech Seed|p2a: HitEmFromTheEast
|-start|p2a: HitEmFromTheEast|move: Leech Seed
|move|p2a: HitEmFromTheEast|Scald|p1a: Celesteela
|-end|p1a: Celesteela|Substitute
|
|-heal|p1a: Celesteela|62/100|[from] item: Leftovers
|-heal|p2a: HitEmFromTheEast|100/100|[from] item: Leftovers
|-damage|p2a: HitEmFromTheEast|88/100|[from] Leech Seed|[of] p1a: Celesteela
|-heal|p1a: Celesteela|76/100|[silent]
|upkeep
|turn|13
|
|t:|1662610175
|switch|p2a: Caw Bitch|Corviknight, M|23/100
|-ability|p2a: Caw Bitch|Pressure
|move|p1a: Celesteela|Substitute|p1a: Celesteela
|-start|p1a: Celesteela|Substitute
|-damage|p1a: Celesteela|51/100
|
|-heal|p1a: Celesteela|57/100|[from] item: Leftovers
|upkeep
|turn|14
|
|t:|1662610177
|move|p1a: Celesteela|Meteor Beam||[still]
|-prepare|p1a: Celesteela|Meteor Beam
|-boost|p1a: Celesteela|spa|1
|move|p2a: Caw Bitch|Roost|p2a: Caw Bitch
|-heal|p2a: Caw Bitch|73/100
|-singleturn|p2a: Caw Bitch|move: Roost
|
|-heal|p1a: Celesteela|63/100|[from] item: Leftovers
|upkeep
|turn|15
|
|t:|1662610181
|move|p1a: Celesteela|Meteor Beam|p2a: Caw Bitch|[from]lockedmove
|-damage|p2a: Caw Bitch|32/100
|move|p2a: Caw Bitch|Roost|p2a: Caw Bitch
|-heal|p2a: Caw Bitch|82/100
|-singleturn|p2a: Caw Bitch|move: Roost
|
|-heal|p1a: Celesteela|69/100|[from] item: Leftovers
|upkeep
|turn|16
|
|t:|1662610185
|move|p1a: Celesteela|Meteor Beam||[still]
|-prepare|p1a: Celesteela|Meteor Beam
|-boost|p1a: Celesteela|spa|1
|move|p2a: Caw Bitch|Body Press|p1a: Celesteela
|-activate|p1a: Celesteela|move: Substitute|[damage]
|
|-heal|p1a: Celesteela|75/100|[from] item: Leftovers
|upkeep
|turn|17
|
|t:|1662610188
|move|p1a: Celesteela|Meteor Beam|p2a: Caw Bitch|[from]lockedmove
|-damage|p2a: Caw Bitch|28/100
|move|p2a: Caw Bitch|Roost|p2a: Caw Bitch
|-heal|p2a: Caw Bitch|78/100
|-singleturn|p2a: Caw Bitch|move: Roost
|
|-heal|p1a: Celesteela|81/100|[from] item: Leftovers
|upkeep
|turn|18
|
|t:|1662610192
|move|p1a: Celesteela|Leech Seed|p2a: Caw Bitch
|-start|p2a: Caw Bitch|move: Leech Seed
|move|p2a: Caw Bitch|Body Press|p1a: Celesteela
|-end|p1a: Celesteela|Substitute
|
|-heal|p1a: Celesteela|87/100|[from] item: Leftovers
|-damage|p2a: Caw Bitch|65/100|[from] Leech Seed|[of] p1a: Celesteela
|-heal|p1a: Celesteela|99/100|[silent]
|upkeep
|turn|19
|
|t:|1662610201
|switch|p2a: thicc|Blissey, F|100/100
|move|p1a: Celesteela|Substitute|p1a: Celesteela
|-start|p1a: Celesteela|Substitute
|-damage|p1a: Celesteela|75/100
|
|-heal|p1a: Celesteela|81/100|[from] item: Leftovers
|upkeep
|turn|20
|
|t:|1662610204
|move|p1a: Celesteela|Leech Seed|p2a: thicc
|-start|p2a: thicc|move: Leech Seed
|move|p2a: thicc|Seismic Toss|p1a: Celesteela
|-end|p1a: Celesteela|Substitute
|
|-heal|p1a: Celesteela|87/100|[from] item: Leftovers
|-damage|p2a: thicc|88/100|[from] Leech Seed|[of] p1a: Celesteela
|-heal|p1a: Celesteela|100/100|[silent]
|upkeep
|turn|21
|
|t:|1662610208
|move|p1a: Celesteela|Substitute|p1a: Celesteela
|-start|p1a: Celesteela|Substitute
|-damage|p1a: Celesteela|76/100
|move|p2a: thicc|Stealth Rock|p1a: Celesteela
|-sidestart|p1: Stogie Smoker|move: Stealth Rock
|
|-heal|p1a: Celesteela|82/100|[from] item: Leftovers
|-damage|p2a: thicc|76/100|[from] Leech Seed|[of] p1a: Celesteela
|-heal|p1a: Celesteela|100/100|[silent]
|upkeep
|turn|22
|
|t:|1662610212
|move|p1a: Celesteela|Flash Cannon|p2a: thicc
|-damage|p2a: thicc|54/100
|move|p2a: thicc|Seismic Toss|p1a: Celesteela
|-end|p1a: Celesteela|Substitute
|
|-damage|p2a: thicc|41/100|[from] Leech Seed|[of] p1a: Celesteela
|upkeep
|turn|23
|
|t:|1662610215
|move|p1a: Celesteela|Substitute|p1a: Celesteela
|-start|p1a: Celesteela|Substitute
|-damage|p1a: Celesteela|76/100
|move|p2a: thicc|Soft-Boiled|p2a: thicc
|-heal|p2a: thicc|91/100
|
|-heal|p1a: Celesteela|82/100|[from] item: Leftovers
|-damage|p2a: thicc|79/100|[from] Leech Seed|[of] p1a: Celesteela
|-heal|p1a: Celesteela|100/100|[silent]
|upkeep
|turn|24
|
|t:|1662610217
|move|p1a: Celesteela|Meteor Beam||[still]
|-prepare|p1a: Celesteela|Meteor Beam
|-boost|p1a: Celesteela|spa|1
|move|p2a: thicc|Seismic Toss|p1a: Celesteela
|-end|p1a: Celesteela|Substitute
|
|-damage|p2a: thicc|66/100|[from] Leech Seed|[of] p1a: Celesteela
|upkeep
|turn|25
|
|t:|1662610227
|switch|p2a: ;)|Toxapex, F|100/100
|move|p1a: Celesteela|Meteor Beam|p2a: ;)|[from]lockedmove
|-damage|p2a: ;)|42/100
|
|upkeep
|turn|26
|
|t:|1662610231
|switch|p2a: thicc|Blissey, F|66/100
|move|p1a: Celesteela|Flash Cannon|p2a: thicc
|-damage|p2a: thicc|39/100
|
|upkeep
|turn|27
|
|t:|1662610234
|move|p1a: Celesteela|Substitute|p1a: Celesteela
|-start|p1a: Celesteela|Substitute
|-damage|p1a: Celesteela|76/100
|move|p2a: thicc|Soft-Boiled|p2a: thicc
|-heal|p2a: thicc|89/100
|
|-heal|p1a: Celesteela|82/100|[from] item: Leftovers
|upkeep
|turn|28
|
|t:|1662610236
|move|p1a: Celesteela|Meteor Beam||[still]
|-prepare|p1a: Celesteela|Meteor Beam
|-boost|p1a: Celesteela|spa|1
|move|p2a: thicc|Seismic Toss|p1a: Celesteela
|-end|p1a: Celesteela|Substitute
|
|-heal|p1a: Celesteela|88/100|[from] item: Leftovers
|upkeep
|turn|29
|
|t:|1662610239
|move|p1a: Celesteela|Meteor Beam|p2a: thicc|[from]lockedmove
|-damage|p2a: thicc|57/100
|move|p2a: thicc|Seismic Toss|p1a: Celesteela
|-damage|p1a: Celesteela|62/100
|
|-heal|p1a: Celesteela|69/100|[from] item: Leftovers
|upkeep
|turn|30
|
|t:|1662610246
|switch|p2a: Caw Bitch|Corviknight, M|65/100
|-ability|p2a: Caw Bitch|Pressure
|move|p1a: Celesteela|Meteor Beam||[still]
|-prepare|p1a: Celesteela|Meteor Beam
|-boost|p1a: Celesteela|spa|1
|
|-heal|p1a: Celesteela|75/100|[from] item: Leftovers
|upkeep
|turn|31
|
|t:|1662610252
|move|p1a: Celesteela|Meteor Beam|p2a: Caw Bitch|[from]lockedmove
|-damage|p2a: Caw Bitch|0 fnt
|faint|p2a: Caw Bitch
|-ability|p1a: Celesteela|Beast Boost|boost
|-boost|p1a: Celesteela|spd|1
|
|-heal|p1a: Celesteela|81/100|[from] item: Leftovers
|upkeep
|
|t:|1662610261
|switch|p2a: HitEmFromTheEast|Gastrodon-East, F|88/100
|turn|32
|
|t:|1662610263
|move|p1a: Celesteela|Substitute|p1a: Celesteela
|-start|p1a: Celesteela|Substitute
|-damage|p1a: Celesteela|56/100
|move|p2a: HitEmFromTheEast|Scald|p1a: Celesteela
|-activate|p1a: Celesteela|move: Substitute|[damage]
|
|-heal|p1a: Celesteela|62/100|[from] item: Leftovers
|-heal|p2a: HitEmFromTheEast|94/100|[from] item: Leftovers
|upkeep
|turn|33
|
|t:|1662610266
|move|p1a: Celesteela|Flash Cannon|p2a: HitEmFromTheEast
|-resisted|p2a: HitEmFromTheEast
|-damage|p2a: HitEmFromTheEast|62/100
|move|p2a: HitEmFromTheEast|Scald|p1a: Celesteela
|-end|p1a: Celesteela|Substitute
|
|-heal|p1a: Celesteela|68/100|[from] item: Leftovers
|-heal|p2a: HitEmFromTheEast|68/100|[from] item: Leftovers
|upkeep
|turn|34
|
|t:|1662610269
|move|p1a: Celesteela|Substitute|p1a: Celesteela
|-start|p1a: Celesteela|Substitute
|-damage|p1a: Celesteela|43/100
|move|p2a: HitEmFromTheEast|Scald|p1a: Celesteela
|-activate|p1a: Celesteela|move: Substitute|[damage]
|
|-heal|p1a: Celesteela|49/100|[from] item: Leftovers
|-heal|p2a: HitEmFromTheEast|74/100|[from] item: Leftovers
|upkeep
|turn|35
|
|t:|1662610271
|move|p1a: Celesteela|Leech Seed|p2a: HitEmFromTheEast
|-start|p2a: HitEmFromTheEast|move: Leech Seed
|move|p2a: HitEmFromTheEast|Scald|p1a: Celesteela
|-end|p1a: Celesteela|Substitute
|
|-heal|p1a: Celesteela|55/100|[from] item: Leftovers
|-heal|p2a: HitEmFromTheEast|81/100|[from] item: Leftovers
|-damage|p2a: HitEmFromTheEast|68/100|[from] Leech Seed|[of] p1a: Celesteela
|-heal|p1a: Celesteela|68/100|[silent]
|upkeep
|turn|36
|
|t:|1662610274
|move|p1a: Celesteela|Substitute|p1a: Celesteela
|-start|p1a: Celesteela|Substitute
|-damage|p1a: Celesteela|43/100
|move|p2a: HitEmFromTheEast|Scald|p1a: Celesteela
|-activate|p1a: Celesteela|move: Substitute|[damage]
|
|-heal|p1a: Celesteela|49/100|[from] item: Leftovers
|-heal|p2a: HitEmFromTheEast|74/100|[from] item: Leftovers
|-damage|p2a: HitEmFromTheEast|62/100|[from] Leech Seed|[of] p1a: Celesteela
|-heal|p1a: Celesteela|63/100|[silent]
|upkeep
|turn|37
|
|t:|1662610276
|move|p1a: Celesteela|Meteor Beam||[still]
|-prepare|p1a: Celesteela|Meteor Beam
|-boost|p1a: Celesteela|spa|1
|move|p2a: HitEmFromTheEast|Scald|p1a: Celesteela
|-activate|p1a: Celesteela|move: Substitute|[damage]
|
|-heal|p1a: Celesteela|69/100|[from] item: Leftovers
|-heal|p2a: HitEmFromTheEast|68/100|[from] item: Leftovers
|-damage|p2a: HitEmFromTheEast|55/100|[from] Leech Seed|[of] p1a: Celesteela
|-heal|p1a: Celesteela|82/100|[silent]
|upkeep
|turn|38
|
|t:|1662610279
|move|p1a: Celesteela|Meteor Beam|p2a: HitEmFromTheEast|[from]lockedmove
|-resisted|p2a: HitEmFromTheEast
|-damage|p2a: HitEmFromTheEast|18/100
|move|p2a: HitEmFromTheEast|Recover|p2a: HitEmFromTheEast
|-heal|p2a: HitEmFromTheEast|68/100
|
|-heal|p1a: Celesteela|88/100|[from] item: Leftovers
|-heal|p2a: HitEmFromTheEast|74/100|[from] item: Leftovers
|-damage|p2a: HitEmFromTheEast|61/100|[from] Leech Seed|[of] p1a: Celesteela
|-heal|p1a: Celesteela|100/100|[silent]
|upkeep
|turn|39
|
|t:|1662610283
|move|p1a: Celesteela|Flash Cannon|p2a: HitEmFromTheEast
|-resisted|p2a: HitEmFromTheEast
|-damage|p2a: HitEmFromTheEast|26/100
|move|p2a: HitEmFromTheEast|Recover|p2a: HitEmFromTheEast
|-heal|p2a: HitEmFromTheEast|76/100
|
|-heal|p2a: HitEmFromTheEast|82/100|[from] item: Leftovers
|-damage|p2a: HitEmFromTheEast|69/100|[from] Leech Seed|[of] p1a: Celesteela
|upkeep
|turn|40
|
|t:|1662610287
|move|p1a: Celesteela|Flash Cannon|p2a: HitEmFromTheEast
|-resisted|p2a: HitEmFromTheEast
|-damage|p2a: HitEmFromTheEast|35/100
|move|p2a: HitEmFromTheEast|Recover|p2a: HitEmFromTheEast
|-heal|p2a: HitEmFromTheEast|85/100
|
|-heal|p2a: HitEmFromTheEast|91/100|[from] item: Leftovers
|-damage|p2a: HitEmFromTheEast|78/100|[from] Leech Seed|[of] p1a: Celesteela
|upkeep
|turn|41
|
|t:|1662610289
|switch|p2a: thicc|Blissey, F|57/100
|move|p1a: Celesteela|Flash Cannon|p2a: thicc
|-damage|p2a: thicc|14/100
|
|upkeep
|turn|42
|
|t:|1662610292
|move|p1a: Celesteela|Flash Cannon|p2a: thicc
|-damage|p2a: thicc|0 fnt
|faint|p2a: thicc
|-ability|p1a: Celesteela|Beast Boost|boost
|-boost|p1a: Celesteela|spd|1
|
|upkeep
|
|t:|1662610296
|switch|p2a: HitEmFromTheEast|Gastrodon-East, F|78/100
|turn|43
|
|t:|1662610298
|move|p1a: Celesteela|Flash Cannon|p2a: HitEmFromTheEast
|-resisted|p2a: HitEmFromTheEast
|-damage|p2a: HitEmFromTheEast|42/100
|move|p2a: HitEmFromTheEast|Recover|p2a: HitEmFromTheEast
|-heal|p2a: HitEmFromTheEast|92/100
|
|-heal|p2a: HitEmFromTheEast|98/100|[from] item: Leftovers
|upkeep
|turn|44
|
|t:|1662610303
|move|p1a: Celesteela|Meteor Beam||[still]
|-prepare|p1a: Celesteela|Meteor Beam
|-boost|p1a: Celesteela|spa|0
|move|p2a: HitEmFromTheEast|Scald|p1a: Celesteela
|-end|p1a: Celesteela|Substitute
|
|-heal|p2a: HitEmFromTheEast|100/100|[from] item: Leftovers
|upkeep
|turn|45
|
|t:|1662610304
|move|p1a: Celesteela|Meteor Beam|p2a: HitEmFromTheEast|[from]lockedmove
|-resisted|p2a: HitEmFromTheEast
|-damage|p2a: HitEmFromTheEast|61/100
|move|p2a: HitEmFromTheEast|Scald|p1a: Celesteela
|-damage|p1a: Celesteela|91/100
|
|-heal|p1a: Celesteela|97/100|[from] item: Leftovers
|-heal|p2a: HitEmFromTheEast|67/100|[from] item: Leftovers
|upkeep
|turn|46
|
|t:|1662610307
|move|p1a: Celesteela|Substitute|p1a: Celesteela
|-start|p1a: Celesteela|Substitute
|-damage|p1a: Celesteela|73/100
|move|p2a: HitEmFromTheEast|Scald|p1a: Celesteela
|-activate|p1a: Celesteela|move: Substitute|[damage]
|
|-heal|p1a: Celesteela|79/100|[from] item: Leftovers
|-heal|p2a: HitEmFromTheEast|73/100|[from] item: Leftovers
|upkeep
|turn|47
|
|t:|1662610309
|move|p1a: Celesteela|Flash Cannon|p2a: HitEmFromTheEast
|-resisted|p2a: HitEmFromTheEast
|-damage|p2a: HitEmFromTheEast|33/100
|move|p2a: HitEmFromTheEast|Scald|p1a: Celesteela
|-activate|p1a: Celesteela|move: Substitute|[damage]
|
|-heal|p1a: Celesteela|85/100|[from] item: Leftovers
|-heal|p2a: HitEmFromTheEast|39/100|[from] item: Leftovers
|upkeep
|turn|48
|
|t:|1662610313
|move|p1a: Celesteela|Flash Cannon|p2a: HitEmFromTheEast
|-resisted|p2a: HitEmFromTheEast
|-damage|p2a: HitEmFromTheEast|1/100
|move|p2a: HitEmFromTheEast|Scald|p1a: Celesteela
|-end|p1a: Celesteela|Substitute
|
|-heal|p1a: Celesteela|91/100|[from] item: Leftovers
|-heal|p2a: HitEmFromTheEast|8/100|[from] item: Leftovers
|upkeep
|turn|49
|-message|Cowsrule247 forfeited.
|
|win|Stogie Smoker
|raw|Stogie Smoker's rating: 1422 &rarr; <strong>1450</strong><br />(+28 for winning)
|raw|Cowsrule247's rating: 1571 &rarr; <strong>1543</strong><br />(-28 for losing)
|l|☆Cowsrule247
||Ladder isn't responding, score probably updated but might not have (Request timeout).
