|j|☆jly8
|j|☆Chrisytheblack_YT
|t:|1606506787
|player|p1|jly8|2|1364
|player|p2|Chrisytheblack_YT|rosa|1366
|teamsize|p1|6
|teamsize|p2|6
|gametype|singles
|gen|8
|tier|[Gen 8] OU
|rated|
|clearpoke
|poke|p1|Magearna|
|poke|p1|Heatran, F|
|poke|p1|Cinderace, F|
|poke|p1|Landorus-Therian, M|
|poke|p1|Tapu Lele|
|poke|p1|Corviknight, F|
|poke|p2|Ninetales-Alola, F|
|poke|p2|Aurorus, M|
|poke|p2|Landorus-Therian, M|
|poke|p2|Arctovish|
|poke|p2|Moltres|
|poke|p2|Tapu Fini|
|rule|Sleep Clause Mod: Limit one foe put to sleep
|rule|Species Clause: Limit one of each Pokémon
|rule|OHKO Clause: OHKO moves are banned
|rule|Evasion Moves Clause: Evasion moves are banned
|rule|Endless Battle Clause: Forcing endless battles is banned
|rule|HP Percentage Mod: HP is shown in percentages
|rule|Dynamax Clause: You cannot dynamax
|teampreview
|
|t:|1606506800
|start
|switch|p1a: Tapu Lele|Tapu Lele|100/100
|switch|p2a: Aurorus|Aurorus, M|100/100
|-fieldstart|move: Psychic Terrain|[from] ability: Psychic Surge|[of] p1a: Tapu Lele
|-weather|Hail|[from] ability: Snow Warning|[of] p2a: Aurorus
|turn|1
|
|t:|1606506811
|move|p1a: Tapu Lele|Focus Blast|p2a: Aurorus
|-supereffective|p2a: Aurorus
|-damage|p2a: Aurorus|0 fnt
|-damage|p1a: Tapu Lele|91/100|[from] item: Life Orb
|faint|p2a: Aurorus
|
|-weather|Hail|[upkeep]
|-damage|p1a: Tapu Lele|84/100|[from] Hail
|upkeep
|
|t:|1606506819
|switch|p2a: Arctovish|Arctovish|100/100
|turn|2
|
|t:|1606506831
|switch|p1a: Corviknight|Corviknight, F|100/100
|-ability|p1a: Corviknight|Pressure
|move|p2a: Arctovish|Fishious Rend|p1a: Corviknight
|-crit|p1a: Corviknight
|-damage|p1a: Corviknight|8/100
|
|-weather|Hail|[upkeep]
|-damage|p1a: Corviknight|1/100|[from] Hail
|-heal|p1a: Corviknight|8/100|[from] item: Leftovers
|upkeep
|turn|3
|
|t:|1606506845
|move|p2a: Arctovish|Fishious Rend|p1a: Corviknight
|-damage|p1a: Corviknight|0 fnt
|faint|p1a: Corviknight
|
|-weather|Hail|[upkeep]
|upkeep
|
|t:|1606506857
|switch|p1a: Magearna|Magearna|100/100
|turn|4
|
|t:|1606506866
|move|p2a: Arctovish|Fishious Rend|p1a: Magearna
|-damage|p1a: Magearna|19/100
|move|p1a: Magearna|Fleur Cannon|p2a: Arctovish
|-damage|p2a: Arctovish|10/100
|-unboost|p1a: Magearna|spa|2
|
|-weather|Hail|[upkeep]
|-damage|p1a: Magearna|13/100|[from] Hail
|upkeep
|turn|5
|
|t:|1606506881
|move|p2a: Arctovish|Fishious Rend|p1a: Magearna
|-crit|p1a: Magearna
|-damage|p1a: Magearna|0 fnt
|faint|p1a: Magearna
|
|-weather|Hail|[upkeep]
|-fieldend|move: Psychic Terrain
|upkeep
|
|t:|1606506890
|switch|p1a: Landorus|Landorus-Therian, M|100/100
|-ability|p1a: Landorus|Intimidate|boost
|-unboost|p2a: Arctovish|atk|1
|turn|6
|
|t:|1606506897
|move|p1a: Landorus|U-turn|p2a: Arctovish
|-damage|p2a: Arctovish|0 fnt
|faint|p2a: Arctovish
|
|t:|1606506904
|switch|p1a: Cinderace|Cinderace, F|100/100|[from]move: U-turn
|
|-weather|Hail|[upkeep]
|-damage|p1a: Cinderace|95/100|[from] Hail
|upkeep
|
|t:|1606506919
|switch|p2a: Landorus|Landorus-Therian, M|100/100
|-ability|p2a: Landorus|Intimidate|boost
|-unboost|p1a: Cinderace|atk|1
|turn|7
|
|t:|1606506927
|switch|p1a: Landorus|Landorus-Therian, M|100/100
|-ability|p1a: Landorus|Intimidate|boost
|-unboost|p2a: Landorus|atk|1
|move|p2a: Landorus|Weather Ball|p1a: Landorus
|-supereffective|p1a: Landorus
|-damage|p1a: Landorus|0 fnt
|faint|p1a: Landorus
|
|-weather|Hail|[upkeep]
|-damage|p2a: Landorus|95/100|[from] Hail
|upkeep
|
|t:|1606506939
|switch|p1a: Tapu Lele|Tapu Lele|84/100
|-fieldstart|move: Psychic Terrain|[from] ability: Psychic Surge|[of] p1a: Tapu Lele
|turn|8
|
|t:|1606506947
|switch|p2a: Tapu Fini|Tapu Fini|100/100
|-fieldstart|move: Misty Terrain|[from] ability: Misty Surge|[of] p2a: Tapu Fini
|move|p1a: Tapu Lele|Psychic|p2a: Tapu Fini
|-damage|p2a: Tapu Fini|55/100
|-damage|p1a: Tapu Lele|75/100|[from] item: Life Orb
|
|-weather|none
|-heal|p2a: Tapu Fini|61/100|[from] item: Leftovers
|upkeep
|turn|9
|
|t:|1606506958
|move|p1a: Tapu Lele|Moonblast|p2a: Tapu Fini
|-damage|p2a: Tapu Fini|11/100
|-damage|p1a: Tapu Lele|65/100|[from] item: Life Orb
|move|p2a: Tapu Fini|Moonblast|p1a: Tapu Lele
|-damage|p1a: Tapu Lele|15/100
|-unboost|p1a: Tapu Lele|spa|1
|
|-heal|p2a: Tapu Fini|17/100|[from] item: Leftovers
|upkeep
|turn|10
|
|t:|1606506968
|move|p1a: Tapu Lele|Moonblast|p2a: Tapu Fini
|-damage|p2a: Tapu Fini|0 fnt
|-damage|p1a: Tapu Lele|5/100|[from] item: Life Orb
|faint|p2a: Tapu Fini
|
|upkeep
|
|t:|1606506971
|switch|p2a: Ninetales|Ninetales-Alola, F|100/100
|-weather|Hail|[from] ability: Snow Warning|[of] p2a: Ninetales
|turn|11
|
|t:|1606506976
|move|p1a: Tapu Lele|Moonblast|p2a: Ninetales
|-damage|p2a: Ninetales|49/100
|-unboost|p2a: Ninetales|spa|1
|-damage|p1a: Tapu Lele|0 fnt|[from] item: Life Orb
|faint|p1a: Tapu Lele
|move|p2a: Ninetales|Aurora Veil|p2a: Ninetales
|-sidestart|p2: Chrisytheblack_YT|move: Aurora Veil
|
|-weather|Hail|[upkeep]
|upkeep
|
|t:|1606506985
|switch|p1a: Heatran|Heatran, F|100/100
|turn|12
|
|t:|1606506990
|switch|p2a: Landorus|Landorus-Therian, M|95/100
|-ability|p2a: Landorus|Intimidate|boost
|-unboost|p1a: Heatran|atk|1
|move|p1a: Heatran|Stealth Rock|p2a: Landorus
|-sidestart|p2: Chrisytheblack_YT|move: Stealth Rock
|
|-weather|Hail|[upkeep]
|-damage|p2a: Landorus|89/100|[from] Hail
|-damage|p1a: Heatran|94/100|[from] Hail
|-heal|p1a: Heatran|100/100|[from] item: Leftovers
|-fieldend|Misty Terrain
|upkeep
|turn|13
|
|t:|1606507003
|move|p2a: Landorus|Earth Power|p1a: Heatran
|-supereffective|p1a: Heatran
|-damage|p1a: Heatran|0 fnt
|faint|p1a: Heatran
|
|-weather|Hail|[upkeep]
|-damage|p2a: Landorus|83/100|[from] Hail
|upkeep
|
|t:|1606507009
|switch|p1a: Cinderace|Cinderace, F|95/100
|turn|14
|
|t:|1606507013
|move|p1a: Cinderace|Zen Headbutt|p2a: Landorus
|-start|p1a: Cinderace|typechange|Psychic|[from] ability: Libero
|-damage|p2a: Landorus|62/100
|move|p2a: Landorus|Earth Power|p1a: Cinderace
|-damage|p1a: Cinderace|8/100
|
|-weather|Hail|[upkeep]
|-damage|p1a: Cinderace|2/100|[from] Hail
|-damage|p2a: Landorus|56/100|[from] Hail
|upkeep
|turn|15
|c|☆Chrisytheblack_YT|gg
|
|t:|1606507024
|move|p1a: Cinderace|Pyro Ball|p2a: Landorus
|-start|p1a: Cinderace|typechange|Fire|[from] ability: Libero
|-damage|p2a: Landorus|20/100
|move|p2a: Landorus|Earth Power|p1a: Cinderace
|-supereffective|p1a: Cinderace
|-damage|p1a: Cinderace|0 fnt
|faint|p1a: Cinderace
|
|win|Chrisytheblack_YT
|l|☆jly8
||Ladder (probably) updated, but score could not be retrieved (Request timeout).
