|j|☆Corumba
|j|☆gaming27
|t:|1608396822
|player|p1|Corumba|schoolkid-gen4|1607
|player|p2|gaming27|lucas-gen4pt|1547
|teamsize|p1|6
|teamsize|p2|6
|gametype|singles
|gen|8
|tier|[Gen 8] OU
|rated|
|clearpoke
|poke|p1|Landorus-Therian, M|
|poke|p1|Dragapult, M|
|poke|p1|Clefable, M|
|poke|p1|Weavile, M|
|poke|p1|Ferrothorn, F|
|poke|p1|Urshifu-*, M|
|poke|p2|Shedinja|
|poke|p2|Moltres|
|poke|p2|Urshifu-*, F|
|poke|p2|Metagross|
|poke|p2|Rillaboom, M|
|poke|p2|Spectrier|
|rule|Sleep Clause Mod: Limit one foe put to sleep
|rule|Species Clause: Limit one of each Pokémon
|rule|OHKO Clause: OHKO moves are banned
|rule|Evasion Moves Clause: Evasion moves are banned
|rule|Endless Battle Clause: Forcing endless battles is banned
|rule|HP Percentage Mod: HP is shown in percentages
|rule|Dynamax Clause: You cannot dynamax
|teampreview
|inactive|Battle timer is ON: inactive players will automatically lose when time's up. (requested by gaming27)
|
|t:|1608396839
|start
|switch|p1a: Weavile|Weavile, M|100/100
|switch|p2a: Urshifu|Urshifu, F|100/100
|-ability|p1a: Weavile|Pressure
|turn|1
|
|t:|1608396849
|move|p1a: Weavile|Icicle Crash|p2a: Urshifu
|-damage|p2a: Urshifu|43/100
|move|p2a: Urshifu|U-turn|p1a: Weavile
|-supereffective|p1a: Weavile
|-damage|p1a: Weavile|0 fnt
|faint|p1a: Weavile
|
|t:|1608396857
|switch|p2a: Spectrier|Spectrier|100/100|[from]move: U-turn
|
|upkeep
|
|t:|1608396866
|switch|p1a: Urshifu|Urshifu-Rapid-Strike, M|100/100
|turn|2
|
|t:|1608396872
|switch|p2a: Shedinja|Shedinja|100/100
|move|p1a: Urshifu|Surging Strikes|p2a: Shedinja
|-immune|p2a: Shedinja|[from] ability: Wonder Guard
|
|upkeep
|turn|3
|
|t:|1608396881
|switch|p1a: Landorus|Landorus-Therian, M|100/100
|-ability|p1a: Landorus|Intimidate|boost
|-unboost|p2a: Shedinja|atk|1
|move|p2a: Shedinja|Poltergeist|p1a: Landorus
|-activate|p1a: Landorus|move: Poltergeist|Leftovers
|-damage|p1a: Landorus|72/100
|
|-heal|p1a: Landorus|78/100|[from] item: Leftovers
|upkeep
|turn|4
|
|t:|1608396892
|switch|p2a: Rillaboom|Rillaboom, M|100/100
|-fieldstart|move: Grassy Terrain|[from] ability: Grassy Surge|[of] p2a: Rillaboom
|move|p1a: Landorus|Stealth Rock|p2a: Rillaboom
|-sidestart|p2: gaming27|move: Stealth Rock
|
|-heal|p1a: Landorus|84/100|[from] item: Leftovers
|upkeep
|turn|5
|j| Michael Wittmann
|
|t:|1608396897
|move|p1a: Landorus|U-turn|p2a: Rillaboom
|-supereffective|p2a: Rillaboom
|-damage|p2a: Rillaboom|53/100
|
|t:|1608396901
|switch|p1a: Ferrothorn|Ferrothorn, F|100/100|[from]move: U-turn
|move|p2a: Rillaboom|Substitute|p2a: Rillaboom
|-start|p2a: Rillaboom|Substitute
|-damage|p2a: Rillaboom|29/100
|
|-heal|p2a: Rillaboom|35/100|[from] Grassy Terrain
|upkeep
|turn|6
|
|t:|1608396906
|move|p2a: Rillaboom|Swords Dance|p2a: Rillaboom
|-boost|p2a: Rillaboom|atk|2
|move|p1a: Ferrothorn|Body Press|p2a: Rillaboom
|-end|p2a: Rillaboom|Substitute
|
|-heal|p2a: Rillaboom|41/100|[from] Grassy Terrain
|upkeep
|turn|7
|
|t:|1608396913
|move|p2a: Rillaboom|Knock Off|p1a: Ferrothorn
|-damage|p1a: Ferrothorn|44/100
|-damage|p2a: Rillaboom|29/100|[from] ability: Iron Barbs|[of] p1a: Ferrothorn
|-enditem|p1a: Ferrothorn|Leftovers|[from] move: Knock Off|[of] p2a: Rillaboom
|-damage|p2a: Rillaboom|19/100|[from] item: Life Orb
|move|p1a: Ferrothorn|Knock Off|p2a: Rillaboom
|-damage|p2a: Rillaboom|0 fnt
|-enditem|p2a: Rillaboom|Life Orb|[from] move: Knock Off|[of] p1a: Ferrothorn
|faint|p2a: Rillaboom
|
|-heal|p1a: Ferrothorn|50/100|[from] Grassy Terrain
|upkeep
|
|t:|1608396924
|switch|p2a: Moltres|Moltres|100/100
|turn|8
|
|t:|1608396928
|switch|p1a: Urshifu|Urshifu-Rapid-Strike, M|100/100
|move|p2a: Moltres|Defog|p1a: Urshifu
|-unboost|p1a: Urshifu|evasion|1
|-sideend|p2: gaming27|Stealth Rock|[from] move: Defog|[of] p2a: Moltres
|-fieldend|move: Grassy Terrain
|
|upkeep
|turn|9
|
|t:|1608396936
|switch|p1a: Ferrothorn|Ferrothorn, F|50/100
|move|p2a: Moltres|U-turn|p1a: Ferrothorn
|-damage|p1a: Ferrothorn|43/100
|-damage|p2a: Moltres|88/100|[from] ability: Iron Barbs|[of] p1a: Ferrothorn
|
|t:|1608396941
|switch|p2a: Spectrier|Spectrier|100/100|[from]move: U-turn
|
|upkeep
|turn|10
|
|t:|1608396950
|switch|p1a: Clefable|Clefable, M|100/100
|move|p2a: Spectrier|Shadow Ball|p1a: Clefable
|-damage|p1a: Clefable|40/100
|
|-heal|p1a: Clefable|46/100|[from] item: Leftovers
|upkeep
|turn|11
|
|t:|1608396961
|move|p2a: Spectrier|Shadow Ball|p1a: Clefable
|-damage|p1a: Clefable|0 fnt
|faint|p1a: Clefable
|-ability|p2a: Spectrier|Grim Neigh|boost
|-boost|p2a: Spectrier|spa|1
|
|upkeep
|
|t:|1608396963
|switch|p1a: Dragapult|Dragapult, M|100/100
|turn|12
|
|t:|1608396968
|switch|p2a: Metagross|Metagross|100/100
|move|p1a: Dragapult|Thunder Wave|p2a: Metagross
|-status|p2a: Metagross|par
|
|upkeep
|turn|13
|
|t:|1608396974
|move|p1a: Dragapult|Substitute|p1a: Dragapult
|-start|p1a: Dragapult|Substitute
|-damage|p1a: Dragapult|76/100
|move|p2a: Metagross|Stealth Rock|p1a: Dragapult
|-sidestart|p1: Corumba|move: Stealth Rock
|
|-heal|p1a: Dragapult|82/100|[from] item: Leftovers
|upkeep
|turn|14
|
|t:|1608396977
|move|p1a: Dragapult|Hex|p2a: Metagross
|-supereffective|p2a: Metagross
|-damage|p2a: Metagross|0 fnt
|faint|p2a: Metagross
|
|-heal|p1a: Dragapult|88/100|[from] item: Leftovers
|upkeep
|
|t:|1608397004
|switch|p2a: Shedinja|Shedinja|100/100
|turn|15
|
|t:|1608397008
|move|p2a: Shedinja|Shadow Sneak|p1a: Dragapult
|-supereffective|p1a: Dragapult
|-end|p1a: Dragapult|Substitute
|move|p1a: Dragapult|Hex|p2a: Shedinja
|-supereffective|p2a: Shedinja
|-damage|p2a: Shedinja|0 fnt
|faint|p2a: Shedinja
|
|-heal|p1a: Dragapult|94/100|[from] item: Leftovers
|upkeep
|
|t:|1608397012
|switch|p2a: Urshifu|Urshifu, F|43/100
|turn|16
|
|t:|1608397016
|move|p1a: Dragapult|Substitute|p1a: Dragapult
|-start|p1a: Dragapult|Substitute
|-damage|p1a: Dragapult|69/100
|move|p2a: Urshifu|Wicked Blow|p1a: Dragapult
|-supereffective|p1a: Dragapult
|-crit|p1a: Dragapult
|-end|p1a: Dragapult|Substitute
|
|-heal|p1a: Dragapult|75/100|[from] item: Leftovers
|upkeep
|turn|17
|
|t:|1608397024
|switch|p1a: Urshifu|Urshifu-Rapid-Strike, M|100/100
|-damage|p1a: Urshifu|94/100|[from] Stealth Rock
|switch|p2a: Spectrier|Spectrier|100/100
|
|-heal|p1a: Urshifu|100/100|[from] item: Leftovers
|upkeep
|turn|18
|
|t:|1608397029
|move|p2a: Spectrier|Shadow Ball|p1a: Urshifu
|-damage|p1a: Urshifu|1/100
|move|p1a: Urshifu|Surging Strikes|p2a: Spectrier
|-crit|p2a: Spectrier
|-damage|p2a: Spectrier|70/100
|-crit|p2a: Spectrier
|-damage|p2a: Spectrier|40/100
|-crit|p2a: Spectrier
|-damage|p2a: Spectrier|10/100
|-hitcount|p2a: Spectrier|3
|
|-heal|p1a: Urshifu|7/100|[from] item: Leftovers
|upkeep
|turn|19
|
|t:|1608397047
|switch|p2a: Moltres|Moltres|88/100
|move|p1a: Urshifu|Surging Strikes|p2a: Moltres
|-supereffective|p2a: Moltres
|-crit|p2a: Moltres
|-damage|p2a: Moltres|60/100
|-supereffective|p2a: Moltres
|-crit|p2a: Moltres
|-damage|p2a: Moltres|32/100
|-status|p1a: Urshifu|brn|[from] ability: Flame Body|[of] p2a: Moltres
|-supereffective|p2a: Moltres
|-crit|p2a: Moltres
|-damage|p2a: Moltres|18/100
|-hitcount|p2a: Moltres|3
|
|-heal|p1a: Urshifu|13/100 brn|[from] item: Leftovers
|-damage|p1a: Urshifu|7/100 brn|[from] brn
|upkeep
|turn|20
|
|t:|1608397060
|move|p1a: Urshifu|Surging Strikes|p2a: Moltres
|-supereffective|p2a: Moltres
|-crit|p2a: Moltres
|-damage|p2a: Moltres|3/100
|-supereffective|p2a: Moltres
|-crit|p2a: Moltres
|-damage|p2a: Moltres|0 fnt
|-hitcount|p2a: Moltres|2
|faint|p2a: Moltres
|
|-heal|p1a: Urshifu|13/100 brn|[from] item: Leftovers
|-damage|p1a: Urshifu|7/100 brn|[from] brn
|upkeep
|
|t:|1608397062
|switch|p2a: Urshifu|Urshifu, F|43/100
|turn|21
|
|t:|1608397075
|move|p2a: Urshifu|Wicked Blow|p1a: Urshifu
|-resisted|p1a: Urshifu
|-crit|p1a: Urshifu
|-damage|p1a: Urshifu|0 fnt
|faint|p1a: Urshifu
|
|upkeep
|
|t:|1608397099
|switch|p1a: Ferrothorn|Ferrothorn, F|43/100
|-damage|p1a: Ferrothorn|37/100|[from] Stealth Rock
|turn|22
|
|t:|1608397104
|move|p2a: Urshifu|Wicked Blow|p1a: Ferrothorn
|-crit|p1a: Ferrothorn
|-damage|p1a: Ferrothorn|0 fnt
|-damage|p2a: Urshifu|31/100|[from] ability: Iron Barbs|[of] p1a: Ferrothorn
|faint|p1a: Ferrothorn
|
|upkeep
|j| Vessev
|
|t:|1608397112
|switch|p1a: Landorus|Landorus-Therian, M|84/100
|-damage|p1a: Landorus|72/100|[from] Stealth Rock
|-ability|p1a: Landorus|Intimidate|boost
|-unboost|p2a: Urshifu|atk|1
|turn|23
|
|t:|1608397117
|move|p2a: Urshifu|Wicked Blow|p1a: Landorus
|-crit|p1a: Landorus
|-damage|p1a: Landorus|0 fnt
|faint|p1a: Landorus
|
|upkeep
|
|t:|1608397123
|switch|p1a: Dragapult|Dragapult, M|75/100
|-damage|p1a: Dragapult|62/100|[from] Stealth Rock
|turn|24
|
|t:|1608397127
|move|p1a: Dragapult|Dragon Darts|p2a: Urshifu
|-damage|p2a: Urshifu|10/100
|-anim|p1a: Dragapult|Dragon Darts|p2a: Urshifu
|-damage|p2a: Urshifu|0 fnt
|faint|p2a: Urshifu
|
|-heal|p1a: Dragapult|68/100|[from] item: Leftovers
|upkeep
|
|t:|1608397129
|switch|p2a: Spectrier|Spectrier|10/100
|turn|25
|
|t:|1608397132
|move|p2a: Spectrier|Shadow Ball|p1a: Dragapult
|-supereffective|p1a: Dragapult
|-damage|p1a: Dragapult|0 fnt
|faint|p1a: Dragapult
|
|win|gaming27
|l|☆gaming27
|l|☆Corumba
|raw|Corumba's rating: 1591 &rarr; <strong>1570</strong><br />(-21 for losing)
|raw|gaming27's rating: 1564 &rarr; <strong>1586</strong><br />(+22 for winning)
|l| Michael Wittmann
