|html|<div class="broadcast-blue"><strong>[Gen 8] OU is currently suspecting Melmetal! For information on how to participate check out the <a href="https://www.smogon.com/forums/threads/np-ss-ou-suspect-process-round-12-monster-mash.3709234/">suspect thread</a>.</strong></div>
|j|☆qxfn143
|j|☆IIIodyne
|inactive|Battle timer is ON: inactive players will automatically lose when time's up.
|t:|1666019616
|gametype|singles
|player|p1|qxfn143|steven|
|player|p2|IIIodyne|102|
|teamsize|p1|6
|teamsize|p2|6
|gen|8
|tier|[Gen 8] OU
|rated|Tournament battle
|rule|Sleep Clause Mod: Limit one foe put to sleep
|rule|Species Clause: Limit one of each Pokémon
|rule|OHKO Clause: OHKO moves are banned
|rule|Evasion Items Clause: Evasion items are banned
|rule|Evasion Moves Clause: Evasion moves are banned
|rule|Endless Battle Clause: Forcing endless battles is banned
|rule|HP Percentage Mod: HP is shown in percentages
|rule|Dynamax Clause: You cannot dynamax
|clearpoke
|poke|p1|Garchomp, F|
|poke|p1|Ferrothorn, F|
|poke|p1|Zapdos|
|poke|p1|Tapu Lele|
|poke|p1|Weavile, M|
|poke|p1|Urshifu-*, F|
|poke|p2|Snorlax, M|
|poke|p2|Suicune|
|poke|p2|Melmetal|
|poke|p2|Victini|
|poke|p2|Landorus-Therian, M|
|poke|p2|Zapdos|
|teampreview
|inactive|qxfn143 also wants the timer to be on.
|c|☆IIIodyne|hf
|j| testingteams888
|c|☆qxfn143|glhf
|
|t:|1666019643
|start
|switch|p1a: Urshifu|Urshifu-Rapid-Strike, F|100/100
|switch|p2a: Suicune|Suicune|100/100
|-ability|p2a: Suicune|Pressure
|turn|1
|
|t:|1666019650
|switch|p2a: Zapdos|Zapdos|100/100
|move|p1a: Urshifu|U-turn|p2a: Zapdos
|-resisted|p2a: Zapdos
|-crit|p2a: Zapdos
|-damage|p2a: Zapdos|70/100
|j| WalrusPatty
|
|t:|1666019671
|switch|p1a: Weavile|Weavile, M|100/100|[from]move: U-turn
|-ability|p1a: Weavile|Pressure
|
|upkeep
|turn|2
|
|t:|1666019681
|switch|p2a: Suicune|Suicune|100/100
|-ability|p2a: Suicune|Pressure
|move|p1a: Weavile|Triple Axel|p2a: Suicune
|-resisted|p2a: Suicune
|-damage|p2a: Suicune|96/100
|-resisted|p2a: Suicune
|-damage|p2a: Suicune|88/100
|-resisted|p2a: Suicune
|-damage|p2a: Suicune|77/100
|-hitcount|p2a: Suicune|3
|
|-heal|p2a: Suicune|83/100|[from] item: Leftovers
|upkeep
|turn|3
|inactive|qxfn143 has 120 seconds left.
|
|t:|1666019716
|switch|p1a: Ferrothorn|Ferrothorn, F, shiny|100/100
|move|p2a: Suicune|Scald|p1a: Ferrothorn
|-resisted|p1a: Ferrothorn
|-damage|p1a: Ferrothorn|91/100
|
|-heal|p2a: Suicune|89/100|[from] item: Leftovers
|-heal|p1a: Ferrothorn|97/100|[from] item: Leftovers
|upkeep
|turn|4
|j|@Sww-Suwa
|
|t:|1666019723
|switch|p2a: Victini|Victini|100/100
|move|p1a: Ferrothorn|Leech Seed|p2a: Victini
|-start|p2a: Victini|move: Leech Seed
|
|-heal|p1a: Ferrothorn|100/100|[from] item: Leftovers
|-damage|p2a: Victini|88/100|[from] Leech Seed|[of] p1a: Ferrothorn
|upkeep
|turn|5
|inactive|qxfn143 has 120 seconds left.
|
|t:|1666019738
|switch|p1a: Zapdos|Zapdos, shiny|100/100
|move|p2a: Victini|V-create|p1a: Zapdos
|-damage|p1a: Zapdos|10/100
|-unboost|p2a: Victini|spe|1
|-unboost|p2a: Victini|def|1
|-unboost|p2a: Victini|spd|1
|-status|p2a: Victini|par|[from] ability: Static|[of] p1a: Zapdos
|
|-damage|p2a: Victini|76/100 par|[from] Leech Seed|[of] p1a: Zapdos
|-heal|p1a: Zapdos|21/100|[silent]
|upkeep
|turn|6
|
|t:|1666019743
|switch|p2a: Landorus|Landorus-Therian, M|100/100
|-ability|p2a: Landorus|Intimidate|boost
|-unboost|p1a: Zapdos|atk|1
|move|p1a: Zapdos|Roost|p1a: Zapdos
|-heal|p1a: Zapdos|71/100
|-singleturn|p1a: Zapdos|move: Roost
|
|upkeep
|turn|7
|l| testingteams888
|
|t:|1666019751
|switch|p1a: Ferrothorn|Ferrothorn, F, shiny|100/100
|move|p2a: Landorus|Stone Edge|p1a: Ferrothorn|[miss]
|-miss|p2a: Landorus|p1a: Ferrothorn
|
|upkeep
|turn|8
|
|t:|1666019781
|switch|p2a: Zapdos|Zapdos|70/100
|move|p1a: Ferrothorn|Leech Seed|p2a: Zapdos
|-start|p2a: Zapdos|move: Leech Seed
|
|-damage|p2a: Zapdos|57/100|[from] Leech Seed|[of] p1a: Ferrothorn
|upkeep
|turn|9
|inactive|IIIodyne has 120 seconds left.
|
|t:|1666019813
|switch|p2a: Victini|Victini|76/100 par
|switch|p1a: Garchomp|Garchomp, F, shiny|100/100
|
|upkeep
|turn|10
|
|t:|1666019823
|switch|p2a: Landorus|Landorus-Therian, M|100/100
|-ability|p2a: Landorus|Intimidate|boost
|-unboost|p1a: Garchomp|atk|1
|move|p1a: Garchomp|Earthquake|p2a: Landorus
|-immune|p2a: Landorus
|
|upkeep
|turn|11
|inactive|IIIodyne has 120 seconds left.
|
|t:|1666019860
|switch|p2a: Suicune|Suicune|89/100
|-ability|p2a: Suicune|Pressure
|move|p1a: Garchomp|Toxic|p2a: Suicune
|-status|p2a: Suicune|tox
|
|-heal|p2a: Suicune|95/100 tox|[from] item: Leftovers
|-damage|p2a: Suicune|89/100 tox|[from] psn
|upkeep
|turn|12
|
|t:|1666019868
|switch|p1a: Ferrothorn|Ferrothorn, F, shiny|100/100
|move|p2a: Suicune|Ice Beam|p1a: Ferrothorn
|-damage|p1a: Ferrothorn|84/100
|
|-heal|p2a: Suicune|95/100 tox|[from] item: Leftovers
|-heal|p1a: Ferrothorn|90/100|[from] item: Leftovers
|-damage|p2a: Suicune|83/100 tox|[from] psn
|upkeep
|turn|13
|
|t:|1666019884
|move|p2a: Suicune|Ice Beam|p1a: Ferrothorn
|-damage|p1a: Ferrothorn|75/100
|-status|p1a: Ferrothorn|frz
|cant|p1a: Ferrothorn|frz
|
|-heal|p2a: Suicune|89/100 tox|[from] item: Leftovers
|-heal|p1a: Ferrothorn|81/100 frz|[from] item: Leftovers
|-damage|p2a: Suicune|70/100 tox|[from] psn
|upkeep
|turn|14
|
|t:|1666019897
|switch|p2a: Zapdos|Zapdos|57/100
|cant|p1a: Ferrothorn|frz
|
|-heal|p1a: Ferrothorn|88/100 frz|[from] item: Leftovers
|upkeep
|turn|15
|
|t:|1666019905
|switch|p1a: Garchomp|Garchomp, F, shiny|100/100
|move|p2a: Zapdos|Hurricane|p1a: Garchomp|[miss]
|-miss|p2a: Zapdos|p1a: Garchomp
|
|upkeep
|turn|16
|
|t:|1666019924
|move|p2a: Zapdos|Hurricane|p1a: Garchomp|[miss]
|-miss|p2a: Zapdos|p1a: Garchomp
|move|p1a: Garchomp|Toxic|p2a: Zapdos
|-status|p2a: Zapdos|tox
|
|-damage|p2a: Zapdos|51/100 tox|[from] psn
|upkeep
|turn|17
|c|☆IIIodyne|:(
|
|t:|1666019939
|move|p2a: Zapdos|Hurricane|p1a: Garchomp|[miss]
|-miss|p2a: Zapdos|p1a: Garchomp
|move|p1a: Garchomp|Stealth Rock|p2a: Zapdos
|-sidestart|p2: IIIodyne|move: Stealth Rock
|
|-damage|p2a: Zapdos|39/100 tox|[from] psn
|upkeep
|turn|18
|
|t:|1666019949
|move|p2a: Zapdos|Defog|p1a: Garchomp
|-unboost|p1a: Garchomp|evasion|1
|-sideend|p2: IIIodyne|Stealth Rock|[from] move: Defog|[of] p2a: Zapdos
|move|p1a: Garchomp|Earthquake|p2a: Zapdos
|-immune|p2a: Zapdos
|
|-damage|p2a: Zapdos|20/100 tox|[from] psn
|upkeep
|turn|19
|inactive|IIIodyne has 90 seconds left.
|
|t:|1666019981
|switch|p2a: Landorus|Landorus-Therian, M|100/100
|-ability|p2a: Landorus|Intimidate|boost
|-unboost|p1a: Garchomp|atk|1
|move|p1a: Garchomp|Stealth Rock|p2a: Landorus
|-sidestart|p2: IIIodyne|move: Stealth Rock
|
|upkeep
|turn|20
|
|t:|1666019990
|switch|p1a: Ferrothorn|Ferrothorn, F, shiny|88/100 frz
|move|p2a: Landorus|Knock Off|p1a: Ferrothorn
|-damage|p1a: Ferrothorn|68/100 frz
|-damage|p2a: Landorus|88/100|[from] ability: Iron Barbs|[of] p1a: Ferrothorn
|-enditem|p1a: Ferrothorn|Leftovers|[from] move: Knock Off|[of] p2a: Landorus
|
|upkeep
|turn|21
|
|t:|1666019994
|switch|p2a: Zapdos|Zapdos|20/100 tox
|-curestatus|p1a: Ferrothorn|frz|[msg]
|move|p1a: Ferrothorn|Leech Seed|p2a: Zapdos
|-start|p2a: Zapdos|move: Leech Seed
|
|-damage|p2a: Zapdos|8/100 tox|[from] Leech Seed|[of] p1a: Ferrothorn
|-heal|p1a: Ferrothorn|81/100|[silent]
|-damage|p2a: Zapdos|2/100 tox|[from] psn
|upkeep
|turn|22
|
|t:|1666020002
|switch|p1a: Garchomp|Garchomp, F, shiny|100/100
|move|p2a: Zapdos|Defog|p1a: Garchomp
|-unboost|p1a: Garchomp|evasion|1
|-sideend|p2: IIIodyne|Stealth Rock|[from] move: Defog|[of] p2a: Zapdos
|
|-damage|p2a: Zapdos|0 fnt|[from] Leech Seed|[of] p1a: Garchomp
|faint|p2a: Zapdos
|upkeep
|
|t:|1666020006
|switch|p2a: Suicune|Suicune|70/100 tox
|-ability|p2a: Suicune|Pressure
|turn|23
|
|t:|1666020010
|switch|p1a: Zapdos|Zapdos, shiny|71/100
|move|p2a: Suicune|Ice Beam|p1a: Zapdos
|-supereffective|p1a: Zapdos
|-damage|p1a: Zapdos|35/100
|
|-heal|p2a: Suicune|77/100 tox|[from] item: Leftovers
|-damage|p2a: Suicune|70/100 tox|[from] psn
|upkeep
|turn|24
|
|t:|1666020018
|move|p1a: Zapdos|Volt Switch|p2a: Suicune
|-supereffective|p2a: Suicune
|-damage|p2a: Suicune|28/100 tox
|
|t:|1666020021
|switch|p1a: Ferrothorn|Ferrothorn, F, shiny|81/100|[from]move: Volt Switch
|move|p2a: Suicune|Ice Beam|p1a: Ferrothorn
|-damage|p1a: Ferrothorn|64/100
|
|-heal|p2a: Suicune|34/100 tox|[from] item: Leftovers
|-damage|p2a: Suicune|22/100 tox|[from] psn
|upkeep
|turn|25
|inactive|IIIodyne has 120 seconds left.
|j| OUTD goodbyee
|
|t:|1666020066
|move|p2a: Suicune|Rest|p2a: Suicune
|-status|p2a: Suicune|slp|[from] move: Rest
|-heal|p2a: Suicune|100/100 slp|[silent]
|move|p1a: Ferrothorn|Knock Off|p2a: Suicune
|-damage|p2a: Suicune|89/100 slp
|-enditem|p2a: Suicune|Leftovers|[from] move: Knock Off|[of] p1a: Ferrothorn
|
|upkeep
|turn|26
|
|t:|1666020072
|cant|p2a: Suicune|slp
|move|p1a: Ferrothorn|Leech Seed|p2a: Suicune
|-start|p2a: Suicune|move: Leech Seed
|
|-damage|p2a: Suicune|77/100 slp|[from] Leech Seed|[of] p1a: Ferrothorn
|-heal|p1a: Ferrothorn|79/100|[silent]
|upkeep
|turn|27
|
|t:|1666020077
|switch|p2a: Victini|Victini|76/100 par
|move|p1a: Ferrothorn|Spikes|p2a: Victini
|-sidestart|p2: IIIodyne|Spikes
|
|upkeep
|turn|28
|
|t:|1666020083
|switch|p1a: Garchomp|Garchomp, F, shiny|100/100
|move|p2a: Victini|V-create|p1a: Garchomp
|-resisted|p1a: Garchomp
|-damage|p1a: Garchomp|50/100
|-unboost|p2a: Victini|spe|1
|-unboost|p2a: Victini|def|1
|-unboost|p2a: Victini|spd|1
|-damage|p2a: Victini|64/100 par|[from] ability: Rough Skin|[of] p1a: Garchomp
|
|-heal|p1a: Garchomp|56/100|[from] item: Leftovers
|upkeep
|turn|29
|
|t:|1666020087
|move|p1a: Garchomp|Toxic|p2a: Victini|[miss]
|-miss|p1a: Garchomp|p2a: Victini
|move|p2a: Victini|V-create|p1a: Garchomp
|-resisted|p1a: Garchomp
|-damage|p1a: Garchomp|8/100
|-unboost|p2a: Victini|spe|1
|-unboost|p2a: Victini|def|1
|-unboost|p2a: Victini|spd|1
|-damage|p2a: Victini|51/100 par|[from] ability: Rough Skin|[of] p1a: Garchomp
|
|-heal|p1a: Garchomp|14/100|[from] item: Leftovers
|upkeep
|turn|30
|
|t:|1666020094
|switch|p2a: Landorus|Landorus-Therian, M|88/100
|-ability|p2a: Landorus|Intimidate|boost
|-unboost|p1a: Garchomp|atk|1
|move|p1a: Garchomp|Earthquake|p2a: Landorus
|-immune|p2a: Landorus
|
|-heal|p1a: Garchomp|20/100|[from] item: Leftovers
|upkeep
|turn|31
|
|t:|1666020098
|switch|p1a: Ferrothorn|Ferrothorn, F, shiny|79/100
|move|p2a: Landorus|Earthquake|p1a: Ferrothorn
|-damage|p1a: Ferrothorn|48/100
|
|upkeep
|turn|32
|
|t:|1666020100
|move|p2a: Landorus|Earthquake|p1a: Ferrothorn
|-damage|p1a: Ferrothorn|13/100
|move|p1a: Ferrothorn|Leech Seed|p2a: Landorus
|-start|p2a: Landorus|move: Leech Seed
|
|-damage|p2a: Landorus|76/100|[from] Leech Seed|[of] p1a: Ferrothorn
|-heal|p1a: Ferrothorn|24/100|[silent]
|upkeep
|turn|33
|
|t:|1666020115
|switch|p2a: Snorlax|Snorlax, M|100/100
|-damage|p2a: Snorlax|88/100|[from] Spikes
|switch|p1a: Zapdos|Zapdos, shiny|35/100
|
|-heal|p2a: Snorlax|94/100|[from] item: Leftovers
|upkeep
|turn|34
|l| OUTD goodbyee
|
|t:|1666020125
|move|p1a: Zapdos|Volt Switch|p2a: Snorlax
|-damage|p2a: Snorlax|80/100
|
|t:|1666020126
|switch|p1a: Urshifu|Urshifu-Rapid-Strike, F|100/100|[from]move: Volt Switch
|move|p2a: Snorlax|Body Slam|p1a: Urshifu
|-damage|p1a: Urshifu|70/100
|
|-heal|p2a: Snorlax|86/100|[from] item: Leftovers
|upkeep
|turn|35
|
|t:|1666020130
|switch|p2a: Suicune|Suicune|77/100 slp
|-damage|p2a: Suicune|64/100 slp|[from] Spikes
|-ability|p2a: Suicune|Pressure
|move|p1a: Urshifu|Close Combat|p2a: Suicune
|-damage|p2a: Suicune|10/100 slp
|-unboost|p1a: Urshifu|def|1
|-unboost|p1a: Urshifu|spd|1
|
|upkeep
|turn|36
|
|t:|1666020137
|move|p1a: Urshifu|Close Combat|p2a: Suicune
|-damage|p2a: Suicune|0 fnt
|-unboost|p1a: Urshifu|def|1
|-unboost|p1a: Urshifu|spd|1
|faint|p2a: Suicune
|
|upkeep
|
|t:|1666020145
|switch|p2a: Landorus|Landorus-Therian, M|76/100
|-ability|p2a: Landorus|Intimidate|boost
|-unboost|p1a: Urshifu|atk|1
|turn|37
|
|t:|1666020149
|switch|p1a: Ferrothorn|Ferrothorn, F, shiny|24/100
|move|p2a: Landorus|Knock Off|p1a: Ferrothorn
|-damage|p1a: Ferrothorn|11/100
|-damage|p2a: Landorus|64/100|[from] ability: Iron Barbs|[of] p1a: Ferrothorn
|
|upkeep
|turn|38
|
|t:|1666020152
|move|p2a: Landorus|Knock Off|p1a: Ferrothorn
|-damage|p1a: Ferrothorn|0 fnt
|-damage|p2a: Landorus|52/100|[from] ability: Iron Barbs|[of] p1a: Ferrothorn
|faint|p1a: Ferrothorn
|
|upkeep
|
|t:|1666020154
|switch|p1a: Urshifu|Urshifu-Rapid-Strike, F|70/100
|turn|39
|
|t:|1666020160
|move|p2a: Landorus|Knock Off|p1a: Urshifu
|-resisted|p1a: Urshifu
|-damage|p1a: Urshifu|51/100
|-enditem|p1a: Urshifu|Choice Band|[from] move: Knock Off|[of] p2a: Landorus
|move|p1a: Urshifu|Surging Strikes|p2a: Landorus
|-supereffective|p2a: Landorus
|-crit|p2a: Landorus
|-damage|p2a: Landorus|8/100
|-supereffective|p2a: Landorus
|-crit|p2a: Landorus
|-damage|p2a: Landorus|0 fnt
|faint|p2a: Landorus
|-hitcount|p2: Landorus|2
|
|upkeep
|
|t:|1666020166
|switch|p2a: Melmetal|Melmetal|100/100
|-damage|p2a: Melmetal|88/100|[from] Spikes
|turn|40
|
|t:|1666020171
|move|p1a: Urshifu|Close Combat|p2a: Melmetal
|-supereffective|p2a: Melmetal
|-damage|p2a: Melmetal|18/100
|-unboost|p1a: Urshifu|def|1
|-unboost|p1a: Urshifu|spd|1
|move|p2a: Melmetal|Ice Punch|p1a: Urshifu
|-resisted|p1a: Urshifu
|-damage|p1a: Urshifu|25/100
|
|upkeep
|turn|41
|
|t:|1666020182
|move|p1a: Urshifu|Surging Strikes|p2a: Melmetal
|-crit|p2a: Melmetal
|-damage|p2a: Melmetal|7/100
|-crit|p2a: Melmetal
|-damage|p2a: Melmetal|0 fnt
|faint|p2a: Melmetal
|-hitcount|p2: Melmetal|2
|
|upkeep
|c|☆IIIodyne|gg bro
|j| yfleshcatchy
|inactive|IIIodyne has 120 seconds left.
|c|☆qxfn143|gg man
|c|☆qxfn143|this team insane
|c|☆IIIodyne|yeah
|
|t:|1666020235
|switch|p2a: Victini|Victini|51/100 par
|-damage|p2a: Victini|39/100 par|[from] Spikes
|turn|42
|
|t:|1666020241
|move|p1a: Urshifu|Aqua Jet|p2a: Victini
|-supereffective|p2a: Victini
|-damage|p2a: Victini|0 fnt
|faint|p2a: Victini
|
|upkeep
|
|t:|1666020244
|switch|p2a: Snorlax|Snorlax, M|86/100
|-damage|p2a: Snorlax|74/100|[from] Spikes
|turn|43
|
|t:|1666020248
|move|p1a: Urshifu|Close Combat|p2a: Snorlax
|-supereffective|p2a: Snorlax
|-damage|p2a: Snorlax|0 fnt
|-unboost|p1a: Urshifu|def|1
|-unboost|p1a: Urshifu|spd|1
|faint|p2a: Snorlax
|
|win|qxfn143
|n|☆qxfn143|qxfn143
|n|☆IIIodyne|iiiodyne
|n| WalrusPatty|walruspatty
|n| Sww-Suwa|swwsuwa
|n| yfleshcatchy|yfleshcatchy
|l| Sww-Suwa
|l| WalrusPatty
|l|☆qxfn143
|j| Sww-Suwa
|l| Sww-Suwa
