|j|☆reze from csm
|j|☆nimed beatches
|inactive|Battle timer is ON: inactive players will automatically lose when time's up.
|t:|1665283450
|gametype|singles
|player|p1|reze from csm|flannery|
|player|p2|nimed beatches|dawn|
|teamsize|p1|6
|teamsize|p2|6
|gen|8
|tier|[Gen 8] OU
|rated|Tournament battle
|rule|Sleep Clause Mod: Limit one foe put to sleep
|rule|Species Clause: Limit one of each Pokémon
|rule|OHKO Clause: OHKO moves are banned
|rule|Evasion Items Clause: Evasion items are banned
|rule|Evasion Moves Clause: Evasion moves are banned
|rule|Endless Battle Clause: Forcing endless battles is banned
|rule|HP Percentage Mod: HP is shown in percentages
|rule|Dynamax Clause: You cannot dynamax
|clearpoke
|poke|p1|Kartana|
|poke|p1|Tapu Fini|
|poke|p1|Landorus-Therian, M|
|poke|p1|Moltres-Galar|
|poke|p1|Volcarona, F|
|poke|p1|Heatran, F|
|poke|p2|Pelipper, M|
|poke|p2|Urshifu-*, F|
|poke|p2|Dragapult, M|
|poke|p2|Landorus-Therian, M|
|poke|p2|Melmetal|
|poke|p2|Tapu Lele|
|teampreview
|j| I melt my eyez
|j| alt of duality
|inactive|reze from csm has 120 seconds left.
|inactive|nimed beatches has 120 seconds left.
|
|t:|1665283492
|start
|switch|p1a: Tapu Fini|Tapu Fini|100/100
|switch|p2a: Urshifu|Urshifu-Rapid-Strike, F|100/100
|-fieldstart|move: Misty Terrain|[from] ability: Misty Surge|[of] p1a: Tapu Fini
|turn|1
|
|t:|1665283513
|switch|p2a: Tapu Lele|Tapu Lele|100/100
|-fieldstart|move: Psychic Terrain|[from] ability: Psychic Surge|[of] p2a: Tapu Lele
|move|p1a: Tapu Fini|Nature's Madness|p2a: Tapu Lele
|-damage|p2a: Tapu Lele|51/100
|
|upkeep
|turn|2
|inactive|nimed beatches has 120 seconds left.
|
|t:|1665283553
|switch|p1a: Heatran|Heatran, F|100/100
|move|p2a: Tapu Lele|Future Sight|p1a: Heatran
|-start|p2a: Tapu Lele|move: Future Sight
|
|upkeep
|turn|3
|
|t:|1665283570
|switch|p2a: Urshifu|Urshifu-Rapid-Strike, F|100/100
|move|p1a: Heatran|Stealth Rock|p2a: Urshifu
|-sidestart|p2: nimed beatches|move: Stealth Rock
|
|upkeep
|turn|4
|inactive|reze from csm has 120 seconds left.
|
|t:|1665283594
|switch|p1a: Landorus|Landorus-Therian, M|100/100
|-ability|p1a: Landorus|Intimidate|boost
|-unboost|p2a: Urshifu|atk|1
|move|p2a: Urshifu|Close Combat|p1a: Landorus
|-resisted|p1a: Landorus
|-damage|p1a: Landorus|76/100
|-unboost|p2a: Urshifu|def|1
|-unboost|p2a: Urshifu|spd|1
|
|-end|p1a: Landorus|move: Future Sight
|-damage|p1a: Landorus|0 fnt
|faint|p1a: Landorus
|upkeep
|j|@Sww-Suwa
|
|t:|1665283618
|switch|p1a: Kartana|Kartana|100/100
|turn|5
|
|t:|1665283640
|switch|p2a: Landorus|Landorus-Therian, M|100/100
|-damage|p2a: Landorus|88/100|[from] Stealth Rock
|-ability|p2a: Landorus|Intimidate|boost
|-unboost|p1a: Kartana|atk|1
|move|p1a: Kartana|Leaf Blade|p2a: Landorus
|-damage|p2a: Landorus|26/100
|-enditem|p2a: Landorus|Eject Button
|inactive|nimed beatches has 90 seconds left.
|inactive|nimed beatches has 60 seconds left.
|l| alt of duality
|
|t:|1665283699
|switch|p2a: Dragapult|Dragapult, M|100/100
|-damage|p2a: Dragapult|88/100|[from] Stealth Rock
|
|-fieldend|move: Psychic Terrain
|upkeep
|turn|6
|
|t:|1665283713
|switch|p1a: Heatran|Heatran, F|100/100
|move|p2a: Dragapult|Thunder|p1a: Heatran
|-damage|p1a: Heatran|70/100
|
|-heal|p1a: Heatran|76/100|[from] item: Leftovers
|upkeep
|turn|7
|inactive|nimed beatches has 60 seconds left.
|j| freerobuxman
|
|t:|1665283728
|switch|p2a: Pelipper|Pelipper, M|100/100
|-damage|p2a: Pelipper|76/100|[from] Stealth Rock
|-weather|RainDance|[from] ability: Drizzle|[of] p2a: Pelipper
|move|p1a: Heatran|Magma Storm|p2a: Pelipper|[miss]
|-miss|p1a: Heatran|p2a: Pelipper
|
|-weather|RainDance|[upkeep]
|-heal|p1a: Heatran|83/100|[from] item: Leftovers
|upkeep
|turn|8
|j| alt of duality
|
|t:|1665283741
|move|p2a: Pelipper|Weather Ball|p1a: Heatran
|-supereffective|p1a: Heatran
|-damage|p1a: Heatran|0 fnt
|faint|p1a: Heatran
|
|-weather|RainDance|[upkeep]
|upkeep
|
|t:|1665283747
|switch|p1a: Kartana|Kartana|100/100
|turn|9
|inactive|nimed beatches has 60 seconds left.
|j| thomas9779
|
|t:|1665283798
|switch|p2a: Landorus|Landorus-Therian, M|26/100
|-damage|p2a: Landorus|14/100|[from] Stealth Rock
|-ability|p2a: Landorus|Intimidate|boost
|-unboost|p1a: Kartana|atk|1
|move|p1a: Kartana|Leaf Blade|p2a: Landorus
|-damage|p2a: Landorus|0 fnt
|faint|p2a: Landorus
|-ability|p1a: Kartana|Beast Boost|boost
|-boost|p1a: Kartana|atk|1
|
|-weather|RainDance|[upkeep]
|upkeep
|
|t:|1665283808
|switch|p2a: Dragapult|Dragapult, M|88/100
|-damage|p2a: Dragapult|76/100|[from] Stealth Rock
|turn|10
|inactive|reze from csm has 90 seconds left.
|inactive|nimed beatches has 30 seconds left.
|
|t:|1665283837
|move|p2a: Dragapult|Thunder|p1a: Kartana
|-resisted|p1a: Kartana
|-damage|p1a: Kartana|23/100
|-status|p1a: Kartana|par
|move|p1a: Kartana|Leaf Blade|p2a: Dragapult
|-resisted|p2a: Dragapult
|-damage|p2a: Dragapult|13/100
|
|-weather|RainDance|[upkeep]
|upkeep
|turn|11
|inactive|reze from csm has 90 seconds left.
|
|t:|1665283850
|move|p2a: Dragapult|Thunder|p1a: Kartana
|-resisted|p1a: Kartana
|-damage|p1a: Kartana|0 fnt
|faint|p1a: Kartana
|
|-weather|none
|upkeep
|
|t:|1665283857
|switch|p1a: Volcarona|Volcarona, F|100/100
|turn|12
|inactive|reze from csm has 90 seconds left.
|
|t:|1665283869
|switch|p2a: Urshifu|Urshifu-Rapid-Strike, F|100/100
|-damage|p2a: Urshifu|94/100|[from] Stealth Rock
|move|p1a: Volcarona|Quiver Dance|p1a: Volcarona
|-boost|p1a: Volcarona|spa|1
|-boost|p1a: Volcarona|spd|1
|-boost|p1a: Volcarona|spe|1
|
|upkeep
|turn|13
|inactive|reze from csm has 90 seconds left.
|
|t:|1665283904
|move|p1a: Volcarona|Psychic|p2a: Urshifu
|-supereffective|p2a: Urshifu
|-damage|p2a: Urshifu|0 fnt
|faint|p2a: Urshifu
|
|upkeep
|
|t:|1665283918
|switch|p2a: Pelipper|Pelipper, M|76/100
|-damage|p2a: Pelipper|51/100|[from] Stealth Rock
|-weather|RainDance|[from] ability: Drizzle|[of] p2a: Pelipper
|turn|14
|
|t:|1665283921
|move|p1a: Volcarona|Psychic|p2a: Pelipper
|-damage|p2a: Pelipper|0 fnt
|faint|p2a: Pelipper
|
|-weather|RainDance|[upkeep]
|upkeep
|
|t:|1665283923
|switch|p2a: Melmetal|Melmetal|100/100
|-damage|p2a: Melmetal|94/100|[from] Stealth Rock
|turn|15
|
|t:|1665283930
|move|p1a: Volcarona|Fire Blast|p2a: Melmetal
|-supereffective|p2a: Melmetal
|-damage|p2a: Melmetal|9/100
|move|p2a: Melmetal|Toxic|p1a: Volcarona
|-status|p1a: Volcarona|tox
|
|-weather|RainDance|[upkeep]
|-heal|p2a: Melmetal|16/100|[from] item: Leftovers
|-damage|p1a: Volcarona|94/100 tox|[from] psn
|upkeep
|turn|16
|
|t:|1665283937
|move|p2a: Melmetal|Protect|p2a: Melmetal
|-singleturn|p2a: Melmetal|Protect
|move|p1a: Volcarona|Bug Buzz|p2a: Melmetal
|-activate|p2a: Melmetal|move: Protect
|
|-weather|RainDance|[upkeep]
|-heal|p2a: Melmetal|22/100|[from] item: Leftovers
|-damage|p1a: Volcarona|82/100 tox|[from] psn
|upkeep
|turn|17
|inactive|reze from csm has 90 seconds left.
|
|t:|1665283964
|move|p2a: Melmetal|Protect|p2a: Melmetal
|-singleturn|p2a: Melmetal|Protect
|move|p1a: Volcarona|Bug Buzz|p2a: Melmetal
|-activate|p2a: Melmetal|move: Protect
|
|-weather|RainDance|[upkeep]
|-heal|p2a: Melmetal|28/100|[from] item: Leftovers
|-damage|p1a: Volcarona|64/100 tox|[from] psn
|upkeep
|turn|18
|inactive|reze from csm has 90 seconds left.
|
|t:|1665283986
|switch|p2a: Dragapult|Dragapult, M|13/100
|-damage|p2a: Dragapult|1/100|[from] Stealth Rock
|move|p1a: Volcarona|Bug Buzz|p2a: Dragapult
|-resisted|p2a: Dragapult
|-damage|p2a: Dragapult|0 fnt
|faint|p2a: Dragapult
|
|-weather|none
|-damage|p1a: Volcarona|39/100 tox|[from] psn
|upkeep
|
|t:|1665283992
|switch|p2a: Melmetal|Melmetal|28/100
|-damage|p2a: Melmetal|22/100|[from] Stealth Rock
|turn|19
|inactive|reze from csm has 90 seconds left.
|
|t:|1665284019
|switch|p1a: Moltres|Moltres-Galar|100/100
|move|p2a: Melmetal|Protect||[still]
|-fail|p2a: Melmetal
|
|-heal|p2a: Melmetal|28/100|[from] item: Leftovers
|upkeep
|turn|20
|
|t:|1665284033
|move|p1a: Moltres|Fiery Wrath|p2a: Melmetal
|-damage|p2a: Melmetal|0 fnt
|faint|p2a: Melmetal
|
|upkeep
|
|t:|1665284036
|switch|p2a: Tapu Lele|Tapu Lele|51/100
|-damage|p2a: Tapu Lele|38/100|[from] Stealth Rock
|-fieldstart|move: Psychic Terrain|[from] ability: Psychic Surge|[of] p2a: Tapu Lele
|turn|21
|
|t:|1665284039
|move|p2a: Tapu Lele|Moonblast|p1a: Moltres
|-supereffective|p1a: Moltres
|-damage|p1a: Moltres|14/100
|-ability|p1a: Moltres|Berserk|boost
|-boost|p1a: Moltres|spa|1
|move|p1a: Moltres|Fiery Wrath|p2a: Tapu Lele
|-damage|p2a: Tapu Lele|0 fnt
|faint|p2a: Tapu Lele
|
|win|reze from csm
|n|☆reze from csm|rezefromcsm
|n|☆nimed beatches|nimedbeatches
|n| I melt my eyez|imeltmyeyez
|n| Sww-Suwa|swwsuwa
|n| freerobuxman|freerobuxman
|n| alt of duality|altofduality
|n| thomas9779|thomas9779
|l|☆reze from csm
|l| alt of duality
|l| Sww-Suwa
|l|☆nimed beatches
|j|☆nimed beatches
|player|p2|nimed beatches|dawn
|l| freerobuxman
|l| I melt my eyez
|j| Sww-Suwa
