|j|☆chippy2
|j|☆BaddyGames
|t:|1619528378
|gametype|singles
|player|p1|chippy2|steven|
|player|p2|BaddyGames|275|
|teamsize|p1|6
|teamsize|p2|6
|gen|8
|tier|[Gen 8] OU
|rated|Tournament battle
|clearpoke
|poke|p1|Hydreigon, F|
|poke|p1|Volcarona, M|
|poke|p1|Suicune|
|poke|p1|Zapdos-Galar|
|poke|p1|Melmetal|
|poke|p1|Garchomp, M|
|poke|p2|Melmetal|
|poke|p2|Slowking, F|
|poke|p2|Hippowdon, F|
|poke|p2|Mandibuzz, F|
|poke|p2|Urshifu-*, F|
|poke|p2|Kyurem|
|rule|Sleep Clause Mod: Limit one foe put to sleep
|rule|Species Clause: Limit one of each Pokémon
|rule|OHKO Clause: OHKO moves are banned
|rule|Evasion Moves Clause: Evasion moves are banned
|rule|Endless Battle Clause: Forcing endless battles is banned
|rule|HP Percentage Mod: HP is shown in percentages
|rule|Dynamax Clause: You cannot dynamax
|teampreview
|j|*Lady Monita
|j| ad067
|j| Demykunst
|j| DonnieDarko31
|j| samcrack
|l| samcrack
|j| Janjao123
|
|t:|1619528405
|start
|switch|p1a: Melmetal|Melmetal|100/100
|switch|p2a: Kyurem|Kyurem|100/100
|-ability|p2a: Kyurem|Pressure
|turn|1
|j| Yuppy2A
|
|t:|1619528411
|switch|p2a: Hippowdon|Hippowdon, F|100/100
|-weather|Sandstorm|[from] ability: Sand Stream|[of] p2a: Hippowdon
|move|p1a: Melmetal|Double Iron Bash|p2a: Hippowdon
|-damage|p2a: Hippowdon|67/100
|-damage|p2a: Hippowdon|31/100
|-hitcount|p2a: Hippowdon|2
|
|-weather|Sandstorm|[upkeep]
|-heal|p2a: Hippowdon|37/100|[from] item: Leftovers
|upkeep
|turn|2
|inactive|Battle timer is ON: inactive players will automatically lose when time's up. (requested by chippy2)
|j| Vivi02
|j| Kingpika123
|j| ScottOBrian
|
|t:|1619528435
|move|p2a: Hippowdon|Earthquake|p1a: Melmetal
|-supereffective|p1a: Melmetal
|-damage|p1a: Melmetal|57/100
|move|p1a: Melmetal|Double Iron Bash|p2a: Hippowdon
|-damage|p2a: Hippowdon|2/100
|-damage|p2a: Hippowdon|0 fnt
|-hitcount|p2a: Hippowdon|2
|faint|p2a: Hippowdon
|
|-weather|Sandstorm|[upkeep]
|upkeep
|
|t:|1619528438
|switch|p2a: Urshifu|Urshifu-Rapid-Strike, F|100/100
|turn|3
|
|t:|1619528447
|switch|p1a: Garchomp|Garchomp, M|100/100
|move|p2a: Urshifu|Close Combat|p1a: Garchomp
|-damage|p1a: Garchomp|40/100
|-unboost|p2a: Urshifu|def|1
|-unboost|p2a: Urshifu|spd|1
|-damage|p2a: Urshifu|88/100|[from] ability: Rough Skin|[of] p1a: Garchomp
|-damage|p2a: Urshifu|72/100|[from] item: Rocky Helmet|[of] p1a: Garchomp
|
|-weather|Sandstorm|[upkeep]
|-damage|p2a: Urshifu|66/100|[from] Sandstorm
|upkeep
|turn|4
|l| Kingpika123
|
|t:|1619528467
|switch|p2a: Kyurem|Kyurem|100/100
|-ability|p2a: Kyurem|Pressure
|switch|p1a: Zapdos|Zapdos-Galar|100/100
|
|-weather|Sandstorm|[upkeep]
|-damage|p1a: Zapdos|94/100|[from] Sandstorm
|-damage|p2a: Kyurem|94/100|[from] Sandstorm
|upkeep
|turn|5
|j| placuszek
|j| Mister Hat
|
|t:|1619528489
|switch|p2a: Mandibuzz|Mandibuzz, F|100/100
|move|p1a: Zapdos|Thunderous Kick|p2a: Mandibuzz
|-damage|p2a: Mandibuzz|70/100
|-unboost|p2a: Mandibuzz|def|1
|
|-weather|none
|upkeep
|turn|6
|l| ad067
|
|t:|1619528508
|move|p1a: Zapdos|Thunderous Kick|p2a: Mandibuzz
|-damage|p2a: Mandibuzz|22/100
|-unboost|p2a: Mandibuzz|def|1
|move|p2a: Mandibuzz|U-turn|p1a: Zapdos
|-resisted|p1a: Zapdos
|-crit|p1a: Zapdos
|-damage|p1a: Zapdos|89/100
|l| Mister Hat
|
|t:|1619528526
|switch|p2a: Slowking|Slowking, F|100/100|[from]move: U-turn
|
|upkeep
|turn|7
|
|t:|1619528531
|switch|p1a: Hydreigon|Hydreigon, F|100/100
|move|p2a: Slowking|Future Sight|p1a: Hydreigon
|-start|p2a: Slowking|move: Future Sight
|
|upkeep
|turn|8
|j| mets3569
|j| Ashgreninjaanime
|
|t:|1619528555
|move|p1a: Hydreigon|Dark Pulse|p2a: Slowking
|-supereffective|p2a: Slowking
|-damage|p2a: Slowking|25/100
|move|p2a: Slowking|Teleport|p2a: Slowking
|
|t:|1619528568
|switch|p2a: Kyurem|Kyurem|94/100|[from]move: Teleport
|-ability|p2a: Kyurem|Pressure
|
|upkeep
|turn|9
|j| Tkmof11209
|inactive|chippy2 has 120 seconds left.
|
|t:|1619528597
|switch|p1a: Melmetal|Melmetal|57/100
|move|p2a: Kyurem|Draco Meteor|p1a: Melmetal
|-resisted|p1a: Melmetal
|-damage|p1a: Melmetal|17/100
|-unboost|p2a: Kyurem|spa|2
|
|-end|p1a: Melmetal|move: Future Sight
|-resisted|p1a: Melmetal
|-damage|p1a: Melmetal|0 fnt
|upkeep
|faint|p1a: Melmetal
|inactive|chippy2 has 120 seconds left.
|
|t:|1619528606
|switch|p1a: Volcarona|Volcarona, M|100/100
|turn|10
|
|t:|1619528612
|move|p2a: Kyurem|Draco Meteor|p1a: Volcarona
|-damage|p1a: Volcarona|59/100
|-unboost|p2a: Kyurem|spa|2
|move|p1a: Volcarona|Quiver Dance|p1a: Volcarona
|-boost|p1a: Volcarona|spa|1
|-boost|p1a: Volcarona|spd|1
|-boost|p1a: Volcarona|spe|1
|
|upkeep
|turn|11
|j|%J0rdy004 ♫
|l| Yuppy2A
|
|t:|1619528630
|switch|p2a: Mandibuzz|Mandibuzz, F|22/100
|move|p1a: Volcarona|Flamethrower|p2a: Mandibuzz
|-damage|p2a: Mandibuzz|0 fnt
|faint|p2a: Mandibuzz
|
|upkeep
|
|t:|1619528635
|switch|p2a: Urshifu|Urshifu-Rapid-Strike, F|66/100
|turn|12
|inactive|chippy2 has 120 seconds left.
|
|t:|1619528676
|switch|p1a: Hydreigon|Hydreigon, F|100/100
|move|p2a: Urshifu|Aqua Jet|p1a: Hydreigon
|-resisted|p1a: Hydreigon
|-damage|p1a: Hydreigon|84/100
|
|upkeep
|turn|13
|inactive|BaddyGames has 120 seconds left.
|
|t:|1619528707
|switch|p2a: Slowking|Slowking, F|59/100
|move|p1a: Hydreigon|Dark Pulse|p2a: Slowking
|-supereffective|p2a: Slowking
|-damage|p2a: Slowking|0 fnt
|faint|p2a: Slowking
|
|upkeep
|
|t:|1619528709
|switch|p2a: Kyurem|Kyurem|94/100
|-ability|p2a: Kyurem|Pressure
|turn|14
|l| DonnieDarko31
|inactive|chippy2 has 120 seconds left.
|
|t:|1619528735
|move|p2a: Kyurem|Draco Meteor|p1a: Hydreigon
|-supereffective|p1a: Hydreigon
|-damage|p1a: Hydreigon|0 fnt
|-unboost|p2a: Kyurem|spa|2
|faint|p1a: Hydreigon
|
|upkeep
|
|t:|1619528743
|switch|p1a: Suicune|Suicune|100/100
|-ability|p1a: Suicune|Pressure
|turn|15
|
|t:|1619528754
|switch|p2a: Urshifu|Urshifu-Rapid-Strike, F|66/100
|move|p1a: Suicune|Substitute|p1a: Suicune
|-start|p1a: Suicune|Substitute
|-damage|p1a: Suicune|75/100
|
|-heal|p1a: Suicune|82/100|[from] item: Leftovers
|upkeep
|turn|16
|
|t:|1619528780
|move|p2a: Urshifu|Thunder Punch|p1a: Suicune
|-supereffective|p1a: Suicune
|-end|p1a: Suicune|Substitute
|move|p1a: Suicune|Scald|p2a: Urshifu
|-resisted|p2a: Urshifu
|-damage|p2a: Urshifu|46/100
|
|-heal|p1a: Suicune|88/100|[from] item: Leftovers
|upkeep
|turn|17
|
|t:|1619528794
|switch|p1a: Garchomp|Garchomp, M|40/100
|move|p2a: Urshifu|Thunder Punch|p1a: Garchomp
|-immune|p1a: Garchomp
|
|upkeep
|turn|18
|
|t:|1619528803
|switch|p2a: Kyurem|Kyurem|94/100
|-ability|p2a: Kyurem|Pressure
|move|p1a: Garchomp|Earthquake|p2a: Kyurem
|-damage|p2a: Kyurem|57/100
|
|upkeep
|turn|19
|
|t:|1619528821
|switch|p1a: Volcarona|Volcarona, M|59/100
|move|p2a: Kyurem|Draco Meteor|p1a: Volcarona
|-damage|p1a: Volcarona|0 fnt
|-unboost|p2a: Kyurem|spa|2
|faint|p1a: Volcarona
|
|upkeep
|inactive|chippy2 has 90 seconds left.
|
|t:|1619528863
|switch|p1a: Suicune|Suicune|88/100
|-ability|p1a: Suicune|Pressure
|turn|20
|
|t:|1619528876
|switch|p2a: Urshifu|Urshifu-Rapid-Strike, F|46/100
|move|p1a: Suicune|Substitute|p1a: Suicune
|-start|p1a: Suicune|Substitute
|-damage|p1a: Suicune|63/100
|
|-heal|p1a: Suicune|69/100|[from] item: Leftovers
|upkeep
|turn|21
|
|t:|1619528884
|move|p2a: Urshifu|Thunder Punch|p1a: Suicune
|-supereffective|p1a: Suicune
|-crit|p1a: Suicune
|-end|p1a: Suicune|Substitute
|move|p1a: Suicune|Scald|p2a: Urshifu
|-resisted|p2a: Urshifu
|-damage|p2a: Urshifu|29/100
|-status|p2a: Urshifu|brn
|
|-heal|p1a: Suicune|75/100|[from] item: Leftovers
|-damage|p2a: Urshifu|23/100 brn|[from] brn
|upkeep
|turn|22
|inactive|chippy2 has 90 seconds left.
|
|t:|1619528892
|switch|p1a: Garchomp|Garchomp, M|40/100
|move|p2a: Urshifu|Thunder Punch|p1a: Garchomp
|-immune|p1a: Garchomp
|
|-damage|p2a: Urshifu|17/100 brn|[from] brn
|upkeep
|turn|23
|
|t:|1619528897
|move|p2a: Urshifu|Thunder Punch|p1a: Garchomp
|-immune|p1a: Garchomp
|move|p1a: Garchomp|Stealth Rock|p2a: Urshifu
|-sidestart|p2: BaddyGames|move: Stealth Rock
|
|-damage|p2a: Urshifu|10/100 brn|[from] brn
|upkeep
|turn|24
|
|t:|1619528899
|move|p2a: Urshifu|Thunder Punch|p1a: Garchomp
|-immune|p1a: Garchomp
|move|p1a: Garchomp|Earthquake|p2a: Urshifu
|-damage|p2a: Urshifu|0 fnt
|faint|p2a: Urshifu
|
|upkeep
|
|t:|1619528901
|switch|p2a: Kyurem|Kyurem|57/100
|-damage|p2a: Kyurem|32/100|[from] Stealth Rock
|-ability|p2a: Kyurem|Pressure
|turn|25
|
|t:|1619528903
|move|p2a: Kyurem|Freeze-Dry|p1a: Garchomp
|-supereffective|p1a: Garchomp
|-damage|p1a: Garchomp|0 fnt
|faint|p1a: Garchomp
|
|upkeep
|
|t:|1619528909
|switch|p1a: Zapdos|Zapdos-Galar|89/100
|turn|26
|
|t:|1619528914
|move|p1a: Zapdos|Thunderous Kick|p2a: Kyurem
|-supereffective|p2a: Kyurem
|-damage|p2a: Kyurem|0 fnt
|faint|p2a: Kyurem
|
|upkeep
|
|t:|1619528915
|switch|p2a: Melmetal|Melmetal|100/100
|-damage|p2a: Melmetal|94/100|[from] Stealth Rock
|turn|27
|
|t:|1619528929
|move|p1a: Zapdos|Thunderous Kick|p2a: Melmetal
|-supereffective|p2a: Melmetal
|-damage|p2a: Melmetal|35/100
|-unboost|p2a: Melmetal|def|1
|move|p2a: Melmetal|Double Iron Bash|p1a: Zapdos
|-damage|p1a: Zapdos|38/100
|-damage|p1a: Zapdos|0 fnt
|-hitcount|p1a: Zapdos|2
|faint|p1a: Zapdos
|
|-heal|p2a: Melmetal|41/100|[from] item: Leftovers
|upkeep
|
|t:|1619528936
|switch|p1a: Suicune|Suicune|75/100
|-ability|p1a: Suicune|Pressure
|turn|28
|
|t:|1619528940
|move|p1a: Suicune|Scald|p2a: Melmetal
|-damage|p2a: Melmetal|18/100
|move|p2a: Melmetal|Toxic|p1a: Suicune
|-status|p1a: Suicune|tox
|
|-heal|p1a: Suicune|81/100 tox|[from] item: Leftovers
|-heal|p2a: Melmetal|24/100|[from] item: Leftovers
|-damage|p1a: Suicune|75/100 tox|[from] psn
|upkeep
|turn|29
|
|t:|1619528946
|move|p2a: Melmetal|Protect|p2a: Melmetal
|-singleturn|p2a: Melmetal|Protect
|move|p1a: Suicune|Calm Mind|p1a: Suicune
|-boost|p1a: Suicune|spa|1
|-boost|p1a: Suicune|spd|1
|
|-heal|p1a: Suicune|81/100 tox|[from] item: Leftovers
|-heal|p2a: Melmetal|30/100|[from] item: Leftovers
|-damage|p1a: Suicune|69/100 tox|[from] psn
|upkeep
|turn|30
|c| Tkmof11209|Gg
|
|t:|1619528950
|move|p2a: Melmetal|Protect||[still]
|-fail|p2a: Melmetal
|move|p1a: Suicune|Scald|p2a: Melmetal
|-damage|p2a: Melmetal|0 fnt
|faint|p2a: Melmetal
|
|win|chippy2
|n|☆chippy2|chippy2
|n|☆BaddyGames|baddygames
|n|*Lady Monita|ladymonita
|n| Demykunst|demykunst
|n| Janjao123|janjao123
|n| Vivi02|vivi02
|n| ScottOBrian|scottobrian
|n| placuszek|placuszek
|n| mets3569|mets3569
|n| Ashgreninjaanime|ashgreninjaanime
|n| Tkmof11209|tkmof11209
|n| J0rdy004 ♫|j0rdy004
