|j|☆brettfavreinnocent
|j|☆china_ooa
|t:|1664099408
|gametype|singles
|player|p1|brettfavreinnocent|pokemaniac|1683
|player|p2|china_ooa|169|1711
|teamsize|p1|6
|teamsize|p2|6
|gen|8
|tier|[Gen 8] OU
|rated|
|rule|Sleep Clause Mod: Limit one foe put to sleep
|rule|Species Clause: Limit one of each Pokémon
|rule|OHKO Clause: OHKO moves are banned
|rule|Evasion Items Clause: Evasion items are banned
|rule|Evasion Moves Clause: Evasion moves are banned
|rule|Endless Battle Clause: Forcing endless battles is banned
|rule|HP Percentage Mod: HP is shown in percentages
|rule|Dynamax Clause: You cannot dynamax
|clearpoke
|poke|p1|Zapdos|
|poke|p1|Pelipper, F|
|poke|p1|Ferrothorn, M|
|poke|p1|Barraskewda, F|
|poke|p1|Urshifu-*, M|
|poke|p1|Seismitoad, M|
|poke|p2|Zapdos|
|poke|p2|Weavile, F|
|poke|p2|Kartana|
|poke|p2|Landorus-Therian, M|
|poke|p2|Volcanion|
|poke|p2|Melmetal|
|teampreview
|inactive|Battle timer is ON: inactive players will automatically lose when time's up. (requested by brettfavreinnocent)
|
|t:|1664099416
|start
|switch|p1a: Ferrothorn|Ferrothorn, M|100/100
|switch|p2a: Volcanion|Volcanion|100/100
|turn|1
|j| Ahamkeira
|
|t:|1664099420
|switch|p1a: Pelipper|Pelipper, F|100/100
|-weather|RainDance|[from] ability: Drizzle|[of] p1a: Pelipper
|move|p2a: Volcanion|Steam Eruption|p1a: Pelipper
|-resisted|p1a: Pelipper
|-damage|p1a: Pelipper|0 fnt
|faint|p1a: Pelipper
|
|-weather|RainDance|[upkeep]
|upkeep
|j| Bit_Crafter
|
|t:|1664099425
|switch|p1a: Urshifu|Urshifu-Rapid-Strike, M|100/100
|turn|2
|
|t:|1664099428
|move|p1a: Urshifu|Surging Strikes|p2a: Volcanion
|-immune|p2a: Volcanion|[from] ability: Water Absorb
|move|p2a: Volcanion|Steam Eruption|p1a: Urshifu
|-resisted|p1a: Urshifu
|-damage|p1a: Urshifu|0 fnt
|faint|p1a: Urshifu
|
|-weather|RainDance|[upkeep]
|upkeep
|
|t:|1664099431
|switch|p1a: Zapdos|Zapdos|100/100
|turn|3
|
|t:|1664099436
|switch|p2a: Landorus|Landorus-Therian, M|100/100
|-ability|p2a: Landorus|Intimidate|boost
|-unboost|p1a: Zapdos|atk|1
|move|p1a: Zapdos|Weather Ball|p2a: Landorus
|-supereffective|p2a: Landorus
|-crit|p2a: Landorus
|-damage|p2a: Landorus|0 fnt
|faint|p2a: Landorus
|
|-weather|RainDance|[upkeep]
|upkeep
|c| Bit_Crafter|you dumbfuck
|j| LT_Alt1
|
|t:|1664099447
|switch|p2a: Zapdos|Zapdos|100/100
|turn|4
|
|t:|1664099452
|move|p2a: Zapdos|Volt Switch|p1a: Zapdos
|-damage|p1a: Zapdos|56/100
|
|t:|1664099459
|switch|p2a: Weavile|Weavile, F|100/100|[from]move: Volt Switch
|-ability|p2a: Weavile|Pressure
|move|p1a: Zapdos|Thunder|p2a: Weavile
|-damage|p2a: Weavile|9/100
|-status|p2a: Weavile|par
|
|-weather|RainDance|[upkeep]
|upkeep
|turn|5
|c| Bit_Crafter|brett losing elo all day huh?
|c| Bit_Crafter|Frelo central
|
|t:|1664099467
|move|p1a: Zapdos|Thunder|p2a: Weavile
|-damage|p2a: Weavile|0 fnt
|faint|p2a: Weavile
|
|-weather|RainDance|[upkeep]
|upkeep
|
|t:|1664099470
|switch|p2a: Zapdos|Zapdos|100/100
|turn|6
|
|t:|1664099472
|switch|p1a: Ferrothorn|Ferrothorn, M|100/100
|move|p2a: Zapdos|Thunderbolt|p1a: Ferrothorn
|-resisted|p1a: Ferrothorn
|-damage|p1a: Ferrothorn|85/100
|
|-weather|RainDance|[upkeep]
|-heal|p1a: Ferrothorn|91/100|[from] item: Leftovers
|upkeep
|turn|7
|
|t:|1664099480
|move|p2a: Zapdos|Hurricane|p1a: Ferrothorn
|-damage|p1a: Ferrothorn|54/100
|move|p1a: Ferrothorn|Knock Off|p2a: Zapdos
|-damage|p2a: Zapdos|75/100
|-status|p1a: Ferrothorn|par|[from] ability: Static|[of] p2a: Zapdos
|-enditem|p2a: Zapdos|Heavy-Duty Boots|[from] move: Knock Off|[of] p1a: Ferrothorn
|
|-weather|RainDance|[upkeep]
|-heal|p1a: Ferrothorn|60/100 par|[from] item: Leftovers
|upkeep
|turn|8
|
|t:|1664099485
|move|p2a: Zapdos|Hurricane|p1a: Ferrothorn
|-damage|p1a: Ferrothorn|22/100 par
|move|p1a: Ferrothorn|Leech Seed|p2a: Zapdos
|-start|p2a: Zapdos|move: Leech Seed
|
|-weather|none
|-heal|p1a: Ferrothorn|29/100 par|[from] item: Leftovers
|-damage|p2a: Zapdos|62/100|[from] Leech Seed|[of] p1a: Ferrothorn
|-heal|p1a: Ferrothorn|40/100 par|[silent]
|upkeep
|turn|9
|
|t:|1664099492
|move|p2a: Zapdos|Volt Switch|p1a: Ferrothorn
|-resisted|p1a: Ferrothorn
|-damage|p1a: Ferrothorn|27/100 par
|
|t:|1664099499
|switch|p2a: Volcanion|Volcanion|100/100|[from]move: Volt Switch
|move|p1a: Ferrothorn|Stealth Rock|p2a: Volcanion
|-sidestart|p2: china_ooa|move: Stealth Rock
|
|-heal|p1a: Ferrothorn|33/100 par|[from] item: Leftovers
|upkeep
|turn|10
|
|t:|1664099507
|move|p2a: Volcanion|Steam Eruption|p1a: Ferrothorn
|-resisted|p1a: Ferrothorn
|-damage|p1a: Ferrothorn|0 fnt
|faint|p1a: Ferrothorn
|
|upkeep
|
|t:|1664099515
|switch|p1a: Weatherman|Seismitoad, M, shiny|100/100
|turn|11
|j| vvvRAYvvv
|
|t:|1664099521
|move|p1a: Weatherman|Earth Power|p2a: Volcanion
|-supereffective|p2a: Volcanion
|-damage|p2a: Volcanion|0 fnt
|faint|p2a: Volcanion
|-damage|p1a: Weatherman|91/100|[from] item: Life Orb
|
|upkeep
|
|t:|1664099529
|switch|p2a: Melmetal|Melmetal|100/100
|-damage|p2a: Melmetal|94/100|[from] Stealth Rock
|turn|12
|
|t:|1664099534
|move|p1a: Weatherman|Earth Power|p2a: Melmetal
|-supereffective|p2a: Melmetal
|-damage|p2a: Melmetal|0 fnt
|faint|p2a: Melmetal
|-damage|p1a: Weatherman|81/100|[from] item: Life Orb
|
|upkeep
|c| Bit_Crafter|Brett get on your knees and suck big daddy off now
|j| qxfn143
|j| Attckurz
|
|t:|1664099543
|switch|p2a: Kartana|Kartana|100/100
|-damage|p2a: Kartana|94/100|[from] Stealth Rock
|turn|13
|
|t:|1664099552
|move|p2a: Kartana|Knock Off|p1a: Weatherman
|-damage|p1a: Weatherman|24/100
|-enditem|p1a: Weatherman|Life Orb|[from] move: Knock Off|[of] p2a: Kartana
|move|p1a: Weatherman|Earth Power|p2a: Kartana
|-damage|p2a: Kartana|0 fnt
|faint|p2a: Kartana
|
|upkeep
|
|t:|1664099557
|switch|p2a: Zapdos|Zapdos|62/100
|-damage|p2a: Zapdos|38/100|[from] Stealth Rock
|turn|14
|c| Bit_Crafter|because you giving out frelo like this is basically thgat
|-message|china_ooa forfeited.
|
|win|brettfavreinnocent
|raw|brettfavreinnocent's rating: 1683 &rarr; <strong>1705</strong><br />(+22 for winning)
|raw|china_ooa's rating: 1711 &rarr; <strong>1689</strong><br />(-22 for losing)
|l|☆china_ooa
|c| Bit_Crafter|nvm,
|c|☆brettfavreinnocent|i won stupid freak
|c| Ahamkeira|thank god
|c|☆brettfavreinnocent|i hope you get in a car crash
|c| Bit_Crafter|u lost
|c| Ahamkeira|they're jsut joing games talking shit
|c|☆brettfavreinnocent|both of you
|c| Bit_Crafter|mentally
|c| Bit_Crafter|suck me offf
|c| vvvRAYvvv|好强的攻击性
|c|☆brettfavreinnocent|^^^^
|c| Bit_Crafter|or ill make your sis do it
|c|☆brettfavreinnocent|ur a weird rapey guy
|c| Bit_Crafter|naw
|l| qxfn143
|c| Bit_Crafter|im a greAt guy
|l| vvvRAYvvv
|c|☆brettfavreinnocent|i would love if you free fell from a tall apartment complex
|c| Bit_Crafter|you will
|c| Bit_Crafter|do that
|c| Bit_Crafter|because you think of sucide so much
|c|☆brettfavreinnocent|where do you live let’s fight
|c| Attckurz|u
|c| Ahamkeira|probably the 9th alt of someone who's only got showdown for interaction and a keyboard to stop consiquences. /ignore and we'll all move on
|c| Bit_Crafter|you will end it
|c| Attckurz|失去了可还行
|c|☆brettfavreinnocent|i’m in massachusetts
|c| Bit_Crafter|Aha you were al nice with me
|c|☆brettfavreinnocent|if ur anywhere in 3 hour radius
|c|☆brettfavreinnocent|i will go to you
|c| Bit_Crafter|im in cali
|c| Bit_Crafter|:/
|c|☆brettfavreinnocent|L
|c| Ahamkeira|housing prices L
|c| Bit_Crafter|Give me your number
|c|☆brettfavreinnocent|have a good one and don’t be so rapey
|c| Ahamkeira|^
|l| Ahamkeira
|l| Attckurz
|c| Bit_Crafter|Give me the snAP
|l|☆brettfavreinnocent
|c| Bit_Crafter|ill show you a real woman
|j|%Amaluna
