|j|☆LT91BB Kebab
|j|☆j_albacino023
|t:|1659439592
|gametype|singles
|player|p1|LT91BB Kebab|volkner|1909
|player|p2|j_albacino023|101|1884
|teamsize|p1|6
|teamsize|p2|6
|gen|8
|tier|[Gen 8] OU
|rated|
|rule|Sleep Clause Mod: Limit one foe put to sleep
|rule|Species Clause: Limit one of each Pokémon
|rule|OHKO Clause: OHKO moves are banned
|rule|Evasion Moves Clause: Evasion moves are banned
|rule|Endless Battle Clause: Forcing endless battles is banned
|rule|HP Percentage Mod: HP is shown in percentages
|rule|Dynamax Clause: You cannot dynamax
|clearpoke
|poke|p1|Tapu Fini|
|poke|p1|Tornadus-Therian, M|
|poke|p1|Landorus-Therian, M|
|poke|p1|Heatran, F|
|poke|p1|Tapu Koko|
|poke|p1|Melmetal|
|poke|p2|Ferrothorn, F|
|poke|p2|Rotom-Wash|
|poke|p2|Tyranitar, M|
|poke|p2|Excadrill, M|
|poke|p2|Clefable, M|
|poke|p2|Dragapult, F|
|teampreview
|
|t:|1659439607
|start
|switch|p1a: GIGGINO|Tornadus-Therian, M|100/100
|switch|p2a: Rotom|Rotom-Wash|100/100
|turn|1
|
|t:|1659439610
|move|p1a: GIGGINO|Knock Off|p2a: Rotom
|-damage|p2a: Rotom|79/100
|-enditem|p2a: Rotom|Leftovers|[from] move: Knock Off|[of] p1a: GIGGINO
|move|p2a: Rotom|Toxic|p1a: GIGGINO
|-status|p1a: GIGGINO|tox
|
|-damage|p1a: GIGGINO|94/100 tox|[from] psn
|upkeep
|turn|2
|j| isabela000◥▶_◀◤
|
|t:|1659439618
|move|p1a: GIGGINO|Hurricane|p2a: Rotom
|-resisted|p2a: Rotom
|-damage|p2a: Rotom|56/100
|move|p2a: Rotom|Volt Switch|p1a: GIGGINO
|-supereffective|p1a: GIGGINO
|-damage|p1a: GIGGINO|41/100 tox
|
|t:|1659439622
|switch|p2a: Dragapult|Dragapult, F|100/100|[from]move: Volt Switch
|
|-damage|p1a: GIGGINO|29/100 tox|[from] psn
|upkeep
|turn|3
|
|t:|1659439630
|switch|p1a: ENZO|Heatran, F|100/100
|move|p2a: Dragapult|Shadow Ball|p1a: ENZO
|-damage|p1a: ENZO|52/100
|-unboost|p1a: ENZO|spd|1
|
|-heal|p1a: ENZO|59/100|[from] item: Leftovers
|upkeep
|turn|4
|j| Trannos
|
|t:|1659439636
|move|p2a: Dragapult|Shadow Ball|p1a: ENZO
|-damage|p1a: ENZO|0 fnt
|faint|p1a: ENZO
|
|upkeep
|
|t:|1659439638
|switch|p1a: PEPPONE|Melmetal|100/100
|turn|5
|
|t:|1659439644
|switch|p2a: Ferrothorn|Ferrothorn, F|100/100
|move|p1a: PEPPONE|Superpower|p2a: Ferrothorn
|-supereffective|p2a: Ferrothorn
|-damage|p2a: Ferrothorn|40/100
|-unboost|p1a: PEPPONE|atk|1
|-unboost|p1a: PEPPONE|def|1
|-activate|p2a: Ferrothorn|ability: Iron Barbs
|-activate|p1a: PEPPONE|item: Protective Pads
|
|-heal|p2a: Ferrothorn|46/100|[from] item: Leftovers
|upkeep
|turn|6
|
|t:|1659439652
|move|p1a: PEPPONE|Double Iron Bash|p2a: Ferrothorn
|-resisted|p2a: Ferrothorn
|-damage|p2a: Ferrothorn|38/100
|-activate|p2a: Ferrothorn|ability: Iron Barbs
|-activate|p1a: PEPPONE|item: Protective Pads
|-resisted|p2a: Ferrothorn
|-damage|p2a: Ferrothorn|29/100
|-activate|p2a: Ferrothorn|ability: Iron Barbs
|-activate|p1a: PEPPONE|item: Protective Pads
|-hitcount|p2a: Ferrothorn|2
|move|p2a: Ferrothorn|Body Press|p1a: PEPPONE
|-supereffective|p1a: PEPPONE
|-damage|p1a: PEPPONE|41/100
|
|-heal|p2a: Ferrothorn|35/100|[from] item: Leftovers
|upkeep
|turn|7
|
|t:|1659439666
|switch|p2a: Dragapult|Dragapult, F|100/100
|move|p1a: PEPPONE|Superpower|p2a: Dragapult
|-immune|p2a: Dragapult
|
|upkeep
|turn|8
|j| LT91BB N
|j| ojr
|
|t:|1659439678
|switch|p1a: GIGGINO|Tornadus-Therian, M|62/100 tox
|move|p2a: Dragapult|Shadow Ball|p1a: GIGGINO
|-damage|p1a: GIGGINO|8/100 tox
|-unboost|p1a: GIGGINO|spd|1
|
|-damage|p1a: GIGGINO|2/100 tox|[from] psn
|upkeep
|turn|9
|j| HUNCHOLINI I
|
|t:|1659439681
|move|p2a: Dragapult|Shadow Ball|p1a: GIGGINO
|-damage|p1a: GIGGINO|0 fnt
|faint|p1a: GIGGINO
|
|upkeep
|
|t:|1659439683
|switch|p1a: MARIANO|Tapu Koko|100/100
|-fieldstart|move: Electric Terrain|[from] ability: Electric Surge|[of] p1a: MARIANO
|turn|10
|
|t:|1659439688
|switch|p2a: Excadrill|Excadrill, M|100/100
|move|p1a: MARIANO|Dazzling Gleam|p2a: Excadrill
|-resisted|p2a: Excadrill
|-damage|p2a: Excadrill|64/100
|
|-heal|p2a: Excadrill|70/100|[from] item: Leftovers
|upkeep
|turn|11
|
|t:|1659439699
|switch|p1a: LELLO|Landorus-Therian, M|100/100
|-ability|p1a: LELLO|Intimidate|boost
|-unboost|p2a: Excadrill|atk|1
|move|p2a: Excadrill|Iron Head|p1a: LELLO
|-damage|p1a: LELLO|69/100
|
|-heal|p1a: LELLO|75/100|[from] item: Leftovers
|-heal|p2a: Excadrill|76/100|[from] item: Leftovers
|upkeep
|turn|12
|j| ICVR
|
|t:|1659439710
|switch|p2a: Clefable|Clefable, M|100/100
|move|p1a: LELLO|Swords Dance|p1a: LELLO
|-boost|p1a: LELLO|atk|2
|
|-heal|p1a: LELLO|81/100|[from] item: Leftovers
|upkeep
|turn|13
|
|t:|1659439715
|move|p1a: LELLO|Earthquake|p2a: Clefable
|-damage|p2a: Clefable|17/100
|move|p2a: Clefable|Stealth Rock|p1a: LELLO
|-sidestart|p1: LT91BB Kebab|move: Stealth Rock
|
|-heal|p1a: LELLO|87/100|[from] item: Leftovers
|upkeep
|turn|14
|
|t:|1659439726
|move|p1a: LELLO|Earthquake|p2a: Clefable
|-damage|p2a: Clefable|0 fnt
|faint|p2a: Clefable
|
|-heal|p1a: LELLO|93/100|[from] item: Leftovers
|-fieldend|move: Electric Terrain
|upkeep
|
|t:|1659439729
|switch|p2a: Dragapult|Dragapult, F|100/100
|turn|15
|
|t:|1659439735
|switch|p1a: MARIANO|Tapu Koko|100/100
|-damage|p1a: MARIANO|88/100|[from] Stealth Rock
|-fieldstart|move: Electric Terrain|[from] ability: Electric Surge|[of] p1a: MARIANO
|move|p2a: Dragapult|Draco Meteor|p1a: MARIANO
|-immune|p1a: MARIANO
|
|upkeep
|turn|16
|
|t:|1659439740
|switch|p2a: Excadrill|Excadrill, M|76/100
|move|p1a: MARIANO|Dazzling Gleam|p2a: Excadrill
|-resisted|p2a: Excadrill
|-damage|p2a: Excadrill|44/100
|
|-heal|p2a: Excadrill|50/100|[from] item: Leftovers
|upkeep
|turn|17
|
|t:|1659439746
|move|p1a: MARIANO|Dazzling Gleam|p2a: Excadrill
|-resisted|p2a: Excadrill
|-damage|p2a: Excadrill|18/100
|move|p2a: Excadrill|Iron Head|p1a: MARIANO
|-damage|p1a: MARIANO|23/100
|
|-heal|p2a: Excadrill|24/100|[from] item: Leftovers
|upkeep
|turn|18
|
|t:|1659439750
|switch|p2a: Tyranitar|Tyranitar, M|100/100
|-weather|Sandstorm|[from] ability: Sand Stream|[of] p2a: Tyranitar
|move|p1a: MARIANO|Dazzling Gleam|p2a: Tyranitar
|-supereffective|p2a: Tyranitar
|-damage|p2a: Tyranitar|37/100
|
|-weather|Sandstorm|[upkeep]
|-damage|p1a: MARIANO|17/100|[from] Sandstorm
|upkeep
|turn|19
|
|t:|1659439753
|move|p1a: MARIANO|Dazzling Gleam|p2a: Tyranitar
|-supereffective|p2a: Tyranitar
|-damage|p2a: Tyranitar|0 fnt
|faint|p2a: Tyranitar
|
|-weather|Sandstorm|[upkeep]
|-damage|p1a: MARIANO|11/100|[from] Sandstorm
|-fieldend|move: Electric Terrain
|upkeep
|
|t:|1659439755
|switch|p2a: Excadrill|Excadrill, M|24/100
|turn|20
|
|t:|1659439766
|move|p2a: Excadrill|Iron Head|p1a: MARIANO
|-damage|p1a: MARIANO|0 fnt
|faint|p1a: MARIANO
|
|-weather|Sandstorm|[upkeep]
|-heal|p2a: Excadrill|30/100|[from] item: Leftovers
|upkeep
|
|t:|1659439768
|switch|p1a: LELLO|Landorus-Therian, M|93/100
|-damage|p1a: LELLO|81/100|[from] Stealth Rock
|-ability|p1a: LELLO|Intimidate|boost
|-unboost|p2a: Excadrill|atk|1
|turn|21
|
|t:|1659439776
|move|p2a: Excadrill|Iron Head|p1a: LELLO
|-damage|p1a: LELLO|45/100
|move|p1a: LELLO|Earthquake|p2a: Excadrill
|-supereffective|p2a: Excadrill
|-damage|p2a: Excadrill|0 fnt
|faint|p2a: Excadrill
|
|-weather|Sandstorm|[upkeep]
|-heal|p1a: LELLO|51/100|[from] item: Leftovers
|upkeep
|
|t:|1659439779
|switch|p2a: Dragapult|Dragapult, F|100/100
|turn|22
|
|t:|1659439799
|switch|p1a: PEPPONE|Melmetal|41/100
|-damage|p1a: PEPPONE|35/100|[from] Stealth Rock
|move|p2a: Dragapult|Shadow Ball|p1a: PEPPONE
|-damage|p1a: PEPPONE|0 fnt
|faint|p1a: PEPPONE
|
|-weather|none
|upkeep
|
|t:|1659439801
|switch|p1a: CARMELA|Tapu Fini|100/100
|-damage|p1a: CARMELA|88/100|[from] Stealth Rock
|-fieldstart|move: Misty Terrain|[from] ability: Misty Surge|[of] p1a: CARMELA
|turn|23
|j| Phxo'
|j| LT91BB Why
|
|t:|1659439811
|switch|p2a: Rotom|Rotom-Wash|56/100
|switch|p1a: LELLO|Landorus-Therian, M|51/100
|-damage|p1a: LELLO|39/100|[from] Stealth Rock
|-ability|p1a: LELLO|Intimidate|boost
|-unboost|p2a: Rotom|atk|1
|
|-heal|p1a: LELLO|45/100|[from] item: Leftovers
|upkeep
|turn|24
|
|t:|1659439818
|switch|p2a: Ferrothorn|Ferrothorn, F|35/100
|move|p1a: LELLO|Substitute|p1a: LELLO
|-start|p1a: LELLO|Substitute
|-damage|p1a: LELLO|20/100
|
|-heal|p1a: LELLO|26/100|[from] item: Leftovers
|-heal|p2a: Ferrothorn|41/100|[from] item: Leftovers
|upkeep
|turn|25
|
|t:|1659439826
|move|p1a: LELLO|Earthquake|p2a: Ferrothorn
|-damage|p2a: Ferrothorn|5/100
|move|p2a: Ferrothorn|Spikes|p1a: LELLO
|-sidestart|p1: LT91BB Kebab|Spikes
|
|-heal|p1a: LELLO|32/100|[from] item: Leftovers
|-heal|p2a: Ferrothorn|11/100|[from] item: Leftovers
|upkeep
|turn|26
|
|t:|1659439834
|move|p1a: LELLO|Earthquake|p2a: Ferrothorn
|-damage|p2a: Ferrothorn|0 fnt
|faint|p2a: Ferrothorn
|
|-heal|p1a: LELLO|38/100|[from] item: Leftovers
|upkeep
|j| LT91BB PDC
|
|t:|1659439837
|switch|p2a: Dragapult|Dragapult, F|100/100
|turn|27
|
|t:|1659439839
|move|p2a: Dragapult|Shadow Ball|p1a: LELLO
|-damage|p1a: LELLO|0 fnt
|faint|p1a: LELLO
|
|-fieldend|Misty Terrain
|upkeep
|
|t:|1659439841
|switch|p1a: CARMELA|Tapu Fini|88/100
|-damage|p1a: CARMELA|75/100|[from] Stealth Rock
|-damage|p1a: CARMELA|63/100|[from] Spikes
|-fieldstart|move: Misty Terrain|[from] ability: Misty Surge|[of] p1a: CARMELA
|turn|28
|l| LT91BB Why
|
|t:|1659439848
|move|p2a: Dragapult|Shadow Ball|p1a: CARMELA
|-damage|p1a: CARMELA|20/100
|move|p1a: CARMELA|Draining Kiss|p2a: Dragapult
|-supereffective|p2a: Dragapult
|-damage|p2a: Dragapult|54/100
|-heal|p1a: CARMELA|52/100|[from] drain|[of] p2a: Dragapult
|
|-heal|p1a: CARMELA|58/100|[from] item: Leftovers
|upkeep
|turn|29
|
|t:|1659439853
|move|p2a: Dragapult|Shadow Ball|p1a: CARMELA
|-damage|p1a: CARMELA|14/100
|move|p1a: CARMELA|Draining Kiss|p2a: Dragapult
|-supereffective|p2a: Dragapult
|-damage|p2a: Dragapult|6/100
|-heal|p1a: CARMELA|48/100|[from] drain|[of] p2a: Dragapult
|
|-heal|p1a: CARMELA|54/100|[from] item: Leftovers
|upkeep
|turn|30
|
|t:|1659439856
|move|p2a: Dragapult|Shadow Ball|p1a: CARMELA
|-damage|p1a: CARMELA|10/100
|-unboost|p1a: CARMELA|spd|1
|move|p1a: CARMELA|Draining Kiss|p2a: Dragapult
|-supereffective|p2a: Dragapult
|-damage|p2a: Dragapult|0 fnt
|-heal|p1a: CARMELA|14/100|[from] drain|[of] p2a: Dragapult
|faint|p2a: Dragapult
|
|-heal|p1a: CARMELA|20/100|[from] item: Leftovers
|upkeep
|
|t:|1659439859
|switch|p2a: Rotom|Rotom-Wash|56/100
|turn|31
|
|t:|1659439861
|move|p2a: Rotom|Volt Switch|p1a: CARMELA
|-supereffective|p1a: CARMELA
|-crit|p1a: CARMELA
|-damage|p1a: CARMELA|0 fnt
|faint|p1a: CARMELA
|
|win|j_albacino023
|raw|LT91BB Kebab's rating: 1909 &rarr; <strong>1888</strong><br />(-21 for losing)
|raw|j_albacino023's rating: 1884 &rarr; <strong>1905</strong><br />(+21 for winning)
|l|☆LT91BB Kebab
|l|☆j_albacino023
|l| ojr
