|j|☆winter lanterns
|j|☆napty
|t:|1597480243
|player|p1|winter lanterns|170|1593
|player|p2|napty|265|1689
|teamsize|p1|6
|teamsize|p2|6
|gametype|singles
|gen|8
|tier|[Gen 8] OU
|rated|
|clearpoke
|poke|p1|Scizor, F|
|poke|p1|Rillaboom, M|
|poke|p1|Crawdaunt, F|
|poke|p1|Togekiss, F|
|poke|p1|Zeraora|
|poke|p1|Necrozma|
|poke|p2|Hydreigon, M|
|poke|p2|Ferrothorn, M|
|poke|p2|Clefable, M|
|poke|p2|Zeraora|
|poke|p2|Aegislash, M|
|poke|p2|Kommo-o, M|
|rule|Sleep Clause Mod: Limit one foe put to sleep
|rule|Species Clause: Limit one of each Pokémon
|rule|OHKO Clause: OHKO moves are banned
|rule|Evasion Moves Clause: Evasion moves are banned
|rule|Endless Battle Clause: Forcing endless battles is banned
|rule|HP Percentage Mod: HP is shown in percentages
|rule|Dynamax Clause: You cannot dynamax
|teampreview
|
|t:|1597480254
|start
|switch|p1a: Zeraora|Zeraora|100/100
|switch|p2a: Aegislash|Aegislash, M|100/100
|turn|1
|
|t:|1597480266
|move|p1a: Zeraora|Knock Off|p2a: Aegislash
|-supereffective|p2a: Aegislash
|-damage|p2a: Aegislash|9/100
|-enditem|p2a: Aegislash|Choice Band|[from] move: Knock Off|[of] p1a: Zeraora
|-damage|p1a: Zeraora|91/100|[from] item: Life Orb
|-formechange|p2a: Aegislash|Aegislash-Blade||[from] ability: Stance Change
|move|p2a: Aegislash|Shadow Claw|p1a: Zeraora
|-damage|p1a: Zeraora|36/100
|
|upkeep
|turn|2
|
|t:|1597480275
|move|p2a: Aegislash|Shadow Sneak|p1a: Zeraora
|-damage|p1a: Zeraora|0 fnt
|faint|p1a: Zeraora
|
|upkeep
|
|t:|1597480286
|switch|p1a: Scizor|Scizor, F|100/100
|turn|3
|
|t:|1597480297
|move|p1a: Scizor|Swords Dance|p1a: Scizor
|-boost|p1a: Scizor|atk|2
|move|p2a: Aegislash|Shadow Claw|p1a: Scizor
|-damage|p1a: Scizor|47/100
|
|upkeep
|turn|4
|
|t:|1597480303
|move|p1a: Scizor|Bullet Punch|p2a: Aegislash
|-resisted|p2a: Aegislash
|-damage|p2a: Aegislash|0 fnt
|-damage|p1a: Scizor|37/100|[from] item: Life Orb
|faint|p2a: Aegislash
|
|upkeep
|
|t:|1597480311
|switch|p2a: Zeraora|Zeraora|100/100
|turn|5
|
|t:|1597480314
|move|p1a: Scizor|Quick Attack|p2a: Zeraora
|-damage|p2a: Zeraora|18/100
|-damage|p1a: Scizor|27/100|[from] item: Life Orb
|move|p2a: Zeraora|Volt Switch|p1a: Scizor
|-damage|p1a: Scizor|0 fnt
|faint|p1a: Scizor
|
|t:|1597480333
|switch|p2a: Clefable|Clefable, M|100/100|[from]move: Volt Switch
|
|upkeep
|
|t:|1597480362
|switch|p1a: Necrozma|Necrozma|100/100
|turn|6
|
|t:|1597480378
|move|p1a: Necrozma|Meteor Beam||[still]
|-prepare|p1a: Necrozma|Meteor Beam
|-boost|p1a: Necrozma|spa|1
|-enditem|p1a: Necrozma|Power Herb
|-anim|p1a: Necrozma|Meteor Beam|p2a: Clefable
|-damage|p2a: Clefable|59/100
|move|p2a: Clefable|Teleport|p2a: Clefable
|
|t:|1597480394
|switch|p2a: Hydreigon|Hydreigon, M|100/100|[from]move: Teleport
|
|upkeep
|turn|7
|
|t:|1597480400
|move|p2a: Hydreigon|Nasty Plot|p2a: Hydreigon
|-boost|p2a: Hydreigon|spa|2
|move|p1a: Necrozma|Heat Wave|p2a: Hydreigon
|-resisted|p2a: Hydreigon
|-damage|p2a: Hydreigon|72/100
|
|upkeep
|turn|8
|
|t:|1597480408
|move|p2a: Hydreigon|Draco Meteor|p1a: Necrozma
|-damage|p1a: Necrozma|0 fnt
|-unboost|p2a: Hydreigon|spa|2
|-damage|p2a: Hydreigon|63/100|[from] item: Life Orb
|faint|p1a: Necrozma
|
|upkeep
|
|t:|1597480416
|switch|p1a: Rillaboom|Rillaboom, M|100/100
|-fieldstart|move: Grassy Terrain|[from] ability: Grassy Surge|[of] p1a: Rillaboom
|turn|9
|
|t:|1597480427
|switch|p2a: Kommo-o|Kommo-o, M|100/100
|move|p1a: Rillaboom|U-turn|p2a: Kommo-o
|-resisted|p2a: Kommo-o
|-damage|p2a: Kommo-o|82/100
|
|t:|1597480429
|switch|p1a: Togekiss|Togekiss, F|100/100|[from]move: U-turn
|
|-heal|p2a: Kommo-o|88/100|[from] Grassy Terrain
|upkeep
|turn|10
|
|t:|1597480436
|move|p1a: Togekiss|Air Slash|p2a: Kommo-o
|-supereffective|p2a: Kommo-o
|-damage|p2a: Kommo-o|6/100
|move|p2a: Kommo-o|Stealth Rock|p1a: Togekiss
|-sidestart|p1: winter lanterns|move: Stealth Rock
|
|-heal|p2a: Kommo-o|12/100|[from] Grassy Terrain
|upkeep
|turn|11
|
|t:|1597480448
|move|p1a: Togekiss|Air Slash|p2a: Kommo-o
|-supereffective|p2a: Kommo-o
|-damage|p2a: Kommo-o|0 fnt
|faint|p2a: Kommo-o
|
|upkeep
|
|t:|1597480452
|switch|p2a: Clefable|Clefable, M|59/100
|turn|12
|
|t:|1597480455
|move|p2a: Clefable|Protect|p2a: Clefable
|-singleturn|p2a: Clefable|Protect
|move|p1a: Togekiss|Air Slash|p2a: Clefable
|-activate|p2a: Clefable|move: Protect
|
|-heal|p2a: Clefable|65/100|[from] item: Leftovers
|-heal|p2a: Clefable|71/100|[from] Grassy Terrain
|upkeep
|turn|13
|
|t:|1597480462
|move|p1a: Togekiss|Air Slash|p2a: Clefable
|-damage|p2a: Clefable|48/100
|move|p2a: Clefable|Wish|p2a: Clefable
|
|-heal|p2a: Clefable|54/100|[from] item: Leftovers
|-heal|p2a: Clefable|60/100|[from] Grassy Terrain
|-fieldend|move: Grassy Terrain
|upkeep
|turn|14
|
|t:|1597480473
|switch|p1a: Rillaboom|Rillaboom, M|100/100
|-damage|p1a: Rillaboom|88/100|[from] Stealth Rock
|-fieldstart|move: Grassy Terrain|[from] ability: Grassy Surge|[of] p1a: Rillaboom
|move|p2a: Clefable|Teleport|p2a: Clefable
|
|t:|1597480479
|switch|p2a: Zeraora|Zeraora|18/100|[from]move: Teleport
|
|-heal|p2a: Zeraora|80/100|[from] move: Wish|[wisher] Clefable
|-heal|p2a: Zeraora|86/100|[from] Grassy Terrain
|-heal|p1a: Rillaboom|94/100|[from] Grassy Terrain
|upkeep
|turn|15
|
|t:|1597480488
|switch|p2a: Ferrothorn|Ferrothorn, M|100/100
|move|p1a: Rillaboom|Superpower|p2a: Ferrothorn
|-supereffective|p2a: Ferrothorn
|-enditem|p2a: Ferrothorn|Chople Berry|[eat]
|-enditem|p2a: Ferrothorn|Chople Berry|[weaken]
|-damage|p2a: Ferrothorn|61/100
|-unboost|p1a: Rillaboom|atk|1
|-unboost|p1a: Rillaboom|def|1
|-damage|p1a: Rillaboom|82/100|[from] ability: Iron Barbs|[of] p2a: Ferrothorn
|
|-heal|p1a: Rillaboom|88/100|[from] Grassy Terrain
|-heal|p2a: Ferrothorn|68/100|[from] Grassy Terrain
|upkeep
|turn|16
|
|t:|1597480500
|switch|p1a: Crawdaunt|Crawdaunt, F|100/100
|-damage|p1a: Crawdaunt|88/100|[from] Stealth Rock
|move|p2a: Ferrothorn|Knock Off|p1a: Crawdaunt
|-resisted|p1a: Crawdaunt
|-damage|p1a: Crawdaunt|72/100
|-enditem|p1a: Crawdaunt|Life Orb|[from] move: Knock Off|[of] p2a: Ferrothorn
|
|-heal|p1a: Crawdaunt|78/100|[from] Grassy Terrain
|-heal|p2a: Ferrothorn|74/100|[from] Grassy Terrain
|upkeep
|turn|17
|
|t:|1597480515
|move|p1a: Crawdaunt|Knock Off|p2a: Ferrothorn
|-damage|p2a: Ferrothorn|47/100
|-damage|p1a: Crawdaunt|65/100|[from] ability: Iron Barbs|[of] p2a: Ferrothorn
|move|p2a: Ferrothorn|Body Press|p1a: Crawdaunt
|-supereffective|p1a: Crawdaunt
|-damage|p1a: Crawdaunt|0 fnt
|faint|p1a: Crawdaunt
|
|-heal|p2a: Ferrothorn|53/100|[from] Grassy Terrain
|upkeep
|
|t:|1597480520
|switch|p1a: Togekiss|Togekiss, F|100/100
|-damage|p1a: Togekiss|76/100|[from] Stealth Rock
|turn|18
|
|t:|1597480529
|switch|p2a: Zeraora|Zeraora|86/100
|move|p1a: Togekiss|Air Slash|p2a: Zeraora
|-resisted|p2a: Zeraora
|-damage|p2a: Zeraora|61/100
|
|-heal|p2a: Zeraora|67/100|[from] Grassy Terrain
|-fieldend|move: Grassy Terrain
|upkeep
|turn|19
|
|t:|1597480537
|move|p1a: Togekiss|Air Slash|p2a: Zeraora
|-resisted|p2a: Zeraora
|-damage|p2a: Zeraora|45/100
|cant|p2a: Zeraora|flinch
|
|upkeep
|turn|20
|
|t:|1597480548
|move|p1a: Togekiss|Air Slash|p2a: Zeraora
|-resisted|p2a: Zeraora
|-damage|p2a: Zeraora|23/100
|cant|p2a: Zeraora|flinch
|
|upkeep
|turn|21
|
|t:|1597480577
|switch|p2a: Hydreigon|Hydreigon, M|63/100
|move|p1a: Togekiss|Air Slash|p2a: Hydreigon
|-damage|p2a: Hydreigon|19/100
|
|upkeep
|turn|22
|
|t:|1597480586
|move|p1a: Togekiss|Air Slash|p2a: Hydreigon
|-damage|p2a: Hydreigon|0 fnt
|faint|p2a: Hydreigon
|
|upkeep
|
|t:|1597480590
|switch|p2a: Clefable|Clefable, M|60/100
|turn|23
|
|t:|1597480593
|move|p2a: Clefable|Protect|p2a: Clefable
|-singleturn|p2a: Clefable|Protect
|move|p1a: Togekiss|Air Slash|p2a: Clefable
|-activate|p2a: Clefable|move: Protect
|
|-heal|p2a: Clefable|66/100|[from] item: Leftovers
|upkeep
|turn|24
|
|t:|1597480599
|move|p1a: Togekiss|Air Slash|p2a: Clefable
|-damage|p2a: Clefable|41/100
|cant|p2a: Clefable|flinch
|
|-heal|p2a: Clefable|47/100|[from] item: Leftovers
|upkeep
|turn|25
|
|t:|1597480605
|switch|p1a: Rillaboom|Rillaboom, M|88/100
|-damage|p1a: Rillaboom|76/100|[from] Stealth Rock
|-fieldstart|move: Grassy Terrain|[from] ability: Grassy Surge|[of] p1a: Rillaboom
|move|p2a: Clefable|Protect||[still]
|-fail|p2a: Clefable
|
|-heal|p1a: Rillaboom|82/100|[from] Grassy Terrain
|-heal|p2a: Clefable|53/100|[from] item: Leftovers
|-heal|p2a: Clefable|59/100|[from] Grassy Terrain
|upkeep
|turn|26
|
|t:|1597480615
|move|p2a: Clefable|Protect|p2a: Clefable
|-singleturn|p2a: Clefable|Protect
|move|p1a: Rillaboom|Wood Hammer|p2a: Clefable
|-activate|p2a: Clefable|move: Protect
|
|-heal|p1a: Rillaboom|88/100|[from] Grassy Terrain
|-heal|p2a: Clefable|65/100|[from] item: Leftovers
|-heal|p2a: Clefable|72/100|[from] Grassy Terrain
|upkeep
|turn|27
|
|t:|1597480624
|switch|p2a: Ferrothorn|Ferrothorn, M|53/100
|move|p1a: Rillaboom|Wood Hammer|p2a: Ferrothorn
|-resisted|p2a: Ferrothorn
|-damage|p2a: Ferrothorn|33/100
|-damage|p1a: Rillaboom|76/100|[from] ability: Iron Barbs|[of] p2a: Ferrothorn
|-damage|p1a: Rillaboom|69/100|[from] Recoil
|
|-heal|p1a: Rillaboom|75/100|[from] Grassy Terrain
|-heal|p2a: Ferrothorn|39/100|[from] Grassy Terrain
|upkeep
|turn|28
|
|t:|1597480637
|move|p1a: Rillaboom|Wood Hammer|p2a: Ferrothorn
|-resisted|p2a: Ferrothorn
|-damage|p2a: Ferrothorn|20/100
|-damage|p1a: Rillaboom|63/100|[from] ability: Iron Barbs|[of] p2a: Ferrothorn
|-damage|p1a: Rillaboom|57/100|[from] Recoil
|move|p2a: Ferrothorn|Body Press|p1a: Rillaboom
|-damage|p1a: Rillaboom|24/100
|
|-heal|p1a: Rillaboom|30/100|[from] Grassy Terrain
|-heal|p2a: Ferrothorn|27/100|[from] Grassy Terrain
|upkeep
|turn|29
|
|t:|1597480653
|switch|p1a: Togekiss|Togekiss, F|76/100
|-damage|p1a: Togekiss|51/100|[from] Stealth Rock
|move|p2a: Ferrothorn|Body Press|p1a: Togekiss
|-resisted|p1a: Togekiss
|-damage|p1a: Togekiss|42/100
|
|-heal|p2a: Ferrothorn|33/100|[from] Grassy Terrain
|-fieldend|move: Grassy Terrain
|upkeep
|turn|30
|
|t:|1597480677
|switch|p2a: Clefable|Clefable, M|72/100
|move|p1a: Togekiss|Trick|p2a: Clefable
|-activate|p1a: Togekiss|move: Trick|[of] p2a: Clefable
|-item|p2a: Clefable|Choice Scarf|[from] move: Trick
|-item|p1a: Togekiss|Leftovers|[from] move: Trick
|
|-heal|p1a: Togekiss|48/100|[from] item: Leftovers
|upkeep
|turn|31
|
|t:|1597480690
|move|p1a: Togekiss|Air Slash|p2a: Clefable|[miss]
|-miss|p1a: Togekiss|p2a: Clefable
|move|p2a: Clefable|Moonblast|p1a: Togekiss
|-damage|p1a: Togekiss|16/100
|
|-heal|p1a: Togekiss|22/100|[from] item: Leftovers
|upkeep
|turn|32
|
|t:|1597480700
|move|p1a: Togekiss|Air Slash|p2a: Clefable|[miss]
|-miss|p1a: Togekiss|p2a: Clefable
|move|p2a: Clefable|Moonblast|p1a: Togekiss
|-damage|p1a: Togekiss|0 fnt
|faint|p1a: Togekiss
|
|upkeep
|-message|winter lanterns forfeited.
|
|win|napty
|l|☆winter lanterns
|raw|winter lanterns's rating: 1593 &rarr; <strong>1579</strong><br />(-14 for losing)
|raw|napty's rating: 1689 &rarr; <strong>1703</strong><br />(+14 for winning)
