|j|☆merktation
|j|☆ty-tyui↻
|t:|1667595118
|gametype|singles
|player|p1|merktation|cynthia-gen4|1701
|player|p2|ty-tyui↻|surfer|1724
|teamsize|p1|6
|teamsize|p2|6
|gen|8
|tier|[Gen 8] OU
|rated|
|rule|Sleep Clause Mod: Limit one foe put to sleep
|rule|Species Clause: Limit one of each Pokémon
|rule|OHKO Clause: OHKO moves are banned
|rule|Evasion Items Clause: Evasion items are banned
|rule|Evasion Moves Clause: Evasion moves are banned
|rule|Endless Battle Clause: Forcing endless battles is banned
|rule|HP Percentage Mod: HP is shown in percentages
|rule|Dynamax Clause: You cannot dynamax
|clearpoke
|poke|p1|Mew|
|poke|p1|Zapdos-Galar|
|poke|p1|Zeraora|
|poke|p1|Rillaboom, M|
|poke|p1|Weavile, M|
|poke|p1|Dragapult, M|
|poke|p2|Rillaboom, F|
|poke|p2|Zeraora|
|poke|p2|Slowbro, F|
|poke|p2|Landorus-Therian, M|
|poke|p2|Weavile, F|
|poke|p2|Heatran, M|
|teampreview
|inactive|Battle timer is ON: inactive players will automatically lose when time's up. (requested by merktation)
|j| KappaHalo
|j| Cocoon Evolution
|inactive|merktation has 120 seconds left.
|inactive|ty-tyui↻ has 120 seconds left.
|
|t:|1667595160
|start
|switch|p1a: Zeraora|Zeraora|100/100
|switch|p2a: Landorus|Landorus-Therian, M|100/100
|-ability|p2a: Landorus|Intimidate|boost
|-unboost|p1a: Zeraora|atk|1
|turn|1
|j| blended cabbage
|
|t:|1667595186
|switch|p1a: Zapdos|Zapdos-Galar|100/100
|move|p2a: Landorus|U-turn|p1a: Zapdos
|-resisted|p1a: Zapdos
|-damage|p1a: Zapdos|95/100
|
|t:|1667595191
|switch|p2a: Slowbro|Slowbro, F|100/100|[from]move: U-turn
|
|upkeep
|turn|2
|
|t:|1667595195
|switch|p1a: Mew|Mew|100/100
|move|p2a: Slowbro|Teleport|p2a: Slowbro
|
|t:|1667595200
|switch|p2a: Weavile|Weavile, F|100/100|[from]move: Teleport
|-ability|p2a: Weavile|Pressure
|
|upkeep
|turn|3
|
|t:|1667595208
|move|p2a: Weavile|Knock Off|p1a: Mew
|-supereffective|p1a: Mew
|-crit|p1a: Mew
|-damage|p1a: Mew|0 fnt
|-enditem|p1a: Mew|Red Card|[from] move: Knock Off|[of] p2a: Weavile
|faint|p1a: Mew
|
|upkeep
|
|t:|1667595219
|switch|p1a: Zeraora|Zeraora|100/100
|turn|4
|
|t:|1667595224
|switch|p1a: Zapdos|Zapdos-Galar|95/100
|move|p2a: Weavile|Triple Axel|p1a: Zapdos
|-supereffective|p1a: Zapdos
|-damage|p1a: Zapdos|68/100
|-supereffective|p1a: Zapdos
|-damage|p1a: Zapdos|20/100
|-supereffective|p1a: Zapdos
|-damage|p1a: Zapdos|0 fnt
|faint|p1a: Zapdos
|-hitcount|p1: Zapdos|3
|
|upkeep
|
|t:|1667595234
|switch|p1a: Rillaboom|Rillaboom, M|100/100
|-fieldstart|move: Grassy Terrain|[from] ability: Grassy Surge|[of] p1a: Rillaboom
|turn|5
|l| blended cabbage
|
|t:|1667595250
|switch|p2a: Heatran|Heatran, M|100/100
|move|p1a: Rillaboom|Knock Off|p2a: Heatran
|-damage|p2a: Heatran|67/100
|-status|p1a: Rillaboom|brn|[from] ability: Flame Body|[of] p2a: Heatran
|-enditem|p2a: Heatran|Leftovers|[from] move: Knock Off|[of] p1a: Rillaboom
|
|-heal|p2a: Heatran|73/100|[from] Grassy Terrain
|-damage|p1a: Rillaboom|94/100 brn|[from] brn
|upkeep
|turn|6
|j| blended cabbage
|l| KappaHalo
|
|t:|1667595268
|switch|p1a: Zeraora|Zeraora|100/100
|move|p2a: Heatran|Magma Storm|p1a: Zeraora
|-damage|p1a: Zeraora|45/100
|-activate|p1a: Zeraora|move: Magma Storm|[of] p2a: Heatran
|
|-heal|p1a: Zeraora|51/100|[from] Grassy Terrain
|-heal|p2a: Heatran|80/100|[from] Grassy Terrain
|-damage|p1a: Zeraora|39/100|[from] move: Magma Storm|[partiallytrapped]
|upkeep
|turn|7
|
|t:|1667595278
|switch|p2a: Landorus|Landorus-Therian, M|100/100
|-ability|p2a: Landorus|Intimidate|boost
|-unboost|p1a: Zeraora|atk|1
|move|p1a: Zeraora|Bulk Up|p1a: Zeraora
|-boost|p1a: Zeraora|atk|1
|-boost|p1a: Zeraora|def|1
|
|-heal|p1a: Zeraora|45/100|[from] Grassy Terrain
|-end|p1a: Zeraora|Magma Storm|[partiallytrapped]|[silent]
|upkeep
|turn|8
|
|t:|1667595282
|move|p1a: Zeraora|Knock Off|p2a: Landorus
|-damage|p2a: Landorus|72/100
|-enditem|p2a: Landorus|Leftovers|[from] move: Knock Off|[of] p1a: Zeraora
|move|p2a: Landorus|U-turn|p1a: Zeraora
|-damage|p1a: Zeraora|26/100
|
|t:|1667595285
|switch|p2a: Rillaboom|Rillaboom, F|100/100|[from]move: U-turn
|
|-heal|p1a: Zeraora|32/100|[from] Grassy Terrain
|upkeep
|turn|9
|
|t:|1667595297
|switch|p1a: Rillaboom|Rillaboom, M|94/100 brn
|move|p2a: Rillaboom|Grassy Glide|p1a: Rillaboom
|-resisted|p1a: Rillaboom
|-damage|p1a: Rillaboom|51/100 brn
|
|-heal|p1a: Rillaboom|57/100 brn|[from] Grassy Terrain
|-damage|p1a: Rillaboom|51/100 brn|[from] brn
|-fieldend|move: Grassy Terrain
|upkeep
|turn|10
|
|t:|1667595304
|switch|p2a: Landorus|Landorus-Therian, M|72/100
|-ability|p2a: Landorus|Intimidate|boost
|-unboost|p1a: Rillaboom|atk|1
|move|p1a: Rillaboom|U-turn|p2a: Landorus
|-resisted|p2a: Landorus
|-damage|p2a: Landorus|66/100
|
|t:|1667595329
|switch|p1a: Dragapult|Dragapult, M|100/100|[from]move: U-turn
|
|upkeep
|turn|11
|
|t:|1667595347
|switch|p2a: Weavile|Weavile, F|100/100
|-ability|p2a: Weavile|Pressure
|move|p1a: Dragapult|Shadow Ball|p2a: Weavile
|-resisted|p2a: Weavile
|-damage|p2a: Weavile|62/100
|
|upkeep
|turn|12
|
|t:|1667595367
|switch|p1a: Weavile|Weavile, M|100/100
|move|p2a: Weavile|Knock Off|p1a: Weavile
|-resisted|p1a: Weavile
|-damage|p1a: Weavile|54/100
|-enditem|p1a: Weavile|Life Orb|[from] move: Knock Off|[of] p2a: Weavile
|-enditem|p2a: Weavile|Heavy-Duty Boots|[silent]|[from] ability: Pickpocket|[of] p2a: Weavile
|-item|p1a: Weavile|Heavy-Duty Boots|[from] ability: Pickpocket|[of] p2a: Weavile
|
|upkeep
|turn|13
|
|t:|1667595386
|switch|p2a: Heatran|Heatran, M|80/100
|move|p1a: Weavile|Swords Dance|p1a: Weavile
|-boost|p1a: Weavile|atk|2
|
|upkeep
|turn|14
|
|t:|1667595400
|switch|p1a: Zeraora|Zeraora|32/100
|move|p2a: Heatran|Magma Storm|p1a: Zeraora
|-damage|p1a: Zeraora|0 fnt
|faint|p1a: Zeraora
|
|upkeep
|
|t:|1667595408
|switch|p1a: Dragapult|Dragapult, M|100/100
|turn|15
|
|t:|1667595416
|move|p1a: Dragapult|Shadow Ball|p2a: Heatran
|-damage|p2a: Heatran|35/100
|move|p2a: Heatran|Magma Storm|p1a: Dragapult
|-resisted|p1a: Dragapult
|-damage|p1a: Dragapult|72/100
|-activate|p1a: Dragapult|move: Magma Storm|[of] p2a: Heatran
|
|-damage|p1a: Dragapult|60/100|[from] move: Magma Storm|[partiallytrapped]
|upkeep
|turn|16
|inactive|merktation has 120 seconds left.
|
|t:|1667595456
|move|p1a: Dragapult|Shadow Ball|p2a: Heatran
|-damage|p2a: Heatran|0 fnt
|faint|p2a: Heatran
|
|-end|p1a: Dragapult|Magma Storm|[partiallytrapped]|[silent]
|upkeep
|
|t:|1667595465
|switch|p2a: Zeraora|Zeraora, shiny|100/100
|turn|17
|inactive|merktation has 120 seconds left.
|
|t:|1667595470
|switch|p1a: Rillaboom|Rillaboom, M|51/100 brn
|-fieldstart|move: Grassy Terrain|[from] ability: Grassy Surge|[of] p1a: Rillaboom
|-enditem|p2a: Zeraora|Grassy Seed
|-boost|p2a: Zeraora|def|1|[from] item: Grassy Seed
|move|p2a: Zeraora|Play Rough|p1a: Rillaboom|[miss]
|-miss|p2a: Zeraora|p1a: Rillaboom
|
|-heal|p1a: Rillaboom|57/100 brn|[from] Grassy Terrain
|-damage|p1a: Rillaboom|51/100 brn|[from] brn
|upkeep
|turn|18
|
|t:|1667595480
|move|p2a: Zeraora|Bulk Up|p2a: Zeraora
|-boost|p2a: Zeraora|atk|1
|-boost|p2a: Zeraora|def|1
|move|p1a: Rillaboom|Wood Hammer|p2a: Zeraora
|-damage|p2a: Zeraora|52/100
|-damage|p1a: Rillaboom|37/100 brn|[from] Recoil
|
|-heal|p2a: Zeraora|58/100|[from] Grassy Terrain
|-heal|p1a: Rillaboom|43/100 brn|[from] Grassy Terrain
|-damage|p1a: Rillaboom|37/100 brn|[from] brn
|upkeep
|turn|19
|
|t:|1667595505
|move|p2a: Zeraora|Play Rough|p1a: Rillaboom|[miss]
|-miss|p2a: Zeraora|p1a: Rillaboom
|move|p1a: Rillaboom|Wood Hammer|p2a: Zeraora
|-damage|p2a: Zeraora|16/100
|-damage|p1a: Rillaboom|23/100 brn|[from] Recoil
|
|-heal|p2a: Zeraora|22/100|[from] Grassy Terrain
|-heal|p1a: Rillaboom|30/100 brn|[from] Grassy Terrain
|-damage|p1a: Rillaboom|23/100 brn|[from] brn
|upkeep
|turn|20
|
|t:|1667595512
|move|p2a: Zeraora|Drain Punch|p1a: Rillaboom
|-damage|p1a: Rillaboom|0 fnt
|-heal|p2a: Zeraora|34/100|[from] drain|[of] p1a: Rillaboom
|faint|p1a: Rillaboom
|
|-heal|p2a: Zeraora|40/100|[from] Grassy Terrain
|upkeep
|
|t:|1667595520
|switch|p1a: Dragapult|Dragapult, M|60/100
|turn|21
|
|t:|1667595524
|move|p2a: Zeraora|Play Rough|p1a: Dragapult
|-supereffective|p1a: Dragapult
|-crit|p1a: Dragapult
|-damage|p1a: Dragapult|0 fnt
|faint|p1a: Dragapult
|
|-heal|p2a: Zeraora|46/100|[from] Grassy Terrain
|-fieldend|move: Grassy Terrain
|upkeep
|-message|merktation forfeited.
|
|win|ty-tyui↻
|raw|merktation's rating: 1701 &rarr; <strong>1682</strong><br />(-19 for losing)
|raw|ty-tyui↻'s rating: 1724 &rarr; <strong>1743</strong><br />(+19 for winning)
|l|☆merktation
||Ladder isn't responding, score probably updated but might not have (Request timeout).
