|j|☆Rouzer
|j|☆OUT Kazt
|inactive|Battle timer is ON: inactive players will automatically lose when time's up.
|t:|1660789655
|gametype|singles
|player|p1|Rouzer|rosa-masters|
|player|p2|OUT Kazt|acetrainersnowf|
|teamsize|p1|6
|teamsize|p2|6
|gen|8
|tier|[Gen 8] OU
|rated|Tournament battle
|rule|Sleep Clause Mod: Limit one foe put to sleep
|rule|Species Clause: Limit one of each Pokémon
|rule|OHKO Clause: OHKO moves are banned
|rule|Evasion Items Clause: Evasion items are banned
|rule|Evasion Moves Clause: Evasion moves are banned
|rule|Endless Battle Clause: Forcing endless battles is banned
|rule|HP Percentage Mod: HP is shown in percentages
|rule|Dynamax Clause: You cannot dynamax
|clearpoke
|poke|p1|Ninetales-Alola, M|
|poke|p1|Arctozolt|
|poke|p1|Garchomp, M|
|poke|p1|Dragapult, F|
|poke|p1|Corviknight, F|
|poke|p1|Urshifu-*, M|
|poke|p2|Glaceon, M|
|poke|p2|Clefable, M|
|poke|p2|Dragapult, F|
|poke|p2|Ninetales-Alola, M|
|poke|p2|Slowbro, F|
|poke|p2|Landorus-Therian, M|
|teampreview
|
|t:|1660789667
|start
|switch|p1a: Ninetales|Ninetales-Alola, M|100/100
|switch|p2a: Clefable|Clefable, M|100/100
|-weather|Hail|[from] ability: Snow Warning|[of] p1a: Ninetales
|turn|1
|
|t:|1660789696
|move|p1a: Ninetales|Aurora Veil|p1a: Ninetales
|-sidestart|p1: Rouzer|move: Aurora Veil
|move|p2a: Clefable|Trick|p1a: Ninetales
|-activate|p2a: Clefable|move: Trick|[of] p1a: Ninetales
|-item|p1a: Ninetales|Sticky Barb|[from] move: Trick
|-item|p2a: Clefable|Icy Rock|[from] move: Trick
|
|-weather|Hail|[upkeep]
|-damage|p1a: Ninetales|88/100|[from] item: Sticky Barb
|upkeep
|turn|2
|
|t:|1660789717
|move|p1a: Ninetales|Hypnosis|p2a: Clefable
|-status|p2a: Clefable|slp|[from] move: Hypnosis
|cant|p2a: Clefable|slp
|
|-weather|Hail|[upkeep]
|-damage|p1a: Ninetales|76/100|[from] item: Sticky Barb
|upkeep
|turn|3
|
|t:|1660789726
|switch|p1a: Arctozolt|Arctozolt|100/100
|cant|p2a: Clefable|slp
|
|-weather|Hail|[upkeep]
|upkeep
|turn|4
|
|t:|1660789732
|move|p1a: Arctozolt|Icicle Crash|p2a: Clefable
|-damage|p2a: Clefable|62/100 slp
|-curestatus|p2a: Clefable|slp|[msg]
|move|p2a: Clefable|Stealth Rock|p1a: Arctozolt
|-sidestart|p1: Rouzer|move: Stealth Rock
|
|-weather|Hail|[upkeep]
|upkeep
|turn|5
|
|t:|1660789737
|switch|p2a: Landorus|Landorus-Therian, M|100/100
|-ability|p2a: Landorus|Intimidate|boost
|-unboost|p1a: Arctozolt|atk|1
|move|p1a: Arctozolt|Icicle Crash|p2a: Landorus|[miss]
|-miss|p1a: Arctozolt|p2a: Landorus
|
|-weather|Hail|[upkeep]
|-damage|p2a: Landorus|95/100|[from] Hail
|-heal|p2a: Landorus|100/100|[from] item: Leftovers
|-sideend|p1: Rouzer|move: Aurora Veil
|upkeep
|turn|6
|
|t:|1660789743
|switch|p2a: Slowbro|Slowbro, F|100/100
|move|p1a: Arctozolt|Freeze-Dry|p2a: Slowbro
|-supereffective|p2a: Slowbro
|-damage|p2a: Slowbro|48/100
|
|-weather|Hail|[upkeep]
|-damage|p2a: Slowbro|42/100|[from] Hail
|upkeep
|turn|7
|
|t:|1660789757
|switch|p2a: Clefable|Clefable, M|62/100
|move|p1a: Arctozolt|Bolt Beak|p2a: Clefable
|-damage|p2a: Clefable|9/100
|
|-weather|Hail|[upkeep]
|upkeep
|turn|8
|
|t:|1660789771
|move|p1a: Arctozolt|Freeze-Dry|p2a: Clefable
|-damage|p2a: Clefable|0 fnt
|faint|p2a: Clefable
|
|-weather|none
|upkeep
|
|t:|1660789777
|switch|p2a: Landorus|Landorus-Therian, M|100/100
|-ability|p2a: Landorus|Intimidate|boost
|-unboost|p1a: Arctozolt|atk|1
|turn|9
|
|t:|1660789784
|switch|p1a: Corviknight|Corviknight, F|100/100
|-damage|p1a: Corviknight|88/100|[from] Stealth Rock
|-ability|p1a: Corviknight|Pressure
|move|p2a: Landorus|U-turn|p1a: Corviknight
|-resisted|p1a: Corviknight
|-damage|p1a: Corviknight|82/100
|
|t:|1660789788
|switch|p2a: Glaceon|Glaceon, M|100/100|[from]move: U-turn
|
|-heal|p1a: Corviknight|89/100|[from] item: Leftovers
|upkeep
|turn|10
|
|t:|1660789816
|move|p2a: Glaceon|Blizzard|p1a: Corviknight
|-crit|p1a: Corviknight
|-damage|p1a: Corviknight|0 fnt
|faint|p1a: Corviknight
|
|upkeep
|
|t:|1660789820
|switch|p1a: Urshifu|Urshifu-Rapid-Strike, M|100/100
|-damage|p1a: Urshifu|94/100|[from] Stealth Rock
|turn|11
|
|t:|1660789823
|move|p1a: Urshifu|U-turn|p2a: Glaceon
|-damage|p2a: Glaceon|55/100
|
|t:|1660789839
|switch|p1a: Ninetales|Ninetales-Alola, M|76/100|[from]move: U-turn
|-damage|p1a: Ninetales|51/100|[from] Stealth Rock
|-weather|Hail|[from] ability: Snow Warning|[of] p1a: Ninetales
|move|p2a: Glaceon|Blizzard|p1a: Ninetales
|-resisted|p1a: Ninetales
|-damage|p1a: Ninetales|0 fnt
|faint|p1a: Ninetales
|
|-weather|Hail|[upkeep]
|-heal|p2a: Glaceon|61/100|[from] ability: Ice Body
|upkeep
|
|t:|1660789841
|switch|p1a: Arctozolt|Arctozolt|100/100
|turn|12
|
|t:|1660789845
|switch|p2a: Landorus|Landorus-Therian, M|100/100
|-ability|p2a: Landorus|Intimidate|boost
|-unboost|p1a: Arctozolt|atk|1
|move|p1a: Arctozolt|Bolt Beak|p2a: Landorus
|-immune|p2a: Landorus
|
|-weather|Hail|[upkeep]
|-damage|p2a: Landorus|95/100|[from] Hail
|-heal|p2a: Landorus|100/100|[from] item: Leftovers
|upkeep
|turn|13
|
|t:|1660789849
|move|p1a: Arctozolt|Freeze-Dry|p2a: Landorus
|-supereffective|p2a: Landorus
|-damage|p2a: Landorus|0 fnt
|faint|p2a: Landorus
|
|-weather|Hail|[upkeep]
|upkeep
|
|t:|1660789853
|switch|p2a: Dragapult|Dragapult, F|100/100
|turn|14
|
|t:|1660789860
|move|p1a: Arctozolt|Icicle Crash|p2a: Dragapult
|-supereffective|p2a: Dragapult
|-damage|p2a: Dragapult|38/100
|cant|p2a: Dragapult|flinch
|
|-weather|Hail|[upkeep]
|-damage|p2a: Dragapult|32/100|[from] Hail
|upkeep
|turn|15
|
|t:|1660789868
|switch|p2a: Ninetales|Ninetales-Alola, M|100/100
|move|p1a: Arctozolt|Freeze-Dry|p2a: Ninetales
|-resisted|p2a: Ninetales
|-damage|p2a: Ninetales|89/100
|
|-weather|none
|upkeep
|turn|16
|
|t:|1660789891
|switch|p1a: Urshifu|Urshifu-Rapid-Strike, M|94/100
|-damage|p1a: Urshifu|88/100|[from] Stealth Rock
|move|p2a: Ninetales|Moonblast|p1a: Urshifu
|-supereffective|p1a: Urshifu
|-damage|p1a: Urshifu|5/100
|
|upkeep
|turn|17
|
|t:|1660789897
|move|p1a: Urshifu|Aqua Jet|p2a: Ninetales
|-damage|p2a: Ninetales|52/100
|move|p2a: Ninetales|Moonblast|p1a: Urshifu
|-supereffective|p1a: Urshifu
|-damage|p1a: Urshifu|0 fnt
|faint|p1a: Urshifu
|
|upkeep
|
|t:|1660789899
|switch|p1a: Dragapult|Dragapult, F|100/100
|-damage|p1a: Dragapult|88/100|[from] Stealth Rock
|turn|18
|
|t:|1660789906
|move|p1a: Dragapult|Shadow Ball|p2a: Ninetales
|-damage|p2a: Ninetales|1/100
|move|p2a: Ninetales|Moonblast|p1a: Dragapult
|-supereffective|p1a: Dragapult
|-damage|p1a: Dragapult|14/100
|
|upkeep
|turn|19
|
|t:|1660789914
|switch|p2a: Slowbro|Slowbro, F|75/100
|move|p1a: Dragapult|Shadow Ball|p2a: Slowbro
|-supereffective|p2a: Slowbro
|-damage|p2a: Slowbro|0 fnt
|faint|p2a: Slowbro
|
|upkeep
|
|t:|1660789922
|switch|p2a: Dragapult|Dragapult, F|32/100
|turn|20
|
|t:|1660789930
|move|p2a: Dragapult|Dragon Darts|p1a: Dragapult
|-supereffective|p1a: Dragapult
|-damage|p1a: Dragapult|0 fnt
|faint|p1a: Dragapult
|
|upkeep
|
|t:|1660789933
|switch|p1a: Arctozolt|Arctozolt|100/100
|turn|21
|
|t:|1660789938
|move|p2a: Dragapult|Dragon Darts|p1a: Arctozolt
|-damage|p1a: Arctozolt|61/100
|-anim|p2a: Dragapult|Dragon Darts|p1a: Arctozolt
|-damage|p1a: Arctozolt|20/100
|move|p1a: Arctozolt|Freeze-Dry|p2a: Dragapult
|-supereffective|p2a: Dragapult
|-damage|p2a: Dragapult|0 fnt
|faint|p2a: Dragapult
|
|upkeep
|
|t:|1660789941
|switch|p2a: Glaceon|Glaceon, M|61/100
|turn|22
|
|t:|1660789947
|move|p2a: Glaceon|Freeze-Dry|p1a: Arctozolt
|-resisted|p1a: Arctozolt
|-damage|p1a: Arctozolt|0 fnt
|faint|p1a: Arctozolt
|
|upkeep
|
|t:|1660789949
|switch|p1a: Garchomp|Garchomp, M|100/100
|-damage|p1a: Garchomp|94/100|[from] Stealth Rock
|turn|23
|
|t:|1660789952
|move|p1a: Garchomp|Stone Edge|p2a: Glaceon|[miss]
|-miss|p1a: Garchomp|p2a: Glaceon
|move|p2a: Glaceon|Freeze-Dry|p1a: Garchomp
|-supereffective|p1a: Garchomp
|-damage|p1a: Garchomp|0 fnt
|faint|p1a: Garchomp
|
|win|OUT Kazt
|n|☆Rouzer|rouzer
|n|☆OUT Kazt|outkazt
|l|☆Rouzer
|c|☆OUT Kazt|gg
