|j|☆Fakery King
|j|☆Q114
|player|p1|Fakery King|pokemonranger-gen4|1829
|player|p2|Q114|101|1851
|teamsize|p1|6
|teamsize|p2|6
|gametype|singles
|gen|8
|tier|[Gen 8] OU
|rated|
|clearpoke
|poke|p1|Cinderace, F|
|poke|p1|Jirachi|
|poke|p1|Magearna|
|poke|p1|Urshifu-*, F|
|poke|p1|Dragapult, F|
|poke|p1|Clefable, M|
|poke|p2|Chansey, F|
|poke|p2|Toxapex, M|
|poke|p2|Clefable, F|
|poke|p2|Corviknight, M|
|poke|p2|Mew|
|poke|p2|Mandibuzz, F|
|rule|Sleep Clause Mod: Limit one foe put to sleep
|rule|Species Clause: Limit one of each Pokémon
|rule|OHKO Clause: OHKO moves are banned
|rule|Evasion Moves Clause: Evasion moves are banned
|rule|Endless Battle Clause: Forcing endless battles is banned
|rule|HP Percentage Mod: HP is shown in percentages
|rule|Dynamax Clause: You cannot dynamax
|teampreview
|inactive|Battle timer is ON: inactive players will automatically lose when time's up. (requested by Fakery King)
|j| myjava
|j| Unowndragon
|l| myjava
|inactive|Fakery King has 120 seconds left.
|
|start
|switch|p1a: Clefable|Clefable, M|100/100
|switch|p2a: Toxapex|Toxapex, M, shiny|100/100
|turn|1
|j| OUTZ don3
|
|move|p1a: Clefable|Trick|p2a: Toxapex
|-activate|p1a: Clefable|move: Trick|[of] p2a: Toxapex
|-item|p2a: Toxapex|Sticky Barb|[from] move: Trick
|-item|p1a: Clefable|Black Sludge|[from] move: Trick
|move|p2a: Toxapex|Poison Jab|p1a: Clefable
|-supereffective|p1a: Clefable
|-damage|p1a: Clefable|71/100
|
|-damage|p2a: Toxapex|88/100|[from] item: Sticky Barb
|upkeep
|turn|2
|
|move|p1a: Clefable|Stealth Rock|p2a: Toxapex
|-sidestart|p2: Q114|move: Stealth Rock
|move|p2a: Toxapex|Poison Jab|p1a: Clefable
|-supereffective|p1a: Clefable
|-damage|p1a: Clefable|42/100
|
|-damage|p2a: Toxapex|76/100|[from] item: Sticky Barb
|upkeep
|turn|3
|j| Meroz
|j| supahotmeme
|l| supahotmeme
|
|move|p1a: Clefable|Soft-Boiled|p1a: Clefable
|-heal|p1a: Clefable|92/100
|move|p2a: Toxapex|Poison Jab|p1a: Clefable
|-supereffective|p1a: Clefable
|-damage|p1a: Clefable|65/100
|
|-damage|p2a: Toxapex|64/100|[from] item: Sticky Barb
|upkeep
|turn|4
|j| myjava
|l| myjava
|j| i never shut up
|
|move|p1a: Clefable|Soft-Boiled|p1a: Clefable
|-heal|p1a: Clefable|100/100
|move|p2a: Toxapex|Poison Jab|p1a: Clefable
|-supereffective|p1a: Clefable
|-damage|p1a: Clefable|70/100
|
|-damage|p2a: Toxapex|52/100|[from] item: Sticky Barb
|upkeep
|turn|5
|
|switch|p1a: Magearna|Magearna|100/100
|switch|p2a: Mew|Mew|100/100
|-damage|p2a: Mew|88/100|[from] Stealth Rock
|
|upkeep
|turn|6
|
|switch|p2a: Chansey|Chansey, F|100/100
|-damage|p2a: Chansey|88/100|[from] Stealth Rock
|move|p1a: Magearna|Volt Switch|p2a: Chansey
|-damage|p2a: Chansey|76/100
|l| OUTZ don3
|l| i never shut up
|inactive|Fakery King has 120 seconds left.
|
|switch|p1a: Urshifu|Urshifu, F|100/100|[from]move: Volt Switch
|
|upkeep
|turn|7
|
|switch|p1a: Jirachi|Jirachi|100/100
|switch|p2a: Mandibuzz|Mandibuzz, F, shiny|100/100
|
|upkeep
|turn|8
|j| Coronavirus EUW
|inactive|Fakery King has 120 seconds left.
|
|switch|p2a: Mew|Mew|88/100
|-damage|p2a: Mew|76/100|[from] Stealth Rock
|move|p1a: Jirachi|Toxic|p2a: Mew|[miss]
|-miss|p1a: Jirachi|p2a: Mew
|
|upkeep
|turn|9
|
|move|p2a: Mew|Trick|p1a: Jirachi
|-activate|p2a: Mew|move: Trick|[of] p1a: Jirachi
|-item|p1a: Jirachi|Choice Scarf|[from] move: Trick
|-item|p2a: Mew|Leftovers|[from] move: Trick
|move|p1a: Jirachi|Toxic|p2a: Mew
|-status|p2a: Mew|tox
|-activate|p2a: Mew|ability: Synchronize
|-immune|p1a: Jirachi
|
|-heal|p2a: Mew|82/100 tox|[from] item: Leftovers
|-damage|p2a: Mew|76/100 tox|[from] psn
|upkeep
|turn|10
|
|switch|p1a: Magearna|Magearna|100/100
|switch|p2a: Clefable|Clefable, F|100/100
|-damage|p2a: Clefable|88/100|[from] Stealth Rock
|
|-heal|p2a: Clefable|94/100|[from] item: Leftovers
|upkeep
|turn|11
|
|move|p2a: Clefable|Protect|p2a: Clefable
|-singleturn|p2a: Clefable|Protect
|move|p1a: Magearna|Volt Switch|p2a: Clefable
|-activate|p2a: Clefable|move: Protect
|
|-heal|p2a: Clefable|99/100|[from] item: Leftovers
|upkeep
|turn|12
|
|switch|p1a: Jirachi|Jirachi|100/100
|move|p2a: Clefable|Wish|p2a: Clefable
|
|-heal|p2a: Clefable|100/100|[from] item: Leftovers
|upkeep
|turn|13
|
|switch|p2a: Toxapex|Toxapex, M, shiny|85/100
|-damage|p2a: Toxapex|73/100|[from] Stealth Rock
|move|p1a: Jirachi|Thunder Wave|p2a: Toxapex
|-status|p2a: Toxapex|par
|
|-heal|p2a: Toxapex|100/100 par|[from] move: Wish|[wisher] Clefable
|-damage|p2a: Toxapex|88/100 par|[from] item: Sticky Barb
|upkeep
|turn|14
|
|switch|p1a: Clefable|Clefable, M|70/100
|switch|p2a: Clefable|Clefable, F|100/100
|-damage|p2a: Clefable|88/100|[from] Stealth Rock
|
|-heal|p2a: Clefable|94/100|[from] item: Leftovers
|upkeep
|turn|15
|
|switch|p1a: Magearna|Magearna|100/100
|move|p2a: Clefable|Protect||[still]
|-fail|p2a: Clefable
|
|-heal|p2a: Clefable|99/100|[from] item: Leftovers
|upkeep
|turn|16
|j| myjava
|
|move|p2a: Clefable|Protect|p2a: Clefable
|-singleturn|p2a: Clefable|Protect
|move|p1a: Magearna|Flash Cannon|p2a: Clefable
|-activate|p2a: Clefable|move: Protect
|
|-heal|p2a: Clefable|100/100|[from] item: Leftovers
|upkeep
|turn|17
|
|switch|p2a: Corviknight|Corviknight, M|100/100
|-damage|p2a: Corviknight|88/100|[from] Stealth Rock
|-ability|p2a: Corviknight|Pressure
|move|p1a: Magearna|Flash Cannon|p2a: Corviknight
|-resisted|p2a: Corviknight
|-damage|p2a: Corviknight|54/100
|
|upkeep
|turn|18
|
|move|p2a: Corviknight|Roost|p2a: Corviknight
|-heal|p2a: Corviknight|100/100
|-singleturn|p2a: Corviknight|move: Roost
|move|p1a: Magearna|Flash Cannon|p2a: Corviknight
|-resisted|p2a: Corviknight
|-damage|p2a: Corviknight|66/100
|
|upkeep
|turn|19
|
|switch|p1a: Cinderace|Cinderace, F|100/100
|move|p2a: Corviknight|Defog|p1a: Cinderace
|-unboost|p1a: Cinderace|evasion|1
|-sideend|p2: Q114|Stealth Rock|[from] move: Defog|[of] p2a: Corviknight
|
|upkeep
|turn|20
|j| lol nice dc pc
|
|switch|p2a: Toxapex|Toxapex, M, shiny|100/100 par
|move|p1a: Cinderace|U-turn|p2a: Toxapex
|-start|p1a: Cinderace|typechange|Bug|[from] ability: Libero
|-resisted|p2a: Toxapex
|-damage|p2a: Toxapex|91/100 par
|j| supahotmeme
|
|switch|p1a: Magearna|Magearna|100/100|[from]move: U-turn
|
|-damage|p2a: Toxapex|79/100 par|[from] item: Sticky Barb
|upkeep
|turn|21
|
|switch|p2a: Clefable|Clefable, F|100/100
|move|p1a: Magearna|Volt Switch|p2a: Clefable
|-damage|p2a: Clefable|64/100
|
|switch|p1a: Jirachi|Jirachi|100/100|[from]move: Volt Switch
|
|-heal|p2a: Clefable|70/100|[from] item: Leftovers
|upkeep
|turn|22
|l| myjava
|
|move|p2a: Clefable|Protect|p2a: Clefable
|-singleturn|p2a: Clefable|Protect
|move|p1a: Jirachi|Iron Head|p2a: Clefable
|-activate|p2a: Clefable|move: Protect
|
|-heal|p2a: Clefable|76/100|[from] item: Leftovers
|upkeep
|turn|23
|j| Ctb659
|
|switch|p1a: Magearna|Magearna|100/100
|switch|p2a: Toxapex|Toxapex, M, shiny|100/100 par
|
|-damage|p2a: Toxapex|88/100 par|[from] item: Sticky Barb
|upkeep
|turn|24
|
|move|p1a: Magearna|Volt Switch|p2a: Toxapex
|-supereffective|p2a: Toxapex
|-damage|p2a: Toxapex|20/100 par
|l| Ctb659
|
|switch|p1a: Cinderace|Cinderace, F|100/100|[from]move: Volt Switch
|cant|p2a: Toxapex|par
|
|-damage|p2a: Toxapex|8/100 par|[from] item: Sticky Barb
|upkeep
|turn|25
|
|switch|p2a: Mandibuzz|Mandibuzz, F, shiny|100/100
|move|p1a: Cinderace|U-turn|p2a: Mandibuzz
|-start|p1a: Cinderace|typechange|Bug|[from] ability: Libero
|-damage|p2a: Mandibuzz|81/100
|l| Coronavirus EUW
|
|switch|p1a: Magearna|Magearna|100/100|[from]move: U-turn
|
|upkeep
|turn|26
|
|switch|p2a: Chansey|Chansey, F|76/100
|move|p1a: Magearna|Volt Switch|p2a: Chansey
|-crit|p2a: Chansey
|-damage|p2a: Chansey|57/100
|l| supahotmeme
|inactive|Fakery King has 120 seconds left.
|
|switch|p1a: Urshifu|Urshifu, F|100/100|[from]move: Volt Switch
|
|upkeep
|turn|27
|
|switch|p2a: Mandibuzz|Mandibuzz, F, shiny|81/100
|move|p1a: Urshifu|Wicked Blow|p2a: Mandibuzz
|-resisted|p2a: Mandibuzz
|-crit|p2a: Mandibuzz
|-damage|p2a: Mandibuzz|55/100
|
|upkeep
|turn|28
|
|switch|p1a: Magearna|Magearna|100/100
|move|p2a: Mandibuzz|Roost|p2a: Mandibuzz
|-heal|p2a: Mandibuzz|100/100
|-singleturn|p2a: Mandibuzz|move: Roost
|
|upkeep
|turn|29
|
|switch|p2a: Chansey|Chansey, F|57/100
|move|p1a: Magearna|Volt Switch|p2a: Chansey
|-damage|p2a: Chansey|45/100
|
|switch|p1a: Urshifu|Urshifu, F|100/100|[from]move: Volt Switch
|
|upkeep
|turn|30
|
|switch|p1a: Magearna|Magearna|100/100
|switch|p2a: Mandibuzz|Mandibuzz, F, shiny|100/100
|
|upkeep
|turn|31
|
|switch|p2a: Chansey|Chansey, F|45/100
|move|p1a: Magearna|Volt Switch|p2a: Chansey
|-damage|p2a: Chansey|33/100
|j| Coronavirus EUW
|l| Coronavirus EUW
|inactive|Fakery King has 90 seconds left.
|
|switch|p1a: Cinderace|Cinderace, F|100/100|[from]move: Volt Switch
|
|upkeep
|turn|32
|
|switch|p2a: Mandibuzz|Mandibuzz, F, shiny|100/100
|move|p1a: Cinderace|Pyro Ball|p2a: Mandibuzz|[miss]
|-miss|p1a: Cinderace|p2a: Mandibuzz
|
|upkeep
|turn|33
|
|switch|p1a: Magearna|Magearna|100/100
|move|p2a: Mandibuzz|Knock Off|p1a: Magearna
|-resisted|p1a: Magearna
|-damage|p1a: Magearna|91/100
|-enditem|p1a: Magearna|Choice Specs|[from] move: Knock Off|[of] p2a: Mandibuzz
|
|upkeep
|turn|34
|l| Unowndragon
|inactive|Q114 has 120 seconds left.
|
|switch|p2a: Mew|Mew|76/100 tox
|move|p1a: Magearna|Flash Cannon|p2a: Mew
|-damage|p2a: Mew|50/100 tox
|
|-heal|p2a: Mew|56/100 tox|[from] item: Leftovers
|-damage|p2a: Mew|50/100 tox|[from] psn
|upkeep
|turn|35
|
|switch|p1a: Cinderace|Cinderace, F|100/100
|move|p2a: Mew|Roost|p2a: Mew
|-heal|p2a: Mew|99/100 tox
|-singleturn|p2a: Mew|move: Roost
|
|-heal|p2a: Mew|100/100 tox|[from] item: Leftovers
|-damage|p2a: Mew|88/100 tox|[from] psn
|upkeep
|turn|36
|
|switch|p2a: Mandibuzz|Mandibuzz, F, shiny|100/100
|move|p1a: Cinderace|U-turn|p2a: Mandibuzz
|-start|p1a: Cinderace|typechange|Bug|[from] ability: Libero
|-damage|p2a: Mandibuzz|82/100
|
|switch|p1a: Magearna|Magearna|91/100|[from]move: U-turn
|
|upkeep
|turn|37
|
|move|p2a: Mandibuzz|Roost|p2a: Mandibuzz
|-heal|p2a: Mandibuzz|100/100
|-singleturn|p2a: Mandibuzz|move: Roost
|move|p1a: Magearna|Volt Switch|p2a: Mandibuzz
|-damage|p2a: Mandibuzz|78/100
|l| Meroz
|inactive|Fakery King has 90 seconds left.
|j| captainnaisu
|
|switch|p1a: Cinderace|Cinderace, F|100/100|[from]move: Volt Switch
|
|upkeep
|turn|38
|inactive|Q114 has 120 seconds left.
|
|switch|p2a: Corviknight|Corviknight, M|66/100
|-ability|p2a: Corviknight|Pressure
|move|p1a: Cinderace|U-turn|p2a: Corviknight
|-start|p1a: Cinderace|typechange|Bug|[from] ability: Libero
|-resisted|p2a: Corviknight
|-damage|p2a: Corviknight|62/100
|-damage|p1a: Cinderace|84/100|[from] item: Rocky Helmet|[of] p2a: Corviknight
|inactive|Fakery King has 90 seconds left.
|
|switch|p1a: Urshifu|Urshifu, F|100/100|[from]move: U-turn
|
|upkeep
|turn|39
|
|move|p1a: Urshifu|Bulk Up|p1a: Urshifu
|-boost|p1a: Urshifu|atk|1
|-boost|p1a: Urshifu|def|1
|move|p2a: Corviknight|Brave Bird|p1a: Urshifu
|-supereffective|p1a: Urshifu
|-damage|p1a: Urshifu|54/100
|-damage|p2a: Corviknight|49/100|[from] Recoil
|
|upkeep
|turn|40
|inactive|Fakery King has 90 seconds left.
|inactive|Q114 has 120 seconds left.
|
|switch|p2a: Clefable|Clefable, F|76/100
|move|p1a: Urshifu|Wicked Blow|p2a: Clefable
|-resisted|p2a: Clefable
|-crit|p2a: Clefable
|-damage|p2a: Clefable|44/100
|
|-heal|p2a: Clefable|50/100|[from] item: Leftovers
|upkeep
|turn|41
|inactive|Fakery King has 90 seconds left.
|inactive|Q114 has 120 seconds left.
|
|switch|p1a: Magearna|Magearna|91/100
|move|p2a: Clefable|Moonblast|p1a: Magearna
|-resisted|p1a: Magearna
|-damage|p1a: Magearna|79/100
|-unboost|p1a: Magearna|spa|1
|
|-heal|p2a: Clefable|56/100|[from] item: Leftovers
|upkeep
|turn|42
|inactive|Fakery King has 60 seconds left.
|
|move|p2a: Clefable|Protect|p2a: Clefable
|-singleturn|p2a: Clefable|Protect
|move|p1a: Magearna|Flash Cannon|p2a: Clefable
|-activate|p2a: Clefable|move: Protect
|
|-heal|p2a: Clefable|62/100|[from] item: Leftovers
|upkeep
|turn|43
|
|switch|p2a: Mew|Mew|88/100 tox
|move|p1a: Magearna|Volt Switch|p2a: Mew
|-damage|p2a: Mew|78/100 tox
|inactive|Fakery King has 60 seconds left.
|
|switch|p1a: Cinderace|Cinderace, F|84/100|[from]move: Volt Switch
|
|-heal|p2a: Mew|84/100 tox|[from] item: Leftovers
|-damage|p2a: Mew|78/100 tox|[from] psn
|upkeep
|turn|44
|n|‽Guest 7987917|guest7987917
|n|‽Guest 7987917|guest7987917
|inactive|Fakery King has 60 seconds left.
|
|switch|p2a: Toxapex|Toxapex, M, shiny|41/100 par
|move|p1a: Cinderace|U-turn|p2a: Toxapex
|-start|p1a: Cinderace|typechange|Bug|[from] ability: Libero
|-resisted|p2a: Toxapex
|-damage|p2a: Toxapex|31/100 par
|inactive|Fakery King has 60 seconds left.
|
|switch|p1a: Magearna|Magearna|79/100|[from]move: U-turn
|
|-damage|p2a: Toxapex|19/100 par|[from] item: Sticky Barb
|upkeep
|turn|45
|
|switch|p2a: Mew|Mew|78/100 tox
|move|p1a: Magearna|Fleur Cannon|p2a: Mew
|-damage|p2a: Mew|33/100 tox
|-unboost|p1a: Magearna|spa|2
|
|-heal|p2a: Mew|39/100 tox|[from] item: Leftovers
|-damage|p2a: Mew|33/100 tox|[from] psn
|upkeep
|turn|46
|inactive|Fakery King has 60 seconds left.
|
|move|p2a: Mew|Roost|p2a: Mew
|-heal|p2a: Mew|83/100 tox
|-singleturn|p2a: Mew|move: Roost
|move|p1a: Magearna|Volt Switch|p2a: Mew
|-damage|p2a: Mew|75/100 tox
|inactive|Fakery King has 60 seconds left.
|
|switch|p1a: Urshifu|Urshifu, F|54/100|[from]move: Volt Switch
|
|-heal|p2a: Mew|81/100 tox|[from] item: Leftovers
|-damage|p2a: Mew|69/100 tox|[from] psn
|upkeep
|turn|47
|inactive|Fakery King has 60 seconds left.
|
|switch|p1a: Magearna|Magearna|79/100
|switch|p2a: Mandibuzz|Mandibuzz, F, shiny|78/100
|
|upkeep
|turn|48
|
|move|p2a: Mandibuzz|Roost|p2a: Mandibuzz
|-heal|p2a: Mandibuzz|100/100
|-singleturn|p2a: Mandibuzz|move: Roost
|move|p1a: Magearna|Flash Cannon|p2a: Mandibuzz
|-damage|p2a: Mandibuzz|59/100
|
|upkeep
|turn|49
|inactive|Fakery King has 60 seconds left.
|
|move|p2a: Mandibuzz|Roost|p2a: Mandibuzz
|-heal|p2a: Mandibuzz|100/100
|-singleturn|p2a: Mandibuzz|move: Roost
|move|p1a: Magearna|Flash Cannon|p2a: Mandibuzz
|-damage|p2a: Mandibuzz|62/100
|-unboost|p2a: Mandibuzz|spd|1
|
|upkeep
|turn|50
|inactive|Fakery King has 60 seconds left.
|
|switch|p2a: Mew|Mew|69/100 tox
|move|p1a: Magearna|Volt Switch|p2a: Mew
|-damage|p2a: Mew|53/100 tox
|l| captainnaisu
|
|switch|p1a: Dragapult|Dragapult, F|100/100|[from]move: Volt Switch
|
|-heal|p2a: Mew|59/100 tox|[from] item: Leftovers
|-damage|p2a: Mew|53/100 tox|[from] psn
|upkeep
|turn|51
|j| Assassin Style
|
|switch|p1a: Magearna|Magearna|79/100
|switch|p2a: Toxapex|Toxapex, M, shiny|52/100 par
|
|-damage|p2a: Toxapex|40/100 par|[from] item: Sticky Barb
|upkeep
|turn|52
|j| PKS R3al Khaos
|l| Assassin Style
|
|move|p1a: Magearna|Volt Switch|p2a: Toxapex
|-supereffective|p2a: Toxapex
|-damage|p2a: Toxapex|0 fnt
|faint|p2a: Toxapex
|-ability|p1a: Magearna|Soul-Heart|boost
|-boost|p1a: Magearna|spa|1
|j| Accountstolenagain
|n| Accountstolenagain|accountstolenagain
|inactive|Fakery King has 30 seconds left.
|
|switch|p1a: Clefable|Clefable, M|70/100|[from]move: Volt Switch
|
|upkeep
|c| Accountstolenagain|Your team sucks. 0 answer to Excadrill.
|j| nmsl1997
|c|☆Fakery King|eh
|c|☆Fakery King|who
|inactive|Q114 has 120 seconds left.
|c| Accountstolenagain|You have 3 ground weak mons
|c| Accountstolenagain|It could be problematic
|
|switch|p2a: Clefable|Clefable, F|62/100
|turn|53
|inactive|Fakery King has 30 seconds left.
|c|☆Fakery King|i know how to play.
|
|move|p1a: Clefable|Trick|p2a: Clefable
|-activate|p1a: Clefable|move: Trick|[of] p2a: Clefable
|-item|p2a: Clefable|Black Sludge|[from] move: Trick
|-item|p1a: Clefable|Leftovers|[from] move: Trick
|move|p2a: Clefable|Wish|p2a: Clefable
|
|-heal|p1a: Clefable|76/100|[from] item: Leftovers
|-damage|p2a: Clefable|50/100|[from] item: Black Sludge
|upkeep
|turn|54
|inactive|Fakery King has 30 seconds left.
|
|move|p1a: Clefable|Stealth Rock|p2a: Clefable
|-sidestart|p2: Q114|move: Stealth Rock
|move|p2a: Clefable|Aromatherapy|p2a: Clefable
|-activate|p2a: Clefable|move: Aromatherapy
|-curestatus|p2: Mew|tox|[msg]
|
|-heal|p2a: Clefable|99/100|[from] move: Wish|[wisher] Clefable
|-heal|p1a: Clefable|82/100|[from] item: Leftovers
|-damage|p2a: Clefable|87/100|[from] item: Black Sludge
|upkeep
|turn|55
|inactive|Fakery King has 30 seconds left.
|
|switch|p1a: Magearna|Magearna|79/100
|move|p2a: Clefable|Wish|p2a: Clefable
|
|-damage|p2a: Clefable|75/100|[from] item: Black Sludge
|upkeep
|turn|56
|c| Accountstolenagain|It isn't hard to know how to
|c| lol nice dc pc|he's literally picking up this simps stall team apart
|c| lol nice dc pc|he's good, let him play
|inactive|Fakery King has 30 seconds left.
|
|switch|p2a: Mew|Mew|53/100
|-damage|p2a: Mew|40/100|[from] Stealth Rock
|move|p1a: Magearna|Flash Cannon|p2a: Mew
|-damage|p2a: Mew|14/100
|
|-heal|p2a: Mew|63/100|[from] move: Wish|[wisher] Clefable
|-heal|p2a: Mew|69/100|[from] item: Leftovers
|upkeep
|turn|57
|inactive|Fakery King has 30 seconds left.
|c| Accountstolenagain|So all teams are basically mr simps?
|
|switch|p1a: Jirachi|Jirachi|100/100
|move|p2a: Mew|Roost|p2a: Mew
|-heal|p2a: Mew|100/100
|-singleturn|p2a: Mew|move: Roost
|
|upkeep
|turn|58
|c| lol nice dc pc|all stall teams are usually used by simps, yes
|inactive|Fakery King has 30 seconds left.
|
|move|p1a: Jirachi|Iron Head|p2a: Mew
|-damage|p2a: Mew|67/100
|cant|p2a: Mew|flinch
|
|-heal|p2a: Mew|74/100|[from] item: Leftovers
|upkeep
|turn|59
|c| lol nice dc pc|i've always been quite vocal about that
|inactive|Fakery King has 30 seconds left.
|c| Accountstolenagain|So why is Excadrill in OU?
|
|move|p1a: Jirachi|Iron Head|p2a: Mew
|-damage|p2a: Mew|42/100
|move|p2a: Mew|Spikes|p1a: Jirachi
|-sidestart|p1: Fakery King|Spikes
|
|-heal|p2a: Mew|48/100|[from] item: Leftovers
|upkeep
|turn|60
|c| Accountstolenagain|Or Hippowdon?
|
|switch|p2a: Corviknight|Corviknight, M|49/100
|-damage|p2a: Corviknight|36/100|[from] Stealth Rock
|-ability|p2a: Corviknight|Pressure
|move|p1a: Jirachi|Iron Head|p2a: Corviknight
|-resisted|p2a: Corviknight
|-damage|p2a: Corviknight|24/100
|-damage|p1a: Jirachi|84/100|[from] item: Rocky Helmet|[of] p2a: Corviknight
|
|upkeep
|turn|61
|
|move|p1a: Jirachi|Iron Head|p2a: Corviknight
|-resisted|p2a: Corviknight
|-damage|p2a: Corviknight|13/100
|-damage|p1a: Jirachi|67/100|[from] item: Rocky Helmet|[of] p2a: Corviknight
|cant|p2a: Corviknight|flinch
|
|upkeep
|turn|62
|
|move|p1a: Jirachi|Iron Head|p2a: Corviknight
|-resisted|p2a: Corviknight
|-damage|p2a: Corviknight|1/100
|-damage|p1a: Jirachi|51/100|[from] item: Rocky Helmet|[of] p2a: Corviknight
|cant|p2a: Corviknight|flinch
|
|upkeep
|turn|63
|
|move|p1a: Jirachi|Iron Head|p2a: Corviknight
|-resisted|p2a: Corviknight
|-damage|p2a: Corviknight|0 fnt
|-damage|p1a: Jirachi|34/100|[from] item: Rocky Helmet|[of] p2a: Corviknight
|faint|p2a: Corviknight
|
|upkeep
|
|switch|p2a: Chansey|Chansey, F|33/100
|-damage|p2a: Chansey|20/100|[from] Stealth Rock
|turn|64
|c| lol nice dc pc|I just dont understand why you brought this up now in this match when there are 0 ground types
|inactive|Fakery King has 60 seconds left.
|
|move|p1a: Jirachi|Iron Head|p2a: Chansey
|-damage|p2a: Chansey|0 fnt
|faint|p2a: Chansey
|
|upkeep
|
|switch|p2a: Mandibuzz|Mandibuzz, F, shiny|62/100
|turn|65
|c| Accountstolenagain|Because any good team builder makes a note to not have a blatant weakness to 1 type
|inactive|Fakery King has 60 seconds left.
|
|move|p1a: Jirachi|Iron Head|p2a: Mandibuzz
|-damage|p2a: Mandibuzz|39/100
|cant|p2a: Mandibuzz|flinch
|
|upkeep
|turn|66
|c| Accountstolenagain|Besides the opponents team isnt very good
|
|move|p1a: Jirachi|Iron Head|p2a: Mandibuzz
|-damage|p2a: Mandibuzz|15/100
|cant|p2a: Mandibuzz|flinch
|
|upkeep
|turn|67
|c| lol nice dc pc|in this case, in this match, his team seems very solid to me
|c| lol nice dc pc|I agree, its a very passive stall team
|c| lol nice dc pc|with no wincons
|c| lol nice dc pc|nonetheless, you cant just say his team sucks
|c| Accountstolenagain|It does
|c| lol nice dc pc|when he has higher elo and gxe than you
|inactive|Q114 has 120 seconds left.
|c| lol nice dc pc|especially
|c| Accountstolenagain|Why does that matter?
|c|☆Fakery King|scarf cindy
|c| Accountstolenagain|Ratings doesnt mean anything
|c|☆Fakery King|sucker ursh
|inactive|Q114 has 90 seconds left.
|c| Accountstolenagain|I could easily get a higher rating but this is Pokemon
|c|☆Fakery King|dd pult
|c| Accountstolenagain|This isn't a technical game
|c| lol nice dc pc|''could easily'' and yet there are you are with not even 70 gxe bro
|c| lol nice dc pc|if it isn't so technical
|c| lol nice dc pc|than everyone is bad
|inactive|Q114 has 60 seconds left.
|c| lol nice dc pc|including you
|c| Accountstolenagain|Maybe because I use multiple accounts?
|c| lol nice dc pc|by that logic
|c| lol nice dc pc|so why call out this guy
|l| nmsl1997
|c|☆Fakery King|>1424
|c| lol nice dc pc|who is doing so well
|c|☆Fakery King|LOL
|c| Accountstolenagain|Does logic not exist in your mind?
|c| Accountstolenagain|Doing well vs what? T
|inactive|Q114 has 30 seconds left.
|c| Accountstolenagain|Pokemon is a simple game
|c| lol nice dc pc|he's doing well against this guy in particular
|inactive|Q114 has 20 seconds left.
|c| lol nice dc pc|if its so simple, why are you not undefeated then?
|c| Accountstolenagain|It isn't impressive that someone can take common good mons to win
|inactive|Q114 has 15 seconds left.
|inactive|Q114 has 10 seconds left.
|c|☆Fakery King|6-0'd yet again Q114
|inactive|Q114 has 5 seconds left.
|c| lol nice dc pc|oof
|-message|Q114 lost due to inactivity.
|
|win|Fakery King
|c| lol nice dc pc|again :o
|c|☆Fakery King|yet again
|c| lol nice dc pc|wp dude
|c|☆Fakery King|ty
|c| Accountstolenagain|Because I use random stuff out of prefefence
|c| Accountstolenagain|6-0?
|c| lol nice dc pc|ignore this tards advice
|c| Accountstolenagain|I never faced him
|c|☆Fakery King|ty man
|c| lol nice dc pc|he was talking to the opponent
|c| Accountstolenagain|Sure blow your friends shit team.
|c|☆Fakery King|i'm Dethroner
|c| lol nice dc pc|mr PoKeMoN iS lOgIcAl
||Ladder (probably) updated, but score could not be retrieved (Request timeout).
|c|☆Fakery King|from ou room
|c| Accountstolenagain|Oh dont worry
|c| Accountstolenagain|You'll get destroyed and no longer on rated
|c| Accountstolenagain|Few people you see more than a few days
|c| lol nice dc pc|weird flex
|c| lol nice dc pc|but ok
|c| Accountstolenagain|Because you're a basic player with bad team building.
|c| lol nice dc pc|>.>
|c|☆Fakery King|1400's dude
|c|☆Fakery King|talks
|c|☆Fakery King|a lot
|c| Accountstolenagain|1400? What
|c| Accountstolenagain|I have rating on this account?
|j| Ingrid Galatea
|c|☆Fakery King|gen8ou	1424	69.8%	1660 ± 64x
|c| Ingrid Galatea|Holy shit I had to join just to say Account stfu
|c| Ingrid Galatea|you're only trying to stir shit about excadrill when the man has cinderace and urshifu
|c| Accountstolenagain|Guys stop jerking guys dicksml.
|c| Accountstolenagain|Sure because rapid spin or sand rush arent a thing
|c| lol nice dc pc|exactly
|c| lol nice dc pc|we're not jerking dicks
|c| lol nice dc pc|you just randomly
|c| Accountstolenagain|You are
|c| lol nice dc pc|started attacking the guy
|c| lol nice dc pc|who was WINNING
|c| Accountstolenagain|You guys are basically impressed because he beat a boring stall team
|j| Talonswag
|j| taitailee10
|c| lol nice dc pc|and picked up apart his team about ground types when there were literally NO GROUND TYPES THIS MATCh
|c| lol nice dc pc|he played well, give credit where its due
|c| Accountstolenagain|If you had to stroke everyones dick for this then put it on the internet pornstars
|c| Accountstolenagain|Do you not have the comprehension that ground exists?
|c| Accountstolenagain|There's 18 types
|c| Accountstolenagain|Including ground
|j| Dethroner*
|j| Pratyush Tab
|c| lol nice dc pc|dude, i get it
|c| Accountstolenagain|Which also have several ground types
|c| lol nice dc pc|I just don't get why
|c| lol nice dc pc|you're bringing this up
|c| Accountstolenagain|Earthquake and Earth Power
|c| lol nice dc pc|in this particular match
|n|!Dethroner*|dethroner
|c| lol nice dc pc|against this particular guy
|j| myjava
|c| lol nice dc pc|like, if he got swept
|c| lol nice dc pc|right on the spot
|c| lol nice dc pc|I'd say fk it, you're right
|c| Accountstolenagain|Because it's a flaw so blatant that he should feel stupid to not see it
|c| lol nice dc pc|but he won, he played well
|l| Pratyush Tab
|c| Accountstolenagain|Does everyone just think
|c| Accountstolenagain|Okay use 6 top tier mons
|c| Accountstolenagain|Throw rhem together and
|c| lol nice dc pc|but why do you have to point it out? let him, he knows his team
|c| Accountstolenagain|"Oh good enough"
|c| Accountstolenagain|He doesnt
|l| taitailee10
|c| Accountstolenagain|Because people suck at team building
|c| Ingrid Galatea|Then why dont you play him account
|c| Ingrid Galatea|Put your money where your mouth is
|c| Accountstolenagain|I could
|l| myjava
|c| Accountstolenagain|I should have a gen 8 Ou team saved
|c| lol nice dc pc|exactly
|c| lol nice dc pc|lets see your logical skills
|j| myjava
|c|☆Fakery King|i'll watch
|c| lol nice dc pc|i just dont get this need for ppl online to randomly attack others
|c| lol nice dc pc|he wants to play you I'm guessing fakery
|c| Accountstolenagain|You'll watch someone playing vs you?
|l| myjava
|c| lol nice dc pc|inb4 a team with 3 ground types is loaded
|c|☆Fakery King|i don't play scrubs
