|j|☆Mel2345
|j|☆eltitoguille
|t:|1647334952
|gametype|singles
|player|p1|Mel2345|cheren-gen5bw2|1403
|player|p2|eltitoguille|crasherwake|1419
|teamsize|p1|6
|teamsize|p2|6
|gen|8
|tier|[Gen 8] OU
|rated|
|rule|Sleep Clause Mod: Limit one foe put to sleep
|rule|Species Clause: Limit one of each Pokémon
|rule|OHKO Clause: OHKO moves are banned
|rule|Evasion Moves Clause: Evasion moves are banned
|rule|Endless Battle Clause: Forcing endless battles is banned
|rule|HP Percentage Mod: HP is shown in percentages
|rule|Dynamax Clause: You cannot dynamax
|clearpoke
|poke|p1|Dragonite, M|
|poke|p1|Magnezone|
|poke|p1|Heatran, M|
|poke|p1|Tapu Fini|
|poke|p1|Kartana|
|poke|p1|Tornadus-Therian, M|
|poke|p2|Blaziken, M|
|poke|p2|Dragapult, F|
|poke|p2|Landorus-Therian, M|
|poke|p2|Kartana|
|poke|p2|Slowking-Galar, M|
|poke|p2|Ferrothorn, M|
|teampreview
|inactive|Battle timer is ON: inactive players will automatically lose when time's up. (requested by Mel2345)
|inactive|eltitoguille has 120 seconds left.
|
|t:|1647334991
|start
|switch|p1a: Heatran|Heatran, M|100/100
|switch|p2a: Landorus|Landorus-Therian, M|100/100
|-ability|p2a: Landorus|Intimidate|boost
|-unboost|p1a: Heatran|atk|1
|turn|1
|
|t:|1647334996
|move|p2a: Landorus|Substitute|p2a: Landorus
|-start|p2a: Landorus|Substitute
|-damage|p2a: Landorus|76/100
|move|p1a: Heatran|Stealth Rock|p2a: Landorus
|-sidestart|p2: eltitoguille|move: Stealth Rock
|
|-heal|p2a: Landorus|82/100|[from] item: Leftovers
|upkeep
|turn|2
|
|t:|1647335001
|switch|p1a: Tapu Fini|Tapu Fini|100/100
|-fieldstart|move: Misty Terrain|[from] ability: Misty Surge|[of] p1a: Tapu Fini
|move|p2a: Landorus|Earthquake|p1a: Tapu Fini
|-damage|p1a: Tapu Fini|54/100
|
|-heal|p2a: Landorus|88/100|[from] item: Leftovers
|upkeep
|turn|3
|
|t:|1647335008
|move|p1a: Tapu Fini|Surf|p2a: Landorus
|-supereffective|p2a: Landorus
|-end|p2a: Landorus|Substitute
|move|p2a: Landorus|Earthquake|p1a: Tapu Fini
|-damage|p1a: Tapu Fini|4/100
|
|-heal|p2a: Landorus|94/100|[from] item: Leftovers
|upkeep
|turn|4
|
|t:|1647335015
|switch|p2a: Ferrothorn|Ferrothorn, M|100/100
|-damage|p2a: Ferrothorn|94/100|[from] Stealth Rock
|move|p1a: Tapu Fini|Surf|p2a: Ferrothorn
|-resisted|p2a: Ferrothorn
|-damage|p2a: Ferrothorn|82/100
|
|-heal|p2a: Ferrothorn|88/100|[from] item: Leftovers
|upkeep
|turn|5
|
|t:|1647335019
|switch|p1a: Heatran|Heatran, M|100/100
|switch|p2a: Blaziken|Blaziken, M, shiny|100/100
|-damage|p2a: Blaziken|88/100|[from] Stealth Rock
|
|upkeep
|turn|6
|
|t:|1647335024
|switch|p1a: Tornadus|Tornadus-Therian, M|100/100
|move|p2a: Blaziken|Close Combat|p1a: Tornadus
|-resisted|p1a: Tornadus
|-damage|p1a: Tornadus|53/100
|-unboost|p2a: Blaziken|def|1
|-unboost|p2a: Blaziken|spd|1
|-damage|p2a: Blaziken|78/100|[from] item: Life Orb
|
|-fieldend|Misty Terrain
|-ability|p2a: Blaziken|Speed Boost|boost
|-boost|p2a: Blaziken|spe|1
|upkeep
|turn|7
|
|t:|1647335033
|move|p2a: Blaziken|Thunder Punch|p1a: Tornadus
|-supereffective|p1a: Tornadus
|-damage|p1a: Tornadus|0 fnt
|faint|p1a: Tornadus
|-damage|p2a: Blaziken|68/100|[from] item: Life Orb
|
|-ability|p2a: Blaziken|Speed Boost|boost
|-boost|p2a: Blaziken|spe|1
|upkeep
|
|t:|1647335038
|switch|p1a: Dragonite|Dragonite, M|100/100
|turn|8
|
|t:|1647335055
|switch|p2a: Slowking|Slowking-Galar, M|100/100
|-damage|p2a: Slowking|88/100|[from] Stealth Rock
|move|p1a: Dragonite|Dragon Dance|p1a: Dragonite
|-boost|p1a: Dragonite|atk|1
|-boost|p1a: Dragonite|spe|1
|
|upkeep
|turn|9
|
|t:|1647335061
|move|p1a: Dragonite|Dragon Dance|p1a: Dragonite
|-boost|p1a: Dragonite|atk|1
|-boost|p1a: Dragonite|spe|1
|move|p2a: Slowking|Future Sight|p1a: Dragonite
|-start|p2a: Slowking|move: Future Sight
|
|upkeep
|turn|10
|
|t:|1647335063
|move|p1a: Dragonite|Earthquake|p2a: Slowking
|-supereffective|p2a: Slowking
|-damage|p2a: Slowking|0 fnt
|faint|p2a: Slowking
|
|upkeep
|
|t:|1647335067
|switch|p2a: Landorus|Landorus-Therian, M|94/100
|-damage|p2a: Landorus|81/100|[from] Stealth Rock
|-ability|p2a: Landorus|Intimidate|boost
|-unboost|p1a: Dragonite|atk|1
|turn|11
|
|t:|1647335075
|switch|p1a: Magnezone|Magnezone|100/100
|move|p2a: Landorus|Stone Edge|p1a: Magnezone
|-resisted|p1a: Magnezone
|-damage|p1a: Magnezone|80/100
|
|-end|p1a: Magnezone|move: Future Sight
|-resisted|p1a: Magnezone
|-damage|p1a: Magnezone|47/100
|-heal|p2a: Landorus|87/100|[from] item: Leftovers
|upkeep
|turn|12
|
|t:|1647335081
|move|p2a: Landorus|Earthquake|p1a: Magnezone
|-supereffective|p1a: Magnezone
|-damage|p1a: Magnezone|0 fnt
|faint|p1a: Magnezone
|
|-heal|p2a: Landorus|93/100|[from] item: Leftovers
|upkeep
|
|t:|1647335083
|switch|p1a: Tapu Fini|Tapu Fini|4/100
|-fieldstart|move: Misty Terrain|[from] ability: Misty Surge|[of] p1a: Tapu Fini
|turn|13
|
|t:|1647335088
|switch|p2a: Ferrothorn|Ferrothorn, M|88/100
|-damage|p2a: Ferrothorn|82/100|[from] Stealth Rock
|move|p1a: Tapu Fini|Trick|p2a: Ferrothorn
|-activate|p1a: Tapu Fini|move: Trick|[of] p2a: Ferrothorn
|-item|p2a: Ferrothorn|Choice Scarf|[from] move: Trick
|-item|p1a: Tapu Fini|Leftovers|[from] move: Trick
|
|-heal|p1a: Tapu Fini|10/100|[from] item: Leftovers
|upkeep
|turn|14
|
|t:|1647335101
|switch|p1a: Heatran|Heatran, M|100/100
|move|p2a: Ferrothorn|Stealth Rock|p1a: Heatran
|-sidestart|p1: Mel2345|move: Stealth Rock
|
|upkeep
|turn|15
|
|t:|1647335107
|switch|p2a: Blaziken|Blaziken, M, shiny|68/100
|-damage|p2a: Blaziken|56/100|[from] Stealth Rock
|move|p1a: Heatran|Magma Storm|p2a: Blaziken
|-resisted|p2a: Blaziken
|-damage|p2a: Blaziken|24/100
|-activate|p2a: Blaziken|move: Magma Storm|[of] p1a: Heatran
|
|-damage|p2a: Blaziken|12/100|[from] move: Magma Storm|[partiallytrapped]
|upkeep
|turn|16
|
|t:|1647335114
|switch|p1a: Tapu Fini|Tapu Fini|10/100
|-damage|p1a: Tapu Fini|0 fnt|[from] Stealth Rock
|faint|p1a: Tapu Fini
|move|p2a: Blaziken|Swords Dance|p2a: Blaziken
|-boost|p2a: Blaziken|atk|2
|
|-end|p2a: Blaziken|Magma Storm|[partiallytrapped]|[silent]
|-ability|p2a: Blaziken|Speed Boost|boost
|-boost|p2a: Blaziken|spe|1
|upkeep
|
|t:|1647335118
|switch|p1a: Dragonite|Dragonite, M|100/100
|turn|17
|
|t:|1647335128
|move|p2a: Blaziken|Thunder Punch|p1a: Dragonite
|-damage|p1a: Dragonite|68/100
|-status|p1a: Dragonite|par
|-damage|p2a: Blaziken|2/100|[from] item: Life Orb
|cant|p1a: Dragonite|par
|
|-fieldend|Misty Terrain
|-ability|p2a: Blaziken|Speed Boost|boost
|-boost|p2a: Blaziken|spe|1
|upkeep
|turn|18
|
|t:|1647335134
|move|p2a: Blaziken|Thunder Punch|p1a: Dragonite
|-damage|p1a: Dragonite|10/100 par
|-damage|p2a: Blaziken|0 fnt|[from] item: Life Orb
|faint|p2a: Blaziken
|cant|p1a: Dragonite|par
|
|upkeep
|
|t:|1647335143
|switch|p2a: Dragapult|Dragapult, F, shiny|100/100
|-damage|p2a: Dragapult|88/100|[from] Stealth Rock
|turn|19
|
|t:|1647335147
|move|p2a: Dragapult|Shadow Ball|p1a: Dragonite
|-damage|p1a: Dragonite|0 fnt
|faint|p1a: Dragonite
|
|upkeep
|
|t:|1647335152
|switch|p1a: Heatran|Heatran, M|100/100
|-damage|p1a: Heatran|88/100|[from] Stealth Rock
|turn|20
|
|t:|1647335157
|switch|p2a: Ferrothorn|Ferrothorn, M|82/100
|-damage|p2a: Ferrothorn|75/100|[from] Stealth Rock
|move|p1a: Heatran|Magma Storm|p2a: Ferrothorn
|-supereffective|p2a: Ferrothorn
|-damage|p2a: Ferrothorn|0 fnt
|faint|p2a: Ferrothorn
|
|-heal|p1a: Heatran|94/100|[from] item: Leftovers
|upkeep
|
|t:|1647335159
|switch|p2a: Landorus|Landorus-Therian, M|93/100
|-damage|p2a: Landorus|81/100|[from] Stealth Rock
|-ability|p2a: Landorus|Intimidate|boost
|-unboost|p1a: Heatran|atk|1
|turn|21
|
|t:|1647335162
|switch|p1a: Kartana|Kartana|100/100
|-damage|p1a: Kartana|94/100|[from] Stealth Rock
|move|p2a: Landorus|Earthquake|p1a: Kartana
|-damage|p1a: Kartana|30/100
|
|-heal|p2a: Landorus|87/100|[from] item: Leftovers
|upkeep
|turn|22
|
|t:|1647335166
|move|p1a: Kartana|Leaf Blade|p2a: Landorus
|-damage|p2a: Landorus|0 fnt
|faint|p2a: Landorus
|-ability|p1a: Kartana|Beast Boost|boost
|-boost|p1a: Kartana|atk|1
|
|upkeep
|
|t:|1647335172
|switch|p2a: Kartana|Kartana, shiny|100/100
|-damage|p2a: Kartana|94/100|[from] Stealth Rock
|turn|23
|
|t:|1647335177
|move|p2a: Kartana|Sacred Sword|p1a: Kartana
|-supereffective|p1a: Kartana
|-damage|p1a: Kartana|0 fnt
|faint|p1a: Kartana
|-ability|p2a: Kartana|Beast Boost|boost
|-boost|p2a: Kartana|atk|1
|
|upkeep
|
|t:|1647335179
|switch|p1a: Heatran|Heatran, M|94/100
|-damage|p1a: Heatran|82/100|[from] Stealth Rock
|turn|24
|
|t:|1647335182
|move|p2a: Kartana|Sacred Sword|p1a: Heatran
|-supereffective|p1a: Heatran
|-damage|p1a: Heatran|0 fnt
|faint|p1a: Heatran
|
|win|eltitoguille
|raw|Mel2345's rating: 1403 &rarr; <strong>1384</strong><br />(-19 for losing)
|raw|eltitoguille's rating: 1419 &rarr; <strong>1438</strong><br />(+19 for winning)
|l|☆eltitoguille
