|j|☆Rheinmetal
|j|☆Lumyjust
|t:|1629590931
|gametype|singles
|player|p1|Rheinmetal|cynthia-gen4|1000
|player|p2|Lumyjust|ethan|1000
|teamsize|p1|6
|teamsize|p2|6
|gen|8
|tier|[Gen 8] OU
|rated|
|rule|Sleep Clause Mod: Limit one foe put to sleep
|rule|Species Clause: Limit one of each Pokémon
|rule|OHKO Clause: OHKO moves are banned
|rule|Evasion Moves Clause: Evasion moves are banned
|rule|Endless Battle Clause: Forcing endless battles is banned
|rule|HP Percentage Mod: HP is shown in percentages
|rule|Dynamax Clause: You cannot dynamax
|clearpoke
|poke|p1|Pelipper, F|
|poke|p1|Crawdaunt, M|
|poke|p1|Kingdra, F|
|poke|p1|Thundurus-Therian, M|
|poke|p1|Ferrothorn, M|
|poke|p1|Melmetal|
|poke|p2|Zeraora|
|poke|p2|Tapu Koko|
|poke|p2|Heatran, F|
|poke|p2|Landorus-Therian, M|
|poke|p2|Garchomp, F|
|poke|p2|Corviknight, M|
|teampreview
|inactive|Battle timer is ON: inactive players will automatically lose when time's up. (requested by Rheinmetal)
|inactive|Rheinmetal has 120 seconds left.
|
|t:|1629590966
|start
|switch|p1a: Temple|Ferrothorn, M, shiny|100/100
|switch|p2a: Tapu Koko|Tapu Koko|100/100
|-fieldstart|move: Electric Terrain|[from] ability: Electric Surge|[of] p2a: Tapu Koko
|turn|1
|inactive|Lumyjust has 120 seconds left.
|
|t:|1629590997
|switch|p2a: Heatran|Heatran, F|100/100
|move|p1a: Temple|Stealth Rock|p2a: Heatran
|-sidestart|p2: Lumyjust|move: Stealth Rock
|
|upkeep
|turn|2
|inactive|Lumyjust has 120 seconds left.
|
|t:|1629591032
|switch|p2a: Corviknight|Corviknight, M|100/100
|-damage|p2a: Corviknight|88/100|[from] Stealth Rock
|-ability|p2a: Corviknight|Pressure
|switch|p1a: Messenger|Pelipper, F, shiny|100/100
|-weather|RainDance|[from] ability: Drizzle|[of] p1a: Messenger
|
|-weather|RainDance|[upkeep]
|upkeep
|turn|3
|
|t:|1629591046
|move|p2a: Corviknight|Defog|p1a: Messenger
|-unboost|p1a: Messenger|evasion|1
|-sideend|p2: Lumyjust|Stealth Rock|[from] move: Defog|[of] p2a: Corviknight
|-fieldend|move: Electric Terrain
|move|p1a: Messenger|U-turn|p2a: Corviknight
|-resisted|p2a: Corviknight
|-damage|p2a: Corviknight|86/100
|-damage|p1a: Messenger|84/100|[from] item: Rocky Helmet|[of] p2a: Corviknight
|
|t:|1629591049
|switch|p1a: Neptune|Kingdra, F, shiny|100/100|[from]move: U-turn
|
|-weather|RainDance|[upkeep]
|upkeep
|turn|4
|
|t:|1629591062
|move|p1a: Neptune|Surf|p2a: Corviknight
|-crit|p2a: Corviknight
|-damage|p2a: Corviknight|0 fnt
|faint|p2a: Corviknight
|
|-weather|RainDance|[upkeep]
|upkeep
|inactive|Lumyjust has 90 seconds left.
|
|t:|1629591102
|switch|p2a: Garchomp|Garchomp, F|100/100
|turn|5
|
|t:|1629591107
|switch|p1a: Temple|Ferrothorn, M, shiny|100/100
|move|p2a: Garchomp|Scale Shot|p1a: Temple
|-resisted|p1a: Temple
|-damage|p1a: Temple|95/100
|-resisted|p1a: Temple
|-damage|p1a: Temple|91/100
|-resisted|p1a: Temple
|-damage|p1a: Temple|86/100
|-resisted|p1a: Temple
|-damage|p1a: Temple|81/100
|-resisted|p1a: Temple
|-damage|p1a: Temple|75/100
|-hitcount|p1a: Temple|5
|-unboost|p2a: Garchomp|def|1
|-boost|p2a: Garchomp|spe|1
|-damage|p2a: Garchomp|91/100|[from] item: Life Orb
|
|-weather|RainDance|[upkeep]
|upkeep
|turn|6
|
|t:|1629591132
|move|p2a: Garchomp|Swords Dance|p2a: Garchomp
|-boost|p2a: Garchomp|atk|2
|move|p1a: Temple|Stealth Rock|p2a: Garchomp
|-sidestart|p2: Lumyjust|move: Stealth Rock
|
|-weather|RainDance|[upkeep]
|upkeep
|turn|7
|
|t:|1629591146
|move|p2a: Garchomp|Scale Shot|p1a: Temple
|-resisted|p1a: Temple
|-damage|p1a: Temple|66/100
|-resisted|p1a: Temple
|-damage|p1a: Temple|55/100
|-hitcount|p1a: Temple|2
|-unboost|p2a: Garchomp|def|1
|-boost|p2a: Garchomp|spe|1
|-damage|p2a: Garchomp|81/100|[from] item: Life Orb
|move|p1a: Temple|Spikes|p2a: Garchomp
|-sidestart|p2: Lumyjust|Spikes
|
|-weather|RainDance|[upkeep]
|upkeep
|turn|8
|
|t:|1629591157
|move|p2a: Garchomp|Scale Shot|p1a: Temple
|-resisted|p1a: Temple
|-damage|p1a: Temple|46/100
|-resisted|p1a: Temple
|-damage|p1a: Temple|36/100
|-resisted|p1a: Temple
|-damage|p1a: Temple|27/100
|-hitcount|p1a: Temple|3
|-unboost|p2a: Garchomp|def|1
|-boost|p2a: Garchomp|spe|1
|-damage|p2a: Garchomp|71/100|[from] item: Life Orb
|move|p1a: Temple|Spikes|p2a: Garchomp
|-sidestart|p2: Lumyjust|Spikes
|
|-weather|RainDance|[upkeep]
|upkeep
|turn|9
|inactive|Rheinmetal has 120 seconds left.
|inactive|Rheinmetal has 90 seconds left.
|inactive|Rheinmetal has 60 seconds left.
|inactive|Rheinmetal has 30 seconds left.
|inactive|Rheinmetal has 20 seconds left.
|inactive|Rheinmetal has 15 seconds left.
|inactive|Rheinmetal has 10 seconds left.
|inactive|Rheinmetal has 5 seconds left.
|c|☆Lumyjust|gg
|-message|Rheinmetal lost due to inactivity.
|
|win|Lumyjust
|raw|Rheinmetal's rating: 1667 &rarr; <strong>1632</strong><br />(-35 for losing)
|raw|Lumyjust's rating: 1324 &rarr; <strong>1359</strong><br />(+35 for winning)
|l|☆Rheinmetal
||Ladder isn't responding, score probably updated but might not have (Request timeout).
