|j|☆greatalex
|j|☆lie flat
|t:|1667966093
|gametype|singles
|player|p1|greatalex|1|1701
|player|p2|lie flat|lass-gen4dp|1563
|teamsize|p1|6
|teamsize|p2|6
|gen|8
|tier|[Gen 8] OU
|rated|
|rule|Sleep Clause Mod: Limit one foe put to sleep
|rule|Species Clause: Limit one of each Pokémon
|rule|OHKO Clause: OHKO moves are banned
|rule|Evasion Items Clause: Evasion items are banned
|rule|Evasion Moves Clause: Evasion moves are banned
|rule|Endless Battle Clause: Forcing endless battles is banned
|rule|HP Percentage Mod: HP is shown in percentages
|rule|Dynamax Clause: You cannot dynamax
|clearpoke
|poke|p1|Mew|
|poke|p1|Landorus-Therian, M|
|poke|p1|Grimmsnarl, M|
|poke|p1|Volcarona, M|
|poke|p1|Urshifu-*, F|
|poke|p1|Rillaboom, F|
|poke|p2|Clefable, M|
|poke|p2|Rillaboom, M|
|poke|p2|Gastrodon, F|
|poke|p2|Kartana|
|poke|p2|Heatran, M|
|poke|p2|Zapdos|
|teampreview
|inactive|Battle timer is ON: inactive players will automatically lose when time's up. (requested by lie flat)
|
|t:|1667966108
|start
|switch|p1a: Landorus|Landorus-Therian, M|100/100
|switch|p2a: Heatran|Heatran, M|100/100
|-ability|p1a: Landorus|Intimidate|boost
|-unboost|p2a: Heatran|atk|1
|turn|1
|
|t:|1667966116
|move|p1a: Landorus|Earthquake|p2a: Heatran
|-supereffective|p2a: Heatran
|-damage|p2a: Heatran|0 fnt
|faint|p2a: Heatran
|
|upkeep
|
|t:|1667966133
|switch|p2a: Gastrodon|Gastrodon, F|100/100
|turn|2
|
|t:|1667966137
|move|p1a: Landorus|Stealth Rock|p2a: Gastrodon
|-sidestart|p2: lie flat|move: Stealth Rock
|move|p2a: Gastrodon|Scald|p1a: Landorus
|-supereffective|p1a: Landorus
|-damage|p1a: Landorus|34/100
|-status|p1a: Landorus|brn
|
|-damage|p1a: Landorus|28/100 brn|[from] brn
|upkeep
|turn|3
|
|t:|1667966146
|move|p2a: Gastrodon|Protect|p2a: Gastrodon
|-singleturn|p2a: Gastrodon|Protect
|move|p1a: Landorus|Explosion|p2a: Gastrodon
|-activate|p2a: Gastrodon|move: Protect
|faint|p1a: Landorus
|
|upkeep
|
|t:|1667966155
|switch|p1a: Rillaboom|Rillaboom, F|100/100
|-fieldstart|move: Grassy Terrain|[from] ability: Grassy Surge|[of] p1a: Rillaboom
|turn|4
|
|t:|1667966162
|switch|p2a: Zapdos|Zapdos|100/100
|move|p1a: Rillaboom|Knock Off|p2a: Zapdos
|-damage|p2a: Zapdos|54/100
|-enditem|p2a: Zapdos|Heavy-Duty Boots|[from] move: Knock Off|[of] p1a: Rillaboom
|-damage|p1a: Rillaboom|91/100|[from] item: Life Orb
|
|-heal|p1a: Rillaboom|97/100|[from] Grassy Terrain
|upkeep
|turn|5
|
|t:|1667966184
|switch|p1a: Grimmsnarl|Grimmsnarl, M|100/100
|move|p2a: Zapdos|Defog|p1a: Grimmsnarl
|-unboost|p1a: Grimmsnarl|evasion|1
|-sideend|p2: lie flat|Stealth Rock|[from] move: Defog|[of] p2a: Zapdos
|-fieldend|move: Grassy Terrain
|
|upkeep
|turn|6
|
|t:|1667966192
|move|p1a: Grimmsnarl|Light Screen|p1a: Grimmsnarl
|-sidestart|p1: greatalex|move: Light Screen
|move|p2a: Zapdos|Volt Switch|p1a: Grimmsnarl
|-damage|p1a: Grimmsnarl|88/100
|
|t:|1667966208
|switch|p2a: Clefable|Clefable, M|100/100|[from]move: Volt Switch
|
|upkeep
|turn|7
|
|t:|1667966214
|move|p1a: Grimmsnarl|Taunt|p2a: Clefable
|-start|p2a: Clefable|move: Taunt
|move|p2a: Clefable|Moonblast|p1a: Grimmsnarl
|-supereffective|p1a: Grimmsnarl
|-damage|p1a: Grimmsnarl|64/100
|
|upkeep
|turn|8
|
|t:|1667966228
|switch|p1a: Rillaboom|Rillaboom, F|97/100
|-fieldstart|move: Grassy Terrain|[from] ability: Grassy Surge|[of] p1a: Rillaboom
|move|p2a: Clefable|Knock Off|p1a: Rillaboom
|-damage|p1a: Rillaboom|81/100
|-enditem|p1a: Rillaboom|Life Orb|[from] move: Knock Off|[of] p2a: Clefable
|
|-heal|p1a: Rillaboom|88/100|[from] Grassy Terrain
|upkeep
|turn|9
|
|t:|1667966238
|move|p1a: Rillaboom|Swords Dance|p1a: Rillaboom
|-boost|p1a: Rillaboom|atk|2
|move|p2a: Clefable|Moonblast|p1a: Rillaboom
|-damage|p1a: Rillaboom|67/100
|
|-heal|p1a: Rillaboom|74/100|[from] Grassy Terrain
|-end|p2a: Clefable|move: Taunt
|upkeep
|turn|10
|
|t:|1667966247
|move|p1a: Rillaboom|Grassy Glide|p2a: Clefable
|-damage|p2a: Clefable|36/100
|move|p2a: Clefable|Thunder Wave|p1a: Rillaboom
|-status|p1a: Rillaboom|par
|
|-heal|p2a: Clefable|42/100|[from] Grassy Terrain
|-heal|p1a: Rillaboom|80/100 par|[from] Grassy Terrain
|-damage|p1a: Rillaboom|67/100 par|[from] item: Sticky Barb
|upkeep
|turn|11
|
|t:|1667966268
|move|p1a: Rillaboom|Grassy Glide|p2a: Clefable
|-damage|p2a: Clefable|0 fnt
|faint|p2a: Clefable
|
|-heal|p1a: Rillaboom|74/100 par|[from] Grassy Terrain
|-damage|p1a: Rillaboom|61/100 par|[from] item: Sticky Barb
|upkeep
|
|t:|1667966274
|switch|p2a: Zapdos|Zapdos|54/100
|turn|12
|
|t:|1667966278
|move|p1a: Rillaboom|Grassy Glide|p2a: Zapdos
|-resisted|p2a: Zapdos
|-damage|p2a: Zapdos|3/100
|move|p2a: Zapdos|Roost|p2a: Zapdos
|-heal|p2a: Zapdos|53/100
|-singleturn|p2a: Zapdos|move: Roost
|
|-heal|p2a: Zapdos|59/100|[from] Grassy Terrain
|-heal|p1a: Rillaboom|67/100 par|[from] Grassy Terrain
|-fieldend|move: Grassy Terrain
|-damage|p1a: Rillaboom|55/100 par|[from] item: Sticky Barb
|upkeep
|turn|13
|inactive|greatalex has 120 seconds left.
|
|t:|1667966318
|move|p2a: Zapdos|Roost|p2a: Zapdos
|-heal|p2a: Zapdos|100/100
|-singleturn|p2a: Zapdos|move: Roost
|cant|p1a: Rillaboom|par
|
|-sideend|p1: greatalex|move: Light Screen
|-damage|p1a: Rillaboom|43/100 par|[from] item: Sticky Barb
|upkeep
|turn|14
|inactive|greatalex has 120 seconds left.
|
|t:|1667966327
|move|p2a: Zapdos|Hurricane|p1a: Rillaboom
|-supereffective|p1a: Rillaboom
|-damage|p1a: Rillaboom|0 fnt
|faint|p1a: Rillaboom
|
|upkeep
|inactive|greatalex has 120 seconds left.
|
|t:|1667966334
|switch|p1a: Grimmsnarl|Grimmsnarl, M|64/100
|turn|15
|
|t:|1667966338
|move|p1a: Grimmsnarl|Light Screen|p1a: Grimmsnarl
|-sidestart|p1: greatalex|move: Light Screen
|move|p2a: Zapdos|Defog|p1a: Grimmsnarl
|-unboost|p1a: Grimmsnarl|evasion|1
|-sideend|p1: greatalex|move: Light Screen
|
|upkeep
|turn|16
|
|t:|1667966345
|move|p1a: Grimmsnarl|Taunt|p2a: Zapdos
|-start|p2a: Zapdos|move: Taunt
|move|p2a: Zapdos|Hurricane|p1a: Grimmsnarl
|-damage|p1a: Grimmsnarl|22/100
|
|upkeep
|turn|17
|
|t:|1667966355
|move|p1a: Grimmsnarl|Light Screen|p1a: Grimmsnarl
|-sidestart|p1: greatalex|move: Light Screen
|move|p2a: Zapdos|Hurricane|p1a: Grimmsnarl
|-damage|p1a: Grimmsnarl|1/100
|
|upkeep
|turn|18
|
|t:|1667966363
|move|p1a: Grimmsnarl|Reflect|p1a: Grimmsnarl
|-sidestart|p1: greatalex|Reflect
|move|p2a: Zapdos|Hurricane|p1a: Grimmsnarl
|-damage|p1a: Grimmsnarl|0 fnt
|faint|p1a: Grimmsnarl
|
|-end|p2a: Zapdos|move: Taunt
|upkeep
|
|t:|1667966380
|switch|p1a: Mew|Mew|100/100
|turn|19
|
|t:|1667966383
|move|p2a: Zapdos|Defog|p1a: Mew
|-unboost|p1a: Mew|evasion|1
|-sideend|p1: greatalex|Reflect
|-sideend|p1: greatalex|move: Light Screen
|move|p1a: Mew|Cosmic Power|p1a: Mew
|-boost|p1a: Mew|def|1
|-boost|p1a: Mew|spd|1
|
|upkeep
|turn|20
|
|t:|1667966390
|move|p2a: Zapdos|Volt Switch|p1a: Mew
|-damage|p1a: Mew|81/100
|
|t:|1667966398
|switch|p2a: Kartana|Kartana|100/100|[from]move: Volt Switch
|move|p1a: Mew|Cosmic Power|p1a: Mew
|-boost|p1a: Mew|def|1
|-boost|p1a: Mew|spd|1
|
|upkeep
|turn|21
|
|t:|1667966405
|move|p2a: Kartana|Knock Off|p1a: Mew
|-supereffective|p1a: Mew
|-crit|p1a: Mew
|-damage|p1a: Mew|0 fnt
|-enditem|p1a: Mew|Weakness Policy|[from] move: Knock Off|[of] p2a: Kartana
|faint|p1a: Mew
|-ability|p2a: Kartana|Beast Boost|boost
|-boost|p2a: Kartana|atk|1
|
|upkeep
|
|t:|1667966413
|switch|p1a: Volcarona|Volcarona, M|100/100
|turn|22
|
|t:|1667966417
|move|p2a: Kartana|Knock Off|p1a: Volcarona
|-damage|p1a: Volcarona|38/100
|-enditem|p1a: Volcarona|Heavy-Duty Boots|[from] move: Knock Off|[of] p2a: Kartana
|move|p1a: Volcarona|Quiver Dance|p1a: Volcarona
|-boost|p1a: Volcarona|spa|1
|-boost|p1a: Volcarona|spd|1
|-boost|p1a: Volcarona|spe|1
|
|upkeep
|turn|23
|
|t:|1667966426
|switch|p2a: Gastrodon|Gastrodon, F|100/100
|move|p1a: Volcarona|Fiery Dance|p2a: Gastrodon
|-resisted|p2a: Gastrodon
|-damage|p2a: Gastrodon|82/100
|-boost|p1a: Volcarona|spa|1
|
|-heal|p2a: Gastrodon|88/100|[from] item: Leftovers
|upkeep
|turn|24
|
|t:|1667966436
|move|p1a: Volcarona|Psychic|p2a: Gastrodon
|-damage|p2a: Gastrodon|54/100
|move|p2a: Gastrodon|Scald|p1a: Volcarona
|-supereffective|p1a: Volcarona
|-damage|p1a: Volcarona|7/100
|
|-heal|p2a: Gastrodon|60/100|[from] item: Leftovers
|upkeep
|turn|25
|
|t:|1667966445
|move|p1a: Volcarona|Roost|p1a: Volcarona
|-heal|p1a: Volcarona|57/100
|-singleturn|p1a: Volcarona|move: Roost
|move|p2a: Gastrodon|Recover|p2a: Gastrodon
|-heal|p2a: Gastrodon|100/100
|
|upkeep
|turn|26
|
|t:|1667966451
|move|p1a: Volcarona|Quiver Dance|p1a: Volcarona
|-boost|p1a: Volcarona|spa|1
|-boost|p1a: Volcarona|spd|1
|-boost|p1a: Volcarona|spe|1
|move|p2a: Gastrodon|Toxic|p1a: Volcarona
|-status|p1a: Volcarona|tox
|
|-damage|p1a: Volcarona|51/100 tox|[from] psn
|upkeep
|turn|27
|
|t:|1667966460
|move|p2a: Gastrodon|Protect|p2a: Gastrodon
|-singleturn|p2a: Gastrodon|Protect
|move|p1a: Volcarona|Psychic|p2a: Gastrodon
|-activate|p2a: Gastrodon|move: Protect
|
|-damage|p1a: Volcarona|39/100 tox|[from] psn
|upkeep
|turn|28
|
|t:|1667966468
|move|p1a: Volcarona|Psychic|p2a: Gastrodon
|-damage|p2a: Gastrodon|51/100
|move|p2a: Gastrodon|Scald|p1a: Volcarona
|-supereffective|p1a: Volcarona
|-damage|p1a: Volcarona|14/100 tox
|
|-heal|p2a: Gastrodon|58/100|[from] item: Leftovers
|-damage|p1a: Volcarona|0 fnt|[from] psn
|faint|p1a: Volcarona
|upkeep
|-message|greatalex forfeited.
|
|win|lie flat
|raw|greatalex's rating: 1701 &rarr; <strong>1673</strong><br />(-28 for losing)
|raw|lie flat's rating: 1563 &rarr; <strong>1591</strong><br />(+28 for winning)
|l|☆greatalex
