|raw|<div class="broadcast-blue"><strong>This battle is required to be public due to a player having a name starting with 'btlt200'.</div>
|j|☆BTLT200$ SF'
|j|☆Seigneur-Fou
|t:|1667825192
|gametype|singles
|player|p1|BTLT200$ SF'|palmer|1769
|player|p2|Seigneur-Fou|101|1854
|teamsize|p1|6
|teamsize|p2|6
|gen|8
|tier|[Gen 8] OU
|rated|
|rule|Sleep Clause Mod: Limit one foe put to sleep
|rule|Species Clause: Limit one of each Pokémon
|rule|OHKO Clause: OHKO moves are banned
|rule|Evasion Items Clause: Evasion items are banned
|rule|Evasion Moves Clause: Evasion moves are banned
|rule|Endless Battle Clause: Forcing endless battles is banned
|rule|HP Percentage Mod: HP is shown in percentages
|rule|Dynamax Clause: You cannot dynamax
|clearpoke
|poke|p1|Corviknight, F|
|poke|p1|Tornadus-Therian, M|
|poke|p1|Toxapex, F|
|poke|p1|Clefable, F|
|poke|p1|Hippowdon, F|
|poke|p1|Heatran, F|
|poke|p2|Garchomp, M|
|poke|p2|Aegislash, F|
|poke|p2|Kartana|
|poke|p2|Hydreigon, F|
|poke|p2|Ferrothorn, M|
|poke|p2|Clefable, F|
|teampreview
|inactive|Battle timer is ON: inactive players will automatically lose when time's up. (requested by Seigneur-Fou)
|
|t:|1667825203
|start
|switch|p1a: Tornadus|Tornadus-Therian, M|100/100
|switch|p2a: Garchomp|Garchomp, M|100/100
|turn|1
|
|t:|1667825211
|move|p1a: Tornadus|Knock Off|p2a: Garchomp
|-damage|p2a: Garchomp|89/100
|-damage|p1a: Tornadus|88/100|[from] ability: Rough Skin|[of] p2a: Garchomp
|-damage|p1a: Tornadus|71/100|[from] item: Rocky Helmet|[of] p2a: Garchomp
|-enditem|p2a: Garchomp|Rocky Helmet|[from] move: Knock Off|[of] p1a: Tornadus
|move|p2a: Garchomp|Toxic|p1a: Tornadus
|-status|p1a: Tornadus|tox
|
|-damage|p1a: Tornadus|65/100 tox|[from] psn
|upkeep
|turn|2
|
|t:|1667825220
|switch|p1a: Corviknight|Corviknight, F|100/100
|-ability|p1a: Corviknight|Pressure
|move|p2a: Garchomp|Stealth Rock|p1a: Corviknight
|-sidestart|p1: BTLT200$ SF'|move: Stealth Rock
|
|upkeep
|turn|3
|
|t:|1667825226
|switch|p2a: Aegislash|Aegislash, F|100/100
|move|p1a: Corviknight|Defog|p2a: Aegislash
|-unboost|p2a: Aegislash|evasion|1
|-sideend|p1: BTLT200$ SF'|Stealth Rock|[from] move: Defog|[of] p1a: Corviknight
|
|upkeep
|turn|4
|
|t:|1667825232
|switch|p1a: Toxapex|Toxapex, F|100/100
|-formechange|p2a: Aegislash|Aegislash-Blade||[from] ability: Stance Change
|move|p2a: Aegislash|Shadow Ball|p1a: Toxapex
|-damage|p1a: Toxapex|55/100
|
|upkeep
|turn|5
|
|t:|1667825244
|switch|p2a: Ferrothorn|Ferrothorn, M|100/100
|move|p1a: Toxapex|Light Screen|p1a: Toxapex
|-sidestart|p1: BTLT200$ SF'|move: Light Screen
|
|upkeep
|turn|6
|
|t:|1667825251
|switch|p1a: Corviknight|Corviknight, F|100/100
|-ability|p1a: Corviknight|Pressure
|move|p2a: Ferrothorn|Thunder Wave|p1a: Corviknight|[miss]
|-miss|p2a: Ferrothorn|p1a: Corviknight
|
|upkeep
|turn|7
|
|t:|1667825258
|switch|p1a: Tornadus|Tornadus-Therian, M|99/100 tox
|move|p2a: Ferrothorn|Leech Seed|p1a: Tornadus
|-start|p1a: Tornadus|move: Leech Seed
|
|-damage|p1a: Tornadus|86/100 tox|[from] Leech Seed|[of] p2a: Ferrothorn
|-damage|p1a: Tornadus|80/100 tox|[from] psn
|upkeep
|turn|8
|
|t:|1667825265
|switch|p2a: Garchomp|Garchomp, M|89/100
|move|p1a: Tornadus|Heat Wave|p2a: Garchomp|[miss]
|-miss|p1a: Tornadus|p2a: Garchomp
|
|-damage|p1a: Tornadus|68/100 tox|[from] Leech Seed|[of] p2a: Garchomp
|-heal|p2a: Garchomp|99/100|[silent]
|-damage|p1a: Tornadus|55/100 tox|[from] psn
|upkeep
|turn|9
|
|t:|1667825274
|switch|p1a: Corviknight|Corviknight, F|100/100
|-ability|p1a: Corviknight|Pressure
|switch|p2a: Aegislash|Aegislash, F|100/100
|
|-sideend|p1: BTLT200$ SF'|move: Light Screen
|upkeep
|turn|10
|
|t:|1667825281
|-formechange|p2a: Aegislash|Aegislash-Blade||[from] ability: Stance Change
|move|p2a: Aegislash|Shadow Ball|p1a: Corviknight
|-damage|p1a: Corviknight|36/100
|move|p1a: Corviknight|Roost|p1a: Corviknight
|-heal|p1a: Corviknight|86/100
|-singleturn|p1a: Corviknight|move: Roost
|
|-heal|p1a: Corviknight|92/100|[from] item: Leftovers
|upkeep
|turn|11
|
|t:|1667825290
|move|p2a: Aegislash|Shadow Ball|p1a: Corviknight
|-damage|p1a: Corviknight|24/100
|move|p1a: Corviknight|Roost|p1a: Corviknight
|-heal|p1a: Corviknight|74/100
|-singleturn|p1a: Corviknight|move: Roost
|
|-heal|p1a: Corviknight|80/100|[from] item: Leftovers
|upkeep
|turn|12
|
|t:|1667825298
|move|p2a: Aegislash|Shadow Ball|p1a: Corviknight
|-damage|p1a: Corviknight|11/100
|-unboost|p1a: Corviknight|spd|1
|move|p1a: Corviknight|Roost|p1a: Corviknight
|-heal|p1a: Corviknight|61/100
|-singleturn|p1a: Corviknight|move: Roost
|
|-heal|p1a: Corviknight|67/100|[from] item: Leftovers
|upkeep
|turn|13
|
|t:|1667825307
|switch|p1a: Toxapex|Toxapex, F|88/100
|move|p2a: Aegislash|Shadow Ball|p1a: Toxapex
|-damage|p1a: Toxapex|41/100
|
|upkeep
|turn|14
|inactive|BTLT200$ SF' has 120 seconds left.
|
|t:|1667825342
|switch|p1a: Hippowdon|Hippowdon, F|100/100
|-weather|Sandstorm|[from] ability: Sand Stream|[of] p1a: Hippowdon
|move|p2a: Aegislash|Shadow Ball|p1a: Hippowdon
|-damage|p1a: Hippowdon|52/100
|
|-weather|Sandstorm|[upkeep]
|-heal|p1a: Hippowdon|58/100|[from] item: Leftovers
|upkeep
|turn|15
|
|t:|1667825363
|switch|p2a: Hydreigon|Hydreigon, F|100/100
|move|p1a: Hippowdon|Slack Off|p1a: Hippowdon
|-heal|p1a: Hippowdon|100/100
|
|-weather|Sandstorm|[upkeep]
|-damage|p2a: Hydreigon|94/100|[from] Sandstorm
|-heal|p2a: Hydreigon|100/100|[from] item: Leftovers
|upkeep
|turn|16
|
|t:|1667825371
|switch|p1a: Toxapex|Toxapex, F|74/100
|move|p2a: Hydreigon|Substitute|p2a: Hydreigon
|-start|p2a: Hydreigon|Substitute
|-damage|p2a: Hydreigon|76/100
|
|-weather|Sandstorm|[upkeep]
|-damage|p2a: Hydreigon|69/100|[from] Sandstorm
|-damage|p1a: Toxapex|68/100|[from] Sandstorm
|-heal|p2a: Hydreigon|76/100|[from] item: Leftovers
|upkeep
|turn|17
|
|t:|1667825379
|move|p2a: Hydreigon|Nasty Plot|p2a: Hydreigon
|-boost|p2a: Hydreigon|spa|2
|move|p1a: Toxapex|Light Screen|p1a: Toxapex
|-sidestart|p1: BTLT200$ SF'|move: Light Screen
|
|-weather|Sandstorm|[upkeep]
|-damage|p2a: Hydreigon|69/100|[from] Sandstorm
|-damage|p1a: Toxapex|62/100|[from] Sandstorm
|-heal|p2a: Hydreigon|76/100|[from] item: Leftovers
|upkeep
|turn|18
|
|t:|1667825387
|switch|p1a: Clefable|Clefable, F|100/100
|move|p2a: Hydreigon|Dark Pulse|p1a: Clefable
|-resisted|p1a: Clefable
|-damage|p1a: Clefable|91/100
|
|-weather|none
|-heal|p2a: Hydreigon|82/100|[from] item: Leftovers
|-heal|p1a: Clefable|97/100|[from] item: Leftovers
|upkeep
|turn|19
|
|t:|1667825396
|move|p2a: Hydreigon|Flash Cannon|p1a: Clefable
|-supereffective|p1a: Clefable
|-damage|p1a: Clefable|71/100
|move|p1a: Clefable|Aromatherapy|p1a: Clefable
|-activate|p1a: Clefable|move: Aromatherapy
|-curestatus|p1: Tornadus|tox|[msg]
|
|-heal|p2a: Hydreigon|88/100|[from] item: Leftovers
|-heal|p1a: Clefable|77/100|[from] item: Leftovers
|upkeep
|turn|20
|
|t:|1667825405
|move|p2a: Hydreigon|Nasty Plot|p2a: Hydreigon
|-boost|p2a: Hydreigon|spa|2
|move|p1a: Clefable|Moonblast|p2a: Hydreigon
|-supereffective|p2a: Hydreigon
|-end|p2a: Hydreigon|Substitute
|
|-heal|p2a: Hydreigon|94/100|[from] item: Leftovers
|-heal|p1a: Clefable|83/100|[from] item: Leftovers
|upkeep
|turn|21
|j| taotaozi
|l| taotaozi
|
|t:|1667825414
|move|p2a: Hydreigon|Flash Cannon|p1a: Clefable
|-supereffective|p1a: Clefable
|-crit|p1a: Clefable
|-damage|p1a: Clefable|9/100
|move|p1a: Clefable|Moonblast|p2a: Hydreigon
|-supereffective|p2a: Hydreigon
|-damage|p2a: Hydreigon|0 fnt
|faint|p2a: Hydreigon
|
|-heal|p1a: Clefable|15/100|[from] item: Leftovers
|-sideend|p1: BTLT200$ SF'|move: Light Screen
|upkeep
|
|t:|1667825422
|switch|p2a: Aegislash|Aegislash, F|100/100
|turn|22
|
|t:|1667825425
|switch|p1a: Toxapex|Toxapex, F|95/100
|-formechange|p2a: Aegislash|Aegislash-Blade||[from] ability: Stance Change
|move|p2a: Aegislash|Shadow Ball|p1a: Toxapex
|-damage|p1a: Toxapex|49/100
|
|upkeep
|turn|23
|
|t:|1667825438
|move|p2a: Aegislash|Shadow Ball|p1a: Toxapex
|-damage|p1a: Toxapex|3/100
|move|p1a: Toxapex|Light Screen|p1a: Toxapex
|-sidestart|p1: BTLT200$ SF'|move: Light Screen
|
|upkeep
|turn|24
|inactive|BTLT200$ SF' has 120 seconds left.
|
|t:|1667825470
|switch|p1a: Corviknight|Corviknight, F|67/100
|-ability|p1a: Corviknight|Pressure
|move|p2a: Aegislash|Shadow Ball|p1a: Corviknight
|-damage|p1a: Corviknight|33/100
|
|-heal|p1a: Corviknight|39/100|[from] item: Leftovers
|upkeep
|turn|25
|
|t:|1667825488
|move|p2a: Aegislash|Shadow Ball|p1a: Corviknight
|-damage|p1a: Corviknight|9/100
|move|p1a: Corviknight|Roost|p1a: Corviknight
|-heal|p1a: Corviknight|59/100
|-singleturn|p1a: Corviknight|move: Roost
|
|-heal|p1a: Corviknight|65/100|[from] item: Leftovers
|upkeep
|turn|26
|
|t:|1667825497
|switch|p2a: Garchomp|Garchomp, M|99/100
|move|p1a: Corviknight|Roost|p1a: Corviknight
|-heal|p1a: Corviknight|100/100
|-singleturn|p1a: Corviknight|move: Roost
|
|upkeep
|turn|27
|
|t:|1667825505
|move|p2a: Garchomp|Stealth Rock|p1a: Corviknight
|-sidestart|p1: BTLT200$ SF'|move: Stealth Rock
|move|p1a: Corviknight|Defog|p2a: Garchomp
|-unboost|p2a: Garchomp|evasion|1
|-sideend|p1: BTLT200$ SF'|Stealth Rock|[from] move: Defog|[of] p1a: Corviknight
|
|-sideend|p1: BTLT200$ SF'|move: Light Screen
|upkeep
|turn|28
|
|t:|1667825510
|move|p2a: Garchomp|Stealth Rock|p1a: Corviknight
|-sidestart|p1: BTLT200$ SF'|move: Stealth Rock
|move|p1a: Corviknight|Defog|p2a: Garchomp
|-unboost|p2a: Garchomp|evasion|1
|-sideend|p1: BTLT200$ SF'|Stealth Rock|[from] move: Defog|[of] p1a: Corviknight
|
|upkeep
|turn|29
|
|t:|1667825521
|switch|p2a: Clefable|Clefable, F|100/100
|move|p1a: Corviknight|Body Press|p2a: Clefable
|-resisted|p2a: Clefable
|-damage|p2a: Clefable|91/100
|
|-heal|p2a: Clefable|97/100|[from] item: Leftovers
|upkeep
|turn|30
|
|t:|1667825530
|switch|p1a: Heatran|Heatran, F|100/100
|-item|p1a: Heatran|Air Balloon
|move|p2a: Clefable|Thunder Wave|p1a: Heatran
|-status|p1a: Heatran|par
|
|-heal|p2a: Clefable|100/100|[from] item: Leftovers
|upkeep
|turn|31
|
|t:|1667825544
|switch|p2a: Garchomp|Garchomp, M|99/100
|switch|p1a: Toxapex|Toxapex, F|36/100
|
|upkeep
|turn|32
|j| xasahbae
|
|t:|1667825550
|switch|p1a: Corviknight|Corviknight, F|100/100
|-ability|p1a: Corviknight|Pressure
|move|p2a: Garchomp|Stealth Rock|p1a: Corviknight
|-sidestart|p1: BTLT200$ SF'|move: Stealth Rock
|
|upkeep
|turn|33
|
|t:|1667825557
|switch|p2a: Aegislash|Aegislash, F|100/100
|move|p1a: Corviknight|Defog|p2a: Aegislash
|-unboost|p2a: Aegislash|evasion|1
|-sideend|p1: BTLT200$ SF'|Stealth Rock|[from] move: Defog|[of] p1a: Corviknight
|
|upkeep
|turn|34
|j| Sutenbakku
|
|t:|1667825562
|-formechange|p2a: Aegislash|Aegislash-Blade||[from] ability: Stance Change
|move|p2a: Aegislash|Shadow Ball|p1a: Corviknight
|-damage|p1a: Corviknight|34/100
|-unboost|p1a: Corviknight|spd|1
|move|p1a: Corviknight|Roost|p1a: Corviknight
|-heal|p1a: Corviknight|84/100
|-singleturn|p1a: Corviknight|move: Roost
|
|-heal|p1a: Corviknight|90/100|[from] item: Leftovers
|upkeep
|turn|35
|inactive|BTLT200$ SF' has 120 seconds left.
|
|t:|1667825613
|switch|p1a: Toxapex|Toxapex, F|69/100
|move|p2a: Aegislash|Shadow Ball|p1a: Toxapex
|-damage|p1a: Toxapex|23/100
|
|upkeep
|turn|36
|
|t:|1667825629
|switch|p1a: Hippowdon|Hippowdon, F|100/100
|-weather|Sandstorm|[from] ability: Sand Stream|[of] p1a: Hippowdon
|move|p2a: Aegislash|Shadow Ball|p1a: Hippowdon
|-crit|p1a: Hippowdon
|-damage|p1a: Hippowdon|19/100
|
|-weather|Sandstorm|[upkeep]
|-heal|p1a: Hippowdon|25/100|[from] item: Leftovers
|upkeep
|turn|37
|
|t:|1667825637
|switch|p1a: Clefable|Clefable, F|15/100
|move|p2a: Aegislash|Shadow Ball|p1a: Clefable
|-damage|p1a: Clefable|0 fnt
|faint|p1a: Clefable
|
|-weather|Sandstorm|[upkeep]
|upkeep
|
|t:|1667825641
|switch|p1a: Corviknight|Corviknight, F|90/100
|-ability|p1a: Corviknight|Pressure
|turn|38
|j| Tokyo EZ
|
|t:|1667825647
|switch|p2a: Ferrothorn|Ferrothorn, M|100/100
|move|p1a: Corviknight|Roost|p1a: Corviknight
|-heal|p1a: Corviknight|100/100
|-singleturn|p1a: Corviknight|move: Roost
|
|-weather|Sandstorm|[upkeep]
|upkeep
|turn|39
|inactive|BTLT200$ SF' has 120 seconds left.
|
|t:|1667825655
|switch|p1a: Hippowdon|Hippowdon, F|25/100
|move|p2a: Ferrothorn|Knock Off|p1a: Hippowdon
|-damage|p1a: Hippowdon|10/100
|-enditem|p1a: Hippowdon|Leftovers|[from] move: Knock Off|[of] p2a: Ferrothorn
|
|-weather|Sandstorm|[upkeep]
|upkeep
|turn|40
|
|t:|1667825664
|move|p1a: Hippowdon|Slack Off|p1a: Hippowdon
|-heal|p1a: Hippowdon|60/100
|move|p2a: Ferrothorn|Leech Seed|p1a: Hippowdon|[miss]
|-miss|p2a: Ferrothorn|p1a: Hippowdon
|
|-weather|none
|upkeep
|turn|41
|
|t:|1667825673
|move|p1a: Hippowdon|Slack Off|p1a: Hippowdon
|-heal|p1a: Hippowdon|100/100
|move|p2a: Ferrothorn|Leech Seed|p1a: Hippowdon
|-start|p1a: Hippowdon|move: Leech Seed
|
|-damage|p1a: Hippowdon|88/100|[from] Leech Seed|[of] p2a: Ferrothorn
|upkeep
|turn|42
|
|t:|1667825678
|switch|p1a: Tornadus|Tornadus-Therian, M|89/100
|move|p2a: Ferrothorn|Spikes|p1a: Tornadus
|-sidestart|p1: BTLT200$ SF'|Spikes
|
|upkeep
|turn|43
|
|t:|1667825689
|switch|p1a: Toxapex|Toxapex, F|56/100
|-damage|p1a: Toxapex|43/100|[from] Spikes
|switch|p2a: Clefable|Clefable, F|100/100
|
|upkeep
|turn|44
|
|t:|1667825695
|move|p2a: Clefable|Thunder Wave|p1a: Toxapex
|-status|p1a: Toxapex|par
|move|p1a: Toxapex|Recover|p1a: Toxapex
|-heal|p1a: Toxapex|93/100 par
|
|upkeep
|turn|45
|
|t:|1667825705
|switch|p2a: Ferrothorn|Ferrothorn, M|100/100
|move|p1a: Toxapex|Light Screen|p1a: Toxapex
|-sidestart|p1: BTLT200$ SF'|move: Light Screen
|
|upkeep
|turn|46
|
|t:|1667825710
|move|p2a: Ferrothorn|Knock Off|p1a: Toxapex
|-damage|p1a: Toxapex|77/100 par
|-enditem|p1a: Toxapex|Shed Shell|[from] move: Knock Off|[of] p2a: Ferrothorn
|move|p1a: Toxapex|Scald|p2a: Ferrothorn
|-resisted|p2a: Ferrothorn
|-damage|p2a: Ferrothorn|95/100
|-status|p2a: Ferrothorn|brn
|
|-heal|p2a: Ferrothorn|100/100 brn|[from] item: Leftovers
|-damage|p2a: Ferrothorn|94/100 brn|[from] brn
|upkeep
|turn|47
|
|t:|1667825720
|switch|p1a: Heatran|Heatran, F|100/100 par
|-item|p1a: Heatran|Air Balloon
|move|p2a: Ferrothorn|Leech Seed|p1a: Heatran
|-start|p1a: Heatran|move: Leech Seed
|
|-heal|p2a: Ferrothorn|100/100 brn|[from] item: Leftovers
|-damage|p1a: Heatran|88/100 par|[from] Leech Seed|[of] p2a: Ferrothorn
|-damage|p2a: Ferrothorn|94/100 brn|[from] brn
|upkeep
|turn|48
|
|t:|1667825730
|switch|p2a: Garchomp|Garchomp, M|99/100
|move|p1a: Heatran|Magma Storm|p2a: Garchomp
|-resisted|p2a: Garchomp
|-damage|p2a: Garchomp|80/100
|-activate|p2a: Garchomp|move: Magma Storm|[of] p1a: Heatran
|
|-damage|p1a: Heatran|76/100 par|[from] Leech Seed|[of] p2a: Garchomp
|-heal|p2a: Garchomp|91/100|[silent]
|-damage|p2a: Garchomp|79/100|[from] move: Magma Storm|[partiallytrapped]
|upkeep
|turn|49
|
|t:|1667825739
|switch|p1a: Corviknight|Corviknight, F|100/100
|-ability|p1a: Corviknight|Pressure
|move|p2a: Garchomp|Stealth Rock|p1a: Corviknight
|-sidestart|p1: BTLT200$ SF'|move: Stealth Rock
|
|-end|p2a: Garchomp|Magma Storm|[partiallytrapped]|[silent]
|-sideend|p1: BTLT200$ SF'|move: Light Screen
|upkeep
|turn|50
|l| Sutenbakku
|
|t:|1667825749
|switch|p2a: Clefable|Clefable, F|100/100
|move|p1a: Corviknight|Defog|p2a: Clefable
|-unboost|p2a: Clefable|evasion|1
|-sideend|p1: BTLT200$ SF'|Spikes|[from] move: Defog|[of] p1a: Corviknight
|-sideend|p1: BTLT200$ SF'|Stealth Rock|[from] move: Defog|[of] p1a: Corviknight
|
|upkeep
|turn|51
|
|t:|1667825756
|switch|p1a: Toxapex|Toxapex, F|100/100 par
|move|p2a: Clefable|Wish|p2a: Clefable
|
|upkeep
|turn|52
|
|t:|1667825763
|switch|p2a: Ferrothorn|Ferrothorn, M|94/100 brn
|move|p1a: Toxapex|Toxic||[still]
|-fail|p1a: Toxapex
|
|-heal|p2a: Ferrothorn|100/100 brn|[from] move: Wish|[wisher] Clefable
|-damage|p2a: Ferrothorn|94/100 brn|[from] brn
|upkeep
|turn|53
|
|t:|1667825773
|switch|p1a: Heatran|Heatran, F|76/100 par
|-item|p1a: Heatran|Air Balloon
|move|p2a: Ferrothorn|Leech Seed|p1a: Heatran
|-start|p1a: Heatran|move: Leech Seed
|
|-heal|p2a: Ferrothorn|100/100 brn|[from] item: Leftovers
|-damage|p1a: Heatran|63/100 par|[from] Leech Seed|[of] p2a: Ferrothorn
|-damage|p2a: Ferrothorn|94/100 brn|[from] brn
|upkeep
|turn|54
|
|t:|1667825783
|switch|p1a: Hippowdon|Hippowdon, F|88/100
|-weather|Sandstorm|[from] ability: Sand Stream|[of] p1a: Hippowdon
|switch|p2a: Garchomp|Garchomp, M|79/100
|
|-weather|Sandstorm|[upkeep]
|upkeep
|turn|55
|
|t:|1667825796
|switch|p2a: Kartana|Kartana|100/100
|switch|p1a: Corviknight|Corviknight, F|100/100
|-ability|p1a: Corviknight|Pressure
|
|-weather|Sandstorm|[upkeep]
|upkeep
|turn|56
|
|t:|1667825806
|switch|p1a: Tornadus|Tornadus-Therian, M|100/100
|move|p2a: Kartana|Knock Off|p1a: Tornadus
|-damage|p1a: Tornadus|54/100
|-damage|p2a: Kartana|84/100|[from] item: Rocky Helmet|[of] p1a: Tornadus
|-enditem|p1a: Tornadus|Rocky Helmet|[from] move: Knock Off|[of] p2a: Kartana
|
|-weather|Sandstorm|[upkeep]
|-damage|p1a: Tornadus|47/100|[from] Sandstorm
|upkeep
|turn|57
|
|t:|1667825815
|switch|p2a: Clefable|Clefable, F|100/100
|move|p1a: Tornadus|Heat Wave|p2a: Clefable
|-damage|p2a: Clefable|79/100
|
|-weather|Sandstorm|[upkeep]
|-damage|p1a: Tornadus|41/100|[from] Sandstorm
|-heal|p2a: Clefable|86/100|[from] item: Leftovers
|upkeep
|turn|58
|
|t:|1667825823
|switch|p1a: Heatran|Heatran, F|63/100 par
|-item|p1a: Heatran|Air Balloon
|move|p2a: Clefable|Wish|p2a: Clefable
|
|-weather|none
|-heal|p2a: Clefable|92/100|[from] item: Leftovers
|upkeep
|turn|59
|
|t:|1667825833
|switch|p2a: Garchomp|Garchomp, M|79/100
|move|p1a: Heatran|Taunt|p2a: Garchomp
|-start|p2a: Garchomp|move: Taunt
|
|-heal|p2a: Garchomp|100/100|[from] move: Wish|[wisher] Clefable
|upkeep
|turn|60
|
|t:|1667825840
|switch|p1a: Tornadus|Tornadus-Therian, M|75/100
|move|p2a: Garchomp|Dragon Tail|p1a: Tornadus
|-damage|p1a: Tornadus|50/100
|drag|p1a: Hippowdon|Hippowdon, F|88/100
|-weather|Sandstorm|[from] ability: Sand Stream|[of] p1a: Hippowdon
|
|-weather|Sandstorm|[upkeep]
|upkeep
|turn|61
|
|t:|1667825849
|switch|p2a: Clefable|Clefable, F|92/100
|switch|p1a: Tornadus|Tornadus-Therian, M|83/100
|
|-weather|Sandstorm|[upkeep]
|-damage|p1a: Tornadus|77/100|[from] Sandstorm
|-heal|p2a: Clefable|98/100|[from] item: Leftovers
|upkeep
|turn|62
|
|t:|1667825860
|switch|p1a: Toxapex|Toxapex, F|100/100 par
|move|p2a: Clefable|Thunder Wave|p1a: Toxapex
|-fail|p1a: Toxapex|par
|
|-weather|Sandstorm|[upkeep]
|-damage|p1a: Toxapex|94/100 par|[from] Sandstorm
|-heal|p2a: Clefable|100/100|[from] item: Leftovers
|upkeep
|turn|63
|
|t:|1667825870
|switch|p2a: Ferrothorn|Ferrothorn, M|94/100 brn
|move|p1a: Toxapex|Light Screen|p1a: Toxapex
|-sidestart|p1: BTLT200$ SF'|move: Light Screen
|
|-weather|Sandstorm|[upkeep]
|-damage|p1a: Toxapex|88/100 par|[from] Sandstorm
|-heal|p2a: Ferrothorn|100/100 brn|[from] item: Leftovers
|-damage|p2a: Ferrothorn|94/100 brn|[from] brn
|upkeep
|turn|64
|
|t:|1667825877
|switch|p1a: Heatran|Heatran, F|63/100 par
|-item|p1a: Heatran|Air Balloon
|move|p2a: Ferrothorn|Leech Seed|p1a: Heatran
|-start|p1a: Heatran|move: Leech Seed
|
|-weather|none
|-heal|p2a: Ferrothorn|100/100 brn|[from] item: Leftovers
|-damage|p1a: Heatran|51/100 par|[from] Leech Seed|[of] p2a: Ferrothorn
|-damage|p2a: Ferrothorn|94/100 brn|[from] brn
|upkeep
|turn|65
|
|t:|1667825892
|switch|p1a: Hippowdon|Hippowdon, F|88/100
|-weather|Sandstorm|[from] ability: Sand Stream|[of] p1a: Hippowdon
|switch|p2a: Garchomp|Garchomp, M|100/100
|
|-weather|Sandstorm|[upkeep]
|upkeep
|turn|66
|
|t:|1667825902
|switch|p2a: Clefable|Clefable, F|100/100
|switch|p1a: Corviknight|Corviknight, F|100/100
|-ability|p1a: Corviknight|Pressure
|
|-weather|Sandstorm|[upkeep]
|upkeep
|turn|67
|
|t:|1667825916
|switch|p1a: Toxapex|Toxapex, F|100/100 par
|switch|p2a: Ferrothorn|Ferrothorn, M|94/100 brn
|
|-weather|Sandstorm|[upkeep]
|-damage|p1a: Toxapex|94/100 par|[from] Sandstorm
|-heal|p2a: Ferrothorn|100/100 brn|[from] item: Leftovers
|-damage|p2a: Ferrothorn|94/100 brn|[from] brn
|-sideend|p1: BTLT200$ SF'|move: Light Screen
|upkeep
|turn|68
|
|t:|1667825930
|switch|p1a: Hippowdon|Hippowdon, F|88/100
|move|p2a: Ferrothorn|Knock Off|p1a: Hippowdon
|-damage|p1a: Hippowdon|83/100
|
|-weather|Sandstorm|[upkeep]
|-heal|p2a: Ferrothorn|100/100 brn|[from] item: Leftovers
|-damage|p2a: Ferrothorn|94/100 brn|[from] brn
|upkeep
|turn|69
|
|t:|1667825938
|move|p1a: Hippowdon|Earthquake|p2a: Ferrothorn
|-damage|p2a: Ferrothorn|65/100 brn
|move|p2a: Ferrothorn|Spikes|p1a: Hippowdon
|-sidestart|p1: BTLT200$ SF'|Spikes
|
|-weather|none
|-heal|p2a: Ferrothorn|72/100 brn|[from] item: Leftovers
|-damage|p2a: Ferrothorn|65/100 brn|[from] brn
|upkeep
|turn|70
|
|t:|1667825945
|move|p1a: Hippowdon|Earthquake|p2a: Ferrothorn
|-damage|p2a: Ferrothorn|33/100 brn
|move|p2a: Ferrothorn|Leech Seed|p1a: Hippowdon
|-start|p1a: Hippowdon|move: Leech Seed
|
|-heal|p2a: Ferrothorn|40/100 brn|[from] item: Leftovers
|-damage|p1a: Hippowdon|71/100|[from] Leech Seed|[of] p2a: Ferrothorn
|-heal|p2a: Ferrothorn|54/100 brn|[silent]
|-damage|p2a: Ferrothorn|48/100 brn|[from] brn
|upkeep
|turn|71
|
|t:|1667825955
|switch|p1a: Heatran|Heatran, F|51/100 par
|-item|p1a: Heatran|Air Balloon
|switch|p2a: Clefable|Clefable, F|100/100
|
|upkeep
|turn|72
|
|t:|1667825966
|switch|p2a: Garchomp|Garchomp, M|100/100
|move|p1a: Heatran|Rest|p1a: Heatran
|-status|p1a: Heatran|slp|[from] move: Rest
|-heal|p1a: Heatran|100/100 slp|[silent]
|
|upkeep
|turn|73
|
|t:|1667825975
|switch|p2a: Clefable|Clefable, F|100/100
|switch|p1a: Corviknight|Corviknight, F|100/100
|-ability|p1a: Corviknight|Pressure
|
|upkeep
|turn|74
|
|t:|1667825981
|switch|p1a: Toxapex|Toxapex, F|100/100 par
|-damage|p1a: Toxapex|88/100 par|[from] Spikes
|move|p2a: Clefable|Wish|p2a: Clefable
|
|upkeep
|turn|75
|
|t:|1667825988
|switch|p2a: Ferrothorn|Ferrothorn, M|48/100 brn
|move|p1a: Toxapex|Toxic||[still]
|-fail|p1a: Toxapex
|
|-heal|p2a: Ferrothorn|100/100 brn|[from] move: Wish|[wisher] Clefable
|-damage|p2a: Ferrothorn|94/100 brn|[from] brn
|upkeep
|turn|76
|
|t:|1667825999
|switch|p1a: Hippowdon|Hippowdon, F|71/100
|-damage|p1a: Hippowdon|58/100|[from] Spikes
|-weather|Sandstorm|[from] ability: Sand Stream|[of] p1a: Hippowdon
|move|p2a: Ferrothorn|Leech Seed|p1a: Hippowdon
|-start|p1a: Hippowdon|move: Leech Seed
|
|-weather|Sandstorm|[upkeep]
|-heal|p2a: Ferrothorn|100/100 brn|[from] item: Leftovers
|-damage|p1a: Hippowdon|46/100|[from] Leech Seed|[of] p2a: Ferrothorn
|-damage|p2a: Ferrothorn|94/100 brn|[from] brn
|upkeep
|turn|77
|
|t:|1667826012
|switch|p2a: Kartana|Kartana|84/100
|move|p1a: Hippowdon|Slack Off|p1a: Hippowdon
|-heal|p1a: Hippowdon|96/100
|
|-weather|Sandstorm|[upkeep]
|-damage|p1a: Hippowdon|84/100|[from] Leech Seed|[of] p2a: Kartana
|-heal|p2a: Kartana|100/100|[silent]
|upkeep
|turn|78
|
|t:|1667826020
|switch|p1a: Tornadus|Tornadus-Therian, M|100/100
|move|p2a: Kartana|Knock Off|p1a: Tornadus
|-damage|p1a: Tornadus|73/100
|
|-weather|Sandstorm|[upkeep]
|-damage|p1a: Tornadus|67/100|[from] Sandstorm
|upkeep
|turn|79
|
|t:|1667826027
|switch|p2a: Clefable|Clefable, F|100/100
|move|p1a: Tornadus|Defog|p2a: Clefable
|-unboost|p2a: Clefable|evasion|1
|-sideend|p1: BTLT200$ SF'|Spikes|[from] move: Defog|[of] p1a: Tornadus
|
|-weather|Sandstorm|[upkeep]
|-damage|p1a: Tornadus|61/100|[from] Sandstorm
|upkeep
|turn|80
|
|t:|1667826035
|switch|p1a: Toxapex|Toxapex, F|100/100 par
|move|p2a: Clefable|Moonblast|p1a: Toxapex
|-resisted|p1a: Toxapex
|-damage|p1a: Toxapex|91/100 par
|-unboost|p1a: Toxapex|spa|1
|
|-weather|none
|upkeep
|turn|81
|
|t:|1667826045
|switch|p1a: Heatran|Heatran, F|100/100 slp
|-item|p1a: Heatran|Air Balloon
|move|p2a: Clefable|Wish|p2a: Clefable
|
|upkeep
|turn|82
|
|t:|1667826052
|cant|p1a: Heatran|slp
|move|p2a: Clefable|Moonblast|p1a: Heatran
|-resisted|p1a: Heatran
|-damage|p1a: Heatran|95/100 slp
|-enditem|p1a: Heatran|Air Balloon
|
|upkeep
|turn|83
|
|t:|1667826059
|switch|p2a: Garchomp|Garchomp, M|100/100
|cant|p1a: Heatran|slp
|
|upkeep
|turn|84
|
|t:|1667826064
|switch|p1a: Corviknight|Corviknight, F|100/100
|-ability|p1a: Corviknight|Pressure
|move|p2a: Garchomp|Earthquake|p1a: Corviknight
|-immune|p1a: Corviknight
|
|upkeep
|turn|85
|
|t:|1667826070
|move|p2a: Garchomp|Stealth Rock|p1a: Corviknight
|-sidestart|p1: BTLT200$ SF'|move: Stealth Rock
|move|p1a: Corviknight|Body Press|p2a: Garchomp
|-damage|p2a: Garchomp|87/100
|-damage|p1a: Corviknight|88/100|[from] ability: Rough Skin|[of] p2a: Garchomp
|
|-heal|p1a: Corviknight|94/100|[from] item: Leftovers
|upkeep
|turn|86
|
|t:|1667826079
|switch|p2a: Kartana|Kartana|100/100
|move|p1a: Corviknight|Defog|p2a: Kartana
|-unboost|p2a: Kartana|evasion|1
|-sideend|p1: BTLT200$ SF'|Stealth Rock|[from] move: Defog|[of] p1a: Corviknight
|
|-heal|p1a: Corviknight|100/100|[from] item: Leftovers
|upkeep
|turn|87
|
|t:|1667826089
|switch|p1a: Toxapex|Toxapex, F|100/100 par
|move|p2a: Kartana|Smart Strike|p1a: Toxapex
|-resisted|p1a: Toxapex
|-damage|p1a: Toxapex|84/100 par
|
|upkeep
|turn|88
|
|t:|1667826098
|switch|p2a: Ferrothorn|Ferrothorn, M|94/100 brn
|switch|p1a: Heatran|Heatran, F|95/100 slp
|
|-heal|p2a: Ferrothorn|100/100 brn|[from] item: Leftovers
|-damage|p2a: Ferrothorn|94/100 brn|[from] brn
|upkeep
|turn|89
|
|t:|1667826106
|switch|p2a: Garchomp|Garchomp, M|87/100
|-curestatus|p1a: Heatran|slp|[msg]
|move|p1a: Heatran|Magma Storm|p2a: Garchomp|[miss]
|-miss|p1a: Heatran|p2a: Garchomp
|
|upkeep
|turn|90
|
|t:|1667826113
|switch|p1a: Corviknight|Corviknight, F|100/100
|-ability|p1a: Corviknight|Pressure
|move|p2a: Garchomp|Stealth Rock|p1a: Corviknight
|-sidestart|p1: BTLT200$ SF'|move: Stealth Rock
|
|upkeep
|turn|91
|j| MickSwagger99
|
|t:|1667826129
|switch|p2a: Ferrothorn|Ferrothorn, M|94/100 brn
|move|p1a: Corviknight|Defog|p2a: Ferrothorn
|-unboost|p2a: Ferrothorn|evasion|1
|-sideend|p1: BTLT200$ SF'|Stealth Rock|[from] move: Defog|[of] p1a: Corviknight
|
|-heal|p2a: Ferrothorn|100/100 brn|[from] item: Leftovers
|-damage|p2a: Ferrothorn|94/100 brn|[from] brn
|upkeep
|turn|92
|
|t:|1667826140
|switch|p1a: Heatran|Heatran, F|95/100
|move|p2a: Ferrothorn|Leech Seed|p1a: Heatran
|-start|p1a: Heatran|move: Leech Seed
|
|-heal|p2a: Ferrothorn|100/100 brn|[from] item: Leftovers
|-damage|p1a: Heatran|83/100|[from] Leech Seed|[of] p2a: Ferrothorn
|-damage|p2a: Ferrothorn|94/100 brn|[from] brn
|upkeep
|turn|93
|
|t:|1667826149
|switch|p2a: Garchomp|Garchomp, M|87/100
|move|p1a: Heatran|Taunt|p2a: Garchomp
|-start|p2a: Garchomp|move: Taunt
|
|-damage|p1a: Heatran|70/100|[from] Leech Seed|[of] p2a: Garchomp
|-heal|p2a: Garchomp|98/100|[silent]
|upkeep
|turn|94
|
|t:|1667826156
|switch|p1a: Tornadus|Tornadus-Therian, M|94/100
|move|p2a: Garchomp|Dragon Tail|p1a: Tornadus
|-damage|p1a: Tornadus|70/100
|drag|p1a: Heatran|Heatran, F|70/100
|
|upkeep
|turn|95
|
|t:|1667826174
|switch|p1a: Tornadus|Tornadus-Therian, M|100/100
|move|p2a: Garchomp|Dragon Tail|p1a: Tornadus
|-damage|p1a: Tornadus|74/100
|drag|p1a: Hippowdon|Hippowdon, F|84/100
|-weather|Sandstorm|[from] ability: Sand Stream|[of] p1a: Hippowdon
|
|-weather|Sandstorm|[upkeep]
|-end|p2a: Garchomp|move: Taunt
|upkeep
|turn|96
|
|t:|1667826183
|switch|p1a: Corviknight|Corviknight, F|100/100
|-ability|p1a: Corviknight|Pressure
|move|p2a: Garchomp|Toxic|p1a: Corviknight
|-immune|p1a: Corviknight
|
|-weather|Sandstorm|[upkeep]
|upkeep
|turn|97
|
|t:|1667826189
|move|p2a: Garchomp|Stealth Rock|p1a: Corviknight
|-sidestart|p1: BTLT200$ SF'|move: Stealth Rock
|move|p1a: Corviknight|Body Press|p2a: Garchomp
|-damage|p2a: Garchomp|84/100
|-damage|p1a: Corviknight|88/100|[from] ability: Rough Skin|[of] p2a: Garchomp
|
|-weather|Sandstorm|[upkeep]
|-heal|p1a: Corviknight|94/100|[from] item: Leftovers
|upkeep
|turn|98
|
|t:|1667826202
|switch|p2a: Ferrothorn|Ferrothorn, M|94/100 brn
|move|p1a: Corviknight|Defog|p2a: Ferrothorn
|-unboost|p2a: Ferrothorn|evasion|1
|-sideend|p1: BTLT200$ SF'|Stealth Rock|[from] move: Defog|[of] p1a: Corviknight
|
|-weather|Sandstorm|[upkeep]
|-heal|p1a: Corviknight|100/100|[from] item: Leftovers
|-heal|p2a: Ferrothorn|100/100 brn|[from] item: Leftovers
|-damage|p2a: Ferrothorn|94/100 brn|[from] brn
|upkeep
|turn|99
|j| the art of
|
|t:|1667826212
|switch|p1a: Heatran|Heatran, F|70/100
|move|p2a: Ferrothorn|Leech Seed|p1a: Heatran
|-start|p1a: Heatran|move: Leech Seed
|
|-weather|none
|-heal|p2a: Ferrothorn|100/100 brn|[from] item: Leftovers
|-damage|p1a: Heatran|58/100|[from] Leech Seed|[of] p2a: Ferrothorn
|-damage|p2a: Ferrothorn|94/100 brn|[from] brn
|upkeep
|turn|100
|
|t:|1667826224
|switch|p2a: Garchomp|Garchomp, M|84/100
|move|p1a: Heatran|Taunt|p2a: Garchomp
|-start|p2a: Garchomp|move: Taunt
|
|-damage|p1a: Heatran|46/100|[from] Leech Seed|[of] p2a: Garchomp
|-heal|p2a: Garchomp|95/100|[silent]
|upkeep
|turn|101
|
|t:|1667826232
|switch|p1a: Corviknight|Corviknight, F|100/100
|-ability|p1a: Corviknight|Pressure
|move|p2a: Garchomp|Dragon Tail|p1a: Corviknight
|-resisted|p1a: Corviknight
|-damage|p1a: Corviknight|93/100
|drag|p1a: Tornadus|Tornadus-Therian, M|100/100
|
|upkeep
|turn|102
|j| zgiata 创世神
|
|t:|1667826251
|switch|p2a: Clefable|Clefable, F|100/100
|move|p1a: Tornadus|Toxic|p2a: Clefable
|-status|p2a: Clefable|tox
|
|upkeep
|turn|103
|
|t:|1667826259
|switch|p1a: Heatran|Heatran, F|46/100
|move|p2a: Clefable|Thunder Wave|p1a: Heatran|[miss]
|-miss|p2a: Clefable|p1a: Heatran
|
|upkeep
|turn|104
|j| wistwind
|inactive|Seigneur-Fou has 120 seconds left.
|
|t:|1667826269
|switch|p2a: Garchomp|Garchomp, M|95/100
|move|p1a: Heatran|Taunt|p2a: Garchomp
|-start|p2a: Garchomp|move: Taunt
|
|upkeep
|turn|105
|
|t:|1667826274
|switch|p1a: Corviknight|Corviknight, F|93/100
|-ability|p1a: Corviknight|Pressure
|move|p2a: Garchomp|Earthquake|p1a: Corviknight
|-immune|p1a: Corviknight
|
|-heal|p1a: Corviknight|99/100|[from] item: Leftovers
|upkeep
|turn|106
|
|t:|1667826283
|switch|p2a: Clefable|Clefable, F|100/100 tox
|move|p1a: Corviknight|U-turn|p2a: Clefable
|-resisted|p2a: Clefable
|-damage|p2a: Clefable|95/100 tox
|
|t:|1667826285
|switch|p1a: Heatran|Heatran, F|46/100|[from]move: U-turn
|
|-heal|p2a: Clefable|100/100 tox|[from] item: Leftovers
|upkeep
|turn|107
|j| taotaozi
|
|t:|1667826295
|switch|p2a: Garchomp|Garchomp, M|95/100
|move|p1a: Heatran|Earth Power|p2a: Garchomp
|-damage|p2a: Garchomp|69/100
|
|upkeep
|turn|108
|
|t:|1667826302
|switch|p1a: Corviknight|Corviknight, F|99/100
|-ability|p1a: Corviknight|Pressure
|move|p2a: Garchomp|Stealth Rock|p1a: Corviknight
|-sidestart|p1: BTLT200$ SF'|move: Stealth Rock
|
|-heal|p1a: Corviknight|100/100|[from] item: Leftovers
|upkeep
|turn|109
|inactive|Seigneur-Fou has 120 seconds left.
|
|t:|1667826315
|switch|p2a: Ferrothorn|Ferrothorn, M|94/100 brn
|move|p1a: Corviknight|Defog|p2a: Ferrothorn
|-unboost|p2a: Ferrothorn|evasion|1
|-sideend|p1: BTLT200$ SF'|Stealth Rock|[from] move: Defog|[of] p1a: Corviknight
|
|-heal|p2a: Ferrothorn|100/100 brn|[from] item: Leftovers
|-damage|p2a: Ferrothorn|94/100 brn|[from] brn
|upkeep
|turn|110
|inactive|Seigneur-Fou has 120 seconds left.
|
|t:|1667826323
|switch|p1a: Heatran|Heatran, F|46/100
|move|p2a: Ferrothorn|Thunder Wave|p1a: Heatran
|-status|p1a: Heatran|par
|
|-heal|p2a: Ferrothorn|100/100 brn|[from] item: Leftovers
|-damage|p2a: Ferrothorn|94/100 brn|[from] brn
|upkeep
|turn|111
|inactive|Seigneur-Fou has 120 seconds left.
|
|t:|1667826333
|switch|p2a: Aegislash|Aegislash, F|100/100
|move|p1a: Heatran|Rest|p1a: Heatran
|-status|p1a: Heatran|slp|[from] move: Rest
|-heal|p1a: Heatran|100/100 slp|[silent]
|
|upkeep
|turn|112
|
|t:|1667826339
|switch|p1a: Toxapex|Toxapex, F|100/100 par
|-formechange|p2a: Aegislash|Aegislash-Blade||[from] ability: Stance Change
|move|p2a: Aegislash|Shadow Ball|p1a: Toxapex
|-damage|p1a: Toxapex|50/100 par
|
|upkeep
|turn|113
|
|t:|1667826364
|switch|p1a: Hippowdon|Hippowdon, F|84/100
|-weather|Sandstorm|[from] ability: Sand Stream|[of] p1a: Hippowdon
|move|p2a: Aegislash|Shadow Ball|p1a: Hippowdon
|-damage|p1a: Hippowdon|28/100
|
|-weather|Sandstorm|[upkeep]
|upkeep
|turn|114
|
|t:|1667826371
|switch|p1a: Corviknight|Corviknight, F|100/100
|-ability|p1a: Corviknight|Pressure
|move|p2a: Aegislash|Shadow Ball|p1a: Corviknight
|-damage|p1a: Corviknight|41/100
|
|-weather|Sandstorm|[upkeep]
|-heal|p1a: Corviknight|47/100|[from] item: Leftovers
|upkeep
|turn|115
|
|t:|1667826389
|switch|p2a: Ferrothorn|Ferrothorn, M|94/100 brn
|move|p1a: Corviknight|Roost|p1a: Corviknight
|-heal|p1a: Corviknight|97/100
|-singleturn|p1a: Corviknight|move: Roost
|
|-weather|Sandstorm|[upkeep]
|-heal|p1a: Corviknight|100/100|[from] item: Leftovers
|-heal|p2a: Ferrothorn|100/100 brn|[from] item: Leftovers
|-damage|p2a: Ferrothorn|94/100 brn|[from] brn
|upkeep
|turn|116
|
|t:|1667826406
|switch|p1a: Heatran|Heatran, F|100/100 slp
|move|p2a: Ferrothorn|Spikes|p1a: Heatran
|-sidestart|p1: BTLT200$ SF'|Spikes
|
|-weather|Sandstorm|[upkeep]
|-heal|p2a: Ferrothorn|100/100 brn|[from] item: Leftovers
|-damage|p2a: Ferrothorn|94/100 brn|[from] brn
|upkeep
|turn|117
|
|t:|1667826414
|switch|p2a: Kartana|Kartana|100/100
|cant|p1a: Heatran|slp
|
|-weather|none
|upkeep
|turn|118
|
|t:|1667826426
|switch|p1a: Tornadus|Tornadus-Therian, M|100/100
|move|p2a: Kartana|Smart Strike|p1a: Tornadus
|-damage|p1a: Tornadus|50/100
|
|upkeep
|turn|119
|inactive|Seigneur-Fou has 90 seconds left.
|
|t:|1667826437
|switch|p2a: Aegislash|Aegislash, F|100/100
|switch|p1a: Corviknight|Corviknight, F|100/100
|-ability|p1a: Corviknight|Pressure
|
|upkeep
|turn|120
|inactive|Seigneur-Fou has 90 seconds left.
|
|t:|1667826446
|-formechange|p2a: Aegislash|Aegislash-Blade||[from] ability: Stance Change
|move|p2a: Aegislash|Flash Cannon|p1a: Corviknight
|-resisted|p1a: Corviknight
|-damage|p1a: Corviknight|67/100
|move|p1a: Corviknight|Defog|p2a: Aegislash
|-unboost|p2a: Aegislash|evasion|1
|-sideend|p1: BTLT200$ SF'|Spikes|[from] move: Defog|[of] p1a: Corviknight
|
|-heal|p1a: Corviknight|74/100|[from] item: Leftovers
|upkeep
|turn|121
|inactive|Seigneur-Fou has 90 seconds left.
|
|t:|1667826455
|switch|p1a: Heatran|Heatran, F|100/100 slp
|move|p2a: Aegislash|Flash Cannon|p1a: Heatran
|-resisted|p1a: Heatran
|-damage|p1a: Heatran|90/100 slp
|
|upkeep
|turn|122
|inactive|Seigneur-Fou has 90 seconds left.
|
|t:|1667826462
|switch|p2a: Garchomp|Garchomp, M|69/100
|cant|p1a: Heatran|slp
|
|upkeep
|turn|123
|inactive|Seigneur-Fou has 90 seconds left.
|
|t:|1667826468
|switch|p1a: Corviknight|Corviknight, F|74/100
|-ability|p1a: Corviknight|Pressure
|move|p2a: Garchomp|Dragon Tail|p1a: Corviknight
|-resisted|p1a: Corviknight
|-damage|p1a: Corviknight|66/100
|drag|p1a: Hippowdon|Hippowdon, F|28/100
|-weather|Sandstorm|[from] ability: Sand Stream|[of] p1a: Hippowdon
|
|-weather|Sandstorm|[upkeep]
|upkeep
|turn|124
|inactive|Seigneur-Fou has 90 seconds left.
|l| taotaozi
|
|t:|1667826479
|switch|p1a: Corviknight|Corviknight, F|66/100
|-ability|p1a: Corviknight|Pressure
|move|p2a: Garchomp|Stealth Rock|p1a: Corviknight
|-sidestart|p1: BTLT200$ SF'|move: Stealth Rock
|
|-weather|Sandstorm|[upkeep]
|-heal|p1a: Corviknight|72/100|[from] item: Leftovers
|upkeep
|turn|125
|
|t:|1667826495
|move|p1a: Corviknight|Defog|p2a: Garchomp
|-unboost|p2a: Garchomp|evasion|1
|-sideend|p1: BTLT200$ SF'|Stealth Rock|[from] move: Defog|[of] p1a: Corviknight
|move|p2a: Garchomp|Dragon Tail|p1a: Corviknight
|-resisted|p1a: Corviknight
|-damage|p1a: Corviknight|64/100
|drag|p1a: Tornadus|Tornadus-Therian, M|83/100
|
|-weather|Sandstorm|[upkeep]
|-damage|p1a: Tornadus|77/100|[from] Sandstorm
|upkeep
|turn|126
|
|t:|1667826504
|switch|p1a: Corviknight|Corviknight, F|64/100
|-ability|p1a: Corviknight|Pressure
|move|p2a: Garchomp|Stealth Rock|p1a: Corviknight
|-sidestart|p1: BTLT200$ SF'|move: Stealth Rock
|
|-weather|Sandstorm|[upkeep]
|-heal|p1a: Corviknight|70/100|[from] item: Leftovers
|upkeep
|turn|127
|
|t:|1667826512
|move|p1a: Corviknight|Defog|p2a: Garchomp
|-unboost|p2a: Garchomp|evasion|1
|-sideend|p1: BTLT200$ SF'|Stealth Rock|[from] move: Defog|[of] p1a: Corviknight
|move|p2a: Garchomp|Dragon Tail|p1a: Corviknight
|-resisted|p1a: Corviknight
|-damage|p1a: Corviknight|62/100
|drag|p1a: Hippowdon|Hippowdon, F|28/100
|
|-weather|none
|upkeep
|turn|128
|
|t:|1667826529
|switch|p2a: Kartana|Kartana|100/100
|switch|p1a: Corviknight|Corviknight, F|62/100
|-ability|p1a: Corviknight|Pressure
|
|-heal|p1a: Corviknight|68/100|[from] item: Leftovers
|upkeep
|turn|129
|
|t:|1667826537
|switch|p1a: Tornadus|Tornadus-Therian, M|100/100
|move|p2a: Kartana|Knock Off|p1a: Tornadus
|-damage|p1a: Tornadus|71/100
|
|upkeep
|turn|130
|
|t:|1667826546
|switch|p2a: Clefable|Clefable, F|100/100 tox
|move|p1a: Tornadus|Heat Wave|p2a: Clefable
|-damage|p2a: Clefable|80/100 tox
|
|-heal|p2a: Clefable|86/100 tox|[from] item: Leftovers
|upkeep
|turn|131
|inactive|Seigneur-Fou has 60 seconds left.
|
|t:|1667826558
|switch|p1a: Heatran|Heatran, F|90/100 slp
|move|p2a: Clefable|Wish|p2a: Clefable
|
|-heal|p2a: Clefable|92/100 tox|[from] item: Leftovers
|upkeep
|turn|132
|inactive|Seigneur-Fou has 60 seconds left.
|
|t:|1667826567
|switch|p2a: Garchomp|Garchomp, M|69/100
|-curestatus|p1a: Heatran|slp|[msg]
|move|p1a: Heatran|Taunt|p2a: Garchomp
|-start|p2a: Garchomp|move: Taunt
|
|-heal|p2a: Garchomp|100/100|[from] move: Wish|[wisher] Clefable
|upkeep
|turn|133
|inactive|Seigneur-Fou has 60 seconds left.
|
|t:|1667826577
|switch|p2a: Ferrothorn|Ferrothorn, M|94/100 brn
|switch|p1a: Tornadus|Tornadus-Therian, M|100/100
|
|-heal|p2a: Ferrothorn|100/100 brn|[from] item: Leftovers
|-damage|p2a: Ferrothorn|94/100 brn|[from] brn
|upkeep
|turn|134
|inactive|Seigneur-Fou has 60 seconds left.
|
|t:|1667826585
|move|p1a: Tornadus|Heat Wave|p2a: Ferrothorn
|-supereffective|p2a: Ferrothorn
|-damage|p2a: Ferrothorn|39/100 brn
|move|p2a: Ferrothorn|Thunder Wave|p1a: Tornadus
|-status|p1a: Tornadus|par
|
|-heal|p2a: Ferrothorn|45/100 brn|[from] item: Leftovers
|-damage|p2a: Ferrothorn|39/100 brn|[from] brn
|upkeep
|turn|135
|inactive|Seigneur-Fou has 60 seconds left.
|
|t:|1667826593
|switch|p2a: Clefable|Clefable, F|92/100 tox
|cant|p1a: Tornadus|par
|
|-heal|p2a: Clefable|98/100 tox|[from] item: Leftovers
|upkeep
|turn|136
|inactive|Seigneur-Fou has 60 seconds left.
|
|t:|1667826600
|move|p1a: Tornadus|Knock Off|p2a: Clefable
|-resisted|p2a: Clefable
|-damage|p2a: Clefable|91/100 tox
|-enditem|p2a: Clefable|Leftovers|[from] move: Knock Off|[of] p1a: Tornadus
|move|p2a: Clefable|Thunder Wave|p1a: Tornadus
|-fail|p1a: Tornadus|par
|
|upkeep
|turn|137
|inactive|Seigneur-Fou has 60 seconds left.
|
|t:|1667826608
|switch|p1a: Heatran|Heatran, F|90/100
|move|p2a: Clefable|Moonblast|p1a: Heatran
|-resisted|p1a: Heatran
|-damage|p1a: Heatran|85/100
|
|upkeep
|turn|138
|inactive|Seigneur-Fou has 60 seconds left.
|
|t:|1667826617
|switch|p2a: Garchomp|Garchomp, M|100/100
|move|p1a: Heatran|Taunt|p2a: Garchomp
|-start|p2a: Garchomp|move: Taunt
|
|upkeep
|turn|139
|inactive|Seigneur-Fou has 60 seconds left.
|
|t:|1667826624
|switch|p2a: Clefable|Clefable, F|91/100 tox
|switch|p1a: Tornadus|Tornadus-Therian, M|100/100 par
|
|upkeep
|turn|140
|inactive|Seigneur-Fou has 60 seconds left.
|
|t:|1667826629
|switch|p1a: Heatran|Heatran, F|85/100
|move|p2a: Clefable|Wish|p2a: Clefable
|
|upkeep
|turn|141
|inactive|Seigneur-Fou has 60 seconds left.
|
|t:|1667826640
|switch|p1a: Tornadus|Tornadus-Therian, M|100/100 par
|switch|p2a: Garchomp|Garchomp, M|100/100
|
|upkeep
|turn|142
|
|t:|1667826646
|switch|p1a: Corviknight|Corviknight, F|68/100
|-ability|p1a: Corviknight|Pressure
|move|p2a: Garchomp|Stealth Rock|p1a: Corviknight
|-sidestart|p1: BTLT200$ SF'|move: Stealth Rock
|
|-heal|p1a: Corviknight|74/100|[from] item: Leftovers
|upkeep
|turn|143
|
|t:|1667826655
|switch|p2a: Clefable|Clefable, F|91/100 tox
|move|p1a: Corviknight|Defog|p2a: Clefable
|-unboost|p2a: Clefable|evasion|1
|-sideend|p1: BTLT200$ SF'|Stealth Rock|[from] move: Defog|[of] p1a: Corviknight
|
|-heal|p1a: Corviknight|81/100|[from] item: Leftovers
|upkeep
|turn|144
|
|t:|1667826663
|switch|p1a: Heatran|Heatran, F|85/100
|move|p2a: Clefable|Mystical Fire|p1a: Heatran
|-start|p1a: Heatran|ability: Flash Fire
|
|upkeep
|turn|145
|
|t:|1667826670
|switch|p2a: Garchomp|Garchomp, M|100/100
|move|p1a: Heatran|Earth Power|p2a: Garchomp
|-damage|p2a: Garchomp|76/100
|
|upkeep
|turn|146
|
|t:|1667826677
|-end|p1a: Heatran|ability: Flash Fire|[silent]
|switch|p1a: Corviknight|Corviknight, F|81/100
|-ability|p1a: Corviknight|Pressure
|move|p2a: Garchomp|Stealth Rock|p1a: Corviknight
|-sidestart|p1: BTLT200$ SF'|move: Stealth Rock
|
|-heal|p1a: Corviknight|87/100|[from] item: Leftovers
|upkeep
|turn|147
|
|t:|1667826685
|switch|p2a: Ferrothorn|Ferrothorn, M|39/100 brn
|move|p1a: Corviknight|Defog|p2a: Ferrothorn
|-unboost|p2a: Ferrothorn|evasion|1
|-sideend|p1: BTLT200$ SF'|Stealth Rock|[from] move: Defog|[of] p1a: Corviknight
|
|-heal|p1a: Corviknight|93/100|[from] item: Leftovers
|-heal|p2a: Ferrothorn|45/100 brn|[from] item: Leftovers
|-damage|p2a: Ferrothorn|39/100 brn|[from] brn
|upkeep
|turn|148
|
|t:|1667826696
|switch|p2a: Aegislash|Aegislash, F|100/100
|move|p1a: Corviknight|Body Press|p2a: Aegislash
|-immune|p2a: Aegislash
|
|-heal|p1a: Corviknight|99/100|[from] item: Leftovers
|upkeep
|turn|149
|
|t:|1667826704
|-formechange|p2a: Aegislash|Aegislash-Blade||[from] ability: Stance Change
|move|p2a: Aegislash|Close Combat|p1a: Corviknight
|-damage|p1a: Corviknight|76/100
|-unboost|p2a: Aegislash|def|1
|-unboost|p2a: Aegislash|spd|1
|move|p1a: Corviknight|U-turn|p2a: Aegislash
|-resisted|p2a: Aegislash
|-damage|p2a: Aegislash|88/100
|
|t:|1667826713
|switch|p1a: Toxapex|Toxapex, F|83/100 par|[from]move: U-turn
|
|upkeep
|turn|150
|
|t:|1667826718
|switch|p2a: Ferrothorn|Ferrothorn, M|39/100 brn
|move|p1a: Toxapex|Scald|p2a: Ferrothorn
|-resisted|p2a: Ferrothorn
|-damage|p2a: Ferrothorn|33/100 brn
|
|-heal|p2a: Ferrothorn|40/100 brn|[from] item: Leftovers
|-damage|p2a: Ferrothorn|33/100 brn|[from] brn
|upkeep
|turn|151
|inactive|Seigneur-Fou has 60 seconds left.
|
|t:|1667826726
|switch|p1a: Heatran|Heatran, F|85/100
|move|p2a: Ferrothorn|Leech Seed|p1a: Heatran
|-start|p1a: Heatran|move: Leech Seed
|
|-heal|p2a: Ferrothorn|40/100 brn|[from] item: Leftovers
|-damage|p1a: Heatran|73/100|[from] Leech Seed|[of] p2a: Ferrothorn
|-heal|p2a: Ferrothorn|53/100 brn|[silent]
|-damage|p2a: Ferrothorn|47/100 brn|[from] brn
|upkeep
|turn|152
|inactive|Seigneur-Fou has 60 seconds left.
|
|t:|1667826737
|switch|p1a: Corviknight|Corviknight, F|76/100
|-ability|p1a: Corviknight|Pressure
|switch|p2a: Garchomp|Garchomp, M|76/100
|
|-heal|p1a: Corviknight|82/100|[from] item: Leftovers
|upkeep
|turn|153
|
|t:|1667826750
|switch|p2a: Aegislash|Aegislash, F|88/100
|move|p1a: Corviknight|Body Press|p2a: Aegislash
|-immune|p2a: Aegislash
|
|-heal|p1a: Corviknight|89/100|[from] item: Leftovers
|upkeep
|turn|154
|
|t:|1667826756
|-formechange|p2a: Aegislash|Aegislash-Blade||[from] ability: Stance Change
|move|p2a: Aegislash|Flash Cannon|p1a: Corviknight
|-resisted|p1a: Corviknight
|-damage|p1a: Corviknight|55/100
|move|p1a: Corviknight|U-turn|p2a: Aegislash
|-resisted|p2a: Aegislash
|-damage|p2a: Aegislash|80/100
|
|t:|1667826764
|switch|p1a: Heatran|Heatran, F|73/100|[from]move: U-turn
|
|upkeep
|turn|155
|
|t:|1667826769
|switch|p2a: Garchomp|Garchomp, M|76/100
|move|p1a: Heatran|Earth Power|p2a: Garchomp
|-damage|p2a: Garchomp|53/100
|
|upkeep
|turn|156
|inactive|Seigneur-Fou has 60 seconds left.
|
|t:|1667826776
|switch|p2a: Clefable|Clefable, F|91/100 tox
|switch|p1a: Corviknight|Corviknight, F|55/100
|-ability|p1a: Corviknight|Pressure
|
|-heal|p1a: Corviknight|61/100|[from] item: Leftovers
|upkeep
|turn|157
|inactive|Seigneur-Fou has 60 seconds left.
|
|t:|1667826784
|move|p1a: Corviknight|U-turn|p2a: Clefable
|-resisted|p2a: Clefable
|-damage|p2a: Clefable|85/100 tox
|
|t:|1667826789
|switch|p1a: Heatran|Heatran, F|73/100|[from]move: U-turn
|move|p2a: Clefable|Thunder Wave|p1a: Heatran
|-status|p1a: Heatran|par
|
|upkeep
|turn|158
|
|t:|1667826798
|move|p2a: Clefable|Wish|p2a: Clefable
|move|p1a: Heatran|Taunt|p2a: Clefable
|-start|p2a: Clefable|move: Taunt
|
|upkeep
|turn|159
|
|t:|1667826804
|switch|p2a: Garchomp|Garchomp, M|53/100
|cant|p1a: Heatran|par
|
|-heal|p2a: Garchomp|99/100|[from] move: Wish|[wisher] Clefable
|upkeep
|turn|160
|
|t:|1667826811
|switch|p2a: Ferrothorn|Ferrothorn, M|47/100 brn
|switch|p1a: Corviknight|Corviknight, F|61/100
|-ability|p1a: Corviknight|Pressure
|
|-heal|p1a: Corviknight|68/100|[from] item: Leftovers
|-heal|p2a: Ferrothorn|53/100 brn|[from] item: Leftovers
|-damage|p2a: Ferrothorn|47/100 brn|[from] brn
|upkeep
|turn|161
|
|t:|1667826823
|switch|p1a: Heatran|Heatran, F|73/100 par
|move|p2a: Ferrothorn|Spikes|p1a: Heatran
|-sidestart|p1: BTLT200$ SF'|Spikes
|
|-heal|p2a: Ferrothorn|53/100 brn|[from] item: Leftovers
|-damage|p2a: Ferrothorn|47/100 brn|[from] brn
|upkeep
|turn|162
|
|t:|1667826831
|switch|p2a: Garchomp|Garchomp, M|99/100
|move|p1a: Heatran|Rest|p1a: Heatran
|-status|p1a: Heatran|slp|[from] move: Rest
|-heal|p1a: Heatran|100/100 slp|[silent]
|
|upkeep
|turn|163
|
|t:|1667826838
|switch|p1a: Corviknight|Corviknight, F|68/100
|-ability|p1a: Corviknight|Pressure
|move|p2a: Garchomp|Dragon Tail|p1a: Corviknight
|-resisted|p1a: Corviknight
|-damage|p1a: Corviknight|59/100
|drag|p1a: Tornadus|Tornadus-Therian, M|100/100 par
|
|upkeep
|turn|164
|
|t:|1667826847
|switch|p2a: Ferrothorn|Ferrothorn, M|47/100 brn
|move|p1a: Tornadus|Defog|p2a: Ferrothorn
|-unboost|p2a: Ferrothorn|evasion|1
|-sideend|p1: BTLT200$ SF'|Spikes|[from] move: Defog|[of] p1a: Tornadus
|
|-heal|p2a: Ferrothorn|53/100 brn|[from] item: Leftovers
|-damage|p2a: Ferrothorn|47/100 brn|[from] brn
|upkeep
|turn|165
|
|t:|1667826858
|switch|p2a: Clefable|Clefable, F|85/100 tox
|move|p1a: Tornadus|Knock Off|p2a: Clefable
|-resisted|p2a: Clefable
|-damage|p2a: Clefable|80/100 tox
|
|upkeep
|turn|166
|
|t:|1667826863
|switch|p1a: Heatran|Heatran, F|100/100 slp
|move|p2a: Clefable|Wish|p2a: Clefable
|
|upkeep
|turn|167
|
|t:|1667826870
|switch|p2a: Ferrothorn|Ferrothorn, M|47/100 brn
|cant|p1a: Heatran|slp
|
|-heal|p2a: Ferrothorn|100/100 brn|[from] move: Wish|[wisher] Clefable
|-damage|p2a: Ferrothorn|94/100 brn|[from] brn
|upkeep
|turn|168
|
|t:|1667826877
|cant|p1a: Heatran|slp
|move|p2a: Ferrothorn|Leech Seed|p1a: Heatran
|-start|p1a: Heatran|move: Leech Seed
|
|-heal|p2a: Ferrothorn|100/100 brn|[from] item: Leftovers
|-damage|p1a: Heatran|88/100 slp|[from] Leech Seed|[of] p2a: Ferrothorn
|-damage|p2a: Ferrothorn|94/100 brn|[from] brn
|upkeep
|turn|169
|inactive|Seigneur-Fou has 60 seconds left.
|
|t:|1667826888
|switch|p1a: Tornadus|Tornadus-Therian, M|100/100 par
|switch|p2a: Garchomp|Garchomp, M|99/100
|
|upkeep
|turn|170
|inactive|Seigneur-Fou has 60 seconds left.
|
|t:|1667826901
|switch|p2a: Ferrothorn|Ferrothorn, M|94/100 brn
|move|p1a: Tornadus|Toxic||[still]
|-fail|p1a: Tornadus
|
|-heal|p2a: Ferrothorn|100/100 brn|[from] item: Leftovers
|-damage|p2a: Ferrothorn|94/100 brn|[from] brn
|upkeep
|turn|171
|
|t:|1667826910
|move|p1a: Tornadus|Knock Off|p2a: Ferrothorn
|-damage|p2a: Ferrothorn|79/100 brn
|-damage|p1a: Tornadus|88/100 par|[from] ability: Iron Barbs|[of] p2a: Ferrothorn
|-enditem|p2a: Ferrothorn|Leftovers|[from] move: Knock Off|[of] p1a: Tornadus
|move|p2a: Ferrothorn|Leech Seed|p1a: Tornadus
|-start|p1a: Tornadus|move: Leech Seed
|
|-damage|p1a: Tornadus|76/100 par|[from] Leech Seed|[of] p2a: Ferrothorn
|-heal|p2a: Ferrothorn|92/100 brn|[silent]
|-damage|p2a: Ferrothorn|86/100 brn|[from] brn
|upkeep
|turn|172
|
|t:|1667826925
|switch|p1a: Heatran|Heatran, F|88/100 slp
|move|p2a: Ferrothorn|Spikes|p1a: Heatran
|-sidestart|p1: BTLT200$ SF'|Spikes
|
|-damage|p2a: Ferrothorn|79/100 brn|[from] brn
|upkeep
|turn|173
|
|t:|1667826936
|switch|p2a: Garchomp|Garchomp, M|99/100
|-curestatus|p1a: Heatran|slp|[msg]
|move|p1a: Heatran|Earth Power|p2a: Garchomp
|-damage|p2a: Garchomp|75/100
|
|upkeep
|turn|174
|
|t:|1667826944
|switch|p2a: Kartana|Kartana|100/100
|switch|p1a: Corviknight|Corviknight, F|59/100
|-ability|p1a: Corviknight|Pressure
|
|-heal|p1a: Corviknight|65/100|[from] item: Leftovers
|upkeep
|turn|175
|
|t:|1667826952
|switch|p1a: Tornadus|Tornadus-Therian, M|100/100 par
|move|p2a: Kartana|Knock Off|p1a: Tornadus
|-damage|p1a: Tornadus|72/100 par
|
|upkeep
|turn|176
|
|t:|1667826958
|move|p2a: Kartana|Knock Off|p1a: Tornadus
|-damage|p1a: Tornadus|43/100 par
|move|p1a: Tornadus|Defog|p2a: Kartana
|-unboost|p2a: Kartana|evasion|1
|-sideend|p1: BTLT200$ SF'|Spikes|[from] move: Defog|[of] p1a: Tornadus
|
|upkeep
|turn|177
|
|t:|1667826963
|switch|p1a: Toxapex|Toxapex, F|100/100 par
|move|p2a: Kartana|Knock Off|p1a: Toxapex
|-damage|p1a: Toxapex|78/100 par
|
|upkeep
|turn|178
|
|t:|1667826969
|switch|p2a: Clefable|Clefable, F|80/100 tox
|switch|p1a: Tornadus|Tornadus-Therian, M|76/100 par
|
|upkeep
|turn|179
|
|t:|1667826975
|switch|p1a: Heatran|Heatran, F|88/100
|move|p2a: Clefable|Moonblast|p1a: Heatran
|-resisted|p1a: Heatran
|-damage|p1a: Heatran|83/100
|
|upkeep
|turn|180
|
|t:|1667826981
|move|p1a: Heatran|Taunt|p2a: Clefable
|-start|p2a: Clefable|move: Taunt
|move|p2a: Clefable|Moonblast|p1a: Heatran
|-resisted|p1a: Heatran
|-damage|p1a: Heatran|78/100
|-unboost|p1a: Heatran|spa|1
|
|upkeep
|turn|181
|
|t:|1667826991
|move|p1a: Heatran|Earth Power|p2a: Clefable
|-damage|p2a: Clefable|64/100 tox
|move|p2a: Clefable|Moonblast|p1a: Heatran
|-resisted|p1a: Heatran
|-damage|p1a: Heatran|74/100
|
|upkeep
|turn|182
|
|t:|1667826999
|switch|p2a: Garchomp|Garchomp, M|75/100
|move|p1a: Heatran|Magma Storm|p2a: Garchomp|[miss]
|-miss|p1a: Heatran|p2a: Garchomp
|
|upkeep
|turn|183
|
|t:|1667827005
|switch|p2a: Ferrothorn|Ferrothorn, M|79/100 brn
|switch|p1a: Corviknight|Corviknight, F|65/100
|-ability|p1a: Corviknight|Pressure
|
|-heal|p1a: Corviknight|71/100|[from] item: Leftovers
|-damage|p2a: Ferrothorn|73/100 brn|[from] brn
|upkeep
|turn|184
|
|t:|1667827014
|switch|p1a: Heatran|Heatran, F|74/100
|move|p2a: Ferrothorn|Spikes|p1a: Heatran
|-sidestart|p1: BTLT200$ SF'|Spikes
|
|-damage|p2a: Ferrothorn|67/100 brn|[from] brn
|upkeep
|turn|185
|j| Jongruenwald
|
|t:|1667827026
|switch|p2a: Garchomp|Garchomp, M|75/100
|move|p1a: Heatran|Earth Power|p2a: Garchomp
|-damage|p2a: Garchomp|51/100
|-unboost|p2a: Garchomp|spd|1
|
|upkeep
|turn|186
|
|t:|1667827033
|switch|p2a: Clefable|Clefable, F|64/100 tox
|switch|p1a: Corviknight|Corviknight, F|71/100
|-ability|p1a: Corviknight|Pressure
|
|-heal|p1a: Corviknight|77/100|[from] item: Leftovers
|upkeep
|turn|187
|
|t:|1667827040
|move|p1a: Corviknight|U-turn|p2a: Clefable
|-resisted|p2a: Clefable
|-damage|p2a: Clefable|58/100 tox
|
|t:|1667827043
|switch|p1a: Tornadus|Tornadus-Therian, M|100/100 par|[from]move: U-turn
|move|p2a: Clefable|Wish|p2a: Clefable
|
|upkeep
|turn|188
|
|t:|1667827051
|switch|p2a: Garchomp|Garchomp, M|51/100
|move|p1a: Tornadus|Toxic|p2a: Garchomp
|-status|p2a: Garchomp|tox
|
|-heal|p2a: Garchomp|98/100 tox|[from] move: Wish|[wisher] Clefable
|-damage|p2a: Garchomp|92/100 tox|[from] psn
|upkeep
|turn|189
|
|t:|1667827061
|switch|p2a: Kartana|Kartana|100/100
|switch|p1a: Corviknight|Corviknight, F|77/100
|-ability|p1a: Corviknight|Pressure
|
|-heal|p1a: Corviknight|84/100|[from] item: Leftovers
|upkeep
|turn|190
|
|t:|1667827069
|switch|p1a: Tornadus|Tornadus-Therian, M|100/100 par
|move|p2a: Kartana|Smart Strike|p1a: Tornadus
|-damage|p1a: Tornadus|50/100 par
|
|upkeep
|turn|191
|
|t:|1667827076
|switch|p2a: Aegislash|Aegislash, F|80/100
|switch|p1a: Corviknight|Corviknight, F|84/100
|-ability|p1a: Corviknight|Pressure
|
|-heal|p1a: Corviknight|90/100|[from] item: Leftovers
|upkeep
|turn|192
|
|t:|1667827084
|-formechange|p2a: Aegislash|Aegislash-Blade||[from] ability: Stance Change
|move|p2a: Aegislash|Flash Cannon|p1a: Corviknight
|-resisted|p1a: Corviknight
|-damage|p1a: Corviknight|56/100
|-unboost|p1a: Corviknight|spd|1
|move|p1a: Corviknight|Defog|p2a: Aegislash
|-unboost|p2a: Aegislash|evasion|1
|-sideend|p1: BTLT200$ SF'|Spikes|[from] move: Defog|[of] p1a: Corviknight
|
|-heal|p1a: Corviknight|62/100|[from] item: Leftovers
|upkeep
|turn|193
|inactive|Seigneur-Fou has 30 seconds left.
|
|t:|1667827102
|switch|p2a: Ferrothorn|Ferrothorn, M|67/100 brn
|switch|p1a: Heatran|Heatran, F|74/100
|
|-damage|p2a: Ferrothorn|61/100 brn|[from] brn
|upkeep
|turn|194
|inactive|Seigneur-Fou has 30 seconds left this turn.
|
|t:|1667827110
|move|p1a: Heatran|Magma Storm|p2a: Ferrothorn|[miss]
|-miss|p1a: Heatran|p2a: Ferrothorn
|move|p2a: Ferrothorn|Thunder Wave|p1a: Heatran|[miss]
|-miss|p2a: Ferrothorn|p1a: Heatran
|
|-damage|p2a: Ferrothorn|54/100 brn|[from] brn
|upkeep
|turn|195
|inactive|Seigneur-Fou has 25 seconds left this turn.
|inactive|Seigneur-Fou has 20 seconds left.
|
|t:|1667827117
|switch|p2a: Garchomp|Garchomp, M|92/100 tox
|move|p1a: Heatran|Magma Storm|p2a: Garchomp|[miss]
|-miss|p1a: Heatran|p2a: Garchomp
|
|-damage|p2a: Garchomp|85/100 tox|[from] psn
|upkeep
|turn|196
|inactive|Seigneur-Fou has 25 seconds left this turn.
|inactive|Seigneur-Fou has 20 seconds left.
|
|t:|1667827124
|switch|p1a: Corviknight|Corviknight, F|62/100
|-ability|p1a: Corviknight|Pressure
|move|p2a: Garchomp|Stealth Rock|p1a: Corviknight
|-sidestart|p1: BTLT200$ SF'|move: Stealth Rock
|
|-heal|p1a: Corviknight|69/100|[from] item: Leftovers
|-damage|p2a: Garchomp|73/100 tox|[from] psn
|upkeep
|turn|197
|inactive|Seigneur-Fou has 20 seconds left this turn.
|inactive|Seigneur-Fou has 15 seconds left.
|
|t:|1667827133
|switch|p2a: Aegislash|Aegislash, F|80/100
|move|p1a: Corviknight|Defog|p2a: Aegislash
|-unboost|p2a: Aegislash|evasion|1
|-sideend|p1: BTLT200$ SF'|Stealth Rock|[from] move: Defog|[of] p1a: Corviknight
|
|-heal|p1a: Corviknight|75/100|[from] item: Leftovers
|upkeep
|turn|198
|inactive|Seigneur-Fou has 20 seconds left this turn.
|j| Ashrith2006
|inactive|Seigneur-Fou has 15 seconds left.
|
|t:|1667827140
|switch|p1a: Toxapex|Toxapex, F|100/100 par
|-formechange|p2a: Aegislash|Aegislash-Blade||[from] ability: Stance Change
|move|p2a: Aegislash|Flash Cannon|p1a: Toxapex
|-resisted|p1a: Toxapex
|-damage|p1a: Toxapex|76/100 par
|
|upkeep
|turn|199
|inactive|Seigneur-Fou has 15 seconds left this turn.
|inactive|Seigneur-Fou has 10 seconds left.
|
|t:|1667827146
|move|p2a: Aegislash|Flash Cannon|p1a: Toxapex
|-resisted|p1a: Toxapex
|-damage|p1a: Toxapex|50/100 par
|move|p1a: Toxapex|Scald|p2a: Aegislash
|-damage|p2a: Aegislash|38/100
|-status|p2a: Aegislash|brn
|
|-damage|p2a: Aegislash|32/100 brn|[from] brn
|upkeep
|turn|200
|inactive|Seigneur-Fou has 15 seconds left this turn.
|inactive|Seigneur-Fou has 10 seconds left.
|
|t:|1667827154
|switch|p1a: Heatran|Heatran, F|74/100
|move|p2a: Aegislash|Flash Cannon|p1a: Heatran
|-resisted|p1a: Heatran
|-damage|p1a: Heatran|62/100
|
|-damage|p2a: Aegislash|26/100 brn|[from] brn
|upkeep
|turn|201
|inactive|Seigneur-Fou has 10 seconds left this turn.
|inactive|Seigneur-Fou has 5 seconds left.
|
|t:|1667827161
|switch|p2a: Garchomp|Garchomp, M|73/100 tox
|move|p1a: Heatran|Earth Power|p2a: Garchomp
|-damage|p2a: Garchomp|49/100 tox
|
|-damage|p2a: Garchomp|43/100 tox|[from] psn
|upkeep
|turn|202
|inactive|Seigneur-Fou has 10 seconds left this turn.
|inactive|Seigneur-Fou has 5 seconds left.
|
|t:|1667827167
|switch|p1a: Corviknight|Corviknight, F|75/100
|-ability|p1a: Corviknight|Pressure
|move|p2a: Garchomp|Stealth Rock|p1a: Corviknight
|-sidestart|p1: BTLT200$ SF'|move: Stealth Rock
|
|-heal|p1a: Corviknight|81/100|[from] item: Leftovers
|-damage|p2a: Garchomp|31/100 tox|[from] psn
|upkeep
|turn|203
|inactive|Seigneur-Fou has 5 seconds left this turn.
|-message|Seigneur-Fou lost due to inactivity.
|
|win|BTLT200$ SF'
|raw|BTLT200$ SF&apos;'s rating: 1769 &rarr; <strong>1794</strong><br />(+25 for winning)
|raw|Seigneur-Fou's rating: 1854 &rarr; <strong>1829</strong><br />(-25 for losing)
|l|☆Seigneur-Fou
|c|☆BTLT200$ SF'|Gg
