|j|☆Pinkacross
|j|☆Sww-Suwa
|inactive|Battle timer is ON: inactive players will automatically lose when time's up.
|t:|1657823786
|gametype|singles
|player|p1|Pinkacross|artist|
|player|p2|Sww-Suwa|lisia|
|teamsize|p1|6
|teamsize|p2|6
|gen|8
|tier|[Gen 8] OU
|rated|Tournament battle
|rule|Sleep Clause Mod: Limit one foe put to sleep
|rule|Species Clause: Limit one of each Pokémon
|rule|OHKO Clause: OHKO moves are banned
|rule|Evasion Moves Clause: Evasion moves are banned
|rule|Endless Battle Clause: Forcing endless battles is banned
|rule|HP Percentage Mod: HP is shown in percentages
|rule|Dynamax Clause: You cannot dynamax
|clearpoke
|poke|p1|Mantine, M|
|poke|p1|Seismitoad, M|
|poke|p1|Ferrothorn, F|
|poke|p1|Zapdos|
|poke|p1|Scizor, F|
|poke|p1|Tornadus-Therian, M|
|poke|p2|Pelipper, F|
|poke|p2|Ferrothorn, M|
|poke|p2|Talonflame, F|
|poke|p2|Volcanion|
|poke|p2|Seismitoad, M|
|poke|p2|Zapdos|
|teampreview
|j| Aloof Paratha
|c|☆Sww-Suwa|hf
|c|☆Pinkacross|u2
|j| yeshahR
|inactive|Sww-Suwa has 120 seconds left.
|
|t:|1657823821
|start
|switch|p1a: Tornadus|Tornadus-Therian, M|100/100
|switch|p2a: Zapdos|Zapdos|100/100
|turn|1
|
|t:|1657823827
|move|p1a: Tornadus|Icy Wind|p2a: Zapdos
|-supereffective|p2a: Zapdos
|-damage|p2a: Zapdos|34/100
|-unboost|p2a: Zapdos|spe|1
|move|p2a: Zapdos|Hurricane|p1a: Tornadus|[miss]
|-miss|p2a: Zapdos|p1a: Tornadus
|
|upkeep
|turn|2
|j| ChiefGreenLeaf3
|
|t:|1657823832
|switch|p1a: Seismitoad|Seismitoad, M|100/100
|switch|p2a: Seismitoad|Seismitoad, M|100/100
|
|upkeep
|turn|3
|
|t:|1657823837
|move|p2a: Seismitoad|Earth Power|p1a: Seismitoad
|-damage|p1a: Seismitoad|46/100
|-damage|p2a: Seismitoad|91/100|[from] item: Life Orb
|move|p1a: Seismitoad|Toxic|p2a: Seismitoad
|-status|p2a: Seismitoad|tox
|
|-heal|p1a: Seismitoad|52/100|[from] item: Leftovers
|-damage|p2a: Seismitoad|85/100 tox|[from] psn
|upkeep
|turn|4
|j| Dragonyte
|
|t:|1657823845
|switch|p2a: Pelipper|Pelipper, F|100/100
|-weather|RainDance|[from] ability: Drizzle|[of] p2a: Pelipper
|switch|p1a: Mantine|Mantine, M|100/100
|
|-weather|RainDance|[upkeep]
|upkeep
|turn|5
|j| PS5>Xbox Series X
|
|t:|1657823847
|move|p1a: Mantine|Toxic|p2a: Pelipper
|-status|p2a: Pelipper|tox
|move|p2a: Pelipper|U-turn|p1a: Mantine
|-resisted|p1a: Mantine
|-damage|p1a: Mantine|95/100
|
|t:|1657823850
|switch|p2a: Zapdos|Zapdos|34/100|[from]move: U-turn
|
|-weather|RainDance|[upkeep]
|upkeep
|turn|6
|j| aquavanilla
|
|t:|1657823855
|switch|p1a: Ferrothorn|Ferrothorn, F|100/100
|move|p2a: Zapdos|Thunder|p1a: Ferrothorn
|-resisted|p1a: Ferrothorn
|-damage|p1a: Ferrothorn|74/100
|
|-weather|RainDance|[upkeep]
|-heal|p1a: Ferrothorn|80/100|[from] item: Leftovers
|upkeep
|turn|7
|
|t:|1657823860
|switch|p2a: Volcanion|Volcanion|100/100
|move|p1a: Ferrothorn|Leech Seed|p2a: Volcanion
|-start|p2a: Volcanion|move: Leech Seed
|
|-weather|RainDance|[upkeep]
|-heal|p1a: Ferrothorn|86/100|[from] item: Leftovers
|-damage|p2a: Volcanion|88/100|[from] Leech Seed|[of] p1a: Ferrothorn
|-heal|p1a: Ferrothorn|97/100|[silent]
|upkeep
|turn|8
|
|t:|1657823866
|switch|p2a: Zapdos|Zapdos|34/100
|switch|p1a: Seismitoad|Seismitoad, M|52/100
|
|-weather|RainDance|[upkeep]
|-heal|p1a: Seismitoad|58/100|[from] item: Leftovers
|upkeep
|turn|9
|
|t:|1657823871
|switch|p2a: Volcanion|Volcanion|88/100
|move|p1a: Seismitoad|Protect||[still]
|-fail|p1a: Seismitoad
|
|-weather|RainDance|[upkeep]
|-heal|p1a: Seismitoad|64/100|[from] item: Leftovers
|upkeep
|turn|10
|l| PS5>Xbox Series X
|
|t:|1657823876
|move|p2a: Volcanion|Steam Eruption|p1a: Seismitoad
|-heal|p1a: Seismitoad|89/100|[from] ability: Water Absorb|[of] p2a: Volcanion
|move|p1a: Seismitoad|Stealth Rock|p2a: Volcanion
|-sidestart|p2: Sww-Suwa|move: Stealth Rock
|
|-weather|RainDance|[upkeep]
|-heal|p1a: Seismitoad|95/100|[from] item: Leftovers
|upkeep
|turn|11
|c| aquavanilla|talonflame and mantine based
|
|t:|1657823884
|move|p2a: Volcanion|Defog|p1a: Seismitoad
|-unboost|p1a: Seismitoad|evasion|1
|-sideend|p2: Sww-Suwa|Stealth Rock|[from] move: Defog|[of] p2a: Volcanion
|move|p1a: Seismitoad|Toxic|p2a: Volcanion
|-status|p2a: Volcanion|tox
|
|-weather|none
|-heal|p1a: Seismitoad|100/100|[from] item: Leftovers
|-damage|p2a: Volcanion|82/100 tox|[from] psn
|upkeep
|turn|12
|
|t:|1657823890
|switch|p2a: Ferrothorn|Ferrothorn, M|100/100
|move|p1a: Seismitoad|Stealth Rock|p2a: Ferrothorn
|-sidestart|p2: Sww-Suwa|move: Stealth Rock
|
|upkeep
|turn|13
|
|t:|1657823896
|switch|p1a: Scizor|Scizor, F|100/100
|move|p2a: Ferrothorn|Power Whip|p1a: Scizor|[miss]
|-miss|p2a: Ferrothorn|p1a: Scizor
|
|upkeep
|turn|14
|
|t:|1657823902
|switch|p2a: Pelipper|Pelipper, F|100/100 tox
|-damage|p2a: Pelipper|76/100 tox|[from] Stealth Rock
|-weather|RainDance|[from] ability: Drizzle|[of] p2a: Pelipper
|move|p1a: Scizor|Knock Off|p2a: Pelipper
|-damage|p2a: Pelipper|47/100 tox
|-enditem|p2a: Pelipper|Damp Rock|[from] move: Knock Off|[of] p1a: Scizor
|
|-weather|RainDance|[upkeep]
|-damage|p2a: Pelipper|40/100 tox|[from] psn
|upkeep
|turn|15
|
|t:|1657823907
|move|p1a: Scizor|U-turn|p2a: Pelipper
|-resisted|p2a: Pelipper
|-damage|p2a: Pelipper|25/100 tox
|
|t:|1657823910
|switch|p1a: Zapdos|Zapdos|100/100|[from]move: U-turn
|move|p2a: Pelipper|Defog|p1a: Zapdos
|-unboost|p1a: Zapdos|evasion|1
|-sideend|p2: Sww-Suwa|Stealth Rock|[from] move: Defog|[of] p2a: Pelipper
|
|-weather|RainDance|[upkeep]
|-damage|p2a: Pelipper|12/100 tox|[from] psn
|upkeep
|turn|16
|
|t:|1657823914
|move|p1a: Zapdos|Hurricane|p2a: Pelipper
|-damage|p2a: Pelipper|0 fnt
|faint|p2a: Pelipper
|
|-weather|RainDance|[upkeep]
|upkeep
|
|t:|1657823917
|switch|p2a: Zapdos|Zapdos|34/100
|turn|17
|
|t:|1657823920
|move|p2a: Zapdos|Hurricane|p1a: Zapdos
|-resisted|p1a: Zapdos
|-damage|p1a: Zapdos|61/100
|-start|p1a: Zapdos|confusion
|-activate|p1a: Zapdos|confusion
|move|p1a: Zapdos|Thunder|p2a: Zapdos
|-damage|p2a: Zapdos|0 fnt
|faint|p2a: Zapdos
|
|-weather|RainDance|[upkeep]
|upkeep
|
|t:|1657823923
|switch|p2a: Talonflame|Talonflame, F|100/100
|turn|18
|
|t:|1657823927
|move|p2a: Talonflame|Hurricane|p1a: Zapdos
|-resisted|p1a: Zapdos
|-damage|p1a: Zapdos|27/100
|-activate|p1a: Zapdos|confusion
|move|p1a: Zapdos|Thunder|p2a: Talonflame
|-supereffective|p2a: Talonflame
|-damage|p2a: Talonflame|0 fnt
|faint|p2a: Talonflame
|
|-weather|RainDance|[upkeep]
|upkeep
|c|☆Sww-Suwa|ah
|c|☆Sww-Suwa|gg
|-message|Sww-Suwa forfeited.
|
|win|Pinkacross
|n|☆Pinkacross|pinkacross
|n|☆Sww-Suwa|swwsuwa
|n| Aloof Paratha|aloofparatha
|n| yeshahR|yeshahr
|n| ChiefGreenLeaf3|chiefgreenleaf3
|n| Dragonyte|dragonyte
|n| aquavanilla|aquavanilla
|l|☆Sww-Suwa
|c|☆Pinkacross|gg
