|j|☆chansey and lulu
|j|☆gmax bouffalant
|t:|1663637801
|gametype|singles
|player|p1|chansey and lulu|1|1706
|player|p2|gmax bouffalant|lucas|1747
|teamsize|p1|6
|teamsize|p2|6
|gen|8
|tier|[Gen 8] OU
|rated|
|rule|Sleep Clause Mod: Limit one foe put to sleep
|rule|Species Clause: Limit one of each Pokémon
|rule|OHKO Clause: OHKO moves are banned
|rule|Evasion Items Clause: Evasion items are banned
|rule|Evasion Moves Clause: Evasion moves are banned
|rule|Endless Battle Clause: Forcing endless battles is banned
|rule|HP Percentage Mod: HP is shown in percentages
|rule|Dynamax Clause: You cannot dynamax
|clearpoke
|poke|p1|Rillaboom, M|
|poke|p1|Tornadus-Therian, M|
|poke|p1|Blaziken, M|
|poke|p1|Melmetal|
|poke|p1|Garchomp, F|
|poke|p1|Slowbro, F|
|poke|p2|Haxorus, F|
|poke|p2|Excadrill, M|
|poke|p2|Moltres-Galar|
|poke|p2|Kartana|
|poke|p2|Mimikyu, F|
|poke|p2|Volcarona, M|
|teampreview
|
|t:|1663637827
|start
|switch|p1a: Tornadus|Tornadus-Therian, M|100/100
|switch|p2a: Excadrill|Excadrill, M|100/100
|-ability|p2a: Excadrill|Mold Breaker
|turn|1
|j| kayser1234567
|
|t:|1663637835
|move|p1a: Tornadus|Knock Off|p2a: Excadrill
|-damage|p2a: Excadrill|70/100
|-enditem|p2a: Excadrill|Focus Sash|[from] move: Knock Off|[of] p1a: Tornadus
|move|p2a: Excadrill|Rapid Spin|p1a: Tornadus
|-damage|p1a: Tornadus|83/100
|-boost|p2a: Excadrill|spe|1
|
|upkeep
|turn|2
|
|t:|1663637847
|move|p2a: Excadrill|Stealth Rock|p1a: Tornadus
|-sidestart|p1: chansey and lulu|move: Stealth Rock
|move|p1a: Tornadus|Heat Wave|p2a: Excadrill
|-supereffective|p2a: Excadrill
|-damage|p2a: Excadrill|9/100
|
|upkeep
|turn|3
|j| liangash
|
|t:|1663637871
|move|p2a: Excadrill|Steel Beam|p1a: Tornadus
|-damage|p1a: Tornadus|57/100
|-damage|p2a: Excadrill|0 fnt|[from] mindblown
|faint|p2a: Excadrill
|move|p1a: Tornadus|Defog|p2: Excadrill|[notarget]
|-fail|p1a: Tornadus
|
|upkeep
|
|t:|1663637874
|switch|p2a: Haxorus|Haxorus, F|100/100
|-ability|p2a: Haxorus|Mold Breaker
|turn|4
|
|t:|1663637888
|move|p1a: Tornadus|U-turn|p2a: Haxorus
|-damage|p2a: Haxorus|82/100
|
|t:|1663637893
|switch|p1a: Slowbro|Slowbro, F|100/100|[from]move: U-turn
|-damage|p1a: Slowbro|88/100|[from] Stealth Rock
|move|p2a: Haxorus|Swords Dance|p2a: Haxorus
|-boost|p2a: Haxorus|atk|2
|
|upkeep
|turn|5
|
|t:|1663637907
|move|p2a: Haxorus|Scale Shot|p1a: Slowbro
|-damage|p1a: Slowbro|65/100
|-damage|p1a: Slowbro|43/100
|-damage|p1a: Slowbro|19/100
|-damage|p1a: Slowbro|0 fnt
|faint|p1a: Slowbro
|-hitcount|p1: Slowbro|4
|-unboost|p2a: Haxorus|def|1
|-boost|p2a: Haxorus|spe|1
|-damage|p2a: Haxorus|72/100|[from] item: Life Orb
|
|upkeep
|
|t:|1663637929
|switch|p1a: Melmetal|Melmetal|100/100
|-damage|p1a: Melmetal|94/100|[from] Stealth Rock
|turn|6
|
|t:|1663637935
|move|p1a: Melmetal|Protect|p1a: Melmetal
|-singleturn|p1a: Melmetal|Protect
|move|p2a: Haxorus|Close Combat|p1a: Melmetal
|-activate|p1a: Melmetal|move: Protect
|
|-heal|p1a: Melmetal|100/100|[from] item: Leftovers
|upkeep
|turn|7
|j| intimidateeee
|l|☆chansey and lulu
|player|p1|
|j| Dmorgan86
|c| liangash|lol ragequit?
|j| foierzoig
|inactive|Battle timer is ON: inactive players will automatically lose when time's up. (requested by gmax bouffalant)
|l| intimidateeee
|c| liangash|that was a really good strat with excadrill
|c| kayser1234567|cmon{
|l| foierzoig
|c| liangash|koing yourself to make defog fail, then free switch on the defogger. never seen that before
|c| kayser1234567|i have not time
|inactive|chansey and lulu has 30 seconds to reconnect!
|inactive|chansey and lulu has 20 seconds to reconnect!
|c| kayser1234567|1 month and i dead
|l| liangash
|inactive|chansey and lulu has 15 seconds to reconnect!
|j| i am ves ♥
|inactive|chansey and lulu has 10 seconds to reconnect!
|inactive|chansey and lulu has 5 seconds to reconnect!
|j|☆chansey and lulu
|inactive|chansey and lulu reconnected and has 95 seconds left.
|player|p1|chansey and lulu|1
|
|t:|1663638072
|move|p2a: Haxorus|Close Combat|p1a: Melmetal
|-supereffective|p1a: Melmetal
|-damage|p1a: Melmetal|0 fnt
|-unboost|p2a: Haxorus|def|1
|-unboost|p2a: Haxorus|spd|1
|faint|p1a: Melmetal
|-damage|p2a: Haxorus|62/100|[from] item: Life Orb
|
|upkeep
|
|t:|1663638081
|switch|p1a: Rillaboom|Rillaboom, M|100/100
|-damage|p1a: Rillaboom|88/100|[from] Stealth Rock
|-fieldstart|move: Grassy Terrain|[from] ability: Grassy Surge|[of] p1a: Rillaboom
|turn|8
|
|t:|1663638089
|switch|p2a: Volcarona|Volcarona, M|100/100
|move|p1a: Rillaboom|Grassy Glide|p2a: Volcarona
|-resisted|p2a: Volcarona
|-damage|p2a: Volcarona|82/100
|-status|p1a: Rillaboom|brn|[from] ability: Flame Body|[of] p2a: Volcarona
|
|-heal|p2a: Volcarona|88/100|[from] Grassy Terrain
|-heal|p1a: Rillaboom|94/100 brn|[from] Grassy Terrain
|-heal|p1a: Rillaboom|100/100 brn|[from] item: Leftovers
|-damage|p1a: Rillaboom|94/100 brn|[from] brn
|upkeep
|turn|9
|
|t:|1663638104
|switch|p2a: Haxorus|Haxorus, F|62/100
|-ability|p2a: Haxorus|Mold Breaker
|switch|p1a: Garchomp|Garchomp, F|100/100
|-damage|p1a: Garchomp|94/100|[from] Stealth Rock
|
|-heal|p2a: Haxorus|68/100|[from] Grassy Terrain
|-heal|p1a: Garchomp|100/100|[from] Grassy Terrain
|upkeep
|turn|10
|
|t:|1663638117
|move|p2a: Haxorus|Scale Shot|p1a: Garchomp
|-supereffective|p1a: Garchomp
|-damage|p1a: Garchomp|67/100
|-supereffective|p1a: Garchomp
|-damage|p1a: Garchomp|36/100
|-hitcount|p1a: Garchomp|2
|-unboost|p2a: Haxorus|def|1
|-boost|p2a: Haxorus|spe|1
|-damage|p2a: Haxorus|59/100|[from] item: Life Orb
|move|p1a: Garchomp|Toxic|p2a: Haxorus
|-status|p2a: Haxorus|tox
|
|-heal|p2a: Haxorus|65/100 tox|[from] Grassy Terrain
|-heal|p1a: Garchomp|43/100|[from] Grassy Terrain
|-heal|p1a: Garchomp|49/100|[from] item: Leftovers
|-damage|p2a: Haxorus|59/100 tox|[from] psn
|upkeep
|turn|11
|
|t:|1663638138
|move|p1a: Garchomp|Protect|p1a: Garchomp
|-singleturn|p1a: Garchomp|Protect
|move|p2a: Haxorus|Scale Shot|p1a: Garchomp
|-activate|p1a: Garchomp|move: Protect
|
|-heal|p2a: Haxorus|65/100 tox|[from] Grassy Terrain
|-heal|p1a: Garchomp|55/100|[from] Grassy Terrain
|-heal|p1a: Garchomp|61/100|[from] item: Leftovers
|-damage|p2a: Haxorus|52/100 tox|[from] psn
|upkeep
|turn|12
|
|t:|1663638154
|switch|p1a: Rillaboom|Rillaboom, M|94/100 brn
|-damage|p1a: Rillaboom|82/100 brn|[from] Stealth Rock
|move|p2a: Haxorus|Scale Shot|p1a: Rillaboom
|-damage|p1a: Rillaboom|65/100 brn
|-damage|p1a: Rillaboom|46/100 brn
|-damage|p1a: Rillaboom|27/100 brn
|-hitcount|p1a: Rillaboom|3
|-unboost|p2a: Haxorus|def|1
|-boost|p2a: Haxorus|spe|1
|-damage|p2a: Haxorus|42/100 tox|[from] item: Life Orb
|
|-heal|p2a: Haxorus|49/100 tox|[from] Grassy Terrain
|-heal|p1a: Rillaboom|33/100 brn|[from] Grassy Terrain
|-heal|p1a: Rillaboom|39/100 brn|[from] item: Leftovers
|-damage|p2a: Haxorus|30/100 tox|[from] psn
|-damage|p1a: Rillaboom|33/100 brn|[from] brn
|-fieldend|move: Grassy Terrain
|upkeep
|turn|13
|inactive|chansey and lulu has 120 seconds left.
|
|t:|1663638179
|move|p2a: Haxorus|Scale Shot|p1a: Rillaboom
|-damage|p1a: Rillaboom|16/100 brn
|-damage|p1a: Rillaboom|0 fnt
|faint|p1a: Rillaboom
|-hitcount|p1: Rillaboom|2
|-unboost|p2a: Haxorus|def|1
|-boost|p2a: Haxorus|spe|1
|-damage|p2a: Haxorus|20/100 tox|[from] item: Life Orb
|
|-damage|p2a: Haxorus|0 fnt|[from] psn
|faint|p2a: Haxorus
|upkeep
|j| test781871
|
|t:|1663638194
|switch|p2a: Moltres|Moltres-Galar|100/100
|switch|p1a: Tornadus|Tornadus-Therian, M|90/100
|turn|14
|inactive|chansey and lulu has 90 seconds left.
|
|t:|1663638225
|move|p1a: Tornadus|U-turn|p2a: Moltres
|-damage|p2a: Moltres|83/100
|inactive|chansey and lulu has 90 seconds left.
|
|t:|1663638231
|switch|p1a: Blaziken|Blaziken, M|100/100|[from]move: U-turn
|-damage|p1a: Blaziken|88/100|[from] Stealth Rock
|move|p2a: Moltres|Agility|p2a: Moltres
|-boost|p2a: Moltres|spe|2
|
|-heal|p1a: Blaziken|94/100|[from] item: Leftovers
|upkeep
|turn|15
|inactive|chansey and lulu has 90 seconds left.
|
|t:|1663638245
|move|p1a: Blaziken|Protect|p1a: Blaziken
|-singleturn|p1a: Blaziken|Protect
|move|p2a: Moltres|Hurricane|p1a: Blaziken
|-activate|p1a: Blaziken|move: Protect
|
|-heal|p1a: Blaziken|100/100|[from] item: Leftovers
|-ability|p1a: Blaziken|Speed Boost|boost
|-boost|p1a: Blaziken|spe|1
|upkeep
|turn|16
|inactive|chansey and lulu has 90 seconds left.
|
|t:|1663638256
|move|p2a: Moltres|Hurricane|p1a: Blaziken
|-supereffective|p1a: Blaziken
|-damage|p1a: Blaziken|0 fnt
|faint|p1a: Blaziken
|
|upkeep
|inactive|chansey and lulu has 90 seconds left.
|-message|chansey and lulu forfeited.
|
|win|gmax bouffalant
|raw|chansey and lulu's rating: 1706 &rarr; <strong>1688</strong><br />(-18 for losing)
|raw|gmax bouffalant's rating: 1747 &rarr; <strong>1765</strong><br />(+18 for winning)
|l|☆chansey and lulu
|c|☆gmax bouffalant|gg
|l| Dmorgan86
||Ladder isn't responding, score probably updated but might not have (Request timeout).
