|j|☆Cubielubie
|j|☆DJ CRIB DEF
|t:|1652567147
|gametype|singles
|player|p1|Cubielubie|102|1537
|player|p2|DJ CRIB DEF|cynthia-gen4|1523
|teamsize|p1|6
|teamsize|p2|6
|gen|8
|tier|[Gen 8] OU
|rated|
|rule|Sleep Clause Mod: Limit one foe put to sleep
|rule|Species Clause: Limit one of each Pokémon
|rule|OHKO Clause: OHKO moves are banned
|rule|Evasion Moves Clause: Evasion moves are banned
|rule|Endless Battle Clause: Forcing endless battles is banned
|rule|HP Percentage Mod: HP is shown in percentages
|rule|Dynamax Clause: You cannot dynamax
|clearpoke
|poke|p1|Machamp, M|
|poke|p1|Corviknight, M|
|poke|p1|Umbreon, M|
|poke|p1|Rhyperior, M|
|poke|p1|Clefable, F|
|poke|p1|Slowking-Galar, M|
|poke|p2|Volcanion|
|poke|p2|Landorus-Therian, M|
|poke|p2|Zapdos|
|poke|p2|Melmetal|
|poke|p2|Tapu Lele|
|poke|p2|Dragapult, F|
|teampreview
|inactive|Battle timer is ON: inactive players will automatically lose when time's up. (requested by DJ CRIB DEF)
|c|☆DJ CRIB DEF|cool team
|c|☆DJ CRIB DEF|hf
|
|t:|1652567166
|start
|switch|p1a: Slowking|Slowking-Galar, M, shiny|100/100
|switch|p2a: Volcanion|Volcanion|100/100
|turn|1
|c|☆Cubielubie|Thank you
|c|☆Cubielubie|You too
|
|t:|1652567178
|move|p2a: Volcanion|Steam Eruption|p1a: Slowking
|-damage|p1a: Slowking|71/100
|move|p1a: Slowking|Future Sight|p2a: Volcanion
|-start|p1a: Slowking|move: Future Sight
|
|upkeep
|turn|2
|
|t:|1652567183
|switch|p2a: Melmetal|Melmetal|100/100
|move|p1a: Slowking|Sludge Bomb|p2a: Melmetal
|-immune|p2a: Melmetal
|
|upkeep
|turn|3
|
|t:|1652567187
|switch|p1a: Corviknight|Corviknight, M, shiny|100/100
|-ability|p1a: Corviknight|Pressure
|move|p2a: Melmetal|Double Iron Bash|p1a: Corviknight
|-resisted|p1a: Corviknight
|-damage|p1a: Corviknight|87/100
|-damage|p2a: Melmetal|84/100|[from] item: Rocky Helmet|[of] p1a: Corviknight
|-resisted|p1a: Corviknight
|-damage|p1a: Corviknight|73/100
|-damage|p2a: Melmetal|67/100|[from] item: Rocky Helmet|[of] p1a: Corviknight
|-hitcount|p1a: Corviknight|2
|
|-end|p2a: Melmetal|move: Future Sight
|-resisted|p2a: Melmetal
|-damage|p2a: Melmetal|53/100
|upkeep
|turn|4
|
|t:|1652567200
|switch|p2a: Zapdos|Zapdos|100/100
|move|p1a: Corviknight|Roost|p1a: Corviknight
|-heal|p1a: Corviknight|100/100
|-singleturn|p1a: Corviknight|move: Roost
|
|upkeep
|turn|5
|
|t:|1652567211
|switch|p2a: Volcanion|Volcanion|100/100
|switch|p1a: Rhyperior|Rhyperior, M|100/100
|
|upkeep
|turn|6
|
|t:|1652567214
|switch|p1a: Slowking|Slowking-Galar, M, shiny|100/100
|move|p2a: Volcanion|Steam Eruption|p1a: Slowking
|-damage|p1a: Slowking|74/100
|-status|p1a: Slowking|brn
|
|-damage|p1a: Slowking|68/100 brn|[from] brn
|upkeep
|turn|7
|
|t:|1652567218
|move|p2a: Volcanion|Earth Power|p1a: Slowking
|-supereffective|p1a: Slowking
|-damage|p1a: Slowking|38/100 brn
|move|p1a: Slowking|Future Sight|p2a: Volcanion
|-start|p1a: Slowking|move: Future Sight
|
|-damage|p1a: Slowking|32/100 brn|[from] brn
|upkeep
|turn|8
|
|t:|1652567227
|switch|p1a: Umbreon|Umbreon, M, shiny|100/100
|move|p2a: Volcanion|Earth Power|p1a: Umbreon
|-damage|p1a: Umbreon|80/100
|
|-heal|p1a: Umbreon|87/100|[from] item: Leftovers
|upkeep
|turn|9
|
|t:|1652567235
|switch|p2a: Melmetal|Melmetal|53/100
|move|p1a: Umbreon|Wish|p1a: Umbreon
|
|-end|p2a: Melmetal|move: Future Sight
|-resisted|p2a: Melmetal
|-damage|p2a: Melmetal|35/100
|-heal|p1a: Umbreon|93/100|[from] item: Leftovers
|upkeep
|turn|10
|
|t:|1652567240
|switch|p1a: Corviknight|Corviknight, M, shiny|100/100
|-ability|p1a: Corviknight|Pressure
|move|p2a: Melmetal|Earthquake|p1a: Corviknight
|-immune|p1a: Corviknight
|
|upkeep
|turn|11
|
|t:|1652567254
|switch|p2a: Landorus|Landorus-Therian, M|100/100
|-ability|p2a: Landorus|Intimidate|boost
|-unboost|p1a: Corviknight|atk|1
|move|p1a: Corviknight|Body Press|p2a: Landorus
|-resisted|p2a: Landorus
|-damage|p2a: Landorus|88/100
|
|-heal|p2a: Landorus|94/100|[from] item: Leftovers
|upkeep
|turn|12
|
|t:|1652567263
|move|p2a: Landorus|Stealth Rock|p1a: Corviknight
|-sidestart|p1: Cubielubie|move: Stealth Rock
|move|p1a: Corviknight|Brave Bird|p2a: Landorus
|-damage|p2a: Landorus|71/100
|-damage|p1a: Corviknight|93/100|[from] Recoil
|
|-heal|p2a: Landorus|77/100|[from] item: Leftovers
|upkeep
|turn|13
|
|t:|1652567268
|switch|p2a: Zapdos|Zapdos|100/100
|move|p1a: Corviknight|Defog|p2a: Zapdos
|-unboost|p2a: Zapdos|evasion|1
|-sideend|p1: Cubielubie|Stealth Rock|[from] move: Defog|[of] p1a: Corviknight
|
|upkeep
|turn|14
|
|t:|1652567277
|switch|p2a: Volcanion|Volcanion|100/100
|switch|p1a: Rhyperior|Rhyperior, M|100/100
|
|upkeep
|turn|15
|
|t:|1652567282
|switch|p1a: Slowking|Slowking-Galar, M, shiny|65/100 brn
|move|p2a: Volcanion|Steam Eruption|p1a: Slowking
|-damage|p1a: Slowking|39/100 brn
|
|-damage|p1a: Slowking|32/100 brn|[from] brn
|upkeep
|turn|16
|
|t:|1652567288
|switch|p1a: Umbreon|Umbreon, M, shiny|93/100
|move|p2a: Volcanion|Earth Power|p1a: Umbreon
|-damage|p1a: Umbreon|71/100
|
|-heal|p1a: Umbreon|77/100|[from] item: Leftovers
|upkeep
|turn|17
|
|t:|1652567307
|switch|p2a: Landorus|Landorus-Therian, M|77/100
|-ability|p2a: Landorus|Intimidate|boost
|-unboost|p1a: Umbreon|atk|1
|move|p1a: Umbreon|Heal Bell|p1a: Umbreon
|-activate|p1a: Umbreon|move: Heal Bell
|-curestatus|p1: Slowking|brn|[msg]
|
|-heal|p2a: Landorus|83/100|[from] item: Leftovers
|-heal|p1a: Umbreon|83/100|[from] item: Leftovers
|upkeep
|turn|18
|
|t:|1652567311
|switch|p1a: Corviknight|Corviknight, M, shiny|93/100
|-ability|p1a: Corviknight|Pressure
|move|p2a: Landorus|U-turn|p1a: Corviknight
|-resisted|p1a: Corviknight
|-damage|p1a: Corviknight|90/100
|-damage|p2a: Landorus|67/100|[from] item: Rocky Helmet|[of] p1a: Corviknight
|
|t:|1652567313
|switch|p2a: Volcanion|Volcanion|100/100|[from]move: U-turn
|
|upkeep
|turn|19
|
|t:|1652567321
|switch|p1a: Slowking|Slowking-Galar, M, shiny|66/100
|move|p2a: Volcanion|Flamethrower|p1a: Slowking
|-damage|p1a: Slowking|44/100
|
|upkeep
|turn|20
|
|t:|1652567329
|move|p2a: Volcanion|Flamethrower|p1a: Slowking
|-damage|p1a: Slowking|19/100
|move|p1a: Slowking|Sludge Bomb|p2a: Volcanion
|-damage|p2a: Volcanion|49/100
|
|upkeep
|turn|21
|
|t:|1652567332
|switch|p1a: Umbreon|Umbreon, M, shiny|83/100
|move|p2a: Volcanion|Flamethrower|p1a: Umbreon
|-damage|p1a: Umbreon|51/100
|
|-heal|p1a: Umbreon|57/100|[from] item: Leftovers
|upkeep
|turn|22
|
|t:|1652567339
|switch|p2a: Tapu Lele|Tapu Lele|100/100
|-fieldstart|move: Psychic Terrain|[from] ability: Psychic Surge|[of] p2a: Tapu Lele
|move|p1a: Umbreon|Wish|p1a: Umbreon
|
|-heal|p1a: Umbreon|63/100|[from] item: Leftovers
|upkeep
|turn|23
|
|t:|1652567346
|move|p1a: Umbreon|Protect|p1a: Umbreon
|-singleturn|p1a: Umbreon|Protect
|move|p2a: Tapu Lele|Moonblast|p1a: Umbreon
|-activate|p1a: Umbreon|move: Protect
|
|-heal|p1a: Umbreon|100/100|[from] move: Wish|[wisher] Umbreon
|upkeep
|turn|24
|
|t:|1652567353
|switch|p2a: Dragapult|Dragapult, F|100/100
|switch|p1a: Slowking|Slowking-Galar, M, shiny|53/100
|
|upkeep
|turn|25
|
|t:|1652567357
|move|p2a: Dragapult|Dragon Darts|p1a: Slowking
|-damage|p1a: Slowking|17/100
|-anim|p2a: Dragapult|Dragon Darts|p1a: Slowking
|-damage|p1a: Slowking|0 fnt
|faint|p1a: Slowking
|
|upkeep
|
|t:|1652567363
|switch|p1a: Umbreon|Umbreon, M, shiny|100/100
|turn|26
|
|t:|1652567367
|switch|p2a: Zapdos|Zapdos|100/100
|move|p1a: Umbreon|Foul Play|p2a: Zapdos
|-damage|p2a: Zapdos|83/100
|-status|p1a: Umbreon|par|[from] ability: Static|[of] p2a: Zapdos
|-activate|p1a: Umbreon|ability: Synchronize
|-immune|p2a: Zapdos
|
|-fieldend|move: Psychic Terrain
|upkeep
|turn|27
|
|t:|1652567377
|switch|p2a: Volcanion|Volcanion|49/100
|switch|p1a: Rhyperior|Rhyperior, M|100/100
|
|upkeep
|turn|28
|
|t:|1652567383
|switch|p1a: Umbreon|Umbreon, M, shiny|100/100 par
|move|p2a: Volcanion|Steam Eruption|p1a: Umbreon
|-damage|p1a: Umbreon|66/100 par
|
|-heal|p1a: Umbreon|72/100 par|[from] item: Leftovers
|upkeep
|turn|29
|
|t:|1652567395
|switch|p2a: Melmetal|Melmetal|35/100
|move|p1a: Umbreon|Wish|p1a: Umbreon
|
|-heal|p1a: Umbreon|78/100 par|[from] item: Leftovers
|upkeep
|turn|30
|
|t:|1652567397
|move|p2a: Melmetal|Thunder Punch|p1a: Umbreon
|-damage|p1a: Umbreon|53/100 par
|move|p1a: Umbreon|Heal Bell|p1a: Umbreon
|-activate|p1a: Umbreon|move: Heal Bell
|-curestatus|p1a: Umbreon|par|[msg]
|
|-heal|p1a: Umbreon|100/100|[from] move: Wish|[wisher] Umbreon
|upkeep
|turn|31
|
|t:|1652567401
|move|p1a: Umbreon|Foul Play|p2a: Melmetal
|-crit|p2a: Melmetal
|-damage|p2a: Melmetal|0 fnt
|faint|p2a: Melmetal
|
|upkeep
|
|t:|1652567405
|switch|p2a: Tapu Lele|Tapu Lele|100/100
|-fieldstart|move: Psychic Terrain|[from] ability: Psychic Surge|[of] p2a: Tapu Lele
|turn|32
|
|t:|1652567411
|move|p1a: Umbreon|Protect|p1a: Umbreon
|-singleturn|p1a: Umbreon|Protect
|move|p2a: Tapu Lele|Moonblast|p1a: Umbreon
|-activate|p1a: Umbreon|move: Protect
|
|upkeep
|turn|33
|
|t:|1652567416
|switch|p1a: Corviknight|Corviknight, M, shiny|90/100
|-ability|p1a: Corviknight|Pressure
|move|p2a: Tapu Lele|Moonblast|p1a: Corviknight
|-resisted|p1a: Corviknight
|-damage|p1a: Corviknight|67/100
|
|upkeep
|turn|34
|
|t:|1652567418
|switch|p2a: Zapdos|Zapdos|83/100
|move|p1a: Corviknight|Roost|p1a: Corviknight
|-heal|p1a: Corviknight|100/100
|-singleturn|p1a: Corviknight|move: Roost
|
|upkeep
|turn|35
|
|t:|1652567420
|switch|p1a: Rhyperior|Rhyperior, M|100/100
|move|p2a: Zapdos|Discharge|p1a: Rhyperior
|-immune|p1a: Rhyperior
|
|upkeep
|turn|36
|
|t:|1652567424
|switch|p2a: Landorus|Landorus-Therian, M|67/100
|-ability|p2a: Landorus|Intimidate|boost
|-unboost|p1a: Rhyperior|atk|1
|move|p1a: Rhyperior|Stealth Rock|p2a: Landorus
|-sidestart|p2: DJ CRIB DEF|move: Stealth Rock
|
|-heal|p2a: Landorus|73/100|[from] item: Leftovers
|-fieldend|move: Psychic Terrain
|upkeep
|turn|37
|
|t:|1652567427
|switch|p1a: Corviknight|Corviknight, M, shiny|100/100
|-ability|p1a: Corviknight|Pressure
|move|p2a: Landorus|Stealth Rock|p1a: Corviknight
|-sidestart|p1: Cubielubie|move: Stealth Rock
|
|-heal|p2a: Landorus|79/100|[from] item: Leftovers
|upkeep
|turn|38
|
|t:|1652567432
|switch|p2a: Zapdos|Zapdos|83/100
|move|p1a: Corviknight|Defog|p2a: Zapdos
|-unboost|p2a: Zapdos|evasion|1
|-sideend|p2: DJ CRIB DEF|Stealth Rock|[from] move: Defog|[of] p1a: Corviknight
|-sideend|p1: Cubielubie|Stealth Rock|[from] move: Defog|[of] p1a: Corviknight
|
|upkeep
|turn|39
|
|t:|1652567438
|switch|p2a: Volcanion|Volcanion|49/100
|switch|p1a: Rhyperior|Rhyperior, M|100/100
|
|upkeep
|turn|40
|
|t:|1652567443
|switch|p2a: Tapu Lele|Tapu Lele|100/100
|-fieldstart|move: Psychic Terrain|[from] ability: Psychic Surge|[of] p2a: Tapu Lele
|switch|p1a: Umbreon|Umbreon, M, shiny|100/100
|
|upkeep
|turn|41
|
|t:|1652567446
|move|p1a: Umbreon|Protect|p1a: Umbreon
|-singleturn|p1a: Umbreon|Protect
|move|p2a: Tapu Lele|Moonblast|p1a: Umbreon
|-activate|p1a: Umbreon|move: Protect
|
|upkeep
|turn|42
|
|t:|1652567449
|switch|p2a: Volcanion|Volcanion|49/100
|switch|p1a: Corviknight|Corviknight, M, shiny|100/100
|-ability|p1a: Corviknight|Pressure
|
|upkeep
|turn|43
|
|t:|1652567453
|switch|p1a: Umbreon|Umbreon, M, shiny|100/100
|move|p2a: Volcanion|Flamethrower|p1a: Umbreon
|-damage|p1a: Umbreon|70/100
|
|-heal|p1a: Umbreon|76/100|[from] item: Leftovers
|upkeep
|turn|44
|
|t:|1652567459
|switch|p2a: Landorus|Landorus-Therian, M|79/100
|-ability|p2a: Landorus|Intimidate|boost
|-unboost|p1a: Umbreon|atk|1
|move|p1a: Umbreon|Foul Play|p2a: Landorus
|-damage|p2a: Landorus|39/100
|
|-heal|p2a: Landorus|45/100|[from] item: Leftovers
|-heal|p1a: Umbreon|83/100|[from] item: Leftovers
|-fieldend|move: Psychic Terrain
|upkeep
|turn|45
|
|t:|1652567467
|switch|p1a: Corviknight|Corviknight, M, shiny|100/100
|-ability|p1a: Corviknight|Pressure
|move|p2a: Landorus|Earthquake|p1a: Corviknight
|-immune|p1a: Corviknight
|
|-heal|p2a: Landorus|51/100|[from] item: Leftovers
|upkeep
|turn|46
|
|t:|1652567473
|switch|p2a: Zapdos|Zapdos|83/100
|move|p1a: Corviknight|Brave Bird|p2a: Zapdos
|-resisted|p2a: Zapdos
|-damage|p2a: Zapdos|68/100
|-status|p1a: Corviknight|par|[from] ability: Static|[of] p2a: Zapdos
|-damage|p1a: Corviknight|96/100 par|[from] Recoil
|
|upkeep
|turn|47
|
|t:|1652567477
|switch|p2a: Volcanion|Volcanion|49/100
|switch|p1a: Rhyperior|Rhyperior, M|100/100
|
|upkeep
|turn|48
|
|t:|1652567490
|switch|p2a: Landorus|Landorus-Therian, M|51/100
|-ability|p2a: Landorus|Intimidate|boost
|-unboost|p1a: Rhyperior|atk|1
|switch|p1a: Umbreon|Umbreon, M, shiny|83/100
|
|-heal|p2a: Landorus|57/100|[from] item: Leftovers
|-heal|p1a: Umbreon|89/100|[from] item: Leftovers
|upkeep
|turn|49
|
|t:|1652567494
|move|p2a: Landorus|Stealth Rock|p1a: Umbreon
|-sidestart|p1: Cubielubie|move: Stealth Rock
|move|p1a: Umbreon|Heal Bell|p1a: Umbreon
|-activate|p1a: Umbreon|move: Heal Bell
|-curestatus|p1: Corviknight|par|[msg]
|
|-heal|p2a: Landorus|63/100|[from] item: Leftovers
|-heal|p1a: Umbreon|95/100|[from] item: Leftovers
|upkeep
|turn|50
|
|t:|1652567497
|switch|p1a: Corviknight|Corviknight, M, shiny|96/100
|-damage|p1a: Corviknight|83/100|[from] Stealth Rock
|-ability|p1a: Corviknight|Pressure
|move|p2a: Landorus|U-turn|p1a: Corviknight
|-resisted|p1a: Corviknight
|-damage|p1a: Corviknight|80/100
|-damage|p2a: Landorus|47/100|[from] item: Rocky Helmet|[of] p1a: Corviknight
|
|t:|1652567506
|switch|p2a: Zapdos|Zapdos|68/100|[from]move: U-turn
|
|upkeep
|turn|51
|
|t:|1652567511
|switch|p2a: Volcanion|Volcanion|49/100
|switch|p1a: Rhyperior|Rhyperior, M|100/100
|-damage|p1a: Rhyperior|94/100|[from] Stealth Rock
|
|upkeep
|turn|52
|
|t:|1652567515
|switch|p2a: Tapu Lele|Tapu Lele|100/100
|-fieldstart|move: Psychic Terrain|[from] ability: Psychic Surge|[of] p2a: Tapu Lele
|switch|p1a: Umbreon|Umbreon, M, shiny|95/100
|-damage|p1a: Umbreon|83/100|[from] Stealth Rock
|
|-heal|p1a: Umbreon|89/100|[from] item: Leftovers
|upkeep
|turn|53
|
|t:|1652567521
|move|p1a: Umbreon|Protect|p1a: Umbreon
|-singleturn|p1a: Umbreon|Protect
|move|p2a: Tapu Lele|Moonblast|p1a: Umbreon
|-activate|p1a: Umbreon|move: Protect
|
|-heal|p1a: Umbreon|95/100|[from] item: Leftovers
|upkeep
|turn|54
|
|t:|1652567525
|switch|p2a: Volcanion|Volcanion|49/100
|switch|p1a: Corviknight|Corviknight, M, shiny|80/100
|-damage|p1a: Corviknight|68/100|[from] Stealth Rock
|-ability|p1a: Corviknight|Pressure
|
|upkeep
|turn|55
|
|t:|1652567529
|switch|p2a: Tapu Lele|Tapu Lele|100/100
|switch|p1a: Umbreon|Umbreon, M, shiny|95/100
|-damage|p1a: Umbreon|83/100|[from] Stealth Rock
|
|-heal|p1a: Umbreon|89/100|[from] item: Leftovers
|upkeep
|turn|56
|
|t:|1652567535
|move|p1a: Umbreon|Protect|p1a: Umbreon
|-singleturn|p1a: Umbreon|Protect
|move|p2a: Tapu Lele|Moonblast|p1a: Umbreon
|-activate|p1a: Umbreon|move: Protect
|
|-heal|p1a: Umbreon|95/100|[from] item: Leftovers
|-fieldend|move: Psychic Terrain
|upkeep
|turn|57
|
|t:|1652567540
|switch|p2a: Volcanion|Volcanion|49/100
|switch|p1a: Corviknight|Corviknight, M, shiny|68/100
|-damage|p1a: Corviknight|55/100|[from] Stealth Rock
|-ability|p1a: Corviknight|Pressure
|
|upkeep
|turn|58
|
|t:|1652567544
|switch|p2a: Tapu Lele|Tapu Lele|100/100
|-fieldstart|move: Psychic Terrain|[from] ability: Psychic Surge|[of] p2a: Tapu Lele
|switch|p1a: Umbreon|Umbreon, M, shiny|95/100
|-damage|p1a: Umbreon|83/100|[from] Stealth Rock
|
|-heal|p1a: Umbreon|89/100|[from] item: Leftovers
|upkeep
|turn|59
|
|t:|1652567547
|move|p1a: Umbreon|Protect|p1a: Umbreon
|-singleturn|p1a: Umbreon|Protect
|move|p2a: Tapu Lele|Moonblast|p1a: Umbreon
|-activate|p1a: Umbreon|move: Protect
|
|-heal|p1a: Umbreon|95/100|[from] item: Leftovers
|upkeep
|turn|60
|
|t:|1652567551
|switch|p2a: Volcanion|Volcanion|49/100
|move|p1a: Umbreon|Wish|p1a: Umbreon
|
|-heal|p1a: Umbreon|100/100|[from] item: Leftovers
|upkeep
|turn|61
|
|t:|1652567558
|move|p2a: Volcanion|Steam Eruption|p1a: Umbreon|[miss]
|-miss|p2a: Volcanion|p1a: Umbreon
|move|p1a: Umbreon|Foul Play|p2a: Volcanion
|-damage|p2a: Volcanion|20/100
|
|upkeep
|turn|62
|
|t:|1652567567
|switch|p2a: Zapdos|Zapdos|68/100
|move|p1a: Umbreon|Foul Play|p2a: Zapdos
|-damage|p2a: Zapdos|49/100
|-status|p1a: Umbreon|par|[from] ability: Static|[of] p2a: Zapdos
|-activate|p1a: Umbreon|ability: Synchronize
|-immune|p2a: Zapdos
|
|-fieldend|move: Psychic Terrain
|upkeep
|turn|63
|
|t:|1652567572
|switch|p1a: Rhyperior|Rhyperior, M|94/100
|-damage|p1a: Rhyperior|88/100|[from] Stealth Rock
|move|p2a: Zapdos|Roost|p2a: Zapdos
|-heal|p2a: Zapdos|99/100
|-singleturn|p2a: Zapdos|move: Roost
|
|upkeep
|turn|64
|
|t:|1652567575
|switch|p2a: Landorus|Landorus-Therian, M|47/100
|-ability|p2a: Landorus|Intimidate|boost
|-unboost|p1a: Rhyperior|atk|1
|move|p1a: Rhyperior|Stealth Rock|p2a: Landorus
|-sidestart|p2: DJ CRIB DEF|move: Stealth Rock
|
|-heal|p2a: Landorus|53/100|[from] item: Leftovers
|upkeep
|turn|65
|
|t:|1652567583
|switch|p1a: Corviknight|Corviknight, M, shiny|55/100
|-damage|p1a: Corviknight|43/100|[from] Stealth Rock
|-ability|p1a: Corviknight|Pressure
|move|p2a: Landorus|U-turn|p1a: Corviknight
|-resisted|p1a: Corviknight
|-damage|p1a: Corviknight|40/100
|-damage|p2a: Landorus|36/100|[from] item: Rocky Helmet|[of] p1a: Corviknight
|
|t:|1652567594
|switch|p2a: Volcanion|Volcanion|20/100|[from]move: U-turn
|
|upkeep
|turn|66
|
|t:|1652567597
|switch|p1a: Umbreon|Umbreon, M, shiny|100/100 par
|-damage|p1a: Umbreon|88/100 par|[from] Stealth Rock
|move|p2a: Volcanion|Flamethrower|p1a: Umbreon
|-damage|p1a: Umbreon|59/100 par
|
|-heal|p1a: Umbreon|65/100 par|[from] item: Leftovers
|upkeep
|turn|67
|
|t:|1652567603
|move|p2a: Volcanion|Flamethrower|p1a: Umbreon
|-damage|p1a: Umbreon|32/100 par
|move|p1a: Umbreon|Wish|p1a: Umbreon
|
|-heal|p1a: Umbreon|38/100 par|[from] item: Leftovers
|upkeep
|turn|68
|
|t:|1652567608
|switch|p2a: Zapdos|Zapdos|99/100
|move|p1a: Umbreon|Protect||[still]
|-fail|p1a: Umbreon
|
|-heal|p1a: Umbreon|88/100 par|[from] move: Wish|[wisher] Umbreon
|-heal|p1a: Umbreon|94/100 par|[from] item: Leftovers
|upkeep
|turn|69
|
|t:|1652567612
|switch|p2a: Volcanion|Volcanion|20/100
|cant|p1a: Umbreon|par
|
|-heal|p1a: Umbreon|99/100 par|[from] item: Leftovers
|upkeep
|turn|70
|
|t:|1652567617
|switch|p2a: Zapdos|Zapdos|99/100
|cant|p1a: Umbreon|par
|
|-heal|p1a: Umbreon|100/100 par|[from] item: Leftovers
|upkeep
|turn|71
|
|t:|1652567621
|move|p2a: Zapdos|Hurricane|p1a: Umbreon|[miss]
|-miss|p2a: Zapdos|p1a: Umbreon
|move|p1a: Umbreon|Heal Bell|p1a: Umbreon
|-activate|p1a: Umbreon|move: Heal Bell
|-curestatus|p1a: Umbreon|par|[msg]
|
|upkeep
|turn|72
|
|t:|1652567624
|switch|p1a: Rhyperior|Rhyperior, M|88/100
|-damage|p1a: Rhyperior|82/100|[from] Stealth Rock
|move|p2a: Zapdos|Hurricane|p1a: Rhyperior
|-resisted|p1a: Rhyperior
|-damage|p1a: Rhyperior|62/100
|-start|p1a: Rhyperior|confusion
|
|upkeep
|turn|73
|
|t:|1652567633
|switch|p2a: Landorus|Landorus-Therian, M|36/100
|-damage|p2a: Landorus|24/100|[from] Stealth Rock
|-ability|p2a: Landorus|Intimidate|boost
|-unboost|p1a: Rhyperior|atk|1
|-activate|p1a: Rhyperior|confusion
|-damage|p1a: Rhyperior|57/100|[from] confusion
|
|-heal|p2a: Landorus|30/100|[from] item: Leftovers
|upkeep
|turn|74
|
|t:|1652567640
|switch|p1a: Corviknight|Corviknight, M, shiny|40/100
|-damage|p1a: Corviknight|27/100|[from] Stealth Rock
|-ability|p1a: Corviknight|Pressure
|move|p2a: Landorus|U-turn|p1a: Corviknight
|-resisted|p1a: Corviknight
|-damage|p1a: Corviknight|24/100
|-damage|p2a: Landorus|13/100|[from] item: Rocky Helmet|[of] p1a: Corviknight
|
|t:|1652567650
|switch|p2a: Zapdos|Zapdos|99/100|[from]move: U-turn
|
|upkeep
|turn|75
|
|t:|1652567655
|switch|p1a: Rhyperior|Rhyperior, M|57/100
|-damage|p1a: Rhyperior|51/100|[from] Stealth Rock
|move|p2a: Zapdos|Discharge|p1a: Rhyperior
|-immune|p1a: Rhyperior
|
|upkeep
|turn|76
|
|t:|1652567658
|switch|p2a: Landorus|Landorus-Therian, M|13/100
|-damage|p2a: Landorus|1/100|[from] Stealth Rock
|-ability|p2a: Landorus|Intimidate|boost
|-unboost|p1a: Rhyperior|atk|1
|move|p1a: Rhyperior|Rock Blast|p2a: Landorus
|-damage|p2a: Landorus|0 fnt
|faint|p2a: Landorus
|-hitcount|p2: Landorus|1
|
|upkeep
|
|t:|1652567673
|switch|p2a: Volcanion|Volcanion|20/100
|turn|77
|
|t:|1652567677
|switch|p2a: Tapu Lele|Tapu Lele|100/100
|-damage|p2a: Tapu Lele|88/100|[from] Stealth Rock
|-fieldstart|move: Psychic Terrain|[from] ability: Psychic Surge|[of] p2a: Tapu Lele
|switch|p1a: Corviknight|Corviknight, M, shiny|24/100
|-damage|p1a: Corviknight|11/100|[from] Stealth Rock
|-ability|p1a: Corviknight|Pressure
|
|upkeep
|turn|78
|
|t:|1652567680
|move|p2a: Tapu Lele|Moonblast|p1a: Corviknight
|-resisted|p1a: Corviknight
|-damage|p1a: Corviknight|0 fnt
|faint|p1a: Corviknight
|
|upkeep
|
|t:|1652567685
|switch|p1a: Clefable|Clefable, F|100/100
|-damage|p1a: Clefable|88/100|[from] Stealth Rock
|turn|79
|
|t:|1652567690
|switch|p2a: Zapdos|Zapdos|99/100
|move|p1a: Clefable|Calm Mind|p1a: Clefable
|-boost|p1a: Clefable|spa|1
|-boost|p1a: Clefable|spd|1
|
|upkeep
|turn|80
|
|t:|1652567693
|move|p2a: Zapdos|Discharge|p1a: Clefable
|-damage|p1a: Clefable|69/100
|-status|p1a: Clefable|par
|cant|p1a: Clefable|par
|
|upkeep
|turn|81
|
|t:|1652567698
|switch|p2a: Dragapult|Dragapult, F|100/100
|-damage|p2a: Dragapult|88/100|[from] Stealth Rock
|move|p1a: Clefable|Soft-Boiled|p1a: Clefable
|-heal|p1a: Clefable|100/100 par
|
|-fieldend|move: Psychic Terrain
|upkeep
|turn|82
|
|t:|1652567702
|move|p2a: Dragapult|Phantom Force||[still]
|-prepare|p2a: Dragapult|Phantom Force
|cant|p1a: Clefable|par
|
|upkeep
|turn|83
|
|t:|1652567707
|move|p2a: Dragapult|Phantom Force|p1a: Clefable|[from]lockedmove
|-damage|p1a: Clefable|44/100 par
|-damage|p2a: Dragapult|72/100|[from] item: Rocky Helmet|[of] p1a: Clefable
|move|p1a: Clefable|Soft-Boiled|p1a: Clefable
|-heal|p1a: Clefable|94/100 par
|
|upkeep
|turn|84
|
|t:|1652567716
|move|p2a: Dragapult|Phantom Force||[still]
|-prepare|p2a: Dragapult|Phantom Force
|cant|p1a: Clefable|par
|
|upkeep
|turn|85
|
|t:|1652567719
|move|p2a: Dragapult|Phantom Force|p1a: Clefable|[from]lockedmove
|-damage|p1a: Clefable|39/100 par
|-damage|p2a: Dragapult|55/100|[from] item: Rocky Helmet|[of] p1a: Clefable
|move|p1a: Clefable|Soft-Boiled|p1a: Clefable
|-heal|p1a: Clefable|89/100 par
|
|upkeep
|turn|86
|
|t:|1652567725
|switch|p2a: Tapu Lele|Tapu Lele|88/100
|-damage|p2a: Tapu Lele|76/100|[from] Stealth Rock
|-fieldstart|move: Psychic Terrain|[from] ability: Psychic Surge|[of] p2a: Tapu Lele
|move|p1a: Clefable|Calm Mind|p1a: Clefable
|-boost|p1a: Clefable|spa|1
|-boost|p1a: Clefable|spd|1
|
|upkeep
|turn|87
|
|t:|1652567728
|move|p2a: Tapu Lele|Psyshock|p1a: Clefable
|-damage|p1a: Clefable|49/100 par
|cant|p1a: Clefable|par
|
|upkeep
|turn|88
|
|t:|1652567735
|move|p2a: Tapu Lele|Psyshock|p1a: Clefable
|-damage|p1a: Clefable|4/100 par
|move|p1a: Clefable|Soft-Boiled|p1a: Clefable
|-heal|p1a: Clefable|54/100 par
|
|upkeep
|turn|89
|
|t:|1652567741
|move|p2a: Tapu Lele|Psyshock|p1a: Clefable
|-damage|p1a: Clefable|10/100 par
|move|p1a: Clefable|Soft-Boiled|p1a: Clefable
|-heal|p1a: Clefable|60/100 par
|
|upkeep
|turn|90
|
|t:|1652567746
|move|p2a: Tapu Lele|Psyshock|p1a: Clefable
|-damage|p1a: Clefable|20/100 par
|cant|p1a: Clefable|par
|
|-fieldend|move: Psychic Terrain
|upkeep
|turn|91
|
|t:|1652567753
|switch|p1a: Umbreon|Umbreon, M, shiny|100/100
|-damage|p1a: Umbreon|88/100|[from] Stealth Rock
|move|p2a: Tapu Lele|Psyshock|p1a: Umbreon
|-immune|p1a: Umbreon
|
|-heal|p1a: Umbreon|94/100|[from] item: Leftovers
|upkeep
|turn|92
|
|t:|1652567756
|switch|p2a: Dragapult|Dragapult, F|55/100
|-damage|p2a: Dragapult|43/100|[from] Stealth Rock
|move|p1a: Umbreon|Wish|p1a: Umbreon
|
|-heal|p1a: Umbreon|100/100|[from] item: Leftovers
|upkeep
|turn|93
|
|t:|1652567761
|move|p2a: Dragapult|U-turn|p1a: Umbreon
|-supereffective|p1a: Umbreon
|-damage|p1a: Umbreon|55/100
|
|t:|1652567766
|switch|p2a: Zapdos|Zapdos|99/100|[from]move: U-turn
|move|p1a: Umbreon|Foul Play|p2a: Zapdos
|-damage|p2a: Zapdos|80/100
|
|-heal|p1a: Umbreon|100/100|[from] move: Wish|[wisher] Umbreon
|upkeep
|turn|94
|
|t:|1652567772
|switch|p2a: Volcanion|Volcanion|20/100
|move|p1a: Umbreon|Foul Play|p2a: Volcanion
|-damage|p2a: Volcanion|0 fnt
|faint|p2a: Volcanion
|
|upkeep
|
|t:|1652567775
|switch|p2a: Tapu Lele|Tapu Lele|76/100
|-damage|p2a: Tapu Lele|63/100|[from] Stealth Rock
|-fieldstart|move: Psychic Terrain|[from] ability: Psychic Surge|[of] p2a: Tapu Lele
|turn|95
|
|t:|1652567779
|move|p1a: Umbreon|Protect|p1a: Umbreon
|-singleturn|p1a: Umbreon|Protect
|move|p2a: Tapu Lele|Moonblast|p1a: Umbreon
|-activate|p1a: Umbreon|move: Protect
|
|upkeep
|turn|96
|
|t:|1652567786
|switch|p1a: Clefable|Clefable, F|20/100 par
|-damage|p1a: Clefable|8/100 par|[from] Stealth Rock
|move|p2a: Tapu Lele|Moonblast|p1a: Clefable
|-damage|p1a: Clefable|0 fnt
|faint|p1a: Clefable
|
|upkeep
|
|t:|1652567787
|switch|p1a: Rhyperior|Rhyperior, M|51/100
|-damage|p1a: Rhyperior|45/100|[from] Stealth Rock
|turn|97
|inactive|DJ CRIB DEF has 120 seconds left.
|inactive|DJ CRIB DEF has 90 seconds left.
|inactive|DJ CRIB DEF has 60 seconds left.
|
|t:|1652567901
|switch|p2a: Zapdos|Zapdos|80/100
|move|p1a: Rhyperior|Earthquake|p2a: Zapdos
|-immune|p2a: Zapdos
|
|upkeep
|turn|98
|
|t:|1652567911
|switch|p1a: Umbreon|Umbreon, M, shiny|100/100
|-damage|p1a: Umbreon|88/100|[from] Stealth Rock
|move|p2a: Zapdos|Hurricane|p1a: Umbreon
|-damage|p1a: Umbreon|57/100
|
|-heal|p1a: Umbreon|63/100|[from] item: Leftovers
|upkeep
|turn|99
|
|t:|1652567916
|move|p2a: Zapdos|Discharge|p1a: Umbreon
|-damage|p1a: Umbreon|42/100
|move|p1a: Umbreon|Wish|p1a: Umbreon
|
|-heal|p1a: Umbreon|48/100|[from] item: Leftovers
|-fieldend|move: Psychic Terrain
|upkeep
|turn|100
|
|t:|1652567926
|switch|p1a: Rhyperior|Rhyperior, M|45/100
|-damage|p1a: Rhyperior|38/100|[from] Stealth Rock
|move|p2a: Zapdos|Hurricane|p1a: Rhyperior|[miss]
|-miss|p2a: Zapdos|p1a: Rhyperior
|
|-heal|p1a: Rhyperior|83/100|[from] move: Wish|[wisher] Umbreon
|upkeep
|turn|101
|
|t:|1652567934
|move|p2a: Zapdos|Hurricane|p1a: Rhyperior|[miss]
|-miss|p2a: Zapdos|p1a: Rhyperior
|move|p1a: Rhyperior|Rock Blast|p2a: Zapdos
|-supereffective|p2a: Zapdos
|-damage|p2a: Zapdos|63/100
|-supereffective|p2a: Zapdos
|-damage|p2a: Zapdos|44/100
|-supereffective|p2a: Zapdos
|-damage|p2a: Zapdos|26/100
|-hitcount|p2a: Zapdos|3
|
|upkeep
|turn|102
|
|t:|1652567943
|move|p2a: Zapdos|Hurricane|p1a: Rhyperior|[miss]
|-miss|p2a: Zapdos|p1a: Rhyperior
|move|p1a: Rhyperior|Rock Blast|p2a: Zapdos
|-supereffective|p2a: Zapdos
|-damage|p2a: Zapdos|9/100
|-supereffective|p2a: Zapdos
|-damage|p2a: Zapdos|0 fnt
|faint|p2a: Zapdos
|-hitcount|p2: Zapdos|2
|
|upkeep
|
|t:|1652567945
|switch|p2a: Dragapult|Dragapult, F|43/100
|-damage|p2a: Dragapult|31/100|[from] Stealth Rock
|turn|103
|
|t:|1652567951
|switch|p1a: Umbreon|Umbreon, M, shiny|48/100
|-damage|p1a: Umbreon|36/100|[from] Stealth Rock
|move|p2a: Dragapult|Dragon Darts|p1a: Umbreon
|-damage|p1a: Umbreon|14/100
|-anim|p2a: Dragapult|Dragon Darts|p1a: Umbreon
|-damage|p1a: Umbreon|0 fnt
|faint|p1a: Umbreon
|
|upkeep
|
|t:|1652567955
|switch|p1a: Machamp|Machamp, M|100/100
|-damage|p1a: Machamp|94/100|[from] Stealth Rock
|turn|104
|inactive|DJ CRIB DEF has 60 seconds left.
|inactive|DJ CRIB DEF has 30 seconds left.
|
|t:|1652568001
|move|p2a: Dragapult|Dragon Darts|p1a: Machamp
|-damage|p1a: Machamp|56/100
|-anim|p2a: Dragapult|Dragon Darts|p1a: Machamp
|-damage|p1a: Machamp|18/100
|move|p1a: Machamp|Knock Off|p2a: Dragapult
|-supereffective|p2a: Dragapult
|-damage|p2a: Dragapult|0 fnt
|-enditem|p2a: Dragapult|Choice Band|[from] move: Knock Off|[of] p1a: Machamp
|faint|p2a: Dragapult
|
|upkeep
|
|t:|1652568004
|switch|p2a: Tapu Lele|Tapu Lele|63/100
|-damage|p2a: Tapu Lele|51/100|[from] Stealth Rock
|-fieldstart|move: Psychic Terrain|[from] ability: Psychic Surge|[of] p2a: Tapu Lele
|turn|105
|
|t:|1652568009
|move|p2a: Tapu Lele|Focus Blast|p1a: Machamp
|-damage|p1a: Machamp|0 fnt
|faint|p1a: Machamp
|
|upkeep
|
|t:|1652568011
|switch|p1a: Rhyperior|Rhyperior, M|83/100
|-damage|p1a: Rhyperior|77/100|[from] Stealth Rock
|turn|106
|
|t:|1652568013
|move|p2a: Tapu Lele|Focus Blast|p1a: Rhyperior
|-supereffective|p1a: Rhyperior
|-damage|p1a: Rhyperior|26/100
|move|p1a: Rhyperior|Earthquake|p2a: Tapu Lele
|-damage|p2a: Tapu Lele|0 fnt
|faint|p2a: Tapu Lele
|
|win|Cubielubie
|raw|Cubielubie's rating: 1537 &rarr; <strong>1556</strong><br />(+19 for winning)
|raw|DJ CRIB DEF's rating: 1523 &rarr; <strong>1504</strong><br />(-19 for losing)
|c|☆DJ CRIB DEF|gg
||Ladder isn't responding, score probably updated but might not have (Request timeout).
|l|☆DJ CRIB DEF
