|j|☆2(H2O)-Alt
|j|☆Exspl0ud
|t:|1652806279
|gametype|singles
|player|p1|2(H2O)-Alt|kukui-stand|1609
|player|p2|Exspl0ud|marlon|1707
|teamsize|p1|6
|teamsize|p2|6
|gen|8
|tier|[Gen 8] OU
|rated|
|rule|Sleep Clause Mod: Limit one foe put to sleep
|rule|Species Clause: Limit one of each Pokémon
|rule|OHKO Clause: OHKO moves are banned
|rule|Evasion Moves Clause: Evasion moves are banned
|rule|Endless Battle Clause: Forcing endless battles is banned
|rule|HP Percentage Mod: HP is shown in percentages
|rule|Dynamax Clause: You cannot dynamax
|clearpoke
|poke|p1|Tapu Koko|
|poke|p1|Hawlucha, M|
|poke|p1|Gyarados, M|
|poke|p1|Blaziken, M|
|poke|p1|Kartana|
|poke|p1|Garchomp, M|
|poke|p2|Victini|
|poke|p2|Blissey, F|
|poke|p2|Wigglytuff, F|
|poke|p2|Chansey, F|
|poke|p2|Melmetal|
|poke|p2|Slowbro, M|
|teampreview
|inactive|Battle timer is ON: inactive players will automatically lose when time's up. (requested by Exspl0ud)
|
|t:|1652806282
|start
|switch|p1a: Naruto|Tapu Koko|100/100
|switch|p2a: Victini|Victini|100/100
|-fieldstart|move: Electric Terrain|[from] ability: Electric Surge|[of] p1a: Naruto
|turn|1
|
|t:|1652806288
|move|p1a: Naruto|Reflect|p1a: Naruto
|-sidestart|p1: 2(H2O)-Alt|Reflect
|move|p2a: Victini|Trick Room|p2a: Victini
|-fieldstart|move: Trick Room|[of] p2a: Victini
|
|upkeep
|turn|2
|
|t:|1652806292
|move|p2a: Victini|Final Gambit|p1a: Naruto
|-damage|p1a: Naruto|0 fnt
|faint|p2a: Victini
|faint|p1a: Naruto
|
|upkeep
|
|t:|1652806296
|switch|p2a: Blissey|Blissey, F|100/100
|switch|p1a: John Cena|Hawlucha, M|100/100
|-enditem|p1a: John Cena|Electric Seed
|-boost|p1a: John Cena|def|1|[from] item: Electric Seed
|turn|3
|
|t:|1652806301
|move|p2a: Blissey|Copycat|p2a: Blissey
|move|p2a: Blissey|Final Gambit|p1a: John Cena|[from]move: Copycat
|-damage|p1a: John Cena|0 fnt
|faint|p2a: Blissey
|faint|p1a: John Cena
|
|upkeep
|
|t:|1652806307
|switch|p2a: Chansey|Chansey, F|100/100
|switch|p1a: Mifune|Kartana|100/100
|turn|4
|
|t:|1652806310
|move|p2a: Chansey|Copycat|p2a: Chansey
|move|p2a: Chansey|Final Gambit|p1a: Mifune|[from]move: Copycat
|-damage|p1a: Mifune|0 fnt
|faint|p2a: Chansey
|faint|p1a: Mifune
|
|upkeep
|
|t:|1652806316
|switch|p2a: Wigglytuff|Wigglytuff, F|100/100
|switch|p1a: Garchomp|Garchomp, M|100/100
|turn|5
|
|t:|1652806321
|move|p2a: Wigglytuff|Copycat|p2a: Wigglytuff
|move|p2a: Wigglytuff|Final Gambit|p1a: Garchomp|[from]move: Copycat
|-damage|p1a: Garchomp|0 fnt
|faint|p2a: Wigglytuff
|faint|p1a: Garchomp
|
|-fieldend|move: Trick Room
|-fieldend|move: Electric Terrain
|upkeep
|
|t:|1652806328
|switch|p1a: Gotta Go Fast|Blaziken, M|100/100
|switch|p2a: Slowbro|Slowbro, M|100/100
|-item|p1a: Gotta Go Fast|Air Balloon
|turn|6
|
|t:|1652806333
|switch|p1a: Gyarados|Gyarados, M|100/100
|move|p2a: Slowbro|Scald|p1a: Gyarados
|-resisted|p1a: Gyarados
|-damage|p1a: Gyarados|87/100
|
|-heal|p1a: Gyarados|93/100|[from] item: Leftovers
|upkeep
|turn|7
|
|t:|1652806340
|move|p1a: Gyarados|Substitute|p1a: Gyarados
|-start|p1a: Gyarados|Substitute
|-damage|p1a: Gyarados|68/100
|move|p2a: Slowbro|Trick Room|p2a: Slowbro
|-fieldstart|move: Trick Room|[of] p2a: Slowbro
|
|-heal|p1a: Gyarados|74/100|[from] item: Leftovers
|upkeep
|turn|8
|
|t:|1652806347
|move|p1a: Gyarados|Dragon Dance|p1a: Gyarados
|-boost|p1a: Gyarados|atk|1
|-boost|p1a: Gyarados|spe|1
|move|p2a: Slowbro|Teleport|p2a: Slowbro
|
|t:|1652806349
|switch|p2a: Melmetal|Melmetal|100/100|[from]move: Teleport
|
|-heal|p1a: Gyarados|80/100|[from] item: Leftovers
|-sideend|p1: 2(H2O)-Alt|Reflect
|upkeep
|turn|9
|
|t:|1652806355
|move|p2a: Melmetal|Double Iron Bash|p1a: Gyarados
|-resisted|p1a: Gyarados
|-end|p1a: Gyarados|Substitute
|-resisted|p1a: Gyarados
|-damage|p1a: Gyarados|44/100
|-hitcount|p1a: Gyarados|2
|-damage|p2a: Melmetal|91/100|[from] item: Life Orb
|move|p1a: Gyarados|Earthquake|p2a: Melmetal
|-supereffective|p2a: Melmetal
|-damage|p2a: Melmetal|30/100
|
|-heal|p1a: Gyarados|50/100|[from] item: Leftovers
|upkeep
|turn|10
|
|t:|1652806365
|move|p2a: Melmetal|Double Iron Bash|p1a: Gyarados
|-resisted|p1a: Gyarados
|-damage|p1a: Gyarados|17/100
|-resisted|p1a: Gyarados
|-damage|p1a: Gyarados|0 fnt
|faint|p1a: Gyarados
|-hitcount|p1: Gyarados|2
|-damage|p2a: Melmetal|20/100|[from] item: Life Orb
|
|upkeep
|
|t:|1652806372
|switch|p1a: Gotta Go Fast|Blaziken, M|100/100
|-item|p1a: Gotta Go Fast|Air Balloon
|turn|11
|
|t:|1652806375
|move|p2a: Melmetal|Double Iron Bash|p1a: Gotta Go Fast
|-resisted|p1a: Gotta Go Fast
|-damage|p1a: Gotta Go Fast|60/100
|-enditem|p1a: Gotta Go Fast|Air Balloon
|-resisted|p1a: Gotta Go Fast
|-damage|p1a: Gotta Go Fast|17/100
|-hitcount|p1a: Gotta Go Fast|2
|-damage|p2a: Melmetal|10/100|[from] item: Life Orb
|move|p1a: Gotta Go Fast|Swords Dance|p1a: Gotta Go Fast
|-boost|p1a: Gotta Go Fast|atk|2
|
|-fieldend|move: Trick Room
|-ability|p1a: Gotta Go Fast|Speed Boost|boost
|-boost|p1a: Gotta Go Fast|spe|1
|upkeep
|turn|12
|
|t:|1652806386
|move|p1a: Gotta Go Fast|Thunder Punch|p2a: Melmetal
|-damage|p2a: Melmetal|0 fnt
|faint|p2a: Melmetal
|
|-ability|p1a: Gotta Go Fast|Speed Boost|boost
|-boost|p1a: Gotta Go Fast|spe|1
|upkeep
|
|t:|1652806388
|switch|p2a: Slowbro|Slowbro, M|100/100
|turn|13
|
|t:|1652806392
|move|p1a: Gotta Go Fast|Thunder Punch|p2a: Slowbro
|-supereffective|p2a: Slowbro
|-damage|p2a: Slowbro|37/100
|move|p2a: Slowbro|Scald|p1a: Gotta Go Fast
|-supereffective|p1a: Gotta Go Fast
|-damage|p1a: Gotta Go Fast|0 fnt
|faint|p1a: Gotta Go Fast
|
|win|Exspl0ud
|raw|2(H2O)-Alt's rating: 1609 &rarr; <strong>1594</strong><br />(-15 for losing)
|raw|Exspl0ud's rating: 1707 &rarr; <strong>1722</strong><br />(+15 for winning)
|j| 50 at max
|l|☆2(H2O)-Alt
||Ladder isn't responding, score probably updated but might not have (Request timeout).
