|j|☆Clorox Man
|j|☆4funaccount
|player|p1|Clorox Man|266|1813
|player|p2|4funaccount|hilda-dueldisk|1851
|teamsize|p1|6
|teamsize|p2|6
|gametype|singles
|gen|8
|tier|[Gen 8] OU
|rated|
|clearpoke
|poke|p1|Rotom-Mow|
|poke|p1|Obstagoon, M|
|poke|p1|Clefable, F|
|poke|p1|Steelix, M|
|poke|p1|Golisopod, F|
|poke|p1|Sigilyph, F|
|poke|p2|Clefable, M|
|poke|p2|Dugtrio, M|
|poke|p2|Kommo-o, M|
|poke|p2|Togekiss, M|
|poke|p2|Seismitoad, M|
|poke|p2|Corviknight, M|
|rule|Sleep Clause Mod: Limit one foe put to sleep
|rule|Species Clause: Limit one of each Pokémon
|rule|OHKO Clause: OHKO moves are banned
|rule|Evasion Moves Clause: Evasion moves are banned
|rule|Endless Battle Clause: Forcing endless battles is banned
|rule|HP Percentage Mod: HP is shown in percentages
|rule|Dynamax Clause: You cannot dynamax
|teampreview
|j| tapu moxo
|j| Edwinvf
|
|start
|switch|p1a: Golisopod|Golisopod, F|100/100
|switch|p2a: Clefable|Clefable, M|100/100
|turn|1
|
|move|p2a: Clefable|Moonblast|p1a: Golisopod
|-damage|p1a: Golisopod|69/100
|move|p1a: Golisopod|Spikes|p2a: Clefable
|-sidestart|p2: 4funaccount|Spikes
|
|upkeep
|turn|2
|
|switch|p1a: Clefable|Clefable, F|100/100
|move|p2a: Clefable|Moonblast|p1a: Clefable
|-damage|p1a: Clefable|79/100
|
|-heal|p1a: Clefable|85/100|[from] item: Leftovers
|upkeep
|turn|3
|
|move|p2a: Clefable|Protect|p2a: Clefable
|-singleturn|p2a: Clefable|Protect
|move|p1a: Clefable|Thunder Wave|p2a: Clefable
|-activate|p2a: Clefable|move: Protect
|
|-heal|p1a: Clefable|91/100|[from] item: Leftovers
|upkeep
|turn|4
|inactive|Battle timer is ON: inactive players will automatically lose when time's up. (requested by Clorox Man)
|
|switch|p2a: Seismitoad|Seismitoad, M|100/100
|-damage|p2a: Seismitoad|88/100|[from] Spikes
|move|p1a: Clefable|Moonblast|p2a: Seismitoad
|-damage|p2a: Seismitoad|55/100
|
|-heal|p2a: Seismitoad|61/100|[from] item: Leftovers
|-heal|p1a: Clefable|97/100|[from] item: Leftovers
|upkeep
|turn|5
|
|move|p2a: Seismitoad|Stealth Rock|p1a: Clefable
|-sidestart|p1: Clorox Man|move: Stealth Rock
|move|p1a: Clefable|Moonblast|p2a: Seismitoad
|-damage|p2a: Seismitoad|26/100
|-unboost|p2a: Seismitoad|spa|1
|
|-heal|p2a: Seismitoad|32/100|[from] item: Leftovers
|-heal|p1a: Clefable|100/100|[from] item: Leftovers
|upkeep
|turn|6
|j| titegstel
|
|move|p2a: Seismitoad|Protect|p2a: Seismitoad
|-singleturn|p2a: Seismitoad|Protect
|move|p1a: Clefable|Moonblast|p2a: Seismitoad
|-activate|p2a: Seismitoad|move: Protect
|
|-heal|p2a: Seismitoad|38/100|[from] item: Leftovers
|upkeep
|turn|7
|
|switch|p2a: Togekiss|Togekiss, M|100/100
|move|p1a: Clefable|Moonblast|p2a: Togekiss
|-damage|p2a: Togekiss|69/100
|
|-heal|p2a: Togekiss|75/100|[from] item: Leftovers
|upkeep
|turn|8
|
|move|p2a: Togekiss|Air Slash|p1a: Clefable
|-damage|p1a: Clefable|77/100
|cant|p1a: Clefable|flinch
|
|-heal|p2a: Togekiss|81/100|[from] item: Leftovers
|-heal|p1a: Clefable|83/100|[from] item: Leftovers
|upkeep
|turn|9
|
|move|p2a: Togekiss|Air Slash|p1a: Clefable
|-damage|p1a: Clefable|60/100
|cant|p1a: Clefable|flinch
|
|-heal|p2a: Togekiss|87/100|[from] item: Leftovers
|-heal|p1a: Clefable|66/100|[from] item: Leftovers
|upkeep
|turn|10
|
|move|p2a: Togekiss|Air Slash|p1a: Clefable|[miss]
|-miss|p2a: Togekiss|p1a: Clefable
|move|p1a: Clefable|Thunder Wave|p2a: Togekiss
|-status|p2a: Togekiss|par
|
|-heal|p1a: Clefable|72/100|[from] item: Leftovers
|-heal|p2a: Togekiss|93/100 par|[from] item: Leftovers
|upkeep
|turn|11
|
|switch|p2a: Clefable|Clefable, M|100/100
|move|p1a: Clefable|Wish|p1a: Clefable
|
|-heal|p1a: Clefable|78/100|[from] item: Leftovers
|upkeep
|turn|12
|
|move|p1a: Clefable|Thunder Wave|p2a: Clefable
|-status|p2a: Clefable|par
|move|p2a: Clefable|Thunder Wave|p1a: Clefable
|-status|p1a: Clefable|par
|
|-heal|p1a: Clefable|100/100 par|[from] move: Wish|[wisher] Clefable
|upkeep
|turn|13
|
|switch|p1a: Steelix|Steelix, M|100/100
|-damage|p1a: Steelix|97/100|[from] Stealth Rock
|switch|p2a: Corviknight|Corviknight, M|100/100
|-ability|p2a: Corviknight|Pressure
|
|-heal|p1a: Steelix|100/100|[from] item: Leftovers
|upkeep
|turn|14
|
|move|p2a: Corviknight|U-turn|p1a: Steelix
|-resisted|p1a: Steelix
|-damage|p1a: Steelix|97/100
|
|switch|p2a: Togekiss|Togekiss, M|93/100 par|[from]move: U-turn
|move|p1a: Steelix|Body Press|p2a: Togekiss
|-resisted|p2a: Togekiss
|-crit|p2a: Togekiss
|-damage|p2a: Togekiss|76/100 par
|
|-heal|p2a: Togekiss|82/100 par|[from] item: Leftovers
|-heal|p1a: Steelix|100/100|[from] item: Leftovers
|upkeep
|turn|15
|j| Narada
|
|switch|p1a: Rotom|Rotom-Mow|100/100
|-damage|p1a: Rotom|88/100|[from] Stealth Rock
|move|p2a: Togekiss|Flamethrower|p1a: Rotom
|-supereffective|p1a: Rotom
|-damage|p1a: Rotom|24/100
|-status|p1a: Rotom|brn
|
|-heal|p1a: Rotom|30/100 brn|[from] item: Leftovers
|-heal|p2a: Togekiss|89/100 par|[from] item: Leftovers
|-damage|p1a: Rotom|24/100 brn|[from] brn
|upkeep
|turn|16
|
|switch|p2a: Clefable|Clefable, M|100/100 par
|move|p1a: Rotom|Volt Switch|p2a: Clefable
|-crit|p2a: Clefable
|-damage|p2a: Clefable|73/100 par
|
|switch|p1a: Steelix|Steelix, M|100/100|[from]move: Volt Switch
|-damage|p1a: Steelix|97/100|[from] Stealth Rock
|
|-heal|p1a: Steelix|100/100|[from] item: Leftovers
|-heal|p2a: Clefable|79/100 par|[from] item: Leftovers
|upkeep
|turn|17
|
|switch|p2a: Togekiss|Togekiss, M|89/100 par
|move|p1a: Steelix|Stealth Rock|p2a: Togekiss
|-sidestart|p2: 4funaccount|move: Stealth Rock
|
|-heal|p2a: Togekiss|95/100 par|[from] item: Leftovers
|upkeep
|turn|18
|
|move|p2a: Togekiss|Flamethrower|p1a: Steelix
|-supereffective|p1a: Steelix
|-damage|p1a: Steelix|15/100
|move|p1a: Steelix|Heavy Slam|p2a: Togekiss
|-supereffective|p2a: Togekiss
|-damage|p2a: Togekiss|8/100 par
|
|-heal|p2a: Togekiss|14/100 par|[from] item: Leftovers
|-heal|p1a: Steelix|21/100|[from] item: Leftovers
|upkeep
|turn|19
|
|cant|p2a: Togekiss|par
|move|p1a: Steelix|Heavy Slam|p2a: Togekiss
|-supereffective|p2a: Togekiss
|-damage|p2a: Togekiss|0 fnt
|faint|p2a: Togekiss
|
|-heal|p1a: Steelix|27/100|[from] item: Leftovers
|upkeep
|
|switch|p2a: Dugtrio|Dugtrio, M|100/100
|-damage|p2a: Dugtrio|94/100|[from] Stealth Rock
|-damage|p2a: Dugtrio|82/100|[from] Spikes
|turn|20
|
|move|p2a: Dugtrio|Earthquake|p1a: Steelix
|-supereffective|p1a: Steelix
|-damage|p1a: Steelix|0 fnt
|faint|p1a: Steelix
|
|upkeep
|
|switch|p1a: Golisopod|Golisopod, F|69/100
|turn|21
|
|switch|p2a: Corviknight|Corviknight, M|100/100
|-damage|p2a: Corviknight|88/100|[from] Stealth Rock
|-ability|p2a: Corviknight|Pressure
|move|p1a: Golisopod|First Impression|p2a: Corviknight
|-resisted|p2a: Corviknight
|-damage|p2a: Corviknight|81/100
|
|-heal|p2a: Corviknight|87/100|[from] item: Leftovers
|upkeep
|turn|22
|
|move|p2a: Corviknight|Defog|p1a: Golisopod
|-unboost|p1a: Golisopod|evasion|1
|-sideend|p1: Clorox Man|Stealth Rock|[from] move: Defog|[of] p2a: Corviknight
|-sideend|p2: 4funaccount|Spikes|[from] move: Defog|[of] p2a: Corviknight
|-sideend|p2: 4funaccount|Stealth Rock|[from] move: Defog|[of] p2a: Corviknight
|move|p1a: Golisopod|Close Combat|p2a: Corviknight
|-damage|p2a: Corviknight|63/100
|-unboost|p1a: Golisopod|def|1
|-unboost|p1a: Golisopod|spd|1
|
|-heal|p2a: Corviknight|69/100|[from] item: Leftovers
|upkeep
|turn|23
|
|switch|p1a: Sigilyph|Sigilyph, F|100/100
|move|p2a: Corviknight|Brave Bird|p1a: Sigilyph
|-damage|p1a: Sigilyph|47/100
|-damage|p2a: Corviknight|57/100|[from] Recoil
|
|-heal|p2a: Corviknight|63/100|[from] item: Leftovers
|upkeep
|turn|24
|j| just 6-0 me fam
|
|switch|p2a: Clefable|Clefable, M|79/100 par
|move|p1a: Sigilyph|Roost|p1a: Sigilyph
|-heal|p1a: Sigilyph|97/100
|-singleturn|p1a: Sigilyph|move: Roost
|
|-heal|p2a: Clefable|85/100 par|[from] item: Leftovers
|upkeep
|turn|25
|
|move|p1a: Sigilyph|Psychic|p2a: Clefable
|-damage|p2a: Clefable|49/100 par
|cant|p2a: Clefable|par
|
|-heal|p2a: Clefable|55/100 par|[from] item: Leftovers
|upkeep
|turn|26
|
|cant|p2a: Clefable|par
|move|p1a: Sigilyph|Psychic|p2a: Clefable
|-damage|p2a: Clefable|20/100 par
|
|-heal|p2a: Clefable|26/100 par|[from] item: Leftovers
|upkeep
|turn|27
|
|cant|p2a: Clefable|par
|move|p1a: Sigilyph|Psychic|p2a: Clefable
|-damage|p2a: Clefable|0 fnt
|faint|p2a: Clefable
|
|upkeep
|j| WymanRemembers
|
|switch|p2a: Dugtrio|Dugtrio, M|82/100
|turn|28
|
|switch|p1a: Golisopod|Golisopod, F|69/100
|move|p2a: Dugtrio|Stone Edge|p1a: Golisopod
|-supereffective|p1a: Golisopod
|-crit|p1a: Golisopod
|-damage|p1a: Golisopod|10/100
|-activate|p1a: Golisopod|ability: Emergency Exit
|j| RazorForce21
|
|switch|p1a: Obstagoon|Obstagoon, M|100/100
|
|-status|p1a: Obstagoon|brn|[from] item: Flame Orb
|upkeep
|turn|29
|
|switch|p2a: Seismitoad|Seismitoad, M|38/100
|move|p1a: Obstagoon|Facade|p2a: Seismitoad
|-damage|p2a: Seismitoad|0 fnt
|faint|p2a: Seismitoad
|
|-damage|p1a: Obstagoon|94/100 brn|[from] brn
|upkeep
|
|switch|p2a: Corviknight|Corviknight, M|63/100
|-ability|p2a: Corviknight|Pressure
|turn|30
|
|move|p1a: Obstagoon|Knock Off|p2a: Corviknight
|-damage|p2a: Corviknight|28/100
|-enditem|p2a: Corviknight|Leftovers|[from] move: Knock Off|[of] p1a: Obstagoon
|move|p2a: Corviknight|Roost|p2a: Corviknight
|-heal|p2a: Corviknight|78/100
|-singleturn|p2a: Corviknight|move: Roost
|
|-damage|p1a: Obstagoon|88/100 brn|[from] brn
|upkeep
|turn|31
|
|move|p1a: Obstagoon|Fire Punch|p2a: Corviknight
|-supereffective|p2a: Corviknight
|-damage|p2a: Corviknight|44/100
|move|p2a: Corviknight|U-turn|p1a: Obstagoon
|-supereffective|p1a: Obstagoon
|-damage|p1a: Obstagoon|58/100 brn
|
|switch|p2a: Dugtrio|Dugtrio, M|82/100|[from]move: U-turn
|
|-damage|p1a: Obstagoon|52/100 brn|[from] brn
|upkeep
|turn|32
|
|move|p2a: Dugtrio|Earthquake|p1a: Obstagoon
|-damage|p1a: Obstagoon|10/100 brn
|move|p1a: Obstagoon|Facade|p2a: Dugtrio
|-damage|p2a: Dugtrio|0 fnt
|faint|p2a: Dugtrio
|
|-damage|p1a: Obstagoon|4/100 brn|[from] brn
|upkeep
|
|switch|p2a: Kommo-o|Kommo-o, M|100/100
|turn|33
|
|move|p1a: Obstagoon|Facade|p2a: Kommo-o
|-damage|p2a: Kommo-o|14/100
|move|p2a: Kommo-o|Clangorous Soul||[still]
|-fail|p2a: Kommo-o
|
|-damage|p1a: Obstagoon|0 fnt|[from] brn
|faint|p1a: Obstagoon
|upkeep
|
|switch|p1a: Sigilyph|Sigilyph, F|97/100
|turn|34
|
|move|p1a: Sigilyph|Ice Beam|p2a: Kommo-o
|-supereffective|p2a: Kommo-o
|-damage|p2a: Kommo-o|0 fnt
|faint|p2a: Kommo-o
|
|upkeep
|-message|4funaccount forfeited.
|
|win|Clorox Man
|l|☆4funaccount
|j| Starplatinum01
|raw|Clorox Man's rating: 1813 &rarr; <strong>1835</strong><br />(+22 for winning)
|raw|4funaccount's rating: 1852 &rarr; <strong>1829</strong><br />(-23 for losing)
|l|☆Clorox Man
|c| Narada|Wow
|l| Narada
|l| Edwinvf
|l| Starplatinum01
|l| just 6-0 me fam
|j| Narada
|l| Narada
