|j|☆playeraccount
|j|☆4ojioret
|t:|1663050344
|gametype|singles
|player|p1|playeraccount|169|1172
|player|p2|4ojioret|265|1150
|teamsize|p1|6
|teamsize|p2|6
|gen|8
|tier|[Gen 8] OU
|rated|
|rule|Sleep Clause Mod: Limit one foe put to sleep
|rule|Species Clause: Limit one of each Pokémon
|rule|OHKO Clause: OHKO moves are banned
|rule|Evasion Items Clause: Evasion items are banned
|rule|Evasion Moves Clause: Evasion moves are banned
|rule|Endless Battle Clause: Forcing endless battles is banned
|rule|HP Percentage Mod: HP is shown in percentages
|rule|Dynamax Clause: You cannot dynamax
|clearpoke
|poke|p1|Tyranitar, M|
|poke|p1|Kartana|
|poke|p1|Nidoqueen, F|
|poke|p1|Corviknight, M|
|poke|p1|Victini|
|poke|p1|Druddigon, M|
|poke|p2|Bisharp, M|
|poke|p2|Zapdos-Galar|
|poke|p2|Milotic, M|
|poke|p2|Meowstic-F, F|
|poke|p2|Wigglytuff, F|
|poke|p2|Boltund, F|
|teampreview
|inactive|Battle timer is ON: inactive players will automatically lose when time's up. (requested by playeraccount)
|
|t:|1663050356
|start
|switch|p1a: Victini|Victini|100/100
|switch|p2a: Bisharp|Bisharp, M|100/100
|turn|1
|
|t:|1663050358
|move|p2a: Bisharp|Sucker Punch|p1a: Victini
|-supereffective|p1a: Victini
|-damage|p1a: Victini|32/100
|move|p1a: Victini|Final Gambit|p2a: Bisharp
|-damage|p2a: Bisharp|53/100
|faint|p1a: Victini
|
|upkeep
|
|t:|1663050361
|switch|p1a: Druddigon|Druddigon, M|100/100
|turn|2
|
|t:|1663050365
|move|p2a: Bisharp|Taunt|p1a: Druddigon
|-start|p1a: Druddigon|move: Taunt
|cant|p1a: Druddigon|move: Taunt|Stealth Rock
|
|upkeep
|turn|3
|
|t:|1663050369
|switch|p1a: Corviknight|Corviknight, M|100/100
|move|p2a: Bisharp|Stealth Rock|p1a: Corviknight
|-sidestart|p1: playeraccount|move: Stealth Rock
|
|upkeep
|turn|4
|
|t:|1663050373
|move|p2a: Bisharp|Taunt|p1a: Corviknight
|-start|p1a: Corviknight|move: Taunt
|cant|p1a: Corviknight|move: Taunt|Defog
|
|upkeep
|turn|5
|
|t:|1663050379
|switch|p2a: Boltund|Boltund, F|100/100
|move|p1a: Corviknight|Body Press|p2a: Boltund
|-damage|p2a: Boltund|51/100
|
|upkeep
|turn|6
|
|t:|1663050385
|switch|p2a: Milotic|Milotic, M|100/100
|switch|p1a: Druddigon|Druddigon, M|100/100
|-damage|p1a: Druddigon|88/100|[from] Stealth Rock
|
|upkeep
|turn|7
|
|t:|1663050388
|move|p2a: Milotic|Ice Beam|p1a: Druddigon
|-supereffective|p1a: Druddigon
|-damage|p1a: Druddigon|45/100
|move|p1a: Druddigon|Glare|p2a: Milotic
|-status|p2a: Milotic|par
|
|upkeep
|turn|8
|
|t:|1663050392
|move|p1a: Druddigon|Stealth Rock|p2a: Milotic
|-sidestart|p2: 4ojioret|move: Stealth Rock
|move|p2a: Milotic|Ice Beam|p1a: Druddigon
|-supereffective|p1a: Druddigon
|-damage|p1a: Druddigon|6/100
|
|upkeep
|turn|9
|
|t:|1663050395
|move|p1a: Druddigon|Sucker Punch|p2a: Milotic
|-damage|p2a: Milotic|79/100 par
|move|p2a: Milotic|Ice Beam|p1a: Druddigon
|-supereffective|p1a: Druddigon
|-damage|p1a: Druddigon|0 fnt
|faint|p1a: Druddigon
|
|upkeep
|
|t:|1663050403
|switch|p1a: Tyranitar|Tyranitar, M|100/100
|-damage|p1a: Tyranitar|88/100|[from] Stealth Rock
|-weather|Sandstorm|[from] ability: Sand Stream|[of] p1a: Tyranitar
|turn|10
|
|t:|1663050405
|move|p1a: Tyranitar|Dragon Dance|p1a: Tyranitar
|-boost|p1a: Tyranitar|atk|1
|-boost|p1a: Tyranitar|spe|1
|cant|p2a: Milotic|par
|
|-weather|Sandstorm|[upkeep]
|-damage|p2a: Milotic|73/100 par|[from] Sandstorm
|-heal|p1a: Tyranitar|94/100|[from] item: Leftovers
|upkeep
|turn|11
|
|t:|1663050408
|move|p1a: Tyranitar|Dragon Dance|p1a: Tyranitar
|-boost|p1a: Tyranitar|atk|1
|-boost|p1a: Tyranitar|spe|1
|cant|p2a: Milotic|par
|
|-weather|Sandstorm|[upkeep]
|-damage|p2a: Milotic|67/100 par|[from] Sandstorm
|-heal|p1a: Tyranitar|100/100|[from] item: Leftovers
|upkeep
|turn|12
|
|t:|1663050411
|move|p1a: Tyranitar|Dragon Dance|p1a: Tyranitar
|-boost|p1a: Tyranitar|atk|1
|-boost|p1a: Tyranitar|spe|1
|cant|p2a: Milotic|par
|
|-weather|Sandstorm|[upkeep]
|-damage|p2a: Milotic|61/100 par|[from] Sandstorm
|upkeep
|turn|13
|
|t:|1663050420
|move|p1a: Tyranitar|Crunch|p2a: Milotic
|-damage|p2a: Milotic|0 fnt
|faint|p2a: Milotic
|
|-weather|Sandstorm|[upkeep]
|upkeep
|
|t:|1663050423
|switch|p2a: Zapdos|Zapdos-Galar|100/100
|-damage|p2a: Zapdos|88/100|[from] Stealth Rock
|turn|14
|
|t:|1663050426
|move|p1a: Tyranitar|Rock Blast|p2a: Zapdos|[miss]
|-miss|p1a: Tyranitar|p2a: Zapdos
|move|p2a: Zapdos|Close Combat|p1a: Tyranitar
|-supereffective|p1a: Tyranitar
|-damage|p1a: Tyranitar|0 fnt
|-unboost|p2a: Zapdos|def|1
|-unboost|p2a: Zapdos|spd|1
|faint|p1a: Tyranitar
|
|-weather|none
|upkeep
|
|t:|1663050431
|switch|p1a: Nidoqueen|Nidoqueen, F, shiny|100/100
|-damage|p1a: Nidoqueen|94/100|[from] Stealth Rock
|turn|15
|
|t:|1663050436
|switch|p2a: Wigglytuff|Wigglytuff, F|100/100
|-damage|p2a: Wigglytuff|88/100|[from] Stealth Rock
|move|p1a: Nidoqueen|Ice Beam|p2a: Wigglytuff
|-damage|p2a: Wigglytuff|43/100
|
|upkeep
|turn|16
|-activate|p2a: Wigglytuff|item: Quick Claw
|
|t:|1663050442
|move|p2a: Wigglytuff|Hyper Voice|p1a: Nidoqueen
|-damage|p1a: Nidoqueen|48/100
|move|p1a: Nidoqueen|Ice Beam|p2a: Wigglytuff
|-crit|p2a: Wigglytuff
|-damage|p2a: Wigglytuff|0 fnt
|faint|p2a: Wigglytuff
|
|upkeep
|
|t:|1663050445
|switch|p2a: Bisharp|Bisharp, M|53/100
|-damage|p2a: Bisharp|47/100|[from] Stealth Rock
|turn|17
|
|t:|1663050450
|move|p2a: Bisharp|Sucker Punch|p1a: Nidoqueen
|-damage|p1a: Nidoqueen|7/100
|move|p1a: Nidoqueen|Flamethrower|p2a: Bisharp
|-supereffective|p2a: Bisharp
|-damage|p2a: Bisharp|0 fnt
|faint|p2a: Bisharp
|
|upkeep
|
|t:|1663050453
|switch|p2a: Boltund|Boltund, F|51/100
|-damage|p2a: Boltund|38/100|[from] Stealth Rock
|turn|18
|
|t:|1663050459
|move|p2a: Boltund|Snarl|p1a: Nidoqueen
|-damage|p1a: Nidoqueen|0 fnt
|faint|p1a: Nidoqueen
|
|upkeep
|
|t:|1663050463
|switch|p1a: Kartana|Kartana|100/100
|-damage|p1a: Kartana|94/100|[from] Stealth Rock
|turn|19
|
|t:|1663050466
|move|p2a: Boltund|Volt Switch|p1a: Kartana
|-resisted|p1a: Kartana
|-damage|p1a: Kartana|75/100
|
|t:|1663050467
|switch|p2a: Meowstic|Meowstic-F, F|100/100|[from]move: Volt Switch
|-damage|p2a: Meowstic|88/100|[from] Stealth Rock
|move|p1a: Kartana|Knock Off|p2a: Meowstic
|-supereffective|p2a: Meowstic
|-damage|p2a: Meowstic|0 fnt
|-enditem|p2a: Meowstic|Leftovers|[from] move: Knock Off|[of] p1a: Kartana
|faint|p2a: Meowstic
|-ability|p1a: Kartana|Beast Boost|boost
|-boost|p1a: Kartana|atk|1
|
|upkeep
|
|t:|1663050469
|switch|p2a: Zapdos|Zapdos-Galar|88/100
|-damage|p2a: Zapdos|76/100|[from] Stealth Rock
|turn|20
|
|t:|1663050482
|move|p2a: Zapdos|Close Combat|p1a: Kartana
|-supereffective|p1a: Kartana
|-damage|p1a: Kartana|0 fnt
|-unboost|p2a: Zapdos|def|1
|-unboost|p2a: Zapdos|spd|1
|faint|p1a: Kartana
|
|upkeep
|
|t:|1663050485
|switch|p1a: Corviknight|Corviknight, M|100/100
|-damage|p1a: Corviknight|88/100|[from] Stealth Rock
|turn|21
|
|t:|1663050487
|move|p2a: Zapdos|Close Combat|p1a: Corviknight
|-damage|p1a: Corviknight|52/100
|-unboost|p2a: Zapdos|def|1
|-unboost|p2a: Zapdos|spd|1
|move|p1a: Corviknight|Body Press|p2a: Zapdos
|-resisted|p2a: Zapdos
|-damage|p2a: Zapdos|43/100
|
|-heal|p1a: Corviknight|59/100|[from] item: Leftovers
|upkeep
|turn|22
|-message|playeraccount forfeited.
|
|win|4ojioret
|raw|playeraccount's rating: 1172 &rarr; <strong>1145</strong><br />(-27 for losing)
|raw|4ojioret's rating: 1150 &rarr; <strong>1177</strong><br />(+27 for winning)
|l|☆playeraccount
