|j|☆yvyxv
|j|☆trashsw
|player|p1|yvyxv|anabel|1502
|player|p2|trashsw|anabel|1446
|teamsize|p1|6
|teamsize|p2|6
|gametype|singles
|gen|8
|tier|[Gen 8] OU
|rated|
|clearpoke
|poke|p1|Urshifu, M|
|poke|p1|Dragapult, F|
|poke|p1|Mew|
|poke|p1|Clefable, M|
|poke|p1|Hippowdon, F|
|poke|p1|Skarmory, M|
|poke|p2|Urshifu, M|
|poke|p2|Toxapex, F|
|poke|p2|Dragapult, M|
|poke|p2|Magearna|
|poke|p2|Mandibuzz, F|
|poke|p2|Volcarona, M|
|rule|Sleep Clause Mod: Limit one foe put to sleep
|rule|Species Clause: Limit one of each Pokémon
|rule|OHKO Clause: OHKO moves are banned
|rule|Evasion Moves Clause: Evasion moves are banned
|rule|Endless Battle Clause: Forcing endless battles is banned
|rule|HP Percentage Mod: HP is shown in percentages
|rule|Dynamax Clause: You cannot dynamax
|teampreview
|inactive|Battle timer is ON: inactive players will automatically lose when time's up. (requested by yvyxv)
|
|start
|switch|p1a: Skarmory|Skarmory, M|100/100
|switch|p2a: Magearna|Magearna|100/100
|turn|1
|
|switch|p1a: Hippowdon|Hippowdon, F|100/100
|-weather|Sandstorm|[from] ability: Sand Stream|[of] p1a: Hippowdon
|move|p2a: Magearna|Ice Beam|p1a: Hippowdon
|-supereffective|p1a: Hippowdon
|-damage|p1a: Hippowdon|46/100
|
|-weather|Sandstorm|[upkeep]
|-heal|p1a: Hippowdon|52/100|[from] item: Leftovers
|upkeep
|turn|2
|
|switch|p1a: Clefable|Clefable, M|100/100
|move|p2a: Magearna|Volt Switch|p1a: Clefable
|-damage|p1a: Clefable|86/100
|
|switch|p2a: Toxapex|Toxapex, F|100/100|[from]move: Volt Switch
|
|-weather|Sandstorm|[upkeep]
|-damage|p2a: Toxapex|94/100|[from] Sandstorm
|-heal|p1a: Clefable|92/100|[from] item: Leftovers
|-heal|p2a: Toxapex|100/100|[from] item: Black Sludge
|upkeep
|turn|3
|
|move|p1a: Clefable|Wish|p1a: Clefable
|move|p2a: Toxapex|Toxic Spikes|p1a: Clefable
|-sidestart|p1: yvyxv|move: Toxic Spikes
|
|-weather|Sandstorm|[upkeep]
|-damage|p2a: Toxapex|94/100|[from] Sandstorm
|-heal|p1a: Clefable|98/100|[from] item: Leftovers
|-heal|p2a: Toxapex|100/100|[from] item: Black Sludge
|upkeep
|turn|4
|
|switch|p1a: Skarmory|Skarmory, M|100/100
|move|p2a: Toxapex|Scald|p1a: Skarmory
|-damage|p1a: Skarmory|78/100
|
|-weather|Sandstorm|[upkeep]
|-damage|p2a: Toxapex|94/100|[from] Sandstorm
|-heal|p1a: Skarmory|100/100|[from] move: Wish|[wisher] Clefable
|-heal|p2a: Toxapex|100/100|[from] item: Black Sludge
|upkeep
|turn|5
|
|move|p1a: Skarmory|Defog|p2a: Toxapex
|-unboost|p2a: Toxapex|evasion|1
|-sideend|p1: yvyxv|Toxic Spikes|[from] move: Defog|[of] p1a: Skarmory
|move|p2a: Toxapex|Knock Off|p1a: Skarmory
|-damage|p1a: Skarmory|92/100
|-enditem|p1a: Skarmory|Shed Shell|[from] move: Knock Off|[of] p2a: Toxapex
|
|-weather|none
|upkeep
|turn|6
|
|move|p1a: Skarmory|Spikes|p2a: Toxapex
|-sidestart|p2: trashsw|Spikes
|move|p2a: Toxapex|Toxic Spikes|p1a: Skarmory
|-sidestart|p1: yvyxv|move: Toxic Spikes
|
|upkeep
|turn|7
|
|move|p1a: Skarmory|Spikes|p2a: Toxapex
|-sidestart|p2: trashsw|Spikes
|move|p2a: Toxapex|Scald|p1a: Skarmory
|-damage|p1a: Skarmory|70/100
|-status|p1a: Skarmory|brn
|
|-damage|p1a: Skarmory|64/100 brn|[from] brn
|upkeep
|turn|8
|
|switch|p2a: Magearna|Magearna|100/100
|-damage|p2a: Magearna|84/100|[from] Spikes
|move|p1a: Skarmory|Spikes|p2a: Magearna
|-sidestart|p2: trashsw|Spikes
|
|-damage|p1a: Skarmory|58/100 brn|[from] brn
|upkeep
|turn|9
|
|move|p1a: Skarmory|Roost|p1a: Skarmory
|-heal|p1a: Skarmory|100/100 brn
|-singleturn|p1a: Skarmory|move: Roost
|move|p2a: Magearna|Ice Beam|p1a: Skarmory
|-resisted|p1a: Skarmory
|-damage|p1a: Skarmory|81/100 brn
|
|-damage|p1a: Skarmory|75/100 brn|[from] brn
|upkeep
|turn|10
|
|move|p1a: Skarmory|Roost|p1a: Skarmory
|-heal|p1a: Skarmory|100/100 brn
|-singleturn|p1a: Skarmory|move: Roost
|move|p2a: Magearna|Volt Switch|p1a: Skarmory
|-damage|p1a: Skarmory|72/100 brn
|
|switch|p2a: Volcarona|Volcarona, M|100/100|[from]move: Volt Switch
|
|-damage|p1a: Skarmory|66/100 brn|[from] brn
|upkeep
|turn|11
|
|switch|p2a: Mandibuzz|Mandibuzz, F|100/100
|switch|p1a: Urshifu|Urshifu, M|100/100
|-status|p1a: Urshifu|psn
|
|-damage|p1a: Urshifu|88/100 psn|[from] psn
|upkeep
|turn|12
|
|move|p1a: Urshifu|Close Combat|p2a: Mandibuzz
|-damage|p2a: Mandibuzz|40/100
|-unboost|p1a: Urshifu|def|1
|-unboost|p1a: Urshifu|spd|1
|move|p2a: Mandibuzz|Defog|p1a: Urshifu
|-unboost|p1a: Urshifu|evasion|1
|-sideend|p1: yvyxv|Toxic Spikes|[from] move: Defog|[of] p2a: Mandibuzz
|-sideend|p2: trashsw|Spikes|[from] move: Defog|[of] p2a: Mandibuzz
|
|-damage|p1a: Urshifu|76/100 psn|[from] psn
|upkeep
|turn|13
|
|switch|p1a: Clefable|Clefable, M|98/100
|switch|p2a: Dragapult|Dragapult, M|100/100
|
|-heal|p1a: Clefable|100/100|[from] item: Leftovers
|upkeep
|turn|14
|
|move|p2a: Dragapult|Thunder Wave|p1a: Clefable
|-status|p1a: Clefable|par
|move|p1a: Clefable|Wish|p1a: Clefable
|
|upkeep
|turn|15
|
|switch|p2a: Toxapex|Toxapex, F|100/100
|move|p1a: Clefable|Teleport|p1a: Clefable
|
|switch|p1a: Hippowdon|Hippowdon, F|52/100|[from]move: Teleport
|-weather|Sandstorm|[from] ability: Sand Stream|[of] p1a: Hippowdon
|
|-weather|Sandstorm|[upkeep]
|-damage|p2a: Toxapex|94/100|[from] Sandstorm
|-heal|p1a: Hippowdon|99/100|[from] move: Wish|[wisher] Clefable
|-heal|p1a: Hippowdon|100/100|[from] item: Leftovers
|-heal|p2a: Toxapex|100/100|[from] item: Black Sludge
|upkeep
|turn|16
|
|switch|p2a: Mandibuzz|Mandibuzz, F|40/100
|move|p1a: Hippowdon|Stealth Rock|p2a: Mandibuzz
|-sidestart|p2: trashsw|move: Stealth Rock
|
|-weather|Sandstorm|[upkeep]
|upkeep
|turn|17
|
|move|p2a: Mandibuzz|Roost|p2a: Mandibuzz
|-heal|p2a: Mandibuzz|90/100
|-singleturn|p2a: Mandibuzz|move: Roost
|move|p1a: Hippowdon|Whirlwind|p2a: Mandibuzz
|drag|p2a: Toxapex|Toxapex, F|100/100
|-damage|p2a: Toxapex|88/100|[from] Stealth Rock
|
|-weather|Sandstorm|[upkeep]
|-damage|p2a: Toxapex|82/100|[from] Sandstorm
|-heal|p2a: Toxapex|88/100|[from] item: Black Sludge
|upkeep
|turn|18
|
|switch|p2a: Mandibuzz|Mandibuzz, F|90/100
|move|p1a: Hippowdon|Earthquake|p2a: Mandibuzz
|-immune|p2a: Mandibuzz
|
|-weather|Sandstorm|[upkeep]
|upkeep
|turn|19
|
|switch|p1a: Mew|Mew|100/100
|move|p2a: Mandibuzz|Defog|p1a: Mew
|-unboost|p1a: Mew|evasion|1
|-sideend|p2: trashsw|Stealth Rock|[from] move: Defog|[of] p2a: Mandibuzz
|
|-weather|none
|upkeep
|turn|20
|
|move|p1a: Mew|Cosmic Power|p1a: Mew
|-boost|p1a: Mew|def|1
|-boost|p1a: Mew|spd|1
|move|p2a: Mandibuzz|U-turn|p1a: Mew
|-supereffective|p1a: Mew
|-damage|p1a: Mew|91/100
|
|switch|p2a: no rest|Urshifu, M|100/100|[from]move: U-turn
|
|-heal|p1a: Mew|97/100|[from] item: Leftovers
|upkeep
|turn|21
|
|switch|p2a: Magearna|Magearna|84/100
|switch|p1a: Clefable|Clefable, M|100/100 par
|
|upkeep
|turn|22
|
|switch|p1a: Hippowdon|Hippowdon, F|100/100
|-weather|Sandstorm|[from] ability: Sand Stream|[of] p1a: Hippowdon
|move|p2a: Magearna|Iron Head|p1a: Hippowdon
|-damage|p1a: Hippowdon|86/100
|
|-weather|Sandstorm|[upkeep]
|-heal|p1a: Hippowdon|92/100|[from] item: Leftovers
|upkeep
|turn|23
|
|switch|p2a: Mandibuzz|Mandibuzz, F|90/100
|move|p1a: Hippowdon|Stealth Rock|p2a: Mandibuzz
|-sidestart|p2: trashsw|move: Stealth Rock
|
|-weather|Sandstorm|[upkeep]
|-heal|p1a: Hippowdon|98/100|[from] item: Leftovers
|upkeep
|turn|24
|
|switch|p1a: Mew|Mew|97/100
|move|p2a: Mandibuzz|Defog|p1a: Mew
|-unboost|p1a: Mew|evasion|1
|-sideend|p2: trashsw|Stealth Rock|[from] move: Defog|[of] p2a: Mandibuzz
|
|-weather|Sandstorm|[upkeep]
|-damage|p1a: Mew|91/100|[from] Sandstorm
|-heal|p1a: Mew|97/100|[from] item: Leftovers
|upkeep
|turn|25
|
|move|p1a: Mew|Cosmic Power|p1a: Mew
|-boost|p1a: Mew|def|1
|-boost|p1a: Mew|spd|1
|move|p2a: Mandibuzz|U-turn|p1a: Mew
|-supereffective|p1a: Mew
|-damage|p1a: Mew|88/100
|
|switch|p2a: no rest|Urshifu, M|100/100|[from]move: U-turn
|
|-weather|Sandstorm|[upkeep]
|-damage|p2a: no rest|94/100|[from] Sandstorm
|-damage|p1a: Mew|81/100|[from] Sandstorm
|-heal|p1a: Mew|88/100|[from] item: Leftovers
|upkeep
|turn|26
|
|move|p2a: no rest|Poison Jab|p1a: Mew
|-damage|p1a: Mew|68/100
|move|p1a: Mew|Body Press|p2a: no rest
|-supereffective|p2a: no rest
|-damage|p2a: no rest|20/100
|
|-weather|none
|-heal|p1a: Mew|74/100|[from] item: Leftovers
|upkeep
|turn|27
|
|switch|p2a: Dragapult|Dragapult, M|100/100
|move|p1a: Mew|Cosmic Power|p1a: Mew
|-boost|p1a: Mew|def|1
|-boost|p1a: Mew|spd|1
|
|-heal|p1a: Mew|80/100|[from] item: Leftovers
|upkeep
|turn|28
|
|move|p2a: Dragapult|Thunder Wave|p1a: Mew
|-status|p1a: Mew|par
|-activate|p1a: Mew|ability: Synchronize
|-status|p2a: Dragapult|par
|move|p1a: Mew|Roost|p1a: Mew
|-heal|p1a: Mew|100/100 par
|-singleturn|p1a: Mew|move: Roost
|
|upkeep
|turn|29
|
|switch|p2a: Mandibuzz|Mandibuzz, F|90/100
|move|p1a: Mew|Stored Power|p2a: Mandibuzz
|-immune|p2a: Mandibuzz
|
|upkeep
|turn|30
|
|move|p2a: Mandibuzz|Foul Play|p1a: Mew
|-supereffective|p1a: Mew
|-damage|p1a: Mew|81/100 par
|move|p1a: Mew|Cosmic Power|p1a: Mew
|-boost|p1a: Mew|def|1
|-boost|p1a: Mew|spd|1
|
|-heal|p1a: Mew|88/100 par|[from] item: Leftovers
|upkeep
|turn|31
|
|move|p2a: Mandibuzz|U-turn|p1a: Mew
|-supereffective|p1a: Mew
|-damage|p1a: Mew|82/100 par
|
|switch|p2a: Dragapult|Dragapult, M|100/100 par|[from]move: U-turn
|cant|p1a: Mew|par
|
|-heal|p1a: Mew|88/100 par|[from] item: Leftovers
|upkeep
|turn|32
|
|move|p2a: Dragapult|Hex|p1a: Mew
|-supereffective|p1a: Mew
|-damage|p1a: Mew|16/100 par
|move|p1a: Mew|Stored Power|p2a: Dragapult
|-damage|p2a: Dragapult|35/100 par
|
|-heal|p1a: Mew|22/100 par|[from] item: Leftovers
|upkeep
|turn|33
|
|cant|p2a: Dragapult|par
|move|p1a: Mew|Stored Power|p2a: Dragapult
|-damage|p2a: Dragapult|0 fnt
|faint|p2a: Dragapult
|
|-heal|p1a: Mew|29/100 par|[from] item: Leftovers
|upkeep
|
|switch|p2a: no rest|Urshifu, M|20/100
|turn|34
|
|switch|p1a: Clefable|Clefable, M|100/100 par
|move|p2a: no rest|Wicked Blow|p1a: Clefable
|-resisted|p1a: Clefable
|-crit|p1a: Clefable
|-damage|p1a: Clefable|45/100 par
|
|-heal|p1a: Clefable|51/100 par|[from] item: Leftovers
|upkeep
|turn|35
|
|move|p2a: no rest|Wicked Blow|p1a: Clefable
|-resisted|p1a: Clefable
|-crit|p1a: Clefable
|-damage|p1a: Clefable|1/100 par
|cant|p1a: Clefable|par
|
|-heal|p1a: Clefable|7/100 par|[from] item: Leftovers
|upkeep
|turn|36
|
|move|p2a: no rest|Wicked Blow|p1a: Clefable
|-resisted|p1a: Clefable
|-crit|p1a: Clefable
|-damage|p1a: Clefable|0 fnt
|faint|p1a: Clefable
|
|upkeep
|
|switch|p1a: Urshifu|Urshifu, M|76/100 psn
|turn|37
|
|switch|p2a: Toxapex|Toxapex, F|100/100
|move|p1a: Urshifu|Close Combat|p2a: Toxapex
|-resisted|p2a: Toxapex
|-damage|p2a: Toxapex|72/100
|-unboost|p1a: Urshifu|def|1
|-unboost|p1a: Urshifu|spd|1
|
|-heal|p2a: Toxapex|78/100|[from] item: Black Sludge
|-damage|p1a: Urshifu|64/100 psn|[from] psn
|upkeep
|turn|38
|
|switch|p1a: Mew|Mew|29/100 par
|move|p2a: Toxapex|Toxic Spikes|p1a: Mew
|-sidestart|p1: yvyxv|move: Toxic Spikes
|
|-heal|p1a: Mew|35/100 par|[from] item: Leftovers
|-heal|p2a: Toxapex|85/100|[from] item: Black Sludge
|upkeep
|turn|39
|
|switch|p2a: Volcarona|Volcarona, M|100/100
|move|p1a: Mew|Roost|p1a: Mew
|-heal|p1a: Mew|85/100 par
|-singleturn|p1a: Mew|move: Roost
|
|-heal|p1a: Mew|91/100 par|[from] item: Leftovers
|upkeep
|turn|40
|
|switch|p1a: Hippowdon|Hippowdon, F|98/100
|-status|p1a: Hippowdon|psn
|-weather|Sandstorm|[from] ability: Sand Stream|[of] p1a: Hippowdon
|move|p2a: Volcarona|Quiver Dance|p2a: Volcarona
|-boost|p2a: Volcarona|spa|1
|-boost|p2a: Volcarona|spd|1
|-boost|p2a: Volcarona|spe|1
|
|-weather|Sandstorm|[upkeep]
|-damage|p2a: Volcarona|94/100|[from] Sandstorm
|-heal|p1a: Hippowdon|100/100 psn|[from] item: Leftovers
|-damage|p1a: Hippowdon|88/100 psn|[from] psn
|upkeep
|turn|41
|
|move|p2a: Volcarona|Bug Buzz|p1a: Hippowdon
|-damage|p1a: Hippowdon|29/100 psn
|move|p1a: Hippowdon|Whirlwind|p2a: Volcarona
|drag|p2a: Mandibuzz|Mandibuzz, F|90/100
|
|-weather|Sandstorm|[upkeep]
|-heal|p1a: Hippowdon|35/100 psn|[from] item: Leftovers
|-damage|p1a: Hippowdon|22/100 psn|[from] psn
|upkeep
|turn|42
|
|move|p2a: Mandibuzz|Foul Play|p1a: Hippowdon
|-damage|p1a: Hippowdon|0 fnt
|faint|p1a: Hippowdon
|
|-weather|Sandstorm|[upkeep]
|upkeep
|-message|yvyxv forfeited.
|
|win|trashsw
|l|☆yvyxv
|raw|yvyxv's rating: 1502 &rarr; <strong>1479</strong><br />(-23 for losing)
|raw|trashsw's rating: 1446 &rarr; <strong>1470</strong><br />(+24 for winning)
