|j|☆hadahada
|j|☆minimax_ai
|t:|1663076745
|gametype|singles
|player|p1|hadahada|gentleman-gen4dp|1506
|player|p2|minimax_ai|lusamine-nihilego|1472
|teamsize|p1|6
|teamsize|p2|6
|gen|8
|tier|[Gen 8] OU
|rated|
|rule|Sleep Clause Mod: Limit one foe put to sleep
|rule|Species Clause: Limit one of each Pokémon
|rule|OHKO Clause: OHKO moves are banned
|rule|Evasion Items Clause: Evasion items are banned
|rule|Evasion Moves Clause: Evasion moves are banned
|rule|Endless Battle Clause: Forcing endless battles is banned
|rule|HP Percentage Mod: HP is shown in percentages
|rule|Dynamax Clause: You cannot dynamax
|clearpoke
|poke|p1|Heatran, M|
|poke|p1|Obstagoon, M|
|poke|p1|Rillaboom, F|
|poke|p1|Swampert, M|
|poke|p1|Tapu Fini|
|poke|p1|Zapdos|
|poke|p2|Rotom-Wash|
|poke|p2|Weavile, F|
|poke|p2|Landorus-Therian, M|
|poke|p2|Heatran, M|
|poke|p2|Tangrowth, M|
|poke|p2|Melmetal|
|teampreview
|c|☆minimax_ai|hf
|inactive|Battle timer is ON: inactive players will automatically lose when time's up. (requested by minimax_ai)
|
|t:|1663076760
|start
|switch|p1a: Swampert|Swampert, M|100/100
|switch|p2a: Weavile|Weavile, F|100/100
|-ability|p2a: Weavile|Pressure
|turn|1
|
|t:|1663076764
|move|p2a: Weavile|Knock Off|p1a: Swampert
|-damage|p1a: Swampert|30/100
|-enditem|p1a: Swampert|Leftovers|[from] move: Knock Off|[of] p2a: Weavile
|move|p1a: Swampert|Flip Turn|p2a: Weavile
|-damage|p2a: Weavile|60/100
|
|t:|1663076768
|switch|p1a: Heatran|Heatran, M|100/100|[from]move: Flip Turn
|
|upkeep
|turn|2
|
|t:|1663076769
|move|p1a: Heatran|Flash Cannon|p2a: Weavile
|-supereffective|p2a: Weavile
|-damage|p2a: Weavile|0 fnt
|faint|p2a: Weavile
|
|upkeep
|
|t:|1663076769
|switch|p2a: Heatran|Heatran, M|100/100
|-item|p2a: Heatran|Air Balloon
|turn|3
|
|t:|1663076774
|switch|p1a: Zapdos|Zapdos|100/100
|move|p2a: Heatran|Stealth Rock|p1a: Zapdos
|-sidestart|p1: hadahada|move: Stealth Rock
|
|upkeep
|turn|4
|
|t:|1663076777
|move|p2a: Heatran|Eruption|p1a: Zapdos
|-damage|p1a: Zapdos|23/100
|move|p1a: Zapdos|Defog|p2a: Heatran
|-unboost|p2a: Heatran|evasion|1
|-sideend|p1: hadahada|Stealth Rock|[from] move: Defog|[of] p1a: Zapdos
|
|upkeep
|turn|5
|
|t:|1663076783
|switch|p1a: Tapu Fini|Tapu Fini|100/100
|-fieldstart|move: Misty Terrain|[from] ability: Misty Surge|[of] p1a: Tapu Fini
|move|p2a: Heatran|Eruption|p1a: Tapu Fini
|-resisted|p1a: Tapu Fini
|-damage|p1a: Tapu Fini|68/100
|
|-heal|p1a: Tapu Fini|74/100|[from] item: Leftovers
|upkeep
|turn|6
|
|t:|1663076785
|move|p2a: Heatran|Stealth Rock|p1a: Tapu Fini
|-sidestart|p1: hadahada|move: Stealth Rock
|move|p1a: Tapu Fini|Scald|p2a: Heatran
|-supereffective|p2a: Heatran
|-damage|p2a: Heatran|48/100
|-enditem|p2a: Heatran|Air Balloon
|
|-heal|p1a: Tapu Fini|80/100|[from] item: Leftovers
|upkeep
|turn|7
|
|t:|1663076789
|switch|p2a: Melmetal|Melmetal|100/100
|move|p1a: Tapu Fini|Scald|p2a: Melmetal
|-damage|p2a: Melmetal|85/100
|
|-heal|p1a: Tapu Fini|87/100|[from] item: Leftovers
|upkeep
|turn|8
|
|t:|1663076795
|switch|p1a: Swampert|Swampert, M|30/100
|-damage|p1a: Swampert|24/100|[from] Stealth Rock
|move|p2a: Melmetal|Double Iron Bash|p1a: Swampert
|-resisted|p1a: Swampert
|-damage|p1a: Swampert|4/100
|-resisted|p1a: Swampert
|-damage|p1a: Swampert|0 fnt
|faint|p1a: Swampert
|-hitcount|p1: Swampert|2
|
|upkeep
|
|t:|1663076797
|switch|p1a: Zapdos|Zapdos|23/100
|turn|9
|
|t:|1663076798
|move|p1a: Zapdos|Defog|p2a: Melmetal
|-unboost|p2a: Melmetal|evasion|1
|-sideend|p1: hadahada|Stealth Rock|[from] move: Defog|[of] p1a: Zapdos
|-fieldend|Misty Terrain
|move|p2a: Melmetal|Double Iron Bash|p1a: Zapdos
|-resisted|p1a: Zapdos
|-damage|p1a: Zapdos|8/100
|-resisted|p1a: Zapdos
|-damage|p1a: Zapdos|0 fnt
|faint|p1a: Zapdos
|-hitcount|p1: Zapdos|2
|
|upkeep
|
|t:|1663076802
|switch|p1a: Heatran|Heatran, M|100/100
|turn|10
|
|t:|1663076803
|switch|p2a: rotomwash|Rotom-Wash|100/100
|move|p1a: Heatran|Earth Power|p2a: rotomwash
|-immune|p2a: rotomwash|[from] ability: Levitate
|
|upkeep
|turn|11
|
|t:|1663076807
|switch|p1a: Rillaboom|Rillaboom, F|100/100
|-fieldstart|move: Grassy Terrain|[from] ability: Grassy Surge|[of] p1a: Rillaboom
|move|p2a: rotomwash|Thunderbolt|p1a: Rillaboom
|-resisted|p1a: Rillaboom
|-damage|p1a: Rillaboom|77/100
|
|-heal|p1a: Rillaboom|83/100|[from] Grassy Terrain
|upkeep
|turn|12
|
|t:|1663076813
|switch|p2a: Tangrowth|Tangrowth, M|100/100
|move|p1a: Rillaboom|U-turn|p2a: Tangrowth
|-supereffective|p2a: Tangrowth
|-damage|p2a: Tangrowth|61/100
|-damage|p1a: Rillaboom|67/100|[from] item: Rocky Helmet|[of] p2a: Tangrowth
|
|t:|1663076815
|switch|p1a: Heatran|Heatran, M|100/100|[from]move: U-turn
|
|-heal|p2a: Tangrowth|68/100|[from] Grassy Terrain
|upkeep
|turn|13
|
|t:|1663076822
|switch|p1a: Obstagoon|Obstagoon, M|100/100
|switch|p2a: rotomwash|Rotom-Wash|100/100
|
|-status|p1a: Obstagoon|brn|[from] item: Flame Orb
|upkeep
|turn|14
|
|t:|1663076824
|move|p1a: Obstagoon|Facade|p2a: rotomwash
|-damage|p2a: rotomwash|15/100
|move|p2a: rotomwash|Pain Split|p1a: Obstagoon
|-sethp|p1a: Obstagoon|57/100 brn|[from] move: Pain Split|[silent]
|-sethp|p2a: rotomwash|62/100|[from] move: Pain Split
|
|-heal|p1a: Obstagoon|63/100 brn|[from] Grassy Terrain
|-heal|p2a: rotomwash|68/100|[from] item: Leftovers
|-damage|p1a: Obstagoon|57/100 brn|[from] brn
|upkeep
|turn|15
|
|t:|1663076832
|switch|p2a: landorustherian|Landorus-Therian, M|100/100
|-ability|p2a: landorustherian|Intimidate|boost
|-unboost|p1a: Obstagoon|atk|1
|move|p1a: Obstagoon|Knock Off|p2a: landorustherian
|-damage|p2a: landorustherian|64/100
|-enditem|p2a: landorustherian|Leftovers|[from] move: Knock Off|[of] p1a: Obstagoon
|
|-heal|p1a: Obstagoon|63/100 brn|[from] Grassy Terrain
|-damage|p1a: Obstagoon|57/100 brn|[from] brn
|-fieldend|move: Grassy Terrain
|upkeep
|turn|16
|
|t:|1663076835
|move|p1a: Obstagoon|Facade|p2a: landorustherian
|-damage|p2a: landorustherian|13/100
|move|p2a: landorustherian|Earthquake|p1a: Obstagoon
|-damage|p1a: Obstagoon|4/100 brn
|
|-damage|p1a: Obstagoon|0 fnt|[from] brn
|faint|p1a: Obstagoon
|upkeep
|
|t:|1663076842
|switch|p1a: Heatran|Heatran, M|100/100
|turn|17
|
|t:|1663076849
|move|p1a: Heatran|Earth Power|p2a: landorustherian
|-immune|p2a: landorustherian
|move|p2a: landorustherian|Defog|p1a: Heatran
|-unboost|p1a: Heatran|evasion|1
|
|upkeep
|turn|18
|
|t:|1663076853
|switch|p1a: Tapu Fini|Tapu Fini|87/100
|-fieldstart|move: Misty Terrain|[from] ability: Misty Surge|[of] p1a: Tapu Fini
|move|p2a: landorustherian|U-turn|p1a: Tapu Fini
|-resisted|p1a: Tapu Fini
|-damage|p1a: Tapu Fini|79/100
|
|t:|1663076853
|switch|p2a: Melmetal|Melmetal|85/100|[from]move: U-turn
|
|-heal|p1a: Tapu Fini|85/100|[from] item: Leftovers
|upkeep
|turn|19
|
|t:|1663076856
|move|p1a: Tapu Fini|Taunt|p2a: Melmetal
|-start|p2a: Melmetal|move: Taunt
|move|p2a: Melmetal|Earthquake|p1a: Tapu Fini
|-damage|p1a: Tapu Fini|61/100
|
|-heal|p1a: Tapu Fini|68/100|[from] item: Leftovers
|upkeep
|turn|20
|
|t:|1663076858
|move|p1a: Tapu Fini|Scald|p2a: Melmetal
|-damage|p2a: Melmetal|71/100
|move|p2a: Melmetal|Earthquake|p1a: Tapu Fini
|-damage|p1a: Tapu Fini|43/100
|
|-heal|p1a: Tapu Fini|49/100|[from] item: Leftovers
|upkeep
|turn|21
|
|t:|1663076861
|move|p1a: Tapu Fini|Scald|p2a: Melmetal
|-damage|p2a: Melmetal|57/100
|move|p2a: Melmetal|Earthquake|p1a: Tapu Fini
|-damage|p1a: Tapu Fini|24/100
|
|-heal|p1a: Tapu Fini|30/100|[from] item: Leftovers
|-end|p2a: Melmetal|move: Taunt
|upkeep
|turn|22
|
|t:|1663076863
|move|p1a: Tapu Fini|Calm Mind|p1a: Tapu Fini
|-boost|p1a: Tapu Fini|spa|1
|-boost|p1a: Tapu Fini|spd|1
|move|p2a: Melmetal|Earthquake|p1a: Tapu Fini
|-damage|p1a: Tapu Fini|4/100
|
|-heal|p1a: Tapu Fini|10/100|[from] item: Leftovers
|-fieldend|Misty Terrain
|upkeep
|turn|23
|
|t:|1663076866
|move|p1a: Tapu Fini|Scald|p2a: Melmetal
|-damage|p2a: Melmetal|37/100
|move|p2a: Melmetal|Earthquake|p1a: Tapu Fini
|-damage|p1a: Tapu Fini|0 fnt
|faint|p1a: Tapu Fini
|
|upkeep
|
|t:|1663076868
|switch|p1a: Heatran|Heatran, M|100/100
|turn|24
|
|t:|1663076869
|switch|p2a: landorustherian|Landorus-Therian, M|13/100
|-ability|p2a: landorustherian|Intimidate|boost
|-unboost|p1a: Heatran|atk|1
|move|p1a: Heatran|Eruption|p2a: landorustherian
|-damage|p2a: landorustherian|0 fnt
|faint|p2a: landorustherian
|
|upkeep
|
|t:|1663076869
|switch|p2a: Heatran|Heatran, M|48/100
|turn|25
|
|t:|1663076873
|move|p1a: Heatran|Eruption|p2a: Heatran
|-start|p2a: Heatran|ability: Flash Fire
|move|p2a: Heatran|Magma Storm|p1a: Heatran
|-start|p1a: Heatran|ability: Flash Fire
|
|upkeep
|turn|26
|
|t:|1663076876
|move|p1a: Heatran|Eruption|p2a: Heatran
|-immune|p2a: Heatran|[from] ability: Flash Fire
|move|p2a: Heatran|Magma Storm|p1a: Heatran
|-immune|p1a: Heatran|[from] ability: Flash Fire
|
|upkeep
|turn|27
|-message|hadahada forfeited.
|
|win|minimax_ai
|raw|hadahada's rating: 1506 &rarr; <strong>1484</strong><br />(-22 for losing)
|raw|minimax_ai's rating: 1472 &rarr; <strong>1494</strong><br />(+22 for winning)
|c|☆minimax_ai|gg
|l|☆hadahada
