|j|‽Francis999
|j|☆PQPP214
|t:|1649126687
|gametype|singles
|player|p1|Francis999|rancher|1487
|player|p2|PQPP214|266|1521
|teamsize|p1|6
|teamsize|p2|6
|gen|8
|tier|[Gen 8] OU
|rated|
|rule|Sleep Clause Mod: Limit one foe put to sleep
|rule|Species Clause: Limit one of each Pokémon
|rule|OHKO Clause: OHKO moves are banned
|rule|Evasion Moves Clause: Evasion moves are banned
|rule|Endless Battle Clause: Forcing endless battles is banned
|rule|HP Percentage Mod: HP is shown in percentages
|rule|Dynamax Clause: You cannot dynamax
|clearpoke
|poke|p1|Hydreigon, F|
|poke|p1|Melmetal|
|poke|p1|Clefable, F|
|poke|p1|Tapu Lele|
|poke|p1|Heatran, M|
|poke|p1|Tapu Koko|
|poke|p2|Garchomp, M|
|poke|p2|Blaziken, M|
|poke|p2|Heatran, M|
|poke|p2|Dragapult, M|
|poke|p2|Ninetales-Alola, M|
|poke|p2|Arctozolt|
|teampreview
|inactive|Battle timer is ON: inactive players will automatically lose when time's up. (requested by PQPP214)
|
|t:|1649126699
|start
|switch|p1a: Clefable|Clefable, F|100/100
|switch|p2a: Heatran|Heatran, M|100/100
|-item|p2a: Heatran|Air Balloon
|turn|1
|
|t:|1649126706
|move|p2a: Heatran|Taunt|p1a: Clefable
|-start|p1a: Clefable|move: Taunt
|cant|p1a: Clefable|move: Taunt|Trick
|
|upkeep
|turn|2
|
|t:|1649126714
|switch|p1a: Hydreigon|Hydreigon, F|100/100
|move|p2a: Heatran|Stealth Rock|p1a: Hydreigon
|-sidestart|p1: Francis999|move: Stealth Rock
|
|upkeep
|turn|3
|
|t:|1649126724
|switch|p2a: Ninetales|Ninetales-Alola, M|100/100
|-weather|Hail|[from] ability: Snow Warning|[of] p2a: Ninetales
|move|p1a: Hydreigon|Dark Pulse|p2a: Ninetales
|-resisted|p2a: Ninetales
|-damage|p2a: Ninetales|82/100
|
|-weather|Hail|[upkeep]
|-damage|p1a: Hydreigon|94/100|[from] Hail
|-heal|p1a: Hydreigon|100/100|[from] item: Leftovers
|upkeep
|turn|4
|
|t:|1649126737
|switch|p1a: Clefable|Clefable, F|100/100
|move|p2a: Ninetales|Hypnosis|p1a: Clefable
|-status|p1a: Clefable|slp|[from] move: Hypnosis
|
|-weather|Hail|[upkeep]
|upkeep
|turn|5
|
|t:|1649126742
|switch|p2a: Arctozolt|Arctozolt|100/100
|cant|p1a: Clefable|slp
|
|-weather|Hail|[upkeep]
|upkeep
|turn|6
|
|t:|1649126749
|move|p2a: Arctozolt|Bolt Beak|p1a: Clefable
|-damage|p1a: Clefable|46/100 slp
|-curestatus|p1a: Clefable|slp|[msg]
|move|p1a: Clefable|Stealth Rock|p2a: Arctozolt
|-sidestart|p2: PQPP214|move: Stealth Rock
|
|-weather|Hail|[upkeep]
|upkeep
|turn|7
|
|t:|1649126758
|switch|p1a: Melmetal|Melmetal|100/100
|-damage|p1a: Melmetal|94/100|[from] Stealth Rock
|move|p2a: Arctozolt|Bolt Beak|p1a: Melmetal
|-damage|p1a: Melmetal|56/100
|
|-weather|Hail|[upkeep]
|-damage|p1a: Melmetal|50/100|[from] Hail
|upkeep
|turn|8
|
|t:|1649126771
|switch|p2a: Heatran|Heatran, M|100/100
|-damage|p2a: Heatran|88/100|[from] Stealth Rock
|-item|p2a: Heatran|Air Balloon
|move|p1a: Melmetal|Earthquake|p2a: Heatran
|-immune|p2a: Heatran
|
|-weather|Hail|[upkeep]
|-damage|p2a: Heatran|82/100|[from] Hail
|-damage|p1a: Melmetal|44/100|[from] Hail
|upkeep
|turn|9
|
|t:|1649126779
|switch|p1a: Hydreigon|Hydreigon, F|100/100
|-damage|p1a: Hydreigon|88/100|[from] Stealth Rock
|move|p2a: Heatran|Magma Storm|p1a: Hydreigon
|-resisted|p1a: Hydreigon
|-damage|p1a: Hydreigon|61/100
|-activate|p1a: Hydreigon|move: Magma Storm|[of] p2a: Heatran
|
|-weather|Hail|[upkeep]
|-damage|p2a: Heatran|76/100|[from] Hail
|-damage|p1a: Hydreigon|55/100|[from] Hail
|-heal|p1a: Hydreigon|61/100|[from] item: Leftovers
|-damage|p1a: Hydreigon|49/100|[from] move: Magma Storm|[partiallytrapped]
|upkeep
|turn|10
|
|t:|1649126806
|move|p2a: Heatran|Taunt|p1a: Hydreigon
|-start|p1a: Hydreigon|move: Taunt
|cant|p1a: Hydreigon|move: Taunt|Roost
|
|-weather|none
|-heal|p1a: Hydreigon|55/100|[from] item: Leftovers
|-damage|p1a: Hydreigon|43/100|[from] move: Magma Storm|[partiallytrapped]
|upkeep
|turn|11
|
|t:|1649126815
|move|p2a: Heatran|Magma Storm|p1a: Hydreigon|[miss]
|-miss|p2a: Heatran|p1a: Hydreigon
|move|p1a: Hydreigon|Dark Pulse|p2a: Heatran
|-damage|p2a: Heatran|37/100
|-enditem|p2a: Heatran|Air Balloon
|
|-heal|p1a: Hydreigon|49/100|[from] item: Leftovers
|-damage|p1a: Hydreigon|37/100|[from] move: Magma Storm|[partiallytrapped]
|upkeep
|turn|12
|
|t:|1649126821
|move|p2a: Heatran|Magma Storm|p1a: Hydreigon
|-resisted|p1a: Hydreigon
|-damage|p1a: Hydreigon|11/100
|move|p1a: Hydreigon|Dark Pulse|p2a: Heatran
|-damage|p2a: Heatran|5/100
|
|-heal|p1a: Hydreigon|18/100|[from] item: Leftovers
|-damage|p1a: Hydreigon|5/100|[from] move: Magma Storm|[partiallytrapped]
|-end|p1a: Hydreigon|move: Taunt
|upkeep
|turn|13
|
|t:|1649126828
|move|p2a: Heatran|Taunt|p1a: Hydreigon
|-start|p1a: Hydreigon|move: Taunt
|move|p1a: Hydreigon|Dark Pulse|p2a: Heatran
|-damage|p2a: Heatran|0 fnt
|faint|p2a: Heatran
|
|-heal|p1a: Hydreigon|11/100|[from] item: Leftovers
|-end|p1a: Hydreigon|Magma Storm|[partiallytrapped]
|upkeep
|
|t:|1649126839
|switch|p2a: Blaziken|Blaziken, M|100/100
|-damage|p2a: Blaziken|88/100|[from] Stealth Rock
|-item|p2a: Blaziken|Air Balloon
|turn|14
|
|t:|1649126851
|move|p2a: Blaziken|Thunder Punch|p1a: Hydreigon
|-resisted|p1a: Hydreigon
|-damage|p1a: Hydreigon|2/100
|move|p1a: Hydreigon|Dark Pulse|p2a: Blaziken
|-resisted|p2a: Blaziken
|-damage|p2a: Blaziken|59/100
|-enditem|p2a: Blaziken|Air Balloon
|
|-heal|p1a: Hydreigon|8/100|[from] item: Leftovers
|-ability|p2a: Blaziken|Speed Boost|boost
|-boost|p2a: Blaziken|spe|1
|upkeep
|turn|15
|
|t:|1649126861
|move|p2a: Blaziken|Thunder Punch|p1a: Hydreigon
|-resisted|p1a: Hydreigon
|-damage|p1a: Hydreigon|0 fnt
|faint|p1a: Hydreigon
|
|-ability|p2a: Blaziken|Speed Boost|boost
|-boost|p2a: Blaziken|spe|1
|upkeep
|
|t:|1649126865
|switch|p1a: Clefable|Clefable, F|46/100
|turn|16
|
|t:|1649126871
|move|p2a: Blaziken|Flare Blitz|p1a: Clefable
|-damage|p1a: Clefable|0 fnt
|faint|p1a: Clefable
|-damage|p2a: Blaziken|39/100|[from] Recoil
|
|-ability|p2a: Blaziken|Speed Boost|boost
|-boost|p2a: Blaziken|spe|1
|upkeep
|
|t:|1649126881
|switch|p1a: Tapu Lele|Tapu Lele|100/100
|-damage|p1a: Tapu Lele|88/100|[from] Stealth Rock
|-fieldstart|move: Psychic Terrain|[from] ability: Psychic Surge|[of] p1a: Tapu Lele
|turn|17
|
|t:|1649126886
|move|p2a: Blaziken|Flare Blitz|p1a: Tapu Lele
|-damage|p1a: Tapu Lele|0 fnt
|faint|p1a: Tapu Lele
|-damage|p2a: Blaziken|12/100|[from] Recoil
|
|-ability|p2a: Blaziken|Speed Boost|boost
|-boost|p2a: Blaziken|spe|1
|upkeep
|
|t:|1649126891
|switch|p1a: Heatran|Heatran, M|100/100
|-damage|p1a: Heatran|88/100|[from] Stealth Rock
|-item|p1a: Heatran|Air Balloon
|turn|18
|
|t:|1649126897
|move|p2a: Blaziken|Close Combat|p1a: Heatran
|-supereffective|p1a: Heatran
|-damage|p1a: Heatran|0 fnt
|-unboost|p2a: Blaziken|def|1
|-unboost|p2a: Blaziken|spd|1
|-enditem|p1a: Heatran|Air Balloon
|faint|p1a: Heatran
|
|-ability|p2a: Blaziken|Speed Boost|boost
|-boost|p2a: Blaziken|spe|1
|upkeep
|
|t:|1649126900
|switch|p1a: Tapu Koko|Tapu Koko|100/100
|-fieldstart|move: Electric Terrain|[from] ability: Electric Surge|[of] p1a: Tapu Koko
|turn|19
|
|t:|1649126903
|move|p2a: Blaziken|Flare Blitz|p1a: Tapu Koko
|-damage|p1a: Tapu Koko|17/100
|-damage|p2a: Blaziken|0 fnt|[from] Recoil
|faint|p2a: Blaziken
|move|p1a: Tapu Koko|Thunderbolt|p2: Blaziken|[notarget]
|-fail|p1a: Tapu Koko
|
|upkeep
|
|t:|1649126915
|switch|p2a: Garchomp|Garchomp, M|100/100
|-damage|p2a: Garchomp|94/100|[from] Stealth Rock
|turn|20
|
|t:|1649126918
|move|p1a: Tapu Koko|Dazzling Gleam|p2a: Garchomp
|-supereffective|p2a: Garchomp
|-enditem|p2a: Garchomp|Roseli Berry|[eat]
|-enditem|p2a: Garchomp|Roseli Berry|[weaken]
|-damage|p2a: Garchomp|60/100
|move|p2a: Garchomp|Earthquake|p1a: Tapu Koko
|-supereffective|p1a: Tapu Koko
|-damage|p1a: Tapu Koko|0 fnt
|faint|p1a: Tapu Koko
|
|upkeep
|
|t:|1649126923
|switch|p1a: Melmetal|Melmetal|44/100
|-damage|p1a: Melmetal|38/100|[from] Stealth Rock
|turn|21
|
|t:|1649126926
|move|p2a: Garchomp|Earthquake|p1a: Melmetal
|-supereffective|p1a: Melmetal
|-crit|p1a: Melmetal
|-damage|p1a: Melmetal|0 fnt
|faint|p1a: Melmetal
|
|win|PQPP214
|raw|Francis999's rating: 1487 &rarr; <strong>1469</strong><br />(-18 for losing)
|raw|PQPP214's rating: 1521 &rarr; <strong>1539</strong><br />(+18 for winning)
|l|‽Francis999
||Ladder isn't responding, score probably updated but might not have (Request timeout).
