|j|☆hmimed97
|j|☆jawabarat
|t:|1650292391
|gametype|singles
|player|p1|hmimed97|266|1761
|player|p2|jawabarat|artist-gen4|1861
|teamsize|p1|6
|teamsize|p2|6
|gen|8
|tier|[Gen 8] OU
|rated|
|rule|Sleep Clause Mod: Limit one foe put to sleep
|rule|Species Clause: Limit one of each Pokémon
|rule|OHKO Clause: OHKO moves are banned
|rule|Evasion Moves Clause: Evasion moves are banned
|rule|Endless Battle Clause: Forcing endless battles is banned
|rule|HP Percentage Mod: HP is shown in percentages
|rule|Dynamax Clause: You cannot dynamax
|clearpoke
|poke|p1|Tapu Lele|
|poke|p1|Kartana|
|poke|p1|Toxapex, M|
|poke|p1|Landorus-Therian, M|
|poke|p1|Magnezone|
|poke|p1|Mandibuzz, F|
|poke|p2|Kartana|
|poke|p2|Weavile, M|
|poke|p2|Dragapult, F|
|poke|p2|Volcanion|
|poke|p2|Landorus-Therian, M|
|poke|p2|Melmetal|
|teampreview
|j| thesky12321
|j| UU to rank I
|
|t:|1650292432
|start
|switch|p1a: Landorus|Landorus-Therian, M|100/100
|switch|p2a: EYVEL|Volcanion|100/100
|-ability|p1a: Landorus|Intimidate|boost
|-unboost|p2a: EYVEL|atk|1
|turn|1
|j| 0SiegeWarfare
|l| 0SiegeWarfare
|
|t:|1650292441
|switch|p1a: Toxapex|Toxapex, M|100/100
|move|p2a: EYVEL|Steam Eruption|p1a: Toxapex
|-resisted|p1a: Toxapex
|-damage|p1a: Toxapex|75/100
|-status|p1a: Toxapex|brn
|-enditem|p1a: Toxapex|Eject Button
|
|t:|1650292456
|switch|p1a: Magnezone|Magnezone|100/100
|
|upkeep
|turn|2
|
|t:|1650292463
|switch|p2a: LEADERSHIP STARS|Landorus-Therian, M|100/100
|-ability|p2a: LEADERSHIP STARS|Intimidate|boost
|-unboost|p1a: Magnezone|atk|1
|move|p1a: Magnezone|Thunderbolt|p2a: LEADERSHIP STARS
|-immune|p2a: LEADERSHIP STARS
|
|upkeep
|turn|3
|
|t:|1650292471
|switch|p1a: Landorus|Landorus-Therian, M|100/100
|-ability|p1a: Landorus|Intimidate|boost
|-unboost|p2a: LEADERSHIP STARS|atk|1
|move|p2a: LEADERSHIP STARS|U-turn|p1a: Landorus
|-resisted|p1a: Landorus
|-damage|p1a: Landorus|94/100
|
|t:|1650292477
|switch|p2a: EYVEL|Volcanion|100/100|[from]move: U-turn
|
|-heal|p1a: Landorus|99/100|[from] item: Leftovers
|upkeep
|turn|4
|
|t:|1650292482
|switch|p1a: Toxapex|Toxapex, M|100/100 brn
|move|p2a: EYVEL|Steam Eruption|p1a: Toxapex
|-resisted|p1a: Toxapex
|-crit|p1a: Toxapex
|-damage|p1a: Toxapex|60/100 brn
|
|-damage|p1a: Toxapex|53/100 brn|[from] brn
|upkeep
|turn|5
|
|t:|1650292491
|switch|p1a: Mandibuzz|Mandibuzz, F|100/100
|move|p2a: EYVEL|Earth Power|p1a: Mandibuzz
|-immune|p1a: Mandibuzz
|
|upkeep
|turn|6
|
|t:|1650292498
|move|p2a: EYVEL|Steam Eruption|p1a: Mandibuzz
|-damage|p1a: Mandibuzz|58/100
|-status|p1a: Mandibuzz|brn
|move|p1a: Mandibuzz|U-turn|p2a: EYVEL
|-resisted|p2a: EYVEL
|-damage|p2a: EYVEL|98/100
|
|t:|1650292507
|switch|p1a: Kartana|Kartana|100/100|[from]move: U-turn
|
|upkeep
|turn|7
|
|t:|1650292513
|move|p1a: Kartana|Leaf Blade|p2a: EYVEL
|-damage|p2a: EYVEL|7/100
|move|p2a: EYVEL|Flamethrower|p1a: Kartana
|-supereffective|p1a: Kartana
|-damage|p1a: Kartana|0 fnt
|faint|p1a: Kartana
|
|upkeep
|
|t:|1650292527
|switch|p1a: Tapu Lele|Tapu Lele|100/100
|-fieldstart|move: Psychic Terrain|[from] ability: Psychic Surge|[of] p1a: Tapu Lele
|turn|8
|
|t:|1650292535
|move|p1a: Tapu Lele|Psychic|p2a: EYVEL
|-damage|p2a: EYVEL|0 fnt
|faint|p2a: EYVEL
|
|upkeep
|
|t:|1650292538
|switch|p2a: PUGI|Weavile, M|100/100
|-ability|p2a: PUGI|Pressure
|turn|9
|
|t:|1650292544
|switch|p1a: Toxapex|Toxapex, M|87/100 brn
|move|p2a: PUGI|Knock Off|p1a: Toxapex
|-damage|p1a: Toxapex|60/100 brn
|
|-damage|p1a: Toxapex|54/100 brn|[from] brn
|upkeep
|turn|10
|
|t:|1650292565
|move|p2a: PUGI|Knock Off|p1a: Toxapex
|-damage|p1a: Toxapex|26/100 brn
|move|p1a: Toxapex|Knock Off|p2a: PUGI
|-resisted|p2a: PUGI
|-damage|p2a: PUGI|94/100
|-enditem|p2a: PUGI|Choice Band|[from] move: Knock Off|[of] p1a: Toxapex
|
|-damage|p1a: Toxapex|20/100 brn|[from] brn
|upkeep
|turn|11
|
|t:|1650292573
|move|p2a: PUGI|Beat Up|p1a: Toxapex
|-damage|p1a: Toxapex|15/100 brn
|-damage|p1a: Toxapex|9/100 brn
|-damage|p1a: Toxapex|1/100 brn
|-damage|p1a: Toxapex|0 fnt
|faint|p1a: Toxapex
|-hitcount|p1: Toxapex|4
|
|upkeep
|
|t:|1650292580
|switch|p1a: Tapu Lele|Tapu Lele|100/100
|turn|12
|
|t:|1650292590
|switch|p2a: LEADERSHIP STARS|Landorus-Therian, M|100/100
|-ability|p2a: LEADERSHIP STARS|Intimidate|boost
|-unboost|p1a: Tapu Lele|atk|1
|move|p1a: Tapu Lele|Moonblast|p2a: LEADERSHIP STARS
|-damage|p2a: LEADERSHIP STARS|60/100
|
|-heal|p2a: LEADERSHIP STARS|66/100|[from] item: Leftovers
|-fieldend|move: Psychic Terrain
|upkeep
|turn|13
|
|t:|1650292601
|switch|p1a: Landorus|Landorus-Therian, M|99/100
|-ability|p1a: Landorus|Intimidate|boost
|-unboost|p2a: LEADERSHIP STARS|atk|1
|switch|p2a: DAGDA|Melmetal|100/100
|
|-heal|p1a: Landorus|100/100|[from] item: Leftovers
|upkeep
|turn|14
|
|t:|1650292610
|move|p1a: Landorus|Earthquake|p2a: DAGDA
|-supereffective|p2a: DAGDA
|-damage|p2a: DAGDA|49/100
|move|p2a: DAGDA|Ice Punch|p1a: Landorus
|-supereffective|p1a: Landorus
|-damage|p1a: Landorus|0 fnt
|faint|p1a: Landorus
|
|upkeep
|
|t:|1650292617
|switch|p1a: Magnezone|Magnezone|100/100
|turn|15
|
|t:|1650292620
|move|p1a: Magnezone|Iron Defense|p1a: Magnezone
|-boost|p1a: Magnezone|def|2
|move|p2a: DAGDA|Superpower|p1a: Magnezone
|-supereffective|p1a: Magnezone
|-damage|p1a: Magnezone|58/100
|-unboost|p2a: DAGDA|atk|1
|-unboost|p2a: DAGDA|def|1
|
|-heal|p1a: Magnezone|64/100|[from] item: Leftovers
|upkeep
|turn|16
|
|t:|1650292633
|move|p1a: Magnezone|Body Press|p2a: DAGDA
|-supereffective|p2a: DAGDA
|-damage|p2a: DAGDA|0 fnt
|faint|p2a: DAGDA
|
|-heal|p1a: Magnezone|70/100|[from] item: Leftovers
|upkeep
|
|t:|1650292645
|switch|p2a: FOG OF WAR|Dragapult, F|100/100
|turn|17
|
|t:|1650292648
|switch|p1a: Mandibuzz|Mandibuzz, F|58/100 brn
|move|p2a: FOG OF WAR|Fire Blast|p1a: Mandibuzz|[miss]
|-miss|p2a: FOG OF WAR|p1a: Mandibuzz
|
|-damage|p1a: Mandibuzz|52/100 brn|[from] brn
|upkeep
|turn|18
|
|t:|1650292656
|switch|p2a: PUGI|Weavile, M|94/100
|-ability|p2a: PUGI|Pressure
|move|p1a: Mandibuzz|U-turn|p2a: PUGI
|-supereffective|p2a: PUGI
|-damage|p2a: PUGI|75/100
|
|t:|1650292662
|switch|p1a: Tapu Lele|Tapu Lele|100/100|[from]move: U-turn
|-fieldstart|move: Psychic Terrain|[from] ability: Psychic Surge|[of] p1a: Tapu Lele
|
|upkeep
|turn|19
|j| 2e2e2e2
|
|t:|1650292670
|move|p1a: Tapu Lele|Moonblast|p2a: PUGI
|-supereffective|p2a: PUGI
|-damage|p2a: PUGI|0 fnt
|faint|p2a: PUGI
|
|upkeep
|
|t:|1650292673
|switch|p2a: MARTY PARTY|Kartana|100/100
|turn|20
|
|t:|1650292682
|switch|p1a: Mandibuzz|Mandibuzz, F|52/100 brn
|move|p2a: MARTY PARTY|Sacred Sword|p1a: Mandibuzz
|-damage|p1a: Mandibuzz|28/100 brn
|
|-damage|p1a: Mandibuzz|22/100 brn|[from] brn
|upkeep
|turn|21
|
|t:|1650292713
|switch|p2a: LEADERSHIP STARS|Landorus-Therian, M|66/100
|-ability|p2a: LEADERSHIP STARS|Intimidate|boost
|-unboost|p1a: Mandibuzz|atk|1
|move|p1a: Mandibuzz|Roost|p1a: Mandibuzz
|-heal|p1a: Mandibuzz|72/100 brn
|-singleturn|p1a: Mandibuzz|move: Roost
|
|-heal|p2a: LEADERSHIP STARS|72/100|[from] item: Leftovers
|-damage|p1a: Mandibuzz|66/100 brn|[from] brn
|upkeep
|turn|22
|inactive|Battle timer is ON: inactive players will automatically lose when time's up. (requested by jawabarat)
|
|t:|1650292725
|move|p2a: LEADERSHIP STARS|Stealth Rock|p1a: Mandibuzz
|-sidestart|p1: hmimed97|move: Stealth Rock
|move|p1a: Mandibuzz|U-turn|p2a: LEADERSHIP STARS
|-resisted|p2a: LEADERSHIP STARS
|-damage|p2a: LEADERSHIP STARS|70/100
|
|t:|1650292732
|switch|p1a: Magnezone|Magnezone|70/100|[from]move: U-turn
|-damage|p1a: Magnezone|64/100|[from] Stealth Rock
|
|-heal|p1a: Magnezone|70/100|[from] item: Leftovers
|-heal|p2a: LEADERSHIP STARS|76/100|[from] item: Leftovers
|-fieldend|move: Psychic Terrain
|upkeep
|turn|23
|
|t:|1650292741
|switch|p1a: Mandibuzz|Mandibuzz, F|66/100 brn
|move|p2a: LEADERSHIP STARS|Earthquake|p1a: Mandibuzz
|-immune|p1a: Mandibuzz
|
|-heal|p2a: LEADERSHIP STARS|82/100|[from] item: Leftovers
|-damage|p1a: Mandibuzz|60/100 brn|[from] brn
|upkeep
|turn|24
|l| thesky12321
|
|t:|1650292757
|move|p2a: LEADERSHIP STARS|U-turn|p1a: Mandibuzz
|-damage|p1a: Mandibuzz|46/100 brn
|
|t:|1650292761
|switch|p2a: MARTY PARTY|Kartana|100/100|[from]move: U-turn
|move|p1a: Mandibuzz|Roost|p1a: Mandibuzz
|-heal|p1a: Mandibuzz|96/100 brn
|-singleturn|p1a: Mandibuzz|move: Roost
|
|-damage|p1a: Mandibuzz|90/100 brn|[from] brn
|upkeep
|turn|25
|j| 0SiegeWarfare
|
|t:|1650292772
|move|p2a: MARTY PARTY|Sacred Sword|p1a: Mandibuzz
|-damage|p1a: Mandibuzz|66/100 brn
|move|p1a: Mandibuzz|Foul Play|p2a: MARTY PARTY
|-damage|p2a: MARTY PARTY|65/100
|
|-damage|p1a: Mandibuzz|59/100 brn|[from] brn
|upkeep
|turn|26
|
|t:|1650292779
|switch|p2a: LEADERSHIP STARS|Landorus-Therian, M|82/100
|-ability|p2a: LEADERSHIP STARS|Intimidate|boost
|-unboost|p1a: Mandibuzz|atk|1
|move|p1a: Mandibuzz|Roost|p1a: Mandibuzz
|-heal|p1a: Mandibuzz|100/100 brn
|-singleturn|p1a: Mandibuzz|move: Roost
|
|-heal|p2a: LEADERSHIP STARS|88/100|[from] item: Leftovers
|-damage|p1a: Mandibuzz|94/100 brn|[from] brn
|upkeep
|turn|27
|
|t:|1650292789
|move|p2a: LEADERSHIP STARS|Earthquake|p1a: Mandibuzz
|-immune|p1a: Mandibuzz
|move|p1a: Mandibuzz|U-turn|p2a: LEADERSHIP STARS
|-resisted|p2a: LEADERSHIP STARS
|-damage|p2a: LEADERSHIP STARS|87/100
|
|t:|1650292796
|switch|p1a: Magnezone|Magnezone|70/100|[from]move: U-turn
|-damage|p1a: Magnezone|64/100|[from] Stealth Rock
|
|-heal|p1a: Magnezone|70/100|[from] item: Leftovers
|-heal|p2a: LEADERSHIP STARS|93/100|[from] item: Leftovers
|upkeep
|turn|28
|
|t:|1650292802
|move|p1a: Magnezone|Flash Cannon|p2a: LEADERSHIP STARS
|-damage|p2a: LEADERSHIP STARS|67/100
|move|p2a: LEADERSHIP STARS|U-turn|p1a: Magnezone
|-resisted|p1a: Magnezone
|-damage|p1a: Magnezone|61/100
|
|t:|1650292808
|switch|p2a: FOG OF WAR|Dragapult, F|100/100|[from]move: U-turn
|
|-heal|p1a: Magnezone|67/100|[from] item: Leftovers
|upkeep
|turn|29
|
|t:|1650292814
|move|p2a: FOG OF WAR|U-turn|p1a: Magnezone
|-resisted|p1a: Magnezone
|-damage|p1a: Magnezone|52/100
|
|t:|1650292818
|switch|p2a: LEADERSHIP STARS|Landorus-Therian, M|67/100|[from]move: U-turn
|-ability|p2a: LEADERSHIP STARS|Intimidate|boost
|-unboost|p1a: Magnezone|atk|1
|move|p1a: Magnezone|Flash Cannon|p2a: LEADERSHIP STARS
|-damage|p2a: LEADERSHIP STARS|42/100
|
|-heal|p1a: Magnezone|58/100|[from] item: Leftovers
|-heal|p2a: LEADERSHIP STARS|48/100|[from] item: Leftovers
|upkeep
|turn|30
|j| Jokari
|j| KyodonTM
|
|t:|1650292841
|switch|p1a: Mandibuzz|Mandibuzz, F|94/100 brn
|move|p2a: LEADERSHIP STARS|Earthquake|p1a: Mandibuzz
|-immune|p1a: Mandibuzz
|
|-heal|p2a: LEADERSHIP STARS|54/100|[from] item: Leftovers
|-damage|p1a: Mandibuzz|88/100 brn|[from] brn
|upkeep
|turn|31
|
|t:|1650292850
|move|p2a: LEADERSHIP STARS|Earthquake|p1a: Mandibuzz
|-immune|p1a: Mandibuzz
|move|p1a: Mandibuzz|Foul Play|p2a: LEADERSHIP STARS
|-damage|p2a: LEADERSHIP STARS|32/100
|
|-heal|p2a: LEADERSHIP STARS|38/100|[from] item: Leftovers
|-damage|p1a: Mandibuzz|82/100 brn|[from] brn
|upkeep
|turn|32
|
|t:|1650292860
|move|p2a: LEADERSHIP STARS|U-turn|p1a: Mandibuzz
|-damage|p1a: Mandibuzz|67/100 brn
|
|t:|1650292862
|switch|p2a: FOG OF WAR|Dragapult, F|100/100|[from]move: U-turn
|move|p1a: Mandibuzz|U-turn|p2a: FOG OF WAR
|-resisted|p2a: FOG OF WAR
|-damage|p2a: FOG OF WAR|96/100
|
|t:|1650292867
|switch|p1a: Tapu Lele|Tapu Lele|100/100|[from]move: U-turn
|-damage|p1a: Tapu Lele|88/100|[from] Stealth Rock
|-fieldstart|move: Psychic Terrain|[from] ability: Psychic Surge|[of] p1a: Tapu Lele
|
|upkeep
|turn|33
|
|t:|1650292874
|switch|p2a: LEADERSHIP STARS|Landorus-Therian, M|38/100
|-ability|p2a: LEADERSHIP STARS|Intimidate|boost
|-unboost|p1a: Tapu Lele|atk|1
|move|p1a: Tapu Lele|Moonblast|p2a: LEADERSHIP STARS
|-damage|p2a: LEADERSHIP STARS|0 fnt
|faint|p2a: LEADERSHIP STARS
|
|upkeep
|
|t:|1650292877
|switch|p2a: MARTY PARTY|Kartana|65/100
|turn|34
|j| god multiface
|
|t:|1650292891
|switch|p1a: Magnezone|Magnezone|58/100
|-damage|p1a: Magnezone|52/100|[from] Stealth Rock
|move|p2a: MARTY PARTY|Knock Off|p1a: Magnezone
|-damage|p1a: Magnezone|15/100
|-enditem|p1a: Magnezone|Leftovers|[from] move: Knock Off|[of] p2a: MARTY PARTY
|
|upkeep
|turn|35
|
|t:|1650292901
|move|p2a: MARTY PARTY|Knock Off|p1a: Magnezone
|-damage|p1a: Magnezone|0 fnt
|faint|p1a: Magnezone
|-ability|p2a: MARTY PARTY|Beast Boost|boost
|-boost|p2a: MARTY PARTY|atk|1
|
|upkeep
|
|t:|1650292906
|switch|p1a: Mandibuzz|Mandibuzz, F|67/100 brn
|turn|36
|l| 2e2e2e2
|
|t:|1650292919
|move|p2a: MARTY PARTY|Knock Off|p1a: Mandibuzz
|-resisted|p1a: Mandibuzz
|-damage|p1a: Mandibuzz|45/100 brn
|-enditem|p1a: Mandibuzz|Heavy-Duty Boots|[from] move: Knock Off|[of] p2a: MARTY PARTY
|move|p1a: Mandibuzz|Roost|p1a: Mandibuzz
|-heal|p1a: Mandibuzz|95/100 brn
|-singleturn|p1a: Mandibuzz|move: Roost
|
|-damage|p1a: Mandibuzz|89/100 brn|[from] brn
|-fieldend|move: Psychic Terrain
|upkeep
|turn|37
|
|t:|1650292928
|switch|p2a: FOG OF WAR|Dragapult, F|96/100
|move|p1a: Mandibuzz|Foul Play|p2a: FOG OF WAR
|-supereffective|p2a: FOG OF WAR
|-damage|p2a: FOG OF WAR|24/100
|
|-damage|p1a: Mandibuzz|83/100 brn|[from] brn
|upkeep
|turn|38
|
|t:|1650292937
|move|p2a: FOG OF WAR|Dragon Darts|p1a: Mandibuzz
|-damage|p1a: Mandibuzz|60/100 brn
|-anim|p2a: FOG OF WAR|Dragon Darts|p1a: Mandibuzz
|-damage|p1a: Mandibuzz|35/100 brn
|move|p1a: Mandibuzz|Roost|p1a: Mandibuzz
|-heal|p1a: Mandibuzz|85/100 brn
|-singleturn|p1a: Mandibuzz|move: Roost
|
|-damage|p1a: Mandibuzz|79/100 brn|[from] brn
|upkeep
|turn|39
|
|t:|1650292951
|switch|p2a: MARTY PARTY|Kartana|65/100
|switch|p1a: Tapu Lele|Tapu Lele|88/100
|-damage|p1a: Tapu Lele|76/100|[from] Stealth Rock
|-fieldstart|move: Psychic Terrain|[from] ability: Psychic Surge|[of] p1a: Tapu Lele
|
|upkeep
|turn|40
|
|t:|1650292963
|switch|p1a: Mandibuzz|Mandibuzz, F|79/100 brn
|-damage|p1a: Mandibuzz|54/100 brn|[from] Stealth Rock
|move|p2a: MARTY PARTY|Smart Strike|p1a: Mandibuzz
|-damage|p1a: Mandibuzz|25/100 brn
|
|-damage|p1a: Mandibuzz|18/100 brn|[from] brn
|upkeep
|turn|41
|c|☆hmimed97|gg
|c|☆jawabarat|gg
|
|t:|1650292975
|move|p2a: MARTY PARTY|Smart Strike|p1a: Mandibuzz
|-damage|p1a: Mandibuzz|0 fnt
|faint|p1a: Mandibuzz
|-ability|p2a: MARTY PARTY|Beast Boost|boost
|-boost|p2a: MARTY PARTY|atk|1
|
|upkeep
|
|t:|1650292981
|switch|p1a: Tapu Lele|Tapu Lele|76/100
|-damage|p1a: Tapu Lele|63/100|[from] Stealth Rock
|turn|42
|
|t:|1650292989
|move|p2a: MARTY PARTY|Smart Strike|p1a: Tapu Lele
|-supereffective|p1a: Tapu Lele
|-damage|p1a: Tapu Lele|0 fnt
|faint|p1a: Tapu Lele
|
|win|jawabarat
|raw|hmimed97's rating: 1761 &rarr; <strong>1747</strong><br />(-14 for losing)
|raw|jawabarat's rating: 1861 &rarr; <strong>1875</strong><br />(+14 for winning)
|l|☆jawabarat
|l| Jokari
|l| UU to rank I
|l| KyodonTM
