|j|☆LT82ZW 2B!
|j|☆SMxVale
|t:|1626369355
|gametype|singles
|player|p1|LT82ZW 2B!|elesa|1769
|player|p2|SMxVale|sabrina|1761
|teamsize|p1|6
|teamsize|p2|6
|gen|8
|tier|[Gen 8] OU
|rated|
|rule|Sleep Clause Mod: Limit one foe put to sleep
|rule|Species Clause: Limit one of each Pokémon
|rule|OHKO Clause: OHKO moves are banned
|rule|Evasion Moves Clause: Evasion moves are banned
|rule|Endless Battle Clause: Forcing endless battles is banned
|rule|HP Percentage Mod: HP is shown in percentages
|rule|Dynamax Clause: You cannot dynamax
|clearpoke
|poke|p1|Torkoal, M|
|poke|p1|Venusaur, M|
|poke|p1|Heatran, M|
|poke|p1|Victini|
|poke|p1|Landorus-Therian, M|
|poke|p1|Tapu Fini|
|poke|p2|Dragonite, F|
|poke|p2|Magnezone|
|poke|p2|Landorus-Therian, M|
|poke|p2|Weavile, M|
|poke|p2|Tapu Fini|
|poke|p2|Melmetal|
|teampreview
|
|t:|1626369373
|start
|switch|p1a: Torkoal|Torkoal, M|100/100
|switch|p2a: Landorus|Landorus-Therian, M|100/100
|-ability|p2a: Landorus|Intimidate|boost
|-unboost|p1a: Torkoal|atk|1
|-weather|SunnyDay|[from] ability: Drought|[of] p1a: Torkoal
|turn|1
|inactive|Battle timer is ON: inactive players will automatically lose when time's up. (requested by SMxVale)
|
|t:|1626369379
|switch|p1a: Landorus|Landorus-Therian, M|100/100
|-ability|p1a: Landorus|Intimidate|boost
|-unboost|p2a: Landorus|atk|1
|move|p2a: Landorus|Earthquake|p1a: Landorus
|-immune|p1a: Landorus
|
|-weather|SunnyDay|[upkeep]
|upkeep
|turn|2
|
|t:|1626369384
|move|p2a: Landorus|Toxic|p1a: Landorus
|-status|p1a: Landorus|tox
|move|p1a: Landorus|U-turn|p2a: Landorus
|-resisted|p2a: Landorus
|-damage|p2a: Landorus|91/100
|
|t:|1626369388
|switch|p1a: Victini|Victini|100/100|[from]move: U-turn
|
|-weather|SunnyDay|[upkeep]
|-heal|p2a: Landorus|97/100|[from] item: Leftovers
|upkeep
|turn|3
|
|t:|1626369404
|switch|p2a: Dragonite|Dragonite, F|100/100
|move|p1a: Victini|V-create|p2a: Dragonite
|-resisted|p2a: Dragonite
|-damage|p2a: Dragonite|70/100
|-unboost|p1a: Victini|spe|1
|-unboost|p1a: Victini|def|1
|-unboost|p1a: Victini|spd|1
|
|-weather|SunnyDay|[upkeep]
|upkeep
|turn|4
|
|t:|1626369427
|switch|p1a: Landorus|Landorus-Therian, M|100/100 tox
|-ability|p1a: Landorus|Intimidate|boost
|-unboost|p2a: Dragonite|atk|1
|move|p2a: Dragonite|Dual Wingbeat|p1a: Landorus
|-damage|p1a: Landorus|78/100 tox
|-damage|p1a: Landorus|54/100 tox
|-hitcount|p1a: Landorus|2
|
|-weather|SunnyDay|[upkeep]
|-heal|p1a: Landorus|60/100 tox|[from] item: Leftovers
|-damage|p1a: Landorus|54/100 tox|[from] psn
|upkeep
|turn|5
|
|t:|1626369438
|move|p2a: Dragonite|Dual Wingbeat|p1a: Landorus
|-damage|p1a: Landorus|29/100 tox
|-damage|p1a: Landorus|7/100 tox
|-hitcount|p1a: Landorus|2
|move|p1a: Landorus|U-turn|p2a: Dragonite
|-resisted|p2a: Dragonite
|-damage|p2a: Dragonite|57/100
|
|t:|1626369441
|switch|p1a: Victini|Victini|100/100|[from]move: U-turn
|
|-weather|SunnyDay|[upkeep]
|upkeep
|turn|6
|inactive|SMxVale has 120 seconds left.
|
|t:|1626369465
|switch|p2a: Tapu Fini|Tapu Fini|100/100
|-fieldstart|move: Misty Terrain|[from] ability: Misty Surge|[of] p2a: Tapu Fini
|move|p1a: Victini|Glaciate|p2a: Tapu Fini
|-resisted|p2a: Tapu Fini
|-damage|p2a: Tapu Fini|95/100
|-unboost|p2a: Tapu Fini|spe|1
|
|-weather|SunnyDay|[upkeep]
|-heal|p2a: Tapu Fini|100/100|[from] item: Leftovers
|upkeep
|turn|7
|inactive|SMxVale has 120 seconds left.
|
|t:|1626369477
|move|p1a: Victini|Bolt Strike|p2a: Tapu Fini|[miss]
|-miss|p1a: Victini|p2a: Tapu Fini
|move|p2a: Tapu Fini|Nature's Madness|p1a: Victini
|-damage|p1a: Victini|51/100
|
|-weather|SunnyDay|[upkeep]
|upkeep
|turn|8
|inactive|SMxVale has 120 seconds left.
|
|t:|1626369496
|move|p1a: Victini|Bolt Strike|p2a: Tapu Fini
|-supereffective|p2a: Tapu Fini
|-damage|p2a: Tapu Fini|42/100
|move|p2a: Tapu Fini|Nature's Madness|p1a: Victini
|-damage|p1a: Victini|26/100
|
|-weather|none
|-heal|p2a: Tapu Fini|48/100|[from] item: Leftovers
|upkeep
|turn|9
|inactive|SMxVale has 120 seconds left.
|
|t:|1626369513
|switch|p2a: Landorus|Landorus-Therian, M|97/100
|-ability|p2a: Landorus|Intimidate|boost
|-unboost|p1a: Victini|atk|1
|move|p1a: Victini|Glaciate|p2a: Landorus
|-supereffective|p2a: Landorus
|-damage|p2a: Landorus|33/100
|-unboost|p2a: Landorus|spe|1
|
|-heal|p2a: Landorus|39/100|[from] item: Leftovers
|upkeep
|turn|10
|
|t:|1626369526
|switch|p2a: Tapu Fini|Tapu Fini|48/100
|move|p1a: Victini|Glaciate|p2a: Tapu Fini
|-resisted|p2a: Tapu Fini
|-damage|p2a: Tapu Fini|43/100
|-unboost|p2a: Tapu Fini|spe|1
|
|-heal|p2a: Tapu Fini|49/100|[from] item: Leftovers
|-fieldend|Misty Terrain
|upkeep
|turn|11
|
|t:|1626369539
|move|p1a: Victini|U-turn|p2a: Tapu Fini
|-resisted|p2a: Tapu Fini
|-damage|p2a: Tapu Fini|44/100
|
|t:|1626369542
|switch|p1a: Torkoal|Torkoal, M|100/100|[from]move: U-turn
|-weather|SunnyDay|[from] ability: Drought|[of] p1a: Torkoal
|move|p2a: Tapu Fini|Whirlpool|p1a: Torkoal
|-supereffective|p1a: Torkoal
|-damage|p1a: Torkoal|86/100
|-activate|p1a: Torkoal|move: Whirlpool|[of] p2a: Tapu Fini
|
|-weather|SunnyDay|[upkeep]
|-heal|p2a: Tapu Fini|50/100|[from] item: Leftovers
|-damage|p1a: Torkoal|74/100|[from] move: Whirlpool|[partiallytrapped]
|upkeep
|turn|12
|inactive|SMxVale has 120 seconds left.
|
|t:|1626369551
|move|p2a: Tapu Fini|Taunt|p1a: Torkoal
|-start|p1a: Torkoal|move: Taunt
|move|p1a: Torkoal|Lava Plume|p2a: Tapu Fini
|-resisted|p2a: Tapu Fini
|-damage|p2a: Tapu Fini|37/100
|
|-weather|SunnyDay|[upkeep]
|-heal|p2a: Tapu Fini|43/100|[from] item: Leftovers
|-damage|p1a: Torkoal|61/100|[from] move: Whirlpool|[partiallytrapped]
|upkeep
|turn|13
|
|t:|1626369557
|move|p2a: Tapu Fini|Nature's Madness|p1a: Torkoal
|-damage|p1a: Torkoal|31/100
|move|p1a: Torkoal|Rapid Spin|p2a: Tapu Fini
|-damage|p2a: Tapu Fini|35/100
|-boost|p1a: Torkoal|spe|1
|-end|p1a: Torkoal|Whirlpool|[partiallytrapped]
|
|-weather|SunnyDay|[upkeep]
|-heal|p2a: Tapu Fini|41/100|[from] item: Leftovers
|upkeep
|turn|14
|
|t:|1626369568
|switch|p1a: Landorus|Landorus-Therian, M|7/100 tox
|-ability|p1a: Landorus|Intimidate|boost
|-unboost|p2a: Tapu Fini|atk|1
|move|p2a: Tapu Fini|Whirlpool|p1a: Landorus|[miss]
|-miss|p2a: Tapu Fini|p1a: Landorus
|
|-weather|SunnyDay|[upkeep]
|-heal|p1a: Landorus|13/100 tox|[from] item: Leftovers
|-heal|p2a: Tapu Fini|48/100|[from] item: Leftovers
|-damage|p1a: Landorus|7/100 tox|[from] psn
|upkeep
|turn|15
|
|t:|1626369574
|move|p1a: Landorus|Knock Off|p2a: Tapu Fini
|-resisted|p2a: Tapu Fini
|-damage|p2a: Tapu Fini|34/100
|-enditem|p2a: Tapu Fini|Leftovers|[from] move: Knock Off|[of] p1a: Landorus
|move|p2a: Tapu Fini|Moonblast|p1a: Landorus
|-damage|p1a: Landorus|0 fnt
|faint|p1a: Landorus
|
|-weather|SunnyDay|[upkeep]
|upkeep
|
|t:|1626369577
|switch|p1a: Victini|Victini|26/100
|turn|16
|
|t:|1626369581
|move|p1a: Victini|V-create|p2a: Tapu Fini
|-resisted|p2a: Tapu Fini
|-damage|p2a: Tapu Fini|0 fnt
|-unboost|p1a: Victini|spe|1
|-unboost|p1a: Victini|def|1
|-unboost|p1a: Victini|spd|1
|faint|p2a: Tapu Fini
|
|-weather|SunnyDay|[upkeep]
|upkeep
|
|t:|1626369590
|switch|p2a: Landorus|Landorus-Therian, M|39/100
|-ability|p2a: Landorus|Intimidate|boost
|-unboost|p1a: Victini|atk|1
|turn|17
|
|t:|1626369606
|move|p2a: Landorus|Earthquake|p1a: Victini
|-supereffective|p1a: Victini
|-damage|p1a: Victini|0 fnt
|faint|p1a: Victini
|
|-weather|SunnyDay|[upkeep]
|-heal|p2a: Landorus|45/100|[from] item: Leftovers
|upkeep
|
|t:|1626369608
|switch|p1a: Heatran|Heatran, M|100/100
|turn|18
|
|t:|1626369611
|move|p1a: Heatran|Eruption|p2a: Landorus
|-damage|p2a: Landorus|0 fnt
|faint|p2a: Landorus
|
|-weather|none
|upkeep
|
|t:|1626369616
|switch|p2a: Dragonite|Dragonite, F|57/100
|turn|19
|
|t:|1626369623
|switch|p1a: Torkoal|Torkoal, M|31/100
|-weather|SunnyDay|[from] ability: Drought|[of] p1a: Torkoal
|move|p2a: Dragonite|Dual Wingbeat|p1a: Torkoal
|-damage|p1a: Torkoal|11/100
|-damage|p1a: Torkoal|0 fnt
|faint|p1a: Torkoal
|-hitcount|p1: Torkoal|2
|
|-weather|SunnyDay|[upkeep]
|upkeep
|
|t:|1626369645
|switch|p1a: Heatran|Heatran, M|100/100
|turn|20
|
|t:|1626369676
|switch|p2a: Magnezone|Magnezone|100/100
|move|p1a: Heatran|Eruption|p2a: Magnezone
|-supereffective|p2a: Magnezone
|-damage|p2a: Magnezone|0 fnt
|faint|p2a: Magnezone
|
|-weather|SunnyDay|[upkeep]
|upkeep
|
|t:|1626369679
|switch|p2a: Dragonite|Dragonite, F|57/100
|turn|21
|
|t:|1626369680
|move|p1a: Heatran|Eruption|p2a: Dragonite
|-resisted|p2a: Dragonite
|-damage|p2a: Dragonite|0 fnt
|faint|p2a: Dragonite
|
|-weather|SunnyDay|[upkeep]
|upkeep
|-message|SMxVale forfeited.
|
|win|LT82ZW 2B!
|raw|LT82ZW 2B!'s rating: 1769 &rarr; <strong>1789</strong><br />(+20 for winning)
|raw|SMxVale's rating: 1761 &rarr; <strong>1741</strong><br />(-20 for losing)
|l|☆SMxVale
