|j|☆Smart Fool
|j|☆LolzMachine
|t:|1610632548
|player|p1|Smart Fool|morty|1698
|player|p2|LolzMachine|294|1690
|teamsize|p1|6
|teamsize|p2|6
|gametype|singles
|gen|8
|tier|[Gen 8] OU
|rated|
|clearpoke
|poke|p1|Tyranitar, F|
|poke|p1|Garchomp, M|
|poke|p1|Excadrill, M|
|poke|p1|Celesteela|
|poke|p1|Tapu Fini|
|poke|p1|Cinderace, F|
|poke|p2|Aggron, M|
|poke|p2|Araquanid, F|
|poke|p2|Garchomp, F|
|poke|p2|Zapdos-Galar|
|poke|p2|Obstagoon, M|
|poke|p2|Regieleki|
|rule|Sleep Clause Mod: Limit one foe put to sleep
|rule|Species Clause: Limit one of each Pokémon
|rule|OHKO Clause: OHKO moves are banned
|rule|Evasion Moves Clause: Evasion moves are banned
|rule|Endless Battle Clause: Forcing endless battles is banned
|rule|HP Percentage Mod: HP is shown in percentages
|rule|Dynamax Clause: You cannot dynamax
|teampreview
|c|☆Smart Fool|hf
|c|☆LolzMachine|u2
|j| Jiraiiya
|c| Jiraiiya|heat team
|c| Jiraiiya|that's what I like to see
|
|t:|1610632611
|start
|switch|p1a: Celesteela|Celesteela, shiny|100/100
|switch|p2a: Araquanid|Araquanid, F|100/100
|turn|1
|
|t:|1610632626
|move|p2a: Araquanid|Magic Coat|p2a: Araquanid
|-singleturn|p2a: Araquanid|move: Magic Coat
|move|p1a: Celesteela|Autotomize|p1a: Celesteela
|-boost|p1a: Celesteela|spe|2
|-start|p1a: Celesteela|Autotomize
|
|upkeep
|turn|2
|
|t:|1610632633
|move|p1a: Celesteela|Meteor Beam||[still]
|-prepare|p1a: Celesteela|Meteor Beam
|-boost|p1a: Celesteela|spa|1
|-enditem|p1a: Celesteela|Power Herb
|-anim|p1a: Celesteela|Meteor Beam|p2a: Araquanid
|-supereffective|p2a: Araquanid
|-enditem|p2a: Araquanid|Focus Sash
|-damage|p2a: Araquanid|1/100
|move|p2a: Araquanid|Liquidation|p1a: Celesteela
|-damage|p1a: Celesteela|40/100
|
|upkeep
|turn|3
|
|t:|1610632643
|move|p1a: Celesteela|Flash Cannon|p2a: Araquanid
|-resisted|p2a: Araquanid
|-damage|p2a: Araquanid|0 fnt
|faint|p2a: Araquanid
|-ability|p1a: Celesteela|Beast Boost|boost
|-boost|p1a: Celesteela|spa|1
|
|upkeep
|
|t:|1610632646
|switch|p2a: Regieleki|Regieleki|100/100
|turn|4
|
|t:|1610632666
|move|p2a: Regieleki|Volt Switch|p1a: Celesteela
|-supereffective|p1a: Celesteela
|-damage|p1a: Celesteela|0 fnt
|faint|p1a: Celesteela
|
|t:|1610632677
|switch|p2a: Zapdos|Zapdos-Galar|100/100|[from]move: Volt Switch
|
|upkeep
|c| Jiraiiya|why not save
|
|t:|1610632681
|switch|p1a: Tapu Fini|Tapu Fini, shiny|100/100
|-fieldstart|move: Misty Terrain|[from] ability: Misty Surge|[of] p1a: Tapu Fini
|turn|5
|
|t:|1610632696
|switch|p2a: Aggron|Aggron, M|100/100
|move|p1a: Tapu Fini|Calm Mind|p1a: Tapu Fini
|-boost|p1a: Tapu Fini|spa|1
|-boost|p1a: Tapu Fini|spd|1
|
|upkeep
|turn|6
|
|t:|1610632703
|move|p1a: Tapu Fini|Surf|p2a: Aggron
|-supereffective|p2a: Aggron
|-damage|p2a: Aggron|0 fnt
|faint|p2a: Aggron
|
|upkeep
|
|t:|1610632705
|switch|p2a: Regieleki|Regieleki|100/100
|turn|7
|
|t:|1610632713
|switch|p1a: Excadrill|Excadrill, M, shiny|100/100
|-item|p1a: Excadrill|Air Balloon
|move|p2a: Regieleki|Volt Switch|p1a: Excadrill
|-immune|p1a: Excadrill
|
|upkeep
|turn|8
|j| ToastedBunzzz02
|
|t:|1610632743
|switch|p2a: Garchomp|Garchomp, F|100/100
|move|p1a: Excadrill|Rapid Spin|p2a: Garchomp
|-damage|p2a: Garchomp|84/100
|-boost|p1a: Excadrill|spe|1
|-damage|p1a: Excadrill|88/100|[from] ability: Rough Skin|[of] p2a: Garchomp
|-damage|p1a: Excadrill|71/100|[from] item: Rocky Helmet|[of] p2a: Garchomp
|
|upkeep
|turn|9
|
|t:|1610632752
|move|p1a: Excadrill|Earthquake|p2a: Garchomp
|-damage|p2a: Garchomp|32/100
|move|p2a: Garchomp|Fire Blast|p1a: Excadrill
|-supereffective|p1a: Excadrill
|-damage|p1a: Excadrill|23/100
|-enditem|p1a: Excadrill|Air Balloon
|
|-fieldend|Misty Terrain
|upkeep
|turn|10
|
|t:|1610632760
|move|p1a: Excadrill|Earthquake|p2a: Garchomp
|-damage|p2a: Garchomp|0 fnt
|faint|p2a: Garchomp
|
|upkeep
|
|t:|1610632762
|switch|p2a: Zapdos|Zapdos-Galar|100/100
|turn|11
|
|t:|1610632764
|move|p1a: Excadrill|Iron Head|p2a: Zapdos
|-damage|p2a: Zapdos|48/100
|move|p2a: Zapdos|Bulk Up|p2a: Zapdos
|-boost|p2a: Zapdos|atk|1
|-boost|p2a: Zapdos|def|1
|
|-heal|p2a: Zapdos|54/100|[from] item: Leftovers
|upkeep
|turn|12
|
|t:|1610632771
|move|p1a: Excadrill|Iron Head|p2a: Zapdos
|-damage|p2a: Zapdos|19/100
|move|p2a: Zapdos|Thunderous Kick|p1a: Excadrill
|-supereffective|p1a: Excadrill
|-crit|p1a: Excadrill
|-damage|p1a: Excadrill|0 fnt
|faint|p1a: Excadrill
|
|-heal|p2a: Zapdos|25/100|[from] item: Leftovers
|upkeep
|
|t:|1610632778
|switch|p1a: Tapu Fini|Tapu Fini, shiny|100/100
|-fieldstart|move: Misty Terrain|[from] ability: Misty Surge|[of] p1a: Tapu Fini
|turn|13
|
|t:|1610632790
|move|p2a: Zapdos|Brave Bird|p1a: Tapu Fini
|-damage|p1a: Tapu Fini|38/100
|-damage|p2a: Zapdos|3/100|[from] Recoil
|move|p1a: Tapu Fini|Draining Kiss|p2a: Zapdos
|-supereffective|p2a: Zapdos
|-damage|p2a: Zapdos|0 fnt
|-heal|p1a: Tapu Fini|40/100|[from] drain|[of] p2a: Zapdos
|faint|p2a: Zapdos
|
|-heal|p1a: Tapu Fini|46/100|[from] item: Leftovers
|upkeep
|
|t:|1610632793
|switch|p2a: Regieleki|Regieleki|100/100
|turn|14
|-message|LolzMachine forfeited.
|
|win|Smart Fool
|l|☆LolzMachine
|c|☆Smart Fool|ggs
||Ladder (probably) updated, but score could not be retrieved (Request timeout).
