|j|☆demgeilem
|j|☆Etrio
|t:|1667913044
|gametype|singles
|player|p1|demgeilem|ethan-masters|1462
|player|p2|Etrio|boarder|1461
|teamsize|p1|6
|teamsize|p2|6
|gen|8
|tier|[Gen 8] OU
|rated|
|rule|Sleep Clause Mod: Limit one foe put to sleep
|rule|Species Clause: Limit one of each Pokémon
|rule|OHKO Clause: OHKO moves are banned
|rule|Evasion Items Clause: Evasion items are banned
|rule|Evasion Moves Clause: Evasion moves are banned
|rule|Endless Battle Clause: Forcing endless battles is banned
|rule|HP Percentage Mod: HP is shown in percentages
|rule|Dynamax Clause: You cannot dynamax
|clearpoke
|poke|p1|Melmetal|
|poke|p1|Dragapult, F|
|poke|p1|Slowbro, M|
|poke|p1|Clefable, M|
|poke|p1|Landorus-Therian, M|
|poke|p1|Buzzwole|
|poke|p2|Mew|
|poke|p2|Celesteela|
|poke|p2|Garchomp, M|
|poke|p2|Azumarill, M|
|poke|p2|Weavile, M|
|poke|p2|Blacephalon|
|teampreview
|inactive|Battle timer is ON: inactive players will automatically lose when time's up. (requested by Etrio)
|
|t:|1667913068
|start
|switch|p1a: Melmetal|Melmetal|100/100
|switch|p2a: Mew|Mew|100/100
|turn|1
|
|t:|1667913072
|move|p2a: Mew|Stealth Rock|p1a: Melmetal
|-sidestart|p1: demgeilem|move: Stealth Rock
|move|p1a: Melmetal|Double Iron Bash|p2a: Mew
|-damage|p2a: Mew|47/100
|-damage|p2a: Mew|0 fnt
|faint|p2a: Mew
|-hitcount|p2: Mew|2
|
|upkeep
|
|t:|1667913092
|switch|p2a: Celesteela|Celesteela|100/100
|turn|2
|
|t:|1667913094
|move|p2a: Celesteela|Autotomize|p2a: Celesteela
|-boost|p2a: Celesteela|spe|2
|-start|p2a: Celesteela|Autotomize
|move|p1a: Melmetal|Double Iron Bash|p2a: Celesteela
|-resisted|p2a: Celesteela
|-damage|p2a: Celesteela|67/100
|-resisted|p2a: Celesteela
|-damage|p2a: Celesteela|37/100
|-hitcount|p2a: Celesteela|2
|
|upkeep
|turn|3
|
|t:|1667913097
|move|p2a: Celesteela|Flamethrower|p1a: Melmetal
|-supereffective|p1a: Melmetal
|-damage|p1a: Melmetal|33/100
|move|p1a: Melmetal|Double Iron Bash|p2a: Celesteela
|-resisted|p2a: Celesteela
|-damage|p2a: Celesteela|1/100
|-resisted|p2a: Celesteela
|-damage|p2a: Celesteela|0 fnt
|faint|p2a: Celesteela
|-hitcount|p2: Celesteela|2
|
|upkeep
|
|t:|1667913105
|switch|p2a: Blacephalon|Blacephalon|100/100
|turn|4
|
|t:|1667913114
|switch|p1a: Landorus|Landorus-Therian, M|100/100
|-damage|p1a: Landorus|88/100|[from] Stealth Rock
|-ability|p1a: Landorus|Intimidate|boost
|-unboost|p2a: Blacephalon|atk|1
|move|p2a: Blacephalon|Shadow Ball|p1a: Landorus
|-damage|p1a: Landorus|52/100
|-unboost|p1a: Landorus|spd|1
|
|-heal|p1a: Landorus|58/100|[from] item: Leftovers
|upkeep
|turn|5
|
|t:|1667913125
|move|p2a: Blacephalon|Shadow Ball|p1a: Landorus
|-damage|p1a: Landorus|9/100
|move|p1a: Landorus|Earthquake|p2a: Blacephalon
|-supereffective|p2a: Blacephalon
|-damage|p2a: Blacephalon|0 fnt
|faint|p2a: Blacephalon
|
|-heal|p1a: Landorus|15/100|[from] item: Leftovers
|upkeep
|
|t:|1667913129
|switch|p2a: Garchomp|Garchomp, M|100/100
|turn|6
|
|t:|1667913142
|move|p2a: Garchomp|Swords Dance|p2a: Garchomp
|-boost|p2a: Garchomp|atk|2
|move|p1a: Landorus|U-turn|p2a: Garchomp
|-damage|p2a: Garchomp|80/100
|-damage|p1a: Landorus|2/100|[from] ability: Rough Skin|[of] p2a: Garchomp
|
|t:|1667913153
|switch|p1a: Clefable|Clefable, M|100/100|[from]move: U-turn
|
|upkeep
|turn|7
|
|t:|1667913157
|move|p2a: Garchomp|Earthquake|p1a: Clefable
|-damage|p1a: Clefable|0 fnt
|faint|p1a: Clefable
|-damage|p2a: Garchomp|70/100|[from] item: Life Orb
|
|upkeep
|
|t:|1667913167
|switch|p1a: Buzzwole|Buzzwole|100/100
|-damage|p1a: Buzzwole|88/100|[from] Stealth Rock
|turn|8
|
|t:|1667913172
|move|p1a: Buzzwole|Ice Punch|p2a: Garchomp
|-supereffective|p2a: Garchomp
|-damage|p2a: Garchomp|0 fnt
|-damage|p1a: Buzzwole|76/100|[from] ability: Rough Skin|[of] p2a: Garchomp
|faint|p2a: Garchomp
|-ability|p1a: Buzzwole|Beast Boost|boost
|-boost|p1a: Buzzwole|atk|1
|
|upkeep
|
|t:|1667913176
|switch|p2a: Azumarill|Azumarill, M|100/100
|turn|9
|
|t:|1667913180
|move|p1a: Buzzwole|Ice Punch|p2a: Azumarill
|-resisted|p2a: Azumarill
|-crit|p2a: Azumarill
|-damage|p2a: Azumarill|65/100
|move|p2a: Azumarill|Belly Drum|p2a: Azumarill
|-damage|p2a: Azumarill|15/100
|-setboost|p2a: Azumarill|atk|6|[from] move: Belly Drum
|-enditem|p2a: Azumarill|Sitrus Berry|[eat]
|-heal|p2a: Azumarill|40/100|[from] item: Sitrus Berry
|
|upkeep
|turn|10
|
|t:|1667913186
|switch|p1a: Landorus|Landorus-Therian, M|2/100
|-damage|p1a: Landorus|0 fnt|[from] Stealth Rock
|faint|p1a: Landorus
|move|p2a: Azumarill|Aqua Jet|p1: Landorus|[notarget]
|-fail|p2a: Azumarill
|
|upkeep
|
|t:|1667913189
|switch|p1a: Dragapult|Dragapult, F|100/100
|-damage|p1a: Dragapult|88/100|[from] Stealth Rock
|turn|11
|
|t:|1667913191
|move|p2a: Azumarill|Aqua Jet|p1a: Dragapult
|-resisted|p1a: Dragapult
|-damage|p1a: Dragapult|14/100
|move|p1a: Dragapult|Shadow Ball|p2a: Azumarill
|-damage|p2a: Azumarill|0 fnt
|faint|p2a: Azumarill
|
|upkeep
|
|t:|1667913194
|switch|p2a: Weavile|Weavile, M|100/100
|-ability|p2a: Weavile|Pressure
|turn|12
|
|t:|1667913199
|move|p2a: Weavile|Ice Shard|p1a: Dragapult
|-supereffective|p1a: Dragapult
|-damage|p1a: Dragapult|0 fnt
|faint|p1a: Dragapult
|-damage|p2a: Weavile|91/100|[from] item: Life Orb
|
|upkeep
|
|t:|1667913201
|switch|p1a: Buzzwole|Buzzwole|76/100
|-damage|p1a: Buzzwole|63/100|[from] Stealth Rock
|turn|13
|
|t:|1667913204
|move|p1a: Buzzwole|Close Combat|p2a: Weavile
|-supereffective|p2a: Weavile
|-damage|p2a: Weavile|0 fnt
|-unboost|p1a: Buzzwole|def|1
|-unboost|p1a: Buzzwole|spd|1
|faint|p2a: Weavile
|
|win|demgeilem
|raw|demgeilem's rating: 1462 &rarr; <strong>1482</strong><br />(+20 for winning)
|raw|Etrio's rating: 1461 &rarr; <strong>1441</strong><br />(-20 for losing)
|l|☆Etrio
