|j|☆beastyj157
|j|☆Homicidal Santa
|inactive|Battle timer is ON: inactive players will automatically lose when time's up.
|t:|1647891181
|gametype|singles
|player|p1|beastyj157|skierf|
|player|p2|Homicidal Santa|hiker-gen4|
|teamsize|p1|6
|teamsize|p2|6
|gen|8
|tier|[Gen 8] OU
|rated|Tournament battle
|rule|Sleep Clause Mod: Limit one foe put to sleep
|rule|Species Clause: Limit one of each Pokémon
|rule|OHKO Clause: OHKO moves are banned
|rule|Evasion Moves Clause: Evasion moves are banned
|rule|Endless Battle Clause: Forcing endless battles is banned
|rule|HP Percentage Mod: HP is shown in percentages
|rule|Dynamax Clause: You cannot dynamax
|clearpoke
|poke|p1|Tauros, M|
|poke|p1|Magnezone|
|poke|p1|Weavile, M|
|poke|p1|Toxapex, M|
|poke|p1|Nidoking, M|
|poke|p1|Dragonite, F|
|poke|p2|Tyranitar, F|
|poke|p2|Buzzwole|
|poke|p2|Zapdos|
|poke|p2|Rillaboom, M|
|poke|p2|Excadrill, M|
|poke|p2|Dragapult, M|
|teampreview
|inactive|beastyj157 also wants the timer to be on.
|j|+Math.y
|c|+Math.y|first
|c|☆Homicidal Santa|gl hf
|c|☆beastyj157|lol
|c|☆beastyj157|hf
|j| RedDiamond1024
|
|t:|1647891210
|start
|switch|p1a: Magnezone|Magnezone|100/100
|switch|p2a: Buzzwole|Buzzwole|100/100
|turn|1
|c|☆Homicidal Santa|how do you feel
|c|☆beastyj157|wdym
|c|☆Homicidal Santa|this is it
|
|t:|1647891223
|switch|p1a: Toxapex|Toxapex, M|100/100
|move|p2a: Buzzwole|Close Combat|p1a: Toxapex
|-resisted|p1a: Toxapex
|-damage|p1a: Toxapex|73/100
|-unboost|p2a: Buzzwole|def|1
|-unboost|p2a: Buzzwole|spd|1
|
|-heal|p1a: Toxapex|79/100|[from] item: Black Sludge
|upkeep
|turn|2
|
|t:|1647891233
|move|p2a: Buzzwole|Thunder Punch|p1a: Toxapex
|-supereffective|p1a: Toxapex
|-damage|p1a: Toxapex|36/100
|move|p1a: Toxapex|Toxic|p2a: Buzzwole
|-status|p2a: Buzzwole|tox
|
|-heal|p1a: Toxapex|43/100|[from] item: Black Sludge
|-damage|p2a: Buzzwole|94/100 tox|[from] psn
|upkeep
|turn|3
|j| galaxy619ivory
|c|☆beastyj157|ig
|
|t:|1647891243
|switch|p1a: Nidoking|Nidoking, M|100/100
|move|p2a: Buzzwole|Thunder Punch|p1a: Nidoking
|-immune|p1a: Nidoking
|
|-damage|p2a: Buzzwole|82/100 tox|[from] psn
|upkeep
|turn|4
|
|t:|1647891253
|switch|p2a: Tyranitar|Tyranitar, F|100/100
|-weather|Sandstorm|[from] ability: Sand Stream|[of] p2a: Tyranitar
|move|p1a: Nidoking|Sludge Wave|p2a: Tyranitar
|-resisted|p2a: Tyranitar
|-damage|p2a: Tyranitar|88/100
|
|-weather|Sandstorm|[upkeep]
|-heal|p2a: Tyranitar|95/100|[from] item: Leftovers
|upkeep
|turn|5
|
|t:|1647891267
|switch|p1a: Dragonite|Dragonite, F|100/100
|move|p2a: Tyranitar|Rock Blast|p1a: Dragonite
|-supereffective|p1a: Dragonite
|-damage|p1a: Dragonite|93/100
|-supereffective|p1a: Dragonite
|-damage|p1a: Dragonite|77/100
|-supereffective|p1a: Dragonite
|-damage|p1a: Dragonite|63/100
|-supereffective|p1a: Dragonite
|-damage|p1a: Dragonite|47/100
|-supereffective|p1a: Dragonite
|-damage|p1a: Dragonite|31/100
|-hitcount|p1a: Dragonite|5
|
|-weather|Sandstorm|[upkeep]
|-damage|p1a: Dragonite|25/100|[from] Sandstorm
|-heal|p2a: Tyranitar|100/100|[from] item: Leftovers
|upkeep
|turn|6
|
|t:|1647891282
|move|p1a: Dragonite|Roost|p1a: Dragonite
|-heal|p1a: Dragonite|75/100
|-singleturn|p1a: Dragonite|move: Roost
|move|p2a: Tyranitar|Stealth Rock|p1a: Dragonite
|-sidestart|p1: beastyj157|move: Stealth Rock
|
|-weather|Sandstorm|[upkeep]
|-damage|p1a: Dragonite|69/100|[from] Sandstorm
|upkeep
|turn|7
|
|t:|1647891291
|move|p1a: Dragonite|Roost|p1a: Dragonite
|-heal|p1a: Dragonite|100/100
|-singleturn|p1a: Dragonite|move: Roost
|move|p2a: Tyranitar|Rock Blast|p1a: Dragonite
|-damage|p1a: Dragonite|97/100
|-damage|p1a: Dragonite|90/100
|-damage|p1a: Dragonite|82/100
|-damage|p1a: Dragonite|74/100
|-damage|p1a: Dragonite|67/100
|-hitcount|p1a: Dragonite|5
|
|-weather|Sandstorm|[upkeep]
|-damage|p1a: Dragonite|60/100|[from] Sandstorm
|upkeep
|turn|8
|
|t:|1647891304
|move|p1a: Dragonite|Roost|p1a: Dragonite
|-heal|p1a: Dragonite|100/100
|-singleturn|p1a: Dragonite|move: Roost
|move|p2a: Tyranitar|Rock Blast|p1a: Dragonite
|-damage|p1a: Dragonite|97/100
|-damage|p1a: Dragonite|89/100
|-damage|p1a: Dragonite|81/100
|-hitcount|p1a: Dragonite|3
|
|-weather|none
|upkeep
|turn|9
|
|t:|1647891325
|switch|p1a: Tauros|Tauros, M|100/100
|-damage|p1a: Tauros|88/100|[from] Stealth Rock
|move|p2a: Tyranitar|Rock Blast|p1a: Tauros
|-damage|p1a: Tauros|75/100
|-damage|p1a: Tauros|62/100
|-damage|p1a: Tauros|47/100
|-hitcount|p1a: Tauros|3
|
|upkeep
|turn|10
|c|☆beastyj157|oops
|
|t:|1647891341
|switch|p2a: Rillaboom|Rillaboom, M|100/100
|-fieldstart|move: Grassy Terrain|[from] ability: Grassy Surge|[of] p2a: Rillaboom
|move|p1a: Tauros|Close Combat|p2a: Rillaboom
|-damage|p2a: Rillaboom|51/100
|-unboost|p1a: Tauros|def|1
|-unboost|p1a: Tauros|spd|1
|-damage|p1a: Tauros|37/100|[from] item: Life Orb
|
|-heal|p1a: Tauros|43/100|[from] Grassy Terrain
|-heal|p2a: Rillaboom|57/100|[from] Grassy Terrain
|upkeep
|turn|11
|c|☆beastyj157|dang tried it
|
|t:|1647891353
|switch|p1a: Dragonite|Dragonite, F|81/100
|move|p2a: Rillaboom|Grassy Glide|p1a: Dragonite
|-resisted|p1a: Dragonite
|-damage|p1a: Dragonite|69/100
|
|-heal|p2a: Rillaboom|63/100|[from] Grassy Terrain
|upkeep
|turn|12
|
|t:|1647891364
|switch|p2a: Buzzwole|Buzzwole|82/100 tox
|move|p1a: Dragonite|Ice Beam|p2a: Buzzwole
|-damage|p2a: Buzzwole|51/100 tox
|
|-heal|p2a: Buzzwole|57/100 tox|[from] Grassy Terrain
|-damage|p2a: Buzzwole|51/100 tox|[from] psn
|upkeep
|turn|13
|
|t:|1647891377
|move|p2a: Buzzwole|Close Combat|p1a: Dragonite
|-resisted|p1a: Dragonite
|-damage|p1a: Dragonite|47/100
|-unboost|p2a: Buzzwole|def|1
|-unboost|p2a: Buzzwole|spd|1
|move|p1a: Dragonite|Roost|p1a: Dragonite
|-heal|p1a: Dragonite|97/100
|-singleturn|p1a: Dragonite|move: Roost
|
|-heal|p2a: Buzzwole|57/100 tox|[from] Grassy Terrain
|-heal|p1a: Dragonite|100/100|[from] Grassy Terrain
|-damage|p2a: Buzzwole|45/100 tox|[from] psn
|upkeep
|turn|14
|
|t:|1647891389
|move|p2a: Buzzwole|Ice Punch|p1a: Dragonite
|-supereffective|p1a: Dragonite
|-damage|p1a: Dragonite|64/100
|-status|p1a: Dragonite|frz
|cant|p1a: Dragonite|frz
|
|-heal|p2a: Buzzwole|51/100 tox|[from] Grassy Terrain
|-damage|p2a: Buzzwole|32/100 tox|[from] psn
|-fieldend|move: Grassy Terrain
|upkeep
|turn|15
|c|☆beastyj157|ok
|
|t:|1647891400
|switch|p1a: Toxapex|Toxapex, M|76/100
|-damage|p1a: Toxapex|63/100|[from] Stealth Rock
|move|p2a: Buzzwole|Ice Punch|p1a: Toxapex
|-resisted|p1a: Toxapex
|-damage|p1a: Toxapex|52/100
|
|-heal|p1a: Toxapex|58/100|[from] item: Black Sludge
|-damage|p2a: Buzzwole|8/100 tox|[from] psn
|upkeep
|turn|16
|
|t:|1647891410
|move|p2a: Buzzwole|Thunder Punch|p1a: Toxapex
|-supereffective|p1a: Toxapex
|-crit|p1a: Toxapex
|-damage|p1a: Toxapex|0 fnt
|faint|p1a: Toxapex
|-ability|p2a: Buzzwole|Beast Boost|boost
|-boost|p2a: Buzzwole|atk|1
|
|-damage|p2a: Buzzwole|0 fnt|[from] psn
|faint|p2a: Buzzwole
|upkeep
|c|☆beastyj157|OK
|c|☆Homicidal Santa|we love to see it
|c|☆Homicidal Santa|the lucky freeze
|
|t:|1647891433
|switch|p2a: Excadrill|Excadrill, M|100/100
|switch|p1a: Nidoking|Nidoking, M|100/100
|-ability|p2a: Excadrill|Mold Breaker
|-damage|p1a: Nidoking|95/100|[from] Stealth Rock
|turn|17
|
|t:|1647891443
|switch|p1a: Dragonite|Dragonite, F|64/100 frz
|move|p2a: Excadrill|Earthquake|p1a: Dragonite
|-immune|p1a: Dragonite
|
|upkeep
|turn|18
|
|t:|1647891450
|move|p2a: Excadrill|Iron Head|p1a: Dragonite
|-damage|p1a: Dragonite|35/100 frz
|cant|p1a: Dragonite|frz
|
|upkeep
|turn|19
|
|t:|1647891455
|move|p2a: Excadrill|Iron Head|p1a: Dragonite
|-damage|p1a: Dragonite|8/100 frz
|cant|p1a: Dragonite|frz
|
|upkeep
|turn|20
|
|t:|1647891460
|move|p2a: Excadrill|Iron Head|p1a: Dragonite
|-damage|p1a: Dragonite|0 fnt
|faint|p1a: Dragonite
|
|upkeep
|
|t:|1647891466
|switch|p1a: Tauros|Tauros, M|43/100
|-damage|p1a: Tauros|31/100|[from] Stealth Rock
|turn|21
|
|t:|1647891473
|switch|p2a: Dragapult|Dragapult, M|100/100
|move|p1a: Tauros|Close Combat|p2a: Dragapult
|-immune|p2a: Dragapult
|
|upkeep
|turn|22
|
|t:|1647891482
|switch|p1a: Magnezone|Magnezone|100/100
|-damage|p1a: Magnezone|94/100|[from] Stealth Rock
|move|p2a: Dragapult|Draco Meteor|p1a: Magnezone
|-resisted|p1a: Magnezone
|-damage|p1a: Magnezone|38/100
|-unboost|p2a: Dragapult|spa|2
|
|-heal|p1a: Magnezone|44/100|[from] item: Leftovers
|upkeep
|turn|23
|j| whygopprn
|
|t:|1647891502
|move|p2a: Dragapult|Draco Meteor|p1a: Magnezone
|-resisted|p1a: Magnezone
|-damage|p1a: Magnezone|16/100
|-unboost|p2a: Dragapult|spa|2
|move|p1a: Magnezone|Body Press|p2a: Dragapult
|-immune|p2a: Dragapult
|
|-heal|p1a: Magnezone|22/100|[from] item: Leftovers
|upkeep
|turn|24
|l| whygopprn
|
|t:|1647891511
|switch|p1a: Weavile|Weavile, M|100/100
|-ability|p1a: Weavile|Pressure
|move|p2a: Dragapult|Draco Meteor|p1a: Weavile
|-damage|p1a: Weavile|64/100
|-unboost|p2a: Dragapult|spa|2
|
|upkeep
|turn|25
|
|t:|1647891521
|switch|p2a: Excadrill|Excadrill, M|100/100
|-ability|p2a: Excadrill|Mold Breaker
|move|p1a: Weavile|Triple Axel|p2a: Excadrill
|-damage|p2a: Excadrill|84/100
|-damage|p2a: Excadrill|55/100
|-damage|p2a: Excadrill|8/100
|-hitcount|p2a: Excadrill|3
|
|-heal|p2a: Excadrill|14/100|[from] item: Leftovers
|upkeep
|turn|26
|
|t:|1647891532
|move|p1a: Weavile|Knock Off|p2a: Excadrill
|-damage|p2a: Excadrill|0 fnt
|-enditem|p2a: Excadrill|Leftovers|[from] move: Knock Off|[of] p1a: Weavile
|faint|p2a: Excadrill
|
|upkeep
|
|t:|1647891546
|switch|p2a: Tyranitar|Tyranitar, F|100/100
|-weather|Sandstorm|[from] ability: Sand Stream|[of] p2a: Tyranitar
|turn|27
|
|t:|1647891551
|switch|p1a: Magnezone|Magnezone|22/100
|-damage|p1a: Magnezone|16/100|[from] Stealth Rock
|move|p2a: Tyranitar|Rock Blast|p1a: Magnezone|[miss]
|-miss|p2a: Tyranitar|p1a: Magnezone
|
|-weather|Sandstorm|[upkeep]
|-heal|p1a: Magnezone|22/100|[from] item: Leftovers
|upkeep
|turn|28
|
|t:|1647891560
|move|p1a: Magnezone|Body Press|p2a: Tyranitar
|-supereffective|p2a: Tyranitar
|-damage|p2a: Tyranitar|26/100
|move|p2a: Tyranitar|Rock Blast|p1a: Magnezone
|-resisted|p1a: Magnezone
|-damage|p1a: Magnezone|18/100
|-resisted|p1a: Magnezone
|-damage|p1a: Magnezone|13/100
|-hitcount|p1a: Magnezone|2
|
|-weather|Sandstorm|[upkeep]
|-heal|p1a: Magnezone|19/100|[from] item: Leftovers
|-heal|p2a: Tyranitar|32/100|[from] item: Leftovers
|upkeep
|turn|29
|
|t:|1647891573
|switch|p2a: Dragapult|Dragapult, M|100/100
|move|p1a: Magnezone|Thunderbolt|p2a: Dragapult
|-resisted|p2a: Dragapult
|-damage|p2a: Dragapult|73/100
|
|-weather|Sandstorm|[upkeep]
|-damage|p2a: Dragapult|67/100|[from] Sandstorm
|-heal|p1a: Magnezone|25/100|[from] item: Leftovers
|upkeep
|turn|30
|c|☆beastyj157|NICE
|
|t:|1647891582
|move|p2a: Dragapult|Shadow Ball|p1a: Magnezone
|-damage|p1a: Magnezone|0 fnt
|faint|p1a: Magnezone
|
|-weather|Sandstorm|[upkeep]
|-damage|p2a: Dragapult|61/100|[from] Sandstorm
|upkeep
|
|t:|1647891584
|switch|p1a: Weavile|Weavile, M|64/100
|-ability|p1a: Weavile|Pressure
|turn|31
|
|t:|1647891592
|move|p2a: Dragapult|Shadow Ball|p1a: Weavile
|-resisted|p1a: Weavile
|-damage|p1a: Weavile|30/100
|move|p1a: Weavile|Triple Axel|p2a: Dragapult
|-supereffective|p2a: Dragapult
|-damage|p2a: Dragapult|33/100
|-supereffective|p2a: Dragapult
|-damage|p2a: Dragapult|0 fnt
|faint|p2a: Dragapult
|-hitcount|p2: Dragapult|2
|
|-weather|none
|upkeep
|
|t:|1647891608
|switch|p2a: Tyranitar|Tyranitar, F|32/100
|-weather|Sandstorm|[from] ability: Sand Stream|[of] p2a: Tyranitar
|turn|32
|
|t:|1647891612
|move|p1a: Weavile|Triple Axel|p2a: Tyranitar
|-damage|p2a: Tyranitar|24/100
|-damage|p2a: Tyranitar|6/100
|-crit|p2a: Tyranitar
|-damage|p2a: Tyranitar|0 fnt
|faint|p2a: Tyranitar
|-hitcount|p2: Tyranitar|3
|
|-weather|Sandstorm|[upkeep]
|-damage|p1a: Weavile|24/100|[from] Sandstorm
|upkeep
|j|%htcl (>◡<)
|c|☆Homicidal Santa|if i lose this ill never forgive myself
|
|t:|1647891632
|switch|p2a: Rillaboom|Rillaboom, M|63/100
|-fieldstart|move: Grassy Terrain|[from] ability: Grassy Surge|[of] p2a: Rillaboom
|turn|33
|
|t:|1647891651
|switch|p1a: Tauros|Tauros, M|31/100
|-damage|p1a: Tauros|19/100|[from] Stealth Rock
|move|p2a: Rillaboom|Grassy Glide|p1a: Tauros
|-damage|p1a: Tauros|0 fnt
|faint|p1a: Tauros
|
|-weather|Sandstorm|[upkeep]
|-damage|p2a: Rillaboom|57/100|[from] Sandstorm
|-heal|p2a: Rillaboom|63/100|[from] Grassy Terrain
|upkeep
|inactive|beastyj157 has 120 seconds left.
|c|☆beastyj157|ive lost
|c|☆Homicidal Santa|no ive lose
|inactive|beastyj157 has 90 seconds left.
|c|☆Homicidal Santa|fs
|c|☆beastyj157|shard doesnt kill lol
|
|t:|1647891716
|switch|p1a: Nidoking|Nidoking, M|95/100
|-damage|p1a: Nidoking|89/100|[from] Stealth Rock
|turn|34
|
|t:|1647891730
|move|p2a: Rillaboom|Grassy Glide|p1a: Nidoking
|-damage|p1a: Nidoking|0 fnt
|faint|p1a: Nidoking
|
|-weather|Sandstorm|[upkeep]
|-damage|p2a: Rillaboom|57/100|[from] Sandstorm
|-heal|p2a: Rillaboom|63/100|[from] Grassy Terrain
|upkeep
|
|t:|1647891733
|switch|p1a: Weavile|Weavile, M|24/100
|-ability|p1a: Weavile|Pressure
|turn|35
|c|☆beastyj157|ye gg
|
|t:|1647891741
|move|p1a: Weavile|Ice Shard|p2a: Rillaboom
|-supereffective|p2a: Rillaboom
|-damage|p2a: Rillaboom|18/100
|move|p2a: Rillaboom|Grassy Glide|p1a: Weavile
|-damage|p1a: Weavile|0 fnt
|faint|p1a: Weavile
|
|win|Homicidal Santa
|n|☆beastyj157|beastyj157
|n|☆Homicidal Santa|homicidalsanta
|n|+Math.y|mathy
|n| RedDiamond1024|reddiamond1024
|n| galaxy619ivory|galaxy619ivory
|n| htcl (>◡<)|htcl
