|raw|<div class="broadcast-blue"><strong>This battle is required to be public due to a player having a name starting with 'lt94je'.</div>
|j|☆bramitoboy
|j|‽LT94JEwangyu
|t:|1661587920
|gametype|singles
|player|p1|bramitoboy|265|1837
|player|p2|LT94JEwangyu|skierf|1861
|teamsize|p1|6
|teamsize|p2|6
|gen|8
|tier|[Gen 8] OU
|rated|
|rule|Sleep Clause Mod: Limit one foe put to sleep
|rule|Species Clause: Limit one of each Pokémon
|rule|OHKO Clause: OHKO moves are banned
|rule|Evasion Items Clause: Evasion items are banned
|rule|Evasion Moves Clause: Evasion moves are banned
|rule|Endless Battle Clause: Forcing endless battles is banned
|rule|HP Percentage Mod: HP is shown in percentages
|rule|Dynamax Clause: You cannot dynamax
|clearpoke
|poke|p1|Zarude-Dada|
|poke|p1|Keldeo-Resolute|
|poke|p1|Tapu Lele|
|poke|p1|Tapu Koko|
|poke|p1|Heatran, F|
|poke|p1|Landorus-Therian, M|
|poke|p2|Corviknight, F|
|poke|p2|Jirachi|
|poke|p2|Blissey, F|
|poke|p2|Toxapex, F|
|poke|p2|Quagsire, F|
|poke|p2|Zapdos|
|teampreview
|j| cypherstest
|inactive|Battle timer is ON: inactive players will automatically lose when time's up. (requested by bramitoboy)
|j| Mimikyu Stardust
|
|t:|1661587952
|start
|switch|p1a: Keldeo|Keldeo-Resolute|100/100
|switch|p2a: Toxapex|Toxapex, F|100/100
|turn|1
|
|t:|1661587960
|move|p1a: Keldeo|Substitute|p1a: Keldeo
|-start|p1a: Keldeo|Substitute
|-damage|p1a: Keldeo|75/100
|move|p2a: Toxapex|Knock Off|p1a: Keldeo
|-resisted|p1a: Keldeo
|-activate|p1a: Keldeo|move: Substitute|[damage]
|
|-heal|p1a: Keldeo|82/100|[from] item: Leftovers
|upkeep
|turn|2
|
|t:|1661587969
|move|p1a: Keldeo|Scald|p2a: Toxapex
|-resisted|p2a: Toxapex
|-damage|p2a: Toxapex|83/100
|move|p2a: Toxapex|Scald|p1a: Keldeo
|-resisted|p1a: Keldeo
|-activate|p1a: Keldeo|move: Substitute|[damage]
|
|-heal|p1a: Keldeo|88/100|[from] item: Leftovers
|upkeep
|turn|3
|
|t:|1661587977
|switch|p2a: Blissey|Blissey, F|100/100
|move|p1a: Keldeo|Calm Mind|p1a: Keldeo
|-boost|p1a: Keldeo|spa|1
|-boost|p1a: Keldeo|spd|1
|
|-heal|p1a: Keldeo|94/100|[from] item: Leftovers
|upkeep
|turn|4
|
|t:|1661587981
|switch|p2a: Toxapex|Toxapex, F|100/100
|move|p1a: Keldeo|Calm Mind|p1a: Keldeo
|-boost|p1a: Keldeo|spa|1
|-boost|p1a: Keldeo|spd|1
|
|-heal|p1a: Keldeo|99/100|[from] item: Leftovers
|upkeep
|turn|5
|j| Forwards
|
|t:|1661587987
|move|p1a: Keldeo|Scald|p2a: Toxapex
|-resisted|p2a: Toxapex
|-damage|p2a: Toxapex|63/100
|move|p2a: Toxapex|Recover|p2a: Toxapex
|-heal|p2a: Toxapex|100/100
|
|-heal|p1a: Keldeo|100/100|[from] item: Leftovers
|upkeep
|turn|6
|j| 3d
|j| return nirvana
|l| 3d
|
|t:|1661587995
|move|p1a: Keldeo|Calm Mind|p1a: Keldeo
|-boost|p1a: Keldeo|spa|1
|-boost|p1a: Keldeo|spd|1
|move|p2a: Toxapex|Knock Off|p1a: Keldeo
|-resisted|p1a: Keldeo
|-end|p1a: Keldeo|Substitute
|
|upkeep
|turn|7
|j| tamadie
|l| tamadie
|
|t:|1661588001
|switch|p2a: Quagsire|Quagsire, F|100/100
|move|p1a: Keldeo|Substitute|p1a: Keldeo
|-start|p1a: Keldeo|Substitute
|-damage|p1a: Keldeo|75/100
|
|-heal|p1a: Keldeo|82/100|[from] item: Leftovers
|upkeep
|turn|8
|
|t:|1661588005
|move|p1a: Keldeo|Scald|p2a: Quagsire
|-damage|p2a: Quagsire|53/100
|move|p2a: Quagsire|Earthquake|p1a: Keldeo
|-end|p1a: Keldeo|Substitute
|
|-heal|p1a: Keldeo|88/100|[from] item: Leftovers
|-heal|p2a: Quagsire|59/100|[from] item: Leftovers
|upkeep
|turn|9
|
|t:|1661588010
|move|p1a: Keldeo|Scald|p2a: Quagsire
|-damage|p2a: Quagsire|8/100
|move|p2a: Quagsire|Recover|p2a: Quagsire
|-heal|p2a: Quagsire|58/100
|
|-heal|p1a: Keldeo|94/100|[from] item: Leftovers
|-heal|p2a: Quagsire|64/100|[from] item: Leftovers
|upkeep
|turn|10
|
|t:|1661588017
|move|p1a: Keldeo|Scald|p2a: Quagsire
|-damage|p2a: Quagsire|15/100
|move|p2a: Quagsire|Toxic|p1a: Keldeo
|-status|p1a: Keldeo|tox
|
|-heal|p1a: Keldeo|99/100 tox|[from] item: Leftovers
|-heal|p2a: Quagsire|22/100|[from] item: Leftovers
|-damage|p1a: Keldeo|94/100 tox|[from] psn
|upkeep
|turn|11
|
|t:|1661588024
|switch|p2a: Toxapex|Toxapex, F|100/100
|move|p1a: Keldeo|Scald|p2a: Toxapex
|-resisted|p2a: Toxapex
|-damage|p2a: Toxapex|58/100
|
|-heal|p1a: Keldeo|99/100 tox|[from] item: Leftovers
|-damage|p1a: Keldeo|88/100 tox|[from] psn
|upkeep
|turn|12
|
|t:|1661588034
|switch|p1a: Tapu Lele|Tapu Lele|100/100
|-fieldstart|move: Psychic Terrain|[from] ability: Psychic Surge|[of] p1a: Tapu Lele
|move|p2a: Toxapex|Recover|p2a: Toxapex
|-heal|p2a: Toxapex|100/100
|
|upkeep
|turn|13
|
|t:|1661588046
|switch|p1a: Zarude|Zarude-Dada|100/100
|switch|p2a: Jirachi|Jirachi|100/100
|
|upkeep
|turn|14
|
|t:|1661588050
|switch|p2a: Corviknight|Corviknight, F|100/100
|-ability|p2a: Corviknight|Pressure
|move|p1a: Zarude|Bulk Up|p1a: Zarude
|-boost|p1a: Zarude|atk|1
|-boost|p1a: Zarude|def|1
|
|upkeep
|turn|15
|
|t:|1661588054
|move|p1a: Zarude|Bulk Up|p1a: Zarude
|-boost|p1a: Zarude|atk|1
|-boost|p1a: Zarude|def|1
|move|p2a: Corviknight|Brave Bird|p1a: Zarude
|-supereffective|p1a: Zarude
|-damage|p1a: Zarude|64/100
|-damage|p2a: Corviknight|90/100|[from] Recoil
|
|upkeep
|turn|16
|
|t:|1661588060
|move|p1a: Zarude|Bulk Up|p1a: Zarude
|-boost|p1a: Zarude|atk|1
|-boost|p1a: Zarude|def|1
|move|p2a: Corviknight|Brave Bird|p1a: Zarude
|-supereffective|p1a: Zarude
|-damage|p1a: Zarude|36/100
|-damage|p2a: Corviknight|82/100|[from] Recoil
|
|-fieldend|move: Psychic Terrain
|upkeep
|turn|17
|
|t:|1661588066
|move|p1a: Zarude|Synthesis|p1a: Zarude
|-heal|p1a: Zarude|86/100
|move|p2a: Corviknight|Brave Bird|p1a: Zarude
|-supereffective|p1a: Zarude
|-damage|p1a: Zarude|58/100
|-damage|p2a: Corviknight|74/100|[from] Recoil
|
|upkeep
|turn|18
|
|t:|1661588072
|move|p1a: Zarude|Synthesis|p1a: Zarude
|-heal|p1a: Zarude|100/100
|move|p2a: Corviknight|U-turn|p1a: Zarude
|-supereffective|p1a: Zarude
|-damage|p1a: Zarude|77/100
|
|t:|1661588084
|switch|p2a: Zapdos|Zapdos|100/100|[from]move: U-turn
|-ability|p2a: Zapdos|Pressure
|
|upkeep
|turn|19
|
|t:|1661588087
|move|p1a: Zarude|Darkest Lariat|p2a: Zapdos
|-crit|p2a: Zapdos
|-damage|p2a: Zapdos|0 fnt
|faint|p2a: Zapdos
|-damage|p1a: Zarude|67/100|[from] item: Life Orb
|
|upkeep
|
|t:|1661588092
|switch|p2a: Corviknight|Corviknight, F|74/100
|-ability|p2a: Corviknight|Pressure
|turn|20
|
|t:|1661588096
|move|p1a: Zarude|Bulk Up|p1a: Zarude
|-boost|p1a: Zarude|atk|1
|-boost|p1a: Zarude|def|1
|move|p2a: Corviknight|Roost|p2a: Corviknight
|-heal|p2a: Corviknight|100/100
|-singleturn|p2a: Corviknight|move: Roost
|
|upkeep
|turn|21
|c|☆bramitoboy|gg
|
|t:|1661588121
|move|p1a: Zarude|Bulk Up|p1a: Zarude
|-boost|p1a: Zarude|atk|1
|-boost|p1a: Zarude|def|1
|move|p2a: Corviknight|Brave Bird|p1a: Zarude
|-supereffective|p1a: Zarude
|-damage|p1a: Zarude|46/100
|-damage|p2a: Corviknight|94/100|[from] Recoil
|
|upkeep
|turn|22
|
|t:|1661588127
|move|p1a: Zarude|Synthesis|p1a: Zarude
|-heal|p1a: Zarude|96/100
|move|p2a: Corviknight|Brave Bird|p1a: Zarude
|-supereffective|p1a: Zarude
|-damage|p1a: Zarude|77/100
|-damage|p2a: Corviknight|89/100|[from] Recoil
|
|upkeep
|turn|23
|
|t:|1661588132
|move|p1a: Zarude|Darkest Lariat|p2a: Corviknight
|-damage|p2a: Corviknight|0 fnt
|faint|p2a: Corviknight
|-damage|p1a: Zarude|68/100|[from] item: Life Orb
|
|upkeep
|-message|LT94JEwangyu forfeited.
|
|win|bramitoboy
|raw|bramitoboy's rating: 1837 &rarr; <strong>1858</strong><br />(+21 for winning)
|raw|LT94JEwangyu's rating: 1861 &rarr; <strong>1840</strong><br />(-21 for losing)
|l|‽LT94JEwangyu
|l|☆bramitoboy
|l| Forwards
|l| return nirvana
|l| cypherstest
|l| Mimikyu Stardust
|j| Color my life
