|j|☆NeoNaruto®++
|j|☆xyz anxiety
|inactive|Battle timer is ON: inactive players will automatically lose when time's up.
|t:|1663766584
|gametype|singles
|player|p1|NeoNaruto®++|burglar-gen1rb|
|player|p2|xyz anxiety|scubadiver|
|teamsize|p1|6
|teamsize|p2|6
|gen|8
|tier|[Gen 8] OU
|rated|Tournament battle
|rule|Sleep Clause Mod: Limit one foe put to sleep
|rule|Species Clause: Limit one of each Pokémon
|rule|OHKO Clause: OHKO moves are banned
|rule|Evasion Items Clause: Evasion items are banned
|rule|Evasion Moves Clause: Evasion moves are banned
|rule|Endless Battle Clause: Forcing endless battles is banned
|rule|HP Percentage Mod: HP is shown in percentages
|rule|Dynamax Clause: You cannot dynamax
|clearpoke
|poke|p1|Landorus-Therian, M|
|poke|p1|Slowbro, F|
|poke|p1|Tapu Koko|
|poke|p1|Dragonite, M|
|poke|p1|Darmanitan, F|
|poke|p1|Tyranitar, M|
|poke|p2|Mew|
|poke|p2|Dragapult, F|
|poke|p2|Blaziken, F|
|poke|p2|Weavile, M|
|poke|p2|Kartana|
|poke|p2|Landorus-Therian, M|
|teampreview
|inactive|NeoNaruto®++ also wants the timer to be on.
|inactive|xyz anxiety also wants the timer to be on.
|j| Vaush Rad
|l| Vaush Rad
|inactive|xyz anxiety has 120 seconds left.
|
|t:|1663766621
|start
|switch|p1a: Bernie Landers|Landorus-Therian, M|100/100
|switch|p2a: Mew|Mew|100/100
|-ability|p1a: Bernie Landers|Intimidate|boost
|-unboost|p2a: Mew|atk|1
|turn|1
|
|t:|1663766625
|switch|p1a: PURRP FOR SALE|Darmanitan, F|100/100
|move|p2a: Mew|Stealth Rock|p1a: PURRP FOR SALE
|-sidestart|p1: NeoNaruto®++|move: Stealth Rock
|
|upkeep
|turn|2
|
|t:|1663766628
|move|p2a: Mew|Spikes|p1a: PURRP FOR SALE
|-sidestart|p1: NeoNaruto®++|Spikes
|move|p1a: PURRP FOR SALE|Flare Blitz|p2a: Mew
|-damage|p2a: Mew|20/100
|-damage|p1a: PURRP FOR SALE|70/100|[from] Recoil
|
|upkeep
|turn|3
|
|t:|1663766636
|move|p2a: Mew|Spikes|p1a: PURRP FOR SALE
|-sidestart|p1: NeoNaruto®++|Spikes
|move|p1a: PURRP FOR SALE|Flare Blitz|p2a: Mew
|-damage|p2a: Mew|0 fnt
|faint|p2a: Mew
|-damage|p1a: PURRP FOR SALE|63/100|[from] Recoil
|
|upkeep
|
|t:|1663766638
|switch|p2a: Dragapult|Dragapult, F|100/100
|turn|4
|
|t:|1663766645
|switch|p1a: DA LAST REX(3005)|Tyranitar, M|100/100
|-damage|p1a: DA LAST REX(3005)|88/100|[from] Stealth Rock
|-damage|p1a: DA LAST REX(3005)|72/100|[from] Spikes
|-weather|Sandstorm|[from] ability: Sand Stream|[of] p1a: DA LAST REX(3005)
|move|p2a: Dragapult|Shadow Ball|p1a: DA LAST REX(3005)
|-resisted|p1a: DA LAST REX(3005)
|-damage|p1a: DA LAST REX(3005)|64/100
|
|-weather|Sandstorm|[upkeep]
|-damage|p2a: Dragapult|95/100|[from] Sandstorm
|upkeep
|turn|5
|
|t:|1663766650
|switch|p2a: Blaziken|Blaziken, F|100/100
|-item|p2a: Blaziken|Air Balloon
|move|p1a: DA LAST REX(3005)|Stone Edge|p2a: Blaziken|[miss]
|-miss|p1a: DA LAST REX(3005)|p2a: Blaziken
|
|-weather|Sandstorm|[upkeep]
|-damage|p2a: Blaziken|95/100|[from] Sandstorm
|upkeep
|turn|6
|
|t:|1663766657
|switch|p1a: Bernie Landers|Landorus-Therian, M|100/100
|-damage|p1a: Bernie Landers|88/100|[from] Stealth Rock
|-ability|p1a: Bernie Landers|Intimidate|boost
|-unboost|p2a: Blaziken|atk|1
|move|p2a: Blaziken|Swords Dance|p2a: Blaziken
|-boost|p2a: Blaziken|atk|2
|
|-weather|Sandstorm|[upkeep]
|-damage|p2a: Blaziken|89/100|[from] Sandstorm
|-ability|p2a: Blaziken|Speed Boost|boost
|-boost|p2a: Blaziken|spe|1
|upkeep
|turn|7
|
|t:|1663766662
|switch|p1a: spvceghvstpvrrp|Slowbro, F, shiny|100/100
|-damage|p1a: spvceghvstpvrrp|88/100|[from] Stealth Rock
|-damage|p1a: spvceghvstpvrrp|72/100|[from] Spikes
|move|p2a: Blaziken|Swords Dance|p2a: Blaziken
|-boost|p2a: Blaziken|atk|2
|
|-weather|Sandstorm|[upkeep]
|-damage|p2a: Blaziken|83/100|[from] Sandstorm
|-damage|p1a: spvceghvstpvrrp|65/100|[from] Sandstorm
|-ability|p2a: Blaziken|Speed Boost|boost
|-boost|p2a: Blaziken|spe|1
|upkeep
|turn|8
|
|t:|1663766677
|move|p2a: Blaziken|Flare Blitz|p1a: spvceghvstpvrrp
|-resisted|p1a: spvceghvstpvrrp
|-crit|p1a: spvceghvstpvrrp
|-damage|p1a: spvceghvstpvrrp|0 fnt
|-damage|p2a: Blaziken|66/100|[from] item: Rocky Helmet|[of] p1a: spvceghvstpvrrp
|faint|p1a: spvceghvstpvrrp
|-damage|p2a: Blaziken|38/100|[from] Recoil
|
|-weather|none
|-ability|p2a: Blaziken|Speed Boost|boost
|-boost|p2a: Blaziken|spe|1
|upkeep
|
|t:|1663766680
|switch|p1a: Fat Charizard|Dragonite, M, shiny|100/100
|turn|9
|
|t:|1663766682
|move|p1a: Fat Charizard|Extreme Speed|p2a: Blaziken
|-damage|p2a: Blaziken|0 fnt
|-enditem|p2a: Blaziken|Air Balloon
|faint|p2a: Blaziken
|
|upkeep
|
|t:|1663766684
|switch|p2a: Weavile|Weavile, M|100/100
|-ability|p2a: Weavile|Pressure
|turn|10
|
|t:|1663766691
|move|p2a: Weavile|Ice Shard|p1a: Fat Charizard
|-supereffective|p1a: Fat Charizard
|-damage|p1a: Fat Charizard|37/100
|-damage|p2a: Weavile|91/100|[from] item: Life Orb
|move|p1a: Fat Charizard|Dual Wingbeat|p2a: Weavile|[miss]
|-miss|p1a: Fat Charizard|p2a: Weavile
|
|upkeep
|turn|11
|c|☆xyz anxiety|easy
|
|t:|1663766699
|switch|p1a: Bernie Landers|Landorus-Therian, M|88/100
|-damage|p1a: Bernie Landers|76/100|[from] Stealth Rock
|-ability|p1a: Bernie Landers|Intimidate|boost
|-unboost|p2a: Weavile|atk|1
|move|p2a: Weavile|Ice Shard|p1a: Bernie Landers
|-supereffective|p1a: Bernie Landers
|-damage|p1a: Bernie Landers|21/100
|-damage|p2a: Weavile|81/100|[from] item: Life Orb
|
|upkeep
|turn|12
|
|t:|1663766702
|move|p2a: Weavile|Ice Shard|p1a: Bernie Landers
|-supereffective|p1a: Bernie Landers
|-damage|p1a: Bernie Landers|0 fnt
|faint|p1a: Bernie Landers
|-damage|p2a: Weavile|71/100|[from] item: Life Orb
|
|upkeep
|
|t:|1663766704
|switch|p1a: VODECi|Tapu Koko|100/100
|-damage|p1a: VODECi|88/100|[from] Stealth Rock
|-damage|p1a: VODECi|72/100|[from] Spikes
|-fieldstart|move: Electric Terrain|[from] ability: Electric Surge|[of] p1a: VODECi
|turn|13
|c|☆xyz anxiety|EZ
|
|t:|1663766711
|move|p2a: Weavile|Ice Shard|p1a: VODECi
|-damage|p1a: VODECi|47/100
|-damage|p2a: Weavile|61/100|[from] item: Life Orb
|move|p1a: VODECi|Dazzling Gleam|p2a: Weavile
|-supereffective|p2a: Weavile
|-damage|p2a: Weavile|0 fnt
|faint|p2a: Weavile
|
|upkeep
|
|t:|1663766713
|switch|p2a: Kartana|Kartana|100/100
|turn|14
|
|t:|1663766717
|move|p2a: Kartana|Smart Strike|p1a: VODECi
|-damage|p1a: VODECi|0 fnt
|faint|p1a: VODECi
|-ability|p2a: Kartana|Beast Boost|boost
|-boost|p2a: Kartana|atk|1
|
|upkeep
|
|t:|1663766719
|switch|p1a: Fat Charizard|Dragonite, M, shiny|37/100
|turn|15
|c|☆xyz anxiety|EASY
|
|t:|1663766721
|move|p2a: Kartana|Smart Strike|p1a: Fat Charizard
|-damage|p1a: Fat Charizard|0 fnt
|faint|p1a: Fat Charizard
|-ability|p2a: Kartana|Beast Boost|boost
|-boost|p2a: Kartana|atk|1
|
|upkeep
|
|t:|1663766723
|switch|p1a: PURRP FOR SALE|Darmanitan, F|63/100
|turn|16
|c|☆xyz anxiety|EASYYYY
|
|t:|1663766727
|move|p2a: Kartana|Smart Strike|p1a: PURRP FOR SALE
|-resisted|p1a: PURRP FOR SALE
|-damage|p1a: PURRP FOR SALE|0 fnt
|faint|p1a: PURRP FOR SALE
|-ability|p2a: Kartana|Beast Boost|boost
|-boost|p2a: Kartana|atk|1
|
|upkeep
|
|t:|1663766729
|switch|p1a: DA LAST REX(3005)|Tyranitar, M|64/100
|-damage|p1a: DA LAST REX(3005)|52/100|[from] Stealth Rock
|-damage|p1a: DA LAST REX(3005)|35/100|[from] Spikes
|-weather|Sandstorm|[from] ability: Sand Stream|[of] p1a: DA LAST REX(3005)
|turn|17
|
|t:|1663766732
|move|p2a: Kartana|Smart Strike|p1a: DA LAST REX(3005)
|-supereffective|p1a: DA LAST REX(3005)
|-damage|p1a: DA LAST REX(3005)|0 fnt
|faint|p1a: DA LAST REX(3005)
|
|win|xyz anxiety
|n|☆NeoNaruto®++|neonaruto
|n|☆xyz anxiety|xyzanxiety
