|j|☆Adel19
|j|☆Pokemon Prefect
|t:|1668063363
|gametype|singles
|player|p1|Adel19|rocketgruntf|1788
|player|p2|Pokemon Prefect|2|1684
|teamsize|p1|6
|teamsize|p2|6
|gen|8
|tier|[Gen 8] OU
|rated|
|rule|Sleep Clause Mod: Limit one foe put to sleep
|rule|Species Clause: Limit one of each Pokémon
|rule|OHKO Clause: OHKO moves are banned
|rule|Evasion Items Clause: Evasion items are banned
|rule|Evasion Moves Clause: Evasion moves are banned
|rule|Endless Battle Clause: Forcing endless battles is banned
|rule|HP Percentage Mod: HP is shown in percentages
|rule|Dynamax Clause: You cannot dynamax
|clearpoke
|poke|p1|Zapdos|
|poke|p1|Tapu Fini|
|poke|p1|Kartana|
|poke|p1|Zeraora|
|poke|p1|Landorus-Therian, M|
|poke|p1|Blissey, F|
|poke|p2|Toxapex, M|
|poke|p2|Corviknight, M|
|poke|p2|Clefable, M|
|poke|p2|Tyranitar, M|
|poke|p2|Ditto|
|poke|p2|Gastrodon, M|
|teampreview
|j| 10 Million Voices
|j| Le Herbo
|inactive|Battle timer is ON: inactive players will automatically lose when time's up. (requested by Adel19)
|
|t:|1668063393
|start
|switch|p1a: Landorus|Landorus-Therian, M|100/100
|switch|p2a: Clefable|Clefable, M|100/100
|-ability|p1a: Landorus|Intimidate|boost
|-unboost|p2a: Clefable|atk|1
|turn|1
|
|t:|1668063399
|move|p1a: Landorus|Earthquake|p2a: Clefable
|-damage|p2a: Clefable|40/100
|move|p2a: Clefable|Knock Off|p1a: Landorus
|-damage|p1a: Landorus|89/100
|-enditem|p1a: Landorus|Power Herb|[from] move: Knock Off|[of] p2a: Clefable
|
|-heal|p2a: Clefable|46/100|[from] item: Leftovers
|upkeep
|turn|2
|l| Le Herbo
|
|t:|1668063405
|switch|p2a: Corviknight|Corviknight, M|100/100
|-ability|p2a: Corviknight|Pressure
|move|p1a: Landorus|Swords Dance|p1a: Landorus
|-boost|p1a: Landorus|atk|2
|
|upkeep
|turn|3
|
|t:|1668063410
|move|p1a: Landorus|Stone Edge|p2a: Corviknight
|-damage|p2a: Corviknight|55/100
|move|p2a: Corviknight|U-turn|p1a: Landorus
|-resisted|p1a: Landorus
|-damage|p1a: Landorus|80/100
|
|t:|1668063412
|switch|p2a: Ditto|Ditto|100/100|[from]move: U-turn
|-transform|p2a: Ditto|p1a: Landorus|[from] ability: Imposter
|-ability|p2a: Ditto|Intimidate|boost
|-unboost|p1a: Landorus|atk|1
|
|upkeep
|turn|4
|j| Le Herbo
|
|t:|1668063419
|move|p2a: Ditto|Stone Edge|p1a: Landorus
|-damage|p1a: Landorus|0 fnt
|faint|p1a: Landorus
|
|upkeep
|
|t:|1668063424
|switch|p1a: Kartana|Kartana|100/100
|turn|5
|
|t:|1668063427
|switch|p2a: Toxapex|Toxapex, M|100/100
|move|p1a: Kartana|Swords Dance|p1a: Kartana
|-boost|p1a: Kartana|atk|2
|
|upkeep
|turn|6
|
|t:|1668063430
|move|p1a: Kartana|Knock Off|p2a: Toxapex
|-damage|p2a: Toxapex|62/100
|-enditem|p2a: Toxapex|Rocky Helmet|[from] move: Knock Off|[of] p1a: Kartana
|move|p2a: Toxapex|Haze|p2a: Toxapex
|-clearallboost
|
|upkeep
|turn|7
|inactive|Pokemon Prefect has 120 seconds left.
|
|t:|1668063471
|move|p1a: Kartana|Swords Dance|p1a: Kartana
|-boost|p1a: Kartana|atk|2
|move|p2a: Toxapex|Recover|p2a: Toxapex
|-heal|p2a: Toxapex|100/100
|
|upkeep
|turn|8
|
|t:|1668063476
|move|p1a: Kartana|Leaf Blade|p2a: Toxapex
|-damage|p2a: Toxapex|49/100
|move|p2a: Toxapex|Haze|p2a: Toxapex
|-clearallboost
|
|upkeep
|turn|9
|
|t:|1668063484
|switch|p2a: Corviknight|Corviknight, M|55/100
|-ability|p2a: Corviknight|Pressure
|move|p1a: Kartana|Swords Dance|p1a: Kartana
|-boost|p1a: Kartana|atk|2
|
|-heal|p2a: Corviknight|61/100|[from] item: Leftovers
|upkeep
|turn|10
|
|t:|1668063487
|move|p1a: Kartana|Knock Off|p2a: Corviknight
|-damage|p2a: Corviknight|24/100
|-enditem|p2a: Corviknight|Leftovers|[from] move: Knock Off|[of] p1a: Kartana
|move|p2a: Corviknight|U-turn|p1a: Kartana
|-damage|p1a: Kartana|89/100
|
|t:|1668063489
|switch|p2a: Ditto|Ditto|100/100|[from]move: U-turn
|-transform|p2a: Ditto|p1a: Kartana|[from] ability: Imposter
|
|upkeep
|turn|11
|
|t:|1668063493
|switch|p1a: Zapdos|Zapdos|100/100
|move|p2a: Ditto|Sacred Sword|p1a: Zapdos
|-resisted|p1a: Zapdos
|-damage|p1a: Zapdos|80/100
|
|upkeep
|turn|12
|
|t:|1668063500
|switch|p2a: Tyranitar|Tyranitar, M|100/100
|-weather|Sandstorm|[from] ability: Sand Stream|[of] p2a: Tyranitar
|move|p1a: Zapdos|Toxic|p2a: Tyranitar
|-status|p2a: Tyranitar|tox
|
|-weather|Sandstorm|[upkeep]
|-damage|p1a: Zapdos|73/100|[from] Sandstorm
|-damage|p2a: Tyranitar|94/100 tox|[from] psn
|upkeep
|turn|13
|
|t:|1668063502
|move|p1a: Zapdos|Volt Switch|p2a: Tyranitar
|-damage|p2a: Tyranitar|83/100 tox
|
|t:|1668063513
|switch|p1a: Kartana|Kartana|89/100|[from]move: Volt Switch
|move|p2a: Tyranitar|Stealth Rock|p1a: Kartana
|-sidestart|p1: Adel19|move: Stealth Rock
|
|-weather|Sandstorm|[upkeep]
|-heal|p2a: Tyranitar|89/100 tox|[from] item: Leftovers
|-damage|p2a: Tyranitar|77/100 tox|[from] psn
|upkeep
|turn|14
|
|t:|1668063535
|switch|p2a: Toxapex|Toxapex, M|82/100
|move|p1a: Kartana|Swords Dance|p1a: Kartana
|-boost|p1a: Kartana|atk|2
|
|-weather|Sandstorm|[upkeep]
|-damage|p2a: Toxapex|76/100|[from] Sandstorm
|upkeep
|turn|15
|
|t:|1668063541
|move|p1a: Kartana|Leaf Blade|p2a: Toxapex
|-damage|p2a: Toxapex|25/100
|move|p2a: Toxapex|Scald|p1a: Kartana
|-resisted|p1a: Kartana
|-damage|p1a: Kartana|69/100
|
|-weather|Sandstorm|[upkeep]
|-damage|p2a: Toxapex|19/100|[from] Sandstorm
|upkeep
|turn|16
|
|t:|1668063553
|switch|p2a: Corviknight|Corviknight, M|24/100
|-ability|p2a: Corviknight|Pressure
|move|p1a: Kartana|Leaf Blade|p2a: Corviknight
|-resisted|p2a: Corviknight
|-damage|p2a: Corviknight|12/100
|
|-weather|none
|upkeep
|turn|17
|
|t:|1668063559
|move|p1a: Kartana|Sacred Sword|p2a: Corviknight
|-damage|p2a: Corviknight|0 fnt
|faint|p2a: Corviknight
|-ability|p1a: Kartana|Beast Boost|boost
|-boost|p1a: Kartana|spe|1
|
|upkeep
|
|t:|1668063562
|switch|p2a: Ditto|Ditto|100/100
|-transform|p2a: Ditto|p1a: Kartana|[from] ability: Imposter
|turn|18
|
|t:|1668063576
|switch|p1a: Zapdos|Zapdos|73/100
|move|p2a: Ditto|Knock Off|p1a: Zapdos
|-damage|p1a: Zapdos|25/100
|-enditem|p1a: Zapdos|Heavy-Duty Boots|[from] move: Knock Off|[of] p2a: Ditto
|
|upkeep
|turn|19
|j| broked on bricks
|
|t:|1668063585
|move|p2a: Ditto|Knock Off|p1a: Zapdos
|-damage|p1a: Zapdos|0 fnt
|faint|p1a: Zapdos
|-ability|p2a: Ditto|Beast Boost|boost
|-boost|p2a: Ditto|spe|1
|
|upkeep
|
|t:|1668063587
|switch|p1a: Tapu Fini|Tapu Fini|100/100
|-damage|p1a: Tapu Fini|88/100|[from] Stealth Rock
|-fieldstart|move: Misty Terrain|[from] ability: Misty Surge|[of] p1a: Tapu Fini
|turn|20
|
|t:|1668063597
|switch|p2a: Gastrodon|Gastrodon, M|100/100
|move|p1a: Tapu Fini|Calm Mind|p1a: Tapu Fini
|-boost|p1a: Tapu Fini|spa|1
|-boost|p1a: Tapu Fini|spd|1
|
|-heal|p1a: Tapu Fini|94/100|[from] item: Leftovers
|upkeep
|turn|21
|
|t:|1668063599
|move|p1a: Tapu Fini|Moonblast|p2a: Gastrodon
|-damage|p2a: Gastrodon|64/100
|-unboost|p2a: Gastrodon|spa|1
|move|p2a: Gastrodon|Clear Smog|p1a: Tapu Fini
|-supereffective|p1a: Tapu Fini
|-crit|p1a: Tapu Fini
|-damage|p1a: Tapu Fini|67/100
|-clearboost|p1a: Tapu Fini
|
|-heal|p1a: Tapu Fini|73/100|[from] item: Leftovers
|-heal|p2a: Gastrodon|70/100|[from] item: Leftovers
|upkeep
|turn|22
|
|t:|1668063608
|move|p1a: Tapu Fini|Calm Mind|p1a: Tapu Fini
|-boost|p1a: Tapu Fini|spa|1
|-boost|p1a: Tapu Fini|spd|1
|move|p2a: Gastrodon|Earth Power|p1a: Tapu Fini
|-damage|p1a: Tapu Fini|62/100
|
|-heal|p1a: Tapu Fini|69/100|[from] item: Leftovers
|-heal|p2a: Gastrodon|77/100|[from] item: Leftovers
|upkeep
|turn|23
|
|t:|1668063612
|move|p1a: Tapu Fini|Moonblast|p2a: Gastrodon
|-damage|p2a: Gastrodon|43/100
|-unboost|p2a: Gastrodon|spa|1
|move|p2a: Gastrodon|Clear Smog|p1a: Tapu Fini
|-supereffective|p1a: Tapu Fini
|-damage|p1a: Tapu Fini|63/100
|-clearboost|p1a: Tapu Fini
|
|-heal|p1a: Tapu Fini|69/100|[from] item: Leftovers
|-heal|p2a: Gastrodon|49/100|[from] item: Leftovers
|upkeep
|turn|24
|
|t:|1668063614
|move|p1a: Tapu Fini|Taunt|p2a: Gastrodon
|-start|p2a: Gastrodon|move: Taunt
|cant|p2a: Gastrodon|move: Taunt|Recover
|
|-heal|p1a: Tapu Fini|75/100|[from] item: Leftovers
|-heal|p2a: Gastrodon|55/100|[from] item: Leftovers
|-fieldend|Misty Terrain
|upkeep
|turn|25
|j| Aes Dragon
|
|t:|1668063627
|move|p1a: Tapu Fini|Moonblast|p2a: Gastrodon
|-damage|p2a: Gastrodon|34/100
|move|p2a: Gastrodon|Clear Smog|p1a: Tapu Fini
|-supereffective|p1a: Tapu Fini
|-damage|p1a: Tapu Fini|66/100
|-clearboost|p1a: Tapu Fini
|
|-heal|p1a: Tapu Fini|72/100|[from] item: Leftovers
|-heal|p2a: Gastrodon|40/100|[from] item: Leftovers
|upkeep
|turn|26
|
|t:|1668063639
|move|p1a: Tapu Fini|Moonblast|p2a: Gastrodon
|-damage|p2a: Gastrodon|19/100
|-unboost|p2a: Gastrodon|spa|1
|move|p2a: Gastrodon|Earth Power|p1a: Tapu Fini
|-damage|p1a: Tapu Fini|62/100
|
|-heal|p1a: Tapu Fini|69/100|[from] item: Leftovers
|-heal|p2a: Gastrodon|25/100|[from] item: Leftovers
|-end|p2a: Gastrodon|move: Taunt
|upkeep
|turn|27
|j| cypherstest
|
|t:|1668063649
|switch|p2a: Clefable|Clefable, M|46/100
|move|p1a: Tapu Fini|Taunt|p2a: Clefable
|-start|p2a: Clefable|move: Taunt
|
|-heal|p1a: Tapu Fini|75/100|[from] item: Leftovers
|-heal|p2a: Clefable|52/100|[from] item: Leftovers
|upkeep
|turn|28
|
|t:|1668063652
|move|p1a: Tapu Fini|Moonblast|p2a: Clefable
|-damage|p2a: Clefable|27/100
|-unboost|p2a: Clefable|spa|1
|move|p2a: Clefable|Knock Off|p1a: Tapu Fini
|-resisted|p1a: Tapu Fini
|-damage|p1a: Tapu Fini|69/100
|-enditem|p1a: Tapu Fini|Leftovers|[from] move: Knock Off|[of] p2a: Clefable
|
|-heal|p2a: Clefable|33/100|[from] item: Leftovers
|upkeep
|turn|29
|
|t:|1668063662
|move|p1a: Tapu Fini|Moonblast|p2a: Clefable
|-damage|p2a: Clefable|9/100
|-unboost|p2a: Clefable|spa|1
|move|p2a: Clefable|Moonblast|p1a: Tapu Fini
|-damage|p1a: Tapu Fini|57/100
|
|-heal|p2a: Clefable|15/100|[from] item: Leftovers
|-end|p2a: Clefable|move: Taunt
|upkeep
|turn|30
|
|t:|1668063668
|switch|p2a: Toxapex|Toxapex, M|52/100
|move|p1a: Tapu Fini|Moonblast|p2a: Toxapex
|-resisted|p2a: Toxapex
|-damage|p2a: Toxapex|37/100
|-unboost|p2a: Toxapex|spa|1
|
|upkeep
|turn|31
|
|t:|1668063671
|switch|p2a: Tyranitar|Tyranitar, M|77/100 tox
|-weather|Sandstorm|[from] ability: Sand Stream|[of] p2a: Tyranitar
|move|p1a: Tapu Fini|Calm Mind|p1a: Tapu Fini
|-boost|p1a: Tapu Fini|spa|1
|-boost|p1a: Tapu Fini|spd|1
|
|-weather|Sandstorm|[upkeep]
|-damage|p1a: Tapu Fini|50/100|[from] Sandstorm
|-heal|p2a: Tyranitar|83/100 tox|[from] item: Leftovers
|-damage|p2a: Tyranitar|77/100 tox|[from] psn
|upkeep
|turn|32
|
|t:|1668063679
|switch|p2a: Toxapex|Toxapex, M|70/100
|move|p1a: Tapu Fini|Moonblast|p2a: Toxapex
|-resisted|p2a: Toxapex
|-crit|p2a: Toxapex
|-damage|p2a: Toxapex|36/100
|
|-weather|Sandstorm|[upkeep]
|-damage|p1a: Tapu Fini|44/100|[from] Sandstorm
|-damage|p2a: Toxapex|29/100|[from] Sandstorm
|upkeep
|turn|33
|
|t:|1668063686
|switch|p2a: Ditto|Ditto|100/100
|-transform|p2a: Ditto|p1a: Tapu Fini|[from] ability: Imposter
|-fieldstart|move: Misty Terrain|[from] ability: Misty Surge|[of] p2a: Ditto
|move|p1a: Tapu Fini|Taunt|p2a: Ditto
|-start|p2a: Ditto|move: Taunt
|
|-weather|Sandstorm|[upkeep]
|-damage|p2a: Ditto|94/100|[from] Sandstorm
|-damage|p1a: Tapu Fini|38/100|[from] Sandstorm
|upkeep
|turn|34
|l| Le Herbo
|
|t:|1668063693
|switch|p1a: Blissey|Blissey, F|100/100
|move|p2a: Ditto|Moonblast|p1a: Blissey
|-damage|p1a: Blissey|82/100
|
|-weather|Sandstorm|[upkeep]
|-damage|p2a: Ditto|88/100|[from] Sandstorm
|-damage|p1a: Blissey|76/100|[from] Sandstorm
|upkeep
|turn|35
|
|t:|1668063703
|switch|p2a: Toxapex|Toxapex, M|63/100
|move|p1a: Blissey|Seismic Toss|p2a: Toxapex
|-damage|p2a: Toxapex|30/100
|
|-weather|none
|upkeep
|turn|36
|
|t:|1668063709
|switch|p2a: Tyranitar|Tyranitar, M|77/100 tox
|-weather|Sandstorm|[from] ability: Sand Stream|[of] p2a: Tyranitar
|move|p1a: Blissey|Stealth Rock|p2a: Tyranitar
|-sidestart|p2: Pokemon Prefect|move: Stealth Rock
|
|-weather|Sandstorm|[upkeep]
|-damage|p1a: Blissey|70/100|[from] Sandstorm
|-heal|p2a: Tyranitar|83/100 tox|[from] item: Leftovers
|-damage|p2a: Tyranitar|77/100 tox|[from] psn
|upkeep
|turn|37
|inactive|Adel19 has 120 seconds left.
|
|t:|1668063741
|switch|p1a: Tapu Fini|Tapu Fini|38/100
|-damage|p1a: Tapu Fini|26/100|[from] Stealth Rock
|move|p2a: Tyranitar|Rock Blast|p1a: Tapu Fini
|-damage|p1a: Tapu Fini|18/100
|-damage|p1a: Tapu Fini|9/100
|-hitcount|p1a: Tapu Fini|2
|
|-weather|Sandstorm|[upkeep]
|-damage|p1a: Tapu Fini|3/100|[from] Sandstorm
|-heal|p2a: Tyranitar|83/100 tox|[from] item: Leftovers
|-damage|p2a: Tyranitar|71/100 tox|[from] psn
|-fieldend|Misty Terrain
|upkeep
|turn|38
|
|t:|1668063750
|switch|p2a: Toxapex|Toxapex, M|63/100
|-damage|p2a: Toxapex|50/100|[from] Stealth Rock
|move|p1a: Tapu Fini|Moonblast|p2a: Toxapex
|-resisted|p2a: Toxapex
|-damage|p2a: Toxapex|36/100
|
|-weather|Sandstorm|[upkeep]
|-damage|p1a: Tapu Fini|0 fnt|[from] Sandstorm
|-damage|p2a: Toxapex|29/100|[from] Sandstorm
|faint|p1a: Tapu Fini
|upkeep
|
|t:|1668063753
|switch|p1a: Zeraora|Zeraora|100/100
|turn|39
|
|t:|1668063764
|switch|p2a: Gastrodon|Gastrodon, M|25/100
|-damage|p2a: Gastrodon|19/100|[from] Stealth Rock
|move|p1a: Zeraora|Plasma Fists|p2a: Gastrodon
|-immune|p2a: Gastrodon
|
|-weather|Sandstorm|[upkeep]
|-damage|p1a: Zeraora|95/100|[from] Sandstorm
|-heal|p2a: Gastrodon|25/100|[from] item: Leftovers
|upkeep
|turn|40
|
|t:|1668063775
|switch|p2a: Clefable|Clefable, M|15/100
|move|p1a: Zeraora|Knock Off|p2a: Clefable
|-resisted|p2a: Clefable
|-damage|p2a: Clefable|1/100
|-enditem|p2a: Clefable|Leftovers|[from] move: Knock Off|[of] p1a: Zeraora
|
|-weather|none
|upkeep
|turn|41
|
|t:|1668063783
|switch|p2a: Tyranitar|Tyranitar, M|71/100 tox
|-damage|p2a: Tyranitar|58/100 tox|[from] Stealth Rock
|-weather|Sandstorm|[from] ability: Sand Stream|[of] p2a: Tyranitar
|move|p1a: Zeraora|Knock Off|p2a: Tyranitar
|-resisted|p2a: Tyranitar
|-damage|p2a: Tyranitar|46/100 tox
|-enditem|p2a: Tyranitar|Leftovers|[from] move: Knock Off|[of] p1a: Zeraora
|
|-weather|Sandstorm|[upkeep]
|-damage|p1a: Zeraora|89/100|[from] Sandstorm
|-damage|p2a: Tyranitar|39/100 tox|[from] psn
|upkeep
|turn|42
|
|t:|1668063792
|switch|p2a: Clefable|Clefable, M|1/100
|move|p1a: Zeraora|Close Combat|p2a: Clefable
|-resisted|p2a: Clefable
|-damage|p2a: Clefable|0 fnt
|-unboost|p1a: Zeraora|def|1
|-unboost|p1a: Zeraora|spd|1
|faint|p2a: Clefable
|
|-weather|Sandstorm|[upkeep]
|-damage|p1a: Zeraora|83/100|[from] Sandstorm
|upkeep
|
|t:|1668063794
|switch|p2a: Ditto|Ditto|88/100
|-damage|p2a: Ditto|76/100|[from] Stealth Rock
|-transform|p2a: Ditto|p1a: Zeraora|[from] ability: Imposter
|turn|43
|j| Le Herbo
|
|t:|1668063802
|switch|p1a: Blissey|Blissey, F|70/100
|move|p2a: Ditto|Close Combat|p1a: Blissey
|-supereffective|p1a: Blissey
|-damage|p1a: Blissey|4/100
|-unboost|p2a: Ditto|def|1
|-unboost|p2a: Ditto|spd|1
|
|-weather|Sandstorm|[upkeep]
|-damage|p2a: Ditto|70/100|[from] Sandstorm
|-damage|p1a: Blissey|0 fnt|[from] Sandstorm
|faint|p1a: Blissey
|upkeep
|
|t:|1668063809
|switch|p1a: Kartana|Kartana|69/100
|-damage|p1a: Kartana|63/100|[from] Stealth Rock
|turn|44
|l| Le Herbo
|
|t:|1668063817
|move|p2a: Ditto|Close Combat|p1a: Kartana
|-supereffective|p1a: Kartana
|-damage|p1a: Kartana|2/100
|-unboost|p2a: Ditto|def|1
|-unboost|p2a: Ditto|spd|1
|move|p1a: Kartana|Leaf Blade|p2a: Ditto
|-damage|p2a: Ditto|0 fnt
|faint|p2a: Ditto
|-ability|p1a: Kartana|Beast Boost|boost
|-boost|p1a: Kartana|spe|1
|
|-weather|Sandstorm|[upkeep]
|upkeep
|
|t:|1668063826
|switch|p2a: Toxapex|Toxapex, M|63/100
|-damage|p2a: Toxapex|50/100|[from] Stealth Rock
|turn|45
|
|t:|1668063852
|move|p1a: Kartana|Swords Dance|p1a: Kartana
|-boost|p1a: Kartana|atk|2
|move|p2a: Toxapex|Recover|p2a: Toxapex
|-heal|p2a: Toxapex|99/100
|
|-weather|none
|upkeep
|turn|46
|
|t:|1668063855
|move|p1a: Kartana|Leaf Blade|p2a: Toxapex
|-damage|p2a: Toxapex|44/100
|move|p2a: Toxapex|Scald|p1a: Kartana
|-resisted|p1a: Kartana
|-damage|p1a: Kartana|0 fnt
|faint|p1a: Kartana
|
|upkeep
|
|t:|1668063860
|switch|p1a: Zeraora|Zeraora|83/100
|turn|47
|j| Le Herbo
|
|t:|1668063878
|switch|p2a: Tyranitar|Tyranitar, M|39/100 tox
|-damage|p2a: Tyranitar|27/100 tox|[from] Stealth Rock
|-weather|Sandstorm|[from] ability: Sand Stream|[of] p2a: Tyranitar
|move|p1a: Zeraora|Plasma Fists|p2a: Tyranitar
|-damage|p2a: Tyranitar|0 fnt
|-fieldactivate|move: Ion Deluge
|-hint|Normal-type moves become Electric-type after using Plasma Fists.
|faint|p2a: Tyranitar
|
|-weather|Sandstorm|[upkeep]
|-damage|p1a: Zeraora|77/100|[from] Sandstorm
|upkeep
|
|t:|1668063881
|switch|p2a: Gastrodon|Gastrodon, M|25/100
|-damage|p2a: Gastrodon|19/100|[from] Stealth Rock
|turn|48
|
|t:|1668063884
|move|p1a: Zeraora|Knock Off|p2a: Gastrodon
|-damage|p2a: Gastrodon|0 fnt
|-enditem|p2a: Gastrodon|Leftovers|[from] move: Knock Off|[of] p1a: Zeraora
|faint|p2a: Gastrodon
|
|-weather|Sandstorm|[upkeep]
|-damage|p1a: Zeraora|71/100|[from] Sandstorm
|upkeep
|j| lkmjnj
|-message|Pokemon Prefect forfeited.
|
|win|Adel19
|raw|Adel19's rating: 1788 &rarr; <strong>1802</strong><br />(+14 for winning)
|raw|Pokemon Prefect's rating: 1684 &rarr; <strong>1670</strong><br />(-14 for losing)
|l| Le Herbo
|l| cypherstest
||Ladder isn't responding, score probably updated but might not have (Request timeout).
|l| broked on bricks
|l| lkmjnj
|l| 10 Million Voices
