|j|☆Steez Ibanez
|j|☆InvincibleRoserade
|t:|1662616776
|gametype|singles
|player|p1|Steez Ibanez|pokemonranger-gen3rs|1899
|player|p2|InvincibleRoserade|dawn|1724
|teamsize|p1|6
|teamsize|p2|6
|gen|8
|tier|[Gen 8] OU
|rated|
|rule|Sleep Clause Mod: Limit one foe put to sleep
|rule|Species Clause: Limit one of each Pokémon
|rule|OHKO Clause: OHKO moves are banned
|rule|Evasion Items Clause: Evasion items are banned
|rule|Evasion Moves Clause: Evasion moves are banned
|rule|Endless Battle Clause: Forcing endless battles is banned
|rule|HP Percentage Mod: HP is shown in percentages
|rule|Dynamax Clause: You cannot dynamax
|clearpoke
|poke|p1|Tyranitar, M|
|poke|p1|Aegislash, M|
|poke|p1|Zapdos|
|poke|p1|Garchomp, M|
|poke|p1|Ferrothorn, M|
|poke|p1|Landorus-Therian, M|
|poke|p2|Clefable, F|
|poke|p2|Tornadus-Therian, M|
|poke|p2|Nidoking, M|
|poke|p2|Slowking, F|
|poke|p2|Urshifu-*, M|
|poke|p2|Ferrothorn, M|
|teampreview
|
|t:|1662616793
|start
|switch|p1a: Reptar|Tyranitar, M|100/100
|switch|p2a: Urshifu|Urshifu-Rapid-Strike, M|100/100
|-weather|Sandstorm|[from] ability: Sand Stream|[of] p1a: Reptar
|turn|1
|
|t:|1662616818
|switch|p1a: Bolt|Zapdos|100/100
|move|p2a: Urshifu|U-turn|p1a: Bolt
|-resisted|p1a: Bolt
|-damage|p1a: Bolt|92/100
|-status|p2a: Urshifu|par|[from] ability: Static|[of] p1a: Bolt
|
|t:|1662616828
|switch|p2a: Nidoking|Nidoking, M|100/100|[from]move: U-turn
|
|-weather|Sandstorm|[upkeep]
|-damage|p1a: Bolt|85/100|[from] Sandstorm
|upkeep
|turn|2
|
|t:|1662616865
|switch|p1a: Reptar|Tyranitar, M|100/100
|move|p2a: Nidoking|Ice Beam|p1a: Reptar
|-damage|p1a: Reptar|83/100
|
|-weather|Sandstorm|[upkeep]
|upkeep
|turn|3
|
|t:|1662616881
|switch|p2a: Clefable|Clefable, F, shiny|100/100
|move|p1a: Reptar|Stealth Rock|p2a: Clefable
|-sidestart|p2: InvincibleRoserade|move: Stealth Rock
|
|-weather|Sandstorm|[upkeep]
|upkeep
|turn|4
|
|t:|1662616888
|move|p2a: Clefable|Stealth Rock|p1a: Reptar
|-sidestart|p1: Steez Ibanez|move: Stealth Rock
|move|p1a: Reptar|Thunder Wave|p2a: Clefable
|-status|p2a: Clefable|par
|
|-weather|Sandstorm|[upkeep]
|upkeep
|turn|5
|
|t:|1662616892
|switch|p1a: Abomination|Ferrothorn, M|100/100
|-damage|p1a: Abomination|95/100|[from] Stealth Rock
|move|p2a: Clefable|Thunder Wave|p1a: Abomination
|-status|p1a: Abomination|par
|
|-weather|none
|upkeep
|turn|6
|
|t:|1662616902
|switch|p2a: Ferrothorn|Ferrothorn, M, shiny|100/100
|-damage|p2a: Ferrothorn|94/100|[from] Stealth Rock
|move|p1a: Abomination|Spikes|p2a: Ferrothorn
|-sidestart|p2: InvincibleRoserade|Spikes
|
|upkeep
|turn|7
|
|t:|1662616913
|move|p2a: Ferrothorn|Spikes|p1a: Abomination
|-sidestart|p1: Steez Ibanez|Spikes
|move|p1a: Abomination|Spikes|p2a: Ferrothorn
|-sidestart|p2: InvincibleRoserade|Spikes
|
|upkeep
|turn|8
|
|t:|1662616915
|move|p2a: Ferrothorn|Spikes|p1a: Abomination
|-sidestart|p1: Steez Ibanez|Spikes
|cant|p1a: Abomination|par
|
|upkeep
|turn|9
|j| dasgas
|
|t:|1662616942
|switch|p2a: Nidoking|Nidoking, M|100/100
|-damage|p2a: Nidoking|95/100|[from] Stealth Rock
|-damage|p2a: Nidoking|78/100|[from] Spikes
|move|p1a: Abomination|Spikes|p2a: Nidoking
|-sidestart|p2: InvincibleRoserade|Spikes
|
|upkeep
|turn|10
|
|t:|1662616954
|switch|p1a: Reptar|Tyranitar, M|83/100
|-weather|Sandstorm|[from] ability: Sand Stream|[of] p1a: Reptar
|move|p2a: Nidoking|Earth Power|p1a: Reptar
|-supereffective|p1a: Reptar
|-damage|p1a: Reptar|33/100
|
|-weather|Sandstorm|[upkeep]
|upkeep
|turn|11
|
|t:|1662616994
|move|p2a: Nidoking|Earth Power|p1a: Reptar
|-supereffective|p1a: Reptar
|-damage|p1a: Reptar|0 fnt
|faint|p1a: Reptar
|
|-weather|Sandstorm|[upkeep]
|upkeep
|j| NUZC QiYu8
|inactive|Battle timer is ON: inactive players will automatically lose when time's up. (requested by InvincibleRoserade)
|
|t:|1662617013
|switch|p1a: Samehada|Garchomp, M|100/100
|-damage|p1a: Samehada|94/100|[from] Stealth Rock
|-damage|p1a: Samehada|78/100|[from] Spikes
|turn|12
|l| NUZC QiYu8
|
|t:|1662617025
|switch|p2a: Tornadus|Tornadus-Therian, M, shiny|100/100
|move|p1a: Samehada|Earthquake|p2a: Tornadus
|-immune|p2a: Tornadus
|
|-weather|Sandstorm|[upkeep]
|-damage|p2a: Tornadus|94/100|[from] Sandstorm
|-heal|p1a: Samehada|84/100|[from] item: Leftovers
|upkeep
|turn|13
|
|t:|1662617031
|move|p2a: Tornadus|Icy Wind|p1a: Samehada
|-supereffective|p1a: Samehada
|-damage|p1a: Samehada|21/100
|-unboost|p1a: Samehada|spe|1
|move|p1a: Samehada|Swords Dance|p1a: Samehada
|-boost|p1a: Samehada|atk|2
|
|-weather|Sandstorm|[upkeep]
|-damage|p2a: Tornadus|88/100|[from] Sandstorm
|-heal|p1a: Samehada|27/100|[from] item: Leftovers
|upkeep
|turn|14
|
|t:|1662617044
|switch|p1a: Bolt|Zapdos|85/100
|move|p2a: Tornadus|Icy Wind|p1a: Bolt
|-supereffective|p1a: Bolt
|-crit|p1a: Bolt
|-damage|p1a: Bolt|46/100
|-unboost|p1a: Bolt|spe|1
|
|-weather|none
|upkeep
|turn|15
|
|t:|1662617063
|switch|p2a: Nidoking|Nidoking, M|78/100
|-damage|p2a: Nidoking|72/100|[from] Stealth Rock
|-damage|p2a: Nidoking|47/100|[from] Spikes
|move|p1a: Bolt|Roost|p1a: Bolt
|-heal|p1a: Bolt|96/100
|-singleturn|p1a: Bolt|move: Roost
|
|upkeep
|turn|16
|j| tyrantkingdad
|inactive|InvincibleRoserade has 120 seconds left.
|
|t:|1662617111
|switch|p2a: Tornadus|Tornadus-Therian, M, shiny|100/100
|switch|p1a: Samehada|Garchomp, M|27/100
|-damage|p1a: Samehada|21/100|[from] Stealth Rock
|-damage|p1a: Samehada|5/100|[from] Spikes
|
|-heal|p1a: Samehada|11/100|[from] item: Leftovers
|upkeep
|turn|17
|
|t:|1662617126
|move|p2a: Tornadus|Knock Off|p1a: Samehada
|-damage|p1a: Samehada|0 fnt
|-damage|p2a: Tornadus|88/100|[from] ability: Rough Skin|[of] p1a: Samehada
|-enditem|p1a: Samehada|Leftovers|[from] move: Knock Off|[of] p2a: Tornadus
|faint|p1a: Samehada
|
|upkeep
|
|t:|1662617131
|switch|p1a: Bolt|Zapdos|96/100
|turn|18
|inactive|InvincibleRoserade has 90 seconds left.
|
|t:|1662617170
|move|p2a: Tornadus|Knock Off|p1a: Bolt
|-damage|p1a: Bolt|82/100
|-enditem|p1a: Bolt|Heavy-Duty Boots|[from] move: Knock Off|[of] p2a: Tornadus
|move|p1a: Bolt|Discharge|p2a: Tornadus
|-supereffective|p2a: Tornadus
|-damage|p2a: Tornadus|21/100
|
|upkeep
|turn|19
|j| urcadurfly
|
|t:|1662617182
|switch|p2a: Clefable|Clefable, F, shiny|100/100 par
|move|p1a: Bolt|Heat Wave|p2a: Clefable
|-damage|p2a: Clefable|79/100 par
|
|-heal|p2a: Clefable|85/100 par|[from] item: Leftovers
|upkeep
|turn|20
|inactive|InvincibleRoserade has 90 seconds left.
|
|t:|1662617204
|move|p1a: Bolt|Discharge|p2a: Clefable
|-damage|p2a: Clefable|59/100 par
|cant|p2a: Clefable|par
|
|-heal|p2a: Clefable|65/100 par|[from] item: Leftovers
|upkeep
|turn|21
|
|t:|1662617208
|move|p1a: Bolt|Discharge|p2a: Clefable
|-damage|p2a: Clefable|37/100 par
|move|p2a: Clefable|Soft-Boiled|p2a: Clefable
|-heal|p2a: Clefable|87/100 par
|
|-heal|p2a: Clefable|93/100 par|[from] item: Leftovers
|upkeep
|turn|22
|
|t:|1662617211
|move|p1a: Bolt|Discharge|p2a: Clefable
|-crit|p2a: Clefable
|-damage|p2a: Clefable|54/100 par
|cant|p2a: Clefable|par
|
|-heal|p2a: Clefable|60/100 par|[from] item: Leftovers
|upkeep
|turn|23
|
|t:|1662617219
|move|p1a: Bolt|Discharge|p2a: Clefable
|-damage|p2a: Clefable|31/100 par
|move|p2a: Clefable|Soft-Boiled|p2a: Clefable
|-heal|p2a: Clefable|81/100 par
|
|-heal|p2a: Clefable|87/100 par|[from] item: Leftovers
|upkeep
|turn|24
|
|t:|1662617227
|move|p1a: Bolt|Discharge|p2a: Clefable
|-damage|p2a: Clefable|60/100 par
|move|p2a: Clefable|Thunder Wave|p1a: Bolt
|-immune|p1a: Bolt
|
|-heal|p2a: Clefable|66/100 par|[from] item: Leftovers
|upkeep
|turn|25
|
|t:|1662617239
|move|p1a: Bolt|Discharge|p2a: Clefable
|-damage|p2a: Clefable|39/100 par
|cant|p2a: Clefable|par
|
|-heal|p2a: Clefable|45/100 par|[from] item: Leftovers
|upkeep
|turn|26
|
|t:|1662617242
|move|p1a: Bolt|Discharge|p2a: Clefable
|-damage|p2a: Clefable|17/100 par
|cant|p2a: Clefable|par
|
|-heal|p2a: Clefable|23/100 par|[from] item: Leftovers
|upkeep
|turn|27
|c|☆InvincibleRoserade|???
|j| el bulu loco
|inactive|InvincibleRoserade has 120 seconds left.
|l| el bulu loco
|c| dasgas|thunder wave
|j| el bulu loco
|c| dasgas|why u ???ing
|c| dasgas|you use it too
|inactive|InvincibleRoserade has 90 seconds left.
|c| dasgas|whoever doesnt moonblast turn 24 deserves to be haxed
|inactive|InvincibleRoserade has 60 seconds left.
|inactive|InvincibleRoserade has 30 seconds left.
|
|t:|1662617356
|switch|p2a: Slowking|Slowking, F, shiny|100/100
|move|p1a: Bolt|Discharge|p2a: Slowking
|-supereffective|p2a: Slowking
|-damage|p2a: Slowking|62/100
|-status|p2a: Slowking|par
|
|upkeep
|turn|28
|inactive|InvincibleRoserade has 30 seconds left.
|inactive|Steez Ibanez has 120 seconds left.
|l| tyrantkingdad
|
|t:|1662617399
|move|p1a: Bolt|Discharge|p2a: Slowking
|-supereffective|p2a: Slowking
|-damage|p2a: Slowking|26/100 par
|cant|p2a: Slowking|par
|
|upkeep
|turn|29
|inactive|InvincibleRoserade has 30 seconds left.
|j| Gayskeletor
|inactive|InvincibleRoserade has 20 seconds left.
|inactive|InvincibleRoserade has 15 seconds left.
|
|t:|1662617424
|switch|p2a: Clefable|Clefable, F, shiny|23/100 par
|move|p1a: Bolt|Discharge|p2a: Clefable
|-damage|p2a: Clefable|0 fnt
|faint|p2a: Clefable
|
|upkeep
|inactive|InvincibleRoserade has 20 seconds left this turn.
|
|t:|1662617425
|switch|p2a: Nidoking|Nidoking, M|47/100
|-damage|p2a: Nidoking|41/100|[from] Stealth Rock
|-damage|p2a: Nidoking|17/100|[from] Spikes
|turn|30
|inactive|InvincibleRoserade has 30 seconds left this turn.
|inactive|Steez Ibanez has 120 seconds left.
|
|t:|1662617442
|switch|p1a: Abomination|Ferrothorn, M|95/100 par
|-damage|p1a: Abomination|89/100 par|[from] Stealth Rock
|-damage|p1a: Abomination|72/100 par|[from] Spikes
|move|p2a: Nidoking|Ice Beam|p1a: Abomination
|-damage|p1a: Abomination|34/100 par
|
|upkeep
|turn|31
|inactive|InvincibleRoserade has 30 seconds left.
|inactive|InvincibleRoserade has 20 seconds left.
|inactive|InvincibleRoserade has 15 seconds left.
|inactive|InvincibleRoserade has 10 seconds left.
|
|t:|1662617473
|move|p2a: Nidoking|Flamethrower|p1a: Abomination
|-supereffective|p1a: Abomination
|-damage|p1a: Abomination|0 fnt
|faint|p1a: Abomination
|
|upkeep
|inactive|InvincibleRoserade has 15 seconds left this turn.
|
|t:|1662617475
|switch|p1a: Simba|Landorus-Therian, M|100/100
|-damage|p1a: Simba|88/100|[from] Stealth Rock
|-ability|p1a: Simba|Intimidate|boost
|-unboost|p2a: Nidoking|atk|1
|turn|32
|inactive|InvincibleRoserade has 25 seconds left this turn.
|inactive|InvincibleRoserade has 20 seconds left.
|
|t:|1662617481
|move|p1a: Simba|Knock Off|p2a: Nidoking
|-damage|p2a: Nidoking|0 fnt
|-enditem|p2a: Nidoking|Life Orb|[from] move: Knock Off|[of] p1a: Simba
|faint|p2a: Nidoking
|
|upkeep
|inactive|InvincibleRoserade has 25 seconds left this turn.
|l| Gayskeletor
|inactive|InvincibleRoserade has 20 seconds left.
|inactive|InvincibleRoserade has 15 seconds left.
|
|t:|1662617494
|switch|p2a: Urshifu|Urshifu-Rapid-Strike, M|100/100 par
|-damage|p2a: Urshifu|94/100 par|[from] Stealth Rock
|-damage|p2a: Urshifu|69/100 par|[from] Spikes
|turn|33
|inactive|InvincibleRoserade has 25 seconds left this turn.
|inactive|InvincibleRoserade has 20 seconds left.
|
|t:|1662617502
|move|p1a: Simba|Knock Off|p2a: Urshifu
|-resisted|p2a: Urshifu
|-damage|p2a: Urshifu|51/100 par
|-enditem|p2a: Urshifu|Choice Scarf|[from] move: Knock Off|[of] p1a: Simba
|move|p2a: Urshifu|Surging Strikes|p1a: Simba
|-supereffective|p1a: Simba
|-crit|p1a: Simba
|-damage|p1a: Simba|39/100
|-supereffective|p1a: Simba
|-crit|p1a: Simba
|-damage|p1a: Simba|0 fnt
|faint|p1a: Simba
|-hitcount|p1: Simba|2
|
|upkeep
|inactive|InvincibleRoserade has 25 seconds left this turn.
|
|t:|1662617506
|switch|p1a: Bolt|Zapdos|82/100
|-damage|p1a: Bolt|57/100|[from] Stealth Rock
|turn|34
|inactive|InvincibleRoserade has 30 seconds left.
|
|t:|1662617515
|move|p1a: Bolt|Discharge|p2a: Urshifu
|-supereffective|p2a: Urshifu
|-damage|p2a: Urshifu|0 fnt
|faint|p2a: Urshifu
|
|upkeep
|inactive|InvincibleRoserade has 30 seconds left.
|inactive|InvincibleRoserade has 20 seconds left.
|
|t:|1662617534
|switch|p2a: Slowking|Slowking, F, shiny|59/100 par
|turn|35
|inactive|InvincibleRoserade has 30 seconds left this turn.
|
|t:|1662617541
|switch|p2a: Ferrothorn|Ferrothorn, M, shiny|94/100
|-damage|p2a: Ferrothorn|88/100|[from] Stealth Rock
|-damage|p2a: Ferrothorn|63/100|[from] Spikes
|move|p1a: Bolt|Discharge|p2a: Ferrothorn
|-resisted|p2a: Ferrothorn
|-damage|p2a: Ferrothorn|49/100
|-status|p2a: Ferrothorn|par
|
|upkeep
|turn|36
|
|t:|1662617546
|move|p1a: Bolt|Heat Wave|p2a: Ferrothorn|[miss]
|-miss|p1a: Bolt|p2a: Ferrothorn
|move|p2a: Ferrothorn|Leech Seed|p1a: Bolt
|-start|p1a: Bolt|move: Leech Seed
|
|-damage|p1a: Bolt|44/100|[from] Leech Seed|[of] p2a: Ferrothorn
|-heal|p2a: Ferrothorn|63/100 par|[silent]
|upkeep
|turn|37
|
|t:|1662617573
|switch|p2a: Slowking|Slowking, F, shiny|92/100 par
|move|p1a: Bolt|Roost|p1a: Bolt
|-heal|p1a: Bolt|94/100
|-singleturn|p1a: Bolt|move: Roost
|
|-damage|p1a: Bolt|82/100|[from] Leech Seed|[of] p2a: Slowking
|-heal|p2a: Slowking|100/100 par|[silent]
|upkeep
|turn|38
|
|t:|1662617581
|switch|p1a: Arthur|Aegislash, M|100/100
|-damage|p1a: Arthur|94/100|[from] Stealth Rock
|-damage|p1a: Arthur|78/100|[from] Spikes
|cant|p2a: Slowking|par
|
|-heal|p1a: Arthur|84/100|[from] item: Leftovers
|upkeep
|turn|39
|inactive|Steez Ibanez has 120 seconds left.
|inactive|InvincibleRoserade has 30 seconds left.
|inactive|Steez Ibanez has 90 seconds left.
|j| nicksackmac
|
|t:|1662617655
|move|p1a: Arthur|Substitute|p1a: Arthur
|-start|p1a: Arthur|Substitute
|-damage|p1a: Arthur|59/100
|move|p2a: Slowking|Scald|p1a: Arthur
|-activate|p1a: Arthur|move: Substitute|[damage]
|
|-heal|p1a: Arthur|65/100|[from] item: Leftovers
|upkeep
|turn|40
|inactive|InvincibleRoserade has 30 seconds left.
|
|t:|1662617667
|-formechange|p1a: Arthur|Aegislash-Blade||[from] ability: Stance Change
|move|p1a: Arthur|Shadow Ball|p2a: Slowking
|-supereffective|p2a: Slowking
|-damage|p2a: Slowking|46/100 par
|move|p2a: Slowking|Teleport|p2a: Slowking
|inactive|InvincibleRoserade has 30 seconds left.
|
|t:|1662617673
|switch|p2a: Tornadus|Tornadus-Therian, M, shiny|54/100|[from]move: Teleport
|
|-heal|p1a: Arthur|71/100|[from] item: Leftovers
|upkeep
|turn|41
|inactive|Steez Ibanez has 90 seconds left.
|inactive|InvincibleRoserade has 30 seconds left.
|j| Mr.CelesteelYaGirl
|
|t:|1662617697
|move|p2a: Tornadus|Hurricane|p1a: Arthur
|-resisted|p1a: Arthur
|-end|p1a: Arthur|Substitute
|move|p1a: Arthur|Shadow Ball|p2a: Tornadus
|-damage|p2a: Tornadus|2/100
|
|-heal|p1a: Arthur|77/100|[from] item: Leftovers
|upkeep
|turn|42
|inactive|InvincibleRoserade has 30 seconds left.
|inactive|InvincibleRoserade has 20 seconds left.
|inactive|InvincibleRoserade has 15 seconds left.
|
|t:|1662617720
|switch|p2a: Ferrothorn|Ferrothorn, M, shiny|63/100 par
|-damage|p2a: Ferrothorn|57/100 par|[from] Stealth Rock
|-damage|p2a: Ferrothorn|32/100 par|[from] Spikes
|-formechange|p1a: Arthur|Aegislash||[from] ability: Stance Change
|move|p1a: Arthur|King's Shield||[still]
|-fail|p1a: Arthur
|
|-heal|p1a: Arthur|84/100|[from] item: Leftovers
|upkeep
|turn|43
|inactive|InvincibleRoserade has 25 seconds left this turn.
|inactive|Steez Ibanez has 90 seconds left.
|inactive|InvincibleRoserade has 20 seconds left.
|
|t:|1662617729
|-formechange|p1a: Arthur|Aegislash-Blade||[from] ability: Stance Change
|move|p1a: Arthur|Shadow Ball|p2a: Ferrothorn
|-damage|p2a: Ferrothorn|0 fnt
|faint|p2a: Ferrothorn
|
|-heal|p1a: Arthur|90/100|[from] item: Leftovers
|upkeep
|inactive|InvincibleRoserade has 25 seconds left this turn.
|j| YveltalGamer12
|inactive|InvincibleRoserade has 20 seconds left.
|-message|InvincibleRoserade forfeited.
|
|win|Steez Ibanez
|inactive|InvincibleRoserade has 25 seconds left this turn.
|raw|Steez Ibanez's rating: 1909 &rarr; <strong>1919</strong><br />(+10 for winning)
|raw|InvincibleRoserade's rating: 1724 &rarr; <strong>1714</strong><br />(-10 for losing)
|l|☆InvincibleRoserade
|l|☆Steez Ibanez
|l| YveltalGamer12
|l| dasgas
|l| el bulu loco
