|j|☆30orless
|j|☆Draco09876
|t:|1652367038
|gametype|singles
|player|p1|30orless|102|1786
|player|p2|Draco09876|266|1790
|teamsize|p1|6
|teamsize|p2|6
|gen|8
|tier|[Gen 8] OU
|rated|
|rule|Sleep Clause Mod: Limit one foe put to sleep
|rule|Species Clause: Limit one of each Pokémon
|rule|OHKO Clause: OHKO moves are banned
|rule|Evasion Moves Clause: Evasion moves are banned
|rule|Endless Battle Clause: Forcing endless battles is banned
|rule|HP Percentage Mod: HP is shown in percentages
|rule|Dynamax Clause: You cannot dynamax
|clearpoke
|poke|p1|Tapu Lele|
|poke|p1|Hydreigon, F|
|poke|p1|Blaziken, M|
|poke|p1|Volcanion|
|poke|p1|Landorus-Therian, M|
|poke|p1|Mamoswine, F|
|poke|p2|Dragapult, M|
|poke|p2|Mandibuzz, F|
|poke|p2|Slowking-Galar, F|
|poke|p2|Ferrothorn, F|
|poke|p2|Urshifu-*, F|
|poke|p2|Swampert, F|
|teampreview
|inactive|Battle timer is ON: inactive players will automatically lose when time's up. (requested by 30orless)
|
|t:|1652367047
|start
|switch|p1a: Hydreigon|Hydreigon, F|100/100
|switch|p2a: Ferrothorn|Ferrothorn, F|100/100
|turn|1
|
|t:|1652367051
|switch|p2a: Swampert|Swampert, F|100/100
|move|p1a: Hydreigon|Flamethrower|p2a: Swampert
|-resisted|p2a: Swampert
|-damage|p2a: Swampert|89/100
|
|-heal|p2a: Swampert|95/100|[from] item: Leftovers
|upkeep
|turn|2
|
|t:|1652367056
|switch|p1a: Volcanion|Volcanion|100/100
|move|p2a: Swampert|Stealth Rock|p1a: Volcanion
|-sidestart|p1: 30orless|move: Stealth Rock
|
|-heal|p2a: Swampert|100/100|[from] item: Leftovers
|upkeep
|turn|3
|
|t:|1652367058
|move|p1a: Volcanion|Steam Eruption|p2a: Swampert
|-damage|p2a: Swampert|60/100
|-status|p2a: Swampert|brn
|move|p2a: Swampert|Earthquake|p1a: Volcanion
|-supereffective|p1a: Volcanion
|-damage|p1a: Volcanion|69/100
|
|-heal|p2a: Swampert|66/100 brn|[from] item: Leftovers
|-damage|p2a: Swampert|60/100 brn|[from] brn
|upkeep
|turn|4
|
|t:|1652367063
|switch|p2a: Slowking|Slowking-Galar, F|100/100
|move|p1a: Volcanion|Defog|p2a: Slowking
|-unboost|p2a: Slowking|evasion|1
|-sideend|p1: 30orless|Stealth Rock|[from] move: Defog|[of] p1a: Volcanion
|
|upkeep
|turn|5
|
|t:|1652367067
|move|p1a: Volcanion|Steam Eruption|p2a: Slowking
|-damage|p2a: Slowking|68/100
|-status|p2a: Slowking|brn
|move|p2a: Slowking|Future Sight|p1a: Volcanion
|-start|p2a: Slowking|move: Future Sight
|
|-damage|p2a: Slowking|62/100 brn|[from] brn
|upkeep
|turn|6
|
|t:|1652367072
|move|p1a: Volcanion|Earth Power|p2a: Slowking
|-supereffective|p2a: Slowking
|-damage|p2a: Slowking|28/100 brn
|move|p2a: Slowking|Sludge Bomb|p1a: Volcanion
|-damage|p1a: Volcanion|22/100
|
|-damage|p2a: Slowking|22/100 brn|[from] brn
|upkeep
|turn|7
|
|t:|1652367079
|switch|p2a: Swampert|Swampert, F|60/100 brn
|move|p1a: Volcanion|Fire Blast|p2a: Swampert
|-resisted|p2a: Swampert
|-damage|p2a: Swampert|42/100 brn
|
|-end|p1a: Volcanion|move: Future Sight
|-damage|p1a: Volcanion|0 fnt
|faint|p1a: Volcanion
|-heal|p2a: Swampert|48/100 brn|[from] item: Leftovers
|-damage|p2a: Swampert|42/100 brn|[from] brn
|upkeep
|
|t:|1652367090
|switch|p1a: Tap Psychic|Tapu Lele|100/100
|-fieldstart|move: Psychic Terrain|[from] ability: Psychic Surge|[of] p1a: Tap Psychic
|turn|8
|
|t:|1652367093
|switch|p2a: Ferrothorn|Ferrothorn, F|100/100
|move|p1a: Tap Psychic|Psyshock|p2a: Ferrothorn
|-resisted|p2a: Ferrothorn
|-crit|p2a: Ferrothorn
|-damage|p2a: Ferrothorn|60/100
|
|-heal|p2a: Ferrothorn|67/100|[from] item: Leftovers
|upkeep
|turn|9
|
|t:|1652367101
|switch|p1a: Blaziken|Blaziken, M|100/100
|move|p2a: Ferrothorn|Knock Off|p1a: Blaziken
|-resisted|p1a: Blaziken
|-damage|p1a: Blaziken|85/100
|-enditem|p1a: Blaziken|Life Orb|[from] move: Knock Off|[of] p2a: Ferrothorn
|
|-heal|p2a: Ferrothorn|73/100|[from] item: Leftovers
|upkeep
|turn|10
|j| pikachu785
|
|t:|1652367116
|switch|p2a: Mandibuzz|Mandibuzz, F|100/100
|move|p1a: Blaziken|Overheat|p2a: Mandibuzz
|-damage|p2a: Mandibuzz|52/100
|-unboost|p1a: Blaziken|spa|2
|
|-ability|p1a: Blaziken|Speed Boost|boost
|-boost|p1a: Blaziken|spe|1
|upkeep
|turn|11
|
|t:|1652367121
|move|p1a: Blaziken|Close Combat|p2a: Mandibuzz
|-damage|p2a: Mandibuzz|24/100
|-unboost|p1a: Blaziken|def|1
|-unboost|p1a: Blaziken|spd|1
|move|p2a: Mandibuzz|Roost|p2a: Mandibuzz
|-heal|p2a: Mandibuzz|74/100
|-singleturn|p2a: Mandibuzz|move: Roost
|
|-ability|p1a: Blaziken|Speed Boost|boost
|-boost|p1a: Blaziken|spe|1
|upkeep
|turn|12
|
|t:|1652367128
|switch|p1a: Tap Psychic|Tapu Lele|100/100
|move|p2a: Mandibuzz|Knock Off|p1a: Tap Psychic
|-damage|p1a: Tap Psychic|62/100
|-enditem|p1a: Tap Psychic|Choice Specs|[from] move: Knock Off|[of] p2a: Mandibuzz
|
|-fieldend|move: Psychic Terrain
|upkeep
|turn|13
|
|t:|1652367134
|switch|p2a: Swampert|Swampert, F|42/100 brn
|move|p1a: Tap Psychic|Moonblast|p2a: Swampert
|-damage|p2a: Swampert|8/100 brn
|-unboost|p2a: Swampert|spa|1
|
|-heal|p2a: Swampert|14/100 brn|[from] item: Leftovers
|-damage|p2a: Swampert|8/100 brn|[from] brn
|upkeep
|turn|14
|
|t:|1652367138
|move|p1a: Tap Psychic|Moonblast|p2a: Swampert
|-damage|p2a: Swampert|0 fnt
|faint|p2a: Swampert
|
|upkeep
|
|t:|1652367142
|switch|p2a: Urshifu|Urshifu-Rapid-Strike, F|100/100
|turn|15
|
|t:|1652367147
|switch|p1a: Hydreigon|Hydreigon, F|100/100
|move|p2a: Urshifu|Surging Strikes|p1a: Hydreigon
|-resisted|p1a: Hydreigon
|-crit|p1a: Hydreigon
|-damage|p1a: Hydreigon|84/100
|-resisted|p1a: Hydreigon
|-crit|p1a: Hydreigon
|-damage|p1a: Hydreigon|68/100
|-resisted|p1a: Hydreigon
|-crit|p1a: Hydreigon
|-damage|p1a: Hydreigon|51/100
|-hitcount|p1a: Hydreigon|3
|
|upkeep
|turn|16
|
|t:|1652367154
|switch|p2a: Ferrothorn|Ferrothorn, F|73/100
|move|p1a: Hydreigon|Draco Meteor|p2a: Ferrothorn
|-resisted|p2a: Ferrothorn
|-damage|p2a: Ferrothorn|41/100
|-unboost|p1a: Hydreigon|spa|2
|
|-heal|p2a: Ferrothorn|48/100|[from] item: Leftovers
|upkeep
|turn|17
|
|t:|1652367173
|switch|p1a: Blaziken|Blaziken, M|85/100
|move|p2a: Ferrothorn|Spikes|p1a: Blaziken
|-sidestart|p1: 30orless|Spikes
|
|-heal|p2a: Ferrothorn|54/100|[from] item: Leftovers
|upkeep
|turn|18
|
|t:|1652367182
|switch|p2a: Slowking|Slowking-Galar, F|55/100 brn
|move|p1a: Blaziken|Overheat|p2a: Slowking
|-damage|p2a: Slowking|27/100 brn
|-unboost|p1a: Blaziken|spa|2
|
|-damage|p2a: Slowking|21/100 brn|[from] brn
|-ability|p1a: Blaziken|Speed Boost|boost
|-boost|p1a: Blaziken|spe|1
|upkeep
|turn|19
|
|t:|1652367195
|switch|p2a: Mandibuzz|Mandibuzz, F|74/100
|move|p1a: Blaziken|Knock Off|p2a: Mandibuzz
|-resisted|p2a: Mandibuzz
|-damage|p2a: Mandibuzz|66/100
|-enditem|p2a: Mandibuzz|Heavy-Duty Boots|[from] move: Knock Off|[of] p1a: Blaziken
|
|-ability|p1a: Blaziken|Speed Boost|boost
|-boost|p1a: Blaziken|spe|1
|upkeep
|turn|20
|
|t:|1652367205
|switch|p1a: Tap Psychic|Tapu Lele|62/100
|-damage|p1a: Tap Psychic|50/100|[from] Spikes
|-fieldstart|move: Psychic Terrain|[from] ability: Psychic Surge|[of] p1a: Tap Psychic
|move|p2a: Mandibuzz|Knock Off|p1a: Tap Psychic
|-damage|p1a: Tap Psychic|25/100
|
|upkeep
|turn|21
|
|t:|1652367211
|switch|p2a: Ferrothorn|Ferrothorn, F|54/100
|move|p1a: Tap Psychic|Moonblast|p2a: Ferrothorn
|-resisted|p2a: Ferrothorn
|-damage|p2a: Ferrothorn|29/100
|-unboost|p2a: Ferrothorn|spa|1
|
|-heal|p2a: Ferrothorn|36/100|[from] item: Leftovers
|upkeep
|turn|22
|
|t:|1652367218
|move|p1a: Tap Psychic|Focus Blast|p2a: Ferrothorn
|-supereffective|p2a: Ferrothorn
|-damage|p2a: Ferrothorn|0 fnt
|faint|p2a: Ferrothorn
|
|upkeep
|
|t:|1652367221
|switch|p2a: Dragapult|Dragapult, M|100/100
|turn|23
|
|t:|1652367225
|move|p2a: Dragapult|U-turn|p1a: Tap Psychic
|-damage|p1a: Tap Psychic|1/100
|
|t:|1652367229
|switch|p2a: Slowking|Slowking-Galar, F|54/100 brn|[from]move: U-turn
|move|p1a: Tap Psychic|Moonblast|p2a: Slowking
|-resisted|p2a: Slowking
|-damage|p2a: Slowking|39/100 brn
|
|-damage|p2a: Slowking|33/100 brn|[from] brn
|upkeep
|turn|24
|l| pikachu785
|
|t:|1652367240
|move|p1a: Tap Psychic|Psyshock|p2a: Slowking
|-damage|p2a: Slowking|0 fnt
|faint|p2a: Slowking
|
|-fieldend|move: Psychic Terrain
|upkeep
|
|t:|1652367244
|switch|p2a: Urshifu|Urshifu-Rapid-Strike, F|100/100
|turn|25
|
|t:|1652367248
|move|p2a: Urshifu|U-turn|p1a: Tap Psychic
|-damage|p1a: Tap Psychic|0 fnt
|faint|p1a: Tap Psychic
|
|t:|1652367250
|switch|p2a: Dragapult|Dragapult, M|100/100|[from]move: U-turn
|
|upkeep
|
|t:|1652367255
|switch|p1a: Hydreigon|Hydreigon, F|51/100
|turn|26
|
|t:|1652367261
|switch|p2a: Mandibuzz|Mandibuzz, F|66/100
|move|p1a: Hydreigon|Draco Meteor|p2a: Mandibuzz
|-damage|p2a: Mandibuzz|3/100
|-unboost|p1a: Hydreigon|spa|2
|
|upkeep
|turn|27
|
|t:|1652367265
|switch|p2a: Urshifu|Urshifu-Rapid-Strike, F|100/100
|move|p1a: Hydreigon|Draco Meteor|p2a: Urshifu|[miss]
|-miss|p1a: Hydreigon|p2a: Urshifu
|
|upkeep
|turn|28
|
|t:|1652367273
|switch|p1a: Billy Dee|Landorus-Therian, M|100/100
|-ability|p1a: Billy Dee|Intimidate|boost
|-unboost|p2a: Urshifu|atk|1
|move|p2a: Urshifu|U-turn|p1a: Billy Dee
|-resisted|p1a: Billy Dee
|-damage|p1a: Billy Dee|88/100
|
|t:|1652367276
|switch|p2a: Mandibuzz|Mandibuzz, F|3/100|[from]move: U-turn
|
|-heal|p1a: Billy Dee|94/100|[from] item: Leftovers
|upkeep
|turn|29
|
|t:|1652367285
|move|p1a: Billy Dee|Knock Off|p2a: Mandibuzz
|-resisted|p2a: Mandibuzz
|-damage|p2a: Mandibuzz|0 fnt
|faint|p2a: Mandibuzz
|
|-heal|p1a: Billy Dee|99/100|[from] item: Leftovers
|upkeep
|
|t:|1652367287
|switch|p2a: Urshifu|Urshifu-Rapid-Strike, F|100/100
|turn|30
|
|t:|1652367303
|move|p2a: Urshifu|Surging Strikes|p1a: Billy Dee
|-supereffective|p1a: Billy Dee
|-crit|p1a: Billy Dee
|-damage|p1a: Billy Dee|45/100
|-supereffective|p1a: Billy Dee
|-crit|p1a: Billy Dee
|-damage|p1a: Billy Dee|0 fnt
|faint|p1a: Billy Dee
|-hitcount|p1: Billy Dee|2
|
|upkeep
|
|t:|1652367305
|switch|p1a: Hydreigon|Hydreigon, F|51/100
|turn|31
|
|t:|1652367309
|move|p1a: Hydreigon|Draco Meteor|p2a: Urshifu
|-damage|p2a: Urshifu|1/100
|-unboost|p1a: Hydreigon|spa|2
|move|p2a: Urshifu|Surging Strikes|p1a: Hydreigon
|-resisted|p1a: Hydreigon
|-crit|p1a: Hydreigon
|-damage|p1a: Hydreigon|32/100
|-resisted|p1a: Hydreigon
|-crit|p1a: Hydreigon
|-damage|p1a: Hydreigon|16/100
|-resisted|p1a: Hydreigon
|-crit|p1a: Hydreigon
|-damage|p1a: Hydreigon|0 fnt
|faint|p1a: Hydreigon
|-hitcount|p1: Hydreigon|3
|
|upkeep
|
|t:|1652367327
|switch|p1a: Blaziken|Blaziken, M|85/100
|-damage|p1a: Blaziken|73/100|[from] Spikes
|turn|32
|
|t:|1652367330
|move|p1a: Blaziken|Vacuum Wave|p2a: Urshifu
|-damage|p2a: Urshifu|0 fnt
|faint|p2a: Urshifu
|
|-ability|p1a: Blaziken|Speed Boost|boost
|-boost|p1a: Blaziken|spe|1
|upkeep
|
|t:|1652367335
|switch|p2a: Dragapult|Dragapult, M|100/100
|turn|33
|
|t:|1652367339
|move|p1a: Blaziken|Knock Off|p2a: Dragapult
|-supereffective|p2a: Dragapult
|-damage|p2a: Dragapult|20/100
|-enditem|p2a: Dragapult|Choice Specs|[from] move: Knock Off|[of] p1a: Blaziken
|move|p2a: Dragapult|Shadow Ball|p1a: Blaziken
|-damage|p1a: Blaziken|16/100
|
|-ability|p1a: Blaziken|Speed Boost|boost
|-boost|p1a: Blaziken|spe|1
|upkeep
|turn|34
|-message|Draco09876 forfeited.
|
|win|30orless
|raw|30orless's rating: 1786 &rarr; <strong>1806</strong><br />(+20 for winning)
|raw|Draco09876's rating: 1790 &rarr; <strong>1770</strong><br />(-20 for losing)
|l|☆Draco09876
