|html|<div class="broadcast-blue"><strong>[Gen 8] OU is currently suspecting Melmetal! For information on how to participate check out the <a href="https://www.smogon.com/forums/threads/np-ss-ou-suspect-process-round-12-monster-mash.3709234/">suspect thread</a>.</strong></div>
|j|☆i know im horrible
|j|☆minimax_ai
|t:|1666380904
|gametype|singles
|player|p1|i know im horrible|101|1430
|player|p2|minimax_ai|lusamine-nihilego|1371
|teamsize|p1|6
|teamsize|p2|6
|gen|8
|tier|[Gen 8] OU
|rated|
|rule|Sleep Clause Mod: Limit one foe put to sleep
|rule|Species Clause: Limit one of each Pokémon
|rule|OHKO Clause: OHKO moves are banned
|rule|Evasion Items Clause: Evasion items are banned
|rule|Evasion Moves Clause: Evasion moves are banned
|rule|Endless Battle Clause: Forcing endless battles is banned
|rule|HP Percentage Mod: HP is shown in percentages
|rule|Dynamax Clause: You cannot dynamax
|clearpoke
|poke|p1|Tapu Koko|
|poke|p1|Hawlucha, M|
|poke|p1|Zeraora|
|poke|p1|Regieleki|
|poke|p1|Melmetal|
|poke|p1|Klefki, M|
|poke|p2|Rotom-Wash|
|poke|p2|Weavile, M|
|poke|p2|Landorus-Therian, M|
|poke|p2|Heatran, M|
|poke|p2|Tangrowth, F|
|poke|p2|Melmetal|
|teampreview
|c|☆minimax_ai|hf
|inactive|Battle timer is ON: inactive players will automatically lose when time's up. (requested by minimax_ai)
|
|t:|1666380912
|start
|switch|p1a: Zeraora|Zeraora|100/100
|switch|p2a: rotomwash|Rotom-Wash|100/100
|turn|1
|
|t:|1666380916
|move|p1a: Zeraora|Knock Off|p2a: rotomwash
|-crit|p2a: rotomwash
|-damage|p2a: rotomwash|51/100
|-enditem|p2a: rotomwash|Leftovers|[from] move: Knock Off|[of] p1a: Zeraora
|move|p2a: rotomwash|Hydro Pump|p1a: Zeraora
|-damage|p1a: Zeraora|43/100
|
|upkeep
|turn|2
|
|t:|1666380919
|move|p1a: Zeraora|Plasma Fists|p2a: rotomwash
|-damage|p2a: rotomwash|3/100
|-fieldactivate|move: Ion Deluge
|-hint|Normal-type moves become Electric-type after using Plasma Fists.
|move|p2a: rotomwash|Hydro Pump|p1a: Zeraora
|-damage|p1a: Zeraora|0 fnt
|faint|p1a: Zeraora
|
|upkeep
|
|t:|1666380923
|switch|p1a: Tapu Koko|Tapu Koko|100/100
|-fieldstart|move: Electric Terrain|[from] ability: Electric Surge|[of] p1a: Tapu Koko
|turn|3
|
|t:|1666380926
|switch|p2a: Melmetal|Melmetal|100/100
|move|p1a: Tapu Koko|Dazzling Gleam|p2a: Melmetal
|-resisted|p2a: Melmetal
|-damage|p2a: Melmetal|91/100
|
|upkeep
|turn|4
|
|t:|1666380930
|move|p1a: Tapu Koko|Volt Switch|p2a: Melmetal
|-damage|p2a: Melmetal|71/100
|
|t:|1666380934
|switch|p1a: Klefki|Klefki, M|100/100|[from]move: Volt Switch
|move|p2a: Melmetal|Earthquake|p1a: Klefki
|-supereffective|p1a: Klefki
|-damage|p1a: Klefki|39/100
|
|upkeep
|turn|5
|
|t:|1666380937
|move|p1a: Klefki|Reflect|p1a: Klefki
|-sidestart|p1: i know im horrible|Reflect
|move|p2a: Melmetal|Earthquake|p1a: Klefki
|-supereffective|p1a: Klefki
|-damage|p1a: Klefki|9/100
|
|upkeep
|turn|6
|
|t:|1666380939
|move|p1a: Klefki|Spikes|p2a: Melmetal
|-sidestart|p2: minimax_ai|Spikes
|move|p2a: Melmetal|Earthquake|p1a: Klefki
|-supereffective|p1a: Klefki
|-crit|p1a: Klefki
|-damage|p1a: Klefki|0 fnt
|faint|p1a: Klefki
|
|upkeep
|
|t:|1666380946
|switch|p1a: Hawlucha|Hawlucha, M|100/100
|-enditem|p1a: Hawlucha|Electric Seed
|-boost|p1a: Hawlucha|def|1|[from] item: Electric Seed
|turn|7
|
|t:|1666380948
|switch|p2a: landorustherian|Landorus-Therian, M|100/100
|-ability|p2a: landorustherian|Intimidate|boost
|-unboost|p1a: Hawlucha|atk|1
|move|p1a: Hawlucha|Swords Dance|p1a: Hawlucha
|-boost|p1a: Hawlucha|atk|2
|
|-fieldend|move: Electric Terrain
|upkeep
|turn|8
|
|t:|1666380951
|move|p1a: Hawlucha|Swords Dance|p1a: Hawlucha
|-boost|p1a: Hawlucha|atk|2
|move|p2a: landorustherian|Defog|p1a: Hawlucha
|-unboost|p1a: Hawlucha|evasion|1
|-sideend|p1: i know im horrible|Reflect
|-sideend|p2: minimax_ai|Spikes|[from] move: Defog|[of] p2a: landorustherian
|
|upkeep
|turn|9
|
|t:|1666380954
|switch|p2a: rotomwash|Rotom-Wash|3/100
|move|p1a: Hawlucha|Acrobatics|p2a: rotomwash
|-resisted|p2a: rotomwash
|-damage|p2a: rotomwash|0 fnt
|faint|p2a: rotomwash
|
|upkeep
|
|t:|1666380954
|switch|p2a: landorustherian|Landorus-Therian, M|100/100
|-ability|p2a: landorustherian|Intimidate|boost
|-unboost|p1a: Hawlucha|atk|1
|turn|10
|
|t:|1666380957
|switch|p2a: Melmetal|Melmetal|71/100
|move|p1a: Hawlucha|Acrobatics|p2a: Melmetal
|-resisted|p2a: Melmetal
|-damage|p2a: Melmetal|42/100
|
|upkeep
|turn|11
|
|t:|1666380960
|move|p1a: Hawlucha|Acrobatics|p2a: Melmetal
|-resisted|p2a: Melmetal
|-damage|p2a: Melmetal|16/100
|move|p2a: Melmetal|Ice Punch|p1a: Hawlucha
|-supereffective|p1a: Hawlucha
|-damage|p1a: Hawlucha|52/100
|
|upkeep
|turn|12
|
|t:|1666380962
|move|p1a: Hawlucha|Acrobatics|p2a: Melmetal
|-resisted|p2a: Melmetal
|-damage|p2a: Melmetal|0 fnt
|faint|p2a: Melmetal
|
|upkeep
|
|t:|1666380962
|switch|p2a: Weavile|Weavile, M|100/100
|-ability|p2a: Weavile|Pressure
|turn|13
|
|t:|1666380964
|move|p2a: Weavile|Ice Shard|p1a: Hawlucha
|-supereffective|p1a: Hawlucha
|-damage|p1a: Hawlucha|9/100
|move|p1a: Hawlucha|Acrobatics|p2a: Weavile
|-damage|p2a: Weavile|0 fnt
|faint|p2a: Weavile
|
|upkeep
|
|t:|1666380964
|switch|p2a: landorustherian|Landorus-Therian, M|100/100
|-ability|p2a: landorustherian|Intimidate|boost
|-unboost|p1a: Hawlucha|atk|1
|turn|14
|
|t:|1666380967
|move|p1a: Hawlucha|Acrobatics|p2a: landorustherian
|-damage|p2a: landorustherian|22/100
|move|p2a: landorustherian|Toxic|p1a: Hawlucha
|-status|p1a: Hawlucha|tox
|
|-heal|p2a: landorustherian|28/100|[from] item: Leftovers
|-damage|p1a: Hawlucha|3/100 tox|[from] psn
|upkeep
|turn|15
|
|t:|1666380970
|switch|p2a: Tangrowth|Tangrowth, F|100/100
|move|p1a: Hawlucha|Acrobatics|p2a: Tangrowth
|-supereffective|p2a: Tangrowth
|-damage|p2a: Tangrowth|23/100
|-damage|p1a: Hawlucha|0 fnt|[from] item: Rocky Helmet|[of] p2a: Tangrowth
|faint|p1a: Hawlucha
|
|upkeep
|
|t:|1666380973
|switch|p1a: Tapu Koko|Tapu Koko|100/100
|-fieldstart|move: Electric Terrain|[from] ability: Electric Surge|[of] p1a: Tapu Koko
|turn|16
|
|t:|1666380974
|switch|p2a: Heatran|Heatran, M|100/100
|-item|p2a: Heatran|Air Balloon
|move|p1a: Tapu Koko|Dazzling Gleam|p2a: Heatran
|-resisted|p2a: Heatran
|-damage|p2a: Heatran|92/100
|-enditem|p2a: Heatran|Air Balloon
|
|upkeep
|turn|17
|
|t:|1666380976
|move|p1a: Tapu Koko|Volt Switch|p2a: Heatran
|-damage|p2a: Heatran|55/100
|
|t:|1666380978
|switch|p1a: Melmetal|Melmetal|100/100|[from]move: Volt Switch
|move|p2a: Heatran|Magma Storm|p1a: Melmetal
|-supereffective|p1a: Melmetal
|-damage|p1a: Melmetal|0 fnt
|faint|p1a: Melmetal
|
|upkeep
|
|t:|1666380981
|switch|p1a: Regieleki|Regieleki|100/100
|turn|18
|
|t:|1666380984
|switch|p1a: Tapu Koko|Tapu Koko|100/100
|switch|p2a: landorustherian|Landorus-Therian, M|28/100
|-ability|p2a: landorustherian|Intimidate|boost
|-unboost|p1a: Tapu Koko|atk|1
|
|-heal|p2a: landorustherian|34/100|[from] item: Leftovers
|upkeep
|turn|19
|
|t:|1666380985
|move|p1a: Tapu Koko|Dazzling Gleam|p2a: landorustherian
|-damage|p2a: landorustherian|10/100
|move|p2a: landorustherian|Earthquake|p1a: Tapu Koko
|-supereffective|p1a: Tapu Koko
|-damage|p1a: Tapu Koko|0 fnt
|faint|p1a: Tapu Koko
|
|-heal|p2a: landorustherian|17/100|[from] item: Leftovers
|upkeep
|
|t:|1666380988
|switch|p1a: Regieleki|Regieleki|100/100
|turn|20
|
|t:|1666380989
|move|p1a: Regieleki|Rapid Spin|p2a: landorustherian
|-damage|p2a: landorustherian|7/100
|-boost|p1a: Regieleki|spe|1
|move|p2a: landorustherian|Earthquake|p1a: Regieleki
|-supereffective|p1a: Regieleki
|-damage|p1a: Regieleki|0 fnt
|faint|p1a: Regieleki
|
|win|minimax_ai
|raw|i know im horrible's rating: 1430 &rarr; <strong>1407</strong><br />(-23 for losing)
|raw|minimax_ai's rating: 1371 &rarr; <strong>1394</strong><br />(+23 for winning)
|c|☆minimax_ai|gg
