|j|☆Chikami
|j|☆darthputin
|t:|1650758004
|gametype|singles
|player|p1|Chikami|nate|1754
|player|p2|darthputin|steven|1691
|teamsize|p1|6
|teamsize|p2|6
|gen|8
|tier|[Gen 8] OU
|rated|
|rule|Sleep Clause Mod: Limit one foe put to sleep
|rule|Species Clause: Limit one of each Pokémon
|rule|OHKO Clause: OHKO moves are banned
|rule|Evasion Moves Clause: Evasion moves are banned
|rule|Endless Battle Clause: Forcing endless battles is banned
|rule|HP Percentage Mod: HP is shown in percentages
|rule|Dynamax Clause: You cannot dynamax
|clearpoke
|poke|p1|Scolipede, M|
|poke|p1|Dragapult, F|
|poke|p1|Rillaboom, M|
|poke|p1|Regieleki|
|poke|p1|Zapdos-Galar|
|poke|p1|Excadrill, F|
|poke|p2|Dragonite, F|
|poke|p2|Tapu Koko|
|poke|p2|Blissey, F|
|poke|p2|Ditto|
|poke|p2|Kartana|
|poke|p2|Hawlucha, M|
|teampreview
|inactive|Battle timer is ON: inactive players will automatically lose when time's up. (requested by darthputin)
|
|t:|1650758010
|start
|switch|p1a: Excadrill|Excadrill, F|100/100
|switch|p2a: Kartana|Kartana|100/100
|-ability|p1a: Excadrill|Mold Breaker
|turn|1
|j| statusspam
|
|t:|1650758021
|move|p2a: Kartana|Sacred Sword|p1a: Excadrill
|-supereffective|p1a: Excadrill
|-damage|p1a: Excadrill|21/100
|move|p1a: Excadrill|Stealth Rock|p2a: Kartana
|-sidestart|p2: darthputin|move: Stealth Rock
|
|upkeep
|turn|2
|l| statusspam
|
|t:|1650758028
|switch|p1a: Zapdos|Zapdos-Galar|100/100
|move|p2a: Kartana|Leaf Blade|p1a: Zapdos
|-resisted|p1a: Zapdos
|-crit|p1a: Zapdos
|-damage|p1a: Zapdos|47/100
|
|upkeep
|turn|3
|
|t:|1650758041
|switch|p2a: Tapu Koko|Tapu Koko|100/100
|-fieldstart|move: Electric Terrain|[from] ability: Electric Surge|[of] p2a: Tapu Koko
|move|p1a: Zapdos|U-turn|p2a: Tapu Koko
|-resisted|p2a: Tapu Koko
|-damage|p2a: Tapu Koko|76/100
|
|t:|1650758056
|switch|p1a: Rillaboom|Rillaboom, M|100/100|[from]move: U-turn
|-fieldstart|move: Grassy Terrain|[from] ability: Grassy Surge|[of] p1a: Rillaboom
|
|-heal|p2a: Tapu Koko|82/100|[from] Grassy Terrain
|upkeep
|turn|4
|j| Unstoppable donuts
|
|t:|1650758065
|switch|p2a: Dragonite|Dragonite, F|100/100
|-damage|p2a: Dragonite|76/100|[from] Stealth Rock
|move|p1a: Rillaboom|Knock Off|p2a: Dragonite
|-damage|p2a: Dragonite|28/100
|-enditem|p2a: Dragonite|Lum Berry|[from] move: Knock Off|[of] p1a: Rillaboom
|-damage|p1a: Rillaboom|91/100|[from] item: Life Orb
|
|-heal|p1a: Rillaboom|97/100|[from] Grassy Terrain
|upkeep
|turn|5
|
|t:|1650758086
|move|p1a: Rillaboom|Knock Off|p2a: Dragonite
|-damage|p2a: Dragonite|0 fnt
|faint|p2a: Dragonite
|-damage|p1a: Rillaboom|87/100|[from] item: Life Orb
|
|-heal|p1a: Rillaboom|93/100|[from] Grassy Terrain
|upkeep
|l| Unstoppable donuts
|
|t:|1650758095
|switch|p2a: Ditto|Ditto|100/100
|-damage|p2a: Ditto|88/100|[from] Stealth Rock
|-transform|p2a: Ditto|p1a: Rillaboom|[from] ability: Imposter
|turn|6
|
|t:|1650758104
|switch|p1a: Excadrill|Excadrill, F|21/100
|-ability|p1a: Excadrill|Mold Breaker
|move|p2a: Ditto|Knock Off|p1a: Excadrill
|-damage|p1a: Excadrill|0 fnt
|-enditem|p1a: Excadrill|Focus Sash|[from] move: Knock Off|[of] p2a: Ditto
|faint|p1a: Excadrill
|
|-heal|p2a: Ditto|94/100|[from] Grassy Terrain
|upkeep
|
|t:|1650758117
|switch|p1a: Zapdos|Zapdos-Galar|47/100
|turn|7
|
|t:|1650758124
|switch|p2a: Tapu Koko|Tapu Koko|82/100
|-fieldstart|move: Electric Terrain|[from] ability: Electric Surge|[of] p2a: Tapu Koko
|move|p1a: Zapdos|U-turn|p2a: Tapu Koko
|-resisted|p2a: Tapu Koko
|-damage|p2a: Tapu Koko|59/100
|
|t:|1650758139
|switch|p1a: Rillaboom|Rillaboom, M|93/100|[from]move: U-turn
|-fieldstart|move: Grassy Terrain|[from] ability: Grassy Surge|[of] p1a: Rillaboom
|
|-heal|p2a: Tapu Koko|65/100|[from] Grassy Terrain
|-heal|p1a: Rillaboom|99/100|[from] Grassy Terrain
|upkeep
|turn|8
|
|t:|1650758148
|switch|p2a: Kartana|Kartana|100/100
|-damage|p2a: Kartana|94/100|[from] Stealth Rock
|move|p1a: Rillaboom|Knock Off|p2a: Kartana
|-damage|p2a: Kartana|49/100
|-enditem|p2a: Kartana|Leftovers|[from] move: Knock Off|[of] p1a: Rillaboom
|-damage|p1a: Rillaboom|89/100|[from] item: Life Orb
|
|-heal|p2a: Kartana|55/100|[from] Grassy Terrain
|-heal|p1a: Rillaboom|95/100|[from] Grassy Terrain
|upkeep
|turn|9
|inactive|Chikami has 120 seconds left.
|
|t:|1650758175
|switch|p1a: Zapdos|Zapdos-Galar|47/100
|move|p2a: Kartana|Smart Strike|p1a: Zapdos
|-damage|p1a: Zapdos|0 fnt
|faint|p1a: Zapdos
|-ability|p2a: Kartana|Beast Boost|boost
|-boost|p2a: Kartana|atk|1
|
|-heal|p2a: Kartana|62/100|[from] Grassy Terrain
|upkeep
|
|t:|1650758187
|switch|p1a: Dragapult|Dragapult, F|100/100
|turn|10
|
|t:|1650758191
|switch|p2a: Blissey|Blissey, F|100/100
|-damage|p2a: Blissey|88/100|[from] Stealth Rock
|move|p1a: Dragapult|Flamethrower|p2a: Blissey
|-damage|p2a: Blissey|78/100
|-damage|p1a: Dragapult|91/100|[from] item: Life Orb
|
|-heal|p1a: Dragapult|97/100|[from] Grassy Terrain
|-heal|p2a: Blissey|84/100|[from] Grassy Terrain
|-heal|p2a: Blissey|90/100|[from] item: Leftovers
|upkeep
|turn|11
|
|t:|1650758197
|move|p1a: Dragapult|Dragon Darts|p2a: Blissey
|-crit|p2a: Blissey
|-damage|p2a: Blissey|49/100
|-anim|p1a: Dragapult|Dragon Darts|p2a: Blissey
|-damage|p2a: Blissey|21/100
|-damage|p1a: Dragapult|87/100|[from] item: Life Orb
|move|p2a: Blissey|Toxic|p1a: Dragapult
|-status|p1a: Dragapult|tox
|
|-heal|p1a: Dragapult|93/100 tox|[from] Grassy Terrain
|-heal|p2a: Blissey|27/100|[from] Grassy Terrain
|-heal|p2a: Blissey|33/100|[from] item: Leftovers
|-damage|p1a: Dragapult|87/100 tox|[from] psn
|-fieldend|move: Grassy Terrain
|upkeep
|turn|12
|
|t:|1650758210
|move|p2a: Blissey|Protect|p2a: Blissey
|-singleturn|p2a: Blissey|Protect
|move|p1a: Dragapult|Dragon Darts|p2a: Blissey
|-activate|p2a: Blissey|move: Protect
|
|-heal|p2a: Blissey|39/100|[from] item: Leftovers
|-damage|p1a: Dragapult|75/100 tox|[from] psn
|upkeep
|turn|13
|
|t:|1650758221
|switch|p2a: Tapu Koko|Tapu Koko|65/100
|-fieldstart|move: Electric Terrain|[from] ability: Electric Surge|[of] p2a: Tapu Koko
|move|p1a: Dragapult|Dragon Darts|p2a: Tapu Koko
|-immune|p2a: Tapu Koko
|
|-damage|p1a: Dragapult|57/100 tox|[from] psn
|upkeep
|turn|14
|
|t:|1650758243
|switch|p1a: Rillaboom|Rillaboom, M|95/100
|-fieldstart|move: Grassy Terrain|[from] ability: Grassy Surge|[of] p1a: Rillaboom
|switch|p2a: Blissey|Blissey, F|39/100
|-damage|p2a: Blissey|27/100|[from] Stealth Rock
|
|-heal|p1a: Rillaboom|100/100|[from] Grassy Terrain
|-heal|p2a: Blissey|33/100|[from] Grassy Terrain
|-heal|p2a: Blissey|39/100|[from] item: Leftovers
|upkeep
|turn|15
|
|t:|1650758263
|move|p2a: Blissey|Protect|p2a: Blissey
|-singleturn|p2a: Blissey|Protect
|move|p1a: Rillaboom|Knock Off|p2a: Blissey
|-activate|p2a: Blissey|move: Protect
|
|-heal|p2a: Blissey|45/100|[from] Grassy Terrain
|-heal|p2a: Blissey|52/100|[from] item: Leftovers
|upkeep
|turn|16
|
|t:|1650758266
|move|p1a: Rillaboom|Grassy Glide|p2a: Blissey
|-damage|p2a: Blissey|0 fnt
|faint|p2a: Blissey
|-damage|p1a: Rillaboom|91/100|[from] item: Life Orb
|
|-heal|p1a: Rillaboom|97/100|[from] Grassy Terrain
|upkeep
|
|t:|1650758270
|switch|p2a: Tapu Koko|Tapu Koko|65/100
|-fieldstart|move: Electric Terrain|[from] ability: Electric Surge|[of] p2a: Tapu Koko
|turn|17
|
|t:|1650758280
|switch|p1a: Dragapult|Dragapult, F|57/100 tox
|move|p2a: Tapu Koko|Dazzling Gleam|p1a: Dragapult
|-supereffective|p1a: Dragapult
|-damage|p1a: Dragapult|0 fnt
|faint|p1a: Dragapult
|
|upkeep
|
|t:|1650758292
|switch|p1a: Rillaboom|Rillaboom, M|97/100
|-fieldstart|move: Grassy Terrain|[from] ability: Grassy Surge|[of] p1a: Rillaboom
|turn|18
|
|t:|1650758300
|switch|p2a: Kartana|Kartana|62/100
|-damage|p2a: Kartana|55/100|[from] Stealth Rock
|move|p1a: Rillaboom|Knock Off|p2a: Kartana
|-damage|p2a: Kartana|23/100
|-damage|p1a: Rillaboom|87/100|[from] item: Life Orb
|
|-heal|p2a: Kartana|29/100|[from] Grassy Terrain
|-heal|p1a: Rillaboom|93/100|[from] Grassy Terrain
|upkeep
|turn|19
|
|t:|1650758315
|move|p2a: Kartana|Sacred Sword|p1a: Rillaboom
|-damage|p1a: Rillaboom|50/100
|move|p1a: Rillaboom|Knock Off|p2a: Kartana
|-damage|p2a: Kartana|0 fnt
|faint|p2a: Kartana
|-damage|p1a: Rillaboom|40/100|[from] item: Life Orb
|
|-heal|p1a: Rillaboom|47/100|[from] Grassy Terrain
|upkeep
|
|t:|1650758318
|switch|p2a: Tapu Koko|Tapu Koko|65/100
|-fieldstart|move: Electric Terrain|[from] ability: Electric Surge|[of] p2a: Tapu Koko
|turn|20
|
|t:|1650758333
|switch|p1a: Regieleki|Regieleki|100/100
|move|p2a: Tapu Koko|U-turn|p1a: Regieleki
|-damage|p1a: Regieleki|73/100
|
|t:|1650758335
|switch|p2a: Ditto|Ditto|94/100|[from]move: U-turn
|-damage|p2a: Ditto|82/100|[from] Stealth Rock
|-transform|p2a: Ditto|p1a: Regieleki|[from] ability: Imposter
|
|upkeep
|turn|21
|
|t:|1650758353
|switch|p1a: Rillaboom|Rillaboom, M|47/100
|-fieldstart|move: Grassy Terrain|[from] ability: Grassy Surge|[of] p1a: Rillaboom
|move|p2a: Ditto|Explosion|p1a: Rillaboom
|-damage|p1a: Rillaboom|0 fnt
|faint|p2a: Ditto
|faint|p1a: Rillaboom
|
|upkeep
|
|t:|1650758363
|switch|p1a: Regieleki|Regieleki|73/100
|switch|p2a: Tapu Koko|Tapu Koko|65/100
|-fieldstart|move: Electric Terrain|[from] ability: Electric Surge|[of] p2a: Tapu Koko
|turn|22
|
|t:|1650758371
|move|p1a: Regieleki|Reflect|p1a: Regieleki
|-sidestart|p1: Chikami|Reflect
|move|p2a: Tapu Koko|Dazzling Gleam|p1a: Regieleki
|-damage|p1a: Regieleki|22/100
|
|upkeep
|turn|23
|
|t:|1650758379
|move|p1a: Regieleki|Light Screen|p1a: Regieleki
|-sidestart|p1: Chikami|move: Light Screen
|move|p2a: Tapu Koko|Dazzling Gleam|p1a: Regieleki
|-damage|p1a: Regieleki|0 fnt
|faint|p1a: Regieleki
|
|upkeep
|
|t:|1650758383
|switch|p1a: Scolipede|Scolipede, M|100/100
|turn|24
|
|t:|1650758391
|move|p2a: Tapu Koko|Thunderbolt|p1a: Scolipede
|-damage|p1a: Scolipede|61/100
|move|p1a: Scolipede|Poison Jab|p2a: Tapu Koko
|-supereffective|p2a: Tapu Koko
|-damage|p2a: Tapu Koko|0 fnt
|faint|p2a: Tapu Koko
|-damage|p1a: Scolipede|51/100|[from] item: Life Orb
|
|-ability|p1a: Scolipede|Speed Boost|boost
|-boost|p1a: Scolipede|spe|1
|upkeep
|
|t:|1650758393
|switch|p2a: Hawlucha|Hawlucha, M|100/100
|-damage|p2a: Hawlucha|88/100|[from] Stealth Rock
|-enditem|p2a: Hawlucha|Electric Seed
|-boost|p2a: Hawlucha|def|1|[from] item: Electric Seed
|turn|25
|
|t:|1650758396
|move|p2a: Hawlucha|Acrobatics|p1a: Scolipede
|-supereffective|p1a: Scolipede
|-damage|p1a: Scolipede|0 fnt
|faint|p1a: Scolipede
|
|win|darthputin
|raw|Chikami's rating: 1754 &rarr; <strong>1730</strong><br />(-24 for losing)
|raw|darthputin's rating: 1691 &rarr; <strong>1715</strong><br />(+24 for winning)
|l|☆Chikami
||Ladder isn't responding, score probably updated but might not have (Request timeout).
