|j|☆Donations=Rewards
|j|☆misplayin
|t:|1663615737
|gametype|singles
|player|p1|Donations=Rewards|artist|1721
|player|p2|misplayin|bugsy|1694
|teamsize|p1|6
|teamsize|p2|6
|gen|8
|tier|[Gen 8] OU
|rated|
|rule|Sleep Clause Mod: Limit one foe put to sleep
|rule|Species Clause: Limit one of each Pokémon
|rule|OHKO Clause: OHKO moves are banned
|rule|Evasion Items Clause: Evasion items are banned
|rule|Evasion Moves Clause: Evasion moves are banned
|rule|Endless Battle Clause: Forcing endless battles is banned
|rule|HP Percentage Mod: HP is shown in percentages
|rule|Dynamax Clause: You cannot dynamax
|clearpoke
|poke|p1|Regieleki|
|poke|p1|Tornadus-Therian, M|
|poke|p1|Buzzwole|
|poke|p1|Krookodile, M|
|poke|p1|Toxapex, F|
|poke|p1|Heatran, M|
|poke|p2|Ninetales-Alola, F|
|poke|p2|Aegislash, F|
|poke|p2|Tangrowth, M|
|poke|p2|Tornadus-Therian, M|
|poke|p2|Swampert, M|
|poke|p2|Lycanroc-Dusk, M|
|teampreview
|inactive|Battle timer is ON: inactive players will automatically lose when time's up. (requested by misplayin)
|j| Chiwis Del Norte
|
|t:|1663615762
|start
|switch|p1a: Buzzwole|Buzzwole|100/100
|switch|p2a: Swampert|Swampert, M|100/100
|turn|1
|
|t:|1663615768
|switch|p2a: Aegislash|Aegislash, F|100/100
|move|p1a: Buzzwole|Toxic|p2a: Aegislash
|-immune|p2a: Aegislash
|
|upkeep
|turn|2
|
|t:|1663615772
|switch|p1a: Toxapex|Toxapex, F|100/100
|-formechange|p2a: Aegislash|Aegislash-Blade||[from] ability: Stance Change
|move|p2a: Aegislash|Shadow Ball|p1a: Toxapex
|-damage|p1a: Toxapex|51/100
|-unboost|p1a: Toxapex|spd|1
|
|-heal|p1a: Toxapex|57/100|[from] item: Black Sludge
|upkeep
|turn|3
|
|t:|1663615776
|switch|p1a: Tornadus|Tornadus-Therian, M|100/100
|move|p2a: Aegislash|Shadow Ball|p1a: Tornadus
|-damage|p1a: Tornadus|49/100
|
|upkeep
|turn|4
|
|t:|1663615781
|switch|p2a: Tornadus|Tornadus-Therian, M|100/100
|move|p1a: Tornadus|Heat Wave|p2a: Tornadus
|-damage|p2a: Tornadus|77/100
|
|upkeep
|turn|5
|
|t:|1663615790
|switch|p1a: Krookodile|Krookodile, M|100/100
|-ability|p1a: Krookodile|Intimidate|boost
|-unboost|p2a: Tornadus|atk|1
|move|p2a: Tornadus|U-turn|p1a: Krookodile
|-supereffective|p1a: Krookodile
|-damage|p1a: Krookodile|78/100
|j| 0SiegeWarfare
|
|t:|1663615801
|switch|p2a: Tangrowth|Tangrowth, M|100/100|[from]move: U-turn
|
|upkeep
|turn|6
|
|t:|1663615812
|switch|p1a: Buzzwole|Buzzwole|100/100
|move|p2a: Tangrowth|Knock Off|p1a: Buzzwole
|-resisted|p1a: Buzzwole
|-damage|p1a: Buzzwole|95/100
|-damage|p2a: Tangrowth|84/100|[from] item: Rocky Helmet|[of] p1a: Buzzwole
|-enditem|p1a: Buzzwole|Rocky Helmet|[from] move: Knock Off|[of] p2a: Tangrowth
|
|upkeep
|turn|7
|
|t:|1663615817
|switch|p1a: Tornadus|Tornadus-Therian, M|82/100
|move|p2a: Tangrowth|Toxic|p1a: Tornadus
|-status|p1a: Tornadus|tox
|
|-damage|p1a: Tornadus|76/100 tox|[from] psn
|upkeep
|turn|8
|
|t:|1663615828
|switch|p2a: Tornadus|Tornadus-Therian, M|100/100
|move|p1a: Tornadus|U-turn|p2a: Tornadus
|-resisted|p2a: Tornadus
|-damage|p2a: Tornadus|92/100
|
|t:|1663615835
|switch|p1a: Regieleki|Regieleki|100/100|[from]move: U-turn
|
|upkeep
|turn|9
|
|t:|1663615840
|switch|p2a: Swampert|Swampert, M|100/100
|move|p1a: Regieleki|Ancient Power|p2a: Swampert
|-resisted|p2a: Swampert
|-damage|p2a: Swampert|94/100
|
|-heal|p2a: Swampert|99/100|[from] item: Leftovers
|upkeep
|turn|10
|
|t:|1663615846
|switch|p1a: Buzzwole|Buzzwole|95/100
|move|p2a: Swampert|Stealth Rock|p1a: Buzzwole
|-sidestart|p1: Donations=Rewards|move: Stealth Rock
|
|-heal|p2a: Swampert|100/100|[from] item: Leftovers
|upkeep
|turn|11
|
|t:|1663615851
|switch|p1a: Regieleki|Regieleki|100/100
|switch|p2a: Aegislash|Aegislash, F|100/100
|
|upkeep
|turn|12
|
|t:|1663615854
|move|p1a: Regieleki|Electro Ball|p2a: Aegislash
|-damage|p2a: Aegislash|50/100
|-formechange|p2a: Aegislash|Aegislash-Blade||[from] ability: Stance Change
|move|p2a: Aegislash|Shadow Ball|p1a: Regieleki
|-damage|p1a: Regieleki|0 fnt
|faint|p1a: Regieleki
|
|upkeep
|
|t:|1663615857
|switch|p1a: Toxapex|Toxapex, F|91/100
|-damage|p1a: Toxapex|78/100|[from] Stealth Rock
|turn|13
|
|t:|1663615859
|move|p2a: Aegislash|Shadow Ball|p1a: Toxapex
|-damage|p1a: Toxapex|24/100
|move|p1a: Toxapex|Toxic Spikes|p2a: Aegislash
|-sidestart|p2: misplayin|move: Toxic Spikes
|
|-heal|p1a: Toxapex|30/100|[from] item: Black Sludge
|upkeep
|turn|14
|j| Jongruenwald
|
|t:|1663615864
|switch|p1a: Tornadus|Tornadus-Therian, M|100/100 tox
|-damage|p1a: Tornadus|76/100 tox|[from] Stealth Rock
|move|p2a: Aegislash|Shadow Ball|p1a: Tornadus
|-damage|p1a: Tornadus|24/100 tox
|
|-damage|p1a: Tornadus|18/100 tox|[from] psn
|upkeep
|turn|15
|
|t:|1663615867
|switch|p2a: Tornadus|Tornadus-Therian, M|100/100
|move|p1a: Tornadus|U-turn|p2a: Tornadus
|-resisted|p2a: Tornadus
|-damage|p2a: Tornadus|92/100
|
|t:|1663615870
|switch|p1a: Krookodile|Krookodile, M|78/100|[from]move: U-turn
|-damage|p1a: Krookodile|72/100|[from] Stealth Rock
|-ability|p1a: Krookodile|Intimidate|boost
|-unboost|p2a: Tornadus|atk|1
|
|upkeep
|turn|16
|
|t:|1663615875
|move|p1a: Krookodile|Stone Edge|p2a: Tornadus
|-supereffective|p2a: Tornadus
|-damage|p2a: Tornadus|15/100
|move|p2a: Tornadus|Defog|p1a: Krookodile
|-unboost|p1a: Krookodile|evasion|1
|-sideend|p1: Donations=Rewards|Stealth Rock|[from] move: Defog|[of] p2a: Tornadus
|-sideend|p2: misplayin|Toxic Spikes|[from] move: Defog|[of] p2a: Tornadus
|
|upkeep
|turn|17
|
|t:|1663615880
|switch|p1a: Toxapex|Toxapex, F|63/100
|switch|p2a: Tangrowth|Tangrowth, M|100/100
|
|-heal|p1a: Toxapex|70/100|[from] item: Black Sludge
|upkeep
|turn|18
|
|t:|1663615883
|move|p2a: Tangrowth|Knock Off|p1a: Toxapex
|-damage|p1a: Toxapex|55/100
|-enditem|p1a: Toxapex|Black Sludge|[from] move: Knock Off|[of] p2a: Tangrowth
|move|p1a: Toxapex|Toxic Spikes|p2a: Tangrowth
|-sidestart|p2: misplayin|move: Toxic Spikes
|
|upkeep
|turn|19
|
|t:|1663615888
|switch|p2a: Tornadus|Tornadus-Therian, M|49/100
|switch|p1a: Krookodile|Krookodile, M|72/100
|-ability|p1a: Krookodile|Intimidate|boost
|-unboost|p2a: Tornadus|atk|1
|
|upkeep
|turn|20
|inactive|misplayin has 120 seconds left.
|c| 0SiegeWarfare|wp
|
|t:|1663615927
|switch|p2a: Tangrowth|Tangrowth, M|100/100
|-status|p2a: Tangrowth|psn
|move|p1a: Krookodile|Knock Off|p2a: Tangrowth
|-damage|p2a: Tangrowth|77/100 psn
|-damage|p1a: Krookodile|55/100|[from] item: Rocky Helmet|[of] p2a: Tangrowth
|-enditem|p2a: Tangrowth|Rocky Helmet|[from] move: Knock Off|[of] p1a: Krookodile
|
|-damage|p2a: Tangrowth|65/100 psn|[from] psn
|upkeep
|turn|21
|c| 0SiegeWarfare|no defog
|inactive|misplayin has 120 seconds left.
|
|t:|1663615935
|switch|p1a: Tornadus|Tornadus-Therian, M|51/100 tox
|switch|p2a: Tornadus|Tornadus-Therian, M|82/100
|
|-damage|p1a: Tornadus|45/100 tox|[from] psn
|upkeep
|turn|22
|
|t:|1663615941
|move|p1a: Tornadus|U-turn|p2a: Tornadus
|-resisted|p2a: Tornadus
|-damage|p2a: Tornadus|73/100
|
|t:|1663615944
|switch|p1a: Toxapex|Toxapex, F|88/100|[from]move: U-turn
|move|p2a: Tornadus|Defog|p1a: Toxapex
|-unboost|p1a: Toxapex|evasion|1
|-sideend|p2: misplayin|Toxic Spikes|[from] move: Defog|[of] p2a: Tornadus
|
|upkeep
|turn|23
|
|t:|1663615947
|move|p2a: Tornadus|Taunt|p1a: Toxapex
|-start|p1a: Toxapex|move: Taunt
|cant|p1a: Toxapex|move: Taunt|Toxic Spikes
|
|upkeep
|turn|24
|
|t:|1663615954
|move|p2a: Tornadus|Hurricane|p1a: Toxapex
|-damage|p1a: Toxapex|58/100
|move|p1a: Toxapex|Scald|p2a: Tornadus
|-damage|p2a: Tornadus|55/100
|-status|p2a: Tornadus|brn
|
|-damage|p2a: Tornadus|49/100 brn|[from] brn
|upkeep
|turn|25
|
|t:|1663615965
|switch|p1a: Tornadus|Tornadus-Therian, M|78/100 tox
|move|p2a: Tornadus|Hurricane|p1a: Tornadus
|-damage|p1a: Tornadus|47/100 tox
|
|-damage|p1a: Tornadus|41/100 tox|[from] psn
|-damage|p2a: Tornadus|43/100 brn|[from] brn
|upkeep
|turn|26
|
|t:|1663615975
|switch|p2a: Swampert|Swampert, M|100/100
|move|p1a: Tornadus|U-turn|p2a: Swampert
|-damage|p2a: Swampert|88/100
|
|t:|1663615979
|switch|p1a: Buzzwole|Buzzwole|95/100|[from]move: U-turn
|
|-heal|p2a: Swampert|94/100|[from] item: Leftovers
|upkeep
|turn|27
|
|t:|1663615982
|switch|p2a: Tangrowth|Tangrowth, M|98/100 psn
|move|p1a: Buzzwole|Toxic|p2a: Tangrowth|[miss]
|-miss|p1a: Buzzwole|p2a: Tangrowth
|
|-damage|p2a: Tangrowth|86/100 psn|[from] psn
|upkeep
|turn|28
|
|t:|1663615986
|switch|p1a: Tornadus|Tornadus-Therian, M|75/100 tox
|move|p2a: Tangrowth|Knock Off|p1a: Tornadus
|-damage|p1a: Tornadus|54/100 tox
|-enditem|p1a: Tornadus|Assault Vest|[from] move: Knock Off|[of] p2a: Tangrowth
|
|-damage|p1a: Tornadus|47/100 tox|[from] psn
|-damage|p2a: Tangrowth|73/100 psn|[from] psn
|upkeep
|turn|29
|
|t:|1663615994
|switch|p2a: Tornadus|Tornadus-Therian, M|76/100 brn
|move|p1a: Tornadus|U-turn|p2a: Tornadus
|-resisted|p2a: Tornadus
|-damage|p2a: Tornadus|68/100 brn
|
|t:|1663616001
|switch|p1a: Toxapex|Toxapex, F|91/100|[from]move: U-turn
|
|-damage|p2a: Tornadus|62/100 brn|[from] brn
|upkeep
|turn|30
|
|t:|1663616005
|move|p2a: Tornadus|Taunt|p1a: Toxapex
|-start|p1a: Toxapex|move: Taunt
|move|p1a: Toxapex|Scald|p2a: Tornadus
|-damage|p2a: Tornadus|44/100 brn
|
|-damage|p2a: Tornadus|38/100 brn|[from] brn
|upkeep
|turn|31
|
|t:|1663616011
|move|p2a: Tornadus|U-turn|p1a: Toxapex
|-resisted|p1a: Toxapex
|-damage|p1a: Toxapex|89/100
|
|t:|1663616016
|switch|p2a: Ninetales|Ninetales-Alola, F, shiny|100/100|[from]move: U-turn
|-weather|Hail|[from] ability: Snow Warning|[of] p2a: Ninetales
|move|p1a: Toxapex|Scald|p2a: Ninetales
|-damage|p2a: Ninetales|81/100
|
|-weather|Hail|[upkeep]
|-damage|p1a: Toxapex|82/100|[from] Hail
|upkeep
|turn|32
|
|t:|1663616023
|switch|p2a: Swampert|Swampert, M|94/100
|switch|p1a: Heatran|Heatran, M|100/100
|-item|p1a: Heatran|Air Balloon
|
|-weather|Hail|[upkeep]
|-damage|p1a: Heatran|94/100|[from] Hail
|-damage|p2a: Swampert|88/100|[from] Hail
|-heal|p2a: Swampert|94/100|[from] item: Leftovers
|upkeep
|turn|33
|
|t:|1663616028
|move|p1a: Heatran|Taunt|p2a: Swampert
|-start|p2a: Swampert|move: Taunt
|move|p2a: Swampert|Flip Turn|p1a: Heatran
|-supereffective|p1a: Heatran
|-damage|p1a: Heatran|46/100
|-enditem|p1a: Heatran|Air Balloon
|
|t:|1663616033
|switch|p2a: Lycanroc|Lycanroc-Dusk, M, shiny|100/100|[from]move: Flip Turn
|
|-weather|Hail|[upkeep]
|-damage|p2a: Lycanroc|94/100|[from] Hail
|-damage|p1a: Heatran|40/100|[from] Hail
|upkeep
|turn|34
|
|t:|1663616038
|switch|p1a: Buzzwole|Buzzwole|95/100
|move|p2a: Lycanroc|Stone Edge|p1a: Buzzwole
|-damage|p1a: Buzzwole|64/100
|-damage|p2a: Lycanroc|84/100|[from] item: Life Orb
|
|-weather|Hail|[upkeep]
|-damage|p2a: Lycanroc|78/100|[from] Hail
|-damage|p1a: Buzzwole|57/100|[from] Hail
|upkeep
|turn|35
|
|t:|1663616043
|switch|p2a: Aegislash|Aegislash, F|50/100
|switch|p1a: Krookodile|Krookodile, M|55/100
|-ability|p1a: Krookodile|Intimidate|boost
|-unboost|p2a: Aegislash|atk|1
|
|-weather|none
|upkeep
|turn|36
|
|t:|1663616054
|switch|p2a: Tangrowth|Tangrowth, M|100/100 psn
|move|p1a: Krookodile|Stealth Rock|p2a: Tangrowth
|-sidestart|p2: misplayin|move: Stealth Rock
|
|-damage|p2a: Tangrowth|88/100 psn|[from] psn
|upkeep
|turn|37
|
|t:|1663616059
|switch|p1a: Heatran|Heatran, M|40/100
|switch|p2a: Tornadus|Tornadus-Therian, M|71/100 brn
|
|-damage|p2a: Tornadus|65/100 brn|[from] brn
|upkeep
|turn|38
|
|t:|1663616062
|move|p2a: Tornadus|U-turn|p1a: Heatran
|-resisted|p1a: Heatran
|-damage|p1a: Heatran|38/100
|
|t:|1663616065
|switch|p2a: Swampert|Swampert, M|94/100|[from]move: U-turn
|-damage|p2a: Swampert|88/100|[from] Stealth Rock
|move|p1a: Heatran|Magma Storm|p2a: Swampert
|-resisted|p2a: Swampert
|-damage|p2a: Swampert|68/100
|-activate|p2a: Swampert|move: Magma Storm|[of] p1a: Heatran
|
|-heal|p2a: Swampert|75/100|[from] item: Leftovers
|-damage|p2a: Swampert|62/100|[from] move: Magma Storm|[partiallytrapped]
|upkeep
|turn|39
|
|t:|1663616072
|switch|p1a: Tornadus|Tornadus-Therian, M|81/100 tox
|move|p2a: Swampert|Stealth Rock|p1a: Tornadus
|-sidestart|p1: Donations=Rewards|move: Stealth Rock
|
|-heal|p2a: Swampert|68/100|[from] item: Leftovers
|-damage|p1a: Tornadus|75/100 tox|[from] psn
|-end|p2a: Swampert|Magma Storm|[partiallytrapped]|[silent]
|upkeep
|turn|40
|
|t:|1663616078
|move|p1a: Tornadus|Hurricane|p2a: Swampert
|-crit|p2a: Swampert
|-damage|p2a: Swampert|26/100
|move|p2a: Swampert|Flip Turn|p1a: Tornadus
|-damage|p1a: Tornadus|52/100 tox
|
|t:|1663616082
|switch|p2a: Lycanroc|Lycanroc-Dusk, M, shiny|78/100|[from]move: Flip Turn
|-damage|p2a: Lycanroc|66/100|[from] Stealth Rock
|
|-damage|p1a: Tornadus|40/100 tox|[from] psn
|upkeep
|turn|41
|
|t:|1663616087
|switch|p1a: Toxapex|Toxapex, F|100/100
|-damage|p1a: Toxapex|88/100|[from] Stealth Rock
|move|p2a: Lycanroc|Stone Edge|p1a: Toxapex
|-crit|p1a: Toxapex
|-damage|p1a: Toxapex|29/100
|-damage|p2a: Lycanroc|56/100|[from] item: Life Orb
|
|upkeep
|turn|42
|
|t:|1663616094
|switch|p1a: Buzzwole|Buzzwole|57/100
|-damage|p1a: Buzzwole|45/100|[from] Stealth Rock
|move|p2a: Lycanroc|Stone Edge|p1a: Buzzwole
|-damage|p1a: Buzzwole|13/100
|-damage|p2a: Lycanroc|46/100|[from] item: Life Orb
|
|upkeep
|turn|43
|c|☆Donations=Rewards|gg
|-message|Donations=Rewards forfeited.
|
|win|misplayin
|raw|Donations=Rewards's rating: 1721 &rarr; <strong>1699</strong><br />(-22 for losing)
|raw|misplayin's rating: 1694 &rarr; <strong>1716</strong><br />(+22 for winning)
|c|☆misplayin|gg
|l| Jongruenwald
||Ladder isn't responding, score probably updated but might not have (Request timeout).
|l| 0SiegeWarfare
|j| carboxide_ever
|l| carboxide_ever
