|j|☆ibbyverse
|j|☆Eclipse77
|t:|1652210123
|gametype|singles
|player|p1|ibbyverse|ghetsis-gen5bw|1398
|player|p2|Eclipse77|kahili|1375
|teamsize|p1|6
|teamsize|p2|6
|gen|8
|tier|[Gen 8] OU
|rated|
|rule|Sleep Clause Mod: Limit one foe put to sleep
|rule|Species Clause: Limit one of each Pokémon
|rule|OHKO Clause: OHKO moves are banned
|rule|Evasion Moves Clause: Evasion moves are banned
|rule|Endless Battle Clause: Forcing endless battles is banned
|rule|HP Percentage Mod: HP is shown in percentages
|rule|Dynamax Clause: You cannot dynamax
|clearpoke
|poke|p1|Dragapult, F|
|poke|p1|Mandibuzz, F|
|poke|p1|Slowking-Galar, M|
|poke|p1|Buzzwole|
|poke|p1|Xurkitree|
|poke|p1|Swampert, M|
|poke|p2|Landorus-Therian, M|
|poke|p2|Weavile, M|
|poke|p2|Ferrothorn, M|
|poke|p2|Zapdos|
|poke|p2|Urshifu-*, M|
|poke|p2|Volcarona, F|
|teampreview
|inactive|Battle timer is ON: inactive players will automatically lose when time's up. (requested by ibbyverse)
|inactive|Eclipse77 has 120 seconds left.
|inactive|Eclipse77 has 90 seconds left.
|
|t:|1652210192
|start
|switch|p1a: Swampert|Swampert, M|100/100
|switch|p2a: Zapdos|Zapdos|100/100
|turn|1
|
|t:|1652210208
|move|p2a: Zapdos|Hurricane|p1a: Swampert
|-damage|p1a: Swampert|42/100
|-start|p1a: Swampert|confusion
|-activate|p1a: Swampert|confusion
|move|p1a: Swampert|Stealth Rock|p2a: Zapdos
|-sidestart|p2: Eclipse77|move: Stealth Rock
|
|-heal|p1a: Swampert|49/100|[from] item: Leftovers
|upkeep
|turn|2
|
|t:|1652210218
|switch|p1a: Slowking|Slowking-Galar, M|100/100
|move|p2a: Zapdos|Hurricane|p1a: Slowking
|-damage|p1a: Slowking|67/100
|-start|p1a: Slowking|confusion
|
|upkeep
|turn|3
|
|t:|1652210226
|move|p2a: Zapdos|Hurricane|p1a: Slowking|[miss]
|-miss|p2a: Zapdos|p1a: Slowking
|-activate|p1a: Slowking|confusion
|move|p1a: Slowking|Future Sight|p2a: Zapdos
|-start|p1a: Slowking|move: Future Sight
|
|upkeep
|turn|4
|
|t:|1652210236
|switch|p2a: Ferrothorn|Ferrothorn, M|100/100
|-damage|p2a: Ferrothorn|95/100|[from] Stealth Rock
|-activate|p1a: Slowking|confusion
|move|p1a: Slowking|Sludge Bomb|p2a: Ferrothorn
|-immune|p2a: Ferrothorn
|
|-heal|p2a: Ferrothorn|100/100|[from] item: Leftovers
|upkeep
|turn|5
|
|t:|1652210242
|-activate|p1a: Slowking|confusion
|move|p1a: Slowking|Flamethrower|p2a: Ferrothorn
|-supereffective|p2a: Ferrothorn
|-damage|p2a: Ferrothorn|13/100
|move|p2a: Ferrothorn|Leech Seed|p1a: Slowking
|-start|p1a: Slowking|move: Leech Seed
|
|-end|p2a: Ferrothorn|move: Future Sight
|-resisted|p2a: Ferrothorn
|-damage|p2a: Ferrothorn|0 fnt
|faint|p2a: Ferrothorn
|upkeep
|
|t:|1652210252
|switch|p2a: Landorus|Landorus-Therian, M|100/100
|-damage|p2a: Landorus|88/100|[from] Stealth Rock
|-ability|p2a: Landorus|Intimidate|boost
|-unboost|p1a: Slowking|atk|1
|turn|6
|
|t:|1652210257
|switch|p1a: Buzzwole|Buzzwole|100/100
|move|p2a: Landorus|Defog|p1a: Buzzwole
|-unboost|p1a: Buzzwole|evasion|1
|-sideend|p2: Eclipse77|Stealth Rock|[from] move: Defog|[of] p2a: Landorus
|
|-heal|p2a: Landorus|94/100|[from] item: Leftovers
|upkeep
|turn|7
|
|t:|1652210274
|switch|p2a: Urshifu|Urshifu-Rapid-Strike, M|100/100
|move|p1a: Buzzwole|Toxic|p2a: Urshifu
|-status|p2a: Urshifu|tox
|
|-damage|p2a: Urshifu|94/100 tox|[from] psn
|upkeep
|turn|8
|c|☆Eclipse77|i dont play ou enough i forgot slowking get flamethrower
|
|t:|1652210282
|move|p2a: Urshifu|U-turn|p1a: Buzzwole
|-resisted|p1a: Buzzwole
|-damage|p1a: Buzzwole|95/100
|
|t:|1652210284
|switch|p2a: Volcarona|Volcarona, F, shiny|100/100|[from]move: U-turn
|move|p1a: Buzzwole|Drain Punch|p2a: Volcarona
|-resisted|p2a: Volcarona
|-damage|p2a: Volcarona|82/100
|-heal|p1a: Buzzwole|100/100|[from] drain|[of] p2a: Volcarona
|
|upkeep
|turn|9
|
|t:|1652210299
|switch|p1a: Slowking|Slowking-Galar, M|99/100
|move|p2a: Volcarona|Safeguard|p2a: Volcarona
|-sidestart|p2: Eclipse77|Safeguard
|
|upkeep
|turn|10
|
|t:|1652210302
|move|p2a: Volcarona|Quiver Dance|p2a: Volcarona
|-boost|p2a: Volcarona|spa|1
|-boost|p2a: Volcarona|spd|1
|-boost|p2a: Volcarona|spe|1
|move|p1a: Slowking|Future Sight|p2a: Volcarona
|-start|p1a: Slowking|move: Future Sight
|
|upkeep
|turn|11
|
|t:|1652210304
|move|p2a: Volcarona|Quiver Dance|p2a: Volcarona
|-boost|p2a: Volcarona|spa|1
|-boost|p2a: Volcarona|spd|1
|-boost|p2a: Volcarona|spe|1
|move|p1a: Slowking|Sludge Bomb|p2a: Volcarona
|-damage|p2a: Volcarona|68/100
|
|upkeep
|turn|12
|
|t:|1652210309
|move|p2a: Volcarona|Quiver Dance|p2a: Volcarona
|-boost|p2a: Volcarona|spa|1
|-boost|p2a: Volcarona|spd|1
|-boost|p2a: Volcarona|spe|1
|move|p1a: Slowking|Sludge Bomb|p2a: Volcarona
|-damage|p2a: Volcarona|58/100
|
|-end|p2a: Volcarona|move: Future Sight
|-damage|p2a: Volcarona|41/100
|upkeep
|turn|13
|
|t:|1652210313
|move|p2a: Volcarona|Roost|p2a: Volcarona
|-heal|p2a: Volcarona|91/100
|-singleturn|p2a: Volcarona|move: Roost
|move|p1a: Slowking|Sludge Bomb|p2a: Volcarona
|-damage|p2a: Volcarona|79/100
|
|-sideend|p2: Eclipse77|Safeguard
|upkeep
|turn|14
|inactive|ibbyverse has 120 seconds left.
|
|t:|1652210344
|move|p2a: Volcarona|Flamethrower|p1a: Slowking
|-damage|p1a: Slowking|59/100
|move|p1a: Slowking|Future Sight|p2a: Volcarona
|-start|p1a: Slowking|move: Future Sight
|
|upkeep
|turn|15
|inactive|ibbyverse has 120 seconds left.
|
|t:|1652210358
|move|p2a: Volcarona|Quiver Dance|p2a: Volcarona
|-boost|p2a: Volcarona|spa|1
|-boost|p2a: Volcarona|spd|1
|-boost|p2a: Volcarona|spe|1
|move|p1a: Slowking|Scald|p2a: Volcarona
|-supereffective|p2a: Volcarona
|-damage|p2a: Volcarona|68/100
|
|upkeep
|turn|16
|
|t:|1652210365
|switch|p1a: Swampert|Swampert, M|49/100
|move|p2a: Volcarona|Safeguard|p2a: Volcarona
|-sidestart|p2: Eclipse77|Safeguard
|
|-end|p2a: Volcarona|move: Future Sight
|-damage|p2a: Volcarona|54/100
|-heal|p1a: Swampert|55/100|[from] item: Leftovers
|upkeep
|turn|17
|inactive|ibbyverse has 120 seconds left.
|
|t:|1652210388
|switch|p1a: Slowking|Slowking-Galar, M|92/100
|move|p2a: Volcarona|Flamethrower|p1a: Slowking
|-damage|p1a: Slowking|40/100
|
|upkeep
|turn|18
|
|t:|1652210394
|move|p2a: Volcarona|Quiver Dance|p2a: Volcarona
|-boost|p2a: Volcarona|spa|1
|-boost|p2a: Volcarona|spd|1
|-boost|p2a: Volcarona|spe|1
|move|p1a: Slowking|Flamethrower|p2a: Volcarona
|-damage|p2a: Volcarona|49/100
|
|upkeep
|turn|19
|
|t:|1652210397
|move|p2a: Volcarona|Quiver Dance|p2a: Volcarona
|-boost|p2a: Volcarona|spa|1
|-boost|p2a: Volcarona|spd|1
|-boost|p2a: Volcarona|spe|1
|move|p1a: Slowking|Future Sight|p2a: Volcarona
|-start|p1a: Slowking|move: Future Sight
|
|upkeep
|turn|20
|
|t:|1652210401
|switch|p1a: Swampert|Swampert, M|55/100
|move|p2a: Volcarona|Roost|p2a: Volcarona
|-heal|p2a: Volcarona|99/100
|-singleturn|p2a: Volcarona|move: Roost
|
|-heal|p1a: Swampert|61/100|[from] item: Leftovers
|-sideend|p2: Eclipse77|Safeguard
|upkeep
|turn|21
|
|t:|1652210407
|move|p2a: Volcarona|Flamethrower|p1a: Swampert
|-resisted|p1a: Swampert
|-damage|p1a: Swampert|9/100
|move|p1a: Swampert|Toxic|p2a: Volcarona
|-status|p2a: Volcarona|tox
|
|-end|p2a: Volcarona|move: Future Sight
|-damage|p2a: Volcarona|90/100 tox
|-heal|p1a: Swampert|15/100|[from] item: Leftovers
|-damage|p2a: Volcarona|84/100 tox|[from] psn
|upkeep
|turn|22
|
|t:|1652210436
|switch|p1a: Slowking|Slowking-Galar, M|73/100
|move|p2a: Volcarona|Flamethrower|p1a: Slowking
|-damage|p1a: Slowking|9/100
|
|-damage|p2a: Volcarona|72/100 tox|[from] psn
|upkeep
|turn|23
|
|t:|1652210442
|switch|p1a: Swampert|Swampert, M|15/100
|move|p2a: Volcarona|Flamethrower|p1a: Swampert
|-resisted|p1a: Swampert
|-damage|p1a: Swampert|0 fnt
|faint|p1a: Swampert
|
|-damage|p2a: Volcarona|53/100 tox|[from] psn
|upkeep
|
|t:|1652210451
|switch|p1a: Slowking|Slowking-Galar, M|43/100
|turn|24
|
|t:|1652210463
|switch|p1a: Mandibuzz|Mandibuzz, F|100/100
|move|p2a: Volcarona|Flamethrower|p1a: Mandibuzz
|-damage|p1a: Mandibuzz|0 fnt
|faint|p1a: Mandibuzz
|
|-damage|p2a: Volcarona|28/100 tox|[from] psn
|upkeep
|
|t:|1652210470
|switch|p1a: Slowking|Slowking-Galar, M|76/100
|turn|25
|
|t:|1652210486
|move|p2a: Volcarona|Roost|p2a: Volcarona
|-heal|p2a: Volcarona|79/100 tox
|-singleturn|p2a: Volcarona|move: Roost
|move|p1a: Slowking|Future Sight|p2a: Volcarona
|-start|p1a: Slowking|move: Future Sight
|
|-damage|p2a: Volcarona|48/100 tox|[from] psn
|upkeep
|turn|26
|
|t:|1652210498
|move|p2a: Volcarona|Flamethrower|p1a: Slowking
|-damage|p1a: Slowking|11/100
|-status|p1a: Slowking|brn
|move|p1a: Slowking|Flamethrower|p2a: Volcarona
|-damage|p2a: Volcarona|43/100 tox
|
|-damage|p2a: Volcarona|6/100 tox|[from] psn
|-damage|p1a: Slowking|5/100 brn|[from] brn
|upkeep
|turn|27
|inactive|ibbyverse has 120 seconds left.
|
|t:|1652210518
|move|p2a: Volcarona|Flamethrower|p1a: Slowking
|-damage|p1a: Slowking|0 fnt
|faint|p1a: Slowking
|
|-end|p2a: Volcarona|move: Future Sight
|-damage|p2a: Volcarona|0 fnt
|faint|p2a: Volcarona
|upkeep
|inactive|ibbyverse has 120 seconds left.
|
|t:|1652210532
|switch|p2a: Zapdos|Zapdos|100/100
|switch|p1a: Dragapult|Dragapult, F|100/100
|turn|28
|
|t:|1652210539
|move|p1a: Dragapult|Dragon Darts|p2a: Zapdos
|-damage|p2a: Zapdos|54/100
|-anim|p1a: Dragapult|Dragon Darts|p2a: Zapdos
|-damage|p2a: Zapdos|9/100
|move|p2a: Zapdos|Hurricane|p1a: Dragapult|[miss]
|-miss|p2a: Zapdos|p1a: Dragapult
|
|upkeep
|turn|29
|
|t:|1652210545
|switch|p2a: Landorus|Landorus-Therian, M|94/100
|-ability|p2a: Landorus|Intimidate|boost
|-fail|p1a: Dragapult|unboost|[from] ability: Clear Body|[of] p1a: Dragapult
|move|p1a: Dragapult|Dragon Darts|p2a: Landorus
|-damage|p2a: Landorus|58/100
|-anim|p1a: Dragapult|Dragon Darts|p2a: Landorus
|-damage|p2a: Landorus|19/100
|
|-heal|p2a: Landorus|25/100|[from] item: Leftovers
|upkeep
|turn|30
|
|t:|1652210553
|move|p1a: Dragapult|Dragon Darts|p2a: Landorus
|-damage|p2a: Landorus|0 fnt
|faint|p2a: Landorus
|
|upkeep
|
|t:|1652210555
|switch|p2a: Weavile|Weavile, M|100/100
|-ability|p2a: Weavile|Pressure
|turn|31
|
|t:|1652210559
|switch|p1a: Buzzwole|Buzzwole|100/100
|switch|p2a: Zapdos|Zapdos|9/100
|
|upkeep
|turn|32
|
|t:|1652210563
|move|p2a: Zapdos|Hurricane|p1a: Buzzwole|[miss]
|-miss|p2a: Zapdos|p1a: Buzzwole
|move|p1a: Buzzwole|Ice Punch|p2a: Zapdos
|-supereffective|p2a: Zapdos
|-damage|p2a: Zapdos|0 fnt
|-status|p1a: Buzzwole|par|[from] ability: Static|[of] p2a: Zapdos
|faint|p2a: Zapdos
|-ability|p1a: Buzzwole|Beast Boost|boost
|-boost|p1a: Buzzwole|def|1
|
|upkeep
|c|☆Eclipse77|gg
|c|☆ibbyverse|gg
|-message|Eclipse77 forfeited.
|
|win|ibbyverse
|raw|ibbyverse's rating: 1398 &rarr; <strong>1418</strong><br />(+20 for winning)
|raw|Eclipse77's rating: 1395 &rarr; <strong>1375</strong><br />(-20 for losing)
|l|☆Eclipse77
