|j|☆HOF69
|j|☆Sauceless Bitch
|inactive|Battle timer is ON: inactive players will automatically lose when time's up.
|t:|1651984230
|gametype|singles
|player|p1|HOF69|red|
|player|p2|Sauceless Bitch|irida|
|teamsize|p1|6
|teamsize|p2|6
|gen|8
|tier|[Gen 8] OU
|rated|Tournament battle
|rule|Sleep Clause Mod: Limit one foe put to sleep
|rule|Species Clause: Limit one of each Pokémon
|rule|OHKO Clause: OHKO moves are banned
|rule|Evasion Moves Clause: Evasion moves are banned
|rule|Endless Battle Clause: Forcing endless battles is banned
|rule|HP Percentage Mod: HP is shown in percentages
|rule|Dynamax Clause: You cannot dynamax
|clearpoke
|poke|p1|Gengar, M|
|poke|p1|Blacephalon|
|poke|p1|Kartana|
|poke|p1|Tapu Lele|
|poke|p1|Landorus-Therian, M|
|poke|p1|Krookodile, M|
|poke|p2|Zoroark, M|
|poke|p2|Buzzwole|
|poke|p2|Kartana|
|poke|p2|Nihilego|
|poke|p2|Landorus-Therian, M|
|poke|p2|Weavile, M|
|teampreview
|j| Cra3k
|c|☆Sauceless Bitch|hf
|c|☆HOF69|u2
|c|☆Sauceless Bitch|no serps
|c|☆HOF69|nope
|j| Rantox567
|
|t:|1651984248
|start
|switch|p1a: Krookodile|Krookodile, M|100/100
|switch|p2a: Weavile|Weavile, M|100/100
|-ability|p1a: Krookodile|Intimidate|boost
|-unboost|p2a: Weavile|atk|1
|turn|1
|j| galaxy619ivory
|
|t:|1651984255
|move|p2a: Weavile|Swords Dance|p2a: Weavile
|-boost|p2a: Weavile|atk|2
|move|p1a: Krookodile|Stealth Rock|p2a: Weavile
|-sidestart|p2: Sauceless Bitch|move: Stealth Rock
|
|upkeep
|turn|2
|
|t:|1651984259
|move|p2a: Weavile|Triple Axel|p1a: Krookodile
|-supereffective|p1a: Krookodile
|-damage|p1a: Krookodile|57/100
|-supereffective|p1a: Krookodile
|-damage|p1a: Krookodile|0 fnt
|faint|p1a: Krookodile
|-hitcount|p1: Krookodile|2
|
|upkeep
|j| Mimikyu VG2888
|
|t:|1651984267
|switch|p1a: Kartana|Kartana|100/100
|turn|3
|
|t:|1651984271
|move|p2a: Weavile|Beat Up|p1a: Kartana
|-damage|p1a: Kartana|85/100
|-damage|p1a: Kartana|71/100
|-damage|p1a: Kartana|63/100
|-damage|p1a: Kartana|48/100
|-damage|p1a: Kartana|29/100
|-damage|p1a: Kartana|12/100
|-hitcount|p1a: Kartana|6
|move|p1a: Kartana|Sacred Sword|p2a: Weavile
|-supereffective|p2a: Weavile
|-enditem|p2a: Weavile|Focus Sash
|-damage|p2a: Weavile|1/100
|-enditem|p1a: Kartana|Protective Pads|[silent]|[from] ability: Pickpocket|[of] p1a: Kartana
|-item|p2a: Weavile|Protective Pads|[from] ability: Pickpocket|[of] p1a: Kartana
|
|upkeep
|turn|4
|
|t:|1651984286
|move|p2a: Weavile|Beat Up|p1a: Kartana
|-damage|p1a: Kartana|0 fnt
|faint|p1a: Kartana
|-hitcount|p1: Kartana|1
|
|upkeep
|
|t:|1651984298
|switch|p1a: Blacephalon|Blacephalon|100/100
|turn|5
|
|t:|1651984303
|move|p2a: Weavile|Ice Shard|p1a: Blacephalon
|-resisted|p1a: Blacephalon
|-damage|p1a: Blacephalon|63/100
|move|p1a: Blacephalon|Shadow Ball|p2a: Weavile
|-resisted|p2a: Weavile
|-damage|p2a: Weavile|0 fnt
|faint|p2a: Weavile
|-ability|p1a: Blacephalon|Beast Boost|boost
|-boost|p1a: Blacephalon|spa|1
|
|upkeep
|
|t:|1651984309
|switch|p2a: Kartana|Kartana, shiny|100/100
|-damage|p2a: Kartana|94/100|[from] Stealth Rock
|turn|6
|
|t:|1651984332
|switch|p1a: Landorus|Landorus-Therian, M|100/100
|-ability|p1a: Landorus|Intimidate|boost
|-unboost|p2a: Kartana|atk|1
|move|p2a: Kartana|Knock Off|p1a: Landorus
|-damage|p1a: Landorus|75/100
|-enditem|p1a: Landorus|Assault Vest|[from] move: Knock Off|[of] p2a: Kartana
|
|upkeep
|turn|7
|
|t:|1651984344
|switch|p2a: Buzzwole|Buzzwole|100/100
|-damage|p2a: Buzzwole|88/100|[from] Stealth Rock
|switch|p1a: Tapu Lele|Tapu Lele|100/100
|-fieldstart|move: Psychic Terrain|[from] ability: Psychic Surge|[of] p1a: Tapu Lele
|
|upkeep
|turn|8
|j| FerrousAlloy
|
|t:|1651984351
|move|p1a: Tapu Lele|Psyshock|p2a: Buzzwole
|-supereffective|p2a: Buzzwole
|-damage|p2a: Buzzwole|0 fnt
|faint|p2a: Buzzwole
|
|upkeep
|
|t:|1651984354
|switch|p2a: Kartana|Kartana, shiny|100/100
|-damage|p2a: Kartana|88/100|[from] Stealth Rock
|turn|9
|
|t:|1651984359
|switch|p1a: Landorus|Landorus-Therian, M|75/100
|-ability|p1a: Landorus|Intimidate|boost
|-unboost|p2a: Kartana|atk|1
|move|p2a: Kartana|Dark Pulse|p1a: Landorus
|-damage|p1a: Landorus|23/100
|
|upkeep
|turn|10
|
|t:|1651984368
|move|p2a: Kartana|Dark Pulse|p1a: Landorus
|-damage|p1a: Landorus|0 fnt
|faint|p1a: Landorus
|
|upkeep
|
|t:|1651984385
|switch|p1a: Gengar|Gengar, M, shiny|100/100
|turn|11
|
|t:|1651984391
|switch|p2a: Landorus|Landorus-Therian, M|100/100
|-damage|p2a: Landorus|88/100|[from] Stealth Rock
|-ability|p2a: Landorus|Intimidate|boost
|-unboost|p1a: Gengar|atk|1
|move|p1a: Gengar|Focus Blast|p2a: Landorus
|-resisted|p2a: Landorus
|-damage|p2a: Landorus|63/100
|
|-fieldend|move: Psychic Terrain
|upkeep
|turn|12
|
|t:|1651984404
|switch|p1a: Blacephalon|Blacephalon|63/100
|move|p2a: Landorus|Earthquake|p1a: Blacephalon
|-supereffective|p1a: Blacephalon
|-damage|p1a: Blacephalon|0 fnt
|faint|p1a: Blacephalon
|
|upkeep
|
|t:|1651984407
|switch|p1a: Tapu Lele|Tapu Lele|100/100
|-fieldstart|move: Psychic Terrain|[from] ability: Psychic Surge|[of] p1a: Tapu Lele
|turn|13
|
|t:|1651984421
|move|p2a: Landorus|Earthquake|p1a: Tapu Lele
|-damage|p1a: Tapu Lele|21/100
|move|p1a: Tapu Lele|Psyshock|p2a: Landorus
|-damage|p2a: Landorus|0 fnt
|faint|p2a: Landorus
|
|upkeep
|
|t:|1651984426
|switch|p2a: Kartana|Kartana, shiny|94/100
|-damage|p2a: Kartana|88/100|[from] Stealth Rock
|turn|14
|
|t:|1651984428
|move|p2a: Kartana|Knock Off|p1a: Tapu Lele
|-damage|p1a: Tapu Lele|0 fnt
|-enditem|p1a: Tapu Lele|Twisted Spoon|[from] move: Knock Off|[of] p2a: Kartana
|faint|p1a: Tapu Lele
|-ability|p2a: Kartana|Beast Boost|boost
|-boost|p2a: Kartana|atk|1
|
|upkeep
|-message|HOF69 forfeited.
|
|win|Sauceless Bitch
|n|☆HOF69|hof69
|n|☆Sauceless Bitch|saucelessbitch
|n| Cra3k|cra3k
|n| Rantox567|rantox567
|n| galaxy619ivory|galaxy619ivory
|n| Mimikyu VG2888|mimikyuvg2888
|n| FerrousAlloy|ferrousalloy
