|j|☆machugen
|j|☆HQSNonsense
|t:|1667543749
|gametype|singles
|player|p1|machugen|brock-gen1rb|1711
|player|p2|HQSNonsense|veteranf|1698
|teamsize|p1|6
|teamsize|p2|6
|gen|8
|tier|[Gen 8] OU
|rated|
|rule|Sleep Clause Mod: Limit one foe put to sleep
|rule|Species Clause: Limit one of each Pokémon
|rule|OHKO Clause: OHKO moves are banned
|rule|Evasion Items Clause: Evasion items are banned
|rule|Evasion Moves Clause: Evasion moves are banned
|rule|Endless Battle Clause: Forcing endless battles is banned
|rule|HP Percentage Mod: HP is shown in percentages
|rule|Dynamax Clause: You cannot dynamax
|clearpoke
|poke|p1|Tapu Koko|
|poke|p1|Urshifu-*, M|
|poke|p1|Slowking-Galar, M|
|poke|p1|Ferrothorn, M|
|poke|p1|Mandibuzz, F|
|poke|p1|Landorus-Therian, M|
|poke|p2|Blaziken, F|
|poke|p2|Rillaboom, F|
|poke|p2|Landorus-Therian, M|
|poke|p2|Nihilego|
|poke|p2|Bisharp, F|
|poke|p2|Dragonite, F|
|teampreview
|inactive|Battle timer is ON: inactive players will automatically lose when time's up. (requested by machugen)
|
|t:|1667543775
|start
|switch|p1a: Urshifu|Urshifu-Rapid-Strike, M|100/100
|switch|p2a: Bisharp|Bisharp, F|100/100
|turn|1
|
|t:|1667543779
|move|p1a: Urshifu|Surging Strikes|p2a: Bisharp
|-crit|p2a: Bisharp
|-damage|p2a: Bisharp|65/100
|-crit|p2a: Bisharp
|-damage|p2a: Bisharp|28/100
|-crit|p2a: Bisharp
|-damage|p2a: Bisharp|0 fnt
|faint|p2a: Bisharp
|-hitcount|p2: Bisharp|3
|
|upkeep
|
|t:|1667543786
|switch|p2a: Rillaboom|Rillaboom, F|100/100
|-fieldstart|move: Grassy Terrain|[from] ability: Grassy Surge|[of] p2a: Rillaboom
|turn|2
|
|t:|1667543789
|switch|p1a: Mandibuzz|Mandibuzz, F|100/100
|move|p2a: Rillaboom|Swords Dance|p2a: Rillaboom
|-boost|p2a: Rillaboom|atk|2
|
|upkeep
|turn|3
|
|t:|1667543793
|move|p2a: Rillaboom|Knock Off|p1a: Mandibuzz
|-resisted|p1a: Mandibuzz
|-damage|p1a: Mandibuzz|66/100
|-enditem|p1a: Mandibuzz|Heavy-Duty Boots|[from] move: Knock Off|[of] p2a: Rillaboom
|-damage|p2a: Rillaboom|91/100|[from] item: Life Orb
|move|p1a: Mandibuzz|Foul Play|p2a: Rillaboom
|-damage|p2a: Rillaboom|0 fnt
|faint|p2a: Rillaboom
|
|upkeep
|j| HOF69
|
|t:|1667543805
|switch|p2a: Landorus|Landorus-Therian, M|100/100
|-ability|p2a: Landorus|Intimidate|boost
|-unboost|p1a: Mandibuzz|atk|1
|turn|4
|
|t:|1667543810
|move|p2a: Landorus|Bulk Up|p2a: Landorus
|-boost|p2a: Landorus|atk|1
|-boost|p2a: Landorus|def|1
|move|p1a: Mandibuzz|Foul Play|p2a: Landorus
|-damage|p2a: Landorus|48/100
|
|-heal|p2a: Landorus|54/100|[from] item: Leftovers
|upkeep
|turn|5
|
|t:|1667543815
|switch|p1a: Urshifu|Urshifu-Rapid-Strike, M|100/100
|move|p2a: Landorus|Stone Edge|p1a: Urshifu
|-resisted|p1a: Urshifu
|-damage|p1a: Urshifu|75/100
|
|-heal|p1a: Urshifu|81/100|[from] Grassy Terrain
|-heal|p2a: Landorus|60/100|[from] item: Leftovers
|upkeep
|turn|6
|
|t:|1667543824
|move|p1a: Urshifu|Surging Strikes|p2a: Landorus
|-supereffective|p2a: Landorus
|-crit|p2a: Landorus
|-damage|p2a: Landorus|0 fnt
|faint|p2a: Landorus
|-hitcount|p2: Landorus|1
|
|-heal|p1a: Urshifu|87/100|[from] Grassy Terrain
|-fieldend|move: Grassy Terrain
|upkeep
|
|t:|1667543826
|switch|p2a: Dragonite|Dragonite, F|100/100
|turn|7
|
|t:|1667543831
|switch|p1a: Landorus|Landorus-Therian, M|100/100
|-ability|p1a: Landorus|Intimidate|boost
|-unboost|p2a: Dragonite|atk|1
|move|p2a: Dragonite|Dragon Dance|p2a: Dragonite
|-boost|p2a: Dragonite|atk|1
|-boost|p2a: Dragonite|spe|1
|
|upkeep
|turn|8
|
|t:|1667543833
|move|p2a: Dragonite|Dragon Dance|p2a: Dragonite
|-boost|p2a: Dragonite|atk|1
|-boost|p2a: Dragonite|spe|1
|move|p1a: Landorus|Toxic|p2a: Dragonite
|-status|p2a: Dragonite|tox
|
|-damage|p2a: Dragonite|94/100 tox|[from] psn
|upkeep
|turn|9
|
|t:|1667543836
|switch|p1a: Ferrothorn|Ferrothorn, M|100/100
|move|p2a: Dragonite|Dragon Dance|p2a: Dragonite
|-boost|p2a: Dragonite|atk|1
|-boost|p2a: Dragonite|spe|1
|
|-damage|p2a: Dragonite|82/100 tox|[from] psn
|upkeep
|turn|10
|
|t:|1667543838
|move|p2a: Dragonite|Dual Wingbeat|p1a: Ferrothorn
|-damage|p1a: Ferrothorn|71/100
|-damage|p2a: Dragonite|70/100 tox|[from] ability: Iron Barbs|[of] p1a: Ferrothorn
|-damage|p1a: Ferrothorn|46/100
|-damage|p2a: Dragonite|57/100 tox|[from] ability: Iron Barbs|[of] p1a: Ferrothorn
|-hitcount|p1a: Ferrothorn|2
|move|p1a: Ferrothorn|Leech Seed|p2a: Dragonite
|-start|p2a: Dragonite|move: Leech Seed
|
|-heal|p1a: Ferrothorn|52/100|[from] item: Leftovers
|-damage|p2a: Dragonite|45/100 tox|[from] Leech Seed|[of] p1a: Ferrothorn
|-heal|p1a: Ferrothorn|63/100|[silent]
|-damage|p2a: Dragonite|26/100 tox|[from] psn
|upkeep
|turn|11
|j| Rem!x
|
|t:|1667543844
|move|p2a: Dragonite|Earthquake|p1a: Ferrothorn
|-damage|p1a: Ferrothorn|17/100
|move|p1a: Ferrothorn|Stealth Rock|p2a: Dragonite
|-sidestart|p2: HQSNonsense|move: Stealth Rock
|
|-heal|p1a: Ferrothorn|23/100|[from] item: Leftovers
|-damage|p2a: Dragonite|14/100 tox|[from] Leech Seed|[of] p1a: Ferrothorn
|-heal|p1a: Ferrothorn|35/100|[silent]
|-damage|p2a: Dragonite|0 fnt|[from] psn
|faint|p2a: Dragonite
|upkeep
|
|t:|1667543851
|switch|p2a: Blaziken|Blaziken, F|100/100
|-damage|p2a: Blaziken|88/100|[from] Stealth Rock
|turn|12
|
|t:|1667543854
|move|p2a: Blaziken|Substitute|p2a: Blaziken
|-start|p2a: Blaziken|Substitute
|-damage|p2a: Blaziken|63/100
|move|p1a: Ferrothorn|Body Press|p2a: Blaziken
|-end|p2a: Blaziken|Substitute
|
|-heal|p2a: Blaziken|69/100|[from] item: Leftovers
|-heal|p1a: Ferrothorn|41/100|[from] item: Leftovers
|-ability|p2a: Blaziken|Speed Boost|boost
|-boost|p2a: Blaziken|spe|1
|upkeep
|turn|13
|
|t:|1667543857
|move|p2a: Blaziken|Swords Dance|p2a: Blaziken
|-boost|p2a: Blaziken|atk|2
|move|p1a: Ferrothorn|Body Press|p2a: Blaziken
|-damage|p2a: Blaziken|27/100
|
|-heal|p2a: Blaziken|33/100|[from] item: Leftovers
|-heal|p1a: Ferrothorn|47/100|[from] item: Leftovers
|-ability|p2a: Blaziken|Speed Boost|boost
|-boost|p2a: Blaziken|spe|1
|upkeep
|turn|14
|
|t:|1667543861
|move|p2a: Blaziken|Flare Blitz|p1a: Ferrothorn
|-supereffective|p1a: Ferrothorn
|-damage|p1a: Ferrothorn|0 fnt
|-damage|p2a: Blaziken|21/100|[from] ability: Iron Barbs|[of] p1a: Ferrothorn
|faint|p1a: Ferrothorn
|-damage|p2a: Blaziken|5/100|[from] Recoil
|
|-heal|p2a: Blaziken|11/100|[from] item: Leftovers
|-ability|p2a: Blaziken|Speed Boost|boost
|-boost|p2a: Blaziken|spe|1
|upkeep
|
|t:|1667543863
|switch|p1a: Urshifu|Urshifu-Rapid-Strike, M|87/100
|turn|15
|
|t:|1667543865
|move|p1a: Urshifu|Aqua Jet|p2a: Blaziken
|-supereffective|p2a: Blaziken
|-damage|p2a: Blaziken|0 fnt
|faint|p2a: Blaziken
|
|upkeep
|
|t:|1667543867
|switch|p2a: Nihilego|Nihilego|100/100
|-damage|p2a: Nihilego|88/100|[from] Stealth Rock
|turn|16
|
|t:|1667543869
|move|p1a: Urshifu|Aqua Jet|p2a: Nihilego
|-supereffective|p2a: Nihilego
|-damage|p2a: Nihilego|0 fnt
|faint|p2a: Nihilego
|
|win|machugen
|raw|machugen's rating: 1711 &rarr; <strong>1730</strong><br />(+19 for winning)
|raw|HQSNonsense's rating: 1698 &rarr; <strong>1679</strong><br />(-19 for losing)
