|j|☆willcoxw
|j|☆BASIC Instincts
|player|p1|willcoxw|karen|1649
|player|p2|BASIC Instincts|249|1640
|teamsize|p1|6
|teamsize|p2|6
|gametype|singles
|gen|8
|tier|[Gen 8] OU
|rated|
|clearpoke
|poke|p1|Shuckle, M|
|poke|p1|Togekiss, M|
|poke|p1|Cinderace, M|
|poke|p1|Dracozolt|
|poke|p1|Kyurem|
|poke|p1|Zeraora|
|poke|p2|Cinderace, F|
|poke|p2|Kyurem|
|poke|p2|Hippowdon, F|
|poke|p2|Excadrill, M|
|poke|p2|Clefable, M|
|poke|p2|Conkeldurr, M|
|rule|Sleep Clause Mod: Limit one foe put to sleep
|rule|Species Clause: Limit one of each Pokémon
|rule|OHKO Clause: OHKO moves are banned
|rule|Evasion Moves Clause: Evasion moves are banned
|rule|Endless Battle Clause: Forcing endless battles is banned
|rule|HP Percentage Mod: HP is shown in percentages
|rule|Dynamax Clause: You cannot dynamax
|teampreview
|
|start
|switch|p1a: Cinderace|Cinderace, M|100/100
|switch|p2a: Excadrill|Excadrill, M|100/100
|turn|1
|
|switch|p2a: Hippowdon|Hippowdon, F|100/100
|-weather|Sandstorm|[from] ability: Sand Stream|[of] p2a: Hippowdon
|move|p1a: Cinderace|U-turn|p2a: Hippowdon
|-start|p1a: Cinderace|typechange|Bug|[from] ability: Libero
|-damage|p2a: Hippowdon|83/100
|inactive|Battle timer is ON: inactive players will automatically lose when time's up. (requested by BASIC Instincts)
|
|switch|p1a: Shuckle|Shuckle, M|100/100|[from]move: U-turn
|
|-weather|Sandstorm|[upkeep]
|upkeep
|turn|2
|
|switch|p2a: Excadrill|Excadrill, M|100/100
|move|p1a: Shuckle|Stealth Rock|p2a: Excadrill
|-sidestart|p2: BASIC Instincts|move: Stealth Rock
|
|-weather|Sandstorm|[upkeep]
|upkeep
|turn|3
|
|move|p2a: Excadrill|Rapid Spin|p1a: Shuckle
|-resisted|p1a: Shuckle
|-damage|p1a: Shuckle|95/100
|-boost|p2a: Excadrill|spe|1
|-sideend|p2: BASIC Instincts|Stealth Rock|[from] move: Rapid Spin|[of] p2a: Excadrill
|-enditem|p1a: Shuckle|Red Card|[of] p2a: Excadrill
|drag|p2a: Kyurem|Kyurem|100/100
|-ability|p2a: Kyurem|Pressure
|move|p1a: Shuckle|Sticky Web|p2a: Kyurem
|-sidestart|p2: BASIC Instincts|move: Sticky Web
|
|-weather|Sandstorm|[upkeep]
|-damage|p2a: Kyurem|94/100|[from] Sandstorm
|upkeep
|turn|4
|
|move|p2a: Kyurem|Draco Meteor|p1a: Shuckle|[miss]
|-miss|p2a: Kyurem|p1a: Shuckle
|move|p1a: Shuckle|Final Gambit|p2a: Kyurem
|-damage|p2a: Kyurem|35/100
|faint|p1a: Shuckle
|
|-weather|Sandstorm|[upkeep]
|-damage|p2a: Kyurem|29/100|[from] Sandstorm
|upkeep
|
|switch|p1a: Cinderace|Cinderace, M|100/100
|turn|5
|
|move|p1a: Cinderace|U-turn|p2a: Kyurem
|-start|p1a: Cinderace|typechange|Bug|[from] ability: Libero
|-damage|p2a: Kyurem|0 fnt
|faint|p2a: Kyurem
|
|switch|p1a: Zeraora|Zeraora|100/100|[from]move: U-turn
|
|-weather|Sandstorm|[upkeep]
|-damage|p1a: Zeraora|95/100|[from] Sandstorm
|upkeep
|
|switch|p2a: Excadrill|Excadrill, M|100/100
|-activate|p2a: Excadrill|move: Sticky Web
|-unboost|p2a: Excadrill|spe|1
|turn|6
|
|switch|p2a: Hippowdon|Hippowdon, F|83/100
|-activate|p2a: Hippowdon|move: Sticky Web
|-unboost|p2a: Hippowdon|spe|1
|move|p1a: Zeraora|Close Combat|p2a: Hippowdon
|-damage|p2a: Hippowdon|60/100
|-unboost|p1a: Zeraora|def|1
|-unboost|p1a: Zeraora|spd|1
|-damage|p1a: Zeraora|85/100|[from] item: Life Orb
|
|-weather|Sandstorm|[upkeep]
|-damage|p1a: Zeraora|79/100|[from] Sandstorm
|upkeep
|turn|7
|
|switch|p1a: Togekiss|Togekiss, M|100/100
|move|p2a: Hippowdon|Slack Off|p2a: Hippowdon
|-heal|p2a: Hippowdon|100/100
|
|-weather|Sandstorm|[upkeep]
|-damage|p1a: Togekiss|94/100|[from] Sandstorm
|-heal|p1a: Togekiss|100/100|[from] item: Leftovers
|upkeep
|turn|8
|
|switch|p2a: Clefable|Clefable, M|100/100
|-activate|p2a: Clefable|move: Sticky Web
|-unboost|p2a: Clefable|spe|1
|move|p1a: Togekiss|Nasty Plot|p1a: Togekiss
|-boost|p1a: Togekiss|spa|2
|
|-weather|none
|upkeep
|turn|9
|
|switch|p2a: Hippowdon|Hippowdon, F|100/100
|-activate|p2a: Hippowdon|move: Sticky Web
|-unboost|p2a: Hippowdon|spe|1
|-weather|Sandstorm|[from] ability: Sand Stream|[of] p2a: Hippowdon
|move|p1a: Togekiss|Air Slash|p2a: Hippowdon
|-damage|p2a: Hippowdon|28/100
|
|-weather|Sandstorm|[upkeep]
|-damage|p1a: Togekiss|94/100|[from] Sandstorm
|-heal|p1a: Togekiss|100/100|[from] item: Leftovers
|upkeep
|turn|10
|
|switch|p2a: Conkeldurr|Conkeldurr, M|100/100
|-activate|p2a: Conkeldurr|move: Sticky Web
|-unboost|p2a: Conkeldurr|spe|1
|move|p1a: Togekiss|Substitute|p1a: Togekiss
|-start|p1a: Togekiss|Substitute
|-damage|p1a: Togekiss|76/100
|
|-weather|Sandstorm|[upkeep]
|-damage|p1a: Togekiss|70/100|[from] Sandstorm
|-damage|p2a: Conkeldurr|95/100|[from] Sandstorm
|-heal|p1a: Togekiss|76/100|[from] item: Leftovers
|-status|p2a: Conkeldurr|brn|[from] item: Flame Orb
|upkeep
|turn|11
|
|move|p2a: Conkeldurr|Mach Punch|p1a: Togekiss
|-resisted|p1a: Togekiss
|-activate|p1a: Togekiss|move: Substitute|[damage]
|move|p1a: Togekiss|Air Slash|p2a: Conkeldurr|[miss]
|-miss|p1a: Togekiss|p2a: Conkeldurr
|
|-weather|Sandstorm|[upkeep]
|-damage|p1a: Togekiss|70/100|[from] Sandstorm
|-damage|p2a: Conkeldurr|89/100 brn|[from] Sandstorm
|-heal|p1a: Togekiss|76/100|[from] item: Leftovers
|-damage|p2a: Conkeldurr|83/100 brn|[from] brn
|upkeep
|turn|12
|
|move|p2a: Conkeldurr|Mach Punch|p1a: Togekiss
|-resisted|p1a: Togekiss
|-activate|p1a: Togekiss|move: Substitute|[damage]
|move|p1a: Togekiss|Substitute|p1a: Togekiss
|-fail|p1a: Togekiss|move: Substitute
|
|-weather|Sandstorm|[upkeep]
|-damage|p1a: Togekiss|70/100|[from] Sandstorm
|-damage|p2a: Conkeldurr|77/100 brn|[from] Sandstorm
|-heal|p1a: Togekiss|76/100|[from] item: Leftovers
|-damage|p2a: Conkeldurr|71/100 brn|[from] brn
|upkeep
|turn|13
|
|move|p1a: Togekiss|Substitute|p1a: Togekiss
|-fail|p1a: Togekiss|move: Substitute
|move|p2a: Conkeldurr|Facade|p1a: Togekiss
|-end|p1a: Togekiss|Substitute
|
|-weather|Sandstorm|[upkeep]
|-damage|p1a: Togekiss|70/100|[from] Sandstorm
|-damage|p2a: Conkeldurr|65/100 brn|[from] Sandstorm
|-heal|p1a: Togekiss|76/100|[from] item: Leftovers
|-damage|p2a: Conkeldurr|59/100 brn|[from] brn
|upkeep
|turn|14
|j| TheChineseVirusee
|
|move|p1a: Togekiss|Substitute|p1a: Togekiss
|-start|p1a: Togekiss|Substitute
|-damage|p1a: Togekiss|51/100
|move|p2a: Conkeldurr|Facade|p1a: Togekiss
|-end|p1a: Togekiss|Substitute
|
|-weather|Sandstorm|[upkeep]
|-damage|p1a: Togekiss|45/100|[from] Sandstorm
|-damage|p2a: Conkeldurr|53/100 brn|[from] Sandstorm
|-heal|p1a: Togekiss|51/100|[from] item: Leftovers
|-damage|p2a: Conkeldurr|47/100 brn|[from] brn
|upkeep
|turn|15
|
|move|p1a: Togekiss|Substitute|p1a: Togekiss
|-start|p1a: Togekiss|Substitute
|-damage|p1a: Togekiss|26/100
|move|p2a: Conkeldurr|Facade|p1a: Togekiss
|-end|p1a: Togekiss|Substitute
|
|-weather|Sandstorm|[upkeep]
|-damage|p1a: Togekiss|20/100|[from] Sandstorm
|-damage|p2a: Conkeldurr|41/100 brn|[from] Sandstorm
|-heal|p1a: Togekiss|26/100|[from] item: Leftovers
|-damage|p2a: Conkeldurr|35/100 brn|[from] brn
|upkeep
|turn|16
|
|move|p2a: Conkeldurr|Mach Punch|p1a: Togekiss
|-resisted|p1a: Togekiss
|-damage|p1a: Togekiss|17/100
|move|p1a: Togekiss|Flamethrower|p2a: Conkeldurr
|-damage|p2a: Conkeldurr|0 fnt
|faint|p2a: Conkeldurr
|
|-weather|none
|-heal|p1a: Togekiss|23/100|[from] item: Leftovers
|upkeep
|
|switch|p2a: Hippowdon|Hippowdon, F|28/100
|-activate|p2a: Hippowdon|move: Sticky Web
|-unboost|p2a: Hippowdon|spe|1
|-weather|Sandstorm|[from] ability: Sand Stream|[of] p2a: Hippowdon
|turn|17
|
|move|p1a: Togekiss|Flamethrower|p2a: Hippowdon
|-damage|p2a: Hippowdon|0 fnt
|faint|p2a: Hippowdon
|
|-weather|Sandstorm|[upkeep]
|-damage|p1a: Togekiss|17/100|[from] Sandstorm
|-heal|p1a: Togekiss|23/100|[from] item: Leftovers
|upkeep
|
|switch|p2a: Excadrill|Excadrill, M|100/100
|-activate|p2a: Excadrill|move: Sticky Web
|-unboost|p2a: Excadrill|spe|1
|turn|18
|
|move|p2a: Excadrill|Iron Head|p1a: Togekiss
|-supereffective|p1a: Togekiss
|-damage|p1a: Togekiss|0 fnt
|faint|p1a: Togekiss
|
|-weather|Sandstorm|[upkeep]
|upkeep
|
|switch|p1a: Kyurem|Kyurem|100/100
|-ability|p1a: Kyurem|Pressure
|turn|19
|
|move|p2a: Excadrill|Iron Head|p1a: Kyurem
|-supereffective|p1a: Kyurem
|-damage|p1a: Kyurem|16/100
|move|p1a: Kyurem|Ice Beam|p2a: Excadrill
|-damage|p2a: Excadrill|27/100
|
|-weather|Sandstorm|[upkeep]
|-damage|p1a: Kyurem|10/100|[from] Sandstorm
|-heal|p2a: Excadrill|33/100|[from] item: Leftovers
|upkeep
|turn|20
|
|move|p2a: Excadrill|Rapid Spin|p1a: Kyurem
|-damage|p1a: Kyurem|0 fnt
|-boost|p2a: Excadrill|spe|1
|-sideend|p2: BASIC Instincts|Sticky Web|[from] move: Rapid Spin|[of] p2a: Excadrill
|faint|p1a: Kyurem
|
|-weather|Sandstorm|[upkeep]
|-heal|p2a: Excadrill|39/100|[from] item: Leftovers
|upkeep
|
|switch|p1a: Cinderace|Cinderace, M|100/100
|turn|21
|
|move|p1a: Cinderace|Sucker Punch||[still]
|-start|p1a: Cinderace|typechange|Dark|[from] ability: Libero
|-fail|p1a: Cinderace
|move|p2a: Excadrill|Swords Dance|p2a: Excadrill
|-boost|p2a: Excadrill|atk|2
|
|-weather|Sandstorm|[upkeep]
|-damage|p1a: Cinderace|95/100|[from] Sandstorm
|-heal|p2a: Excadrill|45/100|[from] item: Leftovers
|upkeep
|turn|22
|
|move|p1a: Cinderace|Sucker Punch||[still]
|-fail|p1a: Cinderace
|move|p2a: Excadrill|Swords Dance|p2a: Excadrill
|-boost|p2a: Excadrill|atk|2
|
|-weather|Sandstorm|[upkeep]
|-damage|p1a: Cinderace|89/100|[from] Sandstorm
|-heal|p2a: Excadrill|51/100|[from] item: Leftovers
|upkeep
|turn|23
|inactive|BASIC Instincts has 120 seconds left.
|c| TheChineseVirusee|50 50
|
|move|p1a: Cinderace|Sucker Punch||[still]
|-fail|p1a: Cinderace
|move|p2a: Excadrill|Swords Dance|p2a: Excadrill
|-boost|p2a: Excadrill|atk|2
|
|-weather|Sandstorm|[upkeep]
|-damage|p1a: Cinderace|83/100|[from] Sandstorm
|-heal|p2a: Excadrill|57/100|[from] item: Leftovers
|upkeep
|turn|24
|c| TheChineseVirusee|now
|inactive|BASIC Instincts has 90 seconds left.
|inactive|BASIC Instincts has 60 seconds left.
|
|move|p2a: Excadrill|Rapid Spin|p1a: Cinderace
|-damage|p1a: Cinderace|0 fnt
|-boost|p2a: Excadrill|spe|1
|faint|p1a: Cinderace
|
|-weather|none
|-heal|p2a: Excadrill|63/100|[from] item: Leftovers
|upkeep
|-message|willcoxw forfeited.
|
|win|BASIC Instincts
|l|☆willcoxw
|c|☆BASIC Instincts|gg
|c| TheChineseVirusee|gg
|l| TheChineseVirusee
|raw|willcoxw's rating: 1670 &rarr; <strong>1648</strong><br />(-22 for losing)
|raw|BASIC Instincts's rating: 1639 &rarr; <strong>1660</strong><br />(+21 for winning)
