|j|☆Alu9204
|j|☆GorLeon
|t:|1667564288
|gametype|singles
|player|p1|Alu9204|burglar|1643
|player|p2|GorLeon|dragontamer|1581
|teamsize|p1|6
|teamsize|p2|6
|gen|8
|tier|[Gen 8] OU
|rated|
|rule|Sleep Clause Mod: Limit one foe put to sleep
|rule|Species Clause: Limit one of each Pokémon
|rule|OHKO Clause: OHKO moves are banned
|rule|Evasion Items Clause: Evasion items are banned
|rule|Evasion Moves Clause: Evasion moves are banned
|rule|Endless Battle Clause: Forcing endless battles is banned
|rule|HP Percentage Mod: HP is shown in percentages
|rule|Dynamax Clause: You cannot dynamax
|clearpoke
|poke|p1|Nidoking, M|
|poke|p1|Hydreigon, F|
|poke|p1|Melmetal|
|poke|p1|Volcarona, M|
|poke|p1|Urshifu-*, M|
|poke|p1|Dragapult, F|
|poke|p2|Kartana|
|poke|p2|Buzzwole|
|poke|p2|Tapu Lele|
|poke|p2|Landorus-Therian, M|
|poke|p2|Slowbro, F|
|poke|p2|Blissey, F|
|teampreview
|inactive|Battle timer is ON: inactive players will automatically lose when time's up. (requested by GorLeon)
|c|☆GorLeon|gl hf
|
|t:|1667564313
|start
|switch|p1a: Melmetal|Melmetal|100/100
|switch|p2a: Buzzwole|Buzzwole|100/100
|turn|1
|
|t:|1667564317
|move|p2a: Buzzwole|Close Combat|p1a: Melmetal
|-supereffective|p1a: Melmetal
|-damage|p1a: Melmetal|21/100
|-unboost|p2a: Buzzwole|def|1
|-unboost|p2a: Buzzwole|spd|1
|move|p1a: Melmetal|Thunder Wave|p2a: Buzzwole
|-status|p2a: Buzzwole|par
|
|upkeep
|turn|2
|
|t:|1667564338
|switch|p2a: Slowbro|Slowbro, F|100/100
|switch|p1a: Dragapult|Dragapult, F|100/100
|
|upkeep
|turn|3
|
|t:|1667564345
|move|p1a: Dragapult|U-turn|p2a: Slowbro
|-supereffective|p2a: Slowbro
|-damage|p2a: Slowbro|80/100
|-damage|p1a: Dragapult|84/100|[from] item: Rocky Helmet|[of] p2a: Slowbro
|
|t:|1667564353
|switch|p1a: Hydreigon|Hydreigon, F|100/100|[from]move: U-turn
|move|p2a: Slowbro|Teleport|p2a: Slowbro
|
|t:|1667564362
|switch|p2a: Landorus|Landorus-Therian, M|100/100|[from]move: Teleport
|-ability|p2a: Landorus|Intimidate|boost
|-unboost|p1a: Hydreigon|atk|1
|
|upkeep
|turn|4
|
|t:|1667564367
|move|p1a: Hydreigon|U-turn|p2a: Landorus
|-resisted|p2a: Landorus
|-damage|p2a: Landorus|96/100
|
|t:|1667564373
|switch|p1a: Nidoking|Nidoking, M|100/100|[from]move: U-turn
|move|p2a: Landorus|U-turn|p1a: Nidoking
|-resisted|p1a: Nidoking
|-damage|p1a: Nidoking|84/100
|
|t:|1667564378
|switch|p2a: Tapu Lele|Tapu Lele|100/100|[from]move: U-turn
|-fieldstart|move: Psychic Terrain|[from] ability: Psychic Surge|[of] p2a: Tapu Lele
|
|upkeep
|turn|5
|
|t:|1667564391
|move|p1a: Nidoking|Sludge Wave|p2a: Tapu Lele
|-supereffective|p2a: Tapu Lele
|-damage|p2a: Tapu Lele|0 fnt
|faint|p2a: Tapu Lele
|
|upkeep
|
|t:|1667564394
|switch|p2a: Kartana|Kartana|100/100
|turn|6
|
|t:|1667564403
|switch|p1a: Volcarona|Volcarona, M|100/100
|move|p2a: Kartana|Knock Off|p1a: Volcarona
|-damage|p1a: Volcarona|0 fnt
|-status|p2a: Kartana|brn|[from] ability: Flame Body|[of] p1a: Volcarona
|-enditem|p1a: Volcarona|Heavy-Duty Boots|[from] move: Knock Off|[of] p2a: Kartana
|faint|p1a: Volcarona
|-ability|p2a: Kartana|Beast Boost|boost
|-boost|p2a: Kartana|atk|1
|
|-damage|p2a: Kartana|94/100 brn|[from] brn
|upkeep
|
|t:|1667564422
|switch|p1a: Dragapult|Dragapult, F|84/100
|turn|7
|
|t:|1667564429
|switch|p2a: Blissey|Blissey, F|100/100
|move|p1a: Dragapult|U-turn|p2a: Blissey
|-damage|p2a: Blissey|86/100
|
|t:|1667564431
|switch|p1a: Urshifu|Urshifu-Rapid-Strike, M|100/100|[from]move: U-turn
|
|upkeep
|turn|8
|
|t:|1667564436
|switch|p2a: Slowbro|Slowbro, F|100/100
|move|p1a: Urshifu|U-turn|p2a: Slowbro
|-supereffective|p2a: Slowbro
|-crit|p2a: Slowbro
|-damage|p2a: Slowbro|37/100
|-damage|p1a: Urshifu|84/100|[from] item: Rocky Helmet|[of] p2a: Slowbro
|
|t:|1667564447
|switch|p1a: Melmetal|Melmetal|21/100|[from]move: U-turn
|
|-fieldend|move: Psychic Terrain
|upkeep
|turn|9
|
|t:|1667564452
|move|p1a: Melmetal|Double Iron Bash|p2a: Slowbro
|-resisted|p2a: Slowbro
|-crit|p2a: Slowbro
|-damage|p2a: Slowbro|16/100
|-resisted|p2a: Slowbro
|-damage|p2a: Slowbro|4/100
|-hitcount|p2a: Slowbro|2
|move|p2a: Slowbro|Scald|p1a: Melmetal
|-damage|p1a: Melmetal|0 fnt
|faint|p1a: Melmetal
|
|upkeep
|
|t:|1667564463
|switch|p1a: Urshifu|Urshifu-Rapid-Strike, M|84/100
|turn|10
|
|t:|1667564474
|move|p1a: Urshifu|U-turn|p2a: Slowbro
|-supereffective|p2a: Slowbro
|-damage|p2a: Slowbro|0 fnt
|-damage|p1a: Urshifu|68/100|[from] item: Rocky Helmet|[of] p2a: Slowbro
|faint|p2a: Slowbro
|
|t:|1667564480
|switch|p1a: Nidoking|Nidoking, M|84/100|[from]move: U-turn
|
|upkeep
|j| new acc28
|
|t:|1667564484
|switch|p2a: Kartana|Kartana|94/100 brn
|turn|11
|l| new acc28
|
|t:|1667564492
|move|p2a: Kartana|Leaf Blade|p1a: Nidoking
|-crit|p1a: Nidoking
|-damage|p1a: Nidoking|0 fnt
|faint|p1a: Nidoking
|-ability|p2a: Kartana|Beast Boost|boost
|-boost|p2a: Kartana|atk|1
|
|-damage|p2a: Kartana|88/100 brn|[from] brn
|upkeep
|
|t:|1667564497
|switch|p1a: Hydreigon|Hydreigon, F|100/100
|turn|12
|
|t:|1667564503
|switch|p2a: Landorus|Landorus-Therian, M|96/100
|-ability|p2a: Landorus|Intimidate|boost
|-unboost|p1a: Hydreigon|atk|1
|move|p1a: Hydreigon|Dark Pulse|p2a: Landorus
|-crit|p2a: Landorus
|-damage|p2a: Landorus|50/100
|
|-heal|p2a: Landorus|57/100|[from] item: Leftovers
|upkeep
|turn|13
|
|t:|1667564513
|move|p1a: Hydreigon|Dark Pulse|p2a: Landorus
|-damage|p2a: Landorus|24/100
|cant|p2a: Landorus|flinch
|
|-heal|p2a: Landorus|30/100|[from] item: Leftovers
|upkeep
|turn|14
|
|t:|1667564522
|switch|p2a: Blissey|Blissey, F|86/100
|move|p1a: Hydreigon|Dark Pulse|p2a: Blissey
|-damage|p2a: Blissey|71/100
|
|upkeep
|turn|15
|
|t:|1667564530
|switch|p2a: Kartana|Kartana|88/100 brn
|move|p1a: Hydreigon|Dark Pulse|p2a: Kartana
|-damage|p2a: Kartana|0 fnt
|faint|p2a: Kartana
|
|upkeep
|j| Ran Kob
|
|t:|1667564536
|switch|p2a: Buzzwole|Buzzwole|100/100 par
|turn|16
|
|t:|1667564546
|move|p1a: Hydreigon|Dark Pulse|p2a: Buzzwole
|-resisted|p2a: Buzzwole
|-damage|p2a: Buzzwole|70/100 par
|move|p2a: Buzzwole|Ice Punch|p1a: Hydreigon
|-supereffective|p1a: Hydreigon
|-damage|p1a: Hydreigon|43/100
|-status|p1a: Hydreigon|frz
|
|upkeep
|turn|17
|
|t:|1667564554
|-curestatus|p1a: Hydreigon|frz|[msg]
|move|p1a: Hydreigon|Dark Pulse|p2a: Buzzwole
|-resisted|p2a: Buzzwole
|-damage|p2a: Buzzwole|38/100 par
|move|p2a: Buzzwole|Ice Punch|p1a: Hydreigon
|-supereffective|p1a: Hydreigon
|-damage|p1a: Hydreigon|0 fnt
|faint|p1a: Hydreigon
|-ability|p2a: Buzzwole|Beast Boost|boost
|-boost|p2a: Buzzwole|atk|1
|
|upkeep
|
|t:|1667564563
|switch|p1a: Dragapult|Dragapult, F|84/100
|turn|18
|
|t:|1667564571
|move|p1a: Dragapult|Draco Meteor|p2a: Buzzwole
|-damage|p2a: Buzzwole|0 fnt
|-unboost|p1a: Dragapult|spa|2
|faint|p2a: Buzzwole
|
|upkeep
|
|t:|1667564574
|switch|p2a: Blissey|Blissey, F|71/100
|turn|19
|
|t:|1667564582
|switch|p1a: Urshifu|Urshifu-Rapid-Strike, M|68/100
|move|p2a: Blissey|Toxic|p1a: Urshifu
|-status|p1a: Urshifu|tox
|
|-damage|p1a: Urshifu|61/100 tox|[from] psn
|upkeep
|turn|20
|
|t:|1667564585
|switch|p2a: Landorus|Landorus-Therian, M|30/100
|-ability|p2a: Landorus|Intimidate|boost
|-unboost|p1a: Urshifu|atk|1
|move|p1a: Urshifu|Surging Strikes|p2a: Landorus
|-supereffective|p2a: Landorus
|-crit|p2a: Landorus
|-damage|p2a: Landorus|0 fnt
|faint|p2a: Landorus
|-hitcount|p2: Landorus|1
|
|-damage|p1a: Urshifu|49/100 tox|[from] psn
|upkeep
|
|t:|1667564591
|switch|p2a: Blissey|Blissey, F|71/100
|turn|21
|
|t:|1667564595
|switch|p1a: Dragapult|Dragapult, F|84/100
|move|p2a: Blissey|Soft-Boiled|p2a: Blissey
|-heal|p2a: Blissey|100/100
|
|upkeep
|turn|22
|
|t:|1667564605
|move|p1a: Dragapult|U-turn|p2a: Blissey
|-damage|p2a: Blissey|87/100
|
|t:|1667564608
|switch|p1a: Urshifu|Urshifu-Rapid-Strike, M|49/100 tox|[from]move: U-turn
|move|p2a: Blissey|Stealth Rock|p1a: Urshifu
|-sidestart|p1: Alu9204|move: Stealth Rock
|
|-damage|p1a: Urshifu|43/100 tox|[from] psn
|upkeep
|turn|23
|c|☆GorLeon|There was no need to switch, since Surging Strikes is a guaranteed crit and crits ignore lowered stats
|c|☆GorLeon|gg
|-message|GorLeon forfeited.
|
|win|Alu9204
|raw|Alu9204's rating: 1643 &rarr; <strong>1659</strong><br />(+16 for winning)
|raw|GorLeon's rating: 1581 &rarr; <strong>1565</strong><br />(-16 for losing)
|c|☆Alu9204|Gg
