|raw|<div class="broadcast-blue"><strong>This battle is required to be public due to a player having a name starting with 'lt92pf'.</div>
|j|☆LT92PF Lio
|j|☆LudwigFrog
|t:|1660238529
|gametype|singles
|player|p1|LT92PF Lio|101|1744
|player|p2|LudwigFrog|hilbert-wonderlauncher|1762
|teamsize|p1|6
|teamsize|p2|6
|gen|8
|tier|[Gen 8] OU
|rated|
|rule|Sleep Clause Mod: Limit one foe put to sleep
|rule|Species Clause: Limit one of each Pokémon
|rule|OHKO Clause: OHKO moves are banned
|rule|Evasion Items Clause: Evasion items are banned
|rule|Evasion Moves Clause: Evasion moves are banned
|rule|Endless Battle Clause: Forcing endless battles is banned
|rule|HP Percentage Mod: HP is shown in percentages
|rule|Dynamax Clause: You cannot dynamax
|clearpoke
|poke|p1|Excadrill, F|
|poke|p1|Dragapult, F|
|poke|p1|Kommo-o, M|
|poke|p1|Landorus-Therian, M|
|poke|p1|Ferrothorn, M|
|poke|p1|Tyranitar, F|
|poke|p2|Heatran, M|
|poke|p2|Tapu Lele|
|poke|p2|Urshifu-*, M|
|poke|p2|Gastrodon-East, F|
|poke|p2|Tornadus-Therian, M|
|poke|p2|Ferrothorn, F|
|teampreview
|inactive|Battle timer is ON: inactive players will automatically lose when time's up. (requested by LudwigFrog)
|
|t:|1660238542
|start
|switch|p1a: Kommo-o|Kommo-o, M|100/100
|switch|p2a: Urshifu|Urshifu-Rapid-Strike, M|100/100
|turn|1
|
|t:|1660238546
|move|p2a: Urshifu|U-turn|p1a: Kommo-o
|-resisted|p1a: Kommo-o
|-damage|p1a: Kommo-o|93/100
|
|t:|1660238549
|switch|p2a: Tapu Lele|Tapu Lele|100/100|[from]move: U-turn
|-fieldstart|move: Psychic Terrain|[from] ability: Psychic Surge|[of] p2a: Tapu Lele
|move|p1a: Kommo-o|Stealth Rock|p2a: Tapu Lele
|-sidestart|p2: LudwigFrog|move: Stealth Rock
|
|-heal|p1a: Kommo-o|99/100|[from] item: Leftovers
|upkeep
|turn|2
|
|t:|1660238554
|switch|p2a: Urshifu|Urshifu-Rapid-Strike, M|100/100
|-damage|p2a: Urshifu|94/100|[from] Stealth Rock
|switch|p1a: Ferrothorn|Ferrothorn, M|100/100
|
|upkeep
|turn|3
|
|t:|1660238556
|switch|p1a: Kommo-o|Kommo-o, M|99/100
|move|p2a: Urshifu|Surging Strikes|p1a: Kommo-o
|-resisted|p1a: Kommo-o
|-crit|p1a: Kommo-o
|-damage|p1a: Kommo-o|94/100
|-resisted|p1a: Kommo-o
|-crit|p1a: Kommo-o
|-damage|p1a: Kommo-o|88/100
|-resisted|p1a: Kommo-o
|-crit|p1a: Kommo-o
|-damage|p1a: Kommo-o|83/100
|-hitcount|p1a: Kommo-o|3
|
|-heal|p1a: Kommo-o|89/100|[from] item: Leftovers
|upkeep
|turn|4
|
|t:|1660238559
|move|p2a: Urshifu|Close Combat|p1a: Kommo-o
|-damage|p1a: Kommo-o|51/100
|-unboost|p2a: Urshifu|def|1
|-unboost|p2a: Urshifu|spd|1
|move|p1a: Kommo-o|Toxic|p2a: Urshifu
|-status|p2a: Urshifu|tox
|
|-heal|p1a: Kommo-o|57/100|[from] item: Leftovers
|-damage|p2a: Urshifu|88/100 tox|[from] psn
|upkeep
|turn|5
|
|t:|1660238565
|move|p2a: Urshifu|U-turn|p1a: Kommo-o
|-resisted|p1a: Kommo-o
|-damage|p1a: Kommo-o|49/100
|
|t:|1660238567
|switch|p2a: Tornadus|Tornadus-Therian, M|100/100|[from]move: U-turn
|move|p1a: Kommo-o|Toxic|p2a: Tornadus
|-status|p2a: Tornadus|tox
|
|-heal|p1a: Kommo-o|55/100|[from] item: Leftovers
|-damage|p2a: Tornadus|94/100 tox|[from] psn
|-fieldend|move: Psychic Terrain
|upkeep
|turn|6
|
|t:|1660238570
|switch|p1a: Landorus|Landorus-Therian, M|100/100
|-ability|p1a: Landorus|Intimidate|boost
|-unboost|p2a: Tornadus|atk|1
|move|p2a: Tornadus|Defog|p1a: Landorus
|-unboost|p1a: Landorus|evasion|1
|-sideend|p2: LudwigFrog|Stealth Rock|[from] move: Defog|[of] p2a: Tornadus
|
|-damage|p2a: Tornadus|82/100 tox|[from] psn
|upkeep
|turn|7
|
|t:|1660238573
|move|p2a: Tornadus|Knock Off|p1a: Landorus
|-damage|p1a: Landorus|86/100
|-enditem|p1a: Landorus|Leftovers|[from] move: Knock Off|[of] p2a: Tornadus
|move|p1a: Landorus|Substitute|p1a: Landorus
|-start|p1a: Landorus|Substitute
|-damage|p1a: Landorus|62/100
|
|-damage|p2a: Tornadus|64/100 tox|[from] psn
|upkeep
|turn|8
|
|t:|1660238576
|move|p2a: Tornadus|U-turn|p1a: Landorus
|-resisted|p1a: Landorus
|-activate|p1a: Landorus|move: Substitute|[damage]
|
|t:|1660238577
|switch|p2a: Urshifu|Urshifu-Rapid-Strike, M|88/100 tox|[from]move: U-turn
|move|p1a: Landorus|Stone Edge|p2a: Urshifu|[miss]
|-miss|p1a: Landorus|p2a: Urshifu
|
|-damage|p2a: Urshifu|82/100 tox|[from] psn
|upkeep
|turn|9
|
|t:|1660238581
|switch|p1a: Ferrothorn|Ferrothorn, M|100/100
|move|p2a: Urshifu|U-turn|p1a: Ferrothorn
|-damage|p1a: Ferrothorn|86/100
|-activate|p1a: Ferrothorn|ability: Iron Barbs
|-activate|p2a: Urshifu|item: Protective Pads
|
|t:|1660238583
|switch|p2a: Heatran|Heatran, M|100/100|[from]move: U-turn
|
|-heal|p1a: Ferrothorn|92/100|[from] item: Leftovers
|upkeep
|turn|10
|
|t:|1660238587
|switch|p2a: Tapu Lele|Tapu Lele|100/100
|-fieldstart|move: Psychic Terrain|[from] ability: Psychic Surge|[of] p2a: Tapu Lele
|switch|p1a: Tyranitar|Tyranitar, F|100/100
|-weather|Sandstorm|[from] ability: Sand Stream|[of] p1a: Tyranitar
|
|-weather|Sandstorm|[upkeep]
|-damage|p2a: Tapu Lele|94/100|[from] Sandstorm
|upkeep
|turn|11
|
|t:|1660238591
|switch|p1a: Ferrothorn|Ferrothorn, M|92/100
|move|p2a: Tapu Lele|Moonblast|p1a: Ferrothorn
|-resisted|p1a: Ferrothorn
|-damage|p1a: Ferrothorn|68/100
|
|-weather|Sandstorm|[upkeep]
|-damage|p2a: Tapu Lele|88/100|[from] Sandstorm
|-heal|p1a: Ferrothorn|74/100|[from] item: Leftovers
|upkeep
|turn|12
|
|t:|1660238594
|move|p2a: Tapu Lele|Psychic|p1a: Ferrothorn
|-resisted|p1a: Ferrothorn
|-crit|p1a: Ferrothorn
|-damage|p1a: Ferrothorn|23/100
|move|p1a: Ferrothorn|Spikes|p2a: Tapu Lele
|-sidestart|p2: LudwigFrog|Spikes
|
|-weather|Sandstorm|[upkeep]
|-damage|p2a: Tapu Lele|82/100|[from] Sandstorm
|-heal|p1a: Ferrothorn|29/100|[from] item: Leftovers
|upkeep
|turn|13
|
|t:|1660238599
|switch|p1a: Excadrill|Excadrill, F|100/100
|move|p2a: Tapu Lele|Psychic|p1a: Excadrill
|-resisted|p1a: Excadrill
|-damage|p1a: Excadrill|43/100
|
|-weather|Sandstorm|[upkeep]
|-damage|p2a: Tapu Lele|76/100|[from] Sandstorm
|-heal|p1a: Excadrill|49/100|[from] item: Leftovers
|upkeep
|turn|14
|
|t:|1660238603
|switch|p2a: Ferrothorn|Ferrothorn, F|100/100
|-damage|p2a: Ferrothorn|88/100|[from] Spikes
|move|p1a: Excadrill|Earthquake|p2a: Ferrothorn
|-damage|p2a: Ferrothorn|58/100
|
|-weather|none
|-heal|p1a: Excadrill|55/100|[from] item: Leftovers
|-heal|p2a: Ferrothorn|64/100|[from] item: Leftovers
|-fieldend|move: Psychic Terrain
|upkeep
|turn|15
|
|t:|1660238607
|switch|p1a: Kommo-o|Kommo-o, M|55/100
|move|p2a: Ferrothorn|Leech Seed|p1a: Kommo-o
|-start|p1a: Kommo-o|move: Leech Seed
|
|-heal|p1a: Kommo-o|62/100|[from] item: Leftovers
|-heal|p2a: Ferrothorn|71/100|[from] item: Leftovers
|-damage|p1a: Kommo-o|49/100|[from] Leech Seed|[of] p2a: Ferrothorn
|-heal|p2a: Ferrothorn|83/100|[silent]
|upkeep
|turn|16
|
|t:|1660238610
|switch|p2a: Tornadus|Tornadus-Therian, M|97/100 tox
|move|p1a: Kommo-o|Stealth Rock|p2a: Tornadus
|-sidestart|p2: LudwigFrog|move: Stealth Rock
|
|-heal|p1a: Kommo-o|55/100|[from] item: Leftovers
|-damage|p1a: Kommo-o|43/100|[from] Leech Seed|[of] p2a: Tornadus
|-heal|p2a: Tornadus|100/100 tox|[silent]
|-damage|p2a: Tornadus|94/100 tox|[from] psn
|upkeep
|turn|17
|
|t:|1660238614
|switch|p1a: Dragapult|Dragapult, F|100/100
|move|p2a: Tornadus|Knock Off|p1a: Dragapult
|-supereffective|p1a: Dragapult
|-damage|p1a: Dragapult|48/100
|-enditem|p1a: Dragapult|Choice Band|[from] move: Knock Off|[of] p2a: Tornadus
|
|-damage|p2a: Tornadus|82/100 tox|[from] psn
|upkeep
|turn|18
|
|t:|1660238618
|move|p1a: Dragapult|Dragon Darts|p2a: Tornadus
|-damage|p2a: Tornadus|56/100 tox
|-anim|p1a: Dragapult|Dragon Darts|p2a: Tornadus
|-damage|p2a: Tornadus|29/100 tox
|move|p2a: Tornadus|Defog|p1a: Dragapult
|-fail|p1a: Dragapult|unboost|[from] ability: Clear Body|[of] p1a: Dragapult
|-sideend|p2: LudwigFrog|Spikes|[from] move: Defog|[of] p2a: Tornadus
|-sideend|p2: LudwigFrog|Stealth Rock|[from] move: Defog|[of] p2a: Tornadus
|
|-damage|p2a: Tornadus|11/100 tox|[from] psn
|upkeep
|turn|19
|
|t:|1660238622
|switch|p2a: Ferrothorn|Ferrothorn, F|83/100
|move|p1a: Dragapult|U-turn|p2a: Ferrothorn
|-crit|p2a: Ferrothorn
|-damage|p2a: Ferrothorn|64/100
|-damage|p1a: Dragapult|35/100|[from] ability: Iron Barbs|[of] p2a: Ferrothorn
|
|t:|1660238624
|switch|p1a: Kommo-o|Kommo-o, M|43/100|[from]move: U-turn
|
|-heal|p1a: Kommo-o|49/100|[from] item: Leftovers
|-heal|p2a: Ferrothorn|70/100|[from] item: Leftovers
|upkeep
|turn|20
|
|t:|1660238627
|move|p1a: Kommo-o|Stealth Rock|p2a: Ferrothorn
|-sidestart|p2: LudwigFrog|move: Stealth Rock
|move|p2a: Ferrothorn|Leech Seed|p1a: Kommo-o
|-start|p1a: Kommo-o|move: Leech Seed
|
|-heal|p1a: Kommo-o|55/100|[from] item: Leftovers
|-heal|p2a: Ferrothorn|76/100|[from] item: Leftovers
|-damage|p1a: Kommo-o|43/100|[from] Leech Seed|[of] p2a: Ferrothorn
|-heal|p2a: Ferrothorn|89/100|[silent]
|upkeep
|turn|21
|
|t:|1660238631
|switch|p1a: Ferrothorn|Ferrothorn, M|29/100
|move|p2a: Ferrothorn|Stealth Rock|p1a: Ferrothorn
|-sidestart|p1: LT92PF Lio|move: Stealth Rock
|
|-heal|p1a: Ferrothorn|36/100|[from] item: Leftovers
|-heal|p2a: Ferrothorn|95/100|[from] item: Leftovers
|upkeep
|turn|22
|
|t:|1660238636
|switch|p1a: Landorus|Landorus-Therian, M|62/100
|-damage|p1a: Landorus|49/100|[from] Stealth Rock
|-ability|p1a: Landorus|Intimidate|boost
|-unboost|p2a: Ferrothorn|atk|1
|move|p2a: Ferrothorn|Body Press|p1a: Landorus
|-resisted|p1a: Landorus
|-damage|p1a: Landorus|32/100
|
|-heal|p2a: Ferrothorn|100/100|[from] item: Leftovers
|upkeep
|turn|23
|
|t:|1660238639
|move|p1a: Landorus|Earthquake|p2a: Ferrothorn
|-damage|p2a: Ferrothorn|65/100
|move|p2a: Ferrothorn|Gyro Ball|p1a: Landorus
|-damage|p1a: Landorus|0 fnt
|faint|p1a: Landorus
|
|-heal|p2a: Ferrothorn|71/100|[from] item: Leftovers
|upkeep
|
|t:|1660238645
|switch|p1a: Tyranitar|Tyranitar, F|100/100
|-damage|p1a: Tyranitar|88/100|[from] Stealth Rock
|-weather|Sandstorm|[from] ability: Sand Stream|[of] p1a: Tyranitar
|turn|24
|
|t:|1660238648
|move|p1a: Tyranitar|Superpower|p2a: Ferrothorn
|-supereffective|p2a: Ferrothorn
|-damage|p2a: Ferrothorn|0 fnt
|-unboost|p1a: Tyranitar|atk|1
|-unboost|p1a: Tyranitar|def|1
|-damage|p1a: Tyranitar|76/100|[from] ability: Iron Barbs|[of] p2a: Ferrothorn
|faint|p2a: Ferrothorn
|
|-weather|Sandstorm|[upkeep]
|upkeep
|
|t:|1660238652
|switch|p2a: Urshifu|Urshifu-Rapid-Strike, M|82/100 tox
|-damage|p2a: Urshifu|76/100 tox|[from] Stealth Rock
|turn|25
|
|t:|1660238656
|switch|p1a: Ferrothorn|Ferrothorn, M|36/100
|-damage|p1a: Ferrothorn|29/100|[from] Stealth Rock
|move|p2a: Urshifu|Close Combat|p1a: Ferrothorn
|-supereffective|p1a: Ferrothorn
|-damage|p1a: Ferrothorn|0 fnt
|-unboost|p2a: Urshifu|def|1
|-unboost|p2a: Urshifu|spd|1
|-activate|p1a: Ferrothorn|ability: Iron Barbs
|-activate|p2a: Urshifu|item: Protective Pads
|faint|p1a: Ferrothorn
|
|-weather|Sandstorm|[upkeep]
|-damage|p2a: Urshifu|70/100 tox|[from] Sandstorm
|-damage|p2a: Urshifu|64/100 tox|[from] psn
|upkeep
|
|t:|1660238661
|switch|p1a: Excadrill|Excadrill, F|55/100
|-damage|p1a: Excadrill|52/100|[from] Stealth Rock
|turn|26
|
|t:|1660238664
|move|p2a: Urshifu|Aqua Jet|p1a: Excadrill
|-supereffective|p1a: Excadrill
|-damage|p1a: Excadrill|0 fnt
|faint|p1a: Excadrill
|
|-weather|Sandstorm|[upkeep]
|-damage|p2a: Urshifu|57/100 tox|[from] Sandstorm
|-damage|p2a: Urshifu|45/100 tox|[from] psn
|upkeep
|-message|LT92PF Lio forfeited.
|
|win|LudwigFrog
|raw|LT92PF Lio's rating: 1744 &rarr; <strong>1725</strong><br />(-19 for losing)
|raw|LudwigFrog's rating: 1762 &rarr; <strong>1781</strong><br />(+19 for winning)
|l|☆LT92PF Lio
|j| LT92P Fever
