|raw|<div class="broadcast-blue"><strong>This battle is required to be public due to a player having a name starting with 'lt91bb'.</div>
|j|☆LT91BB 69
|j|☆SMxVale
|t:|1659116104
|gametype|singles
|player|p1|LT91BB 69|baker|1721
|player|p2|SMxVale|169|1769
|teamsize|p1|6
|teamsize|p2|6
|gen|8
|tier|[Gen 8] OU
|rated|
|rule|Sleep Clause Mod: Limit one foe put to sleep
|rule|Species Clause: Limit one of each Pokémon
|rule|OHKO Clause: OHKO moves are banned
|rule|Evasion Moves Clause: Evasion moves are banned
|rule|Endless Battle Clause: Forcing endless battles is banned
|rule|HP Percentage Mod: HP is shown in percentages
|rule|Dynamax Clause: You cannot dynamax
|clearpoke
|poke|p1|Rillaboom, F|
|poke|p1|Tornadus-Therian, M|
|poke|p1|Blaziken, M|
|poke|p1|Melmetal|
|poke|p1|Garchomp, F|
|poke|p1|Slowbro, F|
|poke|p2|Melmetal|
|poke|p2|Corviknight, F|
|poke|p2|Zeraora|
|poke|p2|Toxapex, M|
|poke|p2|Tapu Lele|
|poke|p2|Landorus-Therian, M|
|teampreview
|inactive|Battle timer is ON: inactive players will automatically lose when time's up. (requested by LT91BB 69)
|j| Monday999
|
|t:|1659116131
|start
|switch|p1a: Garchomp|Garchomp, F|100/100
|switch|p2a: Zeraora|Zeraora|100/100
|turn|1
|
|t:|1659116148
|move|p2a: Zeraora|Knock Off|p1a: Garchomp
|-damage|p1a: Garchomp|62/100
|-damage|p2a: Zeraora|88/100|[from] ability: Rough Skin|[of] p1a: Garchomp
|-enditem|p1a: Garchomp|Leftovers|[from] move: Knock Off|[of] p2a: Zeraora
|move|p1a: Garchomp|Stealth Rock|p2a: Zeraora
|-sidestart|p2: SMxVale|move: Stealth Rock
|
|upkeep
|turn|2
|
|t:|1659116156
|switch|p2a: Corviknight|Corviknight, F|100/100
|-damage|p2a: Corviknight|88/100|[from] Stealth Rock
|-ability|p2a: Corviknight|Pressure
|switch|p1a: Blaziken|Blaziken, M|100/100
|
|-heal|p2a: Corviknight|94/100|[from] item: Leftovers
|upkeep
|turn|3
|
|t:|1659116162
|switch|p1a: Slowbro|Slowbro, F|100/100
|switch|p2a: Toxapex|Toxapex, M|100/100
|-damage|p2a: Toxapex|88/100|[from] Stealth Rock
|
|upkeep
|turn|4
|
|t:|1659116166
|move|p2a: Toxapex|Knock Off|p1a: Slowbro
|-supereffective|p1a: Slowbro
|-damage|p1a: Slowbro|83/100
|-enditem|p1a: Slowbro|Heavy-Duty Boots|[from] move: Knock Off|[of] p2a: Toxapex
|move|p1a: Slowbro|Future Sight|p2a: Toxapex
|-start|p1a: Slowbro|move: Future Sight
|
|upkeep
|turn|5
|
|t:|1659116179
|switch|p2a: Melmetal|Melmetal|100/100
|-damage|p2a: Melmetal|94/100|[from] Stealth Rock
|move|p1a: Slowbro|Teleport|p1a: Slowbro
|
|t:|1659116186
|switch|p1a: Tornadus|Tornadus-Therian, M|100/100|[from]move: Teleport
|
|-heal|p2a: Melmetal|100/100|[from] item: Leftovers
|upkeep
|turn|6
|
|t:|1659116197
|move|p1a: Tornadus|Knock Off|p2a: Melmetal
|-damage|p2a: Melmetal|90/100
|-enditem|p2a: Melmetal|Leftovers|[from] move: Knock Off|[of] p1a: Tornadus
|move|p2a: Melmetal|Double Iron Bash|p1a: Tornadus
|-damage|p1a: Tornadus|67/100
|-damage|p1a: Tornadus|30/100
|-hitcount|p1a: Tornadus|2
|
|-end|p2a: Melmetal|move: Future Sight
|-resisted|p2a: Melmetal
|-damage|p2a: Melmetal|76/100
|upkeep
|turn|7
|
|t:|1659116217
|move|p1a: Tornadus|U-turn|p2a: Melmetal
|-resisted|p2a: Melmetal
|-damage|p2a: Melmetal|72/100
|
|t:|1659116220
|switch|p1a: Melmetal|Melmetal|100/100|[from]move: U-turn
|move|p2a: Melmetal|Double Iron Bash|p1a: Melmetal
|-resisted|p1a: Melmetal
|-damage|p1a: Melmetal|90/100
|-resisted|p1a: Melmetal
|-damage|p1a: Melmetal|80/100
|-hitcount|p1a: Melmetal|2
|
|-heal|p1a: Melmetal|86/100|[from] item: Leftovers
|upkeep
|turn|8
|
|t:|1659116229
|move|p1a: Melmetal|Double Iron Bash|p2a: Melmetal
|-resisted|p2a: Melmetal
|-damage|p2a: Melmetal|60/100
|-resisted|p2a: Melmetal
|-damage|p2a: Melmetal|48/100
|-hitcount|p2a: Melmetal|2
|move|p2a: Melmetal|Iron Defense|p2a: Melmetal
|-boost|p2a: Melmetal|def|2
|
|-heal|p1a: Melmetal|92/100|[from] item: Leftovers
|upkeep
|turn|9
|
|t:|1659116240
|switch|p1a: Garchomp|Garchomp, F|62/100
|move|p2a: Melmetal|Body Press|p1a: Garchomp
|-damage|p1a: Garchomp|17/100
|-damage|p2a: Melmetal|36/100|[from] ability: Rough Skin|[of] p1a: Garchomp
|
|upkeep
|turn|10
|c|☆LT91BB 69|[Invalid choice] There's nothing to cancel
|
|t:|1659116249
|switch|p1a: Slowbro|Slowbro, F|100/100
|move|p2a: Melmetal|Body Press|p1a: Slowbro
|-resisted|p1a: Slowbro
|-damage|p1a: Slowbro|86/100
|
|upkeep
|turn|11
|j| r78cgv5yei
|
|t:|1659116254
|move|p2a: Melmetal|Double Iron Bash|p1a: Slowbro
|-resisted|p1a: Slowbro
|-damage|p1a: Slowbro|77/100
|-resisted|p1a: Slowbro
|-damage|p1a: Slowbro|67/100
|-hitcount|p1a: Slowbro|2
|move|p1a: Slowbro|Future Sight|p2a: Melmetal
|-start|p1a: Slowbro|move: Future Sight
|
|upkeep
|turn|12
|l| r78cgv5yei
|
|t:|1659116263
|move|p2a: Melmetal|Double Iron Bash|p1a: Slowbro
|-resisted|p1a: Slowbro
|-damage|p1a: Slowbro|58/100
|-resisted|p1a: Slowbro
|-damage|p1a: Slowbro|49/100
|-hitcount|p1a: Slowbro|2
|cant|p1a: Slowbro|flinch
|
|upkeep
|turn|13
|
|t:|1659116270
|move|p2a: Melmetal|Double Iron Bash|p1a: Slowbro
|-resisted|p1a: Slowbro
|-damage|p1a: Slowbro|39/100
|-resisted|p1a: Slowbro
|-damage|p1a: Slowbro|30/100
|-hitcount|p1a: Slowbro|2
|cant|p1a: Slowbro|flinch
|
|-end|p2a: Melmetal|move: Future Sight
|-resisted|p2a: Melmetal
|-damage|p2a: Melmetal|23/100
|upkeep
|turn|14
|
|t:|1659116277
|move|p2a: Melmetal|Double Iron Bash|p1a: Slowbro
|-resisted|p1a: Slowbro
|-damage|p1a: Slowbro|21/100
|-resisted|p1a: Slowbro
|-damage|p1a: Slowbro|10/100
|-hitcount|p1a: Slowbro|2
|move|p1a: Slowbro|Slack Off|p1a: Slowbro
|-heal|p1a: Slowbro|61/100
|
|upkeep
|turn|15
|
|t:|1659116280
|move|p2a: Melmetal|Double Iron Bash|p1a: Slowbro
|-resisted|p1a: Slowbro
|-damage|p1a: Slowbro|51/100
|-resisted|p1a: Slowbro
|-damage|p1a: Slowbro|40/100
|-hitcount|p1a: Slowbro|2
|cant|p1a: Slowbro|flinch
|
|upkeep
|turn|16
|
|t:|1659116287
|move|p2a: Melmetal|Double Iron Bash|p1a: Slowbro
|-resisted|p1a: Slowbro
|-damage|p1a: Slowbro|31/100
|-resisted|p1a: Slowbro
|-damage|p1a: Slowbro|22/100
|-hitcount|p1a: Slowbro|2
|move|p1a: Slowbro|Slack Off|p1a: Slowbro
|-heal|p1a: Slowbro|72/100
|
|upkeep
|turn|17
|
|t:|1659116295
|move|p2a: Melmetal|Iron Defense|p2a: Melmetal
|-boost|p2a: Melmetal|def|2
|move|p1a: Slowbro|Future Sight|p2a: Melmetal
|-start|p1a: Slowbro|move: Future Sight
|
|upkeep
|turn|18
|
|t:|1659116302
|move|p2a: Melmetal|Body Press|p1a: Slowbro
|-resisted|p1a: Slowbro
|-damage|p1a: Slowbro|51/100
|move|p1a: Slowbro|Scald|p2a: Melmetal
|-damage|p2a: Melmetal|3/100
|-status|p2a: Melmetal|brn
|
|-damage|p2a: Melmetal|0 fnt|[from] brn
|faint|p2a: Melmetal
|upkeep
|
|t:|1659116313
|switch|p2a: Corviknight|Corviknight, F|94/100
|-damage|p2a: Corviknight|82/100|[from] Stealth Rock
|-ability|p2a: Corviknight|Pressure
|turn|19
|
|t:|1659116315
|move|p2a: Corviknight|Defog|p1a: Slowbro
|-unboost|p1a: Slowbro|evasion|1
|-sideend|p2: SMxVale|Stealth Rock|[from] move: Defog|[of] p2a: Corviknight
|move|p1a: Slowbro|Teleport|p1a: Slowbro
|
|t:|1659116319
|switch|p1a: Garchomp|Garchomp, F|17/100|[from]move: Teleport
|
|-end|p2a: Corviknight|move: Future Sight
|-resisted|p2a: Corviknight
|-damage|p2a: Corviknight|63/100
|-heal|p2a: Corviknight|69/100|[from] item: Leftovers
|upkeep
|turn|20
|
|t:|1659116322
|move|p1a: Garchomp|Stealth Rock|p2a: Corviknight
|-sidestart|p2: SMxVale|move: Stealth Rock
|move|p2a: Corviknight|Brave Bird|p1a: Garchomp
|-damage|p1a: Garchomp|0 fnt
|-damage|p2a: Corviknight|57/100|[from] ability: Rough Skin|[of] p1a: Garchomp
|faint|p1a: Garchomp
|-damage|p2a: Corviknight|51/100|[from] Recoil
|
|-heal|p2a: Corviknight|57/100|[from] item: Leftovers
|upkeep
|
|t:|1659116324
|switch|p1a: Blaziken|Blaziken, M|100/100
|turn|21
|
|t:|1659116342
|switch|p2a: Toxapex|Toxapex, M|100/100
|-damage|p2a: Toxapex|88/100|[from] Stealth Rock
|move|p1a: Blaziken|Flare Blitz|p2a: Toxapex
|-resisted|p2a: Toxapex
|-damage|p2a: Toxapex|70/100
|-damage|p1a: Blaziken|84/100|[from] item: Rocky Helmet|[of] p2a: Toxapex
|-damage|p1a: Blaziken|78/100|[from] Recoil
|
|-heal|p1a: Blaziken|84/100|[from] item: Leftovers
|-ability|p1a: Blaziken|Speed Boost|boost
|-boost|p1a: Blaziken|spe|1
|upkeep
|turn|22
|
|t:|1659116362
|switch|p1a: Slowbro|Slowbro, F|85/100
|switch|p2a: Corviknight|Corviknight, F|57/100
|-damage|p2a: Corviknight|45/100|[from] Stealth Rock
|-ability|p2a: Corviknight|Pressure
|
|-heal|p2a: Corviknight|51/100|[from] item: Leftovers
|upkeep
|turn|23
|
|t:|1659116365
|move|p2a: Corviknight|Defog|p1a: Slowbro
|-unboost|p1a: Slowbro|evasion|1
|-sideend|p2: SMxVale|Stealth Rock|[from] move: Defog|[of] p2a: Corviknight
|move|p1a: Slowbro|Future Sight|p2a: Corviknight
|-start|p1a: Slowbro|move: Future Sight
|
|-heal|p2a: Corviknight|57/100|[from] item: Leftovers
|upkeep
|turn|24
|
|t:|1659116369
|move|p2a: Corviknight|Roost|p2a: Corviknight
|-heal|p2a: Corviknight|100/100
|-singleturn|p2a: Corviknight|move: Roost
|move|p1a: Slowbro|Teleport|p1a: Slowbro
|
|t:|1659116372
|switch|p1a: Tornadus|Tornadus-Therian, M|63/100|[from]move: Teleport
|
|upkeep
|turn|25
|
|t:|1659116377
|move|p1a: Tornadus|Knock Off|p2a: Corviknight
|-damage|p2a: Corviknight|87/100
|-enditem|p2a: Corviknight|Leftovers|[from] move: Knock Off|[of] p1a: Tornadus
|move|p2a: Corviknight|Roost|p2a: Corviknight
|-heal|p2a: Corviknight|100/100
|-singleturn|p2a: Corviknight|move: Roost
|
|-end|p2a: Corviknight|move: Future Sight
|-resisted|p2a: Corviknight
|-damage|p2a: Corviknight|79/100
|upkeep
|turn|26
|
|t:|1659116382
|move|p1a: Tornadus|U-turn|p2a: Corviknight
|-resisted|p2a: Corviknight
|-damage|p2a: Corviknight|77/100
|
|t:|1659116384
|switch|p1a: Slowbro|Slowbro, F|100/100|[from]move: U-turn
|move|p2a: Corviknight|U-turn|p1a: Slowbro
|-supereffective|p1a: Slowbro
|-damage|p1a: Slowbro|84/100
|
|t:|1659116399
|switch|p2a: Zeraora|Zeraora|88/100|[from]move: U-turn
|
|upkeep
|turn|27
|
|t:|1659116405
|switch|p1a: Rillaboom|Rillaboom, F|100/100
|-fieldstart|move: Grassy Terrain|[from] ability: Grassy Surge|[of] p1a: Rillaboom
|move|p2a: Zeraora|Volt Switch|p1a: Rillaboom
|-resisted|p1a: Rillaboom
|-damage|p1a: Rillaboom|87/100
|
|t:|1659116407
|switch|p2a: Tapu Lele|Tapu Lele|100/100|[from]move: Volt Switch
|-fieldstart|move: Psychic Terrain|[from] ability: Psychic Surge|[of] p2a: Tapu Lele
|
|-heal|p1a: Rillaboom|93/100|[from] item: Leftovers
|upkeep
|turn|28
|
|t:|1659116410
|switch|p1a: Melmetal|Melmetal|92/100
|move|p2a: Tapu Lele|Psychic|p1a: Melmetal
|-resisted|p1a: Melmetal
|-damage|p1a: Melmetal|60/100
|
|-heal|p1a: Melmetal|66/100|[from] item: Leftovers
|upkeep
|turn|29
|
|t:|1659116419
|switch|p2a: Toxapex|Toxapex, M|100/100
|switch|p1a: Slowbro|Slowbro, F|100/100
|
|upkeep
|turn|30
|
|t:|1659116423
|switch|p2a: Zeraora|Zeraora|88/100
|move|p1a: Slowbro|Future Sight|p2a: Zeraora
|-start|p1a: Slowbro|move: Future Sight
|
|upkeep
|turn|31
|
|t:|1659116427
|move|p2a: Zeraora|Plasma Fists|p1a: Slowbro
|-supereffective|p1a: Slowbro
|-damage|p1a: Slowbro|21/100
|-fieldactivate|move: Ion Deluge
|-hint|Normal-type moves become Electric-type after using Plasma Fists.
|move|p1a: Slowbro|Teleport|p1a: Slowbro
|
|t:|1659116429
|switch|p1a: Blaziken|Blaziken, M|84/100|[from]move: Teleport
|
|-heal|p1a: Blaziken|90/100|[from] item: Leftovers
|-fieldend|move: Psychic Terrain
|upkeep
|turn|32
|
|t:|1659116447
|move|p1a: Blaziken|Protect|p1a: Blaziken
|-singleturn|p1a: Blaziken|Protect
|move|p2a: Zeraora|Plasma Fists|p1a: Blaziken
|-activate|p1a: Blaziken|move: Protect
|
|-end|p2a: Zeraora|move: Future Sight
|-damage|p2a: Zeraora|32/100
|-heal|p1a: Blaziken|96/100|[from] item: Leftovers
|-ability|p1a: Blaziken|Speed Boost|boost
|-boost|p1a: Blaziken|spe|1
|upkeep
|turn|33
|
|t:|1659116455
|switch|p1a: Rillaboom|Rillaboom, F|93/100
|-fieldstart|move: Grassy Terrain|[from] ability: Grassy Surge|[of] p1a: Rillaboom
|switch|p2a: Toxapex|Toxapex, M|100/100
|
|-heal|p1a: Rillaboom|99/100|[from] Grassy Terrain
|-heal|p1a: Rillaboom|100/100|[from] item: Leftovers
|upkeep
|turn|34
|
|t:|1659116460
|switch|p1a: Slowbro|Slowbro, F|54/100
|move|p2a: Toxapex|Knock Off|p1a: Slowbro
|-supereffective|p1a: Slowbro
|-damage|p1a: Slowbro|42/100
|
|-heal|p1a: Slowbro|48/100|[from] Grassy Terrain
|upkeep
|turn|35
|
|t:|1659116464
|switch|p2a: Tapu Lele|Tapu Lele|100/100
|-fieldstart|move: Psychic Terrain|[from] ability: Psychic Surge|[of] p2a: Tapu Lele
|move|p1a: Slowbro|Teleport|p1a: Slowbro
|
|t:|1659116468
|switch|p1a: Rillaboom|Rillaboom, F|100/100|[from]move: Teleport
|-fieldstart|move: Grassy Terrain|[from] ability: Grassy Surge|[of] p1a: Rillaboom
|
|upkeep
|turn|36
|
|t:|1659116473
|switch|p2a: Toxapex|Toxapex, M|100/100
|move|p1a: Rillaboom|Swords Dance|p1a: Rillaboom
|-boost|p1a: Rillaboom|atk|2
|
|upkeep
|turn|37
|
|t:|1659116478
|move|p1a: Rillaboom|Knock Off|p2a: Toxapex
|-damage|p2a: Toxapex|58/100
|-damage|p1a: Rillaboom|84/100|[from] item: Rocky Helmet|[of] p2a: Toxapex
|-enditem|p2a: Toxapex|Rocky Helmet|[from] move: Knock Off|[of] p1a: Rillaboom
|move|p2a: Toxapex|Haze|p2a: Toxapex
|-clearallboost
|
|-heal|p1a: Rillaboom|90/100|[from] Grassy Terrain
|-heal|p1a: Rillaboom|97/100|[from] item: Leftovers
|-heal|p2a: Toxapex|64/100|[from] Grassy Terrain
|upkeep
|turn|38
|
|t:|1659116488
|move|p1a: Rillaboom|Swords Dance|p1a: Rillaboom
|-boost|p1a: Rillaboom|atk|2
|move|p2a: Toxapex|Recover|p2a: Toxapex
|-heal|p2a: Toxapex|100/100
|
|-heal|p1a: Rillaboom|100/100|[from] Grassy Terrain
|upkeep
|turn|39
|
|t:|1659116491
|move|p1a: Rillaboom|Grassy Glide|p2a: Toxapex
|-damage|p2a: Toxapex|41/100
|move|p2a: Toxapex|Haze|p2a: Toxapex
|-clearallboost
|
|-heal|p2a: Toxapex|47/100|[from] Grassy Terrain
|-fieldend|move: Grassy Terrain
|upkeep
|turn|40
|
|t:|1659116502
|switch|p1a: Slowbro|Slowbro, F|81/100
|move|p2a: Toxapex|Recover|p2a: Toxapex
|-heal|p2a: Toxapex|97/100
|
|upkeep
|turn|41
|
|t:|1659116505
|switch|p2a: Tapu Lele|Tapu Lele|100/100
|-fieldstart|move: Psychic Terrain|[from] ability: Psychic Surge|[of] p2a: Tapu Lele
|move|p1a: Slowbro|Teleport|p1a: Slowbro
|
|t:|1659116506
|switch|p1a: Rillaboom|Rillaboom, F|100/100|[from]move: Teleport
|-fieldstart|move: Grassy Terrain|[from] ability: Grassy Surge|[of] p1a: Rillaboom
|
|upkeep
|turn|42
|
|t:|1659116508
|switch|p2a: Toxapex|Toxapex, M|100/100
|move|p1a: Rillaboom|Grassy Glide|p2a: Toxapex
|-damage|p2a: Toxapex|69/100
|
|-heal|p2a: Toxapex|75/100|[from] Grassy Terrain
|upkeep
|turn|43
|
|t:|1659116523
|move|p1a: Rillaboom|Grassy Glide|p2a: Toxapex
|-damage|p2a: Toxapex|45/100
|move|p2a: Toxapex|Scald|p1a: Rillaboom
|-resisted|p1a: Rillaboom
|-damage|p1a: Rillaboom|92/100
|
|-heal|p1a: Rillaboom|98/100|[from] Grassy Terrain
|-heal|p1a: Rillaboom|100/100|[from] item: Leftovers
|-heal|p2a: Toxapex|51/100|[from] Grassy Terrain
|upkeep
|turn|44
|
|t:|1659116533
|move|p1a: Rillaboom|Swords Dance|p1a: Rillaboom
|-boost|p1a: Rillaboom|atk|2
|move|p2a: Toxapex|Recover|p2a: Toxapex
|-heal|p2a: Toxapex|100/100
|
|upkeep
|turn|45
|
|t:|1659116536
|move|p1a: Rillaboom|Grassy Glide|p2a: Toxapex
|-damage|p2a: Toxapex|34/100
|move|p2a: Toxapex|Haze|p2a: Toxapex
|-clearallboost
|
|-heal|p2a: Toxapex|40/100|[from] Grassy Terrain
|-fieldend|move: Grassy Terrain
|upkeep
|turn|46
|
|t:|1659116541
|move|p1a: Rillaboom|Knock Off|p2a: Toxapex
|-damage|p2a: Toxapex|24/100
|move|p2a: Toxapex|Recover|p2a: Toxapex
|-heal|p2a: Toxapex|74/100
|
|upkeep
|turn|47
|
|t:|1659116544
|switch|p1a: Slowbro|Slowbro, F|100/100
|move|p2a: Toxapex|Scald|p1a: Slowbro
|-resisted|p1a: Slowbro
|-damage|p1a: Slowbro|93/100
|
|upkeep
|turn|48
|
|t:|1659116547
|switch|p2a: Tapu Lele|Tapu Lele|100/100
|-fieldstart|move: Psychic Terrain|[from] ability: Psychic Surge|[of] p2a: Tapu Lele
|move|p1a: Slowbro|Teleport|p1a: Slowbro
|
|t:|1659116549
|switch|p1a: Rillaboom|Rillaboom, F|100/100|[from]move: Teleport
|-fieldstart|move: Grassy Terrain|[from] ability: Grassy Surge|[of] p1a: Rillaboom
|
|upkeep
|turn|49
|
|t:|1659116551
|switch|p2a: Toxapex|Toxapex, M|100/100
|move|p1a: Rillaboom|Swords Dance|p1a: Rillaboom
|-boost|p1a: Rillaboom|atk|2
|
|upkeep
|turn|50
|
|t:|1659116553
|move|p1a: Rillaboom|Grassy Glide|p2a: Toxapex
|-damage|p2a: Toxapex|37/100
|move|p2a: Toxapex|Haze|p2a: Toxapex
|-clearallboost
|
|-heal|p2a: Toxapex|43/100|[from] Grassy Terrain
|upkeep
|turn|51
|
|t:|1659116557
|move|p1a: Rillaboom|Swords Dance|p1a: Rillaboom
|-boost|p1a: Rillaboom|atk|2
|move|p2a: Toxapex|Recover|p2a: Toxapex
|-heal|p2a: Toxapex|93/100
|
|-heal|p2a: Toxapex|99/100|[from] Grassy Terrain
|upkeep
|turn|52
|
|t:|1659116559
|move|p1a: Rillaboom|Grassy Glide|p2a: Toxapex
|-damage|p2a: Toxapex|33/100
|move|p2a: Toxapex|Haze|p2a: Toxapex
|-clearallboost
|
|-heal|p2a: Toxapex|39/100|[from] Grassy Terrain
|-fieldend|move: Grassy Terrain
|upkeep
|turn|53
|
|t:|1659116562
|switch|p1a: Slowbro|Slowbro, F|100/100
|move|p2a: Toxapex|Recover|p2a: Toxapex
|-heal|p2a: Toxapex|89/100
|
|upkeep
|turn|54
|
|t:|1659116564
|switch|p2a: Tapu Lele|Tapu Lele|100/100
|-fieldstart|move: Psychic Terrain|[from] ability: Psychic Surge|[of] p2a: Tapu Lele
|move|p1a: Slowbro|Future Sight|p2a: Tapu Lele
|-start|p1a: Slowbro|move: Future Sight
|
|upkeep
|turn|55
|
|t:|1659116569
|move|p2a: Tapu Lele|Moonblast|p1a: Slowbro
|-damage|p1a: Slowbro|52/100
|move|p1a: Slowbro|Teleport|p1a: Slowbro
|
|t:|1659116571
|switch|p1a: Rillaboom|Rillaboom, F|100/100|[from]move: Teleport
|-fieldstart|move: Grassy Terrain|[from] ability: Grassy Surge|[of] p1a: Rillaboom
|
|upkeep
|turn|56
|
|t:|1659116578
|move|p2a: Tapu Lele|Psychic|p1a: Rillaboom
|-damage|p1a: Rillaboom|36/100
|move|p1a: Rillaboom|Swords Dance|p1a: Rillaboom
|-boost|p1a: Rillaboom|atk|2
|
|-end|p2a: Tapu Lele|move: Future Sight
|-resisted|p2a: Tapu Lele
|-damage|p2a: Tapu Lele|77/100
|-heal|p2a: Tapu Lele|83/100|[from] Grassy Terrain
|-heal|p1a: Rillaboom|42/100|[from] Grassy Terrain
|-heal|p1a: Rillaboom|49/100|[from] item: Leftovers
|upkeep
|turn|57
|
|t:|1659116589
|switch|p2a: Corviknight|Corviknight, F|77/100
|-ability|p2a: Corviknight|Pressure
|move|p1a: Rillaboom|Grassy Glide|p2a: Corviknight
|-resisted|p2a: Corviknight
|-damage|p2a: Corviknight|62/100
|
|-heal|p1a: Rillaboom|55/100|[from] Grassy Terrain
|-heal|p1a: Rillaboom|61/100|[from] item: Leftovers
|upkeep
|turn|58
|
|t:|1659116597
|move|p1a: Rillaboom|Drain Punch|p2a: Corviknight
|-damage|p2a: Corviknight|32/100
|-heal|p1a: Rillaboom|77/100|[from] drain|[of] p2a: Corviknight
|move|p2a: Corviknight|Roost|p2a: Corviknight
|-heal|p2a: Corviknight|82/100
|-singleturn|p2a: Corviknight|move: Roost
|
|-heal|p1a: Rillaboom|83/100|[from] Grassy Terrain
|-heal|p1a: Rillaboom|89/100|[from] item: Leftovers
|-heal|p2a: Corviknight|88/100|[from] Grassy Terrain
|upkeep
|turn|59
|
|t:|1659116616
|move|p1a: Rillaboom|Drain Punch|p2a: Corviknight
|-damage|p2a: Corviknight|54/100
|-heal|p1a: Rillaboom|100/100|[from] drain|[of] p2a: Corviknight
|move|p2a: Corviknight|Brave Bird|p1a: Rillaboom
|-supereffective|p1a: Rillaboom
|-damage|p1a: Rillaboom|29/100
|-damage|p2a: Corviknight|31/100|[from] Recoil
|
|-heal|p1a: Rillaboom|35/100|[from] Grassy Terrain
|-heal|p1a: Rillaboom|41/100|[from] item: Leftovers
|-fieldend|move: Grassy Terrain
|upkeep
|turn|60
|
|t:|1659116634
|move|p1a: Rillaboom|Drain Punch|p2a: Corviknight
|-damage|p2a: Corviknight|0 fnt
|-heal|p1a: Rillaboom|56/100|[from] drain|[of] p2a: Corviknight
|faint|p2a: Corviknight
|
|-heal|p1a: Rillaboom|62/100|[from] item: Leftovers
|upkeep
|
|t:|1659116640
|switch|p2a: Tapu Lele|Tapu Lele|83/100
|-fieldstart|move: Psychic Terrain|[from] ability: Psychic Surge|[of] p2a: Tapu Lele
|turn|61
|
|t:|1659116643
|switch|p1a: Melmetal|Melmetal|66/100
|move|p2a: Tapu Lele|Moonblast|p1a: Melmetal
|-resisted|p1a: Melmetal
|-damage|p1a: Melmetal|45/100
|-unboost|p1a: Melmetal|spa|1
|
|-heal|p1a: Melmetal|51/100|[from] item: Leftovers
|upkeep
|turn|62
|
|t:|1659116652
|switch|p2a: Landorus|Landorus-Therian, M|100/100
|-ability|p2a: Landorus|Intimidate|boost
|-unboost|p1a: Melmetal|atk|1
|move|p1a: Melmetal|Protect||[still]
|-fail|p1a: Melmetal
|
|-heal|p1a: Melmetal|57/100|[from] item: Leftovers
|upkeep
|turn|63
|j| DER STVRMER
|l| DER STVRMER
|
|t:|1659116659
|move|p1a: Melmetal|Protect|p1a: Melmetal
|-singleturn|p1a: Melmetal|Protect
|move|p2a: Landorus|Earthquake|p1a: Melmetal
|-activate|p1a: Melmetal|move: Protect
|
|-heal|p1a: Melmetal|64/100|[from] item: Leftovers
|upkeep
|turn|64
|
|t:|1659116665
|switch|p1a: Tornadus|Tornadus-Therian, M|96/100
|move|p2a: Landorus|Stealth Rock|p1a: Tornadus
|-sidestart|p1: LT91BB 69|move: Stealth Rock
|
|upkeep
|turn|65
|
|t:|1659116668
|move|p1a: Tornadus|Defog|p2a: Landorus
|-unboost|p2a: Landorus|evasion|1
|-sideend|p1: LT91BB 69|Stealth Rock|[from] move: Defog|[of] p1a: Tornadus
|-fieldend|move: Psychic Terrain
|move|p2a: Landorus|Rock Slide|p1a: Tornadus
|-supereffective|p1a: Tornadus
|-damage|p1a: Tornadus|46/100
|
|upkeep
|turn|66
|
|t:|1659116674
|move|p1a: Tornadus|Hurricane|p2a: Landorus
|-damage|p2a: Landorus|67/100
|move|p2a: Landorus|Stealth Rock|p1a: Tornadus
|-sidestart|p1: LT91BB 69|move: Stealth Rock
|
|-heal|p2a: Landorus|73/100|[from] item: Leftovers
|upkeep
|turn|67
|
|t:|1659116677
|move|p1a: Tornadus|U-turn|p2a: Landorus
|-resisted|p2a: Landorus
|-damage|p2a: Landorus|66/100
|
|t:|1659116679
|switch|p1a: Slowbro|Slowbro, F|85/100|[from]move: U-turn
|-damage|p1a: Slowbro|73/100|[from] Stealth Rock
|move|p2a: Landorus|Rock Slide|p1a: Slowbro
|-damage|p1a: Slowbro|59/100
|
|-heal|p2a: Landorus|72/100|[from] item: Leftovers
|upkeep
|turn|68
|
|t:|1659116691
|move|p2a: Landorus|Earthquake|p1a: Slowbro
|-damage|p1a: Slowbro|31/100
|move|p1a: Slowbro|Slack Off|p1a: Slowbro
|-heal|p1a: Slowbro|81/100
|
|-heal|p2a: Landorus|78/100|[from] item: Leftovers
|upkeep
|turn|69
|
|t:|1659116696
|move|p2a: Landorus|U-turn|p1a: Slowbro
|-supereffective|p1a: Slowbro
|-damage|p1a: Slowbro|55/100
|
|t:|1659116698
|switch|p2a: Tapu Lele|Tapu Lele|83/100|[from]move: U-turn
|-fieldstart|move: Psychic Terrain|[from] ability: Psychic Surge|[of] p2a: Tapu Lele
|move|p1a: Slowbro|Future Sight|p2a: Tapu Lele
|-start|p1a: Slowbro|move: Future Sight
|
|upkeep
|turn|70
|
|t:|1659116708
|move|p2a: Tapu Lele|Taunt|p1a: Slowbro
|-start|p1a: Slowbro|move: Taunt
|cant|p1a: Slowbro|move: Taunt|Teleport
|
|upkeep
|turn|71
|
|t:|1659116718
|move|p2a: Tapu Lele|Psychic|p1a: Slowbro
|-resisted|p1a: Slowbro
|-damage|p1a: Slowbro|19/100
|move|p1a: Slowbro|Scald|p2a: Tapu Lele
|-damage|p2a: Tapu Lele|52/100
|
|-end|p2a: Tapu Lele|move: Future Sight
|-resisted|p2a: Tapu Lele
|-damage|p2a: Tapu Lele|23/100
|upkeep
|turn|72
|
|t:|1659116726
|switch|p1a: Melmetal|Melmetal|64/100
|-damage|p1a: Melmetal|57/100|[from] Stealth Rock
|move|p2a: Tapu Lele|Psychic|p1a: Melmetal
|-resisted|p1a: Melmetal
|-damage|p1a: Melmetal|28/100
|
|-heal|p1a: Melmetal|34/100|[from] item: Leftovers
|upkeep
|turn|73
|
|t:|1659116738
|switch|p2a: Landorus|Landorus-Therian, M|78/100
|-ability|p2a: Landorus|Intimidate|boost
|-unboost|p1a: Melmetal|atk|1
|move|p1a: Melmetal|Protect||[still]
|-fail|p1a: Melmetal
|
|-heal|p2a: Landorus|84/100|[from] item: Leftovers
|-heal|p1a: Melmetal|40/100|[from] item: Leftovers
|-fieldend|move: Psychic Terrain
|upkeep
|turn|74
|
|t:|1659116742
|move|p1a: Melmetal|Protect|p1a: Melmetal
|-singleturn|p1a: Melmetal|Protect
|move|p2a: Landorus|Earthquake|p1a: Melmetal
|-activate|p1a: Melmetal|move: Protect
|
|-heal|p2a: Landorus|90/100|[from] item: Leftovers
|-heal|p1a: Melmetal|46/100|[from] item: Leftovers
|upkeep
|turn|75
|
|t:|1659116751
|switch|p1a: Tornadus|Tornadus-Therian, M|79/100
|move|p2a: Landorus|Earthquake|p1a: Tornadus
|-immune|p1a: Tornadus
|
|-heal|p2a: Landorus|96/100|[from] item: Leftovers
|upkeep
|turn|76
|
|t:|1659116754
|move|p1a: Tornadus|Defog|p2a: Landorus
|-unboost|p2a: Landorus|evasion|1
|-sideend|p1: LT91BB 69|Stealth Rock|[from] move: Defog|[of] p1a: Tornadus
|move|p2a: Landorus|Rock Slide|p1a: Tornadus
|-supereffective|p1a: Tornadus
|-damage|p1a: Tornadus|30/100
|
|-heal|p2a: Landorus|100/100|[from] item: Leftovers
|upkeep
|turn|77
|
|t:|1659116765
|move|p1a: Tornadus|U-turn|p2a: Landorus
|-resisted|p2a: Landorus
|-damage|p2a: Landorus|94/100
|
|t:|1659116767
|switch|p1a: Slowbro|Slowbro, F|52/100|[from]move: U-turn
|move|p2a: Landorus|U-turn|p1a: Slowbro
|-supereffective|p1a: Slowbro
|-damage|p1a: Slowbro|27/100
|
|t:|1659116771
|switch|p2a: Zeraora|Zeraora|32/100|[from]move: U-turn
|
|upkeep
|turn|78
|
|t:|1659116774
|switch|p1a: Rillaboom|Rillaboom, F|62/100
|-fieldstart|move: Grassy Terrain|[from] ability: Grassy Surge|[of] p1a: Rillaboom
|move|p2a: Zeraora|Volt Switch|p1a: Rillaboom
|-resisted|p1a: Rillaboom
|-damage|p1a: Rillaboom|49/100
|
|t:|1659116778
|switch|p2a: Tapu Lele|Tapu Lele|23/100|[from]move: Volt Switch
|-fieldstart|move: Psychic Terrain|[from] ability: Psychic Surge|[of] p2a: Tapu Lele
|
|-heal|p1a: Rillaboom|55/100|[from] item: Leftovers
|upkeep
|turn|79
|inactive|LT91BB 69 has 120 seconds left.
|
|t:|1659116812
|switch|p1a: Melmetal|Melmetal|46/100
|move|p2a: Tapu Lele|Psychic|p1a: Melmetal
|-resisted|p1a: Melmetal
|-damage|p1a: Melmetal|17/100
|
|-heal|p1a: Melmetal|23/100|[from] item: Leftovers
|upkeep
|turn|80
|
|t:|1659116826
|switch|p2a: Landorus|Landorus-Therian, M|94/100
|-ability|p2a: Landorus|Intimidate|boost
|-unboost|p1a: Melmetal|atk|1
|move|p1a: Melmetal|Protect||[still]
|-fail|p1a: Melmetal
|
|-heal|p2a: Landorus|99/100|[from] item: Leftovers
|-heal|p1a: Melmetal|29/100|[from] item: Leftovers
|upkeep
|turn|81
|
|t:|1659116831
|move|p1a: Melmetal|Protect|p1a: Melmetal
|-singleturn|p1a: Melmetal|Protect
|move|p2a: Landorus|Stealth Rock|p1a: Melmetal
|-sidestart|p1: LT91BB 69|move: Stealth Rock
|
|-heal|p2a: Landorus|100/100|[from] item: Leftovers
|-heal|p1a: Melmetal|35/100|[from] item: Leftovers
|upkeep
|turn|82
|
|t:|1659116836
|switch|p1a: Tornadus|Tornadus-Therian, M|63/100
|move|p2a: Landorus|Earthquake|p1a: Tornadus
|-immune|p1a: Tornadus
|
|-fieldend|move: Psychic Terrain
|upkeep
|turn|83
|
|t:|1659116840
|move|p1a: Tornadus|Defog|p2a: Landorus
|-unboost|p2a: Landorus|evasion|1
|-sideend|p1: LT91BB 69|Stealth Rock|[from] move: Defog|[of] p1a: Tornadus
|move|p2a: Landorus|Rock Slide|p1a: Tornadus
|-supereffective|p1a: Tornadus
|-damage|p1a: Tornadus|18/100
|
|upkeep
|turn|84
|
|t:|1659116849
|move|p1a: Tornadus|Knock Off|p2a: Landorus
|-damage|p2a: Landorus|81/100
|-enditem|p2a: Landorus|Leftovers|[from] move: Knock Off|[of] p1a: Tornadus
|move|p2a: Landorus|U-turn|p1a: Tornadus
|-resisted|p1a: Tornadus
|-damage|p1a: Tornadus|7/100
|
|t:|1659116851
|switch|p2a: Zeraora|Zeraora|32/100|[from]move: U-turn
|
|upkeep
|turn|85
|
|t:|1659116862
|switch|p1a: Rillaboom|Rillaboom, F|55/100
|-fieldstart|move: Grassy Terrain|[from] ability: Grassy Surge|[of] p1a: Rillaboom
|move|p2a: Zeraora|Volt Switch|p1a: Rillaboom
|-resisted|p1a: Rillaboom
|-damage|p1a: Rillaboom|42/100
|
|t:|1659116864
|switch|p2a: Tapu Lele|Tapu Lele|23/100|[from]move: Volt Switch
|-fieldstart|move: Psychic Terrain|[from] ability: Psychic Surge|[of] p2a: Tapu Lele
|
|-heal|p1a: Rillaboom|48/100|[from] item: Leftovers
|upkeep
|turn|86
|
|t:|1659116867
|switch|p1a: Melmetal|Melmetal|35/100
|move|p2a: Tapu Lele|Psychic|p1a: Melmetal
|-resisted|p1a: Melmetal
|-damage|p1a: Melmetal|5/100
|
|-heal|p1a: Melmetal|11/100|[from] item: Leftovers
|upkeep
|turn|87
|
|t:|1659116869
|move|p2a: Tapu Lele|Psychic|p1a: Melmetal
|-resisted|p1a: Melmetal
|-damage|p1a: Melmetal|0 fnt
|faint|p1a: Melmetal
|
|upkeep
|
|t:|1659116872
|switch|p1a: Rillaboom|Rillaboom, F|48/100
|-fieldstart|move: Grassy Terrain|[from] ability: Grassy Surge|[of] p1a: Rillaboom
|turn|88
|
|t:|1659116876
|switch|p2a: Toxapex|Toxapex, M|100/100
|move|p1a: Rillaboom|Grassy Glide|p2a: Toxapex
|-damage|p2a: Toxapex|70/100
|
|-heal|p1a: Rillaboom|55/100|[from] Grassy Terrain
|-heal|p1a: Rillaboom|61/100|[from] item: Leftovers
|-heal|p2a: Toxapex|76/100|[from] Grassy Terrain
|upkeep
|turn|89
|
|t:|1659116882
|switch|p1a: Slowbro|Slowbro, F|60/100
|move|p2a: Toxapex|Scald|p1a: Slowbro
|-resisted|p1a: Slowbro
|-crit|p1a: Slowbro
|-damage|p1a: Slowbro|49/100
|
|-heal|p2a: Toxapex|82/100|[from] Grassy Terrain
|-heal|p1a: Slowbro|55/100|[from] Grassy Terrain
|upkeep
|turn|90
|
|t:|1659116892
|switch|p2a: Landorus|Landorus-Therian, M|81/100
|-ability|p2a: Landorus|Intimidate|boost
|-unboost|p1a: Slowbro|atk|1
|move|p1a: Slowbro|Slack Off|p1a: Slowbro
|-heal|p1a: Slowbro|100/100
|
|upkeep
|turn|91
|
|t:|1659116897
|move|p2a: Landorus|Stealth Rock|p1a: Slowbro
|-sidestart|p1: LT91BB 69|move: Stealth Rock
|move|p1a: Slowbro|Scald|p2a: Landorus
|-supereffective|p2a: Landorus
|-damage|p2a: Landorus|37/100
|
|upkeep
|turn|92
|
|t:|1659116901
|move|p2a: Landorus|U-turn|p1a: Slowbro
|-supereffective|p1a: Slowbro
|-damage|p1a: Slowbro|76/100
|
|t:|1659116909
|switch|p2a: Tapu Lele|Tapu Lele|23/100|[from]move: U-turn
|-fieldstart|move: Psychic Terrain|[from] ability: Psychic Surge|[of] p2a: Tapu Lele
|move|p1a: Slowbro|Slack Off|p1a: Slowbro
|-heal|p1a: Slowbro|100/100
|
|upkeep
|turn|93
|j| r78cgv5yei
|l| r78cgv5yei
|
|t:|1659116920
|move|p2a: Tapu Lele|Moonblast|p1a: Slowbro
|-damage|p1a: Slowbro|53/100
|move|p1a: Slowbro|Scald|p2a: Tapu Lele
|-damage|p2a: Tapu Lele|0 fnt
|faint|p2a: Tapu Lele
|
|upkeep
|
|t:|1659116926
|switch|p2a: Zeraora|Zeraora|32/100
|turn|94
|
|t:|1659116937
|switch|p1a: Tornadus|Tornadus-Therian, M|40/100
|move|p2a: Zeraora|Volt Switch|p1a: Tornadus
|-supereffective|p1a: Tornadus
|-crit|p1a: Tornadus
|-damage|p1a: Tornadus|0 fnt
|faint|p1a: Tornadus
|
|t:|1659116949
|switch|p2a: Landorus|Landorus-Therian, M|37/100|[from]move: Volt Switch
|
|upkeep
|
|t:|1659116958
|switch|p1a: Slowbro|Slowbro, F|87/100
|-damage|p1a: Slowbro|74/100|[from] Stealth Rock
|turn|95
|
|t:|1659116970
|move|p2a: Landorus|Earthquake|p1a: Slowbro
|-damage|p1a: Slowbro|44/100
|move|p1a: Slowbro|Future Sight|p2a: Landorus
|-start|p1a: Slowbro|move: Future Sight
|
|upkeep
|turn|96
|
|t:|1659116982
|move|p2a: Landorus|Earthquake|p1a: Slowbro
|-damage|p1a: Slowbro|14/100
|move|p1a: Slowbro|Slack Off|p1a: Slowbro
|-heal|p1a: Slowbro|65/100
|
|-fieldend|move: Psychic Terrain
|upkeep
|turn|97
|
|t:|1659116989
|move|p2a: Landorus|Earthquake|p1a: Slowbro
|-damage|p1a: Slowbro|34/100
|move|p1a: Slowbro|Slack Off|p1a: Slowbro
|-heal|p1a: Slowbro|84/100
|
|-end|p2a: Landorus|move: Future Sight
|-damage|p2a: Landorus|4/100
|upkeep
|turn|98
|
|t:|1659116994
|move|p2a: Landorus|U-turn|p1a: Slowbro
|-supereffective|p1a: Slowbro
|-damage|p1a: Slowbro|56/100
|
|t:|1659116997
|switch|p2a: Zeraora|Zeraora|32/100|[from]move: U-turn
|move|p1a: Slowbro|Future Sight|p2a: Zeraora
|-start|p1a: Slowbro|move: Future Sight
|
|upkeep
|turn|99
|inactive|SMxVale has 120 seconds left.
|
|t:|1659117015
|switch|p1a: Blaziken|Blaziken, M|96/100
|-damage|p1a: Blaziken|84/100|[from] Stealth Rock
|move|p2a: Zeraora|Plasma Fists|p1a: Blaziken
|-damage|p1a: Blaziken|0 fnt
|-fieldactivate|move: Ion Deluge
|-hint|Normal-type moves become Electric-type after using Plasma Fists.
|faint|p1a: Blaziken
|
|upkeep
|
|t:|1659117029
|switch|p1a: Slowbro|Slowbro, F|89/100
|-damage|p1a: Slowbro|77/100|[from] Stealth Rock
|turn|100
|
|t:|1659117033
|switch|p2a: Landorus|Landorus-Therian, M|4/100
|-ability|p2a: Landorus|Intimidate|boost
|-unboost|p1a: Slowbro|atk|1
|switch|p1a: Rillaboom|Rillaboom, F|61/100
|-damage|p1a: Rillaboom|48/100|[from] Stealth Rock
|-fieldstart|move: Grassy Terrain|[from] ability: Grassy Surge|[of] p1a: Rillaboom
|
|-end|p2a: Landorus|move: Future Sight
|-damage|p2a: Landorus|0 fnt
|faint|p2a: Landorus
|-heal|p1a: Rillaboom|55/100|[from] Grassy Terrain
|-heal|p1a: Rillaboom|61/100|[from] item: Leftovers
|upkeep
|
|t:|1659117036
|switch|p2a: Toxapex|Toxapex, M|100/100
|turn|101
|
|t:|1659117041
|switch|p1a: Slowbro|Slowbro, F|100/100
|-damage|p1a: Slowbro|88/100|[from] Stealth Rock
|move|p2a: Toxapex|Scald|p1a: Slowbro
|-resisted|p1a: Slowbro
|-damage|p1a: Slowbro|80/100
|
|-heal|p1a: Slowbro|87/100|[from] Grassy Terrain
|upkeep
|turn|102
|
|t:|1659117044
|switch|p2a: Zeraora|Zeraora|32/100
|move|p1a: Slowbro|Future Sight|p2a: Zeraora
|-start|p1a: Slowbro|move: Future Sight
|
|-heal|p2a: Zeraora|38/100|[from] Grassy Terrain
|-heal|p1a: Slowbro|93/100|[from] Grassy Terrain
|upkeep
|turn|103
|
|t:|1659117052
|move|p2a: Zeraora|Plasma Fists|p1a: Slowbro
|-supereffective|p1a: Slowbro
|-damage|p1a: Slowbro|10/100
|-fieldactivate|move: Ion Deluge
|-hint|Normal-type moves become Electric-type after using Plasma Fists.
|move|p1a: Slowbro|Teleport|p1a: Slowbro
|
|t:|1659117055
|switch|p1a: Rillaboom|Rillaboom, F|61/100|[from]move: Teleport
|-damage|p1a: Rillaboom|48/100|[from] Stealth Rock
|
|-heal|p2a: Zeraora|44/100|[from] Grassy Terrain
|-heal|p1a: Rillaboom|55/100|[from] Grassy Terrain
|-heal|p1a: Rillaboom|61/100|[from] item: Leftovers
|upkeep
|turn|104
|
|t:|1659117080
|move|p1a: Rillaboom|Grassy Glide|p2a: Zeraora
|-damage|p2a: Zeraora|0 fnt
|faint|p2a: Zeraora
|
|-hint|Future Sight did not hit because the target is fainted.
|-heal|p1a: Rillaboom|67/100|[from] Grassy Terrain
|-heal|p1a: Rillaboom|73/100|[from] item: Leftovers
|-fieldend|move: Grassy Terrain
|upkeep
|
|t:|1659117082
|switch|p2a: Toxapex|Toxapex, M|100/100
|turn|105
|
|t:|1659117100
|move|p1a: Rillaboom|Swords Dance|p1a: Rillaboom
|-boost|p1a: Rillaboom|atk|2
|move|p2a: Toxapex|Scald|p1a: Rillaboom
|-resisted|p1a: Rillaboom
|-damage|p1a: Rillaboom|64/100
|
|-heal|p1a: Rillaboom|71/100|[from] item: Leftovers
|upkeep
|turn|106
|
|t:|1659117106
|switch|p1a: Slowbro|Slowbro, F|43/100
|-damage|p1a: Slowbro|31/100|[from] Stealth Rock
|move|p2a: Toxapex|Scald|p1a: Slowbro
|-resisted|p1a: Slowbro
|-crit|p1a: Slowbro
|-damage|p1a: Slowbro|18/100
|
|upkeep
|turn|107
|
|t:|1659117113
|move|p2a: Toxapex|Knock Off|p1a: Slowbro
|-supereffective|p1a: Slowbro
|-damage|p1a: Slowbro|7/100
|move|p1a: Slowbro|Slack Off|p1a: Slowbro
|-heal|p1a: Slowbro|57/100
|
|upkeep
|turn|108
|
|t:|1659117116
|move|p2a: Toxapex|Scald|p1a: Slowbro
|-resisted|p1a: Slowbro
|-damage|p1a: Slowbro|48/100
|move|p1a: Slowbro|Slack Off|p1a: Slowbro
|-heal|p1a: Slowbro|98/100
|
|upkeep
|turn|109
|
|t:|1659117122
|move|p2a: Toxapex|Scald|p1a: Slowbro
|-resisted|p1a: Slowbro
|-damage|p1a: Slowbro|91/100
|move|p1a: Slowbro|Future Sight|p2a: Toxapex
|-start|p1a: Slowbro|move: Future Sight
|
|upkeep
|turn|110
|
|t:|1659117124
|move|p2a: Toxapex|Scald|p1a: Slowbro
|-resisted|p1a: Slowbro
|-damage|p1a: Slowbro|83/100
|move|p1a: Slowbro|Teleport|p1a: Slowbro
|
|t:|1659117126
|switch|p1a: Rillaboom|Rillaboom, F|71/100|[from]move: Teleport
|-damage|p1a: Rillaboom|58/100|[from] Stealth Rock
|-fieldstart|move: Grassy Terrain|[from] ability: Grassy Surge|[of] p1a: Rillaboom
|
|-heal|p1a: Rillaboom|64/100|[from] Grassy Terrain
|-heal|p1a: Rillaboom|71/100|[from] item: Leftovers
|upkeep
|turn|111
|
|t:|1659117127
|move|p1a: Rillaboom|Grassy Glide|p2a: Toxapex
|-damage|p2a: Toxapex|69/100
|move|p2a: Toxapex|Scald|p1a: Rillaboom
|-resisted|p1a: Rillaboom
|-damage|p1a: Rillaboom|62/100
|
|-end|p2a: Toxapex|move: Future Sight
|-supereffective|p2a: Toxapex
|-damage|p2a: Toxapex|0 fnt
|faint|p2a: Toxapex
|
|win|LT91BB 69
|upkeep
|raw|LT91BB 69's rating: 1721 &rarr; <strong>1744</strong><br />(+23 for winning)
|raw|SMxVale's rating: 1769 &rarr; <strong>1746</strong><br />(-23 for losing)
|c|☆LT91BB 69|gg
|l|☆SMxVale
|l| Monday999
||Ladder isn't responding, score probably updated but might not have (Request timeout).
