|html|<div class="broadcast-blue"><strong>[Gen 8] OU is currently suspecting Melmetal! For information on how to participate check out the <a href="https://www.smogon.com/forums/threads/np-ss-ou-suspect-process-round-12-monster-mash.3709234/">suspect thread</a>.</strong></div>
|j|☆gotsnsd
|j|☆Please no forfeit
|t:|1666377136
|gametype|singles
|player|p1|gotsnsd|beauty-gen2jp|1495
|player|p2|Please no forfeit|scientist|1490
|teamsize|p1|6
|teamsize|p2|6
|gen|8
|tier|[Gen 8] OU
|rated|
|rule|Sleep Clause Mod: Limit one foe put to sleep
|rule|Species Clause: Limit one of each Pokémon
|rule|OHKO Clause: OHKO moves are banned
|rule|Evasion Items Clause: Evasion items are banned
|rule|Evasion Moves Clause: Evasion moves are banned
|rule|Endless Battle Clause: Forcing endless battles is banned
|rule|HP Percentage Mod: HP is shown in percentages
|rule|Dynamax Clause: You cannot dynamax
|clearpoke
|poke|p1|Machamp, F|
|poke|p1|Clefable, F|
|poke|p1|Skarmory, F|
|poke|p1|Togekiss, M|
|poke|p1|Latias, F|
|poke|p1|Jirachi|
|poke|p2|Togedemaru, M|
|poke|p2|Gengar, F|
|poke|p2|Goodra, F|
|poke|p2|Hatterene, F|
|poke|p2|Obstagoon, F|
|poke|p2|Quagsire, F|
|teampreview
|
|t:|1666377152
|start
|switch|p1a: Clefable|Clefable, F|100/100
|switch|p2a: Togedemaru|Togedemaru, M|100/100
|turn|1
|
|t:|1666377155
|move|p2a: Togedemaru|Nuzzle|p1a: Clefable
|-damage|p1a: Clefable|93/100
|-status|p1a: Clefable|par
|move|p1a: Clefable|Stealth Rock|p2a: Togedemaru
|-sidestart|p2: Please no forfeit|move: Stealth Rock
|
|-heal|p1a: Clefable|99/100 par|[from] item: Leftovers
|upkeep
|turn|2
|
|t:|1666377161
|switch|p1a: Machamp|Machamp, F|100/100
|move|p2a: Togedemaru|Iron Head|p1a: Machamp
|-damage|p1a: Machamp|60/100
|
|-heal|p1a: Machamp|66/100|[from] item: Leftovers
|upkeep
|turn|3
|inactive|Battle timer is ON: inactive players will automatically lose when time's up. (requested by gotsnsd)
|
|t:|1666377197
|move|p2a: Togedemaru|Nuzzle|p1a: Machamp
|-damage|p1a: Machamp|57/100
|-status|p1a: Machamp|par
|move|p1a: Machamp|Dynamic Punch|p2a: Togedemaru
|-supereffective|p2a: Togedemaru
|-ability|p2a: Togedemaru|Sturdy
|-damage|p2a: Togedemaru|1/100
|-start|p2a: Togedemaru|confusion
|-enditem|p2a: Togedemaru|Weakness Policy
|-boost|p2a: Togedemaru|atk|2|[from] item: Weakness Policy
|-boost|p2a: Togedemaru|spa|2|[from] item: Weakness Policy
|
|-heal|p1a: Machamp|63/100 par|[from] item: Leftovers
|upkeep
|turn|4
|
|t:|1666377206
|-activate|p2a: Togedemaru|confusion
|move|p2a: Togedemaru|Reversal|p1a: Machamp
|-damage|p1a: Machamp|0 fnt
|faint|p1a: Machamp
|
|upkeep
|
|t:|1666377226
|switch|p1a: Skarmory|Skarmory, F|100/100
|turn|5
|inactive|Please no forfeit has 120 seconds left.
|inactive|Please no forfeit has 90 seconds left.
|inactive|Please no forfeit has 60 seconds left.
|
|t:|1666377334
|-activate|p2a: Togedemaru|confusion
|-damage|p2a: Togedemaru|0 fnt|[from] confusion
|faint|p2a: Togedemaru
|move|p1a: Skarmory|Whirlwind|p2: Togedemaru|[notarget]
|-fail|p1a: Skarmory
|
|upkeep
|
|t:|1666377341
|switch|p2a: Gengar|Gengar, F|100/100
|-damage|p2a: Gengar|88/100|[from] Stealth Rock
|turn|6
|
|t:|1666377352
|move|p2a: Gengar|Thunderbolt|p1a: Skarmory
|-supereffective|p1a: Skarmory
|-damage|p1a: Skarmory|20/100
|move|p1a: Skarmory|Whirlwind|p2a: Gengar
|drag|p2a: Hatterene|Hatterene, F|100/100
|-damage|p2a: Hatterene|88/100|[from] Stealth Rock
|
|-heal|p1a: Skarmory|26/100|[from] item: Leftovers
|upkeep
|turn|7
|inactive|Please no forfeit has 60 seconds left.
|
|t:|1666377366
|switch|p1a: Clefable|Clefable, F|99/100 par
|move|p2a: Hatterene|Trick Room|p2a: Hatterene
|-fieldstart|move: Trick Room|[of] p2a: Hatterene
|
|-heal|p1a: Clefable|100/100 par|[from] item: Leftovers
|upkeep
|turn|8
|
|t:|1666377374
|move|p2a: Hatterene|Psyshock|p1a: Clefable
|-damage|p1a: Clefable|44/100 par
|-damage|p2a: Hatterene|78/100|[from] item: Life Orb
|move|p1a: Clefable|Moonblast|p2a: Hatterene
|-damage|p2a: Hatterene|45/100
|
|-heal|p1a: Clefable|50/100 par|[from] item: Leftovers
|upkeep
|turn|9
|
|t:|1666377394
|move|p2a: Hatterene|Dazzling Gleam|p1a: Clefable
|-damage|p1a: Clefable|0 fnt
|faint|p1a: Clefable
|-damage|p2a: Hatterene|35/100|[from] item: Life Orb
|
|upkeep
|
|t:|1666377408
|switch|p1a: Jirachi|Jirachi|100/100
|turn|10
|inactive|Please no forfeit has 90 seconds left.
|
|t:|1666377432
|move|p2a: Hatterene|Mystical Fire|p1a: Jirachi
|-supereffective|p1a: Jirachi
|-damage|p1a: Jirachi|47/100
|-unboost|p1a: Jirachi|spa|1
|-damage|p2a: Hatterene|25/100|[from] item: Life Orb
|move|p1a: Jirachi|Wish|p1a: Jirachi
|
|-heal|p1a: Jirachi|53/100|[from] item: Leftovers
|upkeep
|turn|11
|
|t:|1666377444
|move|p1a: Jirachi|Protect|p1a: Jirachi
|-singleturn|p1a: Jirachi|Protect
|move|p2a: Hatterene|Mystical Fire|p1a: Jirachi
|-activate|p1a: Jirachi|move: Protect
|
|-heal|p1a: Jirachi|100/100|[from] move: Wish|[wisher] Jirachi
|-fieldend|move: Trick Room
|upkeep
|turn|12
|
|t:|1666377449
|move|p1a: Jirachi|Body Slam|p2a: Hatterene
|-damage|p2a: Hatterene|3/100
|-status|p2a: Hatterene|par
|move|p2a: Hatterene|Trick Room|p2a: Hatterene
|-fieldstart|move: Trick Room|[of] p2a: Hatterene
|
|upkeep
|turn|13
|
|t:|1666377455
|move|p2a: Hatterene|Mystical Fire|p1a: Jirachi
|-supereffective|p1a: Jirachi
|-damage|p1a: Jirachi|54/100
|-unboost|p1a: Jirachi|spa|1
|-damage|p2a: Hatterene|0 fnt|[from] item: Life Orb
|faint|p2a: Hatterene
|move|p1a: Jirachi|Wish|p1a: Jirachi
|
|-heal|p1a: Jirachi|60/100|[from] item: Leftovers
|upkeep
|
|t:|1666377458
|switch|p2a: Quagsire|Quagsire, F, shiny|100/100
|-damage|p2a: Quagsire|94/100|[from] Stealth Rock
|turn|14
|
|t:|1666377464
|move|p2a: Quagsire|Earthquake|p1a: Jirachi
|-supereffective|p1a: Jirachi
|-damage|p1a: Jirachi|6/100
|move|p1a: Jirachi|Body Slam|p2a: Quagsire
|-damage|p2a: Quagsire|79/100
|-status|p2a: Quagsire|par
|
|-heal|p1a: Jirachi|56/100|[from] move: Wish|[wisher] Jirachi
|-heal|p2a: Quagsire|86/100 par|[from] item: Leftovers
|-heal|p1a: Jirachi|63/100|[from] item: Leftovers
|upkeep
|turn|15
|
|t:|1666377469
|cant|p2a: Quagsire|par
|move|p1a: Jirachi|Wish|p1a: Jirachi
|
|-heal|p2a: Quagsire|92/100 par|[from] item: Leftovers
|-heal|p1a: Jirachi|69/100|[from] item: Leftovers
|upkeep
|turn|16
|
|t:|1666377473
|move|p1a: Jirachi|Protect|p1a: Jirachi
|-singleturn|p1a: Jirachi|Protect
|move|p2a: Quagsire|Scald|p1a: Jirachi
|-activate|p1a: Jirachi|move: Protect
|
|-heal|p1a: Jirachi|100/100|[from] move: Wish|[wisher] Jirachi
|-heal|p2a: Quagsire|98/100 par|[from] item: Leftovers
|-fieldend|move: Trick Room
|upkeep
|turn|17
|
|t:|1666377482
|switch|p1a: Togekiss|Togekiss, M|100/100
|move|p2a: Quagsire|Scald|p1a: Togekiss
|-damage|p1a: Togekiss|84/100
|
|-heal|p2a: Quagsire|100/100 par|[from] item: Leftovers
|upkeep
|turn|18
|
|t:|1666377484
|move|p1a: Togekiss|Air Slash|p2a: Quagsire
|-crit|p2a: Quagsire
|-damage|p2a: Quagsire|42/100 par
|cant|p2a: Quagsire|flinch
|
|-heal|p2a: Quagsire|48/100 par|[from] item: Leftovers
|upkeep
|turn|19
|
|t:|1666377492
|switch|p2a: Gengar|Gengar, F|88/100
|-damage|p2a: Gengar|76/100|[from] Stealth Rock
|move|p1a: Togekiss|Air Slash|p2a: Gengar
|-damage|p2a: Gengar|25/100
|
|upkeep
|turn|20
|
|t:|1666377508
|move|p2a: Gengar|Shadow Ball|p1a: Togekiss
|-damage|p1a: Togekiss|49/100
|move|p1a: Togekiss|Air Slash|p2a: Gengar
|-damage|p2a: Gengar|0 fnt
|-start|p1a: Togekiss|Disable|Air Slash|[from] ability: Cursed Body|[of] p2a: Gengar
|faint|p2a: Gengar
|
|upkeep
|
|t:|1666377513
|switch|p2a: Quagsire|Quagsire, F, shiny|48/100 par
|-damage|p2a: Quagsire|42/100 par|[from] Stealth Rock
|turn|21
|
|t:|1666377521
|switch|p1a: Jirachi|Jirachi|100/100
|move|p2a: Quagsire|Recover|p2a: Quagsire
|-heal|p2a: Quagsire|92/100 par
|
|-heal|p2a: Quagsire|98/100 par|[from] item: Leftovers
|upkeep
|turn|22
|
|t:|1666377526
|move|p1a: Jirachi|Iron Head|p2a: Quagsire
|-resisted|p2a: Quagsire
|-damage|p2a: Quagsire|89/100 par
|cant|p2a: Quagsire|flinch
|
|-heal|p2a: Quagsire|95/100 par|[from] item: Leftovers
|upkeep
|turn|23
|
|t:|1666377531
|move|p1a: Jirachi|Wish|p1a: Jirachi
|cant|p2a: Quagsire|par
|
|-heal|p2a: Quagsire|100/100 par|[from] item: Leftovers
|upkeep
|turn|24
|
|t:|1666377534
|switch|p1a: Togekiss|Togekiss, M|49/100
|cant|p2a: Quagsire|par
|
|-heal|p1a: Togekiss|100/100|[from] move: Wish|[wisher] Jirachi
|upkeep
|turn|25
|
|t:|1666377538
|switch|p2a: Goodra|Goodra, F|100/100
|-damage|p2a: Goodra|88/100|[from] Stealth Rock
|move|p1a: Togekiss|Air Slash|p2a: Goodra
|-damage|p2a: Goodra|76/100
|
|upkeep
|turn|26
|
|t:|1666377541
|move|p1a: Togekiss|Air Slash|p2a: Goodra
|-damage|p2a: Goodra|63/100
|cant|p2a: Goodra|flinch
|
|upkeep
|turn|27
|
|t:|1666377551
|switch|p1a: Jirachi|Jirachi|100/100
|move|p2a: Goodra|Iron Tail|p1a: Jirachi
|-resisted|p1a: Jirachi
|-damage|p1a: Jirachi|86/100
|
|-heal|p1a: Jirachi|93/100|[from] item: Leftovers
|upkeep
|turn|28
|
|t:|1666377557
|switch|p2a: Quagsire|Quagsire, F, shiny|100/100 par
|-damage|p2a: Quagsire|94/100 par|[from] Stealth Rock
|move|p1a: Jirachi|Body Slam|p2a: Quagsire
|-damage|p2a: Quagsire|82/100 par
|
|-heal|p1a: Jirachi|99/100|[from] item: Leftovers
|-heal|p2a: Quagsire|88/100 par|[from] item: Leftovers
|upkeep
|turn|29
|
|t:|1666377564
|move|p1a: Jirachi|Wish|p1a: Jirachi
|cant|p2a: Quagsire|par
|
|-heal|p1a: Jirachi|100/100|[from] item: Leftovers
|-heal|p2a: Quagsire|94/100 par|[from] item: Leftovers
|upkeep
|turn|30
|
|t:|1666377566
|switch|p1a: Skarmory|Skarmory, F|26/100
|move|p2a: Quagsire|Toxic|p1a: Skarmory
|-immune|p1a: Skarmory
|
|-heal|p1a: Skarmory|87/100|[from] move: Wish|[wisher] Jirachi
|-heal|p1a: Skarmory|93/100|[from] item: Leftovers
|-heal|p2a: Quagsire|99/100 par|[from] item: Leftovers
|upkeep
|turn|31
|
|t:|1666377569
|move|p1a: Skarmory|Spikes|p2a: Quagsire
|-sidestart|p2: Please no forfeit|Spikes
|move|p2a: Quagsire|Scald|p1a: Skarmory
|-damage|p1a: Skarmory|68/100
|-status|p1a: Skarmory|brn
|
|-heal|p1a: Skarmory|74/100 brn|[from] item: Leftovers
|-heal|p2a: Quagsire|100/100 par|[from] item: Leftovers
|-damage|p1a: Skarmory|68/100 brn|[from] brn
|upkeep
|turn|32
|-message|Please no forfeit forfeited.
|
|win|gotsnsd
|raw|gotsnsd's rating: 1495 &rarr; <strong>1515</strong><br />(+20 for winning)
|raw|Please no forfeit's rating: 1490 &rarr; <strong>1470</strong><br />(-20 for losing)
|l|☆Please no forfeit
||Ladder isn't responding, score probably updated but might not have (Request timeout).
