|raw|<div class="broadcast-blue"><strong>This battle is required to be public due to a player having a name starting with 'lt91bb'.</div>
|j|☆LT91BB AlI
|j|☆antarctozolt
|t:|1659082193
|gametype|singles
|player|p1|LT91BB AlI|hilda-masters2|1854
|player|p2|antarctozolt|skier|1923
|teamsize|p1|6
|teamsize|p2|6
|gen|8
|tier|[Gen 8] OU
|rated|
|rule|Sleep Clause Mod: Limit one foe put to sleep
|rule|Species Clause: Limit one of each Pokémon
|rule|OHKO Clause: OHKO moves are banned
|rule|Evasion Moves Clause: Evasion moves are banned
|rule|Endless Battle Clause: Forcing endless battles is banned
|rule|HP Percentage Mod: HP is shown in percentages
|rule|Dynamax Clause: You cannot dynamax
|clearpoke
|poke|p1|Melmetal|
|poke|p1|Tapu Lele|
|poke|p1|Magnezone|
|poke|p1|Tornadus-Therian, M|
|poke|p1|Tapu Fini|
|poke|p1|Landorus-Therian, M|
|poke|p2|Buzzwole|
|poke|p2|Torkoal, M|
|poke|p2|Aegislash, M|
|poke|p2|Landorus-Therian, M|
|poke|p2|Darmanitan, M|
|poke|p2|Venusaur, M|
|teampreview
|j| Barracades
|j| BMFD
|
|t:|1659082217
|start
|switch|p1a: Tapu Lele|Tapu Lele, shiny|100/100
|switch|p2a: Mt. Ember|Torkoal, M, shiny|100/100
|-fieldstart|move: Psychic Terrain|[from] ability: Psychic Surge|[of] p1a: Tapu Lele
|-weather|SunnyDay|[from] ability: Drought|[of] p2a: Mt. Ember
|turn|1
|j| vkhss
|j| AcrOne
|j| hol tha heatah
|j| LT91BB PDC
|j| AlbertRey
|j| LT91BB Poeh
|j| ripreckful
|
|t:|1659082244
|switch|p2a: Achilles|Aegislash, M, shiny|100/100
|move|p1a: Tapu Lele|Psychic|p2a: Achilles
|-resisted|p2a: Achilles
|-damage|p2a: Achilles|57/100
|-unboost|p2a: Achilles|spd|1
|
|-weather|SunnyDay|[upkeep]
|upkeep
|turn|2
|j| irkd
|
|t:|1659082276
|move|p1a: Tapu Lele|Psychic|p2a: Achilles
|-resisted|p2a: Achilles
|-damage|p2a: Achilles|0 fnt
|faint|p2a: Achilles
|
|-weather|SunnyDay|[upkeep]
|upkeep
|
|t:|1659082278
|switch|p2a: Son Goku|Darmanitan, M, shiny|100/100
|turn|3
|j| CRASHINBOOMBANG
|j| CM Reuniclus
|
|t:|1659082300
|switch|p1a: Magnezone|Magnezone, shiny|100/100
|move|p2a: Son Goku|Flare Blitz|p1a: Magnezone
|-supereffective|p1a: Magnezone
|-damage|p1a: Magnezone|0 fnt
|faint|p1a: Magnezone
|-damage|p2a: Son Goku|74/100|[from] Recoil
|
|-weather|SunnyDay|[upkeep]
|upkeep
|j| tesla roadster
|j| icefacez
|j| Rubiaa
|j| A1lteb marsh
|l| A1lteb marsh
|c| tesla roadster|oh
|c| tesla roadster|the toxic dude
|
|t:|1659082375
|switch|p1a: Landorus|Landorus-Therian, M, shiny|100/100
|-ability|p1a: Landorus|Intimidate|boost
|-unboost|p2a: Son Goku|atk|1
|turn|4
|
|t:|1659082379
|move|p2a: Son Goku|Flare Blitz|p1a: Landorus
|-damage|p1a: Landorus|0 fnt
|faint|p1a: Landorus
|-damage|p2a: Son Goku|38/100|[from] Recoil
|
|-weather|SunnyDay|[upkeep]
|upkeep
|j| DL Ecca
|c| vkhss|wow
|c|☆antarctozolt|this guy's toxic?
|c| Rubiaa|im really not
|c| Rubiaa|bro started it
|c| tesla roadster|nah u are
|c| Rubiaa|and then says im toxic
|c| Rubiaa|x.x
|c| vkhss|why u fighting here
|
|t:|1659082418
|switch|p1a: Tapu Lele|Tapu Lele, shiny|100/100
|turn|5
|c| Rubiaa|im not trying to
|c|☆antarctozolt|idk why they beefing
|c| Rubiaa|im just tryna watch the game
|c| tesla roadster|im talking about antarctozolt
|c| Rubiaa|alr good
|j| Your mom op
|c|☆antarctozolt|tesla roadster whatttt
|c|☆antarctozolt|what i do
|c|☆antarctozolt|im just chillin
|c| vkhss|lol
|
|t:|1659082450
|move|p1a: Tapu Lele|Psychic|p2a: Son Goku
|-damage|p2a: Son Goku|0 fnt
|faint|p2a: Son Goku
|
|-weather|SunnyDay|[upkeep]
|-fieldend|move: Psychic Terrain
|upkeep
|c| Rubiaa|x.x
|
|t:|1659082458
|switch|p2a: Enten|Landorus-Therian, M, shiny|100/100
|-ability|p2a: Enten|Intimidate|boost
|-unboost|p1a: Tapu Lele|atk|1
|turn|6
|c| Your mom op|lol
|c| tesla roadster|sure bro
|j| Menacce17
|j| Pref Chet
|l| Pref Chet
|
|t:|1659082497
|switch|p1a: Tornadus|Tornadus-Therian, M, shiny|100/100
|move|p2a: Enten|U-turn|p1a: Tornadus
|-resisted|p1a: Tornadus
|-damage|p1a: Tornadus|87/100
|j| spiripallo
|c| tesla roadster|i saw u beat some olt person earlier and u said theyre not getting reqs
|l| DL Ecca
|l| spiripallo
|l| AcrOne
|j| Xiaojiajiaar
|c| tesla roadster|not toxic at all i see
|c|☆antarctozolt|that's cap
|j| LT91BB gostop
|j| Dr. Mirbro
|c|☆antarctozolt|and multiple people use this alt
|
|t:|1659082541
|switch|p2a: Vilgax|Buzzwole, shiny|100/100|[from]move: U-turn
|
|-weather|SunnyDay|[upkeep]
|upkeep
|turn|7
|
|t:|1659082552
|switch|p2a: Enten|Landorus-Therian, M, shiny|100/100
|-ability|p2a: Enten|Intimidate|boost
|-unboost|p1a: Tornadus|atk|1
|move|p1a: Tornadus|U-turn|p2a: Enten
|-resisted|p2a: Enten
|-damage|p2a: Enten|95/100
|l| Xiaojiajiaar
|
|t:|1659082555
|switch|p1a: Tapu Lele|Tapu Lele, shiny|100/100|[from]move: U-turn
|-fieldstart|move: Psychic Terrain|[from] ability: Psychic Surge|[of] p1a: Tapu Lele
|
|-weather|SunnyDay|[upkeep]
|upkeep
|turn|8
|
|t:|1659082561
|move|p2a: Enten|U-turn|p1a: Tapu Lele
|-damage|p1a: Tapu Lele|57/100
|
|t:|1659082564
|switch|p2a: Vilgax|Buzzwole, shiny|100/100|[from]move: U-turn
|move|p1a: Tapu Lele|Psychic|p2a: Vilgax
|-supereffective|p2a: Vilgax
|-damage|p2a: Vilgax|0 fnt
|faint|p2a: Vilgax
|
|-weather|none
|upkeep
|l| Your mom op
|j| AcrOne
|
|t:|1659082578
|switch|p2a: Enten|Landorus-Therian, M, shiny|95/100
|-ability|p2a: Enten|Intimidate|boost
|-unboost|p1a: Tapu Lele|atk|1
|turn|9
|
|t:|1659082584
|switch|p1a: Tornadus|Tornadus-Therian, M, shiny|100/100
|move|p2a: Enten|Knock Off|p1a: Tornadus
|-damage|p1a: Tornadus|64/100
|-enditem|p1a: Tornadus|Heavy-Duty Boots|[from] move: Knock Off|[of] p2a: Enten
|
|upkeep
|turn|10
|j| LT91BB dragonnb
|
|t:|1659082590
|switch|p2a: Mt. Ember|Torkoal, M, shiny|100/100
|-weather|SunnyDay|[from] ability: Drought|[of] p2a: Mt. Ember
|move|p1a: Tornadus|U-turn|p2a: Mt. Ember
|-resisted|p2a: Mt. Ember
|-damage|p2a: Mt. Ember|96/100
|
|t:|1659082593
|switch|p1a: Tapu Lele|Tapu Lele, shiny|57/100|[from]move: U-turn
|
|-weather|SunnyDay|[upkeep]
|upkeep
|turn|11
|
|t:|1659082608
|switch|p2a: Enten|Landorus-Therian, M, shiny|95/100
|-ability|p2a: Enten|Intimidate|boost
|-unboost|p1a: Tapu Lele|atk|1
|move|p1a: Tapu Lele|Psychic|p2a: Enten
|-damage|p2a: Enten|0 fnt
|faint|p2a: Enten
|
|-weather|SunnyDay|[upkeep]
|-fieldend|move: Psychic Terrain
|upkeep
|j| Lunarr
|
|t:|1659082610
|switch|p2a: Rex|Venusaur, M, shiny|100/100
|turn|12
|j| Tenzai
|j| dafeibi
|
|t:|1659082669
|switch|p1a: Tapu Fini|Tapu Fini, shiny|100/100
|-fieldstart|move: Misty Terrain|[from] ability: Misty Surge|[of] p1a: Tapu Fini
|move|p2a: Rex|Weather Ball|p1a: Tapu Fini
|-resisted|p1a: Tapu Fini
|-damage|p1a: Tapu Fini|75/100
|-damage|p2a: Rex|91/100|[from] item: Life Orb
|
|-weather|SunnyDay|[upkeep]
|-heal|p1a: Tapu Fini|81/100|[from] item: Leftovers
|upkeep
|turn|13
|
|t:|1659082684
|switch|p1a: Tornadus|Tornadus-Therian, M, shiny|97/100
|move|p2a: Rex|Growth|p2a: Rex
|-boost|p2a: Rex|atk|2
|-boost|p2a: Rex|spa|2
|
|-weather|SunnyDay|[upkeep]
|upkeep
|turn|14
|
|t:|1659082691
|switch|p1a: Tapu Fini|Tapu Fini, shiny|81/100
|move|p2a: Rex|Weather Ball|p1a: Tapu Fini
|-resisted|p1a: Tapu Fini
|-damage|p1a: Tapu Fini|33/100
|-damage|p2a: Rex|81/100|[from] item: Life Orb
|
|-weather|SunnyDay|[upkeep]
|-heal|p1a: Tapu Fini|40/100|[from] item: Leftovers
|upkeep
|turn|15
|
|t:|1659082700
|move|p2a: Rex|Weather Ball|p1a: Tapu Fini
|-resisted|p1a: Tapu Fini
|-damage|p1a: Tapu Fini|0 fnt
|faint|p1a: Tapu Fini
|-damage|p2a: Rex|71/100|[from] item: Life Orb
|
|-weather|SunnyDay|[upkeep]
|upkeep
|
|t:|1659082704
|switch|p1a: Melmetal|Melmetal, shiny|100/100
|turn|16
|
|t:|1659082706
|move|p1a: Melmetal|Protect|p1a: Melmetal
|-singleturn|p1a: Melmetal|Protect
|move|p2a: Rex|Weather Ball|p1a: Melmetal
|-activate|p1a: Melmetal|move: Protect
|
|-weather|SunnyDay|[upkeep]
|-fieldend|Misty Terrain
|upkeep
|turn|17
|
|t:|1659082717
|move|p1a: Melmetal|Protect|p1a: Melmetal
|-singleturn|p1a: Melmetal|Protect
|move|p2a: Rex|Weather Ball|p1a: Melmetal
|-activate|p1a: Melmetal|move: Protect
|
|-weather|none
|upkeep
|turn|18
|j| LT91BB the damso
|
|t:|1659082730
|switch|p2a: Mt. Ember|Torkoal, M, shiny|96/100
|-weather|SunnyDay|[from] ability: Drought|[of] p2a: Mt. Ember
|move|p1a: Melmetal|Earthquake|p2a: Mt. Ember
|-supereffective|p2a: Mt. Ember
|-damage|p2a: Mt. Ember|47/100
|
|-weather|SunnyDay|[upkeep]
|upkeep
|turn|19
|
|t:|1659082738
|move|p1a: Melmetal|Earthquake|p2a: Mt. Ember
|-supereffective|p2a: Mt. Ember
|-damage|p2a: Mt. Ember|0 fnt
|faint|p2a: Mt. Ember
|
|-weather|SunnyDay|[upkeep]
|upkeep
|
|t:|1659082740
|switch|p2a: Rex|Venusaur, M, shiny|71/100
|turn|20
|j| kbugyg
|l| LT91BB the damso
|c| Rubiaa|alr
|
|t:|1659082793
|move|p1a: Melmetal|Protect|p1a: Melmetal
|-singleturn|p1a: Melmetal|Protect
|move|p2a: Rex|Growth|p2a: Rex
|-boost|p2a: Rex|atk|2
|-boost|p2a: Rex|spa|2
|
|-weather|SunnyDay|[upkeep]
|upkeep
|turn|21
|c| Rubiaa|mindgame lmao
|c| Rubiaa|ohhh
|
|t:|1659082811
|switch|p1a: Tornadus|Tornadus-Therian, M, shiny|100/100
|move|p2a: Rex|Weather Ball|p1a: Tornadus
|-damage|p1a: Tornadus|0 fnt
|faint|p1a: Tornadus
|-damage|p2a: Rex|61/100|[from] item: Life Orb
|
|-weather|SunnyDay|[upkeep]
|upkeep
|
|t:|1659082813
|switch|p1a: Melmetal|Melmetal, shiny|100/100
|turn|22
|
|t:|1659082816
|move|p1a: Melmetal|Protect|p1a: Melmetal
|-singleturn|p1a: Melmetal|Protect
|move|p2a: Rex|Weather Ball|p1a: Melmetal
|-activate|p1a: Melmetal|move: Protect
|
|-weather|SunnyDay|[upkeep]
|upkeep
|turn|23
|
|t:|1659082831
|move|p1a: Melmetal|Protect||[still]
|-fail|p1a: Melmetal
|move|p2a: Rex|Weather Ball|p1a: Melmetal
|-supereffective|p1a: Melmetal
|-crit|p1a: Melmetal
|-damage|p1a: Melmetal|0 fnt
|faint|p1a: Melmetal
|-damage|p2a: Rex|51/100|[from] item: Life Orb
|
|-weather|SunnyDay|[upkeep]
|upkeep
|
|t:|1659082833
|switch|p1a: Tapu Lele|Tapu Lele, shiny|57/100
|-fieldstart|move: Psychic Terrain|[from] ability: Psychic Surge|[of] p1a: Tapu Lele
|turn|24
|j| asmpog
|c|☆LT91BB AlI|Gg
|c|☆antarctozolt|gg
|-message|LT91BB AlI forfeited.
|
|win|antarctozolt
|raw|LT91BB AlI's rating: 1854 &rarr; <strong>1838</strong><br />(-16 for losing)
|raw|antarctozolt's rating: 1923 &rarr; <strong>1939</strong><br />(+16 for winning)
