|j|☆shiawasenostory
|j|☆minimax_ai
|t:|1663526932
|gametype|singles
|player|p1|shiawasenostory|102|1628
|player|p2|minimax_ai|lusamine-nihilego|1568
|teamsize|p1|6
|teamsize|p2|6
|gen|8
|tier|[Gen 8] OU
|rated|
|rule|Sleep Clause Mod: Limit one foe put to sleep
|rule|Species Clause: Limit one of each Pokémon
|rule|OHKO Clause: OHKO moves are banned
|rule|Evasion Items Clause: Evasion items are banned
|rule|Evasion Moves Clause: Evasion moves are banned
|rule|Endless Battle Clause: Forcing endless battles is banned
|rule|HP Percentage Mod: HP is shown in percentages
|rule|Dynamax Clause: You cannot dynamax
|clearpoke
|poke|p1|Rillaboom, F|
|poke|p1|Tornadus-Therian, M|
|poke|p1|Blaziken, M|
|poke|p1|Melmetal|
|poke|p1|Garchomp, M|
|poke|p1|Slowbro, F|
|poke|p2|Rotom-Wash|
|poke|p2|Weavile, F|
|poke|p2|Landorus-Therian, M|
|poke|p2|Heatran, M|
|poke|p2|Tangrowth, M|
|poke|p2|Melmetal|
|teampreview
|c|☆minimax_ai|hf
|inactive|Battle timer is ON: inactive players will automatically lose when time's up. (requested by minimax_ai)
|
|t:|1663526940
|start
|switch|p1a: Blaziken|Blaziken, M|100/100
|switch|p2a: landorustherian|Landorus-Therian, M|100/100
|-ability|p2a: landorustherian|Intimidate|boost
|-unboost|p1a: Blaziken|atk|1
|turn|1
|
|t:|1663526943
|switch|p1a: Garchomp|Garchomp, M|100/100
|move|p2a: landorustherian|Earthquake|p1a: Garchomp
|-damage|p1a: Garchomp|59/100
|
|-heal|p1a: Garchomp|65/100|[from] item: Leftovers
|upkeep
|turn|2
|
|t:|1663526948
|switch|p1a: Rillaboom|Rillaboom, F|100/100
|-fieldstart|move: Grassy Terrain|[from] ability: Grassy Surge|[of] p1a: Rillaboom
|move|p2a: landorustherian|Earthquake|p1a: Rillaboom
|-resisted|p1a: Rillaboom
|-damage|p1a: Rillaboom|89/100
|
|-heal|p1a: Rillaboom|95/100|[from] Grassy Terrain
|-heal|p1a: Rillaboom|100/100|[from] item: Leftovers
|upkeep
|turn|3
|
|t:|1663526955
|switch|p1a: Garchomp|Garchomp, M|65/100
|move|p2a: landorustherian|Toxic|p1a: Garchomp
|-status|p1a: Garchomp|tox
|
|-heal|p1a: Garchomp|71/100 tox|[from] Grassy Terrain
|-heal|p1a: Garchomp|77/100 tox|[from] item: Leftovers
|-damage|p1a: Garchomp|71/100 tox|[from] psn
|upkeep
|turn|4
|
|t:|1663526958
|move|p1a: Garchomp|Toxic|p2a: landorustherian
|-status|p2a: landorustherian|tox
|move|p2a: landorustherian|Earthquake|p1a: Garchomp
|-damage|p1a: Garchomp|50/100 tox
|
|-heal|p1a: Garchomp|56/100 tox|[from] Grassy Terrain
|-heal|p1a: Garchomp|63/100 tox|[from] item: Leftovers
|-damage|p1a: Garchomp|50/100 tox|[from] psn
|-damage|p2a: landorustherian|94/100 tox|[from] psn
|upkeep
|turn|5
|
|t:|1663526961
|switch|p1a: Slowbro|Slowbro, F|100/100
|move|p2a: landorustherian|Earthquake|p1a: Slowbro
|-damage|p1a: Slowbro|87/100
|
|-heal|p2a: landorustherian|100/100 tox|[from] item: Leftovers
|-heal|p1a: Slowbro|93/100|[from] Grassy Terrain
|-damage|p2a: landorustherian|88/100 tox|[from] psn
|upkeep
|turn|6
|
|t:|1663526969
|switch|p2a: rotomwash|Rotom-Wash|100/100
|move|p1a: Slowbro|Scald|p2a: rotomwash
|-resisted|p2a: rotomwash
|-damage|p2a: rotomwash|87/100
|-status|p2a: rotomwash|brn
|
|-heal|p2a: rotomwash|93/100 brn|[from] item: Leftovers
|-heal|p1a: Slowbro|99/100|[from] Grassy Terrain
|-damage|p2a: rotomwash|87/100 brn|[from] brn
|-fieldend|move: Grassy Terrain
|upkeep
|turn|7
|
|t:|1663526973
|switch|p1a: Garchomp|Garchomp, M|50/100 tox
|move|p2a: rotomwash|Thunderbolt|p1a: Garchomp
|-immune|p1a: Garchomp
|
|-heal|p2a: rotomwash|93/100 brn|[from] item: Leftovers
|-heal|p1a: Garchomp|56/100 tox|[from] item: Leftovers
|-damage|p1a: Garchomp|50/100 tox|[from] psn
|-damage|p2a: rotomwash|87/100 brn|[from] brn
|upkeep
|turn|8
|
|t:|1663526980
|switch|p1a: Rillaboom|Rillaboom, F|100/100
|-fieldstart|move: Grassy Terrain|[from] ability: Grassy Surge|[of] p1a: Rillaboom
|move|p2a: rotomwash|Hydro Pump|p1a: Rillaboom
|-resisted|p1a: Rillaboom
|-damage|p1a: Rillaboom|75/100
|
|-heal|p2a: rotomwash|93/100 brn|[from] item: Leftovers
|-heal|p1a: Rillaboom|81/100|[from] Grassy Terrain
|-heal|p1a: Rillaboom|87/100|[from] item: Leftovers
|-damage|p2a: rotomwash|87/100 brn|[from] brn
|upkeep
|turn|9
|
|t:|1663526987
|switch|p2a: Tangrowth|Tangrowth, M|100/100
|move|p1a: Rillaboom|Drain Punch|p2a: Tangrowth
|-damage|p2a: Tangrowth|84/100
|-heal|p1a: Rillaboom|95/100|[from] drain|[of] p2a: Tangrowth
|-damage|p1a: Rillaboom|79/100|[from] item: Rocky Helmet|[of] p2a: Tangrowth
|
|-heal|p1a: Rillaboom|85/100|[from] Grassy Terrain
|-heal|p1a: Rillaboom|91/100|[from] item: Leftovers
|-heal|p2a: Tangrowth|91/100|[from] Grassy Terrain
|upkeep
|turn|10
|
|t:|1663526992
|switch|p1a: Blaziken|Blaziken, M|100/100
|move|p2a: Tangrowth|Giga Drain|p1a: Blaziken
|-resisted|p1a: Blaziken
|-damage|p1a: Blaziken|76/100
|-heal|p2a: Tangrowth|100/100|[from] drain|[of] p1a: Blaziken
|
|-heal|p1a: Blaziken|83/100|[from] Grassy Terrain
|-heal|p1a: Blaziken|89/100|[from] item: Leftovers
|upkeep
|turn|11
|
|t:|1663526998
|move|p1a: Blaziken|Swords Dance|p1a: Blaziken
|-boost|p1a: Blaziken|atk|2
|move|p2a: Tangrowth|Focus Blast|p1a: Blaziken|[miss]
|-miss|p2a: Tangrowth|p1a: Blaziken
|
|-heal|p1a: Blaziken|95/100|[from] Grassy Terrain
|-heal|p1a: Blaziken|100/100|[from] item: Leftovers
|-ability|p1a: Blaziken|Speed Boost|boost
|-boost|p1a: Blaziken|spe|1
|upkeep
|turn|12
|
|t:|1663527002
|move|p1a: Blaziken|Flare Blitz|p2a: Tangrowth
|-supereffective|p2a: Tangrowth
|-damage|p2a: Tangrowth|0 fnt
|-damage|p1a: Blaziken|84/100|[from] item: Rocky Helmet|[of] p2a: Tangrowth
|faint|p2a: Tangrowth
|-damage|p1a: Blaziken|44/100|[from] Recoil
|
|-heal|p1a: Blaziken|51/100|[from] Grassy Terrain
|-heal|p1a: Blaziken|57/100|[from] item: Leftovers
|-fieldend|move: Grassy Terrain
|-ability|p1a: Blaziken|Speed Boost|boost
|-boost|p1a: Blaziken|spe|1
|upkeep
|
|t:|1663527002
|switch|p2a: landorustherian|Landorus-Therian, M|88/100 tox
|-ability|p2a: landorustherian|Intimidate|boost
|-unboost|p1a: Blaziken|atk|1
|turn|13
|
|t:|1663527008
|move|p1a: Blaziken|Protect|p1a: Blaziken
|-singleturn|p1a: Blaziken|Protect
|move|p2a: landorustherian|Earthquake|p1a: Blaziken
|-activate|p1a: Blaziken|move: Protect
|
|-heal|p1a: Blaziken|63/100|[from] item: Leftovers
|-heal|p2a: landorustherian|94/100 tox|[from] item: Leftovers
|-damage|p2a: landorustherian|88/100 tox|[from] psn
|-ability|p1a: Blaziken|Speed Boost|boost
|-boost|p1a: Blaziken|spe|1
|upkeep
|turn|14
|
|t:|1663527019
|switch|p1a: Rillaboom|Rillaboom, F|91/100
|-fieldstart|move: Grassy Terrain|[from] ability: Grassy Surge|[of] p1a: Rillaboom
|move|p2a: landorustherian|Earthquake|p1a: Rillaboom
|-resisted|p1a: Rillaboom
|-damage|p1a: Rillaboom|81/100
|
|-heal|p2a: landorustherian|94/100 tox|[from] item: Leftovers
|-heal|p1a: Rillaboom|87/100|[from] Grassy Terrain
|-heal|p1a: Rillaboom|93/100|[from] item: Leftovers
|-damage|p2a: landorustherian|82/100 tox|[from] psn
|upkeep
|turn|15
|
|t:|1663527023
|switch|p1a: Tornadus|Tornadus-Therian, M|100/100
|move|p2a: landorustherian|U-turn|p1a: Tornadus
|-resisted|p1a: Tornadus
|-damage|p1a: Tornadus|90/100
|
|t:|1663527024
|switch|p2a: Heatran|Heatran, M|100/100|[from]move: U-turn
|-item|p2a: Heatran|Air Balloon
|
|upkeep
|turn|16
|
|t:|1663527027
|move|p1a: Tornadus|U-turn|p2a: Heatran
|-resisted|p2a: Heatran
|-damage|p2a: Heatran|97/100
|-enditem|p2a: Heatran|Air Balloon
|
|t:|1663527030
|switch|p1a: Slowbro|Slowbro, F|100/100|[from]move: U-turn
|move|p2a: Heatran|Earth Power|p1a: Slowbro
|-damage|p1a: Slowbro|70/100
|
|-heal|p2a: Heatran|100/100|[from] Grassy Terrain
|-heal|p1a: Slowbro|76/100|[from] Grassy Terrain
|upkeep
|turn|17
|
|t:|1663527032
|move|p2a: Heatran|Stealth Rock|p1a: Slowbro
|-sidestart|p1: shiawasenostory|move: Stealth Rock
|move|p1a: Slowbro|Scald|p2a: Heatran
|-supereffective|p2a: Heatran
|-damage|p2a: Heatran|42/100
|
|-heal|p2a: Heatran|48/100|[from] Grassy Terrain
|-heal|p1a: Slowbro|82/100|[from] Grassy Terrain
|upkeep
|turn|18
|
|t:|1663527035
|switch|p2a: rotomwash|Rotom-Wash|87/100 brn
|move|p1a: Slowbro|Scald|p2a: rotomwash
|-resisted|p2a: rotomwash
|-damage|p2a: rotomwash|73/100 brn
|
|-heal|p2a: rotomwash|79/100 brn|[from] item: Leftovers
|-heal|p1a: Slowbro|88/100|[from] Grassy Terrain
|-damage|p2a: rotomwash|73/100 brn|[from] brn
|-fieldend|move: Grassy Terrain
|upkeep
|turn|19
|
|t:|1663527044
|switch|p1a: Garchomp|Garchomp, M|50/100 tox
|-damage|p1a: Garchomp|44/100 tox|[from] Stealth Rock
|move|p2a: rotomwash|Thunderbolt|p1a: Garchomp
|-immune|p1a: Garchomp
|
|-heal|p2a: rotomwash|79/100 brn|[from] item: Leftovers
|-heal|p1a: Garchomp|50/100 tox|[from] item: Leftovers
|-damage|p1a: Garchomp|44/100 tox|[from] psn
|-damage|p2a: rotomwash|73/100 brn|[from] brn
|upkeep
|turn|20
|
|t:|1663527048
|switch|p1a: Tornadus|Tornadus-Therian, M|100/100
|move|p2a: rotomwash|Hydro Pump|p1a: Tornadus|[miss]
|-miss|p2a: rotomwash|p1a: Tornadus
|
|-heal|p2a: rotomwash|79/100 brn|[from] item: Leftovers
|-damage|p2a: rotomwash|73/100 brn|[from] brn
|upkeep
|turn|21
|
|t:|1663527050
|move|p1a: Tornadus|Defog|p2a: rotomwash
|-unboost|p2a: rotomwash|evasion|1
|-sideend|p1: shiawasenostory|Stealth Rock|[from] move: Defog|[of] p1a: Tornadus
|move|p2a: rotomwash|Thunderbolt|p1a: Tornadus
|-supereffective|p1a: Tornadus
|-damage|p1a: Tornadus|34/100
|
|-heal|p2a: rotomwash|79/100 brn|[from] item: Leftovers
|-damage|p2a: rotomwash|73/100 brn|[from] brn
|upkeep
|turn|22
|
|t:|1663527053
|move|p1a: Tornadus|Knock Off|p2a: rotomwash
|-damage|p2a: rotomwash|50/100 brn
|-enditem|p2a: rotomwash|Leftovers|[from] move: Knock Off|[of] p1a: Tornadus
|move|p2a: rotomwash|Thunderbolt|p1a: Tornadus
|-supereffective|p1a: Tornadus
|-damage|p1a: Tornadus|0 fnt
|faint|p1a: Tornadus
|
|-damage|p2a: rotomwash|44/100 brn|[from] brn
|upkeep
|
|t:|1663527055
|switch|p1a: Rillaboom|Rillaboom, F|93/100
|-fieldstart|move: Grassy Terrain|[from] ability: Grassy Surge|[of] p1a: Rillaboom
|turn|23
|
|t:|1663527060
|switch|p2a: landorustherian|Landorus-Therian, M|82/100 tox
|-ability|p2a: landorustherian|Intimidate|boost
|-unboost|p1a: Rillaboom|atk|1
|move|p1a: Rillaboom|Grassy Glide|p2a: landorustherian
|-damage|p2a: landorustherian|47/100 tox
|
|-heal|p2a: landorustherian|53/100 tox|[from] item: Leftovers
|-heal|p1a: Rillaboom|99/100|[from] Grassy Terrain
|-heal|p1a: Rillaboom|100/100|[from] item: Leftovers
|-damage|p2a: landorustherian|47/100 tox|[from] psn
|upkeep
|turn|24
|
|t:|1663527064
|move|p2a: landorustherian|U-turn|p1a: Rillaboom
|-supereffective|p1a: Rillaboom
|-damage|p1a: Rillaboom|62/100
|
|t:|1663527064
|switch|p2a: Melmetal|Melmetal|100/100|[from]move: U-turn
|move|p1a: Rillaboom|Knock Off|p2a: Melmetal
|-crit|p2a: Melmetal
|-damage|p2a: Melmetal|70/100
|-enditem|p2a: Melmetal|Assault Vest|[from] move: Knock Off|[of] p1a: Rillaboom
|
|-heal|p1a: Rillaboom|69/100|[from] Grassy Terrain
|-heal|p1a: Rillaboom|75/100|[from] item: Leftovers
|-heal|p2a: Melmetal|76/100|[from] Grassy Terrain
|upkeep
|turn|25
|
|t:|1663527068
|switch|p1a: Slowbro|Slowbro, F|100/100
|move|p2a: Melmetal|Thunder Punch|p1a: Slowbro
|-supereffective|p1a: Slowbro
|-damage|p1a: Slowbro|60/100
|-damage|p2a: Melmetal|60/100|[from] item: Rocky Helmet|[of] p1a: Slowbro
|
|-heal|p2a: Melmetal|66/100|[from] Grassy Terrain
|-heal|p1a: Slowbro|66/100|[from] Grassy Terrain
|upkeep
|turn|26
|
|t:|1663527075
|move|p2a: Melmetal|Thunder Punch|p1a: Slowbro
|-supereffective|p1a: Slowbro
|-damage|p1a: Slowbro|29/100
|-damage|p2a: Melmetal|49/100|[from] item: Rocky Helmet|[of] p1a: Slowbro
|move|p1a: Slowbro|Teleport|p1a: Slowbro
|
|t:|1663527077
|switch|p1a: Blaziken|Blaziken, M|63/100|[from]move: Teleport
|
|-heal|p1a: Blaziken|69/100|[from] Grassy Terrain
|-heal|p1a: Blaziken|76/100|[from] item: Leftovers
|-heal|p2a: Melmetal|56/100|[from] Grassy Terrain
|upkeep
|turn|27
|
|t:|1663527081
|move|p1a: Blaziken|Close Combat|p2a: Melmetal
|-supereffective|p2a: Melmetal
|-damage|p2a: Melmetal|0 fnt
|-unboost|p1a: Blaziken|def|1
|-unboost|p1a: Blaziken|spd|1
|faint|p2a: Melmetal
|
|-heal|p1a: Blaziken|82/100|[from] Grassy Terrain
|-heal|p1a: Blaziken|88/100|[from] item: Leftovers
|-fieldend|move: Grassy Terrain
|-ability|p1a: Blaziken|Speed Boost|boost
|-boost|p1a: Blaziken|spe|1
|upkeep
|
|t:|1663527081
|switch|p2a: landorustherian|Landorus-Therian, M|47/100 tox
|-ability|p2a: landorustherian|Intimidate|boost
|-unboost|p1a: Blaziken|atk|1
|turn|28
|
|t:|1663527084
|switch|p1a: Rillaboom|Rillaboom, F|75/100
|-fieldstart|move: Grassy Terrain|[from] ability: Grassy Surge|[of] p1a: Rillaboom
|move|p2a: landorustherian|Toxic|p1a: Rillaboom
|-status|p1a: Rillaboom|tox
|
|-heal|p2a: landorustherian|53/100 tox|[from] item: Leftovers
|-heal|p1a: Rillaboom|81/100 tox|[from] Grassy Terrain
|-heal|p1a: Rillaboom|87/100 tox|[from] item: Leftovers
|-damage|p2a: landorustherian|47/100 tox|[from] psn
|-damage|p1a: Rillaboom|81/100 tox|[from] psn
|upkeep
|turn|29
|
|t:|1663527087
|move|p1a: Rillaboom|Grassy Glide|p2a: landorustherian
|-damage|p2a: landorustherian|2/100 tox
|move|p2a: landorustherian|U-turn|p1a: Rillaboom
|-supereffective|p1a: Rillaboom
|-damage|p1a: Rillaboom|40/100 tox
|
|t:|1663527087
|switch|p2a: Weavile|Weavile, F|100/100|[from]move: U-turn
|-ability|p2a: Weavile|Pressure
|
|-heal|p1a: Rillaboom|46/100 tox|[from] Grassy Terrain
|-heal|p1a: Rillaboom|52/100 tox|[from] item: Leftovers
|-damage|p1a: Rillaboom|40/100 tox|[from] psn
|upkeep
|turn|30
|
|t:|1663527091
|move|p1a: Rillaboom|Grassy Glide|p2a: Weavile
|-damage|p2a: Weavile|8/100
|move|p2a: Weavile|Knock Off|p1a: Rillaboom
|-damage|p1a: Rillaboom|0 fnt
|-enditem|p1a: Rillaboom|Leftovers|[from] move: Knock Off|[of] p2a: Weavile
|faint|p1a: Rillaboom
|
|-heal|p2a: Weavile|14/100|[from] Grassy Terrain
|upkeep
|
|t:|1663527095
|switch|p1a: Melmetal|Melmetal|100/100
|turn|31
|
|t:|1663527098
|move|p2a: Weavile|Knock Off|p1a: Melmetal
|-damage|p1a: Melmetal|55/100
|-enditem|p1a: Melmetal|Leftovers|[from] move: Knock Off|[of] p2a: Weavile
|move|p1a: Melmetal|Double Iron Bash|p2a: Weavile
|-supereffective|p2a: Weavile
|-damage|p2a: Weavile|0 fnt
|faint|p2a: Weavile
|-hitcount|p2: Weavile|1
|
|-heal|p1a: Melmetal|61/100|[from] Grassy Terrain
|upkeep
|
|t:|1663527098
|switch|p2a: landorustherian|Landorus-Therian, M|2/100 tox
|-ability|p2a: landorustherian|Intimidate|boost
|-unboost|p1a: Melmetal|atk|1
|turn|32
|
|t:|1663527101
|switch|p1a: Slowbro|Slowbro, F|62/100
|move|p2a: landorustherian|Earthquake|p1a: Slowbro
|-damage|p1a: Slowbro|48/100
|
|-heal|p2a: landorustherian|8/100 tox|[from] item: Leftovers
|-heal|p1a: Slowbro|55/100|[from] Grassy Terrain
|-damage|p2a: landorustherian|2/100 tox|[from] psn
|-fieldend|move: Grassy Terrain
|upkeep
|turn|33
|
|t:|1663527106
|move|p2a: landorustherian|Earthquake|p1a: Slowbro
|-damage|p1a: Slowbro|24/100
|move|p1a: Slowbro|Teleport|p1a: Slowbro
|
|t:|1663527109
|switch|p1a: Blaziken|Blaziken, M|88/100|[from]move: Teleport
|
|-heal|p1a: Blaziken|94/100|[from] item: Leftovers
|-heal|p2a: landorustherian|8/100 tox|[from] item: Leftovers
|-damage|p2a: landorustherian|0 fnt|[from] psn
|faint|p2a: landorustherian
|upkeep
|
|t:|1663527109
|switch|p2a: rotomwash|Rotom-Wash|44/100 brn
|turn|34
|
|t:|1663527112
|move|p1a: Blaziken|Protect|p1a: Blaziken
|-singleturn|p1a: Blaziken|Protect
|move|p2a: rotomwash|Hydro Pump|p1a: Blaziken
|-activate|p1a: Blaziken|move: Protect
|
|-heal|p1a: Blaziken|100/100|[from] item: Leftovers
|-damage|p2a: rotomwash|38/100 brn|[from] brn
|-ability|p1a: Blaziken|Speed Boost|boost
|-boost|p1a: Blaziken|spe|1
|upkeep
|turn|35
|
|t:|1663527114
|switch|p1a: Garchomp|Garchomp, M|44/100 tox
|move|p2a: rotomwash|Hydro Pump|p1a: Garchomp
|-damage|p1a: Garchomp|16/100 tox
|
|-heal|p1a: Garchomp|22/100 tox|[from] item: Leftovers
|-damage|p1a: Garchomp|16/100 tox|[from] psn
|-damage|p2a: rotomwash|32/100 brn|[from] brn
|upkeep
|turn|36
|
|t:|1663527121
|move|p1a: Garchomp|Protect|p1a: Garchomp
|-singleturn|p1a: Garchomp|Protect
|move|p2a: rotomwash|Hydro Pump|p1a: Garchomp
|-activate|p1a: Garchomp|move: Protect
|
|-heal|p1a: Garchomp|22/100 tox|[from] item: Leftovers
|-damage|p1a: Garchomp|10/100 tox|[from] psn
|-damage|p2a: rotomwash|25/100 brn|[from] brn
|upkeep
|turn|37
|
|t:|1663527126
|move|p1a: Garchomp|Protect||[still]
|-fail|p1a: Garchomp
|move|p2a: rotomwash|Hydro Pump|p1a: Garchomp
|-damage|p1a: Garchomp|0 fnt
|faint|p1a: Garchomp
|
|-damage|p2a: rotomwash|19/100 brn|[from] brn
|upkeep
|
|t:|1663527129
|switch|p1a: Blaziken|Blaziken, M|100/100
|turn|38
|
|t:|1663527132
|move|p1a: Blaziken|Protect|p1a: Blaziken
|-singleturn|p1a: Blaziken|Protect
|move|p2a: rotomwash|Hydro Pump|p1a: Blaziken
|-activate|p1a: Blaziken|move: Protect
|
|-damage|p2a: rotomwash|13/100 brn|[from] brn
|-ability|p1a: Blaziken|Speed Boost|boost
|-boost|p1a: Blaziken|spe|1
|upkeep
|turn|39
|
|t:|1663527135
|move|p1a: Blaziken|Flare Blitz|p2a: rotomwash
|-resisted|p2a: rotomwash
|-damage|p2a: rotomwash|0 fnt
|faint|p2a: rotomwash
|-damage|p1a: Blaziken|97/100|[from] Recoil
|
|-heal|p1a: Blaziken|100/100|[from] item: Leftovers
|-ability|p1a: Blaziken|Speed Boost|boost
|-boost|p1a: Blaziken|spe|1
|upkeep
|
|t:|1663527135
|switch|p2a: Heatran|Heatran, M|48/100
|turn|40
|
|t:|1663527138
|move|p1a: Blaziken|Close Combat|p2a: Heatran
|-supereffective|p2a: Heatran
|-damage|p2a: Heatran|0 fnt
|-unboost|p1a: Blaziken|def|1
|-unboost|p1a: Blaziken|spd|1
|faint|p2a: Heatran
|
|win|shiawasenostory
|raw|shiawasenostory's rating: 1628 &rarr; <strong>1645</strong><br />(+17 for winning)
|raw|minimax_ai's rating: 1568 &rarr; <strong>1551</strong><br />(-17 for losing)
|c|☆minimax_ai|gg
