|raw|<div class="broadcast-blue"><strong>This battle is required to be public due to a player having a name starting with 'lt92pf'.</div>
|j|☆pokeda
|j|☆LT92PF PDC
|t:|1659869796
|gametype|singles
|player|p1|pokeda|wattson|1787
|player|p2|LT92PF PDC|ethan|1842
|teamsize|p1|6
|teamsize|p2|6
|gen|8
|tier|[Gen 8] OU
|rated|
|rule|Sleep Clause Mod: Limit one foe put to sleep
|rule|Species Clause: Limit one of each Pokémon
|rule|OHKO Clause: OHKO moves are banned
|rule|Evasion Items Clause: Evasion items are banned
|rule|Evasion Moves Clause: Evasion moves are banned
|rule|Endless Battle Clause: Forcing endless battles is banned
|rule|HP Percentage Mod: HP is shown in percentages
|rule|Dynamax Clause: You cannot dynamax
|clearpoke
|poke|p1|Zeraora|
|poke|p1|Garchomp, F|
|poke|p1|Corviknight, F|
|poke|p1|Kingdra, F|
|poke|p1|Slowking-Galar, F|
|poke|p1|Pelipper, F|
|poke|p2|Clefable, M|
|poke|p2|Rillaboom, F|
|poke|p2|Gastrodon-East, M|
|poke|p2|Kartana|
|poke|p2|Heatran, M|
|poke|p2|Zapdos|
|teampreview
|
|t:|1659869815
|start
|switch|p1a: Slowking|Slowking-Galar, F|100/100
|switch|p2a: Rillaboom|Rillaboom, F|100/100
|-fieldstart|move: Grassy Terrain|[from] ability: Grassy Surge|[of] p2a: Rillaboom
|turn|1
|
|t:|1659869822
|switch|p2a: Heatran|Heatran, M|100/100
|move|p1a: Slowking|Sludge Bomb|p2a: Heatran
|-immune|p2a: Heatran
|
|upkeep
|turn|2
|
|t:|1659869830
|switch|p1a: Garchomp|Garchomp, F|100/100
|move|p2a: Heatran|Stealth Rock|p1a: Garchomp
|-sidestart|p1: pokeda|move: Stealth Rock
|
|upkeep
|turn|3
|
|t:|1659869839
|switch|p2a: Clefable|Clefable, M|100/100
|move|p1a: Garchomp|Stealth Rock|p2a: Clefable
|-sidestart|p2: LT92PF PDC|move: Stealth Rock
|
|upkeep
|turn|4
|j| egalvanc
|inactive|Battle timer is ON: inactive players will automatically lose when time's up. (requested by pokeda)
|
|t:|1659869880
|switch|p1a: Slowking|Slowking-Galar, F|100/100
|-damage|p1a: Slowking|88/100|[from] Stealth Rock
|move|p2a: Clefable|Knock Off|p1a: Slowking
|-supereffective|p1a: Slowking
|-damage|p1a: Slowking|56/100
|-enditem|p1a: Slowking|Assault Vest|[from] move: Knock Off|[of] p2a: Clefable
|
|-heal|p1a: Slowking|63/100|[from] Grassy Terrain
|upkeep
|turn|5
|
|t:|1659869891
|switch|p2a: Heatran|Heatran, M|100/100
|-damage|p2a: Heatran|88/100|[from] Stealth Rock
|move|p1a: Slowking|Future Sight|p2a: Heatran
|-start|p1a: Slowking|move: Future Sight
|
|-heal|p2a: Heatran|94/100|[from] Grassy Terrain
|-heal|p2a: Heatran|100/100|[from] item: Leftovers
|-heal|p1a: Slowking|69/100|[from] Grassy Terrain
|upkeep
|turn|6
|
|t:|1659869898
|switch|p1a: Garchomp|Garchomp, F|100/100
|-damage|p1a: Garchomp|94/100|[from] Stealth Rock
|move|p2a: Heatran|Magma Storm|p1a: Garchomp|[miss]
|-miss|p2a: Heatran|p1a: Garchomp
|
|-heal|p1a: Garchomp|100/100|[from] Grassy Terrain
|upkeep
|turn|7
|j| the art of
|
|t:|1659869910
|move|p2a: Heatran|Protect|p2a: Heatran
|-singleturn|p2a: Heatran|Protect
|move|p1a: Garchomp|Earthquake|p2a: Heatran
|-activate|p2a: Heatran|move: Protect
|
|-end|p2a: Heatran|move: Future Sight
|-resisted|p2a: Heatran
|-damage|p2a: Heatran|84/100
|-heal|p2a: Heatran|90/100|[from] Grassy Terrain
|-heal|p2a: Heatran|96/100|[from] item: Leftovers
|upkeep
|turn|8
|j| LT92PF Po
|l| LT92PF Po
|
|t:|1659869930
|switch|p1a: Slowking|Slowking-Galar, F|100/100
|-damage|p1a: Slowking|88/100|[from] Stealth Rock
|switch|p2a: Clefable|Clefable, M|100/100
|
|-heal|p1a: Slowking|94/100|[from] Grassy Terrain
|-fieldend|move: Grassy Terrain
|upkeep
|turn|9
|
|t:|1659869940
|switch|p2a: Heatran|Heatran, M|96/100
|-damage|p2a: Heatran|84/100|[from] Stealth Rock
|move|p1a: Slowking|Scald|p2a: Heatran
|-supereffective|p2a: Heatran
|-damage|p2a: Heatran|50/100
|
|-heal|p2a: Heatran|57/100|[from] item: Leftovers
|upkeep
|turn|10
|
|t:|1659869951
|move|p2a: Heatran|Magma Storm|p1a: Slowking|[miss]
|-miss|p2a: Heatran|p1a: Slowking
|move|p1a: Slowking|Future Sight|p2a: Heatran
|-start|p1a: Slowking|move: Future Sight
|
|-heal|p2a: Heatran|63/100|[from] item: Leftovers
|upkeep
|turn|11
|
|t:|1659869959
|switch|p2a: Gastrodon|Gastrodon-East, M|100/100
|-damage|p2a: Gastrodon|94/100|[from] Stealth Rock
|move|p1a: Slowking|Scald|p2a: Gastrodon
|-ability|p2a: Gastrodon|Storm Drain|boost
|-boost|p2a: Gastrodon|spa|1
|
|-heal|p2a: Gastrodon|100/100|[from] item: Leftovers
|upkeep
|turn|12
|
|t:|1659869984
|switch|p1a: Garchomp|Garchomp, F|100/100
|-damage|p1a: Garchomp|94/100|[from] Stealth Rock
|move|p2a: Gastrodon|Scald|p1a: Garchomp
|-damage|p1a: Garchomp|68/100
|
|-end|p2a: Gastrodon|move: Future Sight
|-damage|p2a: Gastrodon|55/100
|-heal|p1a: Garchomp|74/100|[from] item: Leftovers
|-heal|p2a: Gastrodon|61/100|[from] item: Leftovers
|upkeep
|turn|13
|j| 1Pyramid King
|
|t:|1659869994
|move|p2a: Gastrodon|Protect|p2a: Gastrodon
|-singleturn|p2a: Gastrodon|Protect
|move|p1a: Garchomp|Earthquake|p2a: Gastrodon
|-activate|p2a: Gastrodon|move: Protect
|
|-heal|p1a: Garchomp|80/100|[from] item: Leftovers
|-heal|p2a: Gastrodon|67/100|[from] item: Leftovers
|upkeep
|turn|14
|
|t:|1659870008
|switch|p2a: Clefable|Clefable, M|100/100
|move|p1a: Garchomp|Toxic|p2a: Clefable
|-status|p2a: Clefable|tox
|
|-heal|p1a: Garchomp|86/100|[from] item: Leftovers
|upkeep
|turn|15
|
|t:|1659870030
|switch|p1a: Slowking|Slowking-Galar, F|100/100
|-damage|p1a: Slowking|88/100|[from] Stealth Rock
|move|p2a: Clefable|Thunder Wave|p1a: Slowking
|-status|p1a: Slowking|par
|
|upkeep
|turn|16
|
|t:|1659870055
|switch|p2a: Gastrodon|Gastrodon-East, M|67/100
|-damage|p2a: Gastrodon|61/100|[from] Stealth Rock
|move|p1a: Slowking|Future Sight|p2a: Gastrodon
|-start|p1a: Slowking|move: Future Sight
|
|-heal|p2a: Gastrodon|67/100|[from] item: Leftovers
|upkeep
|turn|17
|j| LT92PF Lio
|
|t:|1659870068
|switch|p1a: Garchomp|Garchomp, F|86/100
|-damage|p1a: Garchomp|80/100|[from] Stealth Rock
|move|p2a: Gastrodon|Recover|p2a: Gastrodon
|-heal|p2a: Gastrodon|100/100
|
|-heal|p1a: Garchomp|86/100|[from] item: Leftovers
|upkeep
|turn|18
|
|t:|1659870088
|move|p2a: Gastrodon|Protect|p2a: Gastrodon
|-singleturn|p2a: Gastrodon|Protect
|move|p1a: Garchomp|Earthquake|p2a: Gastrodon
|-activate|p2a: Gastrodon|move: Protect
|
|-end|p2a: Gastrodon|move: Future Sight
|-damage|p2a: Gastrodon|56/100
|-heal|p1a: Garchomp|92/100|[from] item: Leftovers
|-heal|p2a: Gastrodon|62/100|[from] item: Leftovers
|upkeep
|turn|19
|
|t:|1659870099
|switch|p2a: Clefable|Clefable, M|100/100 tox
|move|p1a: Garchomp|Earthquake|p2a: Clefable
|-damage|p2a: Clefable|67/100 tox
|
|-heal|p1a: Garchomp|99/100|[from] item: Leftovers
|upkeep
|turn|20
|j| LT92PF Maya
|
|t:|1659870128
|switch|p1a: Corviknight|Corviknight, F|100/100
|-damage|p1a: Corviknight|88/100|[from] Stealth Rock
|-ability|p1a: Corviknight|Pressure
|move|p2a: Clefable|Soft-Boiled|p2a: Clefable
|-heal|p2a: Clefable|100/100 tox
|
|upkeep
|turn|21
|j| EloHD
|j| LT92PF Zokuru
|l| LT92PF Zokuru
|
|t:|1659870138
|move|p1a: Corviknight|Defog|p2a: Clefable
|-unboost|p2a: Clefable|evasion|1
|-sideend|p2: LT92PF PDC|Stealth Rock|[from] move: Defog|[of] p1a: Corviknight
|-sideend|p1: pokeda|Stealth Rock|[from] move: Defog|[of] p1a: Corviknight
|move|p2a: Clefable|Thunder Wave|p1a: Corviknight
|-status|p1a: Corviknight|par
|
|upkeep
|turn|22
|
|t:|1659870143
|switch|p1a: Slowking|Slowking-Galar, F|100/100 par
|move|p2a: Clefable|Knock Off|p1a: Slowking
|-supereffective|p1a: Slowking
|-damage|p1a: Slowking|80/100 par
|
|upkeep
|turn|23
|j| bfdbdfbdfbdf
|
|t:|1659870150
|switch|p2a: Heatran|Heatran, M|63/100
|switch|p1a: Pelipper|Pelipper, F|100/100
|-weather|RainDance|[from] ability: Drizzle|[of] p1a: Pelipper
|
|-weather|RainDance|[upkeep]
|-heal|p2a: Heatran|69/100|[from] item: Leftovers
|upkeep
|turn|24
|
|t:|1659870164
|move|p2a: Heatran|Protect|p2a: Heatran
|-singleturn|p2a: Heatran|Protect
|move|p1a: Pelipper|Weather Ball|p2a: Heatran
|-activate|p2a: Heatran|move: Protect
|
|-weather|RainDance|[upkeep]
|-heal|p2a: Heatran|75/100|[from] item: Leftovers
|upkeep
|turn|25
|l| the art of
|inactive|LT92PF PDC has 120 seconds left.
|inactive|LT92PF PDC has 90 seconds left.
|
|t:|1659870227
|switch|p1a: Kingdra|Kingdra, F|100/100
|switch|p2a: Gastrodon|Gastrodon-East, M|62/100
|
|-weather|RainDance|[upkeep]
|-heal|p2a: Gastrodon|68/100|[from] item: Leftovers
|upkeep
|turn|26
|
|t:|1659870233
|move|p2a: Gastrodon|Protect|p2a: Gastrodon
|-singleturn|p2a: Gastrodon|Protect
|move|p1a: Kingdra|Focus Energy|p1a: Kingdra
|-start|p1a: Kingdra|move: Focus Energy
|
|-weather|RainDance|[upkeep]
|-heal|p2a: Gastrodon|74/100|[from] item: Leftovers
|upkeep
|turn|27
|
|t:|1659870240
|move|p1a: Kingdra|Draco Meteor|p2a: Gastrodon
|-crit|p2a: Gastrodon
|-damage|p2a: Gastrodon|0 fnt
|-unboost|p1a: Kingdra|spa|2
|faint|p2a: Gastrodon
|
|-weather|none
|upkeep
|
|t:|1659870247
|switch|p2a: Rillaboom|Rillaboom, F|100/100
|-fieldstart|move: Grassy Terrain|[from] ability: Grassy Surge|[of] p2a: Rillaboom
|turn|28
|
|t:|1659870257
|move|p2a: Rillaboom|Grassy Glide|p1a: Kingdra
|-damage|p1a: Kingdra|36/100
|move|p1a: Kingdra|Draco Meteor|p2a: Rillaboom
|-crit|p2a: Rillaboom
|-damage|p2a: Rillaboom|0 fnt
|-unboost|p1a: Kingdra|spa|2
|faint|p2a: Rillaboom
|
|-heal|p1a: Kingdra|42/100|[from] Grassy Terrain
|upkeep
|
|t:|1659870260
|switch|p2a: Kartana|Kartana|100/100
|turn|29
|
|t:|1659870271
|switch|p1a: Corviknight|Corviknight, F|88/100 par
|-ability|p1a: Corviknight|Pressure
|move|p2a: Kartana|Leaf Blade|p1a: Corviknight
|-resisted|p1a: Corviknight
|-damage|p1a: Corviknight|76/100 par
|
|upkeep
|turn|30
|
|t:|1659870287
|move|p2a: Kartana|Swords Dance|p2a: Kartana
|-boost|p2a: Kartana|atk|2
|move|p1a: Corviknight|U-turn|p2a: Kartana
|-damage|p2a: Kartana|85/100
|inactive|pokeda has 120 seconds left.
|l| egalvanc
|
|t:|1659870330
|switch|p1a: Garchomp|Garchomp, F|99/100|[from]move: U-turn
|
|-heal|p2a: Kartana|92/100|[from] Grassy Terrain
|-heal|p1a: Garchomp|100/100|[from] Grassy Terrain
|upkeep
|turn|31
|
|t:|1659870339
|switch|p1a: Corviknight|Corviknight, F|76/100 par
|-ability|p1a: Corviknight|Pressure
|move|p2a: Kartana|Leaf Blade|p1a: Corviknight
|-resisted|p1a: Corviknight
|-damage|p1a: Corviknight|53/100 par
|
|-heal|p2a: Kartana|98/100|[from] Grassy Terrain
|upkeep
|turn|32
|
|t:|1659870346
|move|p2a: Kartana|Sacred Sword|p1a: Corviknight
|-damage|p1a: Corviknight|7/100 par
|move|p1a: Corviknight|Brave Bird|p2a: Kartana
|-damage|p2a: Kartana|62/100
|-damage|p1a: Corviknight|0 fnt|[from] Recoil
|faint|p1a: Corviknight
|
|-heal|p2a: Kartana|68/100|[from] Grassy Terrain
|upkeep
|
|t:|1659870354
|switch|p1a: Zeraora|Zeraora|100/100
|turn|33
|
|t:|1659870358
|switch|p2a: Clefable|Clefable, M|100/100 tox
|move|p1a: Zeraora|Close Combat|p2a: Clefable
|-resisted|p2a: Clefable
|-damage|p2a: Clefable|86/100 tox
|-unboost|p1a: Zeraora|def|1
|-unboost|p1a: Zeraora|spd|1
|-damage|p1a: Zeraora|84/100|[from] item: Rocky Helmet|[of] p2a: Clefable
|
|-heal|p1a: Zeraora|90/100|[from] Grassy Terrain
|-heal|p1a: Zeraora|96/100|[from] item: Leftovers
|-heal|p2a: Clefable|92/100 tox|[from] Grassy Terrain
|upkeep
|turn|34
|inactive|pokeda has 120 seconds left.
|
|t:|1659870376
|switch|p1a: Pelipper|Pelipper, F|100/100
|-weather|RainDance|[from] ability: Drizzle|[of] p1a: Pelipper
|switch|p2a: Kartana|Kartana|68/100
|
|-weather|RainDance|[upkeep]
|-heal|p2a: Kartana|74/100|[from] Grassy Terrain
|upkeep
|turn|35
|inactive|pokeda has 120 seconds left.
|
|t:|1659870391
|switch|p1a: Garchomp|Garchomp, F|100/100
|move|p2a: Kartana|Leaf Blade|p1a: Garchomp
|-damage|p1a: Garchomp|37/100
|-activate|p1a: Garchomp|ability: Rough Skin
|-activate|p2a: Kartana|item: Protective Pads
|
|-weather|RainDance|[upkeep]
|-heal|p2a: Kartana|80/100|[from] Grassy Terrain
|-heal|p1a: Garchomp|43/100|[from] Grassy Terrain
|-heal|p1a: Garchomp|49/100|[from] item: Leftovers
|-fieldend|move: Grassy Terrain
|upkeep
|turn|36
|inactive|pokeda has 120 seconds left.
|inactive|LT92PF PDC has 120 seconds left.
|inactive|LT92PF PDC has 90 seconds left.
|
|t:|1659870467
|move|p2a: Kartana|Swords Dance|p2a: Kartana
|-boost|p2a: Kartana|atk|2
|move|p1a: Garchomp|Earthquake|p2a: Kartana
|-damage|p2a: Kartana|34/100
|
|-weather|RainDance|[upkeep]
|-heal|p1a: Garchomp|55/100|[from] item: Leftovers
|upkeep
|turn|37
|j| Rubyblood
|inactive|pokeda has 120 seconds left.
|
|t:|1659870493
|move|p1a: Garchomp|Protect|p1a: Garchomp
|-singleturn|p1a: Garchomp|Protect
|move|p2a: Kartana|Leaf Blade|p1a: Garchomp
|-activate|p1a: Garchomp|move: Protect
|
|-weather|RainDance|[upkeep]
|-heal|p1a: Garchomp|61/100|[from] item: Leftovers
|upkeep
|turn|38
|inactive|LT92PF PDC has 90 seconds left.
|
|t:|1659870509
|move|p2a: Kartana|Leaf Blade|p1a: Garchomp
|-damage|p1a: Garchomp|0 fnt
|-activate|p1a: Garchomp|ability: Rough Skin
|-activate|p2a: Kartana|item: Protective Pads
|faint|p1a: Garchomp
|-ability|p2a: Kartana|Beast Boost|boost
|-boost|p2a: Kartana|atk|1
|
|-weather|none
|upkeep
|
|t:|1659870514
|switch|p1a: Zeraora|Zeraora|96/100
|turn|39
|l| EloHD
|inactive|pokeda has 120 seconds left.
|
|t:|1659870528
|switch|p2a: Clefable|Clefable, M|92/100 tox
|move|p1a: Zeraora|Bulk Up|p1a: Zeraora
|-boost|p1a: Zeraora|atk|1
|-boost|p1a: Zeraora|def|1
|
|-heal|p1a: Zeraora|100/100|[from] item: Leftovers
|upkeep
|turn|40
|
|t:|1659870533
|move|p1a: Zeraora|Plasma Fists|p2a: Clefable
|-damage|p2a: Clefable|36/100 tox
|-fieldactivate|move: Ion Deluge
|-hint|Normal-type moves become Electric-type after using Plasma Fists.
|-damage|p1a: Zeraora|84/100|[from] item: Rocky Helmet|[of] p2a: Clefable
|move|p2a: Clefable|Soft-Boiled|p2a: Clefable
|-heal|p2a: Clefable|86/100 tox
|
|-heal|p1a: Zeraora|90/100|[from] item: Leftovers
|upkeep
|turn|41
|inactive|pokeda has 120 seconds left.
|
|t:|1659870553
|move|p1a: Zeraora|Plasma Fists|p2a: Clefable
|-damage|p2a: Clefable|30/100 tox
|-fieldactivate|move: Ion Deluge
|-hint|Normal-type moves become Electric-type after using Plasma Fists.
|-damage|p1a: Zeraora|74/100|[from] item: Rocky Helmet|[of] p2a: Clefable
|move|p2a: Clefable|Moonblast|p1a: Zeraora
|-damage|p1a: Zeraora|31/100
|
|-heal|p1a: Zeraora|37/100|[from] item: Leftovers
|upkeep
|turn|42
|
|t:|1659870562
|move|p1a: Zeraora|Plasma Fists|p2a: Clefable
|-damage|p2a: Clefable|0 fnt
|-fieldactivate|move: Ion Deluge
|-hint|Normal-type moves become Electric-type after using Plasma Fists.
|-damage|p1a: Zeraora|20/100|[from] item: Rocky Helmet|[of] p2a: Clefable
|faint|p2a: Clefable
|
|-heal|p1a: Zeraora|26/100|[from] item: Leftovers
|upkeep
|
|t:|1659870565
|switch|p2a: Zapdos|Zapdos|100/100
|turn|43
|l| LT92PF Maya
|
|t:|1659870575
|switch|p1a: Slowking|Slowking-Galar, F|100/100 par
|move|p2a: Zapdos|Hurricane|p1a: Slowking|[miss]
|-miss|p2a: Zapdos|p1a: Slowking
|
|upkeep
|turn|44
|-message|LT92PF PDC forfeited.
|
|win|pokeda
|raw|pokeda's rating: 1787 &rarr; <strong>1810</strong><br />(+23 for winning)
|raw|LT92PF PDC's rating: 1842 &rarr; <strong>1819</strong><br />(-23 for losing)
|l|☆LT92PF PDC
