|j|☆Lunar Neo
|j|☆Highimpactassault
|player|p1|Lunar Neo|grimsley|1400
|player|p2|Highimpactassault|170|1454
|teamsize|p1|6
|teamsize|p2|6
|gametype|singles
|gen|8
|tier|[Gen 8] OU
|rated|
|clearpoke
|poke|p1|Mamoswine, F|
|poke|p1|Hydreigon, M|
|poke|p1|Keldeo-Resolute|
|poke|p1|Corviknight, F|
|poke|p1|Chandelure, F|
|poke|p1|Seismitoad, M|
|poke|p2|Corviknight, F|
|poke|p2|Dragapult, F|
|poke|p2|Sandaconda, F|
|poke|p2|Togekiss, F|
|poke|p2|Ninetales, F|
|poke|p2|Conkeldurr, M|
|rule|Sleep Clause Mod: Limit one foe put to sleep
|rule|Species Clause: Limit one of each Pokémon
|rule|OHKO Clause: OHKO moves are banned
|rule|Evasion Moves Clause: Evasion moves are banned
|rule|Endless Battle Clause: Forcing endless battles is banned
|rule|HP Percentage Mod: HP is shown in percentages
|rule|Dynamax Clause: You cannot dynamax
|teampreview
|inactive|Battle timer is ON: inactive players will automatically lose when time's up. (requested by Highimpactassault)
|
|start
|switch|p1a: Chandelure|Chandelure, F|100/100
|switch|p2a: Ninetales|Ninetales, F|100/100
|-weather|SunnyDay|[from] ability: Drought|[of] p2a: Ninetales
|turn|1
|
|move|p2a: Ninetales|Nasty Plot|p2a: Ninetales
|-boost|p2a: Ninetales|spa|2
|move|p1a: Chandelure|Fire Blast|p2a: Ninetales
|-resisted|p2a: Ninetales
|-damage|p2a: Ninetales|17/100
|
|-weather|SunnyDay|[upkeep]
|upkeep
|turn|2
|
|switch|p1a: Keldeo|Keldeo-Resolute|100/100
|move|p2a: Ninetales|Psyshock|p1a: Keldeo
|-supereffective|p1a: Keldeo
|-damage|p1a: Keldeo|3/100
|
|-weather|SunnyDay|[upkeep]
|upkeep
|turn|3
|
|switch|p2a: Togekiss|Togekiss, F|100/100
|move|p1a: Keldeo|Scald|p2a: Togekiss
|-damage|p2a: Togekiss|79/100
|
|-weather|SunnyDay|[upkeep]
|upkeep
|turn|4
|
|switch|p1a: Corviknight|Corviknight, F|100/100
|-ability|p1a: Corviknight|Pressure
|move|p2a: Togekiss|Air Slash|p1a: Corviknight
|-resisted|p1a: Corviknight
|-damage|p1a: Corviknight|85/100
|
|-weather|SunnyDay|[upkeep]
|-heal|p1a: Corviknight|91/100|[from] item: Leftovers
|upkeep
|turn|5
|
|switch|p2a: Ninetales|Ninetales, F|17/100
|move|p1a: Corviknight|Iron Head|p2a: Ninetales
|-resisted|p2a: Ninetales
|-damage|p2a: Ninetales|0 fnt
|faint|p2a: Ninetales
|
|-weather|none
|-heal|p1a: Corviknight|98/100|[from] item: Leftovers
|upkeep
|
|switch|p2a: Sandaconda|Sandaconda, F|100/100
|turn|6
|
|switch|p1a: Mamoswine|Mamoswine, F|100/100
|move|p2a: Sandaconda|Glare|p1a: Mamoswine
|-status|p1a: Mamoswine|par
|
|upkeep
|turn|7
|
|move|p2a: Sandaconda|Coil|p2a: Sandaconda
|-boost|p2a: Sandaconda|atk|1
|-boost|p2a: Sandaconda|def|1
|-boost|p2a: Sandaconda|accuracy|1
|move|p1a: Mamoswine|Stealth Rock|p2a: Sandaconda
|-sidestart|p2: Highimpactassault|move: Stealth Rock
|
|upkeep
|turn|8
|
|move|p2a: Sandaconda|Coil|p2a: Sandaconda
|-boost|p2a: Sandaconda|atk|1
|-boost|p2a: Sandaconda|def|1
|-boost|p2a: Sandaconda|accuracy|1
|cant|p1a: Mamoswine|par
|
|upkeep
|turn|9
|
|move|p2a: Sandaconda|Coil|p2a: Sandaconda
|-boost|p2a: Sandaconda|atk|1
|-boost|p2a: Sandaconda|def|1
|-boost|p2a: Sandaconda|accuracy|1
|move|p1a: Mamoswine|Icicle Crash|p2a: Sandaconda
|-supereffective|p2a: Sandaconda
|-damage|p2a: Sandaconda|75/100
|
|-heal|p2a: Sandaconda|81/100|[from] item: Leftovers
|upkeep
|turn|10
|
|switch|p1a: Seismitoad|Seismitoad, M|100/100
|move|p2a: Sandaconda|Stone Edge|p1a: Seismitoad
|-resisted|p1a: Seismitoad
|-damage|p1a: Seismitoad|77/100
|
|-heal|p1a: Seismitoad|83/100|[from] item: Leftovers
|-heal|p2a: Sandaconda|87/100|[from] item: Leftovers
|upkeep
|turn|11
|
|switch|p2a: Conkeldurr|Conkeldurr, M|100/100
|-damage|p2a: Conkeldurr|94/100|[from] Stealth Rock
|move|p1a: Seismitoad|Scald|p2a: Conkeldurr
|-damage|p2a: Conkeldurr|80/100
|
|-heal|p1a: Seismitoad|89/100|[from] item: Leftovers
|upkeep
|turn|12
|
|switch|p1a: Hydreigon|Hydreigon, M|100/100
|move|p2a: Conkeldurr|Knock Off|p1a: Hydreigon
|-resisted|p1a: Hydreigon
|-damage|p1a: Hydreigon|83/100
|-enditem|p1a: Hydreigon|Life Orb|[from] move: Knock Off|[of] p2a: Conkeldurr
|
|upkeep
|turn|13
|
|switch|p1a: Chandelure|Chandelure, F|100/100
|move|p2a: Conkeldurr|Drain Punch|p1a: Chandelure
|-immune|p1a: Chandelure
|
|upkeep
|turn|14
|
|move|p1a: Chandelure|Psychic|p2a: Conkeldurr
|-supereffective|p2a: Conkeldurr
|-damage|p2a: Conkeldurr|26/100
|move|p2a: Conkeldurr|Knock Off|p1a: Chandelure
|-supereffective|p1a: Chandelure
|-damage|p1a: Chandelure|0 fnt
|-enditem|p1a: Chandelure|Choice Specs|[from] move: Knock Off|[of] p2a: Conkeldurr
|faint|p1a: Chandelure
|
|upkeep
|
|switch|p1a: Corviknight|Corviknight, F|98/100
|-ability|p1a: Corviknight|Pressure
|turn|15
|
|move|p1a: Corviknight|Iron Head|p2a: Conkeldurr
|-damage|p2a: Conkeldurr|3/100
|cant|p2a: Conkeldurr|flinch
|
|-heal|p1a: Corviknight|100/100|[from] item: Leftovers
|upkeep
|turn|16
|
|move|p2a: Conkeldurr|Mach Punch|p1a: Corviknight
|-damage|p1a: Corviknight|83/100
|move|p1a: Corviknight|Iron Head|p2a: Conkeldurr
|-damage|p2a: Conkeldurr|0 fnt
|faint|p2a: Conkeldurr
|
|-heal|p1a: Corviknight|89/100|[from] item: Leftovers
|upkeep
|
|switch|p2a: Corviknight|Corviknight, F|100/100
|-damage|p2a: Corviknight|88/100|[from] Stealth Rock
|-ability|p2a: Corviknight|Pressure
|turn|17
|
|switch|p1a: Hydreigon|Hydreigon, M|83/100
|move|p2a: Corviknight|Substitute|p2a: Corviknight
|-start|p2a: Corviknight|Substitute
|-damage|p2a: Corviknight|63/100
|
|-heal|p2a: Corviknight|69/100|[from] item: Leftovers
|upkeep
|turn|18
|
|move|p1a: Hydreigon|Nasty Plot|p1a: Hydreigon
|-boost|p1a: Hydreigon|spa|2
|move|p2a: Corviknight|Brave Bird|p1a: Hydreigon
|-damage|p1a: Hydreigon|44/100
|-damage|p2a: Corviknight|59/100|[from] Recoil
|
|-heal|p2a: Corviknight|65/100|[from] item: Leftovers
|upkeep
|turn|19
|
|move|p1a: Hydreigon|Dark Pulse|p2a: Corviknight
|-end|p2a: Corviknight|Substitute
|move|p2a: Corviknight|Brave Bird|p1a: Hydreigon
|-damage|p1a: Hydreigon|0 fnt
|-damage|p2a: Corviknight|53/100|[from] Recoil
|faint|p1a: Hydreigon
|
|-heal|p2a: Corviknight|60/100|[from] item: Leftovers
|upkeep
|
|switch|p1a: Keldeo|Keldeo-Resolute|3/100
|turn|20
|
|switch|p2a: Togekiss|Togekiss, F|79/100
|-damage|p2a: Togekiss|54/100|[from] Stealth Rock
|move|p1a: Keldeo|Hydro Pump|p2a: Togekiss
|-damage|p2a: Togekiss|0 fnt
|faint|p2a: Togekiss
|
|upkeep
|
|switch|p2a: Dragapult|Dragapult, F|100/100
|-damage|p2a: Dragapult|88/100|[from] Stealth Rock
|turn|21
|
|switch|p1a: Corviknight|Corviknight, F|89/100
|-ability|p1a: Corviknight|Pressure
|move|p2a: Dragapult|Shadow Ball|p1a: Corviknight
|-damage|p1a: Corviknight|49/100
|
|-heal|p1a: Corviknight|55/100|[from] item: Leftovers
|upkeep
|turn|22
|
|move|p2a: Dragapult|Shadow Ball|p1a: Corviknight
|-damage|p1a: Corviknight|16/100
|move|p1a: Corviknight|Roost|p1a: Corviknight
|-heal|p1a: Corviknight|66/100
|-singleturn|p1a: Corviknight|move: Roost
|
|-heal|p1a: Corviknight|73/100|[from] item: Leftovers
|upkeep
|turn|23
|
|switch|p2a: Sandaconda|Sandaconda, F|87/100
|-damage|p2a: Sandaconda|81/100|[from] Stealth Rock
|move|p1a: Corviknight|Roost|p1a: Corviknight
|-heal|p1a: Corviknight|100/100
|-singleturn|p1a: Corviknight|move: Roost
|
|-heal|p2a: Sandaconda|87/100|[from] item: Leftovers
|upkeep
|turn|24
|
|switch|p1a: Seismitoad|Seismitoad, M|89/100
|move|p2a: Sandaconda|Glare|p1a: Seismitoad
|-status|p1a: Seismitoad|par
|
|-heal|p2a: Sandaconda|93/100|[from] item: Leftovers
|-heal|p1a: Seismitoad|95/100 par|[from] item: Leftovers
|upkeep
|turn|25
|
|move|p2a: Sandaconda|Coil|p2a: Sandaconda
|-boost|p2a: Sandaconda|atk|1
|-boost|p2a: Sandaconda|def|1
|-boost|p2a: Sandaconda|accuracy|1
|move|p1a: Seismitoad|Scald|p2a: Sandaconda
|-supereffective|p2a: Sandaconda
|-damage|p2a: Sandaconda|32/100
|
|-heal|p2a: Sandaconda|38/100|[from] item: Leftovers
|-heal|p1a: Seismitoad|100/100 par|[from] item: Leftovers
|upkeep
|turn|26
|
|move|p2a: Sandaconda|Earthquake|p1a: Seismitoad
|-damage|p1a: Seismitoad|60/100 par
|move|p1a: Seismitoad|Scald|p2a: Sandaconda
|-supereffective|p2a: Sandaconda
|-damage|p2a: Sandaconda|0 fnt
|faint|p2a: Sandaconda
|
|-heal|p1a: Seismitoad|66/100 par|[from] item: Leftovers
|upkeep
|
|switch|p2a: Dragapult|Dragapult, F|88/100
|-damage|p2a: Dragapult|76/100|[from] Stealth Rock
|turn|27
|
|move|p1a: Seismitoad|Protect|p1a: Seismitoad
|-singleturn|p1a: Seismitoad|Protect
|move|p2a: Dragapult|Draco Meteor|p1a: Seismitoad
|-activate|p1a: Seismitoad|move: Protect
|
|-heal|p1a: Seismitoad|72/100 par|[from] item: Leftovers
|upkeep
|turn|28
|
|switch|p2a: Corviknight|Corviknight, F|60/100
|-damage|p2a: Corviknight|47/100|[from] Stealth Rock
|-ability|p2a: Corviknight|Pressure
|switch|p1a: Corviknight|Corviknight, F|100/100
|-ability|p1a: Corviknight|Pressure
|
|-heal|p2a: Corviknight|53/100|[from] item: Leftovers
|upkeep
|turn|29
|
|switch|p1a: Keldeo|Keldeo-Resolute|3/100
|move|p2a: Corviknight|Roost|p2a: Corviknight
|-heal|p2a: Corviknight|100/100
|-singleturn|p2a: Corviknight|move: Roost
|
|upkeep
|turn|30
|
|move|p1a: Keldeo|Hydro Pump|p2a: Corviknight
|-damage|p2a: Corviknight|43/100
|move|p2a: Corviknight|Brave Bird|p1a: Keldeo
|-supereffective|p1a: Keldeo
|-damage|p1a: Keldeo|0 fnt
|-damage|p2a: Corviknight|42/100|[from] Recoil
|faint|p1a: Keldeo
|
|-heal|p2a: Corviknight|48/100|[from] item: Leftovers
|upkeep
|
|switch|p1a: Mamoswine|Mamoswine, F|100/100 par
|turn|31
|
|move|p2a: Corviknight|Substitute|p2a: Corviknight
|-start|p2a: Corviknight|Substitute
|-damage|p2a: Corviknight|23/100
|move|p1a: Mamoswine|Earthquake|p2a: Corviknight
|-immune|p2a: Corviknight
|
|-heal|p2a: Corviknight|29/100|[from] item: Leftovers
|upkeep
|turn|32
|
|move|p2a: Corviknight|Bulk Up|p2a: Corviknight
|-boost|p2a: Corviknight|atk|1
|-boost|p2a: Corviknight|def|1
|cant|p1a: Mamoswine|par
|
|-heal|p2a: Corviknight|36/100|[from] item: Leftovers
|upkeep
|turn|33
|
|move|p2a: Corviknight|Bulk Up|p2a: Corviknight
|-boost|p2a: Corviknight|atk|1
|-boost|p2a: Corviknight|def|1
|move|p1a: Mamoswine|Icicle Crash|p2a: Corviknight
|-activate|p2a: Corviknight|move: Substitute|[damage]
|
|-heal|p2a: Corviknight|42/100|[from] item: Leftovers
|upkeep
|turn|34
|-message|Lunar Neo forfeited.
|
|win|Highimpactassault
|l|☆Lunar Neo
||Ladder (probably) updated, but score could not be retrieved (Response not received).
