|html|<div class="broadcast-blue"><strong>[Gen 8] OU is currently suspecting Melmetal! For information on how to participate check out the <a href="https://www.smogon.com/forums/threads/np-ss-ou-suspect-process-round-12-monster-mash.3709234/">suspect thread</a>.</strong></div>
|j|☆cartload
|j|☆comp233
|t:|1665972422
|gametype|singles
|player|p1|cartload|will-gen2|1590
|player|p2|comp233|rosa|1638
|teamsize|p1|6
|teamsize|p2|6
|gen|8
|tier|[Gen 8] OU
|rated|
|rule|Sleep Clause Mod: Limit one foe put to sleep
|rule|Species Clause: Limit one of each Pokémon
|rule|OHKO Clause: OHKO moves are banned
|rule|Evasion Items Clause: Evasion items are banned
|rule|Evasion Moves Clause: Evasion moves are banned
|rule|Endless Battle Clause: Forcing endless battles is banned
|rule|HP Percentage Mod: HP is shown in percentages
|rule|Dynamax Clause: You cannot dynamax
|clearpoke
|poke|p1|Mew|
|poke|p1|Celesteela|
|poke|p1|Exeggutor-Alola, F|
|poke|p1|Dragapult, F|
|poke|p1|Blaziken, F|
|poke|p1|Zeraora|
|poke|p2|Dragapult, M|
|poke|p2|Melmetal|
|poke|p2|Zapdos-Galar|
|poke|p2|Blaziken, M|
|poke|p2|Victini|
|poke|p2|Landorus-Therian, M|
|teampreview
|j| vercettitt
|inactive|Battle timer is ON: inactive players will automatically lose when time's up. (requested by comp233)
|j| jiaye
|inactive|cartload has 120 seconds left.
|
|t:|1665972479
|start
|switch|p1a: Leonard|Mew, shiny|100/100
|switch|p2a: Landorus|Landorus-Therian, M|100/100
|-ability|p2a: Landorus|Intimidate|boost
|-unboost|p1a: Leonard|atk|1
|turn|1
|
|t:|1665972483
|move|p1a: Leonard|Taunt|p2a: Landorus
|-start|p2a: Landorus|move: Taunt
|move|p2a: Landorus|Knock Off|p1a: Leonard
|-supereffective|p1a: Leonard
|-enditem|p1a: Leonard|Colbur Berry|[eat]
|-enditem|p1a: Leonard|Colbur Berry|[weaken]
|-damage|p1a: Leonard|67/100
|
|upkeep
|turn|2
|
|t:|1665972504
|move|p1a: Leonard|Stealth Rock|p2a: Landorus
|-sidestart|p2: comp233|move: Stealth Rock
|move|p2a: Landorus|Earthquake|p1a: Leonard
|-damage|p1a: Leonard|23/100
|
|upkeep
|turn|3
|inactive|cartload has 120 seconds left.
|inactive|cartload has 90 seconds left.
|l| vercettitt
|inactive|cartload has 60 seconds left.
|
|t:|1665972598
|move|p1a: Leonard|Spikes|p2a: Landorus
|-sidestart|p2: comp233|Spikes
|move|p2a: Landorus|Knock Off|p1a: Leonard
|-supereffective|p1a: Leonard
|-damage|p1a: Leonard|0 fnt
|faint|p1a: Leonard
|
|-end|p2a: Landorus|move: Taunt
|upkeep
|inactive|cartload has 60 seconds left.
|
|t:|1665972606
|switch|p1a: Dragapult|Dragapult, F|100/100
|turn|4
|inactive|comp233 has 120 seconds left.
|
|t:|1665972637
|move|p1a: Dragapult|Dragon Dance|p1a: Dragapult
|-boost|p1a: Dragapult|atk|1
|-boost|p1a: Dragapult|spe|1
|move|p2a: Landorus|Knock Off|p1a: Dragapult
|-supereffective|p1a: Dragapult
|-damage|p1a: Dragapult|4/100
|-enditem|p1a: Dragapult|Weakness Policy
|-boost|p1a: Dragapult|atk|2|[from] item: Weakness Policy
|-boost|p1a: Dragapult|spa|2|[from] item: Weakness Policy
|
|upkeep
|turn|5
|
|t:|1665972643
|move|p1a: Dragapult|Dragon Darts|p2a: Landorus
|-damage|p2a: Landorus|26/100
|-anim|p1a: Dragapult|Dragon Darts|p2a: Landorus
|-damage|p2a: Landorus|0 fnt
|faint|p2a: Landorus
|
|upkeep
|inactive|comp233 has 120 seconds left.
|
|t:|1665972662
|switch|p2a: Melmetal|Melmetal, shiny|100/100
|-damage|p2a: Melmetal|94/100|[from] Stealth Rock
|-damage|p2a: Melmetal|82/100|[from] Spikes
|turn|6
|inactive|cartload has 60 seconds left.
|inactive|cartload has 30 seconds left.
|
|t:|1665972729
|move|p1a: Dragapult|Phantom Force||[still]
|-prepare|p1a: Dragapult|Phantom Force
|move|p2a: Melmetal|Double Iron Bash|p1a: Dragapult|[miss]
|-miss|p2a: Melmetal|p1a: Dragapult
|
|upkeep
|turn|7
|inactive|comp233 has 120 seconds left.
|
|t:|1665972763
|move|p1a: Dragapult|Phantom Force|p2a: Melmetal|[from]lockedmove
|-damage|p2a: Melmetal|16/100
|move|p2a: Melmetal|Double Iron Bash|p1a: Dragapult
|-damage|p1a: Dragapult|0 fnt
|faint|p1a: Dragapult
|-hitcount|p1: Dragapult|1
|
|upkeep
|
|t:|1665972772
|switch|p1a: Blaziken|Blaziken, F|100/100
|-item|p1a: Blaziken|Air Balloon
|turn|8
|
|t:|1665972776
|move|p1a: Blaziken|Close Combat|p2a: Melmetal
|-supereffective|p2a: Melmetal
|-damage|p2a: Melmetal|0 fnt
|-unboost|p1a: Blaziken|def|1
|-unboost|p1a: Blaziken|spd|1
|faint|p2a: Melmetal
|
|-ability|p1a: Blaziken|Speed Boost|boost
|-boost|p1a: Blaziken|spe|1
|upkeep
|inactive|comp233 has 120 seconds left.
|
|t:|1665972786
|switch|p2a: Dragapult|Dragapult, M, shiny|100/100
|-damage|p2a: Dragapult|88/100|[from] Stealth Rock
|-damage|p2a: Dragapult|76/100|[from] Spikes
|turn|9
|
|t:|1665972802
|move|p2a: Dragapult|Draco Meteor|p1a: Blaziken
|-damage|p1a: Blaziken|0 fnt
|-unboost|p2a: Dragapult|spa|2
|-enditem|p1a: Blaziken|Air Balloon
|faint|p1a: Blaziken
|
|upkeep
|
|t:|1665972805
|switch|p1a: Gazebo|Celesteela|100/100
|turn|10
|
|t:|1665972831
|switch|p2a: Blaziken|Blaziken, M, shiny|100/100
|-damage|p2a: Blaziken|88/100|[from] Stealth Rock
|-damage|p2a: Blaziken|76/100|[from] Spikes
|move|p1a: Gazebo|Autotomize|p1a: Gazebo
|-boost|p1a: Gazebo|spe|2
|-start|p1a: Gazebo|Autotomize
|
|upkeep
|turn|11
|
|t:|1665972841
|move|p1a: Gazebo|Air Slash|p2a: Blaziken|[miss]
|-miss|p1a: Gazebo|p2a: Blaziken
|move|p2a: Blaziken|Close Combat|p1a: Gazebo
|-damage|p1a: Gazebo|24/100
|-unboost|p2a: Blaziken|def|1
|-unboost|p2a: Blaziken|spd|1
|-damage|p2a: Blaziken|66/100|[from] item: Life Orb
|
|-ability|p2a: Blaziken|Speed Boost|boost
|-boost|p2a: Blaziken|spe|1
|upkeep
|turn|12
|
|t:|1665972851
|move|p1a: Gazebo|Air Slash|p2a: Blaziken
|-supereffective|p2a: Blaziken
|-damage|p2a: Blaziken|0 fnt
|faint|p2a: Blaziken
|-ability|p1a: Gazebo|Beast Boost|boost
|-boost|p1a: Gazebo|spa|1
|
|upkeep
|
|t:|1665972853
|switch|p2a: Dragapult|Dragapult, M, shiny|76/100
|-damage|p2a: Dragapult|64/100|[from] Stealth Rock
|-damage|p2a: Dragapult|51/100|[from] Spikes
|turn|13
|
|t:|1665972863
|move|p2a: Dragapult|Shadow Ball|p1a: Gazebo
|-damage|p1a: Gazebo|0 fnt
|faint|p1a: Gazebo
|
|upkeep
|c|☆cartload|theres no shot ur fucking scarfed
|n|‽cartload|cartload
|c|&|/log cartload was locked from talking by Artemis (☆cartload: theres no shot ur fucking scarfed)
|c|&|/raw <small>This action was done automatically. Want to learn more about the AI? <a href="https://www.smogon.com/forums/threads/3570628/#post-9056769">Visit the information thread</a>.</small>
|inactive|cartload has 60 seconds left.
|j|@Eli
|n|☆cartload|cartload
|c|@Eli|/log cartload was unlocked by Eli.
|l|@Eli
|c|☆comp233|。
|inactive|cartload has 30 seconds left.
|c|☆comp233|what did you say?
|inactive|cartload has 20 seconds left.
|inactive|cartload has 15 seconds left.
|inactive|cartload has 10 seconds left.
|
|t:|1665972933
|switch|p1a: Cartload|Exeggutor-Alola, F|100/100
|turn|14
|inactive|cartload has 20 seconds left this turn.
|c|☆comp233|the system is wierd today...
|inactive|cartload has 15 seconds left.
|inactive|cartload has 10 seconds left.
|c|☆cartload|yeah I said that thers no way that ur scarfed
|
|t:|1665972946
|switch|p2a: Zapdos|Zapdos-Galar|100/100
|-damage|p2a: Zapdos|88/100|[from] Stealth Rock
|move|p1a: Cartload|Earthquake|p2a: Zapdos
|-immune|p2a: Zapdos
|
|upkeep
|turn|15
|inactive|cartload has 20 seconds left this turn.
|c|☆cartload|but I said the f bomb
|inactive|cartload has 15 seconds left.
|c|☆cartload|as Patrick says
|
|t:|1665972965
|move|p1a: Cartload|Endure|p1a: Cartload
|-singleturn|p1a: Cartload|move: Endure
|move|p2a: Zapdos|Brave Bird|p1a: Cartload
|-supereffective|p1a: Cartload
|-activate|p1a: Cartload|move: Endure
|-damage|p1a: Cartload|1/100
|-damage|p2a: Zapdos|50/100|[from] Recoil
|
|upkeep
|turn|16
|inactive|cartload has 25 seconds left this turn.
|c|☆cartload|"sentence enhancers"
|inactive|cartload has 20 seconds left.
|inactive|cartload has 15 seconds left.
|-enditem|p1a: Cartload|Custap Berry|[eat]
|-activate|p1a: Cartload|item: Custap Berry|[consumed]
|
|t:|1665972976
|move|p1a: Cartload|Draco Meteor|p2a: Zapdos
|-damage|p2a: Zapdos|0 fnt
|-unboost|p1a: Cartload|spa|2
|faint|p2a: Zapdos
|
|-item|p1a: Cartload|Custap Berry|[from] ability: Harvest
|upkeep
|inactive|cartload has 20 seconds left this turn.
|
|t:|1665972983
|switch|p2a: Victini|Victini|100/100
|turn|17
|inactive|cartload has 30 seconds left this turn.
|-enditem|p1a: Cartload|Custap Berry|[eat]
|-activate|p1a: Cartload|item: Custap Berry|[consumed]
|
|t:|1665972989
|move|p1a: Cartload|Earthquake|p2a: Victini
|-supereffective|p2a: Victini
|-damage|p2a: Victini|52/100
|move|p2a: Victini|Glaciate|p1a: Cartload
|-supereffective|p1a: Cartload
|-damage|p1a: Cartload|0 fnt
|faint|p1a: Cartload
|
|upkeep
|inactive|cartload has 30 seconds left this turn.
|
|t:|1665972994
|switch|p1a: Zeraora|Zeraora|100/100
|turn|18
|
|t:|1665973000
|move|p1a: Zeraora|Knock Off|p2a: Victini
|-supereffective|p2a: Victini
|-damage|p2a: Victini|0 fnt
|-enditem|p2a: Victini|Heavy-Duty Boots|[from] move: Knock Off|[of] p1a: Zeraora
|faint|p2a: Victini
|
|upkeep
|
|t:|1665973002
|switch|p2a: Dragapult|Dragapult, M, shiny|51/100
|-damage|p2a: Dragapult|39/100|[from] Stealth Rock
|-damage|p2a: Dragapult|27/100|[from] Spikes
|turn|19
|
|t:|1665973020
|move|p2a: Dragapult|Draco Meteor|p1a: Zeraora
|-damage|p1a: Zeraora|22/100
|-unboost|p2a: Dragapult|spa|2
|move|p1a: Zeraora|Knock Off|p2a: Dragapult
|-supereffective|p2a: Dragapult
|-damage|p2a: Dragapult|0 fnt
|-enditem|p2a: Dragapult|Choice Scarf|[from] move: Knock Off|[of] p1a: Zeraora
|faint|p2a: Dragapult
|
|win|cartload
|raw|cartload's rating: 1590 &rarr; <strong>1613</strong><br />(+23 for winning)
|raw|comp233's rating: 1638 &rarr; <strong>1615</strong><br />(-23 for losing)
|l|☆comp233
|c|☆cartload|gg
|l| jiaye
||Ladder isn't responding, score probably updated but might not have (Request timeout).
