|j|☆BlazeDrinksLava
|j|☆tesla roadster
|inactive|Battle timer is ON: inactive players will automatically lose when time's up.
|t:|1621608670
|gametype|singles
|player|p1|BlazeDrinksLava|lusamine-nihilego|
|player|p2|tesla roadster|169|
|teamsize|p1|6
|teamsize|p2|6
|gen|8
|tier|[Gen 8] OU
|rated|Tournament battle
|rule|Sleep Clause Mod: Limit one foe put to sleep
|rule|Species Clause: Limit one of each Pokémon
|rule|OHKO Clause: OHKO moves are banned
|rule|Evasion Moves Clause: Evasion moves are banned
|rule|Endless Battle Clause: Forcing endless battles is banned
|rule|HP Percentage Mod: HP is shown in percentages
|rule|Dynamax Clause: You cannot dynamax
|clearpoke
|poke|p1|Blissey, F|
|poke|p1|Urshifu-*, M|
|poke|p1|Volcarona, M|
|poke|p1|Landorus-Therian, M|
|poke|p1|Buzzwole|
|poke|p1|Mamoswine, F|
|poke|p2|Urshifu-*, F|
|poke|p2|Weavile, M|
|poke|p2|Landorus-Therian, M|
|poke|p2|Slowking, M|
|poke|p2|Tornadus-Therian, M|
|poke|p2|Clefable, F|
|teampreview
|inactive|BlazeDrinksLava also wants the timer to be on.
|inactive|tesla roadster has 120 seconds left.
|inactive|tesla roadster has 90 seconds left.
|c|☆tesla roadster|hf
|c|☆BlazeDrinksLava|u2
|inactive|tesla roadster has 60 seconds left.
|
|t:|1621608765
|start
|switch|p1a: Blissey|Blissey, F|100/100
|switch|p2a: Tornadus|Tornadus-Therian, M|100/100
|turn|1
|inactive|tesla roadster has 120 seconds left.
|
|t:|1621608779
|move|p2a: Tornadus|U-turn|p1a: Blissey
|-damage|p1a: Blissey|71/100
|j| Raelonus
|inactive|tesla roadster has 120 seconds left.
|
|t:|1621608790
|switch|p2a: Landorus|Landorus-Therian, M|100/100|[from]move: U-turn
|-ability|p2a: Landorus|Intimidate|boost
|-unboost|p1a: Blissey|atk|1
|move|p1a: Blissey|Ice Beam|p2a: Landorus
|-supereffective|p2a: Landorus
|-damage|p2a: Landorus|33/100
|
|-heal|p2a: Landorus|40/100|[from] item: Leftovers
|upkeep
|turn|2
|inactive|tesla roadster has 120 seconds left.
|
|t:|1621608799
|move|p1a: Blissey|Ice Beam|p2a: Landorus
|-supereffective|p2a: Landorus
|-damage|p2a: Landorus|0 fnt
|faint|p2a: Landorus
|
|upkeep
|c|☆BlazeDrinksLava|lmao
|inactive|tesla roadster has 120 seconds left.
|c|☆tesla roadster|tf
|
|t:|1621608810
|switch|p2a: Urshifu|Urshifu-Rapid-Strike, F|100/100
|turn|3
|c|☆BlazeDrinksLava|i have my ways
|
|t:|1621608817
|switch|p1a: Landorus|Landorus-Therian, M|100/100
|-ability|p1a: Landorus|Intimidate|boost
|-unboost|p2a: Urshifu|atk|1
|move|p2a: Urshifu|Surging Strikes|p1a: Landorus
|-supereffective|p1a: Landorus
|-crit|p1a: Landorus
|-damage|p1a: Landorus|31/100
|-supereffective|p1a: Landorus
|-crit|p1a: Landorus
|-damage|p1a: Landorus|0 fnt
|faint|p1a: Landorus
|-hitcount|p1: Landorus|2
|
|upkeep
|c|☆BlazeDrinksLava|awe
|
|t:|1621608825
|switch|p1a: Urshifu|Urshifu-Rapid-Strike, M|100/100
|turn|4
|c|☆tesla roadster|we call that disability where im from
|c|☆BlazeDrinksLava|ooh
|c|☆BlazeDrinksLava|salt
|c|☆tesla roadster|nah
|c|☆tesla roadster|just facts
|inactive|tesla roadster has 120 seconds left.
|
|t:|1621608847
|switch|p2a: Tornadus|Tornadus-Therian, M|100/100
|move|p1a: Urshifu|Thunder Punch|p2a: Tornadus
|-supereffective|p2a: Tornadus
|-crit|p2a: Tornadus
|-damage|p2a: Tornadus|0 fnt
|faint|p2a: Tornadus
|
|upkeep
|c|☆BlazeDrinksLava|whatever you say
|inactive|tesla roadster has 120 seconds left.
|
|t:|1621608854
|switch|p2a: Clefable|Clefable, F|100/100
|turn|5
|inactive|tesla roadster has 120 seconds left.
|
|t:|1621608864
|switch|p1a: Volcarona|Volcarona, M|100/100
|switch|p2a: Urshifu|Urshifu-Rapid-Strike, F|100/100
|
|upkeep
|turn|6
|
|t:|1621608871
|switch|p1a: Urshifu|Urshifu-Rapid-Strike, M|100/100
|switch|p2a: Slowking|Slowking, M|100/100
|
|upkeep
|turn|7
|
|t:|1621608880
|switch|p2a: Clefable|Clefable, F|100/100
|move|p1a: Urshifu|Thunder Punch|p2a: Clefable
|-damage|p2a: Clefable|66/100
|
|upkeep
|turn|8
|
|t:|1621608889
|move|p1a: Urshifu|Thunder Punch|p2a: Clefable
|-damage|p2a: Clefable|28/100
|move|p2a: Clefable|Thunder Wave|p1a: Urshifu
|-status|p1a: Urshifu|par
|
|upkeep
|turn|9
|
|t:|1621608897
|switch|p1a: Blissey|Blissey, F|71/100
|move|p2a: Clefable|Soft-Boiled|p2a: Clefable
|-heal|p2a: Clefable|78/100
|
|upkeep
|turn|10
|
|t:|1621608907
|move|p1a: Blissey|Healing Wish|p1a: Blissey
|faint|p1a: Blissey
|move|p2a: Clefable|Moonblast|p1: Blissey|[notarget]
|-fail|p2a: Clefable
|
|upkeep
|
|t:|1621608912
|switch|p1a: Urshifu|Urshifu-Rapid-Strike, M|100/100 par
|-heal|p1a: Urshifu|100/100|[from] move: Healing Wish
|turn|11
|
|t:|1621608919
|switch|p1a: Mamoswine|Mamoswine, F|100/100
|switch|p2a: Urshifu|Urshifu-Rapid-Strike, F|100/100
|
|upkeep
|turn|12
|
|t:|1621608940
|switch|p1a: Buzzwole|Buzzwole|100/100
|move|p2a: Urshifu|Surging Strikes|p1a: Buzzwole
|-crit|p1a: Buzzwole
|-damage|p1a: Buzzwole|85/100
|-crit|p1a: Buzzwole
|-damage|p1a: Buzzwole|70/100
|-crit|p1a: Buzzwole
|-damage|p1a: Buzzwole|56/100
|-hitcount|p1a: Buzzwole|3
|
|upkeep
|turn|13
|
|t:|1621608950
|switch|p2a: Slowking|Slowking, M|100/100
|move|p1a: Buzzwole|Lunge|p2a: Slowking
|-supereffective|p2a: Slowking
|-damage|p2a: Slowking|24/100
|-unboost|p2a: Slowking|atk|1
|
|upkeep
|turn|14
|
|t:|1621608957
|switch|p2a: Clefable|Clefable, F|78/100
|move|p1a: Buzzwole|Lunge|p2a: Clefable
|-resisted|p2a: Clefable
|-damage|p2a: Clefable|60/100
|-unboost|p2a: Clefable|atk|1
|
|upkeep
|turn|15
|
|t:|1621608972
|switch|p1a: Volcarona|Volcarona, M|100/100
|move|p2a: Clefable|Moonblast|p1a: Volcarona
|-resisted|p1a: Volcarona
|-damage|p1a: Volcarona|87/100
|
|upkeep
|turn|16
|
|t:|1621608985
|switch|p2a: Urshifu|Urshifu-Rapid-Strike, F|100/100
|move|p1a: Volcarona|Quiver Dance|p1a: Volcarona
|-boost|p1a: Volcarona|spa|1
|-boost|p1a: Volcarona|spd|1
|-boost|p1a: Volcarona|spe|1
|
|upkeep
|turn|17
|
|t:|1621608993
|switch|p1a: Urshifu|Urshifu-Rapid-Strike, M|100/100
|move|p2a: Urshifu|Aqua Jet|p1a: Urshifu
|-resisted|p1a: Urshifu
|-damage|p1a: Urshifu|84/100
|
|upkeep
|turn|18
|
|t:|1621608999
|switch|p2a: Weavile|Weavile, M|100/100
|-ability|p2a: Weavile|Pressure
|move|p1a: Urshifu|Thunder Punch|p2a: Weavile
|-damage|p2a: Weavile|32/100
|
|upkeep
|turn|19
|
|t:|1621609005
|move|p2a: Weavile|Knock Off|p1a: Urshifu
|-resisted|p1a: Urshifu
|-damage|p1a: Urshifu|60/100
|-enditem|p1a: Urshifu|Choice Band|[from] move: Knock Off|[of] p2a: Weavile
|move|p1a: Urshifu|Thunder Punch|p2a: Weavile
|-damage|p2a: Weavile|0 fnt
|faint|p2a: Weavile
|
|upkeep
|
|t:|1621609009
|switch|p2a: Clefable|Clefable, F|60/100
|turn|20
|
|t:|1621609014
|move|p1a: Urshifu|Surging Strikes|p2a: Clefable
|-crit|p2a: Clefable
|-damage|p2a: Clefable|41/100
|-crit|p2a: Clefable
|-damage|p2a: Clefable|23/100
|-crit|p2a: Clefable
|-damage|p2a: Clefable|4/100
|-hitcount|p2a: Clefable|3
|move|p2a: Clefable|Soft-Boiled|p2a: Clefable
|-heal|p2a: Clefable|54/100
|
|upkeep
|turn|21
|
|t:|1621609025
|switch|p1a: Volcarona|Volcarona, M|87/100
|move|p2a: Clefable|Thunder Wave|p1a: Volcarona
|-status|p1a: Volcarona|par
|
|upkeep
|turn|22
|
|t:|1621609030
|move|p1a: Volcarona|Quiver Dance|p1a: Volcarona
|-boost|p1a: Volcarona|spa|1
|-boost|p1a: Volcarona|spd|1
|-boost|p1a: Volcarona|spe|1
|move|p2a: Clefable|Soft-Boiled|p2a: Clefable
|-heal|p2a: Clefable|100/100
|
|upkeep
|turn|23
|
|t:|1621609033
|switch|p2a: Slowking|Slowking, M|57/100
|cant|p1a: Volcarona|par
|
|upkeep
|turn|24
|
|t:|1621609038
|switch|p2a: Urshifu|Urshifu-Rapid-Strike, F|100/100
|move|p1a: Volcarona|Bug Buzz|p2a: Urshifu
|-resisted|p2a: Urshifu
|-damage|p2a: Urshifu|54/100
|
|upkeep
|turn|25
|
|t:|1621609050
|move|p2a: Urshifu|Surging Strikes|p1a: Volcarona
|-supereffective|p1a: Volcarona
|-crit|p1a: Volcarona
|-damage|p1a: Volcarona|9/100 par
|-status|p2a: Urshifu|brn|[from] ability: Flame Body|[of] p1a: Volcarona
|-supereffective|p1a: Volcarona
|-crit|p1a: Volcarona
|-damage|p1a: Volcarona|0 fnt
|faint|p1a: Volcarona
|-hitcount|p1: Volcarona|2
|
|-damage|p2a: Urshifu|48/100 brn|[from] brn
|upkeep
|
|t:|1621609061
|switch|p1a: Urshifu|Urshifu-Rapid-Strike, M|60/100
|turn|26
|
|t:|1621609064
|switch|p2a: Clefable|Clefable, F|100/100
|move|p1a: Urshifu|Thunder Punch|p2a: Clefable
|-damage|p2a: Clefable|78/100
|
|upkeep
|turn|27
|
|t:|1621609076
|switch|p1a: Mamoswine|Mamoswine, F|100/100
|move|p2a: Clefable|Aromatherapy|p2a: Clefable
|-activate|p2a: Clefable|move: Aromatherapy
|-curestatus|p2: Urshifu|brn|[msg]
|
|upkeep
|turn|28
|inactive|tesla roadster has 120 seconds left.
|
|t:|1621609109
|switch|p2a: Slowking|Slowking, M|90/100
|move|p1a: Mamoswine|Earthquake|p2a: Slowking
|-damage|p2a: Slowking|32/100
|
|upkeep
|turn|29
|
|t:|1621609118
|switch|p1a: Urshifu|Urshifu-Rapid-Strike, M|60/100
|move|p2a: Slowking|Scald|p1a: Urshifu
|-resisted|p1a: Urshifu
|-damage|p1a: Urshifu|40/100
|
|upkeep
|turn|30
|inactive|tesla roadster has 120 seconds left.
|
|t:|1621609141
|move|p1a: Urshifu|Thunder Punch|p2a: Slowking
|-supereffective|p2a: Slowking
|-damage|p2a: Slowking|0 fnt
|faint|p2a: Slowking
|
|upkeep
|inactive|tesla roadster has 120 seconds left.
|
|t:|1621609148
|switch|p2a: Urshifu|Urshifu-Rapid-Strike, F|48/100
|turn|31
|inactive|tesla roadster has 120 seconds left.
|
|t:|1621609161
|move|p1a: Urshifu|Thunder Punch|p2a: Urshifu
|-supereffective|p2a: Urshifu
|-damage|p2a: Urshifu|0 fnt
|faint|p2a: Urshifu
|
|upkeep
|c|☆tesla roadster|ofc
|inactive|tesla roadster has 120 seconds left.
|c|☆tesla roadster|hax from the beginning til the end
|-message|tesla roadster forfeited.
|
|win|BlazeDrinksLava
|n|☆BlazeDrinksLava|blazedrinkslava
|n|☆tesla roadster|teslaroadster
|n| Raelonus|raelonus
|l|☆tesla roadster
|c|☆BlazeDrinksLava|not my fault you staying in
|c|☆BlazeDrinksLava|LMAO
