|j|☆Rishie
|j|☆gaijineagle
|t:|1597127682
|player|p1|Rishie|blue|1134
|player|p2|gaijineagle|170|1125
|teamsize|p1|6
|teamsize|p2|6
|gametype|singles
|gen|8
|tier|[Gen 8] OU
|rated|
|clearpoke
|poke|p1|Urshifu-*, M|
|poke|p1|Zeraora|
|poke|p1|Volcarona, F|
|poke|p1|Comfey, F|
|poke|p1|Dragapult, M|
|poke|p1|Corviknight, F|
|poke|p2|Dragapult, F|
|poke|p2|Hippowdon, F|
|poke|p2|Clefable, F|
|poke|p2|Ferrothorn, F|
|poke|p2|Excadrill, M|
|poke|p2|Urshifu-*, M|
|rule|Sleep Clause Mod: Limit one foe put to sleep
|rule|Species Clause: Limit one of each Pokémon
|rule|OHKO Clause: OHKO moves are banned
|rule|Evasion Moves Clause: Evasion moves are banned
|rule|Endless Battle Clause: Forcing endless battles is banned
|rule|HP Percentage Mod: HP is shown in percentages
|rule|Dynamax Clause: You cannot dynamax
|teampreview
|inactive|Battle timer is ON: inactive players will automatically lose when time's up. (requested by gaijineagle)
|inactive|gaijineagle has 120 seconds left.
|inactive|gaijineagle has 90 seconds left.
|inactive|gaijineagle has 60 seconds left.
|inactiveoff|Battle timer is now OFF.
|
|t:|1597127780
|start
|switch|p1a: Volcarona|Volcarona, F|100/100
|switch|p2a: Hippowdon|Hippowdon, F|100/100
|-weather|Sandstorm|[from] ability: Sand Stream|[of] p2a: Hippowdon
|turn|1
|inactive|Battle timer is ON: inactive players will automatically lose when time's up. (requested by Rishie)
|
|t:|1597127812
|move|p1a: Volcarona|Quiver Dance|p1a: Volcarona
|-boost|p1a: Volcarona|spa|1
|-boost|p1a: Volcarona|spd|1
|-boost|p1a: Volcarona|spe|1
|move|p2a: Hippowdon|Stealth Rock|p1a: Volcarona
|-sidestart|p1: Rishie|move: Stealth Rock
|
|-weather|Sandstorm|[upkeep]
|-damage|p1a: Volcarona|94/100|[from] Sandstorm
|upkeep
|turn|2
|
|t:|1597127824
|move|p1a: Volcarona|Giga Drain|p2a: Hippowdon
|-supereffective|p2a: Hippowdon
|-damage|p2a: Hippowdon|6/100
|-heal|p1a: Volcarona|100/100|[from] drain|[of] p2a: Hippowdon
|move|p2a: Hippowdon|Whirlwind|p1a: Volcarona
|drag|p1a: Dragapult|Dragapult, M|100/100
|-damage|p1a: Dragapult|88/100|[from] Stealth Rock
|
|-weather|Sandstorm|[upkeep]
|-damage|p1a: Dragapult|82/100|[from] Sandstorm
|upkeep
|turn|3
|inactive|gaijineagle has 120 seconds left.
|
|t:|1597127872
|switch|p2a: Ferrothorn|Ferrothorn, F|100/100
|move|p1a: Dragapult|Dragon Dance|p1a: Dragapult
|-boost|p1a: Dragapult|atk|1
|-boost|p1a: Dragapult|spe|1
|
|-weather|Sandstorm|[upkeep]
|-damage|p1a: Dragapult|76/100|[from] Sandstorm
|upkeep
|turn|4
|
|t:|1597127881
|move|p1a: Dragapult|Dragon Darts|p2a: Ferrothorn
|-resisted|p2a: Ferrothorn
|-damage|p2a: Ferrothorn|85/100
|-anim|p1a: Dragapult|Dragon Darts|p2a: Ferrothorn
|-resisted|p2a: Ferrothorn
|-damage|p2a: Ferrothorn|71/100
|move|p2a: Ferrothorn|Knock Off|p1a: Dragapult
|-supereffective|p1a: Dragapult
|-damage|p1a: Dragapult|18/100
|-enditem|p1a: Dragapult|Dragon Fang|[from] move: Knock Off|[of] p2a: Ferrothorn
|
|-weather|Sandstorm|[upkeep]
|-damage|p1a: Dragapult|12/100|[from] Sandstorm
|-heal|p2a: Ferrothorn|77/100|[from] item: Leftovers
|upkeep
|turn|5
|
|t:|1597127887
|move|p1a: Dragapult|Dragon Darts|p2a: Ferrothorn
|-resisted|p2a: Ferrothorn
|-damage|p2a: Ferrothorn|64/100
|-anim|p1a: Dragapult|Dragon Darts|p2a: Ferrothorn
|-resisted|p2a: Ferrothorn
|-damage|p2a: Ferrothorn|54/100
|move|p2a: Ferrothorn|Leech Seed|p1a: Dragapult
|-start|p1a: Dragapult|move: Leech Seed
|
|-weather|Sandstorm|[upkeep]
|-damage|p1a: Dragapult|6/100|[from] Sandstorm
|-heal|p2a: Ferrothorn|60/100|[from] item: Leftovers
|-damage|p1a: Dragapult|0 fnt|[from] Leech Seed|[of] p2a: Ferrothorn
|-heal|p2a: Ferrothorn|65/100|[silent]
|faint|p1a: Dragapult
|upkeep
|
|t:|1597127891
|switch|p1a: Volcarona|Volcarona, F|100/100
|-damage|p1a: Volcarona|51/100|[from] Stealth Rock
|turn|6
|inactive|gaijineagle has 120 seconds left.
|
|t:|1597127926
|move|p1a: Volcarona|Quiver Dance|p1a: Volcarona
|-boost|p1a: Volcarona|spa|1
|-boost|p1a: Volcarona|spd|1
|-boost|p1a: Volcarona|spe|1
|move|p2a: Ferrothorn|Knock Off|p1a: Volcarona
|-damage|p1a: Volcarona|16/100
|-damage|p2a: Ferrothorn|49/100|[from] item: Rocky Helmet|[of] p1a: Volcarona
|-status|p2a: Ferrothorn|brn|[from] ability: Flame Body|[of] p1a: Volcarona
|-enditem|p1a: Volcarona|Rocky Helmet|[from] move: Knock Off|[of] p2a: Ferrothorn
|
|-weather|Sandstorm|[upkeep]
|-damage|p1a: Volcarona|10/100|[from] Sandstorm
|-heal|p2a: Ferrothorn|55/100 brn|[from] item: Leftovers
|-damage|p2a: Ferrothorn|49/100 brn|[from] brn
|upkeep
|turn|7
|
|t:|1597127940
|move|p1a: Volcarona|Fiery Dance|p2a: Ferrothorn
|-supereffective|p2a: Ferrothorn
|-crit|p2a: Ferrothorn
|-damage|p2a: Ferrothorn|0 fnt
|-boost|p1a: Volcarona|spa|1
|faint|p2a: Ferrothorn
|
|-weather|Sandstorm|[upkeep]
|-damage|p1a: Volcarona|4/100|[from] Sandstorm
|upkeep
|inactive|gaijineagle has 90 seconds left.
|
|t:|1597127957
|switch|p2a: Dragapult|Dragapult, F|100/100
|turn|8
|
|t:|1597127966
|move|p1a: Volcarona|Giga Drain|p2a: Dragapult
|-resisted|p2a: Dragapult
|-damage|p2a: Dragapult|58/100
|-heal|p1a: Volcarona|26/100|[from] drain|[of] p2a: Dragapult
|move|p2a: Dragapult|Dragon Darts|p1a: Volcarona
|-damage|p1a: Volcarona|0 fnt
|-damage|p2a: Dragapult|48/100|[from] item: Life Orb
|faint|p1a: Volcarona
|
|-weather|none
|upkeep
|
|t:|1597127971
|switch|p1a: Comfey|Comfey, F|100/100
|-damage|p1a: Comfey|88/100|[from] Stealth Rock
|turn|9
|
|t:|1597127986
|switch|p2a: Hippowdon|Hippowdon, F|6/100
|-weather|Sandstorm|[from] ability: Sand Stream|[of] p2a: Hippowdon
|move|p1a: Comfey|Calm Mind|p1a: Comfey
|-boost|p1a: Comfey|spa|1
|-boost|p1a: Comfey|spd|1
|
|-weather|Sandstorm|[upkeep]
|-damage|p1a: Comfey|82/100|[from] Sandstorm
|upkeep
|turn|10
|
|t:|1597128000
|move|p1a: Comfey|Giga Drain|p2a: Hippowdon
|-supereffective|p2a: Hippowdon
|-damage|p2a: Hippowdon|0 fnt
|-heal|p1a: Comfey|86/100|[from] drain|[of] p2a: Hippowdon
|faint|p2a: Hippowdon
|
|-weather|Sandstorm|[upkeep]
|-damage|p1a: Comfey|80/100|[from] Sandstorm
|upkeep
|
|t:|1597128006
|switch|p2a: Excadrill|Excadrill, M|100/100
|turn|11
|
|t:|1597128012
|move|p1a: Comfey|Giga Drain|p2a: Excadrill
|-damage|p2a: Excadrill|55/100
|-heal|p1a: Comfey|100/100|[from] drain|[of] p2a: Excadrill
|move|p2a: Excadrill|Iron Head|p1a: Comfey
|-supereffective|p1a: Comfey
|-damage|p1a: Comfey|0 fnt
|-damage|p2a: Excadrill|45/100|[from] item: Life Orb
|faint|p1a: Comfey
|
|-weather|Sandstorm|[upkeep]
|upkeep
|
|t:|1597128020
|switch|p1a: Urshifu|Urshifu-Rapid-Strike, M|100/100
|-damage|p1a: Urshifu|94/100|[from] Stealth Rock
|turn|12
|inactive|gaijineagle has 120 seconds left.
|inactive|gaijineagle has 90 seconds left.
|
|t:|1597128063
|switch|p2a: Clefable|Clefable, F|100/100
|move|p1a: Urshifu|Surging Strikes|p2a: Clefable
|-crit|p2a: Clefable
|-damage|p2a: Clefable|78/100
|-crit|p2a: Clefable
|-damage|p2a: Clefable|55/100
|-crit|p2a: Clefable
|-damage|p2a: Clefable|30/100
|-hitcount|p2a: Clefable|3
|
|-weather|Sandstorm|[upkeep]
|-damage|p1a: Urshifu|88/100|[from] Sandstorm
|upkeep
|turn|13
|
|t:|1597128072
|move|p1a: Urshifu|Surging Strikes|p2a: Clefable
|-crit|p2a: Clefable
|-damage|p2a: Clefable|8/100
|-crit|p2a: Clefable
|-damage|p2a: Clefable|0 fnt
|-hitcount|p2a: Clefable|2
|faint|p2a: Clefable
|
|-weather|Sandstorm|[upkeep]
|-damage|p1a: Urshifu|82/100|[from] Sandstorm
|upkeep
|
|t:|1597128077
|switch|p2a: Urshifu|Urshifu, M|100/100
|turn|14
|inactive|gaijineagle has 90 seconds left.
|
|t:|1597128106
|switch|p1a: Corviknight|Corviknight, F|100/100
|-damage|p1a: Corviknight|88/100|[from] Stealth Rock
|move|p2a: Urshifu|Close Combat|p1a: Corviknight
|-damage|p1a: Corviknight|23/100
|-unboost|p2a: Urshifu|def|1
|-unboost|p2a: Urshifu|spd|1
|-damage|p2a: Urshifu|84/100|[from] item: Rocky Helmet|[of] p1a: Corviknight
|-damage|p2a: Urshifu|74/100|[from] item: Life Orb
|
|-weather|Sandstorm|[upkeep]
|-damage|p2a: Urshifu|68/100|[from] Sandstorm
|upkeep
|turn|15
|
|t:|1597128123
|move|p2a: Urshifu|Close Combat|p1a: Corviknight
|-damage|p1a: Corviknight|0 fnt
|-unboost|p2a: Urshifu|def|1
|-unboost|p2a: Urshifu|spd|1
|-damage|p2a: Urshifu|52/100|[from] item: Rocky Helmet|[of] p1a: Corviknight
|-damage|p2a: Urshifu|42/100|[from] item: Life Orb
|faint|p1a: Corviknight
|
|-weather|Sandstorm|[upkeep]
|-damage|p2a: Urshifu|35/100|[from] Sandstorm
|upkeep
|
|t:|1597128127
|switch|p1a: Urshifu|Urshifu-Rapid-Strike, M|82/100
|-damage|p1a: Urshifu|76/100|[from] Stealth Rock
|turn|16
|
|t:|1597128135
|move|p1a: Urshifu|Surging Strikes|p2a: Urshifu
|-crit|p2a: Urshifu
|-damage|p2a: Urshifu|0 fnt
|-hitcount|p2a: Urshifu|1
|faint|p2a: Urshifu
|
|-weather|none
|upkeep
|
|t:|1597128163
|switch|p2a: Dragapult|Dragapult, F|48/100
|turn|17
|
|t:|1597128170
|move|p2a: Dragapult|Thunderbolt|p1a: Urshifu
|-supereffective|p1a: Urshifu
|-damage|p1a: Urshifu|0 fnt
|-damage|p2a: Dragapult|38/100|[from] item: Life Orb
|faint|p1a: Urshifu
|
|upkeep
|
|t:|1597128173
|switch|p1a: Zeraora|Zeraora|100/100
|-damage|p1a: Zeraora|88/100|[from] Stealth Rock
|turn|18
|
|t:|1597128185
|move|p1a: Zeraora|Plasma Fists|p2a: Dragapult
|-resisted|p2a: Dragapult
|-damage|p2a: Dragapult|0 fnt
|-fieldactivate|move: Ion Deluge
|-damage|p1a: Zeraora|78/100|[from] item: Life Orb
|faint|p2a: Dragapult
|
|upkeep
|
|t:|1597128192
|switch|p2a: Excadrill|Excadrill, M|45/100
|turn|19
|
|t:|1597128206
|move|p1a: Zeraora|Drain Punch|p2a: Excadrill
|-supereffective|p2a: Excadrill
|-damage|p2a: Excadrill|0 fnt
|-heal|p1a: Zeraora|100/100|[from] drain|[of] p2a: Excadrill
|-damage|p1a: Zeraora|91/100|[from] item: Life Orb
|faint|p2a: Excadrill
|
|win|Rishie
|raw|Rishie's rating: 1157 &rarr; <strong>1180</strong><br />(+23 for winning)
|raw|gaijineagle's rating: 1126 &rarr; <strong>1103</strong><br />(-23 for losing)
|c|☆gaijineagle|gg
