|j|☆Neutralist
|j|☆damorush
|t:|1608644264
|player|p1|Neutralist|hilbert-dueldisk|1404
|player|p2|damorush|steven|1451
|teamsize|p1|6
|teamsize|p2|6
|gametype|singles
|gen|8
|tier|[Gen 8] OU
|rated|
|clearpoke
|poke|p1|Melmetal|
|poke|p1|Hydreigon, M|
|poke|p1|Regieleki|
|poke|p1|Buzzwole|
|poke|p1|Spectrier|
|poke|p1|Cinderace, M|
|poke|p2|Urshifu-*, F|
|poke|p2|Landorus-Therian, M|
|poke|p2|Cinderace, M|
|poke|p2|Hydreigon, F|
|poke|p2|Aegislash, F|
|poke|p2|Magearna|
|rule|Sleep Clause Mod: Limit one foe put to sleep
|rule|Species Clause: Limit one of each Pokémon
|rule|OHKO Clause: OHKO moves are banned
|rule|Evasion Moves Clause: Evasion moves are banned
|rule|Endless Battle Clause: Forcing endless battles is banned
|rule|HP Percentage Mod: HP is shown in percentages
|rule|Dynamax Clause: You cannot dynamax
|teampreview
|
|t:|1608644274
|start
|switch|p1a: dee|Melmetal|100/100
|switch|p2a: Urshifu|Urshifu-Rapid-Strike, F|100/100
|turn|1
|
|t:|1608644282
|switch|p1a: *vibing*|Spectrier|100/100
|move|p2a: Urshifu|U-turn|p1a: *vibing*
|-resisted|p1a: *vibing*
|-damage|p1a: *vibing*|71/100
|
|t:|1608644290
|switch|p2a: Hydreigon|Hydreigon, F|100/100|[from]move: U-turn
|
|upkeep
|turn|2
|
|t:|1608644302
|switch|p1a: dee|Melmetal|100/100
|move|p2a: Hydreigon|Draco Meteor|p1a: dee
|-resisted|p1a: dee
|-damage|p1a: dee|83/100
|-unboost|p2a: Hydreigon|spa|2
|
|upkeep
|turn|3
|c|☆Neutralist|ayy
|
|t:|1608644312
|switch|p2a: Landorus|Landorus-Therian, M|100/100
|-ability|p2a: Landorus|Intimidate|boost
|-unboost|p1a: dee|atk|1
|move|p1a: dee|Ice Punch|p2a: Landorus
|-supereffective|p2a: Landorus
|-damage|p2a: Landorus|24/100
|-damage|p1a: dee|66/100|[from] item: Rocky Helmet|[of] p2a: Landorus
|
|upkeep
|turn|4
|
|t:|1608644322
|move|p2a: Landorus|Knock Off|p1a: dee
|-damage|p1a: dee|48/100
|-enditem|p1a: dee|Assault Vest|[from] move: Knock Off|[of] p2a: Landorus
|move|p1a: dee|Ice Punch|p2a: Landorus
|-supereffective|p2a: Landorus
|-damage|p2a: Landorus|0 fnt
|-damage|p1a: dee|31/100|[from] item: Rocky Helmet|[of] p2a: Landorus
|faint|p2a: Landorus
|
|upkeep
|c|☆Neutralist|so it's a band urshifu
|
|t:|1608644331
|switch|p2a: Cinderace|Cinderace, M|100/100
|turn|5
|c|☆Neutralist|scarf hydreigon
|c|☆Neutralist|ok cool i respect that
|c|☆damorush|Yed
|
|t:|1608644348
|move|p2a: Cinderace|Pyro Ball|p1a: dee
|-supereffective|p1a: dee
|-damage|p1a: dee|0 fnt
|faint|p1a: dee
|
|upkeep
|c|☆Neutralist|rip Dee
|c|☆Neutralist|he did the work
|
|t:|1608644357
|switch|p1a: Kevin|Regieleki|100/100
|turn|6
|
|t:|1608644364
|switch|p2a: Magearna|Magearna|100/100
|move|p1a: Kevin|Thunderbolt|p2a: Magearna
|-damage|p2a: Magearna|34/100
|
|upkeep
|turn|7
|c|☆Neutralist|and hey lando-T is dead
|c|☆Neutralist|time to yeet
|
|t:|1608644372
|move|p1a: Kevin|Thunderbolt|p2a: Magearna
|-damage|p2a: Magearna|0 fnt
|faint|p2a: Magearna
|
|upkeep
|
|t:|1608644377
|switch|p2a: Hydreigon|Hydreigon, F|100/100
|turn|8
|
|t:|1608644383
|move|p1a: Kevin|Volt Switch|p2a: Hydreigon
|-resisted|p2a: Hydreigon
|-damage|p2a: Hydreigon|70/100
|
|t:|1608644387
|switch|p1a: Giga|Buzzwole|100/100|[from]move: Volt Switch
|move|p2a: Hydreigon|Dark Pulse|p1a: Giga
|-resisted|p1a: Giga
|-damage|p1a: Giga|73/100
|
|upkeep
|turn|9
|
|t:|1608644395
|switch|p2a: Cinderace|Cinderace, M|100/100
|move|p1a: Giga|Bulk Up|p1a: Giga
|-boost|p1a: Giga|atk|1
|-boost|p1a: Giga|def|1
|
|upkeep
|turn|10
|
|t:|1608644402
|move|p2a: Cinderace|Bulk Up|p2a: Cinderace
|-start|p2a: Cinderace|typechange|Fighting|[from] ability: Libero
|-boost|p2a: Cinderace|atk|1
|-boost|p2a: Cinderace|def|1
|move|p1a: Giga|Drain Punch|p2a: Cinderace
|-damage|p2a: Cinderace|39/100
|-heal|p1a: Giga|95/100|[from] drain|[of] p2a: Cinderace
|
|upkeep
|turn|11
|
|t:|1608644411
|move|p2a: Cinderace|Pyro Ball|p1a: Giga
|-start|p2a: Cinderace|typechange|Fire|[from] ability: Libero
|-supereffective|p1a: Giga
|-damage|p1a: Giga|20/100
|move|p1a: Giga|Drain Punch|p2a: Cinderace
|-damage|p2a: Cinderace|0 fnt
|-heal|p1a: Giga|34/100|[from] drain|[of] p2a: Cinderace
|faint|p2a: Cinderace
|-ability|p1a: Giga|Beast Boost|boost
|-boost|p1a: Giga|atk|1
|
|upkeep
|
|t:|1608644422
|switch|p2a: Urshifu|Urshifu-Rapid-Strike, F|100/100
|turn|12
|c|☆Neutralist|ah
|c|☆Neutralist|surging
|
|t:|1608644429
|move|p2a: Urshifu|Surging Strikes|p1a: Giga
|-crit|p1a: Giga
|-damage|p1a: Giga|17/100
|-damage|p2a: Urshifu|84/100|[from] item: Rocky Helmet|[of] p1a: Giga
|-crit|p1a: Giga
|-damage|p1a: Giga|0 fnt
|-damage|p2a: Urshifu|68/100|[from] item: Rocky Helmet|[of] p1a: Giga
|-hitcount|p1a: Giga|2
|faint|p1a: Giga
|
|upkeep
|
|t:|1608644436
|switch|p1a: Kevin|Regieleki|100/100
|turn|13
|
|t:|1608644440
|switch|p2a: Aegislash|Aegislash, F|100/100
|-item|p2a: Aegislash|Air Balloon
|move|p1a: Kevin|Volt Switch|p2a: Aegislash
|-damage|p2a: Aegislash|54/100
|-enditem|p2a: Aegislash|Air Balloon
|
|t:|1608644442
|switch|p1a: Ichi|Hydreigon, M|100/100|[from]move: Volt Switch
|
|upkeep
|turn|14
|
|t:|1608644452
|switch|p2a: Urshifu|Urshifu-Rapid-Strike, F|68/100
|move|p1a: Ichi|Dark Pulse|p2a: Urshifu
|-resisted|p2a: Urshifu
|-damage|p2a: Urshifu|18/100
|
|upkeep
|turn|15
|
|t:|1608644458
|move|p1a: Ichi|Dark Pulse|p2a: Urshifu
|-resisted|p2a: Urshifu
|-damage|p2a: Urshifu|0 fnt
|faint|p2a: Urshifu
|
|upkeep
|c|☆Neutralist|guess how it did that much damage
|c|☆damorush|gg
|c|☆Neutralist|lol
|c|☆Neutralist|gg
|
|t:|1608644466
|switch|p2a: Hydreigon|Hydreigon, F|70/100
|turn|16
|
|t:|1608644469
|switch|p1a: *vibing*|Spectrier|71/100
|move|p2a: Hydreigon|Draco Meteor|p1a: *vibing*
|-damage|p1a: *vibing*|0 fnt
|-unboost|p2a: Hydreigon|spa|2
|faint|p1a: *vibing*
|
|upkeep
|
|t:|1608644472
|switch|p1a: Kevin|Regieleki|100/100
|turn|17
|
|t:|1608644478
|move|p1a: Kevin|Thunderbolt|p2a: Hydreigon
|-resisted|p2a: Hydreigon
|-damage|p2a: Hydreigon|29/100
|move|p2a: Hydreigon|Draco Meteor|p1a: Kevin
|-damage|p1a: Kevin|37/100
|-unboost|p2a: Hydreigon|spa|2
|
|upkeep
|turn|18
|
|t:|1608644485
|move|p1a: Kevin|Thunderbolt|p2a: Hydreigon
|-resisted|p2a: Hydreigon
|-damage|p2a: Hydreigon|0 fnt
|faint|p2a: Hydreigon
|
|upkeep
|c|☆Neutralist|kevin schnasty
|c|☆Neutralist|btw it's magnet
|
|t:|1608644495
|switch|p2a: Aegislash|Aegislash, F|54/100
|turn|19
|
|t:|1608644501
|-formechange|p2a: Aegislash|Aegislash-Blade||[from] ability: Stance Change
|move|p2a: Aegislash|Shadow Sneak|p1a: Kevin
|-damage|p1a: Kevin|0 fnt
|faint|p1a: Kevin
|
|upkeep
|c|☆Neutralist|and it's specs hydreigon
|
|t:|1608644505
|switch|p1a: Ichi|Hydreigon, M|100/100
|turn|20
|
|t:|1608644509
|move|p1a: Ichi|Draco Meteor|p2a: Aegislash
|-resisted|p2a: Aegislash
|-damage|p2a: Aegislash|0 fnt
|-unboost|p1a: Ichi|spa|2
|faint|p2a: Aegislash
|
|win|Neutralist
|c|☆Neutralist|gg
|l|☆damorush
|raw|Neutralist's rating: 1404 &rarr; <strong>1427</strong><br />(+23 for winning)
|raw|damorush's rating: 1451 &rarr; <strong>1428</strong><br />(-23 for losing)
