|j|☆Delibird Heart
|j|☆WhereIsMyMime
|t:|1665583189
|gametype|singles
|player|p1|Delibird Heart|guitarist-gen4|1489
|player|p2|WhereIsMyMime|unknown|1538
|teamsize|p1|6
|teamsize|p2|6
|gen|8
|tier|[Gen 8] OU
|rated|
|rule|Sleep Clause Mod: Limit one foe put to sleep
|rule|Species Clause: Limit one of each Pokémon
|rule|OHKO Clause: OHKO moves are banned
|rule|Evasion Items Clause: Evasion items are banned
|rule|Evasion Moves Clause: Evasion moves are banned
|rule|Endless Battle Clause: Forcing endless battles is banned
|rule|HP Percentage Mod: HP is shown in percentages
|rule|Dynamax Clause: You cannot dynamax
|clearpoke
|poke|p1|Ninetales-Alola, F|
|poke|p1|Arctozolt|
|poke|p1|Blissey, F|
|poke|p1|Zapdos|
|poke|p1|Garchomp, M|
|poke|p1|Ferrothorn, M|
|poke|p2|Rillaboom, M|
|poke|p2|Heatran, M|
|poke|p2|Landorus-Therian, M|
|poke|p2|Slowbro, M|
|poke|p2|Buzzwole|
|poke|p2|Mew|
|teampreview
|inactive|Battle timer is ON: inactive players will automatically lose when time's up. (requested by Delibird Heart)
|
|t:|1665583206
|start
|switch|p1a: Ninetales|Ninetales-Alola, F|100/100
|switch|p2a: Heatran|Heatran, M|100/100
|-weather|Hail|[from] ability: Snow Warning|[of] p1a: Ninetales
|turn|1
|
|t:|1665583212
|switch|p1a: Garchomp|Garchomp, M|100/100
|move|p2a: Heatran|Magma Storm|p1a: Garchomp
|-resisted|p1a: Garchomp
|-damage|p1a: Garchomp|80/100
|-activate|p1a: Garchomp|move: Magma Storm|[of] p2a: Heatran
|
|-weather|Hail|[upkeep]
|-damage|p1a: Garchomp|74/100|[from] Hail
|-damage|p2a: Heatran|94/100|[from] Hail
|-heal|p2a: Heatran|100/100|[from] item: Leftovers
|-damage|p1a: Garchomp|62/100|[from] move: Magma Storm|[partiallytrapped]
|upkeep
|turn|2
|
|t:|1665583233
|switch|p2a: Buzzwole|Buzzwole|100/100
|move|p1a: Garchomp|Stealth Rock|p2a: Buzzwole
|-sidestart|p2: WhereIsMyMime|move: Stealth Rock
|
|-weather|Hail|[upkeep]
|-damage|p1a: Garchomp|56/100|[from] Hail
|-damage|p2a: Buzzwole|94/100|[from] Hail
|-end|p1a: Garchomp|Magma Storm|[partiallytrapped]|[silent]
|upkeep
|turn|3
|
|t:|1665583259
|switch|p2a: Landorus|Landorus-Therian, M|100/100
|-damage|p2a: Landorus|88/100|[from] Stealth Rock
|-ability|p2a: Landorus|Intimidate|boost
|-unboost|p1a: Garchomp|atk|1
|move|p1a: Garchomp|Toxic|p2a: Landorus
|-status|p2a: Landorus|tox
|
|-weather|Hail|[upkeep]
|-damage|p1a: Garchomp|50/100|[from] Hail
|-damage|p2a: Landorus|82/100 tox|[from] Hail
|-heal|p2a: Landorus|88/100 tox|[from] item: Leftovers
|-damage|p2a: Landorus|82/100 tox|[from] psn
|upkeep
|turn|4
|inactive|Delibird Heart has 120 seconds left.
|
|t:|1665583300
|switch|p1a: Ferrothorn|Ferrothorn, M|100/100
|move|p2a: Landorus|Defog|p1a: Ferrothorn
|-unboost|p1a: Ferrothorn|evasion|1
|-sideend|p2: WhereIsMyMime|Stealth Rock|[from] move: Defog|[of] p2a: Landorus
|
|-weather|Hail|[upkeep]
|-damage|p2a: Landorus|76/100 tox|[from] Hail
|-damage|p1a: Ferrothorn|95/100|[from] Hail
|-heal|p2a: Landorus|82/100 tox|[from] item: Leftovers
|-heal|p1a: Ferrothorn|100/100|[from] item: Leftovers
|-damage|p2a: Landorus|70/100 tox|[from] psn
|upkeep
|turn|5
|
|t:|1665583316
|move|p2a: Landorus|Knock Off|p1a: Ferrothorn
|-damage|p1a: Ferrothorn|85/100
|-damage|p2a: Landorus|58/100 tox|[from] ability: Iron Barbs|[of] p1a: Ferrothorn
|-enditem|p1a: Ferrothorn|Leftovers|[from] move: Knock Off|[of] p2a: Landorus
|move|p1a: Ferrothorn|Knock Off|p2a: Landorus
|-damage|p2a: Landorus|38/100 tox
|-enditem|p2a: Landorus|Leftovers|[from] move: Knock Off|[of] p1a: Ferrothorn
|
|-weather|Hail|[upkeep]
|-damage|p2a: Landorus|32/100 tox|[from] Hail
|-damage|p1a: Ferrothorn|79/100|[from] Hail
|-damage|p2a: Landorus|14/100 tox|[from] psn
|upkeep
|turn|6
|
|t:|1665583328
|switch|p2a: Heatran|Heatran, M|100/100
|move|p1a: Ferrothorn|Spikes|p2a: Heatran
|-sidestart|p2: WhereIsMyMime|Spikes
|
|-weather|Hail|[upkeep]
|-damage|p2a: Heatran|94/100|[from] Hail
|-damage|p1a: Ferrothorn|73/100|[from] Hail
|-heal|p2a: Heatran|100/100|[from] item: Leftovers
|upkeep
|turn|7
|
|t:|1665583332
|switch|p1a: Garchomp|Garchomp, M|50/100
|move|p2a: Heatran|Magma Storm|p1a: Garchomp
|-resisted|p1a: Garchomp
|-damage|p1a: Garchomp|29/100
|-activate|p1a: Garchomp|move: Magma Storm|[of] p2a: Heatran
|
|-weather|Hail|[upkeep]
|-damage|p1a: Garchomp|23/100|[from] Hail
|-damage|p2a: Heatran|94/100|[from] Hail
|-heal|p2a: Heatran|100/100|[from] item: Leftovers
|-damage|p1a: Garchomp|10/100|[from] move: Magma Storm|[partiallytrapped]
|upkeep
|turn|8
|
|t:|1665583350
|switch|p2a: Landorus|Landorus-Therian, M|14/100 tox
|-ability|p2a: Landorus|Intimidate|boost
|-unboost|p1a: Garchomp|atk|1
|move|p1a: Garchomp|Earthquake|p2a: Landorus
|-immune|p2a: Landorus
|
|-weather|none
|-damage|p2a: Landorus|8/100 tox|[from] psn
|-end|p1a: Garchomp|Magma Storm|[partiallytrapped]|[silent]
|upkeep
|turn|9
|
|t:|1665583356
|move|p1a: Garchomp|Stealth Rock|p2a: Landorus
|-sidestart|p2: WhereIsMyMime|move: Stealth Rock
|move|p2a: Landorus|Defog|p1a: Garchomp
|-unboost|p1a: Garchomp|evasion|1
|-sideend|p2: WhereIsMyMime|Spikes|[from] move: Defog|[of] p2a: Landorus
|-sideend|p2: WhereIsMyMime|Stealth Rock|[from] move: Defog|[of] p2a: Landorus
|
|-damage|p2a: Landorus|0 fnt|[from] psn
|faint|p2a: Landorus
|upkeep
|
|t:|1665583372
|switch|p2a: Rillaboom|Rillaboom, M|100/100
|-fieldstart|move: Grassy Terrain|[from] ability: Grassy Surge|[of] p2a: Rillaboom
|turn|10
|
|t:|1665583381
|switch|p1a: Zapdos|Zapdos|100/100
|move|p2a: Rillaboom|Wood Hammer|p1a: Zapdos
|-resisted|p1a: Zapdos
|-damage|p1a: Zapdos|56/100
|-damage|p2a: Rillaboom|84/100|[from] Recoil
|
|-heal|p2a: Rillaboom|90/100|[from] Grassy Terrain
|upkeep
|turn|11
|
|t:|1665583389
|switch|p2a: Heatran|Heatran, M|100/100
|move|p1a: Zapdos|Volt Switch|p2a: Heatran
|-damage|p2a: Heatran|81/100
|
|t:|1665583393
|switch|p1a: Garchomp|Garchomp, M|10/100|[from]move: Volt Switch
|
|-heal|p1a: Garchomp|16/100|[from] Grassy Terrain
|-heal|p2a: Heatran|88/100|[from] Grassy Terrain
|-heal|p2a: Heatran|94/100|[from] item: Leftovers
|upkeep
|turn|12
|
|t:|1665583398
|move|p1a: Garchomp|Stealth Rock|p2a: Heatran
|-sidestart|p2: WhereIsMyMime|move: Stealth Rock
|move|p2a: Heatran|Earth Power|p1a: Garchomp
|-damage|p1a: Garchomp|0 fnt
|faint|p1a: Garchomp
|
|-heal|p2a: Heatran|99/100|[from] Grassy Terrain
|-heal|p2a: Heatran|100/100|[from] item: Leftovers
|upkeep
|
|t:|1665583404
|switch|p1a: Blissey|Blissey, F|100/100
|turn|13
|
|t:|1665583410
|move|p2a: Heatran|Magma Storm|p1a: Blissey|[miss]
|-miss|p2a: Heatran|p1a: Blissey
|move|p1a: Blissey|Seismic Toss|p2a: Heatran
|-damage|p2a: Heatran|74/100
|
|-heal|p2a: Heatran|81/100|[from] Grassy Terrain
|-heal|p2a: Heatran|87/100|[from] item: Leftovers
|upkeep
|turn|14
|
|t:|1665583421
|move|p2a: Heatran|Stealth Rock|p1a: Blissey
|-sidestart|p1: Delibird Heart|move: Stealth Rock
|move|p1a: Blissey|Seismic Toss|p2a: Heatran
|-damage|p2a: Heatran|61/100
|
|-heal|p2a: Heatran|67/100|[from] Grassy Terrain
|-heal|p2a: Heatran|73/100|[from] item: Leftovers
|-fieldend|move: Grassy Terrain
|upkeep
|turn|15
|
|t:|1665583424
|move|p2a: Heatran|Magma Storm|p1a: Blissey|[miss]
|-miss|p2a: Heatran|p1a: Blissey
|move|p1a: Blissey|Seismic Toss|p2a: Heatran
|-damage|p2a: Heatran|47/100
|
|-heal|p2a: Heatran|54/100|[from] item: Leftovers
|upkeep
|turn|16
|
|t:|1665583427
|move|p2a: Heatran|Magma Storm|p1a: Blissey
|-crit|p1a: Blissey
|-damage|p1a: Blissey|76/100
|-activate|p1a: Blissey|move: Magma Storm|[of] p2a: Heatran
|move|p1a: Blissey|Seismic Toss|p2a: Heatran
|-damage|p2a: Heatran|28/100
|
|-heal|p2a: Heatran|34/100|[from] item: Leftovers
|-damage|p1a: Blissey|63/100|[from] move: Magma Storm|[partiallytrapped]
|upkeep
|turn|17
|
|t:|1665583435
|switch|p2a: Slowbro|Slowbro, M|100/100
|-damage|p2a: Slowbro|88/100|[from] Stealth Rock
|move|p1a: Blissey|Seismic Toss|p2a: Slowbro
|-damage|p2a: Slowbro|63/100
|
|-end|p1a: Blissey|Magma Storm|[partiallytrapped]|[silent]
|upkeep
|turn|18
|inactive|Delibird Heart has 120 seconds left.
|
|t:|1665583478
|move|p2a: Slowbro|Future Sight|p1a: Blissey
|-start|p2a: Slowbro|move: Future Sight
|move|p1a: Blissey|Teleport|p1a: Blissey
|
|t:|1665583480
|switch|p1a: Zapdos|Zapdos|56/100|[from]move: Teleport
|
|upkeep
|turn|19
|
|t:|1665583485
|switch|p2a: Heatran|Heatran, M|34/100
|-damage|p2a: Heatran|21/100|[from] Stealth Rock
|move|p1a: Zapdos|Defog|p2a: Heatran
|-unboost|p2a: Heatran|evasion|1
|-sideend|p2: WhereIsMyMime|Stealth Rock|[from] move: Defog|[of] p1a: Zapdos
|-sideend|p1: Delibird Heart|Stealth Rock|[from] move: Defog|[of] p1a: Zapdos
|
|-heal|p2a: Heatran|28/100|[from] item: Leftovers
|upkeep
|turn|20
|
|t:|1665583488
|move|p1a: Zapdos|Volt Switch|p2a: Heatran
|-damage|p2a: Heatran|10/100
|
|t:|1665583490
|switch|p1a: Blissey|Blissey, F|63/100|[from]move: Volt Switch
|move|p2a: Heatran|Stealth Rock|p1a: Blissey
|-sidestart|p1: Delibird Heart|move: Stealth Rock
|
|-end|p1a: Blissey|move: Future Sight
|-damage|p1a: Blissey|48/100
|-heal|p2a: Heatran|16/100|[from] item: Leftovers
|upkeep
|turn|21
|
|t:|1665583509
|switch|p2a: Slowbro|Slowbro, M|96/100
|move|p1a: Blissey|Seismic Toss|p2a: Slowbro
|-damage|p2a: Slowbro|71/100
|
|upkeep
|turn|22
|
|t:|1665583515
|move|p1a: Blissey|Soft-Boiled|p1a: Blissey
|-heal|p1a: Blissey|98/100
|move|p2a: Slowbro|Body Press|p1a: Blissey
|-supereffective|p1a: Blissey
|-crit|p1a: Blissey
|-damage|p1a: Blissey|32/100
|
|upkeep
|turn|23
|
|t:|1665583519
|move|p1a: Blissey|Soft-Boiled|p1a: Blissey
|-heal|p1a: Blissey|82/100
|move|p2a: Slowbro|Teleport|p2a: Slowbro
|
|t:|1665583529
|switch|p2a: Buzzwole|Buzzwole|94/100|[from]move: Teleport
|
|upkeep
|turn|24
|
|t:|1665583542
|switch|p1a: Zapdos|Zapdos|56/100
|move|p2a: Buzzwole|Ice Punch|p1a: Zapdos
|-supereffective|p1a: Zapdos
|-damage|p1a: Zapdos|19/100
|
|upkeep
|turn|25
|
|t:|1665583553
|move|p2a: Buzzwole|Ice Punch|p1a: Zapdos
|-supereffective|p1a: Zapdos
|-damage|p1a: Zapdos|0 fnt
|faint|p1a: Zapdos
|-ability|p2a: Buzzwole|Beast Boost|boost
|-boost|p2a: Buzzwole|atk|1
|
|upkeep
|
|t:|1665583558
|switch|p1a: Ninetales|Ninetales-Alola, F|100/100
|-damage|p1a: Ninetales|76/100|[from] Stealth Rock
|-weather|Hail|[from] ability: Snow Warning|[of] p1a: Ninetales
|turn|26
|
|t:|1665583566
|switch|p2a: Mew|Mew|100/100
|move|p1a: Ninetales|Moonblast|p2a: Mew
|-damage|p2a: Mew|64/100
|
|-weather|Hail|[upkeep]
|-damage|p2a: Mew|57/100|[from] Hail
|upkeep
|turn|27
|
|t:|1665583570
|move|p1a: Ninetales|Blizzard|p2a: Mew
|-damage|p2a: Mew|15/100
|move|p2a: Mew|Roost|p2a: Mew
|-heal|p2a: Mew|65/100
|-singleturn|p2a: Mew|move: Roost
|
|-weather|Hail|[upkeep]
|-damage|p2a: Mew|59/100|[from] Hail
|upkeep
|turn|28
|
|t:|1665583576
|move|p1a: Ninetales|Encore|p2a: Mew
|-start|p2a: Mew|Encore
|move|p2a: Mew|Roost|p2a: Mew
|-heal|p2a: Mew|100/100
|-singleturn|p2a: Mew|move: Roost
|
|-weather|Hail|[upkeep]
|-damage|p2a: Mew|94/100|[from] Hail
|upkeep
|turn|29
|
|t:|1665583583
|switch|p2a: Heatran|Heatran, M|16/100
|move|p1a: Ninetales|Nasty Plot|p1a: Ninetales
|-boost|p1a: Ninetales|spa|2
|
|-weather|Hail|[upkeep]
|-damage|p2a: Heatran|10/100|[from] Hail
|-heal|p2a: Heatran|16/100|[from] item: Leftovers
|upkeep
|turn|30
|
|t:|1665583587
|move|p1a: Ninetales|Blizzard|p2a: Heatran
|-resisted|p2a: Heatran
|-damage|p2a: Heatran|2/100
|move|p2a: Heatran|Magma Storm|p1a: Ninetales|[miss]
|-miss|p2a: Heatran|p1a: Ninetales
|
|-weather|Hail|[upkeep]
|-damage|p2a: Heatran|0 fnt|[from] Hail
|faint|p2a: Heatran
|upkeep
|
|t:|1665583594
|switch|p2a: Rillaboom|Rillaboom, M|90/100
|-fieldstart|move: Grassy Terrain|[from] ability: Grassy Surge|[of] p2a: Rillaboom
|turn|31
|
|t:|1665583601
|move|p2a: Rillaboom|Grassy Glide|p1a: Ninetales
|-damage|p1a: Ninetales|0 fnt
|faint|p1a: Ninetales
|
|-weather|Hail|[upkeep]
|-damage|p2a: Rillaboom|84/100|[from] Hail
|-heal|p2a: Rillaboom|90/100|[from] Grassy Terrain
|upkeep
|
|t:|1665583614
|switch|p1a: Ferrothorn|Ferrothorn, M|73/100
|-damage|p1a: Ferrothorn|67/100|[from] Stealth Rock
|turn|32
|
|t:|1665583631
|switch|p2a: Buzzwole|Buzzwole|94/100
|move|p1a: Ferrothorn|Spikes|p2a: Buzzwole
|-sidestart|p2: WhereIsMyMime|Spikes
|
|-weather|Hail|[upkeep]
|-damage|p2a: Buzzwole|88/100|[from] Hail
|-damage|p1a: Ferrothorn|61/100|[from] Hail
|-heal|p2a: Buzzwole|94/100|[from] Grassy Terrain
|-heal|p1a: Ferrothorn|67/100|[from] Grassy Terrain
|upkeep
|turn|33
|
|t:|1665583636
|move|p2a: Buzzwole|Close Combat|p1a: Ferrothorn
|-supereffective|p1a: Ferrothorn
|-damage|p1a: Ferrothorn|0 fnt
|-unboost|p2a: Buzzwole|def|1
|-unboost|p2a: Buzzwole|spd|1
|-damage|p2a: Buzzwole|82/100|[from] ability: Iron Barbs|[of] p1a: Ferrothorn
|faint|p1a: Ferrothorn
|-ability|p2a: Buzzwole|Beast Boost|boost
|-boost|p2a: Buzzwole|atk|1
|
|-weather|none
|-heal|p2a: Buzzwole|88/100|[from] Grassy Terrain
|upkeep
|
|t:|1665583638
|switch|p1a: Arctozolt|Arctozolt|100/100
|-damage|p1a: Arctozolt|76/100|[from] Stealth Rock
|turn|34
|
|t:|1665583646
|move|p2a: Buzzwole|Close Combat|p1a: Arctozolt
|-supereffective|p1a: Arctozolt
|-damage|p1a: Arctozolt|0 fnt
|-unboost|p2a: Buzzwole|def|1
|-unboost|p2a: Buzzwole|spd|1
|faint|p1a: Arctozolt
|-ability|p2a: Buzzwole|Beast Boost|boost
|-boost|p2a: Buzzwole|atk|1
|
|-heal|p2a: Buzzwole|94/100|[from] Grassy Terrain
|upkeep
|-message|Delibird Heart forfeited.
|
|win|WhereIsMyMime
|raw|Delibird Heart's rating: 1510 &rarr; <strong>1492</strong><br />(-18 for losing)
|raw|WhereIsMyMime's rating: 1538 &rarr; <strong>1556</strong><br />(+18 for winning)
|l|☆Delibird Heart
||Ladder isn't responding, score probably updated but might not have (Request timeout).
