|raw|<div class="broadcast-blue"><strong>This battle is required to be public due to a player having a name starting with 'lt93oq'.</div>
|j|‽BLOODCLAT
|j|☆LT93OQ Bush
|t:|1660938095
|gametype|singles
|player|p1|BLOODCLAT|hoopster|1830
|player|p2|LT93OQ Bush|170|1988
|teamsize|p1|6
|teamsize|p2|6
|gen|8
|tier|[Gen 8] OU
|rated|
|rule|Sleep Clause Mod: Limit one foe put to sleep
|rule|Species Clause: Limit one of each Pokémon
|rule|OHKO Clause: OHKO moves are banned
|rule|Evasion Items Clause: Evasion items are banned
|rule|Evasion Moves Clause: Evasion moves are banned
|rule|Endless Battle Clause: Forcing endless battles is banned
|rule|HP Percentage Mod: HP is shown in percentages
|rule|Dynamax Clause: You cannot dynamax
|clearpoke
|poke|p1|Ninetales-Alola, F|
|poke|p1|Landorus-Therian, M|
|poke|p1|Corviknight, F|
|poke|p1|Volcanion|
|poke|p1|Tornadus-Therian, M|
|poke|p1|Arctozolt|
|poke|p2|Tapu Lele|
|poke|p2|Ferrothorn, M|
|poke|p2|Landorus-Therian, M|
|poke|p2|Polteageist|
|poke|p2|Moltres-Galar|
|poke|p2|Rotom-Wash|
|teampreview
|j| hjhjkki
|inactive|Battle timer is ON: inactive players will automatically lose when time's up. (requested by BLOODCLAT)
|j| LT93OQ SERPI
|j| LT93OQ Black Lotus
|
|t:|1660938151
|start
|switch|p1a: Ninetales|Ninetales-Alola, F|100/100
|switch|p2a: Temple|Ferrothorn, M, shiny|100/100
|-weather|Hail|[from] ability: Snow Warning|[of] p1a: Ninetales
|turn|1
|j| Mara Sattei
|j| Kate
|
|t:|1660938155
|switch|p1a: Volcanion|Volcanion|100/100
|move|p2a: Temple|Gyro Ball|p1a: Volcanion
|-resisted|p1a: Volcanion
|-damage|p1a: Volcanion|88/100
|
|-weather|Hail|[upkeep]
|-damage|p1a: Volcanion|82/100|[from] Hail
|-damage|p2a: Temple|95/100|[from] Hail
|upkeep
|turn|2
|
|t:|1660938161
|switch|p2a: Phantom|Rotom-Wash, shiny|100/100
|move|p1a: Volcanion|Steam Eruption|p2a: Phantom
|-resisted|p2a: Phantom
|-damage|p2a: Phantom|46/100
|
|-weather|Hail|[upkeep]
|-damage|p2a: Phantom|40/100|[from] Hail
|-damage|p1a: Volcanion|76/100|[from] Hail
|upkeep
|turn|3
|
|t:|1660938166
|switch|p1a: Landorus|Landorus-Therian, M|100/100
|-ability|p1a: Landorus|Intimidate|boost
|-unboost|p2a: Phantom|atk|1
|move|p2a: Phantom|Trick|p1a: Landorus
|-activate|p2a: Phantom|move: Trick|[of] p1a: Landorus
|-item|p1a: Landorus|Choice Scarf|[from] move: Trick
|-item|p2a: Phantom|Leftovers|[from] move: Trick
|
|-weather|Hail|[upkeep]
|-damage|p1a: Landorus|94/100|[from] Hail
|-damage|p2a: Phantom|33/100|[from] Hail
|-heal|p2a: Phantom|40/100|[from] item: Leftovers
|upkeep
|turn|4
|j| lt93oq wafflesurf
|
|t:|1660938170
|move|p1a: Landorus|U-turn|p2a: Phantom
|-damage|p2a: Phantom|10/100
|
|t:|1660938175
|switch|p1a: Tornadus|Tornadus-Therian, M|100/100|[from]move: U-turn
|move|p2a: Phantom|Pain Split|p1a: Tornadus
|-sethp|p1a: Tornadus|54/100|[from] move: Pain Split|[silent]
|-sethp|p2a: Phantom|79/100|[from] move: Pain Split
|
|-weather|Hail|[upkeep]
|-damage|p1a: Tornadus|48/100|[from] Hail
|-damage|p2a: Phantom|73/100|[from] Hail
|-heal|p2a: Phantom|79/100|[from] item: Leftovers
|upkeep
|turn|5
|j| LT93OQ im garbage
|
|t:|1660938183
|move|p1a: Tornadus|Knock Off|p2a: Phantom
|-damage|p2a: Phantom|51/100
|-enditem|p2a: Phantom|Leftovers|[from] move: Knock Off|[of] p1a: Tornadus
|move|p2a: Phantom|Volt Switch|p1a: Tornadus
|-supereffective|p1a: Tornadus
|-damage|p1a: Tornadus|7/100
|j| LT93OQ Nick
|
|t:|1660938194
|switch|p2a: Sagittarius|Moltres-Galar, shiny|100/100|[from]move: Volt Switch
|
|-weather|Hail|[upkeep]
|-damage|p1a: Tornadus|1/100|[from] Hail
|-damage|p2a: Sagittarius|94/100|[from] Hail
|upkeep
|turn|6
|
|t:|1660938203
|switch|p1a: Ninetales|Ninetales-Alola, F|100/100
|switch|p2a: Temple|Ferrothorn, M, shiny|95/100
|
|-weather|Hail|[upkeep]
|-damage|p2a: Temple|89/100|[from] Hail
|upkeep
|turn|7
|
|t:|1660938207
|switch|p1a: Volcanion|Volcanion|76/100
|move|p2a: Temple|Stealth Rock|p1a: Volcanion
|-sidestart|p1: BLOODCLAT|move: Stealth Rock
|
|-weather|Hail|[upkeep]
|-damage|p1a: Volcanion|70/100|[from] Hail
|-damage|p2a: Temple|83/100|[from] Hail
|upkeep
|turn|8
|
|t:|1660938213
|switch|p2a: Phantom|Rotom-Wash, shiny|51/100
|move|p1a: Volcanion|Steam Eruption|p2a: Phantom
|-resisted|p2a: Phantom
|-damage|p2a: Phantom|0 fnt
|faint|p2a: Phantom
|
|-weather|none
|upkeep
|
|t:|1660938229
|switch|p2a: Teapot|Polteageist, shiny|100/100
|turn|9
|
|t:|1660938232
|move|p1a: Volcanion|Steam Eruption|p2a: Teapot
|-enditem|p2a: Teapot|Focus Sash
|-damage|p2a: Teapot|1/100
|move|p2a: Teapot|Shell Smash|p2a: Teapot
|-unboost|p2a: Teapot|def|1
|-unboost|p2a: Teapot|spd|1
|-boost|p2a: Teapot|atk|2
|-boost|p2a: Teapot|spa|2
|-boost|p2a: Teapot|spe|2
|
|upkeep
|turn|10
|inactive|BLOODCLAT has 120 seconds left.
|
|t:|1660938289
|switch|p1a: Tornadus|Tornadus-Therian, M|34/100
|-damage|p1a: Tornadus|9/100|[from] Stealth Rock
|move|p2a: Teapot|Giga Drain|p1a: Tornadus
|-resisted|p1a: Tornadus
|-damage|p1a: Tornadus|0 fnt
|-heal|p2a: Teapot|7/100|[from] drain|[of] p1a: Tornadus
|faint|p1a: Tornadus
|
|upkeep
|
|t:|1660938295
|switch|p1a: Ninetales|Ninetales-Alola, F|100/100
|-damage|p1a: Ninetales|76/100|[from] Stealth Rock
|-weather|Hail|[from] ability: Snow Warning|[of] p1a: Ninetales
|turn|11
|inactive|LT93OQ Bush has 120 seconds left.
|
|t:|1660938336
|move|p2a: Teapot|Stored Power|p1a: Ninetales
|-damage|p1a: Ninetales|0 fnt
|faint|p1a: Ninetales
|
|-weather|Hail|[upkeep]
|-damage|p2a: Teapot|1/100|[from] Hail
|upkeep
|
|t:|1660938344
|switch|p1a: Arctozolt|Arctozolt|100/100
|-damage|p1a: Arctozolt|76/100|[from] Stealth Rock
|turn|12
|inactive|LT93OQ Bush has 120 seconds left.
|
|t:|1660938353
|move|p2a: Teapot|Shadow Ball|p1a: Arctozolt
|-damage|p1a: Arctozolt|0 fnt
|faint|p1a: Arctozolt
|
|-weather|Hail|[upkeep]
|-damage|p2a: Teapot|0 fnt|[from] Hail
|faint|p2a: Teapot
|upkeep
|
|t:|1660938360
|switch|p2a: Sagittarius|Moltres-Galar, shiny|94/100
|switch|p1a: Landorus|Landorus-Therian, M|94/100
|-damage|p1a: Landorus|82/100|[from] Stealth Rock
|-ability|p1a: Landorus|Intimidate|boost
|-unboost|p2a: Sagittarius|atk|1
|turn|13
|inactive|BLOODCLAT has 90 seconds left.
|
|t:|1660938408
|move|p1a: Landorus|U-turn|p2a: Sagittarius
|-damage|p2a: Sagittarius|67/100
|
|t:|1660938412
|switch|p1a: Corviknight|Corviknight, F|100/100|[from]move: U-turn
|-damage|p1a: Corviknight|88/100|[from] Stealth Rock
|-ability|p1a: Corviknight|Pressure
|move|p2a: Sagittarius|Fiery Wrath|p1a: Corviknight
|-damage|p1a: Corviknight|30/100
|
|-weather|Hail|[upkeep]
|-damage|p2a: Sagittarius|61/100|[from] Hail
|-damage|p1a: Corviknight|24/100|[from] Hail
|upkeep
|turn|14
|
|t:|1660938418
|move|p2a: Sagittarius|Fiery Wrath|p1a: Corviknight
|-damage|p1a: Corviknight|0 fnt
|faint|p1a: Corviknight
|
|-weather|Hail|[upkeep]
|-damage|p2a: Sagittarius|55/100|[from] Hail
|upkeep
|inactive|BLOODCLAT has 90 seconds left.
|
|t:|1660938424
|switch|p1a: Volcanion|Volcanion|70/100
|-damage|p1a: Volcanion|45/100|[from] Stealth Rock
|turn|15
|
|t:|1660938429
|move|p2a: Sagittarius|Fiery Wrath|p1a: Volcanion
|-damage|p1a: Volcanion|0 fnt
|faint|p1a: Volcanion
|
|-weather|Hail|[upkeep]
|-damage|p2a: Sagittarius|49/100|[from] Hail
|upkeep
|-message|BLOODCLAT forfeited.
|
|win|LT93OQ Bush
|raw|BLOODCLAT's rating: 1830 &rarr; <strong>1819</strong><br />(-11 for losing)
|raw|LT93OQ Bush's rating: 1988 &rarr; <strong>1999</strong><br />(+11 for winning)
|l|‽BLOODCLAT
|l|☆LT93OQ Bush
|l| LT93OQ Black Lotus
