|j|☆minimax_ai
|j|☆Run For Me Plz
|t:|1663930245
|gametype|singles
|player|p1|minimax_ai|lusamine-nihilego|1544
|player|p2|Run For Me Plz|blue-gen2|1600
|teamsize|p1|6
|teamsize|p2|6
|gen|8
|tier|[Gen 8] OU
|rated|
|rule|Sleep Clause Mod: Limit one foe put to sleep
|rule|Species Clause: Limit one of each Pokémon
|rule|OHKO Clause: OHKO moves are banned
|rule|Evasion Items Clause: Evasion items are banned
|rule|Evasion Moves Clause: Evasion moves are banned
|rule|Endless Battle Clause: Forcing endless battles is banned
|rule|HP Percentage Mod: HP is shown in percentages
|rule|Dynamax Clause: You cannot dynamax
|clearpoke
|poke|p1|Rotom-Wash|
|poke|p1|Weavile, F|
|poke|p1|Landorus-Therian, M|
|poke|p1|Heatran, M|
|poke|p1|Tangrowth, F|
|poke|p1|Melmetal|
|poke|p2|Kommo-o, F|
|poke|p2|Magnezone|
|poke|p2|Corviknight, M|
|poke|p2|Kartana|
|poke|p2|Hippowdon, M|
|poke|p2|Slowbro, F|
|teampreview
|c|☆minimax_ai|hf
|inactive|Battle timer is ON: inactive players will automatically lose when time's up. (requested by minimax_ai)
|
|t:|1663930269
|start
|switch|p1a: landorustherian|Landorus-Therian, M|100/100
|switch|p2a: Kommo-o|Kommo-o, F, shiny|100/100
|-ability|p1a: landorustherian|Intimidate|boost
|-unboost|p2a: Kommo-o|atk|1
|turn|1
|
|t:|1663930271
|move|p1a: landorustherian|Earthquake|p2a: Kommo-o
|-damage|p2a: Kommo-o|71/100
|move|p2a: Kommo-o|Toxic|p1a: landorustherian|[miss]
|-miss|p2a: Kommo-o|p1a: landorustherian
|
|-heal|p2a: Kommo-o|77/100|[from] item: Leftovers
|upkeep
|turn|2
|
|t:|1663930275
|move|p1a: landorustherian|Earthquake|p2a: Kommo-o
|-damage|p2a: Kommo-o|46/100
|move|p2a: Kommo-o|Toxic|p1a: landorustherian
|-status|p1a: landorustherian|tox
|
|-heal|p2a: Kommo-o|52/100|[from] item: Leftovers
|-damage|p1a: landorustherian|94/100 tox|[from] psn
|upkeep
|turn|3
|
|t:|1663930279
|move|p2a: Kommo-o|Protect|p2a: Kommo-o
|-singleturn|p2a: Kommo-o|Protect
|move|p1a: landorustherian|Toxic|p2a: Kommo-o
|-activate|p2a: Kommo-o|move: Protect
|
|-heal|p1a: landorustherian|100/100 tox|[from] item: Leftovers
|-heal|p2a: Kommo-o|59/100|[from] item: Leftovers
|-damage|p1a: landorustherian|88/100 tox|[from] psn
|upkeep
|turn|4
|
|t:|1663930281
|switch|p1a: Heatran|Heatran, M|100/100
|-item|p1a: Heatran|Air Balloon
|switch|p2a: Corviknight|Corviknight, M, shiny|100/100
|-ability|p2a: Corviknight|Pressure
|
|upkeep
|turn|5
|
|t:|1663930284
|move|p1a: Heatran|Eruption|p2a: Corviknight
|-supereffective|p2a: Corviknight
|-damage|p2a: Corviknight|2/100
|move|p2a: Corviknight|U-turn|p1a: Heatran
|-resisted|p1a: Heatran
|-damage|p1a: Heatran|97/100
|-enditem|p1a: Heatran|Air Balloon
|
|t:|1663930290
|switch|p2a: Hippowdon|Hippowdon, M|100/100|[from]move: U-turn
|-weather|Sandstorm|[from] ability: Sand Stream|[of] p2a: Hippowdon
|
|-weather|Sandstorm|[upkeep]
|upkeep
|turn|6
|
|t:|1663930291
|switch|p1a: landorustherian|Landorus-Therian, M|88/100 tox
|-ability|p1a: landorustherian|Intimidate|boost
|-unboost|p2a: Hippowdon|atk|1
|move|p2a: Hippowdon|Stealth Rock|p1a: landorustherian
|-sidestart|p1: minimax_ai|move: Stealth Rock
|
|-weather|Sandstorm|[upkeep]
|-heal|p1a: landorustherian|94/100 tox|[from] item: Leftovers
|-damage|p1a: landorustherian|88/100 tox|[from] psn
|upkeep
|turn|7
|
|t:|1663930294
|switch|p2a: Slowbro|Slowbro, F|100/100
|move|p1a: landorustherian|Defog|p2a: Slowbro
|-unboost|p2a: Slowbro|evasion|1
|-sideend|p1: minimax_ai|Stealth Rock|[from] move: Defog|[of] p1a: landorustherian
|
|-weather|Sandstorm|[upkeep]
|-damage|p2a: Slowbro|94/100|[from] Sandstorm
|-heal|p1a: landorustherian|94/100 tox|[from] item: Leftovers
|-damage|p1a: landorustherian|82/100 tox|[from] psn
|upkeep
|turn|8
|
|t:|1663930301
|move|p1a: landorustherian|U-turn|p2a: Slowbro
|-supereffective|p2a: Slowbro
|-damage|p2a: Slowbro|67/100
|
|t:|1663930303
|switch|p1a: rotomwash|Rotom-Wash|100/100|[from]move: U-turn
|move|p2a: Slowbro|Ice Beam|p1a: rotomwash
|-resisted|p1a: rotomwash
|-damage|p1a: rotomwash|90/100
|
|-weather|Sandstorm|[upkeep]
|-damage|p1a: rotomwash|83/100|[from] Sandstorm
|-damage|p2a: Slowbro|61/100|[from] Sandstorm
|-heal|p1a: rotomwash|90/100|[from] item: Leftovers
|upkeep
|turn|9
|
|t:|1663930308
|switch|p2a: Kommo-o|Kommo-o, F, shiny|59/100
|move|p1a: rotomwash|Thunderbolt|p2a: Kommo-o
|-resisted|p2a: Kommo-o
|-damage|p2a: Kommo-o|43/100
|
|-weather|none
|-heal|p1a: rotomwash|96/100|[from] item: Leftovers
|-heal|p2a: Kommo-o|50/100|[from] item: Leftovers
|upkeep
|turn|10
|
|t:|1663930312
|move|p1a: rotomwash|Thunderbolt|p2a: Kommo-o
|-resisted|p2a: Kommo-o
|-damage|p2a: Kommo-o|32/100
|move|p2a: Kommo-o|Toxic|p1a: rotomwash
|-status|p1a: rotomwash|tox
|
|-heal|p1a: rotomwash|100/100 tox|[from] item: Leftovers
|-heal|p2a: Kommo-o|38/100|[from] item: Leftovers
|-damage|p1a: rotomwash|94/100 tox|[from] psn
|upkeep
|turn|11
|
|t:|1663930317
|switch|p1a: Melmetal|Melmetal|100/100
|move|p2a: Kommo-o|Protect||[still]
|-fail|p2a: Kommo-o
|
|-heal|p2a: Kommo-o|45/100|[from] item: Leftovers
|upkeep
|turn|12
|
|t:|1663930321
|move|p2a: Kommo-o|Protect|p2a: Kommo-o
|-singleturn|p2a: Kommo-o|Protect
|move|p1a: Melmetal|Double Iron Bash|p2a: Kommo-o
|-activate|p2a: Kommo-o|move: Protect
|
|-heal|p2a: Kommo-o|51/100|[from] item: Leftovers
|upkeep
|turn|13
|
|t:|1663930325
|switch|p2a: Corviknight|Corviknight, M, shiny|2/100
|-ability|p2a: Corviknight|Pressure
|move|p1a: Melmetal|Double Iron Bash|p2a: Corviknight
|-resisted|p2a: Corviknight
|-damage|p2a: Corviknight|0 fnt
|faint|p2a: Corviknight
|-hitcount|p2: Corviknight|1
|
|upkeep
|
|t:|1663930328
|switch|p2a: Magnezone|Magnezone, shiny|100/100
|turn|14
|
|t:|1663930333
|move|p2a: Magnezone|Flash Cannon|p1a: Melmetal
|-resisted|p1a: Melmetal
|-damage|p1a: Melmetal|84/100
|move|p1a: Melmetal|Earthquake|p2a: Magnezone
|-supereffective|p2a: Magnezone
|-damage|p2a: Magnezone|0 fnt
|faint|p2a: Magnezone
|
|upkeep
|
|t:|1663930337
|switch|p2a: Hippowdon|Hippowdon, M|100/100
|-weather|Sandstorm|[from] ability: Sand Stream|[of] p2a: Hippowdon
|turn|15
|
|t:|1663930339
|move|p2a: Hippowdon|Stealth Rock|p1a: Melmetal
|-sidestart|p1: minimax_ai|move: Stealth Rock
|move|p1a: Melmetal|Double Iron Bash|p2a: Hippowdon
|-damage|p2a: Hippowdon|72/100
|-damage|p2a: Hippowdon|43/100
|-hitcount|p2a: Hippowdon|2
|
|-weather|Sandstorm|[upkeep]
|-heal|p2a: Hippowdon|49/100|[from] item: Leftovers
|upkeep
|turn|16
|
|t:|1663930341
|move|p2a: Hippowdon|Slack Off|p2a: Hippowdon
|-heal|p2a: Hippowdon|99/100
|move|p1a: Melmetal|Double Iron Bash|p2a: Hippowdon
|-damage|p2a: Hippowdon|72/100
|-damage|p2a: Hippowdon|41/100
|-hitcount|p2a: Hippowdon|2
|
|-weather|Sandstorm|[upkeep]
|-heal|p2a: Hippowdon|47/100|[from] item: Leftovers
|upkeep
|turn|17
|
|t:|1663930344
|move|p2a: Hippowdon|Slack Off|p2a: Hippowdon
|-heal|p2a: Hippowdon|97/100
|move|p1a: Melmetal|Ice Punch|p2a: Hippowdon
|-supereffective|p2a: Hippowdon
|-damage|p2a: Hippowdon|47/100
|
|-weather|Sandstorm|[upkeep]
|-heal|p2a: Hippowdon|53/100|[from] item: Leftovers
|upkeep
|turn|18
|
|t:|1663930345
|move|p2a: Hippowdon|Slack Off|p2a: Hippowdon
|-heal|p2a: Hippowdon|100/100
|move|p1a: Melmetal|Double Iron Bash|p2a: Hippowdon
|-damage|p2a: Hippowdon|70/100
|-damage|p2a: Hippowdon|44/100
|-hitcount|p2a: Hippowdon|2
|
|-weather|Sandstorm|[upkeep]
|-heal|p2a: Hippowdon|50/100|[from] item: Leftovers
|upkeep
|turn|19
|
|t:|1663930348
|move|p2a: Hippowdon|Slack Off|p2a: Hippowdon
|-heal|p2a: Hippowdon|99/100
|move|p1a: Melmetal|Double Iron Bash|p2a: Hippowdon
|-damage|p2a: Hippowdon|71/100
|-damage|p2a: Hippowdon|43/100
|-hitcount|p2a: Hippowdon|2
|
|-weather|none
|-heal|p2a: Hippowdon|49/100|[from] item: Leftovers
|upkeep
|turn|20
|
|t:|1663930352
|move|p2a: Hippowdon|Slack Off|p2a: Hippowdon
|-heal|p2a: Hippowdon|99/100
|move|p1a: Melmetal|Double Iron Bash|p2a: Hippowdon
|-damage|p2a: Hippowdon|73/100
|-damage|p2a: Hippowdon|44/100
|-hitcount|p2a: Hippowdon|2
|
|-heal|p2a: Hippowdon|50/100|[from] item: Leftovers
|upkeep
|turn|21
|
|t:|1663930355
|switch|p2a: Slowbro|Slowbro, F|94/100
|move|p1a: Melmetal|Ice Punch|p2a: Slowbro
|-resisted|p2a: Slowbro
|-damage|p2a: Slowbro|84/100
|-status|p2a: Slowbro|frz
|
|upkeep
|turn|22
|
|t:|1663930358
|move|p1a: Melmetal|Earthquake|p2a: Slowbro
|-damage|p2a: Slowbro|61/100 frz
|cant|p2a: Slowbro|frz
|
|upkeep
|turn|23
|
|t:|1663930360
|move|p1a: Melmetal|Ice Punch|p2a: Slowbro
|-resisted|p2a: Slowbro
|-damage|p2a: Slowbro|52/100 frz
|cant|p2a: Slowbro|frz
|
|upkeep
|turn|24
|
|t:|1663930361
|move|p1a: Melmetal|Ice Punch|p2a: Slowbro
|-resisted|p2a: Slowbro
|-damage|p2a: Slowbro|42/100 frz
|cant|p2a: Slowbro|frz
|
|upkeep
|turn|25
|
|t:|1663930363
|move|p1a: Melmetal|Ice Punch|p2a: Slowbro
|-resisted|p2a: Slowbro
|-damage|p2a: Slowbro|31/100 frz
|cant|p2a: Slowbro|frz
|
|upkeep
|turn|26
|
|t:|1663930364
|move|p1a: Melmetal|Ice Punch|p2a: Slowbro
|-resisted|p2a: Slowbro
|-damage|p2a: Slowbro|21/100 frz
|-curestatus|p2a: Slowbro|frz|[msg]
|move|p2a: Slowbro|Slack Off|p2a: Slowbro
|-heal|p2a: Slowbro|71/100
|
|upkeep
|turn|27
|
|t:|1663930367
|move|p1a: Melmetal|Ice Punch|p2a: Slowbro
|-resisted|p2a: Slowbro
|-damage|p2a: Slowbro|62/100
|-status|p2a: Slowbro|frz
|cant|p2a: Slowbro|frz
|
|upkeep
|turn|28
|c|☆Run For Me Plz|R u serious rn
|
|t:|1663930378
|move|p1a: Melmetal|Ice Punch|p2a: Slowbro
|-resisted|p2a: Slowbro
|-damage|p2a: Slowbro|53/100 frz
|cant|p2a: Slowbro|frz
|
|upkeep
|turn|29
|
|t:|1663930379
|move|p1a: Melmetal|Ice Punch|p2a: Slowbro
|-resisted|p2a: Slowbro
|-damage|p2a: Slowbro|43/100 frz
|cant|p2a: Slowbro|frz
|
|upkeep
|turn|30
|
|t:|1663930380
|move|p1a: Melmetal|Ice Punch|p2a: Slowbro
|-resisted|p2a: Slowbro
|-damage|p2a: Slowbro|33/100 frz
|cant|p2a: Slowbro|frz
|
|upkeep
|turn|31
|
|t:|1663930381
|move|p1a: Melmetal|Ice Punch|p2a: Slowbro
|-resisted|p2a: Slowbro
|-damage|p2a: Slowbro|23/100 frz
|cant|p2a: Slowbro|frz
|
|upkeep
|turn|32
|
|t:|1663930382
|move|p1a: Melmetal|Ice Punch|p2a: Slowbro
|-resisted|p2a: Slowbro
|-damage|p2a: Slowbro|13/100 frz
|cant|p2a: Slowbro|frz
|
|upkeep
|turn|33
|
|t:|1663930383
|move|p1a: Melmetal|Ice Punch|p2a: Slowbro
|-resisted|p2a: Slowbro
|-damage|p2a: Slowbro|4/100 frz
|cant|p2a: Slowbro|frz
|
|upkeep
|turn|34
|
|t:|1663930388
|switch|p2a: Hippowdon|Hippowdon, M|50/100
|-weather|Sandstorm|[from] ability: Sand Stream|[of] p2a: Hippowdon
|move|p1a: Melmetal|Ice Punch|p2a: Hippowdon
|-supereffective|p2a: Hippowdon
|-damage|p2a: Hippowdon|5/100
|
|-weather|Sandstorm|[upkeep]
|-heal|p2a: Hippowdon|11/100|[from] item: Leftovers
|upkeep
|turn|35
|
|t:|1663930392
|move|p2a: Hippowdon|Earthquake|p1a: Melmetal
|-supereffective|p1a: Melmetal
|-damage|p1a: Melmetal|41/100
|move|p1a: Melmetal|Ice Punch|p2a: Hippowdon
|-supereffective|p2a: Hippowdon
|-damage|p2a: Hippowdon|0 fnt
|faint|p2a: Hippowdon
|
|-weather|Sandstorm|[upkeep]
|upkeep
|
|t:|1663930395
|switch|p2a: Kartana|Kartana, shiny|100/100
|turn|36
|
|t:|1663930397
|switch|p1a: Tangrowth|Tangrowth, F|100/100
|-damage|p1a: Tangrowth|88/100|[from] Stealth Rock
|move|p2a: Kartana|Sacred Sword|p1a: Tangrowth
|-damage|p1a: Tangrowth|66/100
|-damage|p2a: Kartana|84/100|[from] item: Rocky Helmet|[of] p1a: Tangrowth
|
|-weather|Sandstorm|[upkeep]
|-damage|p1a: Tangrowth|60/100|[from] Sandstorm
|upkeep
|turn|37
|
|t:|1663930403
|switch|p2a: Kommo-o|Kommo-o, F, shiny|51/100
|switch|p1a: landorustherian|Landorus-Therian, M|82/100 tox
|-damage|p1a: landorustherian|70/100 tox|[from] Stealth Rock
|-ability|p1a: landorustherian|Intimidate|boost
|-unboost|p2a: Kommo-o|atk|1
|
|-weather|Sandstorm|[upkeep]
|-damage|p2a: Kommo-o|45/100|[from] Sandstorm
|-heal|p1a: landorustherian|76/100 tox|[from] item: Leftovers
|-heal|p2a: Kommo-o|51/100|[from] item: Leftovers
|-damage|p1a: landorustherian|70/100 tox|[from] psn
|upkeep
|turn|38
|
|t:|1663930408
|move|p1a: landorustherian|Defog|p2a: Kommo-o
|-unboost|p2a: Kommo-o|evasion|1
|-sideend|p1: minimax_ai|Stealth Rock|[from] move: Defog|[of] p1a: landorustherian
|move|p2a: Kommo-o|Body Press|p1a: landorustherian
|-resisted|p1a: landorustherian
|-damage|p1a: landorustherian|47/100 tox
|
|-weather|none
|-heal|p1a: landorustherian|54/100 tox|[from] item: Leftovers
|-heal|p2a: Kommo-o|57/100|[from] item: Leftovers
|-damage|p1a: landorustherian|41/100 tox|[from] psn
|upkeep
|turn|39
|
|t:|1663930410
|move|p2a: Kommo-o|Protect|p2a: Kommo-o
|-singleturn|p2a: Kommo-o|Protect
|move|p1a: landorustherian|Earthquake|p2a: Kommo-o
|-activate|p2a: Kommo-o|move: Protect
|
|-heal|p1a: landorustherian|47/100 tox|[from] item: Leftovers
|-heal|p2a: Kommo-o|63/100|[from] item: Leftovers
|-damage|p1a: landorustherian|29/100 tox|[from] psn
|upkeep
|turn|40
|
|t:|1663930412
|switch|p2a: Kartana|Kartana, shiny|84/100
|move|p1a: landorustherian|Earthquake|p2a: Kartana
|-damage|p2a: Kartana|38/100
|
|-heal|p1a: landorustherian|35/100 tox|[from] item: Leftovers
|-damage|p1a: landorustherian|11/100 tox|[from] psn
|upkeep
|turn|41
|
|t:|1663930413
|switch|p1a: Tangrowth|Tangrowth, F|93/100
|move|p2a: Kartana|Knock Off|p1a: Tangrowth
|-damage|p1a: Tangrowth|70/100
|-damage|p2a: Kartana|22/100|[from] item: Rocky Helmet|[of] p1a: Tangrowth
|-enditem|p1a: Tangrowth|Rocky Helmet|[from] move: Knock Off|[of] p2a: Kartana
|
|upkeep
|turn|42
|
|t:|1663930415
|switch|p2a: Kommo-o|Kommo-o, F, shiny|63/100
|switch|p1a: Weavile|Weavile, F|100/100
|-ability|p1a: Weavile|Pressure
|
|-heal|p2a: Kommo-o|69/100|[from] item: Leftovers
|upkeep
|turn|43
|
|t:|1663930417
|move|p1a: Weavile|Triple Axel|p2a: Kommo-o
|-supereffective|p2a: Kommo-o
|-damage|p2a: Kommo-o|51/100
|-supereffective|p2a: Kommo-o
|-damage|p2a: Kommo-o|15/100
|-supereffective|p2a: Kommo-o
|-damage|p2a: Kommo-o|0 fnt
|faint|p2a: Kommo-o
|-hitcount|p2: Kommo-o|3
|
|upkeep
|c|☆Run For Me Plz|Amazing luck
|-message|Run For Me Plz forfeited.
|
|win|minimax_ai
|raw|minimax_ai's rating: 1544 &rarr; <strong>1567</strong><br />(+23 for winning)
|raw|Run For Me Plz's rating: 1600 &rarr; <strong>1577</strong><br />(-23 for losing)
|c|☆minimax_ai|gg
|l|☆Run For Me Plz
