|j|☆Justin UA
|j|☆OUTW Geomancy
|t:|1633064950
|gametype|singles
|player|p1|Justin UA|ethan|1557
|player|p2|OUTW Geomancy|hiker-gen2|1593
|teamsize|p1|6
|teamsize|p2|6
|gen|8
|tier|[Gen 8] OU
|rated|
|rule|Sleep Clause Mod: Limit one foe put to sleep
|rule|Species Clause: Limit one of each Pokémon
|rule|OHKO Clause: OHKO moves are banned
|rule|Evasion Moves Clause: Evasion moves are banned
|rule|Endless Battle Clause: Forcing endless battles is banned
|rule|HP Percentage Mod: HP is shown in percentages
|rule|Dynamax Clause: You cannot dynamax
|clearpoke
|poke|p1|Weavile, M|
|poke|p1|Urshifu-*, M|
|poke|p1|Corviknight, M|
|poke|p1|Slowbro, F|
|poke|p1|Landorus-Therian, M|
|poke|p1|Dragapult, F|
|poke|p2|Arctovish|
|poke|p2|Ninetales-Alola, M|
|poke|p2|Tapu Lele|
|poke|p2|Toxapex, M|
|poke|p2|Corviknight, M|
|poke|p2|Krookodile, M|
|teampreview
|inactive|Battle timer is ON: inactive players will automatically lose when time's up. (requested by Justin UA)
|j| LT81YL Aqua
|j| Glastrierisgood
|inactive|OUTW Geomancy also wants the timer to be on.
|
|t:|1633064969
|start
|switch|p1a: Dragapult|Dragapult, F|100/100
|switch|p2a: Ninetales|Ninetales-Alola, M, shiny|100/100
|-weather|Hail|[from] ability: Snow Warning|[of] p2a: Ninetales
|turn|1
|
|t:|1633064973
|switch|p2a: Toxapex|Toxapex, M, shiny|100/100
|move|p1a: Dragapult|Shadow Ball|p2a: Toxapex
|-damage|p2a: Toxapex|67/100
|
|-weather|Hail|[upkeep]
|-damage|p1a: Dragapult|95/100|[from] Hail
|-damage|p2a: Toxapex|61/100|[from] Hail
|upkeep
|turn|2
|
|t:|1633064979
|switch|p1a: Slowbro|Slowbro, F|100/100
|move|p2a: Toxapex|Knock Off|p1a: Slowbro
|-supereffective|p1a: Slowbro
|-damage|p1a: Slowbro|85/100
|-enditem|p1a: Slowbro|Heavy-Duty Boots|[from] move: Knock Off|[of] p2a: Toxapex
|
|-weather|Hail|[upkeep]
|-damage|p2a: Toxapex|55/100|[from] Hail
|-damage|p1a: Slowbro|79/100|[from] Hail
|upkeep
|turn|3
|
|t:|1633064982
|switch|p2a: Tapu Lele|Tapu Lele|100/100
|-fieldstart|move: Psychic Terrain|[from] ability: Psychic Surge|[of] p2a: Tapu Lele
|move|p1a: Slowbro|Future Sight|p2a: Tapu Lele
|-start|p1a: Slowbro|move: Future Sight
|
|-weather|Hail|[upkeep]
|-damage|p2a: Tapu Lele|94/100|[from] Hail
|-damage|p1a: Slowbro|73/100|[from] Hail
|upkeep
|turn|4
|
|t:|1633064988
|switch|p1a: Corviknight|Corviknight, M|100/100
|-ability|p1a: Corviknight|Pressure
|move|p2a: Tapu Lele|Psychic|p1a: Corviknight
|-resisted|p1a: Corviknight
|-damage|p1a: Corviknight|61/100
|
|-weather|Hail|[upkeep]
|-damage|p2a: Tapu Lele|88/100|[from] Hail
|-damage|p1a: Corviknight|55/100|[from] Hail
|-heal|p1a: Corviknight|61/100|[from] item: Leftovers
|upkeep
|turn|5
|
|t:|1633064995
|switch|p2a: Krookodile|Krookodile, M|100/100
|-ability|p2a: Krookodile|Intimidate|boost
|-unboost|p1a: Corviknight|atk|1
|move|p1a: Corviknight|Roost|p1a: Corviknight
|-heal|p1a: Corviknight|100/100
|-singleturn|p1a: Corviknight|move: Roost
|
|-weather|Hail|[upkeep]
|-damage|p2a: Krookodile|94/100|[from] Hail
|-damage|p1a: Corviknight|94/100|[from] Hail
|-end|p2a: Krookodile|move: Future Sight
|-immune|p2a: Krookodile
|-heal|p1a: Corviknight|100/100|[from] item: Leftovers
|upkeep
|turn|6
|
|t:|1633065004
|switch|p2a: Corviknight|Corviknight, M|100/100
|-ability|p2a: Corviknight|Pressure
|move|p1a: Corviknight|U-turn|p2a: Corviknight
|-resisted|p2a: Corviknight
|-damage|p2a: Corviknight|99/100
|-damage|p1a: Corviknight|84/100|[from] item: Rocky Helmet|[of] p2a: Corviknight
|
|t:|1633065011
|switch|p1a: Landorus|Landorus-Therian, M|100/100|[from]move: U-turn
|-ability|p1a: Landorus|Intimidate|boost
|-unboost|p2a: Corviknight|atk|1
|
|-weather|Hail|[upkeep]
|-damage|p1a: Landorus|94/100|[from] Hail
|-damage|p2a: Corviknight|93/100|[from] Hail
|upkeep
|turn|7
|
|t:|1633065013
|move|p1a: Landorus|Knock Off|p2a: Corviknight
|-damage|p2a: Corviknight|71/100
|-damage|p1a: Landorus|78/100|[from] item: Rocky Helmet|[of] p2a: Corviknight
|-enditem|p2a: Corviknight|Rocky Helmet|[from] move: Knock Off|[of] p1a: Landorus
|move|p2a: Corviknight|U-turn|p1a: Landorus
|-resisted|p1a: Landorus
|-damage|p1a: Landorus|75/100
|-damage|p2a: Corviknight|54/100|[from] item: Rocky Helmet|[of] p1a: Landorus
|j| Lightchanseyy
|
|t:|1633065016
|switch|p2a: Arctovish|Arctovish, shiny|100/100|[from]move: U-turn
|
|-weather|Hail|[upkeep]
|-damage|p1a: Landorus|69/100|[from] Hail
|-fieldend|move: Psychic Terrain
|upkeep
|turn|8
|
|t:|1633065021
|switch|p1a: Slowbro|Slowbro, F|100/100
|move|p2a: Arctovish|Fishious Rend|p1a: Slowbro
|-resisted|p1a: Slowbro
|-damage|p1a: Slowbro|70/100
|
|-weather|none
|upkeep
|turn|9
|
|t:|1633065024
|switch|p2a: Tapu Lele|Tapu Lele|88/100
|-fieldstart|move: Psychic Terrain|[from] ability: Psychic Surge|[of] p2a: Tapu Lele
|move|p1a: Slowbro|Teleport|p1a: Slowbro
|j| SweetPatata
|
|t:|1633065050
|switch|p1a: Dragapult|Dragapult, F|95/100|[from]move: Teleport
|
|upkeep
|turn|10
|
|t:|1633065053
|switch|p2a: Krookodile|Krookodile, M|94/100
|-ability|p2a: Krookodile|Intimidate|boost
|-unboost|p1a: Dragapult|atk|1
|move|p1a: Dragapult|Shadow Ball|p2a: Krookodile
|-resisted|p2a: Krookodile
|-damage|p2a: Krookodile|56/100
|
|upkeep
|turn|11
|
|t:|1633065060
|switch|p1a: Landorus|Landorus-Therian, M|69/100
|-ability|p1a: Landorus|Intimidate|boost
|-unboost|p2a: Krookodile|atk|1
|move|p2a: Krookodile|Knock Off|p1a: Landorus
|-damage|p1a: Landorus|43/100
|-damage|p2a: Krookodile|40/100|[from] item: Rocky Helmet|[of] p1a: Landorus
|-enditem|p1a: Landorus|Rocky Helmet|[from] move: Knock Off|[of] p2a: Krookodile
|
|upkeep
|turn|12
|
|t:|1633065066
|switch|p2a: Ninetales|Ninetales-Alola, M, shiny|100/100
|-weather|Hail|[from] ability: Snow Warning|[of] p2a: Ninetales
|move|p1a: Landorus|U-turn|p2a: Ninetales
|-resisted|p2a: Ninetales
|-damage|p2a: Ninetales|84/100
|
|t:|1633065089
|switch|p1a: Dragapult|Dragapult, F|95/100|[from]move: U-turn
|
|-weather|Hail|[upkeep]
|-damage|p1a: Dragapult|89/100|[from] Hail
|upkeep
|turn|13
|
|t:|1633065094
|move|p1a: Dragapult|Shadow Ball|p2a: Ninetales
|-damage|p2a: Ninetales|22/100
|move|p2a: Ninetales|Freeze-Dry|p1a: Dragapult
|-supereffective|p1a: Dragapult
|-damage|p1a: Dragapult|9/100
|-status|p1a: Dragapult|frz
|
|-weather|Hail|[upkeep]
|-damage|p1a: Dragapult|3/100 frz|[from] Hail
|-fieldend|move: Psychic Terrain
|upkeep
|turn|14
|
|t:|1633065098
|-curestatus|p1a: Dragapult|frz|[msg]
|move|p1a: Dragapult|Shadow Ball|p2a: Ninetales
|-damage|p2a: Ninetales|0 fnt
|faint|p2a: Ninetales
|
|-weather|Hail|[upkeep]
|-damage|p1a: Dragapult|0 fnt|[from] Hail
|faint|p1a: Dragapult
|upkeep
|
|t:|1633065119
|switch|p1a: Weavile|Weavile, M|100/100
|switch|p2a: Arctovish|Arctovish, shiny|100/100
|-ability|p1a: Weavile|Pressure
|turn|15
|
|t:|1633065126
|switch|p1a: Slowbro|Slowbro, F|100/100
|move|p2a: Arctovish|Fishious Rend|p1a: Slowbro
|-resisted|p1a: Slowbro
|-damage|p1a: Slowbro|73/100
|
|-weather|Hail|[upkeep]
|-damage|p1a: Slowbro|67/100|[from] Hail
|upkeep
|turn|16
|
|t:|1633065129
|move|p2a: Arctovish|Fishious Rend|p1a: Slowbro
|-resisted|p1a: Slowbro
|-damage|p1a: Slowbro|39/100
|move|p1a: Slowbro|Teleport|p1a: Slowbro
|
|t:|1633065132
|switch|p1a: Corviknight|Corviknight, M|84/100|[from]move: Teleport
|-ability|p1a: Corviknight|Pressure
|
|-weather|Hail|[upkeep]
|-damage|p1a: Corviknight|78/100|[from] Hail
|-heal|p1a: Corviknight|84/100|[from] item: Leftovers
|upkeep
|turn|17
|
|t:|1633065137
|move|p2a: Arctovish|Fishious Rend|p1a: Corviknight
|-damage|p1a: Corviknight|13/100
|move|p1a: Corviknight|Roost|p1a: Corviknight
|-heal|p1a: Corviknight|63/100
|-singleturn|p1a: Corviknight|move: Roost
|
|-weather|Hail|[upkeep]
|-damage|p1a: Corviknight|57/100|[from] Hail
|-heal|p1a: Corviknight|63/100|[from] item: Leftovers
|upkeep
|turn|18
|
|t:|1633065142
|switch|p1a: Landorus|Landorus-Therian, M|43/100
|-ability|p1a: Landorus|Intimidate|boost
|-unboost|p2a: Arctovish|atk|1
|move|p2a: Arctovish|Fishious Rend|p1a: Landorus
|-supereffective|p1a: Landorus
|-damage|p1a: Landorus|0 fnt
|faint|p1a: Landorus
|
|-weather|Hail|[upkeep]
|upkeep
|
|t:|1633065144
|switch|p1a: Slowbro|Slowbro, F|72/100
|turn|19
|
|t:|1633065148
|switch|p2a: Toxapex|Toxapex, M, shiny|89/100
|move|p1a: Slowbro|Slack Off|p1a: Slowbro
|-heal|p1a: Slowbro|100/100
|
|-weather|none
|upkeep
|turn|20
|
|t:|1633065152
|move|p2a: Toxapex|Scald|p1a: Slowbro
|-resisted|p1a: Slowbro
|-damage|p1a: Slowbro|92/100
|-status|p1a: Slowbro|brn
|move|p1a: Slowbro|Future Sight|p2a: Toxapex
|-start|p1a: Slowbro|move: Future Sight
|
|-damage|p1a: Slowbro|86/100 brn|[from] brn
|upkeep
|turn|21
|
|t:|1633065161
|switch|p2a: Corviknight|Corviknight, M|54/100
|-ability|p2a: Corviknight|Pressure
|move|p1a: Slowbro|Teleport|p1a: Slowbro
|
|t:|1633065166
|switch|p1a: Urshifu|Urshifu-Rapid-Strike, M|100/100|[from]move: Teleport
|
|upkeep
|turn|22
|
|t:|1633065169
|move|p1a: Urshifu|Close Combat|p2a: Corviknight
|-damage|p2a: Corviknight|0 fnt
|-unboost|p1a: Urshifu|def|1
|-unboost|p1a: Urshifu|spd|1
|faint|p2a: Corviknight
|
|-hint|Future Sight did not hit because the target is fainted.
|upkeep
|
|t:|1633065172
|switch|p2a: Tapu Lele|Tapu Lele|88/100
|-fieldstart|move: Psychic Terrain|[from] ability: Psychic Surge|[of] p2a: Tapu Lele
|turn|23
|
|t:|1633065177
|switch|p1a: Slowbro|Slowbro, F|100/100 brn
|move|p2a: Tapu Lele|Psychic|p1a: Slowbro
|-resisted|p1a: Slowbro
|-damage|p1a: Slowbro|54/100 brn
|
|-damage|p1a: Slowbro|48/100 brn|[from] brn
|upkeep
|turn|24
|
|t:|1633065180
|move|p2a: Tapu Lele|Psychic|p1a: Slowbro
|-resisted|p1a: Slowbro
|-damage|p1a: Slowbro|3/100 brn
|-unboost|p1a: Slowbro|spd|1
|move|p1a: Slowbro|Teleport|p1a: Slowbro
|
|t:|1633065184
|switch|p1a: Corviknight|Corviknight, M|63/100|[from]move: Teleport
|-ability|p1a: Corviknight|Pressure
|
|-heal|p1a: Corviknight|69/100|[from] item: Leftovers
|upkeep
|turn|25
|
|t:|1633065192
|move|p2a: Tapu Lele|Psychic|p1a: Corviknight
|-resisted|p1a: Corviknight
|-damage|p1a: Corviknight|26/100
|move|p1a: Corviknight|U-turn|p2a: Tapu Lele
|-damage|p2a: Tapu Lele|66/100
|
|t:|1633065195
|switch|p1a: Urshifu|Urshifu-Rapid-Strike, M|100/100|[from]move: U-turn
|
|upkeep
|turn|26
|
|t:|1633065200
|switch|p2a: Krookodile|Krookodile, M|40/100
|-ability|p2a: Krookodile|Intimidate|boost
|-unboost|p1a: Urshifu|atk|1
|move|p1a: Urshifu|Surging Strikes|p2a: Krookodile
|-supereffective|p2a: Krookodile
|-crit|p2a: Krookodile
|-damage|p2a: Krookodile|0 fnt
|faint|p2a: Krookodile
|-hitcount|p2: Krookodile|1
|
|upkeep
|
|t:|1633065203
|switch|p2a: Arctovish|Arctovish, shiny|100/100
|turn|27
|inactive|Justin UA has 120 seconds left.
|
|t:|1633065235
|switch|p1a: Corviknight|Corviknight, M|26/100
|-ability|p1a: Corviknight|Pressure
|move|p2a: Arctovish|Psychic Fangs|p1a: Corviknight
|-resisted|p1a: Corviknight
|-damage|p1a: Corviknight|11/100
|
|-heal|p1a: Corviknight|17/100|[from] item: Leftovers
|-fieldend|move: Psychic Terrain
|upkeep
|turn|28
|
|t:|1633065239
|switch|p2a: Tapu Lele|Tapu Lele|66/100
|-fieldstart|move: Psychic Terrain|[from] ability: Psychic Surge|[of] p2a: Tapu Lele
|move|p1a: Corviknight|Roost|p1a: Corviknight
|-heal|p1a: Corviknight|67/100
|-singleturn|p1a: Corviknight|move: Roost
|
|-heal|p1a: Corviknight|73/100|[from] item: Leftovers
|upkeep
|turn|29
|
|t:|1633065242
|move|p2a: Tapu Lele|Psychic|p1a: Corviknight
|-resisted|p1a: Corviknight
|-damage|p1a: Corviknight|30/100
|move|p1a: Corviknight|U-turn|p2a: Tapu Lele
|-damage|p2a: Tapu Lele|43/100
|
|t:|1633065259
|switch|p1a: Weavile|Weavile, M|100/100|[from]move: U-turn
|-ability|p1a: Weavile|Pressure
|
|upkeep
|turn|30
|
|t:|1633065262
|switch|p2a: Toxapex|Toxapex, M, shiny|100/100
|move|p1a: Weavile|Knock Off|p2a: Toxapex
|-damage|p2a: Toxapex|65/100
|-enditem|p2a: Toxapex|Shed Shell|[from] move: Knock Off|[of] p1a: Weavile
|
|upkeep
|turn|31
|
|t:|1633065270
|switch|p1a: Slowbro|Slowbro, F|37/100 brn
|switch|p2a: Tapu Lele|Tapu Lele|43/100
|
|-damage|p1a: Slowbro|30/100 brn|[from] brn
|upkeep
|turn|32
|
|t:|1633065274
|switch|p1a: Corviknight|Corviknight, M|30/100
|-ability|p1a: Corviknight|Pressure
|move|p2a: Tapu Lele|Moonblast|p1a: Corviknight
|-resisted|p1a: Corviknight
|-damage|p1a: Corviknight|0 fnt
|faint|p1a: Corviknight
|
|-fieldend|move: Psychic Terrain
|upkeep
|
|t:|1633065282
|switch|p1a: Urshifu|Urshifu-Rapid-Strike, M|100/100
|turn|33
|
|t:|1633065285
|switch|p2a: Toxapex|Toxapex, M, shiny|98/100
|move|p1a: Urshifu|U-turn|p2a: Toxapex
|-resisted|p2a: Toxapex
|-damage|p2a: Toxapex|84/100
|
|t:|1633065288
|switch|p1a: Slowbro|Slowbro, F|64/100 brn|[from]move: U-turn
|
|-damage|p1a: Slowbro|58/100 brn|[from] brn
|upkeep
|turn|34
|
|t:|1633065292
|move|p2a: Toxapex|Knock Off|p1a: Slowbro
|-supereffective|p1a: Slowbro
|-damage|p1a: Slowbro|46/100 brn
|move|p1a: Slowbro|Future Sight|p2a: Toxapex
|-start|p1a: Slowbro|move: Future Sight
|
|-damage|p1a: Slowbro|40/100 brn|[from] brn
|upkeep
|turn|35
|
|t:|1633065298
|move|p2a: Toxapex|Recover|p2a: Toxapex
|-heal|p2a: Toxapex|100/100
|move|p1a: Slowbro|Teleport|p1a: Slowbro
|
|t:|1633065303
|switch|p1a: Weavile|Weavile, M|100/100|[from]move: Teleport
|-ability|p1a: Weavile|Pressure
|
|upkeep
|turn|36
|
|t:|1633065306
|move|p1a: Weavile|Swords Dance|p1a: Weavile
|-boost|p1a: Weavile|atk|2
|move|p2a: Toxapex|Recover||[still]
|-fail|p2a: Toxapex|heal
|
|-end|p2a: Toxapex|move: Future Sight
|-supereffective|p2a: Toxapex
|-damage|p2a: Toxapex|49/100
|upkeep
|turn|37
|
|t:|1633065321
|switch|p2a: Arctovish|Arctovish, shiny|100/100
|move|p1a: Weavile|Knock Off|p2a: Arctovish
|-crit|p2a: Arctovish
|-damage|p2a: Arctovish|0 fnt
|-enditem|p2a: Arctovish|Choice Band|[from] move: Knock Off|[of] p1a: Weavile
|faint|p2a: Arctovish
|
|upkeep
|
|t:|1633065323
|switch|p2a: Toxapex|Toxapex, M, shiny|82/100
|turn|38
|
|t:|1633065330
|switch|p1a: Slowbro|Slowbro, F|73/100 brn
|move|p2a: Toxapex|Scald|p1a: Slowbro
|-resisted|p1a: Slowbro
|-damage|p1a: Slowbro|64/100 brn
|
|-damage|p1a: Slowbro|58/100 brn|[from] brn
|upkeep
|turn|39
|
|t:|1633065333
|switch|p2a: Tapu Lele|Tapu Lele|43/100
|-fieldstart|move: Psychic Terrain|[from] ability: Psychic Surge|[of] p2a: Tapu Lele
|move|p1a: Slowbro|Future Sight|p2a: Tapu Lele
|-start|p1a: Slowbro|move: Future Sight
|
|-damage|p1a: Slowbro|52/100 brn|[from] brn
|upkeep
|turn|40
|
|t:|1633065338
|move|p2a: Tapu Lele|Moonblast|p1a: Slowbro
|-damage|p1a: Slowbro|0 fnt
|faint|p1a: Slowbro
|
|upkeep
|
|t:|1633065343
|switch|p1a: Weavile|Weavile, M|100/100
|-ability|p1a: Weavile|Pressure
|turn|41
|
|t:|1633065346
|move|p1a: Weavile|Knock Off|p2a: Tapu Lele
|-damage|p2a: Tapu Lele|0 fnt
|-enditem|p2a: Tapu Lele|Choice Specs|[from] move: Knock Off|[of] p1a: Weavile
|faint|p2a: Tapu Lele
|
|-hint|Future Sight did not hit because the target is fainted.
|upkeep
|
|t:|1633065348
|switch|p2a: Toxapex|Toxapex, M, shiny|100/100
|turn|42
|
|t:|1633065350
|move|p1a: Weavile|Swords Dance|p1a: Weavile
|-boost|p1a: Weavile|atk|2
|move|p2a: Toxapex|Scald|p1a: Weavile
|-damage|p1a: Weavile|76/100
|-status|p1a: Weavile|brn
|
|-damage|p1a: Weavile|70/100 brn|[from] brn
|upkeep
|turn|43
|
|t:|1633065353
|move|p1a: Weavile|Swords Dance|p1a: Weavile
|-boost|p1a: Weavile|atk|2
|move|p2a: Toxapex|Haze|p2a: Toxapex
|-clearallboost
|
|-damage|p1a: Weavile|64/100 brn|[from] brn
|-fieldend|move: Psychic Terrain
|upkeep
|turn|44
|
|t:|1633065356
|move|p1a: Weavile|Swords Dance|p1a: Weavile
|-boost|p1a: Weavile|atk|2
|move|p2a: Toxapex|Scald|p1a: Weavile
|-damage|p1a: Weavile|41/100 brn
|
|-damage|p1a: Weavile|35/100 brn|[from] brn
|upkeep
|turn|45
|
|t:|1633065359
|move|p1a: Weavile|Knock Off|p2a: Toxapex
|-damage|p2a: Toxapex|79/100
|move|p2a: Toxapex|Haze|p2a: Toxapex
|-clearallboost
|
|-damage|p1a: Weavile|29/100 brn|[from] brn
|upkeep
|turn|46
|
|t:|1633065363
|move|p1a: Weavile|Knock Off|p2a: Toxapex
|-damage|p2a: Toxapex|66/100
|move|p2a: Toxapex|Haze|p2a: Toxapex
|-clearallboost
|
|-damage|p1a: Weavile|23/100 brn|[from] brn
|upkeep
|turn|47
|
|t:|1633065368
|move|p1a: Weavile|Swords Dance|p1a: Weavile
|-boost|p1a: Weavile|atk|2
|move|p2a: Toxapex|Recover|p2a: Toxapex
|-heal|p2a: Toxapex|100/100
|
|-damage|p1a: Weavile|17/100 brn|[from] brn
|upkeep
|turn|48
|
|t:|1633065371
|move|p1a: Weavile|Knock Off|p2a: Toxapex
|-damage|p2a: Toxapex|78/100
|move|p2a: Toxapex|Haze|p2a: Toxapex
|-clearallboost
|
|-damage|p1a: Weavile|11/100 brn|[from] brn
|upkeep
|turn|49
|
|t:|1633065374
|move|p1a: Weavile|Triple Axel|p2a: Toxapex
|-resisted|p2a: Toxapex
|-damage|p2a: Toxapex|76/100
|-resisted|p2a: Toxapex
|-damage|p2a: Toxapex|73/100
|-resisted|p2a: Toxapex
|-damage|p2a: Toxapex|68/100
|-hitcount|p2a: Toxapex|3
|move|p2a: Toxapex|Recover|p2a: Toxapex
|-heal|p2a: Toxapex|100/100
|
|-damage|p1a: Weavile|5/100 brn|[from] brn
|upkeep
|turn|50
|
|t:|1633065378
|move|p1a: Weavile|Knock Off|p2a: Toxapex
|-damage|p2a: Toxapex|89/100
|move|p2a: Toxapex|Recover|p2a: Toxapex
|-heal|p2a: Toxapex|100/100
|
|-damage|p1a: Weavile|0 fnt|[from] brn
|faint|p1a: Weavile
|upkeep
|
|t:|1633065381
|switch|p1a: Urshifu|Urshifu-Rapid-Strike, M|100/100
|turn|51
|
|t:|1633065384
|move|p1a: Urshifu|Close Combat|p2a: Toxapex
|-resisted|p2a: Toxapex
|-damage|p2a: Toxapex|64/100
|-unboost|p1a: Urshifu|def|1
|-unboost|p1a: Urshifu|spd|1
|move|p2a: Toxapex|Scald|p1a: Urshifu
|-resisted|p1a: Urshifu
|-damage|p1a: Urshifu|83/100
|-status|p1a: Urshifu|brn
|
|-damage|p1a: Urshifu|77/100 brn|[from] brn
|upkeep
|turn|52
|
|t:|1633065387
|move|p1a: Urshifu|Close Combat|p2a: Toxapex
|-resisted|p2a: Toxapex
|-damage|p2a: Toxapex|46/100
|-unboost|p1a: Urshifu|def|1
|-unboost|p1a: Urshifu|spd|1
|move|p2a: Toxapex|Recover|p2a: Toxapex
|-heal|p2a: Toxapex|96/100
|
|-damage|p1a: Urshifu|71/100 brn|[from] brn
|upkeep
|turn|53
|
|t:|1633065389
|move|p1a: Urshifu|Close Combat|p2a: Toxapex
|-resisted|p2a: Toxapex
|-damage|p2a: Toxapex|79/100
|-unboost|p1a: Urshifu|def|1
|-unboost|p1a: Urshifu|spd|1
|move|p2a: Toxapex|Knock Off|p1a: Urshifu
|-resisted|p1a: Urshifu
|-damage|p1a: Urshifu|54/100 brn
|-enditem|p1a: Urshifu|Choice Band|[from] move: Knock Off|[of] p2a: Toxapex
|
|-damage|p1a: Urshifu|48/100 brn|[from] brn
|upkeep
|turn|54
|-message|Justin UA forfeited.
|
|win|OUTW Geomancy
|raw|Justin UA's rating: 1557 &rarr; <strong>1539</strong><br />(-18 for losing)
|raw|OUTW Geomancy's rating: 1593 &rarr; <strong>1611</strong><br />(+18 for winning)
|l|☆Justin UA
