|j|☆not mb
|j|☆LT83AQ TT
|t:|1626729004
|gametype|singles
|player|p1|not mb|265|1916
|player|p2|LT83AQ TT|101|1880
|teamsize|p1|6
|teamsize|p2|6
|gen|8
|tier|[Gen 8] OU
|rated|
|rule|Sleep Clause Mod: Limit one foe put to sleep
|rule|Species Clause: Limit one of each Pokémon
|rule|OHKO Clause: OHKO moves are banned
|rule|Evasion Moves Clause: Evasion moves are banned
|rule|Endless Battle Clause: Forcing endless battles is banned
|rule|HP Percentage Mod: HP is shown in percentages
|rule|Dynamax Clause: You cannot dynamax
|clearpoke
|poke|p1|Landorus-Therian, M|
|poke|p1|Corviknight, M|
|poke|p1|Heatran, M|
|poke|p1|Slowbro, M|
|poke|p1|Urshifu-*, M|
|poke|p1|Weavile, F|
|poke|p2|Dragapult, M|
|poke|p2|Tapu Lele|
|poke|p2|Nidoking, M|
|poke|p2|Ferrothorn, F|
|poke|p2|Landorus-Therian, M|
|poke|p2|Heatran, F|
|teampreview
|j|+ez
|j| platinum rays
|c|+ez|KEK
|l| platinum rays
|j| TBJL
|inactive|Battle timer is ON: inactive players will automatically lose when time's up. (requested by not mb)
|j| croo
|inactive|LT83AQ TT has 120 seconds left.
|
|t:|1626729100
|start
|switch|p1a: Urshifu|Urshifu-Rapid-Strike, M|100/100
|switch|p2a: Tapu Lele|Tapu Lele|100/100
|-fieldstart|move: Psychic Terrain|[from] ability: Psychic Surge|[of] p2a: Tapu Lele
|turn|1
|
|t:|1626729115
|switch|p2a: Nidoking|Nidoking, M|100/100
|switch|p1a: Heatran|Heatran, M|100/100
|
|upkeep
|turn|2
|
|t:|1626729122
|switch|p1a: Corviknight|Corviknight, M|100/100
|-ability|p1a: Corviknight|Pressure
|move|p2a: Nidoking|Stealth Rock|p1a: Corviknight
|-sidestart|p1: not mb|move: Stealth Rock
|
|upkeep
|turn|3
|
|t:|1626729129
|switch|p1a: Weavile|Weavile, F|100/100
|-damage|p1a: Weavile|76/100|[from] Stealth Rock
|-ability|p1a: Weavile|Pressure
|move|p2a: Nidoking|Thunderbolt|p1a: Weavile
|-damage|p1a: Weavile|14/100
|
|upkeep
|turn|4
|j| yourfullofit
|j| nord fvce
|
|t:|1626729136
|switch|p2a: Ferrothorn|Ferrothorn, F|100/100
|move|p1a: Weavile|Knock Off|p2a: Ferrothorn
|-damage|p2a: Ferrothorn|75/100
|-damage|p1a: Weavile|2/100|[from] ability: Iron Barbs|[of] p2a: Ferrothorn
|-enditem|p2a: Ferrothorn|Leftovers|[from] move: Knock Off|[of] p1a: Weavile
|
|upkeep
|turn|5
|
|t:|1626729143
|switch|p1a: Corviknight|Corviknight, M|100/100
|-damage|p1a: Corviknight|88/100|[from] Stealth Rock
|-ability|p1a: Corviknight|Pressure
|move|p2a: Ferrothorn|Leech Seed|p1a: Corviknight
|-start|p1a: Corviknight|move: Leech Seed
|
|-damage|p1a: Corviknight|75/100|[from] Leech Seed|[of] p2a: Ferrothorn
|-heal|p2a: Ferrothorn|89/100|[silent]
|-fieldend|move: Psychic Terrain
|upkeep
|turn|6
|
|t:|1626729150
|move|p1a: Corviknight|Defog|p2a: Ferrothorn
|-unboost|p2a: Ferrothorn|evasion|1
|-sideend|p1: not mb|Stealth Rock|[from] move: Defog|[of] p1a: Corviknight
|move|p2a: Ferrothorn|Spikes|p1a: Corviknight
|-sidestart|p1: not mb|Spikes
|
|-damage|p1a: Corviknight|63/100|[from] Leech Seed|[of] p2a: Ferrothorn
|-heal|p2a: Ferrothorn|100/100|[silent]
|upkeep
|turn|7
|j| Uturngobrr
|
|t:|1626729155
|switch|p1a: Heatran|Heatran, M|100/100
|-damage|p1a: Heatran|88/100|[from] Spikes
|switch|p2a: Nidoking|Nidoking, M|100/100
|
|-heal|p1a: Heatran|94/100|[from] item: Leftovers
|upkeep
|turn|8
|
|t:|1626729163
|switch|p1a: Landorus|Landorus-Therian, M|100/100
|-ability|p1a: Landorus|Intimidate|boost
|-unboost|p2a: Nidoking|atk|1
|move|p2a: Nidoking|Stealth Rock|p1a: Landorus
|-sidestart|p1: not mb|move: Stealth Rock
|
|upkeep
|turn|9
|j| Fr3shxpr1nc
|
|t:|1626729168
|switch|p1a: Urshifu|Urshifu-Rapid-Strike, M|100/100
|-damage|p1a: Urshifu|88/100|[from] Spikes
|-damage|p1a: Urshifu|82/100|[from] Stealth Rock
|move|p2a: Nidoking|Ice Beam|p1a: Urshifu
|-resisted|p1a: Urshifu
|-damage|p1a: Urshifu|49/100
|
|upkeep
|turn|10
|
|t:|1626729178
|switch|p2a: Ferrothorn|Ferrothorn, F|100/100
|move|p1a: Urshifu|Surging Strikes|p2a: Ferrothorn
|-resisted|p2a: Ferrothorn
|-crit|p2a: Ferrothorn
|-damage|p2a: Ferrothorn|91/100
|-damage|p1a: Urshifu|36/100|[from] ability: Iron Barbs|[of] p2a: Ferrothorn
|-resisted|p2a: Ferrothorn
|-crit|p2a: Ferrothorn
|-damage|p2a: Ferrothorn|83/100
|-damage|p1a: Urshifu|24/100|[from] ability: Iron Barbs|[of] p2a: Ferrothorn
|-resisted|p2a: Ferrothorn
|-crit|p2a: Ferrothorn
|-damage|p2a: Ferrothorn|74/100
|-damage|p1a: Urshifu|12/100|[from] ability: Iron Barbs|[of] p2a: Ferrothorn
|-hitcount|p2a: Ferrothorn|3
|
|upkeep
|turn|11
|-message|not mb forfeited.
|
|win|LT83AQ TT
|raw|not mb's rating: 1916 &rarr; <strong>1894</strong><br />(-22 for losing)
|raw|LT83AQ TT's rating: 1880 &rarr; <strong>1902</strong><br />(+22 for winning)
|l|☆not mb
|l|☆LT83AQ TT
|j| LT83AQ free rent
|j| 1300ELO?????
|l| croo
||Ladder isn't responding, score probably updated but might not have (Request timeout).
|j| croo
|l| croo
|j|☆not mb
|player|p1|not mb|265
|j| LT83AQ Randy
|j| LT83AQ YAKO
|l| 1300ELO?????
|l| Uturngobrr
|l| LT83AQ YAKO
|j| LT83AQ RSY
|j| IGTBBATAI
|l| LT83AQ RSY
|l| nord fvce
|j| Seppwick
|l| LT83AQ free rent
|l| IGTBBATAI
|l|+ez
