|raw|<div class="broadcast-blue"><strong>This battle is required to be public due to a player having a name starting with 'lt92pf'.</div>
|j|☆LT92PF Homerchu
|j|☆dmt dreams
|t:|1659672184
|gametype|singles
|player|p1|LT92PF Homerchu|pokekid|1568
|player|p2|dmt dreams|101|1832
|teamsize|p1|6
|teamsize|p2|6
|gen|8
|tier|[Gen 8] OU
|rated|
|rule|Sleep Clause Mod: Limit one foe put to sleep
|rule|Species Clause: Limit one of each Pokémon
|rule|OHKO Clause: OHKO moves are banned
|rule|Evasion Items Clause: Evasion items are banned
|rule|Evasion Moves Clause: Evasion moves are banned
|rule|Endless Battle Clause: Forcing endless battles is banned
|rule|HP Percentage Mod: HP is shown in percentages
|rule|Dynamax Clause: You cannot dynamax
|clearpoke
|poke|p1|Venusaur, M|
|poke|p1|Victini|
|poke|p1|Darmanitan, F|
|poke|p1|Torkoal, M|
|poke|p1|Mandibuzz, F|
|poke|p1|Garchomp, M|
|poke|p2|Mew|
|poke|p2|Landorus-Therian, M|
|poke|p2|Nihilego|
|poke|p2|Zeraora|
|poke|p2|Celesteela|
|poke|p2|Dragapult, M|
|teampreview
|inactive|Battle timer is ON: inactive players will automatically lose when time's up. (requested by LT92PF Homerchu)
|j| BALOOR
|l| BALOOR
|
|t:|1659672221
|start
|switch|p1a: Torkoal|Torkoal, M|100/100
|switch|p2a: Mew|Mew|100/100
|-weather|SunnyDay|[from] ability: Drought|[of] p1a: Torkoal
|turn|1
|j| Hydraguru
|inactive|dmt dreams has 120 seconds left.
|
|t:|1659672260
|move|p2a: Mew|Thunder Wave|p1a: Torkoal
|-status|p1a: Torkoal|par
|cant|p1a: Torkoal|par
|
|-weather|SunnyDay|[upkeep]
|upkeep
|turn|2
|
|t:|1659672269
|move|p2a: Mew|Taunt|p1a: Torkoal
|-start|p1a: Torkoal|move: Taunt
|move|p1a: Torkoal|Weather Ball|p2a: Mew
|-damage|p2a: Mew|50/100
|
|-weather|SunnyDay|[upkeep]
|upkeep
|turn|3
|
|t:|1659672277
|move|p2a: Mew|Stealth Rock|p1a: Torkoal
|-sidestart|p1: LT92PF Homerchu|move: Stealth Rock
|cant|p1a: Torkoal|par
|
|-weather|SunnyDay|[upkeep]
|upkeep
|turn|4
|
|t:|1659672281
|move|p2a: Mew|Spikes|p1a: Torkoal
|-sidestart|p1: LT92PF Homerchu|Spikes
|move|p1a: Torkoal|Rapid Spin|p2a: Mew
|-damage|p2a: Mew|42/100
|-boost|p1a: Torkoal|spe|1
|-sideend|p1: LT92PF Homerchu|Spikes|[from] move: Rapid Spin|[of] p1a: Torkoal
|-sideend|p1: LT92PF Homerchu|Stealth Rock|[from] move: Rapid Spin|[of] p1a: Torkoal
|
|-weather|SunnyDay|[upkeep]
|-end|p1a: Torkoal|move: Taunt
|upkeep
|turn|5
|
|t:|1659672286
|move|p2a: Mew|Stealth Rock|p1a: Torkoal
|-sidestart|p1: LT92PF Homerchu|move: Stealth Rock
|move|p1a: Torkoal|Weather Ball|p2a: Mew
|-damage|p2a: Mew|0 fnt
|faint|p2a: Mew
|
|-weather|SunnyDay|[upkeep]
|upkeep
|
|t:|1659672289
|switch|p2a: Nihilego|Nihilego|100/100
|turn|6
|
|t:|1659672295
|switch|p1a: Garchomp|Garchomp, M|100/100
|-damage|p1a: Garchomp|94/100|[from] Stealth Rock
|move|p2a: Nihilego|Power Gem|p1a: Garchomp
|-resisted|p1a: Garchomp
|-damage|p1a: Garchomp|72/100
|
|-weather|SunnyDay|[upkeep]
|upkeep
|turn|7
|
|t:|1659672306
|switch|p2a: Landorus|Landorus-Therian, M|100/100
|-ability|p2a: Landorus|Intimidate|boost
|-unboost|p1a: Garchomp|atk|1
|switch|p1a: Mandibuzz|Mandibuzz, F, shiny|100/100
|-damage|p1a: Mandibuzz|76/100|[from] Stealth Rock
|
|-weather|SunnyDay|[upkeep]
|upkeep
|turn|8
|
|t:|1659672312
|move|p2a: Landorus|Swords Dance|p2a: Landorus
|-boost|p2a: Landorus|atk|2
|move|p1a: Mandibuzz|Defog|p2a: Landorus
|-unboost|p2a: Landorus|evasion|1
|-sideend|p1: LT92PF Homerchu|Stealth Rock|[from] move: Defog|[of] p1a: Mandibuzz
|
|-weather|none
|upkeep
|turn|9
|
|t:|1659672315
|move|p2a: Landorus|Stone Edge|p1a: Mandibuzz|[miss]
|-miss|p2a: Landorus|p1a: Mandibuzz
|move|p1a: Mandibuzz|Foul Play|p2a: Landorus
|-damage|p2a: Landorus|0 fnt
|faint|p2a: Landorus
|
|upkeep
|
|t:|1659672319
|switch|p2a: Nihilego|Nihilego|100/100
|turn|10
|
|t:|1659672324
|move|p2a: Nihilego|Meteor Beam||[still]
|-prepare|p2a: Nihilego|Meteor Beam
|-boost|p2a: Nihilego|spa|1
|-enditem|p2a: Nihilego|Power Herb
|-anim|p2a: Nihilego|Meteor Beam|p1a: Mandibuzz
|-supereffective|p1a: Mandibuzz
|-crit|p1a: Mandibuzz
|-damage|p1a: Mandibuzz|0 fnt
|faint|p1a: Mandibuzz
|-ability|p2a: Nihilego|Beast Boost|boost
|-boost|p2a: Nihilego|spe|1
|
|upkeep
|
|t:|1659672326
|switch|p1a: Garchomp|Garchomp, M|72/100
|turn|11
|
|t:|1659672328
|move|p2a: Nihilego|Sludge Bomb|p1a: Garchomp
|-resisted|p1a: Garchomp
|-damage|p1a: Garchomp|37/100
|move|p1a: Garchomp|Earthquake|p2a: Nihilego
|-supereffective|p2a: Nihilego
|-damage|p2a: Nihilego|0 fnt
|faint|p2a: Nihilego
|-damage|p1a: Garchomp|28/100|[from] item: Life Orb
|
|upkeep
|
|t:|1659672334
|switch|p2a: Zeraora|Zeraora|100/100
|turn|12
|
|t:|1659672337
|move|p2a: Zeraora|Knock Off|p1a: Garchomp
|-damage|p1a: Garchomp|0 fnt
|-damage|p2a: Zeraora|88/100|[from] ability: Rough Skin|[of] p1a: Garchomp
|-enditem|p1a: Garchomp|Life Orb|[from] move: Knock Off|[of] p2a: Zeraora
|faint|p1a: Garchomp
|
|upkeep
|
|t:|1659672344
|switch|p1a: Dhar Mann|Darmanitan, F, shiny|100/100
|turn|13
|
|t:|1659672347
|move|p2a: Zeraora|Knock Off|p1a: Dhar Mann
|-damage|p1a: Dhar Mann|53/100
|-enditem|p1a: Dhar Mann|Life Orb|[from] move: Knock Off|[of] p2a: Zeraora
|move|p1a: Dhar Mann|Flare Blitz|p2a: Zeraora
|-damage|p2a: Zeraora|0 fnt
|faint|p2a: Zeraora
|-damage|p1a: Dhar Mann|27/100|[from] Recoil
|
|upkeep
|
|t:|1659672357
|switch|p2a: Dragapult|Dragapult, M|100/100
|turn|14
|
|t:|1659672366
|move|p2a: Dragapult|Dragon Darts|p1a: Dhar Mann
|-damage|p1a: Dhar Mann|0 fnt
|faint|p1a: Dhar Mann
|-damage|p2a: Dragapult|91/100|[from] item: Life Orb
|
|upkeep
|inactive|LT92PF Homerchu has 120 seconds left.
|inactive|LT92PF Homerchu has 90 seconds left.
|
|t:|1659672443
|switch|p1a: Torkoal|Torkoal, M|100/100 par
|-weather|SunnyDay|[from] ability: Drought|[of] p1a: Torkoal
|turn|15
|
|t:|1659672449
|move|p2a: Dragapult|Dragon Dance|p2a: Dragapult
|-boost|p2a: Dragapult|atk|1
|-boost|p2a: Dragapult|spe|1
|cant|p1a: Torkoal|par
|
|-weather|SunnyDay|[upkeep]
|upkeep
|turn|16
|
|t:|1659672452
|move|p2a: Dragapult|Dragon Dance|p2a: Dragapult
|-boost|p2a: Dragapult|atk|1
|-boost|p2a: Dragapult|spe|1
|move|p1a: Torkoal|Weather Ball|p2a: Dragapult
|-resisted|p2a: Dragapult
|-damage|p2a: Dragapult|48/100
|
|-weather|SunnyDay|[upkeep]
|upkeep
|turn|17
|
|t:|1659672455
|move|p2a: Dragapult|Dragon Darts|p1a: Torkoal
|-damage|p1a: Torkoal|49/100 par
|-anim|p2a: Dragapult|Dragon Darts|p1a: Torkoal
|-damage|p1a: Torkoal|4/100 par
|-damage|p2a: Dragapult|39/100|[from] item: Life Orb
|cant|p1a: Torkoal|par
|
|-weather|SunnyDay|[upkeep]
|upkeep
|turn|18
|c|☆LT92PF Homerchu|bro
|c|☆LT92PF Homerchu|:/
|-message|LT92PF Homerchu forfeited.
|
|win|dmt dreams
|raw|LT92PF Homerchu's rating: 1568 &rarr; <strong>1561</strong><br />(-7 for losing)
|raw|dmt dreams's rating: 1832 &rarr; <strong>1839</strong><br />(+7 for winning)
|l|☆LT92PF Homerchu
|c|☆dmt dreams|bro
|c|☆dmt dreams|you literally dodged edge
|c|☆dmt dreams|but I wasn't complaining was I?
|c|☆dmt dreams|idiot
||Ladder isn't responding, score probably updated but might not have (Request timeout).
