|raw|<div class="broadcast-blue"><strong>This battle is required to be public due to a player having a name starting with 'lt92pf'.</div>
|j|☆Pinkacross
|j|☆LT92PF pop smoke
|t:|1660086756
|gametype|singles
|player|p1|Pinkacross|artist|1813
|player|p2|LT92PF pop smoke|lyra|1862
|teamsize|p1|6
|teamsize|p2|6
|gen|8
|tier|[Gen 8] OU
|rated|
|rule|Sleep Clause Mod: Limit one foe put to sleep
|rule|Species Clause: Limit one of each Pokémon
|rule|OHKO Clause: OHKO moves are banned
|rule|Evasion Items Clause: Evasion items are banned
|rule|Evasion Moves Clause: Evasion moves are banned
|rule|Endless Battle Clause: Forcing endless battles is banned
|rule|HP Percentage Mod: HP is shown in percentages
|rule|Dynamax Clause: You cannot dynamax
|clearpoke
|poke|p1|Magnezone|
|poke|p1|Tapu Koko|
|poke|p1|Landorus-Therian, M|
|poke|p1|Slowbro, F|
|poke|p1|Ferrothorn, M|
|poke|p1|Mandibuzz, F|
|poke|p2|Dragapult, M|
|poke|p2|Bisharp, M|
|poke|p2|Aegislash, M|
|poke|p2|Rillaboom, M|
|poke|p2|Blaziken, M|
|poke|p2|Kartana|
|teampreview
|inactive|Battle timer is ON: inactive players will automatically lose when time's up. (requested by LT92PF pop smoke)
|c|☆Pinkacross|hf
|
|t:|1660086765
|start
|switch|p1a: Landorus|Landorus-Therian, M|100/100
|switch|p2a: Bishop|Bisharp, M, shiny|100/100
|-ability|p1a: Landorus|Intimidate|boost
|-unboost|p2a: Bishop|atk|1
|-ability|p2a: Bishop|Defiant
|-boost|p2a: Bishop|atk|2
|turn|1
|
|t:|1660086770
|move|p2a: Bishop|Knock Off|p1a: Landorus
|-damage|p1a: Landorus|18/100
|-enditem|p1a: Landorus|Leftovers|[from] move: Knock Off|[of] p2a: Bishop
|move|p1a: Landorus|Earthquake|p2a: Bishop
|-supereffective|p2a: Bishop
|-enditem|p2a: Bishop|Focus Sash
|-damage|p2a: Bishop|1/100
|
|upkeep
|turn|2
|
|t:|1660086773
|switch|p1a: Ferrothorn|Ferrothorn, M|100/100
|move|p2a: Bishop|Stealth Rock|p1a: Ferrothorn
|-sidestart|p1: Pinkacross|move: Stealth Rock
|
|upkeep
|turn|3
|
|t:|1660086776
|move|p2a: Bishop|Taunt|p1a: Ferrothorn
|-start|p1a: Ferrothorn|move: Taunt
|cant|p1a: Ferrothorn|move: Taunt|Stealth Rock
|
|upkeep
|turn|4
|
|t:|1660086787
|switch|p1a: Landorus|Landorus-Therian, M|18/100
|-damage|p1a: Landorus|6/100|[from] Stealth Rock
|-ability|p1a: Landorus|Intimidate|boost
|-unboost|p2a: Bishop|atk|1
|-ability|p2a: Bishop|Defiant
|-boost|p2a: Bishop|atk|2
|move|p2a: Bishop|Knock Off|p1a: Landorus
|-damage|p1a: Landorus|0 fnt
|faint|p1a: Landorus
|
|upkeep
|
|t:|1660086789
|switch|p1a: Tapu Koko|Tapu Koko|100/100
|-fieldstart|move: Electric Terrain|[from] ability: Electric Surge|[of] p1a: Tapu Koko
|turn|5
|j| LT92PF Mus
|
|t:|1660086791
|move|p2a: Bishop|Sucker Punch|p1a: Tapu Koko
|-resisted|p1a: Tapu Koko
|-damage|p1a: Tapu Koko|55/100
|move|p1a: Tapu Koko|U-turn|p2a: Bishop
|-damage|p2a: Bishop|0 fnt
|faint|p2a: Bishop
|l|lt92pfmus
|
|t:|1660086805
|switch|p1a: Mandibuzz|Mandibuzz, F|100/100|[from]move: U-turn
|
|upkeep
|j| LT92PF fardin
|
|t:|1660086811
|switch|p2a: Achilles|Aegislash, M, shiny|100/100
|turn|6
|l| LT92PF fardin
|j| RNN YasuKe
|
|t:|1660086817
|-formechange|p2a: Achilles|Aegislash-Blade||[from] ability: Stance Change
|move|p2a: Achilles|Iron Head|p1a: Mandibuzz
|-damage|p1a: Mandibuzz|71/100
|move|p1a: Mandibuzz|Defog|p2a: Achilles
|-unboost|p2a: Achilles|evasion|1
|-sideend|p1: Pinkacross|Stealth Rock|[from] move: Defog|[of] p1a: Mandibuzz
|-fieldend|move: Electric Terrain
|
|upkeep
|turn|7
|j| LT92PF PDC
|
|t:|1660086822
|switch|p2a: Destroyer|Blaziken, M, shiny|100/100
|move|p1a: Mandibuzz|Roost|p1a: Mandibuzz
|-heal|p1a: Mandibuzz|100/100
|-singleturn|p1a: Mandibuzz|move: Roost
|
|upkeep
|turn|8
|
|t:|1660086827
|switch|p2a: Kong|Rillaboom, M, shiny|100/100
|-fieldstart|move: Grassy Terrain|[from] ability: Grassy Surge|[of] p2a: Kong
|move|p1a: Mandibuzz|Foul Play|p2a: Kong
|-damage|p2a: Kong|48/100
|
|-heal|p2a: Kong|54/100|[from] Grassy Terrain
|upkeep
|turn|9
|
|t:|1660086830
|switch|p2a: Destroyer|Blaziken, M, shiny|100/100
|move|p1a: Mandibuzz|Foul Play|p2a: Destroyer
|-resisted|p2a: Destroyer
|-damage|p2a: Destroyer|62/100
|
|-heal|p2a: Destroyer|68/100|[from] Grassy Terrain
|upkeep
|turn|10
|
|t:|1660086833
|switch|p1a: Slowbro|Slowbro, F|100/100
|move|p2a: Destroyer|Close Combat|p1a: Slowbro
|-resisted|p1a: Slowbro
|-damage|p1a: Slowbro|69/100
|-unboost|p2a: Destroyer|def|1
|-unboost|p2a: Destroyer|spd|1
|-damage|p2a: Destroyer|58/100|[from] item: Life Orb
|
|-heal|p2a: Destroyer|64/100|[from] Grassy Terrain
|-heal|p1a: Slowbro|75/100|[from] Grassy Terrain
|-ability|p2a: Destroyer|Speed Boost|boost
|-boost|p2a: Destroyer|spe|1
|upkeep
|turn|11
|
|t:|1660086839
|switch|p2a: Kong|Rillaboom, M, shiny|54/100
|move|p1a: Slowbro|Future Sight|p2a: Kong
|-start|p1a: Slowbro|move: Future Sight
|
|-heal|p2a: Kong|60/100|[from] Grassy Terrain
|-heal|p1a: Slowbro|81/100|[from] Grassy Terrain
|upkeep
|turn|12
|
|t:|1660086843
|switch|p1a: Mandibuzz|Mandibuzz, F|100/100
|move|p2a: Kong|Swords Dance|p2a: Kong
|-boost|p2a: Kong|atk|2
|
|-heal|p2a: Kong|66/100|[from] Grassy Terrain
|-fieldend|move: Grassy Terrain
|upkeep
|turn|13
|j| Tace
|
|t:|1660086847
|move|p2a: Kong|Superpower|p1a: Mandibuzz
|-damage|p1a: Mandibuzz|39/100
|-unboost|p2a: Kong|atk|1
|-unboost|p2a: Kong|def|1
|-damage|p2a: Kong|56/100|[from] item: Life Orb
|move|p1a: Mandibuzz|Roost|p1a: Mandibuzz
|-heal|p1a: Mandibuzz|89/100
|-singleturn|p1a: Mandibuzz|move: Roost
|
|-end|p2a: Kong|move: Future Sight
|-damage|p2a: Kong|0 fnt
|faint|p2a: Kong
|upkeep
|j| ErnstBusch
|
|t:|1660086863
|switch|p2a: Achilles|Aegislash, M, shiny|100/100
|turn|14
|
|t:|1660086867
|switch|p1a: Magnezone|Magnezone|100/100
|move|p2a: Achilles|Swords Dance|p2a: Achilles
|-boost|p2a: Achilles|atk|2
|
|upkeep
|turn|15
|
|t:|1660086871
|move|p1a: Magnezone|Volt Switch|p2a: Achilles
|-damage|p2a: Achilles|56/100
|
|t:|1660086876
|switch|p1a: Tapu Koko|Tapu Koko|55/100|[from]move: Volt Switch
|-fieldstart|move: Electric Terrain|[from] ability: Electric Surge|[of] p1a: Tapu Koko
|move|p2a: Achilles|Swords Dance|p2a: Achilles
|-boost|p2a: Achilles|atk|2
|
|upkeep
|turn|16
|
|t:|1660086879
|-formechange|p2a: Achilles|Aegislash-Blade||[from] ability: Stance Change
|move|p2a: Achilles|Shadow Sneak|p1a: Tapu Koko
|-damage|p1a: Tapu Koko|0 fnt
|faint|p1a: Tapu Koko
|
|upkeep
|
|t:|1660086880
|switch|p1a: Magnezone|Magnezone|100/100
|turn|17
|
|t:|1660086884
|move|p2a: Achilles|Shadow Sneak|p1a: Magnezone
|-damage|p1a: Magnezone|27/100
|move|p1a: Magnezone|Volt Switch|p2a: Achilles
|-crit|p2a: Achilles
|-damage|p2a: Achilles|0 fnt
|faint|p2a: Achilles
|
|t:|1660086893
|switch|p1a: Mandibuzz|Mandibuzz, F|89/100|[from]move: Volt Switch
|
|upkeep
|
|t:|1660086896
|switch|p2a: Destroyer|Blaziken, M, shiny|64/100
|turn|18
|
|t:|1660086898
|switch|p1a: Slowbro|Slowbro, F|100/100
|move|p2a: Destroyer|Close Combat|p1a: Slowbro
|-resisted|p1a: Slowbro
|-damage|p1a: Slowbro|66/100
|-unboost|p2a: Destroyer|def|1
|-unboost|p2a: Destroyer|spd|1
|-damage|p2a: Destroyer|54/100|[from] item: Life Orb
|
|-ability|p2a: Destroyer|Speed Boost|boost
|-boost|p2a: Destroyer|spe|1
|upkeep
|turn|19
|l| Tace
|j| leona misa
|
|t:|1660086903
|switch|p2a: eviathan|Dragapult, M, shiny|100/100
|move|p1a: Slowbro|Future Sight|p2a: eviathan
|-start|p1a: Slowbro|move: Future Sight
|
|-fieldend|move: Electric Terrain
|upkeep
|turn|20
|j| sackchaser
|
|t:|1660086910
|move|p2a: eviathan|Dragon Darts|p1a: Slowbro
|-crit|p1a: Slowbro
|-damage|p1a: Slowbro|26/100
|-anim|p2a: eviathan|Dragon Darts|p1a: Slowbro
|-damage|p1a: Slowbro|0 fnt
|faint|p1a: Slowbro
|-damage|p2a: eviathan|91/100|[from] item: Life Orb
|
|upkeep
|
|t:|1660086914
|switch|p1a: Mandibuzz|Mandibuzz, F|89/100
|turn|21
|
|t:|1660086923
|move|p2a: eviathan|Dragon Darts|p1a: Mandibuzz
|-damage|p1a: Mandibuzz|70/100
|-anim|p2a: eviathan|Dragon Darts|p1a: Mandibuzz
|-damage|p1a: Mandibuzz|51/100
|-damage|p2a: eviathan|81/100|[from] item: Life Orb
|move|p1a: Mandibuzz|Roost|p1a: Mandibuzz
|-heal|p1a: Mandibuzz|100/100
|-singleturn|p1a: Mandibuzz|move: Roost
|
|-end|p2a: eviathan|move: Future Sight
|-crit|p2a: eviathan
|-damage|p2a: eviathan|3/100
|upkeep
|turn|22
|
|t:|1660086928
|move|p2a: eviathan|Dragon Dance|p2a: eviathan
|-boost|p2a: eviathan|atk|1
|-boost|p2a: eviathan|spe|1
|move|p1a: Mandibuzz|Roost||[still]
|-fail|p1a: Mandibuzz|heal
|
|upkeep
|turn|23
|j| Tace
|
|t:|1660086935
|switch|p1a: Magnezone|Magnezone|27/100
|move|p2a: eviathan|Dragon Darts|p1a: Magnezone
|-resisted|p1a: Magnezone
|-damage|p1a: Magnezone|0 fnt
|faint|p1a: Magnezone
|-damage|p2a: eviathan|0 fnt|[from] item: Life Orb
|faint|p2a: eviathan
|
|upkeep
|
|t:|1660086941
|switch|p2a: Destroyer|Blaziken, M, shiny|54/100
|switch|p1a: Mandibuzz|Mandibuzz, F|100/100
|turn|24
|
|t:|1660086946
|move|p2a: Destroyer|Flare Blitz|p1a: Mandibuzz
|-damage|p1a: Mandibuzz|55/100
|-damage|p2a: Destroyer|33/100|[from] Recoil
|-damage|p2a: Destroyer|23/100|[from] item: Life Orb
|move|p1a: Mandibuzz|Foul Play|p2a: Destroyer
|-resisted|p2a: Destroyer
|-damage|p2a: Destroyer|0 fnt
|faint|p2a: Destroyer
|
|upkeep
|
|t:|1660086949
|switch|p2a: Deathstroke|Kartana, shiny|100/100
|turn|25
|
|t:|1660086951
|move|p2a: Deathstroke|Sacred Sword|p1a: Mandibuzz
|-damage|p1a: Mandibuzz|32/100
|move|p1a: Mandibuzz|Roost|p1a: Mandibuzz
|-heal|p1a: Mandibuzz|82/100
|-singleturn|p1a: Mandibuzz|move: Roost
|
|upkeep
|turn|26
|-message|LT92PF pop smoke forfeited.
|
|win|Pinkacross
|raw|Pinkacross's rating: 1813 &rarr; <strong>1836</strong><br />(+23 for winning)
|raw|LT92PF pop smoke's rating: 1862 &rarr; <strong>1839</strong><br />(-23 for losing)
|l|☆LT92PF pop smoke
|c|☆Pinkacross|gg
