|html|<div class="broadcast-blue"><strong>[Gen 8] OU is currently suspecting Melmetal! For information on how to participate check out the <a href="https://www.smogon.com/forums/threads/np-ss-ou-suspect-process-round-12-monster-mash.3709234/">suspect thread</a>.</strong></div>
|j|☆Elite4Donovan
|j|‽DONOVAN MVP SZN
|t:|1666485308
|gametype|singles
|player|p1|Elite4Donovan|lucas|
|player|p2|DONOVAN MVP SZN|swimmer|
|teamsize|p1|6
|teamsize|p2|6
|gen|8
|tier|[Gen 8] OU
|rule|Sleep Clause Mod: Limit one foe put to sleep
|rule|Species Clause: Limit one of each Pokémon
|rule|OHKO Clause: OHKO moves are banned
|rule|Evasion Items Clause: Evasion items are banned
|rule|Evasion Moves Clause: Evasion moves are banned
|rule|Endless Battle Clause: Forcing endless battles is banned
|rule|HP Percentage Mod: HP is shown in percentages
|rule|Dynamax Clause: You cannot dynamax
|clearpoke
|poke|p1|Frosmoth, F|
|poke|p1|Hatterene, F|
|poke|p1|Corviknight, F|
|poke|p1|Garchomp, M|
|poke|p1|Urshifu-*, M|
|poke|p1|Volcarona, M|
|poke|p2|Weavile, F|
|poke|p2|Volcanion|
|poke|p2|Zapdos|
|poke|p2|Landorus-Therian, M|
|poke|p2|Kartana|
|poke|p2|Melmetal|
|teampreview
|c|☆Elite4Donovan|ill link game
|c|☆Elite4Donovan|gl hf
|j| Rand_Zorua
|
|t:|1666485343
|start
|switch|p1a: Garchomp|Garchomp, M|100/100
|switch|p2a: Weavile|Weavile, F|100/100
|-ability|p2a: Weavile|Pressure
|turn|1
|
|t:|1666485350
|move|p1a: Garchomp|Protect|p1a: Garchomp
|-singleturn|p1a: Garchomp|Protect
|move|p2a: Weavile|Triple Axel|p1a: Garchomp
|-activate|p1a: Garchomp|move: Protect
|
|upkeep
|turn|2
|j| PikachuZappyZap
|c| PikachuZappyZap|DONOVAN MVP SZN gm
|
|t:|1666485371
|switch|p1a: Urshifu|Urshifu-Rapid-Strike, M|100/100
|move|p2a: Weavile|Triple Axel|p1a: Urshifu
|-resisted|p1a: Urshifu
|-damage|p1a: Urshifu|93/100
|-resisted|p1a: Urshifu
|-damage|p1a: Urshifu|76/100
|-resisted|p1a: Urshifu
|-damage|p1a: Urshifu|52/100
|-hitcount|p1a: Urshifu|3
|
|upkeep
|turn|3
|
|t:|1666485379
|switch|p2a: Zapdos|Zapdos|100/100
|move|p1a: Urshifu|U-turn|p2a: Zapdos
|-resisted|p2a: Zapdos
|-damage|p2a: Zapdos|87/100
|
|t:|1666485402
|switch|p1a: Frosmoth|Frosmoth, F|100/100|[from]move: U-turn
|
|upkeep
|turn|4
|
|t:|1666485409
|move|p2a: Zapdos|Heat Wave|p1a: Frosmoth|[miss]
|-miss|p2a: Zapdos|p1a: Frosmoth
|move|p1a: Frosmoth|Ice Beam|p2a: Zapdos
|-supereffective|p2a: Zapdos
|-damage|p2a: Zapdos|0 fnt
|faint|p2a: Zapdos
|
|upkeep
|
|t:|1666485421
|switch|p2a: Volcanion|Volcanion|100/100
|turn|5
|
|t:|1666485430
|move|p2a: Volcanion|Steam Eruption|p1a: Frosmoth
|-damage|p1a: Frosmoth|70/100
|move|p1a: Frosmoth|Mirror Coat|p2a: Volcanion
|-damage|p2a: Volcanion|41/100
|
|upkeep
|turn|6
|c| PikachuZappyZap|frosmoth @ fire berry @ assault vest 252 hp 252 spd 252 spa
|
|t:|1666485441
|switch|p2a: Melmetal|Melmetal|100/100
|move|p1a: Frosmoth|Mirror Coat||[still]
|-fail|p1a: Frosmoth
|
|upkeep
|turn|7
|
|t:|1666485449
|switch|p1a: Corviknight|Corviknight, F|100/100
|-ability|p1a: Corviknight|Pressure
|move|p2a: Melmetal|Thunder Punch|p1a: Corviknight
|-supereffective|p1a: Corviknight
|-damage|p1a: Corviknight|56/100
|
|upkeep
|turn|8
|
|t:|1666485455
|move|p1a: Corviknight|Roost|p1a: Corviknight
|-heal|p1a: Corviknight|100/100
|-singleturn|p1a: Corviknight|move: Roost
|move|p2a: Melmetal|Earthquake|p1a: Corviknight
|-supereffective|p1a: Corviknight
|-damage|p1a: Corviknight|50/100
|
|upkeep
|turn|9
|
|t:|1666485461
|switch|p2a: Volcanion|Volcanion|41/100
|move|p1a: Corviknight|Roost|p1a: Corviknight
|-heal|p1a: Corviknight|100/100
|-singleturn|p1a: Corviknight|move: Roost
|
|upkeep
|turn|10
|
|t:|1666485465
|switch|p1a: Garchomp|Garchomp, M|100/100
|move|p2a: Volcanion|Flamethrower|p1a: Garchomp
|-resisted|p1a: Garchomp
|-damage|p1a: Garchomp|70/100
|
|-heal|p1a: Garchomp|77/100|[from] item: Leftovers
|upkeep
|turn|11
|
|t:|1666485467
|move|p1a: Garchomp|Stealth Rock|p2a: Volcanion
|-sidestart|p2: DONOVAN MVP SZN|move: Stealth Rock
|move|p2a: Volcanion|Flamethrower|p1a: Garchomp
|-resisted|p1a: Garchomp
|-damage|p1a: Garchomp|42/100
|
|-heal|p1a: Garchomp|48/100|[from] item: Leftovers
|upkeep
|turn|12
|
|t:|1666485471
|switch|p2a: Landorus|Landorus-Therian, M|100/100
|-damage|p2a: Landorus|88/100|[from] Stealth Rock
|-ability|p2a: Landorus|Intimidate|boost
|-unboost|p1a: Garchomp|atk|1
|move|p1a: Garchomp|Earthquake|p2a: Landorus
|-immune|p2a: Landorus
|
|-heal|p1a: Garchomp|54/100|[from] item: Leftovers
|-heal|p2a: Landorus|94/100|[from] item: Leftovers
|upkeep
|turn|13
|
|t:|1666485473
|move|p1a: Garchomp|Toxic|p2a: Landorus
|-status|p2a: Landorus|tox
|move|p2a: Landorus|Defog|p1a: Garchomp
|-unboost|p1a: Garchomp|evasion|1
|-sideend|p2: DONOVAN MVP SZN|Stealth Rock|[from] move: Defog|[of] p2a: Landorus
|
|-heal|p1a: Garchomp|60/100|[from] item: Leftovers
|-heal|p2a: Landorus|99/100 tox|[from] item: Leftovers
|-damage|p2a: Landorus|94/100 tox|[from] psn
|upkeep
|turn|14
|
|t:|1666485484
|switch|p2a: Weavile|Weavile, F|100/100
|-ability|p2a: Weavile|Pressure
|move|p1a: Garchomp|Protect||[still]
|-fail|p1a: Garchomp
|
|-heal|p1a: Garchomp|67/100|[from] item: Leftovers
|upkeep
|turn|15
|
|t:|1666485496
|move|p1a: Garchomp|Protect|p1a: Garchomp
|-singleturn|p1a: Garchomp|Protect
|move|p2a: Weavile|Triple Axel|p1a: Garchomp
|-activate|p1a: Garchomp|move: Protect
|
|-heal|p1a: Garchomp|73/100|[from] item: Leftovers
|upkeep
|turn|16
|
|t:|1666485502
|switch|p1a: Hatterene|Hatterene, F|100/100
|move|p2a: Weavile|Triple Axel|p1a: Hatterene
|-damage|p1a: Hatterene|87/100
|-damage|p1a: Hatterene|57/100
|-damage|p1a: Hatterene|13/100
|-hitcount|p1a: Hatterene|3
|
|-heal|p1a: Hatterene|19/100|[from] item: Leftovers
|upkeep
|turn|17
|
|t:|1666485506
|move|p2a: Weavile|Triple Axel|p1a: Hatterene
|-damage|p1a: Hatterene|5/100
|-crit|p1a: Hatterene
|-damage|p1a: Hatterene|0 fnt
|faint|p1a: Hatterene
|-hitcount|p1: Hatterene|2
|
|upkeep
|
|t:|1666485511
|switch|p1a: Urshifu|Urshifu-Rapid-Strike, M|52/100
|turn|18
|j| clean
|l| clean
|
|t:|1666485529
|switch|p2a: Landorus|Landorus-Therian, M|94/100 tox
|-ability|p2a: Landorus|Intimidate|boost
|-unboost|p1a: Urshifu|atk|1
|move|p1a: Urshifu|Close Combat|p2a: Landorus
|-resisted|p2a: Landorus
|-damage|p2a: Landorus|73/100 tox
|-unboost|p1a: Urshifu|def|1
|-unboost|p1a: Urshifu|spd|1
|
|-heal|p2a: Landorus|79/100 tox|[from] item: Leftovers
|-damage|p2a: Landorus|73/100 tox|[from] psn
|upkeep
|turn|19
|
|t:|1666485535
|switch|p1a: Corviknight|Corviknight, F|100/100
|-ability|p1a: Corviknight|Pressure
|move|p2a: Landorus|U-turn|p1a: Corviknight
|-resisted|p1a: Corviknight
|-damage|p1a: Corviknight|97/100
|
|t:|1666485539
|switch|p2a: Volcanion|Volcanion|41/100|[from]move: U-turn
|
|upkeep
|turn|20
|
|t:|1666485546
|switch|p1a: Garchomp|Garchomp, M|73/100
|move|p2a: Volcanion|Steam Eruption|p1a: Garchomp
|-damage|p1a: Garchomp|0 fnt
|faint|p1a: Garchomp
|
|upkeep
|
|t:|1666485559
|switch|p1a: Volcarona|Volcarona, M|100/100
|turn|21
|
|t:|1666485567
|move|p1a: Volcarona|Psychic|p2a: Volcanion
|-damage|p2a: Volcanion|0 fnt
|faint|p2a: Volcanion
|-damage|p1a: Volcarona|91/100|[from] item: Life Orb
|
|upkeep
|
|t:|1666485580
|switch|p2a: Weavile|Weavile, F|100/100
|-ability|p2a: Weavile|Pressure
|turn|22
|
|t:|1666485584
|switch|p1a: Frosmoth|Frosmoth, F|70/100
|move|p2a: Weavile|Beat Up|p1a: Frosmoth
|-damage|p1a: Frosmoth|44/100
|-damage|p1a: Frosmoth|11/100
|-damage|p1a: Frosmoth|0 fnt
|faint|p1a: Frosmoth
|-hitcount|p1: Frosmoth|3
|
|upkeep
|
|t:|1666485586
|switch|p1a: Urshifu|Urshifu-Rapid-Strike, M|52/100
|turn|23
|
|t:|1666485592
|switch|p2a: Kartana|Kartana, shiny|100/100
|move|p1a: Urshifu|Surging Strikes|p2a: Kartana
|-resisted|p2a: Kartana
|-crit|p2a: Kartana
|-damage|p2a: Kartana|90/100
|-resisted|p2a: Kartana
|-crit|p2a: Kartana
|-damage|p2a: Kartana|80/100
|-resisted|p2a: Kartana
|-crit|p2a: Kartana
|-damage|p2a: Kartana|69/100
|-hitcount|p2a: Kartana|3
|
|upkeep
|turn|24
|
|t:|1666485606
|switch|p1a: Corviknight|Corviknight, F|97/100
|-ability|p1a: Corviknight|Pressure
|move|p2a: Kartana|Knock Off|p1a: Corviknight
|-damage|p1a: Corviknight|78/100
|
|upkeep
|turn|25
|
|t:|1666485617
|switch|p2a: Landorus|Landorus-Therian, M|73/100 tox
|-ability|p2a: Landorus|Intimidate|boost
|-unboost|p1a: Corviknight|atk|1
|switch|p1a: Urshifu|Urshifu-Rapid-Strike, M|52/100
|
|-heal|p2a: Landorus|79/100 tox|[from] item: Leftovers
|-damage|p2a: Landorus|73/100 tox|[from] psn
|upkeep
|turn|26
|
|t:|1666485629
|move|p1a: Urshifu|Surging Strikes|p2a: Landorus
|-supereffective|p2a: Landorus
|-crit|p2a: Landorus
|-damage|p2a: Landorus|34/100 tox
|-supereffective|p2a: Landorus
|-crit|p2a: Landorus
|-damage|p2a: Landorus|0 fnt
|faint|p2a: Landorus
|-hitcount|p2: Landorus|2
|
|upkeep
|
|t:|1666485632
|switch|p2a: Melmetal|Melmetal|100/100
|turn|27
|
|t:|1666485637
|switch|p1a: Corviknight|Corviknight, F|78/100
|-ability|p1a: Corviknight|Pressure
|move|p2a: Melmetal|Thunder Punch|p1a: Corviknight
|-supereffective|p1a: Corviknight
|-damage|p1a: Corviknight|38/100
|
|upkeep
|turn|28
|
|t:|1666485642
|move|p1a: Corviknight|Roost|p1a: Corviknight
|-heal|p1a: Corviknight|88/100
|-singleturn|p1a: Corviknight|move: Roost
|move|p2a: Melmetal|Earthquake|p1a: Corviknight
|-supereffective|p1a: Corviknight
|-damage|p1a: Corviknight|42/100
|
|upkeep
|turn|29
|
|t:|1666485646
|move|p1a: Corviknight|Roost|p1a: Corviknight
|-heal|p1a: Corviknight|92/100
|-singleturn|p1a: Corviknight|move: Roost
|move|p2a: Melmetal|Thunder Punch|p1a: Corviknight
|-damage|p1a: Corviknight|71/100
|
|upkeep
|turn|30
|
|t:|1666485656
|switch|p1a: Volcarona|Volcarona, M|91/100
|move|p2a: Melmetal|Thunder Punch|p1a: Volcarona
|-damage|p1a: Volcarona|39/100
|
|upkeep
|turn|31
|
|t:|1666485662
|move|p1a: Volcarona|Fire Blast|p2a: Melmetal
|-supereffective|p2a: Melmetal
|-damage|p2a: Melmetal|17/100
|-damage|p1a: Volcarona|29/100|[from] item: Life Orb
|move|p2a: Melmetal|Thunder Punch|p1a: Volcarona
|-damage|p1a: Volcarona|0 fnt
|faint|p1a: Volcarona
|
|upkeep
|
|t:|1666485665
|switch|p1a: Urshifu|Urshifu-Rapid-Strike, M|52/100
|turn|32
|j| blunder is a bum
|
|t:|1666485688
|move|p1a: Urshifu|Close Combat|p2a: Melmetal
|-supereffective|p2a: Melmetal
|-damage|p2a: Melmetal|0 fnt
|-unboost|p1a: Urshifu|def|1
|-unboost|p1a: Urshifu|spd|1
|faint|p2a: Melmetal
|
|upkeep
|
|t:|1666485692
|switch|p2a: Kartana|Kartana, shiny|69/100
|turn|33
|
|t:|1666485736
|switch|p1a: Corviknight|Corviknight, F|71/100
|-ability|p1a: Corviknight|Pressure
|move|p2a: Kartana|Leaf Blade|p1a: Corviknight
|-resisted|p1a: Corviknight
|-damage|p1a: Corviknight|61/100
|
|upkeep
|turn|34
|
|t:|1666485746
|switch|p2a: Weavile|Weavile, F|100/100
|-ability|p2a: Weavile|Pressure
|move|p1a: Corviknight|Roost|p1a: Corviknight
|-heal|p1a: Corviknight|100/100
|-singleturn|p1a: Corviknight|move: Roost
|
|upkeep
|turn|35
|
|t:|1666485752
|move|p2a: Weavile|Knock Off|p1a: Corviknight
|-damage|p1a: Corviknight|68/100
|move|p1a: Corviknight|Roost|p1a: Corviknight
|-heal|p1a: Corviknight|100/100
|-singleturn|p1a: Corviknight|move: Roost
|
|upkeep
|turn|36
|
|t:|1666485758
|switch|p2a: Kartana|Kartana, shiny|69/100
|move|p1a: Corviknight|Brave Bird|p2a: Kartana
|-damage|p2a: Kartana|30/100
|-damage|p1a: Corviknight|92/100|[from] Recoil
|
|upkeep
|turn|37
|
|t:|1666485782
|switch|p2a: Weavile|Weavile, F|100/100
|-ability|p2a: Weavile|Pressure
|move|p1a: Corviknight|Roost|p1a: Corviknight
|-heal|p1a: Corviknight|100/100
|-singleturn|p1a: Corviknight|move: Roost
|
|upkeep
|turn|38
|
|t:|1666485787
|move|p2a: Weavile|Triple Axel|p1a: Corviknight
|-damage|p1a: Corviknight|90/100
|-damage|p1a: Corviknight|68/100
|-damage|p1a: Corviknight|35/100
|-hitcount|p1a: Corviknight|3
|move|p1a: Corviknight|Roost|p1a: Corviknight
|-heal|p1a: Corviknight|85/100
|-singleturn|p1a: Corviknight|move: Roost
|
|upkeep
|turn|39
|
|t:|1666485804
|switch|p1a: Urshifu|Urshifu-Rapid-Strike, M|52/100
|move|p2a: Weavile|Triple Axel|p1a: Urshifu
|-resisted|p1a: Urshifu
|-damage|p1a: Urshifu|43/100
|-resisted|p1a: Urshifu
|-damage|p1a: Urshifu|26/100
|-resisted|p1a: Urshifu
|-damage|p1a: Urshifu|1/100
|-hitcount|p1a: Urshifu|3
|
|upkeep
|turn|40
|
|t:|1666485815
|move|p1a: Urshifu|Close Combat|p2a: Weavile
|-supereffective|p2a: Weavile
|-damage|p2a: Weavile|0 fnt
|-unboost|p1a: Urshifu|def|1
|-unboost|p1a: Urshifu|spd|1
|faint|p2a: Weavile
|
|upkeep
|
|t:|1666485827
|switch|p2a: Kartana|Kartana, shiny|30/100
|turn|41
|
|t:|1666485841
|switch|p1a: Corviknight|Corviknight, F|85/100
|-ability|p1a: Corviknight|Pressure
|move|p2a: Kartana|Sacred Sword|p1a: Corviknight
|-damage|p1a: Corviknight|58/100
|
|upkeep
|turn|42
|
|t:|1666485847
|move|p2a: Kartana|Sacred Sword|p1a: Corviknight
|-damage|p1a: Corviknight|34/100
|move|p1a: Corviknight|Thief|p2a: Kartana
|-damage|p2a: Kartana|17/100
|-enditem|p2a: Kartana|Choice Scarf|[silent]|[from] move: Thief|[of] p1a: Corviknight
|-item|p1a: Corviknight|Choice Scarf|[from] move: Thief|[of] p2a: Kartana
|
|upkeep
|turn|43
|
|t:|1666485850
|move|p2a: Kartana|Sacred Sword|p1a: Corviknight
|-damage|p1a: Corviknight|7/100
|move|p1a: Corviknight|Brave Bird|p2a: Kartana
|-damage|p2a: Kartana|0 fnt
|faint|p2a: Kartana
|-damage|p1a: Corviknight|3/100|[from] Recoil
|
|win|Elite4Donovan
|c|☆Elite4Donovan|gg
|j| Pier990
|l| Pier990
|l| Rand_Zorua
|l|‽DONOVAN MVP SZN
|j| mgtcp10
|l| PikachuZappyZap
|l| blunder is a bum
|j| call the crew
|l| call the crew
|j| marsandback
|l| marsandback
|j| want and wish
|l| want and wish
