|j|☆LT_Alt1
|j|☆Chonk Tom
|t:|1660666914
|gametype|singles
|player|p1|LT_Alt1|102|1637
|player|p2|Chonk Tom|265|1603
|teamsize|p1|6
|teamsize|p2|6
|gen|8
|tier|[Gen 8] OU
|rated|
|rule|Sleep Clause Mod: Limit one foe put to sleep
|rule|Species Clause: Limit one of each Pokémon
|rule|OHKO Clause: OHKO moves are banned
|rule|Evasion Items Clause: Evasion items are banned
|rule|Evasion Moves Clause: Evasion moves are banned
|rule|Endless Battle Clause: Forcing endless battles is banned
|rule|HP Percentage Mod: HP is shown in percentages
|rule|Dynamax Clause: You cannot dynamax
|clearpoke
|poke|p1|Alakazam, F|
|poke|p1|Chansey, F|
|poke|p1|Zapdos|
|poke|p1|Clefable, M|
|poke|p1|Slowbro, F|
|poke|p1|Rhydon, M|
|poke|p2|Tyranitar, M|
|poke|p2|Dracozolt|
|poke|p2|Landorus-Therian, M|
|poke|p2|Amoonguss, F|
|poke|p2|Clefable, M|
|poke|p2|Aegislash, M|
|teampreview
|
|t:|1660666931
|start
|switch|p1a: Slowbro|Slowbro, F|100/100
|switch|p2a: Simba|Landorus-Therian, M|100/100
|-ability|p2a: Simba|Intimidate|boost
|-unboost|p1a: Slowbro|atk|1
|turn|1
|
|t:|1660666937
|move|p2a: Simba|U-turn|p1a: Slowbro
|-supereffective|p1a: Slowbro
|-damage|p1a: Slowbro|73/100
|-damage|p2a: Simba|84/100|[from] item: Rocky Helmet|[of] p1a: Slowbro
|inactive|Battle timer is ON: inactive players will automatically lose when time's up. (requested by Chonk Tom)
|
|t:|1660666941
|switch|p2a: Amogus|Amoonguss, F|100/100|[from]move: U-turn
|move|p1a: Slowbro|Ice Beam|p2a: Amogus
|-supereffective|p2a: Amogus
|-damage|p2a: Amogus|66/100
|
|upkeep
|turn|2
|
|t:|1660666949
|switch|p1a: Chansey|Chansey, F|100/100
|move|p2a: Amogus|Sludge Bomb|p1a: Chansey
|-damage|p1a: Chansey|92/100
|-status|p1a: Chansey|psn
|
|-damage|p1a: Chansey|79/100 psn|[from] psn
|upkeep
|turn|3
|
|t:|1660666958
|switch|p2a: kAzekage|Tyranitar, M|100/100
|-weather|Sandstorm|[from] ability: Sand Stream|[of] p2a: kAzekage
|move|p1a: Chansey|Teleport|p1a: Chansey
|
|t:|1660666965
|-curestatus|p1a: Chansey|psn|[from] ability: Natural Cure
|switch|p1a: Slowbro|Slowbro, F|100/100|[from]move: Teleport
|
|-weather|Sandstorm|[upkeep]
|-damage|p1a: Slowbro|94/100|[from] Sandstorm
|upkeep
|turn|4
|
|t:|1660666972
|switch|p2a: Amogus|Amoonguss, F|99/100
|move|p1a: Slowbro|Body Press|p2a: Amogus
|-resisted|p2a: Amogus
|-damage|p2a: Amogus|88/100
|-damage|p1a: Slowbro|78/100|[from] item: Rocky Helmet|[of] p2a: Amogus
|
|-weather|Sandstorm|[upkeep]
|-damage|p2a: Amogus|82/100|[from] Sandstorm
|-damage|p1a: Slowbro|72/100|[from] Sandstorm
|upkeep
|turn|5
|
|t:|1660666982
|switch|p2a: Darth Vader|Aegislash, M|100/100
|move|p1a: Slowbro|Teleport|p1a: Slowbro
|
|t:|1660666992
|switch|p1a: Chansey|Chansey, F|79/100|[from]move: Teleport
|
|-weather|Sandstorm|[upkeep]
|-damage|p1a: Chansey|73/100|[from] Sandstorm
|upkeep
|turn|6
|
|t:|1660667005
|-formechange|p2a: Darth Vader|Aegislash-Blade||[from] ability: Stance Change
|move|p2a: Darth Vader|Shadow Ball|p1a: Chansey
|-immune|p1a: Chansey
|move|p1a: Chansey|Reflect|p1a: Chansey
|-sidestart|p1: LT_Alt1|Reflect
|
|-weather|Sandstorm|[upkeep]
|-damage|p1a: Chansey|67/100|[from] Sandstorm
|upkeep
|turn|7
|
|t:|1660667018
|switch|p2a: Amogus|Amoonguss, F|100/100
|move|p1a: Chansey|Teleport|p1a: Chansey
|
|t:|1660667022
|switch|p1a: Alakazam|Alakazam, F|100/100|[from]move: Teleport
|
|-weather|none
|upkeep
|turn|8
|
|t:|1660667031
|move|p1a: Alakazam|Dazzling Gleam|p2a: Amogus
|-resisted|p2a: Amogus
|-damage|p2a: Amogus|86/100
|move|p2a: Amogus|Spore|p1a: Alakazam
|-status|p1a: Alakazam|slp|[from] move: Spore
|
|upkeep
|turn|9
|
|t:|1660667038
|switch|p1a: Rhydon|Rhydon, M|100/100
|switch|p2a: Darth Vader|Aegislash, M|100/100
|
|upkeep
|turn|10
|
|t:|1660667045
|switch|p2a: Bubblegum|Clefable, M|100/100
|switch|p1a: Chansey|Chansey, F|67/100
|
|-sideend|p1: LT_Alt1|Reflect
|upkeep
|turn|11
|
|t:|1660667052
|move|p2a: Bubblegum|Stealth Rock|p1a: Chansey
|-sidestart|p1: LT_Alt1|move: Stealth Rock
|move|p1a: Chansey|Reflect|p1a: Chansey
|-sidestart|p1: LT_Alt1|Reflect
|
|upkeep
|turn|12
|
|t:|1660667066
|switch|p2a: Amogus|Amoonguss, F|100/100
|move|p1a: Chansey|Soft-Boiled|p1a: Chansey
|-heal|p1a: Chansey|100/100
|
|upkeep
|turn|13
|
|t:|1660667072
|move|p2a: Amogus|Sludge Bomb|p1a: Chansey
|-damage|p1a: Chansey|92/100
|-status|p1a: Chansey|psn
|move|p1a: Chansey|Teleport|p1a: Chansey
|
|t:|1660667078
|-curestatus|p1a: Chansey|psn|[from] ability: Natural Cure
|switch|p1a: Zapdos|Zapdos|100/100|[from]move: Teleport
|
|upkeep
|turn|14
|
|t:|1660667084
|switch|p2a: kAzekage|Tyranitar, M|100/100
|-weather|Sandstorm|[from] ability: Sand Stream|[of] p2a: kAzekage
|move|p1a: Zapdos|Volt Switch|p2a: kAzekage
|-damage|p2a: kAzekage|89/100
|
|t:|1660667091
|switch|p1a: Rhydon|Rhydon, M|100/100|[from]move: Volt Switch
|-damage|p1a: Rhydon|94/100|[from] Stealth Rock
|
|-weather|Sandstorm|[upkeep]
|upkeep
|turn|15
|
|t:|1660667097
|switch|p2a: Bubblegum|Clefable, M|100/100
|move|p1a: Rhydon|Stealth Rock|p2a: Bubblegum
|-sidestart|p2: Chonk Tom|move: Stealth Rock
|
|-weather|Sandstorm|[upkeep]
|-sideend|p1: LT_Alt1|Reflect
|upkeep
|turn|16
|
|t:|1660667105
|switch|p1a: Chansey|Chansey, F|92/100
|-damage|p1a: Chansey|79/100|[from] Stealth Rock
|move|p2a: Bubblegum|Teleport|p2a: Bubblegum
|
|t:|1660667111
|switch|p2a: Devastating Drake|Dracozolt, shiny|100/100|[from]move: Teleport
|-damage|p2a: Devastating Drake|88/100|[from] Stealth Rock
|
|-weather|Sandstorm|[upkeep]
|-damage|p1a: Chansey|73/100|[from] Sandstorm
|upkeep
|turn|17
|
|t:|1660667119
|move|p2a: Devastating Drake|Bolt Beak|p1a: Chansey
|-damage|p1a: Chansey|22/100
|-damage|p2a: Devastating Drake|78/100|[from] item: Life Orb
|move|p1a: Chansey|Soft-Boiled|p1a: Chansey
|-heal|p1a: Chansey|72/100
|
|-weather|Sandstorm|[upkeep]
|-damage|p1a: Chansey|66/100|[from] Sandstorm
|upkeep
|turn|18
|
|t:|1660667131
|move|p2a: Devastating Drake|Bolt Beak|p1a: Chansey
|-damage|p1a: Chansey|14/100
|-damage|p2a: Devastating Drake|68/100|[from] item: Life Orb
|move|p1a: Chansey|Soft-Boiled|p1a: Chansey
|-heal|p1a: Chansey|64/100
|
|-weather|none
|upkeep
|turn|19
|
|t:|1660667139
|move|p2a: Devastating Drake|Bolt Beak|p1a: Chansey
|-damage|p1a: Chansey|8/100
|-damage|p2a: Devastating Drake|58/100|[from] item: Life Orb
|move|p1a: Chansey|Soft-Boiled|p1a: Chansey
|-heal|p1a: Chansey|58/100
|
|upkeep
|turn|20
|
|t:|1660667150
|switch|p1a: Rhydon|Rhydon, M|94/100
|-damage|p1a: Rhydon|88/100|[from] Stealth Rock
|move|p2a: Devastating Drake|Bolt Beak|p1a: Rhydon
|-ability|p1a: Rhydon|Lightning Rod|boost
|-boost|p1a: Rhydon|spa|1
|
|upkeep
|turn|21
|
|t:|1660667157
|switch|p2a: Simba|Landorus-Therian, M|84/100
|-damage|p2a: Simba|72/100|[from] Stealth Rock
|-ability|p2a: Simba|Intimidate|boost
|-unboost|p1a: Rhydon|atk|1
|move|p1a: Rhydon|Stone Edge|p2a: Simba
|-damage|p2a: Simba|35/100
|
|-heal|p2a: Simba|41/100|[from] item: Leftovers
|upkeep
|turn|22
|
|t:|1660667168
|switch|p1a: Slowbro|Slowbro, F|100/100
|-damage|p1a: Slowbro|88/100|[from] Stealth Rock
|move|p2a: Simba|Knock Off|p1a: Slowbro
|-supereffective|p1a: Slowbro
|-damage|p1a: Slowbro|52/100
|-damage|p2a: Simba|24/100|[from] item: Rocky Helmet|[of] p1a: Slowbro
|-enditem|p1a: Slowbro|Rocky Helmet|[from] move: Knock Off|[of] p2a: Simba
|
|-heal|p2a: Simba|30/100|[from] item: Leftovers
|upkeep
|turn|23
|
|t:|1660667179
|move|p2a: Simba|U-turn|p1a: Slowbro
|-supereffective|p1a: Slowbro
|-damage|p1a: Slowbro|25/100
|
|t:|1660667183
|switch|p2a: Darth Vader|Aegislash, M|100/100|[from]move: U-turn
|-damage|p2a: Darth Vader|94/100|[from] Stealth Rock
|move|p1a: Slowbro|Teleport|p1a: Slowbro
|
|t:|1660667188
|switch|p1a: Chansey|Chansey, F|58/100|[from]move: Teleport
|-damage|p1a: Chansey|46/100|[from] Stealth Rock
|
|upkeep
|turn|24
|
|t:|1660667197
|switch|p1a: Zapdos|Zapdos|100/100
|-formechange|p2a: Darth Vader|Aegislash-Blade||[from] ability: Stance Change
|move|p2a: Darth Vader|Close Combat|p1a: Zapdos
|-resisted|p1a: Zapdos
|-damage|p1a: Zapdos|86/100
|-unboost|p2a: Darth Vader|def|1
|-unboost|p2a: Darth Vader|spd|1
|
|upkeep
|turn|25
|
|t:|1660667209
|switch|p2a: Simba|Landorus-Therian, M|30/100
|-damage|p2a: Simba|18/100|[from] Stealth Rock
|-ability|p2a: Simba|Intimidate|boost
|-unboost|p1a: Zapdos|atk|1
|move|p1a: Zapdos|Volt Switch|p2a: Simba
|-immune|p2a: Simba
|
|-heal|p2a: Simba|24/100|[from] item: Leftovers
|upkeep
|turn|26
|
|t:|1660667218
|move|p1a: Zapdos|Hurricane|p2a: Simba|[miss]
|-miss|p1a: Zapdos|p2a: Simba
|move|p2a: Simba|U-turn|p1a: Zapdos
|-resisted|p1a: Zapdos
|-damage|p1a: Zapdos|76/100
|
|t:|1660667223
|switch|p2a: kAzekage|Tyranitar, M|89/100|[from]move: U-turn
|-damage|p2a: kAzekage|77/100|[from] Stealth Rock
|-weather|Sandstorm|[from] ability: Sand Stream|[of] p2a: kAzekage
|
|-weather|Sandstorm|[upkeep]
|-damage|p1a: Zapdos|70/100|[from] Sandstorm
|upkeep
|turn|27
|
|t:|1660667232
|move|p1a: Zapdos|Volt Switch|p2a: kAzekage
|-damage|p2a: kAzekage|66/100
|
|t:|1660667243
|switch|p1a: Rhydon|Rhydon, M|88/100|[from]move: Volt Switch
|-damage|p1a: Rhydon|82/100|[from] Stealth Rock
|move|p2a: kAzekage|Ice Punch|p1a: Rhydon
|-supereffective|p1a: Rhydon
|-damage|p1a: Rhydon|51/100
|
|-weather|Sandstorm|[upkeep]
|upkeep
|turn|28
|
|t:|1660667259
|move|p2a: kAzekage|Ice Punch|p1a: Rhydon
|-supereffective|p1a: Rhydon
|-damage|p1a: Rhydon|20/100
|move|p1a: Rhydon|Stone Edge|p2a: kAzekage|[miss]
|-miss|p1a: Rhydon|p2a: kAzekage
|
|-weather|Sandstorm|[upkeep]
|upkeep
|turn|29
|
|t:|1660667270
|switch|p1a: Slowbro|Slowbro, F|58/100
|-damage|p1a: Slowbro|45/100|[from] Stealth Rock
|move|p2a: kAzekage|Ice Punch|p1a: Slowbro
|-resisted|p1a: Slowbro
|-damage|p1a: Slowbro|37/100
|
|-weather|Sandstorm|[upkeep]
|-damage|p1a: Slowbro|31/100|[from] Sandstorm
|upkeep
|turn|30
|
|t:|1660667280
|move|p2a: kAzekage|Crunch|p1a: Slowbro
|-supereffective|p1a: Slowbro
|-damage|p1a: Slowbro|0 fnt
|faint|p1a: Slowbro
|
|-weather|none
|upkeep
|
|t:|1660667286
|switch|p1a: Clefable|Clefable, M|100/100
|turn|31
|
|t:|1660667291
|switch|p2a: Darth Vader|Aegislash, M|94/100
|-damage|p2a: Darth Vader|88/100|[from] Stealth Rock
|move|p1a: Clefable|Calm Mind|p1a: Clefable
|-boost|p1a: Clefable|spa|1
|-boost|p1a: Clefable|spd|1
|
|upkeep
|turn|32
|
|t:|1660667297
|move|p1a: Clefable|Calm Mind|p1a: Clefable
|-boost|p1a: Clefable|spa|1
|-boost|p1a: Clefable|spd|1
|-formechange|p2a: Darth Vader|Aegislash-Blade||[from] ability: Stance Change
|move|p2a: Darth Vader|Flash Cannon|p1a: Clefable
|-supereffective|p1a: Clefable
|-damage|p1a: Clefable|56/100
|-unboost|p1a: Clefable|spd|1
|
|upkeep
|turn|33
|
|t:|1660667307
|switch|p2a: Simba|Landorus-Therian, M|24/100
|-damage|p2a: Simba|11/100|[from] Stealth Rock
|-ability|p2a: Simba|Intimidate|boost
|-unboost|p1a: Clefable|atk|1
|move|p1a: Clefable|Thunder|p2a: Simba
|-immune|p2a: Simba
|
|-heal|p2a: Simba|18/100|[from] item: Leftovers
|upkeep
|turn|34
|
|t:|1660667322
|move|p2a: Simba|Defog|p1a: Clefable
|-unboost|p1a: Clefable|evasion|1
|-sideend|p1: LT_Alt1|Stealth Rock|[from] move: Defog|[of] p2a: Simba
|-sideend|p2: Chonk Tom|Stealth Rock|[from] move: Defog|[of] p2a: Simba
|move|p1a: Clefable|Soft-Boiled|p1a: Clefable
|-heal|p1a: Clefable|100/100
|
|-heal|p2a: Simba|24/100|[from] item: Leftovers
|upkeep
|turn|35
|
|t:|1660667329
|move|p2a: Simba|Earthquake|p1a: Clefable
|-damage|p1a: Clefable|57/100
|move|p1a: Clefable|Moonblast|p2a: Simba
|-damage|p2a: Simba|0 fnt
|faint|p2a: Simba
|
|upkeep
|
|t:|1660667332
|switch|p2a: Devastating Drake|Dracozolt, shiny|58/100
|turn|36
|
|t:|1660667342
|switch|p1a: Rhydon|Rhydon, M|20/100
|move|p2a: Devastating Drake|Bolt Beak|p1a: Rhydon
|-ability|p1a: Rhydon|Lightning Rod|boost
|-boost|p1a: Rhydon|spa|1
|
|upkeep
|turn|37
|
|t:|1660667352
|switch|p1a: Zapdos|Zapdos|70/100
|move|p2a: Devastating Drake|Draco Meteor|p1a: Zapdos
|-damage|p1a: Zapdos|5/100
|-unboost|p2a: Devastating Drake|spa|2
|-damage|p2a: Devastating Drake|48/100|[from] item: Life Orb
|
|upkeep
|turn|38
|
|t:|1660667360
|move|p1a: Zapdos|Roost|p1a: Zapdos
|-heal|p1a: Zapdos|55/100
|-singleturn|p1a: Zapdos|move: Roost
|move|p2a: Devastating Drake|Earthquake|p1a: Zapdos
|-supereffective|p1a: Zapdos
|-damage|p1a: Zapdos|0 fnt
|faint|p1a: Zapdos
|-damage|p2a: Devastating Drake|38/100|[from] item: Life Orb
|
|upkeep
|
|t:|1660667369
|switch|p1a: Chansey|Chansey, F|46/100
|turn|39
|
|t:|1660667374
|move|p2a: Devastating Drake|Bolt Beak|p1a: Chansey
|-damage|p1a: Chansey|0 fnt
|faint|p1a: Chansey
|-damage|p2a: Devastating Drake|28/100|[from] item: Life Orb
|
|upkeep
|
|t:|1660667379
|switch|p1a: Clefable|Clefable, M|57/100
|turn|40
|
|t:|1660667382
|move|p2a: Devastating Drake|Bolt Beak|p1a: Clefable
|-damage|p1a: Clefable|0 fnt
|faint|p1a: Clefable
|-damage|p2a: Devastating Drake|18/100|[from] item: Life Orb
|
|upkeep
|-message|LT_Alt1 forfeited.
|
|win|Chonk Tom
|raw|LT_Alt1's rating: 1637 &rarr; <strong>1615</strong><br />(-22 for losing)
|raw|Chonk Tom's rating: 1603 &rarr; <strong>1625</strong><br />(+22 for winning)
|l|☆LT_Alt1
|c|☆Chonk Tom|well played bro
||Ladder isn't responding, score probably updated but might not have (Request timeout).
