|j|☆dmt dreams
|j|☆LaughingJackass
|inactive|Battle timer is ON: inactive players will automatically lose when time's up.
|t:|1664191475
|gametype|singles
|player|p1|dmt dreams|gambler-gen1|
|player|p2|LaughingJackass|266|
|teamsize|p1|6
|teamsize|p2|6
|gen|8
|tier|[Gen 8] OU
|rated|Tournament battle
|rule|Sleep Clause Mod: Limit one foe put to sleep
|rule|Species Clause: Limit one of each Pokémon
|rule|OHKO Clause: OHKO moves are banned
|rule|Evasion Items Clause: Evasion items are banned
|rule|Evasion Moves Clause: Evasion moves are banned
|rule|Endless Battle Clause: Forcing endless battles is banned
|rule|HP Percentage Mod: HP is shown in percentages
|rule|Dynamax Clause: You cannot dynamax
|clearpoke
|poke|p1|Mew|
|poke|p1|Zeraora|
|poke|p1|Celesteela|
|poke|p1|Dragapult, F|
|poke|p1|Weavile, M|
|poke|p1|Nihilego|
|poke|p2|Tapu Fini|
|poke|p2|Heatran, M|
|poke|p2|Rillaboom, F|
|poke|p2|Zapdos|
|poke|p2|Kartana|
|poke|p2|Garchomp, F|
|teampreview
|inactive|dmt dreams also wants the timer to be on.
|inactive|LaughingJackass also wants the timer to be on.
|
|t:|1664191491
|start
|switch|p1a: Mew|Mew|100/100
|switch|p2a: Garchomp|Garchomp, F|100/100
|turn|1
|
|t:|1664191498
|move|p1a: Mew|Taunt|p2a: Garchomp
|-start|p2a: Garchomp|move: Taunt
|move|p2a: Garchomp|Whirlpool|p1a: Mew
|-damage|p1a: Mew|96/100
|-activate|p1a: Mew|move: Whirlpool|[of] p2a: Garchomp
|
|-damage|p1a: Mew|83/100|[from] move: Whirlpool|[partiallytrapped]
|upkeep
|turn|2
|
|t:|1664191505
|move|p1a: Mew|Will-O-Wisp|p2a: Garchomp
|-status|p2a: Garchomp|brn
|move|p2a: Garchomp|Stomping Tantrum|p1a: Mew
|-damage|p1a: Mew|70/100
|
|-damage|p2a: Garchomp|94/100 brn|[from] brn
|-damage|p1a: Mew|57/100|[from] move: Whirlpool|[partiallytrapped]
|upkeep
|turn|3
|
|t:|1664191508
|move|p1a: Mew|Stealth Rock|p2a: Garchomp
|-sidestart|p2: LaughingJackass|move: Stealth Rock
|move|p2a: Garchomp|Stomping Tantrum|p1a: Mew
|-damage|p1a: Mew|43/100
|
|-heal|p2a: Garchomp|100/100 brn|[from] item: Leftovers
|-damage|p2a: Garchomp|94/100 brn|[from] brn
|-damage|p1a: Mew|31/100|[from] move: Whirlpool|[partiallytrapped]
|-end|p2a: Garchomp|move: Taunt
|upkeep
|turn|4
|
|t:|1664191511
|move|p2a: Garchomp|Protect|p2a: Garchomp
|-singleturn|p2a: Garchomp|Protect
|move|p1a: Mew|Spikes|p2a: Garchomp
|-sidestart|p2: LaughingJackass|Spikes
|
|-heal|p2a: Garchomp|100/100 brn|[from] item: Leftovers
|-damage|p2a: Garchomp|94/100 brn|[from] brn
|-damage|p1a: Mew|19/100|[from] move: Whirlpool|[partiallytrapped]
|upkeep
|turn|5
|
|t:|1664191515
|move|p1a: Mew|Taunt|p2a: Garchomp
|-start|p2a: Garchomp|move: Taunt
|move|p2a: Garchomp|Stomping Tantrum|p1a: Mew
|-damage|p1a: Mew|4/100
|
|-heal|p2a: Garchomp|100/100 brn|[from] item: Leftovers
|-damage|p2a: Garchomp|94/100 brn|[from] brn
|-damage|p1a: Mew|0 fnt|[from] move: Whirlpool|[partiallytrapped]
|faint|p1a: Mew
|upkeep
|c|☆LaughingJackass|close
|
|t:|1664191525
|switch|p1a: Weavile|Weavile, M|100/100
|-ability|p1a: Weavile|Pressure
|turn|6
|
|t:|1664191531
|switch|p2a: Tapu Fini|Tapu Fini|100/100
|-damage|p2a: Tapu Fini|88/100|[from] Stealth Rock
|-damage|p2a: Tapu Fini|75/100|[from] Spikes
|-fieldstart|move: Misty Terrain|[from] ability: Misty Surge|[of] p2a: Tapu Fini
|move|p1a: Weavile|Swords Dance|p1a: Weavile
|-boost|p1a: Weavile|atk|2
|
|-heal|p2a: Tapu Fini|82/100|[from] item: Leftovers
|upkeep
|turn|7
|
|t:|1664191533
|move|p1a: Weavile|Knock Off|p2a: Tapu Fini
|-resisted|p2a: Tapu Fini
|-damage|p2a: Tapu Fini|37/100
|-enditem|p2a: Tapu Fini|Leftovers|[from] move: Knock Off|[of] p1a: Weavile
|-damage|p1a: Weavile|91/100|[from] item: Life Orb
|move|p2a: Tapu Fini|Moonblast|p1a: Weavile
|-supereffective|p1a: Weavile
|-damage|p1a: Weavile|5/100
|
|upkeep
|turn|8
|c|☆LaughingJackass|come off it
|c|☆LaughingJackass|seriously
|
|t:|1664191544
|move|p1a: Weavile|Triple Axel|p2a: Tapu Fini|[miss]
|-miss|p1a: Weavile|p2a: Tapu Fini
|move|p2a: Tapu Fini|Moonblast|p1a: Weavile
|-supereffective|p1a: Weavile
|-damage|p1a: Weavile|0 fnt
|faint|p1a: Weavile
|
|upkeep
|c|☆LaughingJackass|yeah sorry
|c|☆LaughingJackass|that one hurts
|
|t:|1664191555
|switch|p1a: Zeraora|Zeraora|100/100
|turn|9
|
|t:|1664191561
|switch|p2a: Garchomp|Garchomp, F|94/100 brn
|-damage|p2a: Garchomp|88/100 brn|[from] Stealth Rock
|-damage|p2a: Garchomp|76/100 brn|[from] Spikes
|move|p1a: Zeraora|Plasma Fists|p2a: Garchomp
|-immune|p2a: Garchomp
|
|-heal|p2a: Garchomp|82/100 brn|[from] item: Leftovers
|-damage|p2a: Garchomp|76/100 brn|[from] brn
|upkeep
|turn|10
|
|t:|1664191563
|move|p1a: Zeraora|Knock Off|p2a: Garchomp
|-damage|p2a: Garchomp|48/100 brn
|-damage|p1a: Zeraora|88/100|[from] ability: Rough Skin|[of] p2a: Garchomp
|-enditem|p2a: Garchomp|Leftovers|[from] move: Knock Off|[of] p1a: Zeraora
|move|p2a: Garchomp|Stomping Tantrum|p1a: Zeraora
|-supereffective|p1a: Zeraora
|-damage|p1a: Zeraora|44/100
|
|-damage|p2a: Garchomp|42/100 brn|[from] brn
|-fieldend|Misty Terrain
|upkeep
|turn|11
|
|t:|1664191566
|switch|p1a: Dragapult|Dragapult, F|100/100
|move|p2a: Garchomp|Toxic|p1a: Dragapult
|-status|p1a: Dragapult|tox
|
|-damage|p1a: Dragapult|95/100 tox|[from] psn
|-damage|p2a: Garchomp|36/100 brn|[from] brn
|upkeep
|turn|12
|
|t:|1664191574
|move|p1a: Dragapult|Shadow Ball|p2a: Garchomp
|-damage|p2a: Garchomp|0 fnt
|faint|p2a: Garchomp
|
|-damage|p1a: Dragapult|83/100 tox|[from] psn
|upkeep
|
|t:|1664191578
|switch|p2a: Kartana|Kartana|100/100
|-damage|p2a: Kartana|94/100|[from] Stealth Rock
|-damage|p2a: Kartana|82/100|[from] Spikes
|turn|13
|
|t:|1664191580
|switch|p1a: Celesteela|Celesteela|100/100
|move|p2a: Kartana|Knock Off|p1a: Celesteela
|-damage|p1a: Celesteela|55/100
|-enditem|p1a: Celesteela|Power Herb|[from] move: Knock Off|[of] p2a: Kartana
|
|upkeep
|turn|14
|
|t:|1664191588
|switch|p2a: Zapdos|Zapdos|100/100
|switch|p1a: Nihilego|Nihilego|100/100
|
|upkeep
|turn|15
|
|t:|1664191593
|switch|p2a: Rillaboom|Rillaboom, F|100/100
|-damage|p2a: Rillaboom|88/100|[from] Stealth Rock
|-damage|p2a: Rillaboom|76/100|[from] Spikes
|-fieldstart|move: Grassy Terrain|[from] ability: Grassy Surge|[of] p2a: Rillaboom
|move|p1a: Nihilego|Meteor Beam||[still]
|-prepare|p1a: Nihilego|Meteor Beam
|-boost|p1a: Nihilego|spa|1
|-enditem|p1a: Nihilego|Power Herb
|-anim|p1a: Nihilego|Meteor Beam|p2a: Rillaboom
|-damage|p2a: Rillaboom|0 fnt
|faint|p2a: Rillaboom
|-ability|p1a: Nihilego|Beast Boost|boost
|-boost|p1a: Nihilego|spe|1
|
|upkeep
|c|☆LaughingJackass|yeah what no way does that do 75
|j| Mreow2
|
|t:|1664191622
|switch|p2a: Kartana|Kartana|82/100
|-damage|p2a: Kartana|76/100|[from] Stealth Rock
|-damage|p2a: Kartana|63/100|[from] Spikes
|turn|16
|
|t:|1664191637
|switch|p1a: Zeraora|Zeraora|44/100
|move|p2a: Kartana|Smart Strike|p1a: Zeraora
|-resisted|p1a: Zeraora
|-damage|p1a: Zeraora|10/100
|
|-heal|p2a: Kartana|70/100|[from] Grassy Terrain
|-heal|p1a: Zeraora|16/100|[from] Grassy Terrain
|upkeep
|turn|17
|j| TheNewBrends11
|
|t:|1664191653
|move|p2a: Kartana|Smart Strike|p1a: Zeraora
|-resisted|p1a: Zeraora
|-damage|p1a: Zeraora|0 fnt
|faint|p1a: Zeraora
|-ability|p2a: Kartana|Beast Boost|boost
|-boost|p2a: Kartana|atk|1
|
|-heal|p2a: Kartana|76/100|[from] Grassy Terrain
|upkeep
|
|t:|1664191655
|switch|p1a: Celesteela|Celesteela|55/100
|turn|18
|
|t:|1664191658
|switch|p2a: Zapdos|Zapdos|100/100
|switch|p1a: Nihilego|Nihilego|100/100
|
|upkeep
|turn|19
|
|t:|1664191667
|switch|p2a: Tapu Fini|Tapu Fini|37/100
|-damage|p2a: Tapu Fini|25/100|[from] Stealth Rock
|-damage|p2a: Tapu Fini|12/100|[from] Spikes
|-fieldstart|move: Misty Terrain|[from] ability: Misty Surge|[of] p2a: Tapu Fini
|move|p1a: Nihilego|Power Gem|p2a: Tapu Fini
|-damage|p2a: Tapu Fini|0 fnt
|faint|p2a: Tapu Fini
|-ability|p1a: Nihilego|Beast Boost|boost
|-boost|p1a: Nihilego|spe|1
|
|upkeep
|
|t:|1664191671
|switch|p2a: Kartana|Kartana|76/100
|-damage|p2a: Kartana|70/100|[from] Stealth Rock
|-damage|p2a: Kartana|57/100|[from] Spikes
|turn|20
|
|t:|1664191676
|switch|p1a: Celesteela|Celesteela|55/100
|move|p2a: Kartana|Smart Strike|p1a: Celesteela
|-resisted|p1a: Celesteela
|-damage|p1a: Celesteela|32/100
|
|upkeep
|turn|21
|
|t:|1664191685
|switch|p2a: Heatran|Heatran, M|100/100
|-damage|p2a: Heatran|88/100|[from] Stealth Rock
|-damage|p2a: Heatran|76/100|[from] Spikes
|switch|p1a: Dragapult|Dragapult, F|83/100 tox
|
|-heal|p2a: Heatran|82/100|[from] item: Leftovers
|-damage|p1a: Dragapult|77/100 tox|[from] psn
|upkeep
|turn|22
|
|t:|1664191687
|move|p1a: Dragapult|Shadow Ball|p2a: Heatran
|-damage|p2a: Heatran|47/100
|move|p2a: Heatran|Magma Storm|p1a: Dragapult
|-resisted|p1a: Dragapult
|-damage|p1a: Dragapult|47/100 tox
|-activate|p1a: Dragapult|move: Magma Storm|[of] p2a: Heatran
|
|-heal|p2a: Heatran|53/100|[from] item: Leftovers
|-damage|p1a: Dragapult|35/100 tox|[from] psn
|-damage|p1a: Dragapult|23/100 tox|[from] move: Magma Storm|[partiallytrapped]
|upkeep
|turn|23
|
|t:|1664191697
|move|p1a: Dragapult|Shadow Ball|p2a: Heatran
|-crit|p2a: Heatran
|-damage|p2a: Heatran|0 fnt
|faint|p2a: Heatran
|
|-damage|p1a: Dragapult|5/100 tox|[from] psn
|-end|p1a: Dragapult|Magma Storm|[partiallytrapped]|[silent]
|-fieldend|Misty Terrain
|upkeep
|
|t:|1664191700
|switch|p2a: Kartana|Kartana|57/100
|-damage|p2a: Kartana|51/100|[from] Stealth Rock
|-damage|p2a: Kartana|39/100|[from] Spikes
|turn|24
|
|t:|1664191703
|move|p2a: Kartana|Smart Strike|p1a: Dragapult
|-damage|p1a: Dragapult|0 fnt
|faint|p1a: Dragapult
|-ability|p2a: Kartana|Beast Boost|boost
|-boost|p2a: Kartana|atk|1
|
|upkeep
|
|t:|1664191704
|switch|p1a: Celesteela|Celesteela|32/100
|turn|25
|
|t:|1664191706
|move|p2a: Kartana|Smart Strike|p1a: Celesteela
|-resisted|p1a: Celesteela
|-damage|p1a: Celesteela|0 fnt
|faint|p1a: Celesteela
|-ability|p2a: Kartana|Beast Boost|boost
|-boost|p2a: Kartana|atk|1
|
|upkeep
|-message|dmt dreams forfeited.
|
|win|LaughingJackass
|n|☆dmt dreams|dmtdreams
|n|☆LaughingJackass|laughingjackass
|n| Mreow2|mreow2
|n| TheNewBrends11|thenewbrends11
|l|☆dmt dreams
|l|☆LaughingJackass
|j| BRUCE F'ING WILLIS
|l| BRUCE F'ING WILLIS
|j| idcidc bro
|j| GoatNoir
|l| GoatNoir
