|raw|<div class="broadcast-blue"><strong>This battle is required to be public due to a player having a name starting with 'lt81yl'.</div>
|j|☆LT81YL Cf
|j|☆Lenape
|t:|1625251672
|gametype|singles
|player|p1|LT81YL Cf|zinnia|1814
|player|p2|Lenape|2|1924
|teamsize|p1|6
|teamsize|p2|6
|gen|8
|tier|[Gen 8] OU
|rated|
|rule|Sleep Clause Mod: Limit one foe put to sleep
|rule|Species Clause: Limit one of each Pokémon
|rule|OHKO Clause: OHKO moves are banned
|rule|Evasion Moves Clause: Evasion moves are banned
|rule|Endless Battle Clause: Forcing endless battles is banned
|rule|HP Percentage Mod: HP is shown in percentages
|rule|Dynamax Clause: You cannot dynamax
|clearpoke
|poke|p1|Toxapex, M|
|poke|p1|Corviknight, F|
|poke|p1|Gastrodon, F|
|poke|p1|Ferrothorn, M|
|poke|p1|Ditto|
|poke|p1|Clefable, M|
|poke|p2|Rotom-Heat|
|poke|p2|Corviknight, M|
|poke|p2|Sylveon, F|
|poke|p2|Rhyperior, M|
|poke|p2|Toxapex, F|
|poke|p2|Umbreon, M|
|teampreview
|j| egalvanc
|j| BasedWhat? ♪
|
|t:|1625251681
|start
|switch|p1a: Clefable|Clefable, M|100/100
|switch|p2a: Rotom|Rotom-Heat|100/100
|turn|1
|inactive|Battle timer is ON: inactive players will automatically lose when time's up. (requested by Lenape)
|
|t:|1625251685
|switch|p1a: Gastrodon|Gastrodon, F|100/100
|move|p2a: Rotom|Trick|p1a: Gastrodon
|-immune|p1a: Gastrodon
|
|upkeep
|turn|2
|
|t:|1625251699
|switch|p2a: Toxapex|Toxapex, F|100/100
|switch|p1a: Clefable|Clefable, M|100/100
|
|upkeep
|turn|3
|j| LT81YL Tace
|
|t:|1625251706
|switch|p2a: Rhyperior|Rhyperior, M|100/100
|move|p1a: Clefable|Stealth Rock|p2a: Rhyperior
|-sidestart|p2: Lenape|move: Stealth Rock
|
|upkeep
|turn|4
|j|+roxiee
|j| LT81YL XVR
|j| storm zone
|l| LT81YL XVR
|
|t:|1625251723
|move|p1a: Clefable|Knock Off|p2a: Rhyperior
|-damage|p2a: Rhyperior|91/100
|-enditem|p2a: Rhyperior|Leftovers|[from] move: Knock Off|[of] p1a: Clefable
|move|p2a: Rhyperior|Stealth Rock|p1a: Clefable
|-sidestart|p1: LT81YL Cf|move: Stealth Rock
|
|upkeep
|turn|5
|
|t:|1625251732
|switch|p1a: Gastrodon|Gastrodon, F|100/100
|move|p2a: Rhyperior|Heavy Slam|p1a: Gastrodon
|-resisted|p1a: Gastrodon
|-damage|p1a: Gastrodon|84/100
|
|upkeep
|turn|6
|j| DunBam
|j| 64 squares
|
|t:|1625251740
|switch|p2a: Toxapex|Toxapex, F|100/100
|-damage|p2a: Toxapex|88/100|[from] Stealth Rock
|move|p1a: Gastrodon|Scald|p2a: Toxapex
|-resisted|p2a: Toxapex
|-damage|p2a: Toxapex|77/100
|-status|p2a: Toxapex|brn
|
|-heal|p2a: Toxapex|83/100 brn|[from] item: Black Sludge
|-damage|p2a: Toxapex|77/100 brn|[from] brn
|upkeep
|turn|7
|j| nonante huit
|
|t:|1625251746
|switch|p1a: Clefable|Clefable, M|100/100
|move|p2a: Toxapex|Scald|p1a: Clefable
|-damage|p1a: Clefable|90/100
|-status|p1a: Clefable|brn
|
|-heal|p1a: Clefable|96/100 brn|[from] item: Leftovers
|-heal|p2a: Toxapex|83/100 brn|[from] item: Black Sludge
|-damage|p2a: Toxapex|77/100 brn|[from] brn
|upkeep
|turn|8
|
|t:|1625251755
|switch|p2a: Rhyperior|Rhyperior, M|91/100
|-damage|p2a: Rhyperior|85/100|[from] Stealth Rock
|move|p1a: Clefable|Moonblast|p2a: Rhyperior
|-damage|p2a: Rhyperior|55/100
|
|-heal|p1a: Clefable|100/100 brn|[from] item: Leftovers
|upkeep
|turn|9
|l|+roxiee
|
|t:|1625251760
|switch|p1a: Corviknight|Corviknight, F|100/100
|-damage|p1a: Corviknight|88/100|[from] Stealth Rock
|-ability|p1a: Corviknight|Pressure
|move|p2a: Rhyperior|Earthquake|p1a: Corviknight
|-immune|p1a: Corviknight
|
|-heal|p1a: Corviknight|94/100|[from] item: Leftovers
|upkeep
|turn|10
|
|t:|1625251765
|switch|p2a: Rotom|Rotom-Heat|100/100
|-damage|p2a: Rotom|75/100|[from] Stealth Rock
|move|p1a: Corviknight|U-turn|p2a: Rotom
|-resisted|p2a: Rotom
|-damage|p2a: Rotom|70/100
|
|t:|1625251768
|switch|p1a: Gastrodon|Gastrodon, F|84/100|[from]move: U-turn
|
|upkeep
|turn|11
|j| LT81YL scor
|
|t:|1625251784
|move|p2a: Rotom|Will-O-Wisp|p1a: Gastrodon
|-status|p1a: Gastrodon|brn
|move|p1a: Gastrodon|Scald|p2a: Rotom
|-supereffective|p2a: Rotom
|-damage|p2a: Rotom|20/100
|
|-damage|p1a: Gastrodon|78/100 brn|[from] brn
|upkeep
|turn|12
|
|t:|1625251789
|move|p2a: Rotom|Will-O-Wisp|p1a: Gastrodon
|-fail|p1a: Gastrodon|brn
|move|p1a: Gastrodon|Recover|p1a: Gastrodon
|-heal|p1a: Gastrodon|100/100 brn
|
|-damage|p1a: Gastrodon|94/100 brn|[from] brn
|upkeep
|turn|13
|
|t:|1625251792
|move|p2a: Rotom|Will-O-Wisp|p1a: Gastrodon|[miss]
|-miss|p2a: Rotom|p1a: Gastrodon
|move|p1a: Gastrodon|Scald|p2a: Rotom
|-supereffective|p2a: Rotom
|-damage|p2a: Rotom|0 fnt
|faint|p2a: Rotom
|
|-damage|p1a: Gastrodon|88/100 brn|[from] brn
|upkeep
|
|t:|1625251795
|switch|p2a: Corviknight|Corviknight, M|100/100
|-damage|p2a: Corviknight|88/100|[from] Stealth Rock
|-ability|p2a: Corviknight|Pressure
|turn|14
|
|t:|1625251800
|move|p2a: Corviknight|Substitute|p2a: Corviknight
|-start|p2a: Corviknight|Substitute
|-damage|p2a: Corviknight|63/100
|move|p1a: Gastrodon|Scald|p2a: Corviknight
|-activate|p2a: Corviknight|move: Substitute|[damage]
|
|-damage|p1a: Gastrodon|82/100 brn|[from] brn
|upkeep
|turn|15
|
|t:|1625251805
|switch|p1a: Toxapex|Toxapex, M|100/100
|-damage|p1a: Toxapex|88/100|[from] Stealth Rock
|move|p2a: Corviknight|Roost|p2a: Corviknight
|-heal|p2a: Corviknight|100/100
|-singleturn|p2a: Corviknight|move: Roost
|
|upkeep
|turn|16
|
|t:|1625251810
|switch|p1a: Corviknight|Corviknight, F|94/100
|-damage|p1a: Corviknight|82/100|[from] Stealth Rock
|-ability|p1a: Corviknight|Pressure
|move|p2a: Corviknight|Bulk Up|p2a: Corviknight
|-boost|p2a: Corviknight|atk|1
|-boost|p2a: Corviknight|def|1
|
|-heal|p1a: Corviknight|88/100|[from] item: Leftovers
|upkeep
|turn|17
|
|t:|1625251813
|move|p2a: Corviknight|Bulk Up|p2a: Corviknight
|-boost|p2a: Corviknight|atk|1
|-boost|p2a: Corviknight|def|1
|move|p1a: Corviknight|U-turn|p2a: Corviknight
|-resisted|p2a: Corviknight
|-end|p2a: Corviknight|Substitute
|j| Neon
|l| LT81YL Tace
|
|t:|1625251826
|switch|p1a: Toxapex|Toxapex, M|100/100|[from]move: U-turn
|-damage|p1a: Toxapex|88/100|[from] Stealth Rock
|
|upkeep
|turn|18
|
|t:|1625251829
|move|p2a: Corviknight|Substitute|p2a: Corviknight
|-start|p2a: Corviknight|Substitute
|-damage|p2a: Corviknight|75/100
|move|p1a: Toxapex|Haze|p1a: Toxapex
|-clearallboost
|
|upkeep
|turn|19
|j| reje
|
|t:|1625251840
|switch|p1a: Clefable|Clefable, M|100/100 brn
|move|p2a: Corviknight|Bulk Up|p2a: Corviknight
|-boost|p2a: Corviknight|atk|1
|-boost|p2a: Corviknight|def|1
|
|upkeep
|turn|20
|j| ulookmalnourished
|
|t:|1625251843
|switch|p1a: Toxapex|Toxapex, M|100/100
|-damage|p1a: Toxapex|88/100|[from] Stealth Rock
|move|p2a: Corviknight|Brave Bird|p1a: Toxapex
|-damage|p1a: Toxapex|31/100
|-damage|p2a: Corviknight|59/100|[from] item: Rocky Helmet|[of] p1a: Toxapex
|-damage|p2a: Corviknight|45/100|[from] Recoil
|-damage|p2a: Corviknight|35/100|[from] item: Life Orb
|
|upkeep
|turn|21
|j| Maxance
|l| Maxance
|
|t:|1625251860
|switch|p1a: Ferrothorn|Ferrothorn, M|100/100
|-damage|p1a: Ferrothorn|94/100|[from] Stealth Rock
|move|p2a: Corviknight|Roost|p2a: Corviknight
|-heal|p2a: Corviknight|85/100
|-singleturn|p2a: Corviknight|move: Roost
|
|-heal|p1a: Ferrothorn|100/100|[from] item: Leftovers
|upkeep
|turn|22
|
|t:|1625251865
|move|p2a: Corviknight|Bulk Up|p2a: Corviknight
|-boost|p2a: Corviknight|atk|1
|-boost|p2a: Corviknight|def|1
|move|p1a: Ferrothorn|Body Press|p2a: Corviknight
|-activate|p2a: Corviknight|move: Substitute|[damage]
|
|upkeep
|turn|23
|
|t:|1625251871
|move|p2a: Corviknight|Bulk Up|p2a: Corviknight
|-boost|p2a: Corviknight|atk|1
|-boost|p2a: Corviknight|def|1
|move|p1a: Ferrothorn|Body Press|p2a: Corviknight
|-activate|p2a: Corviknight|move: Substitute|[damage]
|
|upkeep
|turn|24
|
|t:|1625251875
|switch|p1a: Corviknight|Corviknight, F|88/100
|-damage|p1a: Corviknight|75/100|[from] Stealth Rock
|-ability|p1a: Corviknight|Pressure
|move|p2a: Corviknight|Roost|p2a: Corviknight
|-heal|p2a: Corviknight|100/100
|-singleturn|p2a: Corviknight|move: Roost
|
|-heal|p1a: Corviknight|82/100|[from] item: Leftovers
|upkeep
|turn|25
|j| Bulletclaw
|
|t:|1625251885
|move|p2a: Corviknight|Substitute|p2a: Corviknight
|-fail|p2a: Corviknight|move: Substitute
|move|p1a: Corviknight|Roost|p1a: Corviknight
|-heal|p1a: Corviknight|100/100
|-singleturn|p1a: Corviknight|move: Roost
|
|upkeep
|turn|26
|j| Zuraz
|
|t:|1625251889
|move|p2a: Corviknight|Bulk Up|p2a: Corviknight
|-boost|p2a: Corviknight|atk|1
|-boost|p2a: Corviknight|def|1
|move|p1a: Corviknight|U-turn|p2a: Corviknight
|-resisted|p2a: Corviknight
|-activate|p2a: Corviknight|move: Substitute|[damage]
|j| OhJeezusChraist
|j| Rinnegan frs
|
|t:|1625251903
|switch|p1a: Toxapex|Toxapex, M|64/100|[from]move: U-turn
|-damage|p1a: Toxapex|52/100|[from] Stealth Rock
|
|upkeep
|turn|27
|
|t:|1625251905
|switch|p1a: Corviknight|Corviknight, F|100/100
|-damage|p1a: Corviknight|88/100|[from] Stealth Rock
|-ability|p1a: Corviknight|Pressure
|move|p2a: Corviknight|Brave Bird|p1a: Corviknight
|-resisted|p1a: Corviknight
|-damage|p1a: Corviknight|23/100
|-damage|p2a: Corviknight|79/100|[from] Recoil
|-damage|p2a: Corviknight|69/100|[from] item: Life Orb
|
|-heal|p1a: Corviknight|29/100|[from] item: Leftovers
|upkeep
|turn|28
|-message|LT81YL Cf forfeited.
|
|win|Lenape
|raw|LT81YL Cf's rating: 1814 &rarr; <strong>1800</strong><br />(-14 for losing)
|raw|Lenape's rating: 1924 &rarr; <strong>1938</strong><br />(+14 for winning)
|l|☆LT81YL Cf
|l| Rinnegan frs
|l| Bulletclaw
|l|☆Lenape
|l| reje
|l| 64 squares
|j| LT81YL ABR
|l| Neon
||Ladder isn't responding, score probably updated but might not have (Request timeout).
|l| ulookmalnourished
|l| BasedWhat? ♪
|j| LT81YL yarx
|j| empo1
|j| LT81YL Kibo
|l| egalvanc
|l| LT81YL Kibo
|l| LT81YL ABR
|l| empo1
|l| storm zone
|l| OhJeezusChraist
|l| nonante huit
|l| Zuraz
|l| DunBam
|j| Fgzzxgg
