|j|☆Adel19
|j|☆d2gh56+f4
|t:|1653893287
|gametype|singles
|player|p1|Adel19|101|1836
|player|p2|d2gh56+f4|steven|1719
|teamsize|p1|6
|teamsize|p2|6
|gen|8
|tier|[Gen 8] OU
|rated|
|rule|Sleep Clause Mod: Limit one foe put to sleep
|rule|Species Clause: Limit one of each Pokémon
|rule|OHKO Clause: OHKO moves are banned
|rule|Evasion Moves Clause: Evasion moves are banned
|rule|Endless Battle Clause: Forcing endless battles is banned
|rule|HP Percentage Mod: HP is shown in percentages
|rule|Dynamax Clause: You cannot dynamax
|clearpoke
|poke|p1|Landorus-Therian, M|
|poke|p1|Zeraora|
|poke|p1|Kartana|
|poke|p1|Tapu Fini|
|poke|p1|Blissey, F|
|poke|p1|Tapu Lele|
|poke|p2|Crawdaunt, M|
|poke|p2|Pelipper, M|
|poke|p2|Blastoise, M|
|poke|p2|Thundurus-Therian, M|
|poke|p2|Barraskewda, M|
|poke|p2|Ferrothorn, M|
|teampreview
|j| asdfsdss
|inactive|Battle timer is ON: inactive players will automatically lose when time's up. (requested by d2gh56+f4)
|c|☆d2gh56+f4|4time
|c|☆d2gh56+f4|good luck
|inactive|Adel19 has 120 seconds left.
|
|t:|1653893322
|start
|switch|p1a: Tapu Lele|Tapu Lele|100/100
|switch|p2a: 乔治-希尔|Pelipper, M|100/100
|-fieldstart|move: Psychic Terrain|[from] ability: Psychic Surge|[of] p1a: Tapu Lele
|-weather|RainDance|[from] ability: Drizzle|[of] p2a: 乔治-希尔
|turn|1
|
|t:|1653893325
|switch|p2a: 卢克·理查德·巴莫特|Blastoise, M, shiny|100/100
|move|p1a: Tapu Lele|Psychic|p2a: 卢克·理查德·巴莫特
|-damage|p2a: 卢克·理查德·巴莫特|45/100
|
|-weather|RainDance|[upkeep]
|-heal|p2a: 卢克·理查德·巴莫特|51/100|[from] ability: Rain Dish
|upkeep
|turn|2
|
|t:|1653893329
|switch|p1a: Tapu Fini|Tapu Fini|100/100
|-fieldstart|move: Misty Terrain|[from] ability: Misty Surge|[of] p1a: Tapu Fini
|move|p2a: 卢克·理查德·巴莫特|Flip Turn|p1a: Tapu Fini
|-resisted|p1a: Tapu Fini
|-damage|p1a: Tapu Fini|91/100
|
|t:|1653893333
|switch|p2a: 拉玛尔·奥多姆|Thundurus-Therian, M|100/100|[from]move: Flip Turn
|
|-weather|RainDance|[upkeep]
|-heal|p1a: Tapu Fini|97/100|[from] item: Leftovers
|upkeep
|turn|3
|
|t:|1653893336
|switch|p1a: Landorus|Landorus-Therian, M|100/100
|-ability|p1a: Landorus|Intimidate|boost
|-unboost|p2a: 拉玛尔·奥多姆|atk|1
|move|p2a: 拉玛尔·奥多姆|Volt Switch|p1a: Landorus
|-immune|p1a: Landorus
|
|-weather|RainDance|[upkeep]
|upkeep
|turn|4
|
|t:|1653893338
|switch|p1a: Blissey|Blissey, F|100/100
|move|p2a: 拉玛尔·奥多姆|Weather Ball|p1a: Blissey
|-damage|p1a: Blissey|78/100
|
|-weather|RainDance|[upkeep]
|upkeep
|turn|5
|
|t:|1653893342
|move|p2a: 拉玛尔·奥多姆|Volt Switch|p1a: Blissey
|-damage|p1a: Blissey|63/100
|
|t:|1653893345
|switch|p2a: J.J.雷迪克|Crawdaunt, M, shiny|100/100|[from]move: Volt Switch
|move|p1a: Blissey|Stealth Rock|p2a: J.J.雷迪克
|-sidestart|p2: d2gh56+f4|move: Stealth Rock
|
|-weather|RainDance|[upkeep]
|upkeep
|turn|6
|
|t:|1653893349
|switch|p1a: Tapu Fini|Tapu Fini|97/100
|move|p2a: J.J.雷迪克|Crabhammer|p1a: Tapu Fini
|-resisted|p1a: Tapu Fini
|-damage|p1a: Tapu Fini|44/100
|
|-weather|RainDance|[upkeep]
|-heal|p1a: Tapu Fini|50/100|[from] item: Leftovers
|-fieldend|Misty Terrain
|upkeep
|turn|7
|j| GROSS SAMPLE TEAM
|
|t:|1653893356
|move|p2a: J.J.雷迪克|Crabhammer|p1a: Tapu Fini
|-resisted|p1a: Tapu Fini
|-damage|p1a: Tapu Fini|0 fnt
|faint|p1a: Tapu Fini
|
|-weather|RainDance|[upkeep]
|upkeep
|
|t:|1653893376
|switch|p1a: Kartana|Kartana|100/100
|turn|8
|
|t:|1653893379
|switch|p2a: 安德烈·罗伯森|Ferrothorn, M|100/100
|-damage|p2a: 安德烈·罗伯森|95/100|[from] Stealth Rock
|move|p1a: Kartana|Swords Dance|p1a: Kartana
|-boost|p1a: Kartana|atk|2
|
|-weather|none
|upkeep
|turn|9
|
|t:|1653893389
|move|p1a: Kartana|Swords Dance|p1a: Kartana
|-boost|p1a: Kartana|atk|2
|move|p2a: 安德烈·罗伯森|Endeavor|p1a: Kartana
|-immune|p1a: Kartana
|
|upkeep
|turn|10
|
|t:|1653893401
|switch|p2a: 乔治-希尔|Pelipper, M|100/100
|-damage|p2a: 乔治-希尔|76/100|[from] Stealth Rock
|-weather|RainDance|[from] ability: Drizzle|[of] p2a: 乔治-希尔
|move|p1a: Kartana|Sacred Sword|p2a: 乔治-希尔
|-resisted|p2a: 乔治-希尔
|-damage|p2a: 乔治-希尔|40/100
|
|-weather|RainDance|[upkeep]
|upkeep
|turn|11
|
|t:|1653893404
|switch|p2a: 安德烈·罗伯森|Ferrothorn, M|95/100
|-damage|p2a: 安德烈·罗伯森|89/100|[from] Stealth Rock
|move|p1a: Kartana|Knock Off|p2a: 安德烈·罗伯森
|-damage|p2a: 安德烈·罗伯森|33/100
|-damage|p1a: Kartana|88/100|[from] ability: Iron Barbs|[of] p2a: 安德烈·罗伯森
|-damage|p1a: Kartana|72/100|[from] item: Rocky Helmet|[of] p2a: 安德烈·罗伯森
|-enditem|p2a: 安德烈·罗伯森|Rocky Helmet|[from] move: Knock Off|[of] p1a: Kartana
|
|-weather|RainDance|[upkeep]
|upkeep
|turn|12
|inactive|Adel19 has 120 seconds left.
|
|t:|1653893436
|move|p1a: Kartana|Swords Dance|p1a: Kartana
|-boost|p1a: Kartana|atk|2
|move|p2a: 安德烈·罗伯森|Stealth Rock|p1a: Kartana
|-sidestart|p1: Adel19|move: Stealth Rock
|
|-weather|RainDance|[upkeep]
|upkeep
|turn|13
|
|t:|1653893443
|move|p1a: Kartana|Swords Dance|p1a: Kartana
|-boost|p1a: Kartana|atk|0
|move|p2a: 安德烈·罗伯森|Endeavor|p1a: Kartana
|-damage|p1a: Kartana|36/100
|
|-weather|RainDance|[upkeep]
|upkeep
|turn|14
|
|t:|1653893451
|move|p1a: Kartana|Sacred Sword|p2a: 安德烈·罗伯森
|-supereffective|p2a: 安德烈·罗伯森
|-crit|p2a: 安德烈·罗伯森
|-damage|p2a: 安德烈·罗伯森|0 fnt
|-damage|p1a: Kartana|23/100|[from] ability: Iron Barbs|[of] p2a: 安德烈·罗伯森
|faint|p2a: 安德烈·罗伯森
|-ability|p1a: Kartana|Beast Boost|boost
|-boost|p1a: Kartana|spe|1
|
|-weather|RainDance|[upkeep]
|upkeep
|
|t:|1653893456
|switch|p2a: 贾马尔·克劳福德|Barraskewda, M, shiny|100/100
|-damage|p2a: 贾马尔·克劳福德|88/100|[from] Stealth Rock
|turn|15
|
|t:|1653893475
|move|p2a: 贾马尔·克劳福德|Liquidation|p1a: Kartana
|-resisted|p1a: Kartana
|-damage|p1a: Kartana|0 fnt
|faint|p1a: Kartana
|
|-weather|RainDance|[upkeep]
|upkeep
|
|t:|1653893483
|switch|p1a: Landorus|Landorus-Therian, M|100/100
|-damage|p1a: Landorus|88/100|[from] Stealth Rock
|-ability|p1a: Landorus|Intimidate|boost
|-unboost|p2a: 贾马尔·克劳福德|atk|1
|turn|16
|
|t:|1653893492
|move|p2a: 贾马尔·克劳福德|Liquidation|p1a: Landorus
|-supereffective|p1a: Landorus
|-damage|p1a: Landorus|0 fnt
|faint|p1a: Landorus
|
|-weather|RainDance|[upkeep]
|upkeep
|
|t:|1653893496
|switch|p1a: Zeraora|Zeraora|100/100
|turn|17
|
|t:|1653893504
|switch|p2a: 卢克·理查德·巴莫特|Blastoise, M, shiny|51/100
|-damage|p2a: 卢克·理查德·巴莫特|38/100|[from] Stealth Rock
|move|p1a: Zeraora|Bulk Up|p1a: Zeraora
|-boost|p1a: Zeraora|atk|1
|-boost|p1a: Zeraora|def|1
|
|-weather|none
|upkeep
|turn|18
|
|t:|1653893518
|move|p1a: Zeraora|Plasma Fists|p2a: 卢克·理查德·巴莫特
|-supereffective|p2a: 卢克·理查德·巴莫特
|-damage|p2a: 卢克·理查德·巴莫特|0 fnt
|-fieldactivate|move: Ion Deluge
|-hint|Normal-type moves become Electric-type after using Plasma Fists.
|faint|p2a: 卢克·理查德·巴莫特
|
|upkeep
|
|t:|1653893523
|switch|p2a: 乔治-希尔|Pelipper, M|40/100
|-damage|p2a: 乔治-希尔|15/100|[from] Stealth Rock
|-weather|RainDance|[from] ability: Drizzle|[of] p2a: 乔治-希尔
|turn|19
|
|t:|1653893526
|move|p1a: Zeraora|Knock Off|p2a: 乔治-希尔
|-damage|p2a: 乔治-希尔|0 fnt
|-enditem|p2a: 乔治-希尔|Damp Rock|[from] move: Knock Off|[of] p1a: Zeraora
|faint|p2a: 乔治-希尔
|
|-weather|RainDance|[upkeep]
|upkeep
|j| Nestohr
|
|t:|1653893530
|switch|p2a: 贾马尔·克劳福德|Barraskewda, M, shiny|88/100
|-damage|p2a: 贾马尔·克劳福德|76/100|[from] Stealth Rock
|turn|20
|
|t:|1653893540
|move|p2a: 贾马尔·克劳福德|Flip Turn|p1a: Zeraora
|-damage|p1a: Zeraora|37/100
|
|t:|1653893544
|switch|p2a: J.J.雷迪克|Crawdaunt, M, shiny|100/100|[from]move: Flip Turn
|-damage|p2a: J.J.雷迪克|88/100|[from] Stealth Rock
|move|p1a: Zeraora|Bulk Up|p1a: Zeraora
|-boost|p1a: Zeraora|atk|1
|-boost|p1a: Zeraora|def|1
|
|-weather|RainDance|[upkeep]
|upkeep
|turn|21
|
|t:|1653893548
|move|p2a: J.J.雷迪克|Aqua Jet|p1a: Zeraora
|-damage|p1a: Zeraora|0 fnt
|faint|p1a: Zeraora
|
|-weather|RainDance|[upkeep]
|upkeep
|-message|Adel19 forfeited.
|
|win|d2gh56+f4
|raw|Adel19's rating: 1836 &rarr; <strong>1810</strong><br />(-26 for losing)
|raw|d2gh56+f4's rating: 1719 &rarr; <strong>1745</strong><br />(+26 for winning)
|l|☆Adel19
