|j|☆d18l
|j|☆Emblema de Fuego
|t:|1663637504
|gametype|singles
|player|p1|d18l|backpacker|1787
|player|p2|Emblema de Fuego|blue|1814
|teamsize|p1|6
|teamsize|p2|6
|gen|8
|tier|[Gen 8] OU
|rated|
|rule|Sleep Clause Mod: Limit one foe put to sleep
|rule|Species Clause: Limit one of each Pokémon
|rule|OHKO Clause: OHKO moves are banned
|rule|Evasion Items Clause: Evasion items are banned
|rule|Evasion Moves Clause: Evasion moves are banned
|rule|Endless Battle Clause: Forcing endless battles is banned
|rule|HP Percentage Mod: HP is shown in percentages
|rule|Dynamax Clause: You cannot dynamax
|clearpoke
|poke|p1|Tapu Koko|
|poke|p1|Victini|
|poke|p1|Landorus-Therian, M|
|poke|p1|Tornadus-Therian, M|
|poke|p1|Rotom-Wash|
|poke|p1|Ferrothorn, F|
|poke|p2|Slowbro, F|
|poke|p2|Hatterene, F|
|poke|p2|Marowak-Alola, F|
|poke|p2|Ferrothorn, F|
|poke|p2|Garchomp, F|
|poke|p2|Drampa, F|
|teampreview
|
|t:|1663637547
|start
|switch|p1a: Tapu Koko|Tapu Koko|100/100
|switch|p2a: Falko|Drampa, F|100/100
|-fieldstart|move: Electric Terrain|[from] ability: Electric Surge|[of] p1a: Tapu Koko
|turn|1
|j| test781871
|
|t:|1663637569
|move|p1a: Tapu Koko|Dazzling Gleam|p2a: Falko
|-supereffective|p2a: Falko
|-damage|p2a: Falko|6/100
|-ability|p2a: Falko|Berserk|boost
|-boost|p2a: Falko|spa|1
|move|p2a: Falko|Ice Beam|p1a: Tapu Koko
|-crit|p1a: Tapu Koko
|-damage|p1a: Tapu Koko|0 fnt
|faint|p1a: Tapu Koko
|
|upkeep
|
|t:|1663637592
|switch|p1a: Rotom|Rotom-Wash|100/100
|turn|2
|
|t:|1663637596
|switch|p2a: Sharpo|Garchomp, F|100/100
|move|p1a: Rotom|Volt Switch|p2a: Sharpo
|-immune|p2a: Sharpo
|
|upkeep
|turn|3
|j| Beldonar
|
|t:|1663637603
|switch|p2a: Gorra|Hatterene, F|100/100
|move|p1a: Rotom|Will-O-Wisp|p2a: Gorra
|move|p2a: Gorra|Will-O-Wisp|p1a: Rotom|[from]ability: Magic Bounce
|-status|p1a: Rotom|brn
|
|-damage|p1a: Rotom|95/100 brn|[from] brn
|upkeep
|turn|4
|
|t:|1663637614
|move|p1a: Rotom|Volt Switch|p2a: Gorra
|-damage|p2a: Gorra|78/100
|
|t:|1663637618
|switch|p1a: Victini|Victini|100/100|[from]move: Volt Switch
|move|p2a: Gorra|Trick Room|p2a: Gorra
|-fieldstart|move: Trick Room|[of] p2a: Gorra
|
|upkeep
|turn|5
|
|t:|1663637623
|move|p2a: Gorra|Healing Wish|p2a: Gorra
|faint|p2a: Gorra
|move|p1a: Victini|U-turn|p2: Gorra|[notarget]
|-fail|p1a: Victini
|
|-fieldend|move: Electric Terrain
|upkeep
|
|t:|1663637628
|switch|p2a: Billy B.|Marowak-Alola, F|100/100
|turn|6
|
|t:|1663637641
|switch|p1a: Landorus|Landorus-Therian, M|100/100
|-ability|p1a: Landorus|Intimidate|boost
|-unboost|p2a: Billy B.|atk|1
|move|p2a: Billy B.|Substitute|p2a: Billy B.
|-start|p2a: Billy B.|Substitute
|-damage|p2a: Billy B.|76/100
|
|upkeep
|turn|7
|
|t:|1663637648
|move|p2a: Billy B.|Swords Dance|p2a: Billy B.
|-boost|p2a: Billy B.|atk|2
|move|p1a: Landorus|Earthquake|p2a: Billy B.
|-supereffective|p2a: Billy B.
|-end|p2a: Billy B.|Substitute
|
|upkeep
|turn|8
|j| i am ves ♥
|
|t:|1663637655
|switch|p1a: Tornadus|Tornadus-Therian, M|100/100
|move|p2a: Billy B.|Flare Blitz|p1a: Tornadus
|-damage|p1a: Tornadus|0 fnt
|faint|p1a: Tornadus
|
|-fieldend|move: Trick Room
|upkeep
|
|t:|1663637663
|switch|p1a: Rotom|Rotom-Wash|95/100 brn
|turn|9
|
|t:|1663637669
|switch|p2a: Falko|Drampa, F|6/100
|-heal|p2a: Falko|100/100|[from] move: Healing Wish
|move|p1a: Rotom|Volt Switch|p2a: Falko
|-resisted|p2a: Falko
|-damage|p2a: Falko|89/100
|inactive|Battle timer is ON: inactive players will automatically lose when time's up. (requested by Emblema de Fuego)
|-message|d18l forfeited.
|
|win|Emblema de Fuego
|raw|d18l's rating: 1787 &rarr; <strong>1769</strong><br />(-18 for losing)
|raw|Emblema de Fuego's rating: 1814 &rarr; <strong>1832</strong><br />(+18 for winning)
||Ladder isn't responding, score probably updated but might not have (Request timeout).
