|j|☆GaijinEagle
|j|☆Malakos
|t:|1596466352
|player|p1|GaijinEagle|101|1227
|player|p2|Malakos|lance|1222
|teamsize|p1|6
|teamsize|p2|6
|gametype|singles
|gen|8
|tier|[Gen 8] OU
|rated|
|html|<div class="broadcast-blue"><strong>OU is currently suspecting Magearna! For information on how to participate check out the <a href="https://www.smogon.com/forums/threads/3667669/">suspect thread</a>.</strong></div>
|clearpoke
|poke|p1|Shuckle, F|
|poke|p1|Urshifu-*, M|
|poke|p1|Lycanroc-Dusk, M|
|poke|p1|Alakazam, M|
|poke|p1|Cinderace, F|
|poke|p1|Dragapult, M|
|poke|p2|Bisharp, M|
|poke|p2|Cinderace, F|
|poke|p2|Kommo-o, F|
|poke|p2|Ferrothorn, F|
|poke|p2|Toxapex, M|
|poke|p2|Gastrodon, M|
|rule|Sleep Clause Mod: Limit one foe put to sleep
|rule|Species Clause: Limit one of each Pokémon
|rule|OHKO Clause: OHKO moves are banned
|rule|Evasion Moves Clause: Evasion moves are banned
|rule|Endless Battle Clause: Forcing endless battles is banned
|rule|HP Percentage Mod: HP is shown in percentages
|rule|Dynamax Clause: You cannot dynamax
|teampreview
|inactive|Battle timer is ON: inactive players will automatically lose when time's up. (requested by GaijinEagle)
|inactive|GaijinEagle has 120 seconds left.
|inactive|GaijinEagle has 90 seconds left.
|inactive|GaijinEagle has 60 seconds left.
|inactive|GaijinEagle has 30 seconds left.
|inactive|GaijinEagle has 20 seconds left.
|inactive|GaijinEagle has 15 seconds left.
|inactive|GaijinEagle has 10 seconds left.
|inactiveoff|Battle timer is now OFF.
|
|t:|1596466501
|start
|switch|p1a: Shuckle|Shuckle, F|100/100
|switch|p2a: Cinderace|Cinderace, F, shiny|100/100
|turn|1
|c|☆Malakos|nice strat
|
|t:|1596466524
|switch|p2a: Ferrothorn|Ferrothorn, F|100/100
|move|p1a: Shuckle|Final Gambit|p2a: Ferrothorn
|-damage|p2a: Ferrothorn|31/100
|faint|p1a: Shuckle
|
|-heal|p2a: Ferrothorn|38/100|[from] item: Leftovers
|upkeep
|inactive|Battle timer is ON: inactive players will automatically lose when time's up. (requested by Malakos)
|
|t:|1596466541
|switch|p1a: Urshifu|Urshifu, M|100/100
|turn|2
|
|t:|1596466552
|switch|p2a: Kommo-o|Kommo-o, F|100/100
|move|p1a: Urshifu|Close Combat|p2a: Kommo-o
|-damage|p2a: Kommo-o|54/100
|-unboost|p1a: Urshifu|def|1
|-unboost|p1a: Urshifu|spd|1
|-damage|p1a: Urshifu|91/100|[from] item: Life Orb
|
|-heal|p2a: Kommo-o|60/100|[from] item: Leftovers
|upkeep
|turn|3
|inactive|Malakos has 120 seconds left.
|
|t:|1596466591
|switch|p1a: Dragapult|Dragapult, M|100/100
|move|p2a: Kommo-o|Body Press|p1a: Dragapult
|-immune|p1a: Dragapult
|
|-heal|p2a: Kommo-o|67/100|[from] item: Leftovers
|upkeep
|turn|4
|inactive|Malakos has 120 seconds left.
|
|t:|1596466602
|switch|p2a: Ferrothorn|Ferrothorn, F|38/100
|move|p1a: Dragapult|Dragon Darts|p2a: Ferrothorn
|-resisted|p2a: Ferrothorn
|-damage|p2a: Ferrothorn|27/100
|-anim|p1a: Dragapult|Dragon Darts|p2a: Ferrothorn
|-resisted|p2a: Ferrothorn
|-damage|p2a: Ferrothorn|17/100
|-damage|p1a: Dragapult|91/100|[from] item: Life Orb
|
|-heal|p2a: Ferrothorn|23/100|[from] item: Leftovers
|upkeep
|turn|5
|
|t:|1596466618
|move|p1a: Dragapult|Phantom Force||[still]
|-prepare|p1a: Dragapult|Phantom Force
|move|p2a: Ferrothorn|Stealth Rock|p1a: Dragapult
|-sidestart|p1: GaijinEagle|move: Stealth Rock
|
|-heal|p2a: Ferrothorn|29/100|[from] item: Leftovers
|upkeep
|turn|6
|inactive|Malakos has 120 seconds left.
|inactive|Malakos has 90 seconds left.
|
|t:|1596466663
|move|p1a: Dragapult|Phantom Force|p2a: Ferrothorn|[from]lockedmove
|-damage|p2a: Ferrothorn|0 fnt
|-damage|p1a: Dragapult|78/100|[from] ability: Iron Barbs|[of] p2a: Ferrothorn
|-damage|p1a: Dragapult|69/100|[from] item: Life Orb
|faint|p2a: Ferrothorn
|
|upkeep
|
|t:|1596466668
|switch|p2a: Cinderace|Cinderace, F, shiny|100/100
|turn|7
|inactive|GaijinEagle has 90 seconds left.
|inactive|GaijinEagle has 60 seconds left.
|
|t:|1596466713
|switch|p1a: Urshifu|Urshifu, M|91/100
|-damage|p1a: Urshifu|84/100|[from] Stealth Rock
|move|p2a: Cinderace|Sucker Punch||[still]
|-fail|p2a: Cinderace
|
|upkeep
|turn|8
|
|t:|1596466724
|switch|p2a: Toxapex|Toxapex, M|100/100
|move|p1a: Urshifu|Close Combat|p2a: Toxapex
|-resisted|p2a: Toxapex
|-crit|p2a: Toxapex
|-damage|p2a: Toxapex|62/100
|-unboost|p1a: Urshifu|def|1
|-unboost|p1a: Urshifu|spd|1
|-damage|p1a: Urshifu|74/100|[from] item: Life Orb
|
|-heal|p2a: Toxapex|68/100|[from] item: Black Sludge
|upkeep
|turn|9
|
|t:|1596466737
|move|p1a: Urshifu|Wicked Blow|p2a: Toxapex
|-crit|p2a: Toxapex
|-damage|p2a: Toxapex|18/100
|-damage|p1a: Urshifu|64/100|[from] item: Life Orb
|move|p2a: Toxapex|Scald|p1a: Urshifu
|-damage|p1a: Urshifu|28/100
|
|-heal|p2a: Toxapex|24/100|[from] item: Black Sludge
|upkeep
|turn|10
|
|t:|1596466746
|switch|p2a: Kommo-o|Kommo-o, F|67/100
|move|p1a: Urshifu|Wicked Blow|p2a: Kommo-o
|-resisted|p2a: Kommo-o
|-crit|p2a: Kommo-o
|-damage|p2a: Kommo-o|42/100
|-damage|p1a: Urshifu|18/100|[from] item: Life Orb
|
|-heal|p2a: Kommo-o|48/100|[from] item: Leftovers
|upkeep
|turn|11
|inactive|GaijinEagle has 60 seconds left.
|inactive|Malakos has 120 seconds left.
|
|t:|1596466762
|move|p1a: Urshifu|Close Combat|p2a: Kommo-o
|-damage|p2a: Kommo-o|0 fnt
|-unboost|p1a: Urshifu|def|1
|-unboost|p1a: Urshifu|spd|1
|-damage|p1a: Urshifu|8/100|[from] item: Life Orb
|faint|p2a: Kommo-o
|
|upkeep
|
|t:|1596466768
|switch|p2a: Bisharp|Bisharp, M|100/100
|turn|12
|inactive|GaijinEagle has 60 seconds left.
|
|t:|1596466786
|move|p2a: Bisharp|Sucker Punch||[still]
|-fail|p2a: Bisharp
|move|p1a: Urshifu|Bulk Up|p1a: Urshifu
|-boost|p1a: Urshifu|atk|1
|-boost|p1a: Urshifu|def|1
|
|upkeep
|turn|13
|
|t:|1596466799
|move|p1a: Urshifu|Sucker Punch|p2a: Bisharp
|-resisted|p2a: Bisharp
|-damage|p2a: Bisharp|55/100
|-damage|p1a: Urshifu|0 fnt|[from] item: Life Orb
|faint|p1a: Urshifu
|move|p2a: Bisharp|Sucker Punch|p1: Urshifu|[notarget]
|-fail|p2a: Bisharp
|
|upkeep
|inactive|GaijinEagle has 30 seconds left.
|
|t:|1596466835
|switch|p1a: Cinderace|Cinderace, F|100/100
|turn|14
|inactive|GaijinEagle has 30 seconds left.
|
|t:|1596466846
|move|p2a: Bisharp|Sucker Punch|p1a: Cinderace
|-damage|p1a: Cinderace|29/100
|move|p1a: Cinderace|Pyro Ball|p2a: Bisharp
|-supereffective|p2a: Bisharp
|-damage|p2a: Bisharp|0 fnt
|faint|p2a: Bisharp
|
|upkeep
|inactive|GaijinEagle has 30 seconds left this turn.
|
|t:|1596466854
|switch|p2a: Gastrodon|Gastrodon, M|100/100
|turn|15
|inactive|GaijinEagle has 30 seconds left.
|
|t:|1596466866
|move|p1a: Cinderace|Zen Headbutt|p2a: Gastrodon
|-start|p1a: Cinderace|typechange|Psychic|[from] ability: Libero
|-damage|p2a: Gastrodon|61/100
|cant|p2a: Gastrodon|flinch
|
|-heal|p2a: Gastrodon|67/100|[from] item: Leftovers
|upkeep
|turn|16
|
|t:|1596466872
|move|p1a: Cinderace|Zen Headbutt|p2a: Gastrodon
|-damage|p2a: Gastrodon|22/100
|move|p2a: Gastrodon|Toxic|p1a: Cinderace
|-status|p1a: Cinderace|tox
|
|-heal|p2a: Gastrodon|29/100|[from] item: Leftovers
|-damage|p1a: Cinderace|23/100 tox|[from] psn
|upkeep
|turn|17
|
|t:|1596466875
|move|p1a: Cinderace|Zen Headbutt|p2a: Gastrodon
|-damage|p2a: Gastrodon|0 fnt
|faint|p2a: Gastrodon
|
|-damage|p1a: Cinderace|11/100 tox|[from] psn
|upkeep
|
|t:|1596466878
|switch|p2a: Cinderace|Cinderace, F, shiny|100/100
|turn|18
|
|t:|1596466887
|move|p2a: Cinderace|Sucker Punch||[still]
|-fail|p2a: Cinderace
|move|p1a: Cinderace|Bulk Up|p1a: Cinderace
|-start|p1a: Cinderace|typechange|Fighting|[from] ability: Libero
|-boost|p1a: Cinderace|atk|1
|-boost|p1a: Cinderace|def|1
|
|-damage|p1a: Cinderace|0 fnt|[from] psn
|faint|p1a: Cinderace
|upkeep
|
|t:|1596466895
|switch|p1a: Alakazam|Alakazam, M|100/100
|turn|19
|inactive|GaijinEagle has 60 seconds left.
|
|t:|1596466917
|switch|p1a: Lycanroc|Lycanroc-Dusk, M|100/100
|-damage|p1a: Lycanroc|88/100|[from] Stealth Rock
|move|p2a: Cinderace|Sucker Punch||[still]
|-fail|p2a: Cinderace
|
|upkeep
|turn|20
|
|t:|1596466928
|switch|p2a: Toxapex|Toxapex, M|57/100
|move|p1a: Lycanroc|Close Combat|p2a: Toxapex
|-resisted|p2a: Toxapex
|-damage|p2a: Toxapex|38/100
|-unboost|p1a: Lycanroc|def|1
|-unboost|p1a: Lycanroc|spd|1
|-damage|p1a: Lycanroc|78/100|[from] item: Life Orb
|
|-heal|p2a: Toxapex|44/100|[from] item: Black Sludge
|upkeep
|turn|21
|
|t:|1596466940
|move|p1a: Lycanroc|Psychic Fangs|p2a: Toxapex
|-supereffective|p2a: Toxapex
|-damage|p2a: Toxapex|0 fnt
|-damage|p1a: Lycanroc|68/100|[from] item: Life Orb
|faint|p2a: Toxapex
|
|upkeep
|
|t:|1596466942
|switch|p2a: Cinderace|Cinderace, F, shiny|100/100
|turn|22
|c|☆Malakos|gg
|
|t:|1596466965
|move|p2a: Cinderace|Sucker Punch|p1a: Lycanroc
|-start|p2a: Cinderace|typechange|Dark|[from] ability: Libero
|-damage|p1a: Lycanroc|0 fnt
|faint|p1a: Lycanroc
|
|upkeep
|
|t:|1596466970
|switch|p1a: Alakazam|Alakazam, M|100/100
|turn|23
|
|t:|1596466989
|move|p2a: Cinderace|Sucker Punch||[still]
|-fail|p2a: Cinderace
|move|p1a: Alakazam|Nasty Plot|p1a: Alakazam
|-boost|p1a: Alakazam|spa|2
|
|upkeep
|turn|24
|
|t:|1596466993
|move|p2a: Cinderace|Sucker Punch|p1a: Alakazam
|-supereffective|p1a: Alakazam
|-enditem|p1a: Alakazam|Focus Sash
|-damage|p1a: Alakazam|1/100
|move|p1a: Alakazam|Dazzling Gleam|p2a: Cinderace
|-supereffective|p2a: Cinderace
|-damage|p2a: Cinderace|0 fnt
|faint|p2a: Cinderace
|
|win|GaijinEagle
|l|☆Malakos
|c|☆GaijinEagle|gg
|raw|GaijinEagle's rating: 1227 &rarr; <strong>1252</strong><br />(+25 for winning)
|raw|Malakos's rating: 1222 &rarr; <strong>1197</strong><br />(-25 for losing)
