|j|☆thounss
|j|☆999Elo4Ever
|player|p1|thounss|170|1708
|player|p2|999Elo4Ever|burgh|1732
|teamsize|p1|6
|teamsize|p2|6
|gametype|singles
|gen|8
|tier|[Gen 8] OU
|rated|
|clearpoke
|poke|p1|Jellicent, M|
|poke|p1|Clefable, F|
|poke|p1|Rotom-Heat|
|poke|p1|Hippowdon, M|
|poke|p1|Excadrill, M|
|poke|p1|Snorlax, F|
|poke|p2|Mew|
|poke|p2|Bisharp, M|
|poke|p2|Mimikyu, M|
|poke|p2|Aegislash, M|
|poke|p2|Cloyster, M|
|poke|p2|Dragapult, M|
|rule|Sleep Clause Mod: Limit one foe put to sleep
|rule|Species Clause: Limit one of each Pokémon
|rule|OHKO Clause: OHKO moves are banned
|rule|Evasion Moves Clause: Evasion moves are banned
|rule|Endless Battle Clause: Forcing endless battles is banned
|rule|HP Percentage Mod: HP is shown in percentages
|rule|Dynamax Clause: You cannot dynamax
|teampreview
|j|‽A New King
|inactive|Battle timer is ON: inactive players will automatically lose when time's up. (requested by 999Elo4Ever)
|
|start
|switch|p1a: Excadrill|Excadrill, M|100/100
|switch|p2a: Mew|Mew|100/100
|-ability|p1a: Excadrill|Mold Breaker
|turn|1
|
|move|p2a: Mew|Stealth Rock|p1a: Excadrill
|-sidestart|p1: thounss|move: Stealth Rock
|move|p1a: Excadrill|Earthquake|p2a: Mew
|-damage|p2a: Mew|57/100
|-enditem|p2a: Mew|Red Card|[of] p1a: Excadrill
|drag|p1a: Rotom|Rotom-Heat|100/100
|-damage|p1a: Rotom|76/100|[from] Stealth Rock
|
|upkeep
|turn|2
|
|move|p1a: Rotom|Trick|p2a: Mew
|-activate|p1a: Rotom|move: Trick|[of] p2a: Mew
|-item|p2a: Mew|Choice Scarf|[from] move: Trick
|-enditem|p1a: Rotom|Choice Scarf|[silent]|[from] move: Trick
|move|p2a: Mew|Spikes|p1a: Rotom
|-sidestart|p1: thounss|Spikes
|
|upkeep
|turn|3
|
|move|p2a: Mew|Spikes|p1a: Rotom
|-sidestart|p1: thounss|Spikes
|move|p1a: Rotom|Volt Switch|p2a: Mew
|-damage|p2a: Mew|36/100
|
|switch|p1a: Excadrill|Excadrill, M|100/100|[from]move: Volt Switch
|-damage|p1a: Excadrill|97/100|[from] Stealth Rock
|-damage|p1a: Excadrill|81/100|[from] Spikes
|-ability|p1a: Excadrill|Mold Breaker
|
|-heal|p1a: Excadrill|87/100|[from] item: Leftovers
|upkeep
|turn|4
|
|switch|p2a: Aegislash|Aegislash, M|100/100
|-item|p2a: Aegislash|Air Balloon
|move|p1a: Excadrill|Iron Head|p2a: Aegislash
|-resisted|p2a: Aegislash
|-damage|p2a: Aegislash|78/100
|-enditem|p2a: Aegislash|Air Balloon
|
|-heal|p1a: Excadrill|93/100|[from] item: Leftovers
|upkeep
|turn|5
|
|switch|p2a: Dragapult|Dragapult, M|100/100
|move|p1a: Excadrill|Earthquake|p2a: Dragapult
|-damage|p2a: Dragapult|27/100
|
|-heal|p1a: Excadrill|99/100|[from] item: Leftovers
|upkeep
|turn|6
|
|switch|p1a: Clefable|Clefable, F|100/100
|move|p2a: Dragapult|Fire Blast|p1a: Clefable
|-damage|p1a: Clefable|59/100
|
|-heal|p1a: Clefable|65/100|[from] item: Leftovers
|upkeep
|turn|7
|
|switch|p2a: Aegislash|Aegislash, M|78/100
|move|p1a: Clefable|Wish|p1a: Clefable
|
|-heal|p1a: Clefable|72/100|[from] item: Leftovers
|upkeep
|turn|8
|
|switch|p1a: Rotom|Rotom-Heat|76/100
|-damage|p1a: Rotom|51/100|[from] Stealth Rock
|-formechange|p2a: Aegislash|Aegislash-Blade||[from] ability: Stance Change
|move|p2a: Aegislash|Close Combat|p1a: Rotom
|-damage|p1a: Rotom|2/100
|-unboost|p2a: Aegislash|def|1
|-unboost|p2a: Aegislash|spd|1
|
|-heal|p1a: Rotom|67/100|[from] move: Wish|[wisher] Clefable
|upkeep
|turn|9
|
|switch|p2a: Mew|Mew|36/100
|move|p1a: Rotom|Volt Switch|p2a: Mew
|-damage|p2a: Mew|15/100
|
|switch|p1a: Clefable|Clefable, F|72/100|[from]move: Volt Switch
|
|-heal|p1a: Clefable|78/100|[from] item: Leftovers
|upkeep
|turn|10
|
|move|p1a: Clefable|Protect|p1a: Clefable
|-singleturn|p1a: Clefable|Protect
|move|p2a: Mew|Taunt|p1a: Clefable
|-activate|p1a: Clefable|move: Protect
|
|-heal|p1a: Clefable|84/100|[from] item: Leftovers
|upkeep
|turn|11
|
|switch|p2a: Aegislash|Aegislash, M|78/100
|move|p1a: Clefable|Moonblast|p2a: Aegislash
|-resisted|p2a: Aegislash
|-damage|p2a: Aegislash|62/100
|-unboost|p2a: Aegislash|spa|1
|
|-heal|p1a: Clefable|90/100|[from] item: Leftovers
|upkeep
|turn|12
|inactive|999Elo4Ever has 120 seconds left.
|
|switch|p1a: Hippowdon|Hippowdon, M|100/100
|-damage|p1a: Hippowdon|84/100|[from] Spikes
|-damage|p1a: Hippowdon|78/100|[from] Stealth Rock
|-weather|Sandstorm|[from] ability: Sand Stream|[of] p1a: Hippowdon
|move|p2a: Aegislash|Swords Dance|p2a: Aegislash
|-boost|p2a: Aegislash|atk|2
|
|-weather|Sandstorm|[upkeep]
|upkeep
|turn|13
|
|-formechange|p2a: Aegislash|Aegislash-Blade||[from] ability: Stance Change
|move|p2a: Aegislash|Iron Head|p1a: Hippowdon
|-damage|p1a: Hippowdon|24/100
|-damage|p2a: Aegislash|46/100|[from] item: Rocky Helmet|[of] p1a: Hippowdon
|move|p1a: Hippowdon|Earthquake|p2a: Aegislash
|-supereffective|p2a: Aegislash
|-crit|p2a: Aegislash
|-damage|p2a: Aegislash|0 fnt
|faint|p2a: Aegislash
|
|-weather|Sandstorm|[upkeep]
|upkeep
|inactive|999Elo4Ever has 120 seconds left.
|
|switch|p2a: Dragapult|Dragapult, M|27/100
|turn|14
|
|switch|p1a: Snorlax|Snorlax, F|100/100
|-damage|p1a: Snorlax|84/100|[from] Spikes
|-damage|p1a: Snorlax|71/100|[from] Stealth Rock
|move|p2a: Dragapult|Shadow Ball|p1a: Snorlax
|-immune|p1a: Snorlax
|
|-weather|Sandstorm|[upkeep]
|-damage|p2a: Dragapult|21/100|[from] Sandstorm
|-damage|p1a: Snorlax|65/100|[from] Sandstorm
|-heal|p1a: Snorlax|71/100|[from] item: Leftovers
|upkeep
|turn|15
|
|switch|p2a: Cloyster|Cloyster, M|100/100
|move|p1a: Snorlax|Curse|p1a: Snorlax
|-unboost|p1a: Snorlax|spe|1
|-boost|p1a: Snorlax|atk|1
|-boost|p1a: Snorlax|def|1
|
|-weather|Sandstorm|[upkeep]
|-damage|p2a: Cloyster|94/100|[from] Sandstorm
|-damage|p1a: Snorlax|65/100|[from] Sandstorm
|-heal|p1a: Snorlax|71/100|[from] item: Leftovers
|upkeep
|turn|16
|
|move|p2a: Cloyster|Shell Smash|p2a: Cloyster
|-unboost|p2a: Cloyster|def|1
|-unboost|p2a: Cloyster|spd|1
|-boost|p2a: Cloyster|atk|2
|-boost|p2a: Cloyster|spa|2
|-boost|p2a: Cloyster|spe|2
|move|p1a: Snorlax|Body Slam|p2a: Cloyster
|-damage|p2a: Cloyster|26/100
|-status|p2a: Cloyster|par
|
|-weather|none
|-heal|p1a: Snorlax|78/100|[from] item: Leftovers
|upkeep
|turn|17
|
|cant|p2a: Cloyster|par
|move|p1a: Snorlax|Body Slam|p2a: Cloyster
|-damage|p2a: Cloyster|0 fnt
|faint|p2a: Cloyster
|
|-heal|p1a: Snorlax|84/100|[from] item: Leftovers
|upkeep
|inactive|999Elo4Ever has 120 seconds left.
|
|switch|p2a: Bisharp|Bisharp, M|100/100
|turn|18
|
|move|p2a: Bisharp|Swords Dance|p2a: Bisharp
|-boost|p2a: Bisharp|atk|2
|move|p1a: Snorlax|Body Slam|p2a: Bisharp
|-resisted|p2a: Bisharp
|-damage|p2a: Bisharp|57/100
|
|-heal|p1a: Snorlax|90/100|[from] item: Leftovers
|upkeep
|turn|19
|inactive|999Elo4Ever has 120 seconds left.
|
|move|p2a: Bisharp|Iron Head|p1a: Snorlax
|-damage|p1a: Snorlax|14/100
|-damage|p2a: Bisharp|47/100|[from] item: Life Orb
|cant|p1a: Snorlax|flinch
|
|-heal|p1a: Snorlax|21/100|[from] item: Leftovers
|upkeep
|turn|20
|c|☆thounss|lmao
|
|move|p2a: Bisharp|Iron Head|p1a: Snorlax
|-damage|p1a: Snorlax|0 fnt
|-damage|p2a: Bisharp|37/100|[from] item: Life Orb
|faint|p1a: Snorlax
|
|upkeep
|
|switch|p1a: Hippowdon|Hippowdon, M|24/100
|-damage|p1a: Hippowdon|7/100|[from] Spikes
|-damage|p1a: Hippowdon|1/100|[from] Stealth Rock
|-weather|Sandstorm|[from] ability: Sand Stream|[of] p1a: Hippowdon
|turn|21
|
|move|p2a: Bisharp|Iron Head|p1a: Hippowdon
|-damage|p1a: Hippowdon|0 fnt
|-damage|p2a: Bisharp|20/100|[from] item: Rocky Helmet|[of] p1a: Hippowdon
|-damage|p2a: Bisharp|10/100|[from] item: Life Orb
|faint|p1a: Hippowdon
|
|-weather|Sandstorm|[upkeep]
|upkeep
|inactive|thounss has 120 seconds left.
|
|switch|p1a: Rotom|Rotom-Heat|67/100
|-damage|p1a: Rotom|42/100|[from] Stealth Rock
|turn|22
|inactive|thounss has 120 seconds left.
|l|‽A New King
|inactive|999Elo4Ever has 120 seconds left.
|
|move|p2a: Bisharp|Sucker Punch|p1a: Rotom
|-damage|p1a: Rotom|0 fnt
|-damage|p2a: Bisharp|0 fnt|[from] item: Life Orb
|faint|p1a: Rotom
|faint|p2a: Bisharp
|
|-weather|Sandstorm|[upkeep]
|upkeep
|inactive|999Elo4Ever has 120 seconds left.
|inactive|thounss has 120 seconds left.
|
|switch|p1a: Clefable|Clefable, F|90/100
|switch|p2a: Dragapult|Dragapult, M|21/100
|turn|23
|inactive|999Elo4Ever has 120 seconds left.
|inactive|thounss has 120 seconds left.
|
|switch|p2a: Mew|Mew|15/100
|move|p1a: Clefable|Protect||[still]
|-fail|p1a: Clefable
|
|-weather|Sandstorm|[upkeep]
|-damage|p2a: Mew|9/100|[from] Sandstorm
|-heal|p1a: Clefable|96/100|[from] item: Leftovers
|upkeep
|turn|24
|
|move|p1a: Clefable|Protect|p1a: Clefable
|-singleturn|p1a: Clefable|Protect
|move|p2a: Mew|Spikes|p1a: Clefable
|-sidestart|p1: thounss|Spikes
|
|-weather|Sandstorm|[upkeep]
|-damage|p2a: Mew|2/100|[from] Sandstorm
|-heal|p1a: Clefable|100/100|[from] item: Leftovers
|upkeep
|turn|25
|
|move|p2a: Mew|Spikes||[still]
|-fail|p2a: Mew
|move|p1a: Clefable|Wish|p1a: Clefable
|
|-weather|none
|upkeep
|turn|26
|inactive|999Elo4Ever has 120 seconds left.
|
|switch|p2a: Dragapult|Dragapult, M|21/100
|switch|p1a: Excadrill|Excadrill, M|99/100
|-damage|p1a: Excadrill|74/100|[from] Spikes
|-damage|p1a: Excadrill|71/100|[from] Stealth Rock
|-ability|p1a: Excadrill|Mold Breaker
|
|-heal|p1a: Excadrill|100/100|[from] move: Wish|[wisher] Clefable
|upkeep
|turn|27
|
|switch|p1a: Jellicent|Jellicent, M|100/100
|-damage|p1a: Jellicent|88/100|[from] Stealth Rock
|-damage|p1a: Jellicent|63/100|[from] Spikes
|move|p2a: Dragapult|Fire Blast|p1a: Jellicent
|-resisted|p1a: Jellicent
|-damage|p1a: Jellicent|44/100
|
|-heal|p1a: Jellicent|50/100|[from] item: Leftovers
|upkeep
|turn|28
|
|switch|p2a: Mew|Mew|2/100
|move|p1a: Jellicent|Hex|p2a: Mew
|-supereffective|p2a: Mew
|-damage|p2a: Mew|0 fnt
|faint|p2a: Mew
|
|-heal|p1a: Jellicent|56/100|[from] item: Leftovers
|upkeep
|inactive|999Elo4Ever has 120 seconds left.
|
|switch|p2a: Dragapult|Dragapult, M|21/100
|turn|29
|
|move|p2a: Dragapult|Shadow Ball|p1a: Jellicent
|-supereffective|p1a: Jellicent
|-damage|p1a: Jellicent|0 fnt
|faint|p1a: Jellicent
|
|upkeep
|
|switch|p1a: Clefable|Clefable, F|100/100
|turn|30
|inactive|999Elo4Ever has 120 seconds left.
|
|move|p2a: Dragapult|Shadow Ball|p1a: Clefable
|-damage|p1a: Clefable|51/100
|move|p1a: Clefable|Moonblast|p2a: Dragapult
|-supereffective|p2a: Dragapult
|-damage|p2a: Dragapult|0 fnt
|faint|p2a: Dragapult
|
|-heal|p1a: Clefable|57/100|[from] item: Leftovers
|upkeep
|
|switch|p2a: Mimikyu|Mimikyu, M|100/100
|turn|31
|inactive|999Elo4Ever has 90 seconds left.
|
|switch|p1a: Excadrill|Excadrill, M|100/100
|-damage|p1a: Excadrill|76/100|[from] Spikes
|-damage|p1a: Excadrill|73/100|[from] Stealth Rock
|-ability|p1a: Excadrill|Mold Breaker
|move|p2a: Mimikyu|Swords Dance|p2a: Mimikyu
|-boost|p2a: Mimikyu|atk|2
|
|-heal|p1a: Excadrill|79/100|[from] item: Leftovers
|upkeep
|turn|32
|
|move|p2a: Mimikyu|Wood Hammer|p1a: Excadrill
|-damage|p1a: Excadrill|0 fnt
|-damage|p2a: Mimikyu|63/100|[from] Recoil
|-damage|p2a: Mimikyu|53/100|[from] item: Life Orb
|faint|p1a: Excadrill
|
|upkeep
|
|switch|p1a: Clefable|Clefable, F|57/100
|turn|33
|inactive|999Elo4Ever has 90 seconds left.
|j| Poliskwan
|
|move|p2a: Mimikyu|Play Rough|p1a: Clefable
|-damage|p1a: Clefable|0 fnt
|-damage|p2a: Mimikyu|44/100|[from] item: Life Orb
|faint|p1a: Clefable
|
|win|999Elo4Ever
|c|☆thounss|so lucky that flinch
|raw|thounss's rating: 1708 &rarr; <strong>1689</strong><br />(-19 for losing)
|raw|999Elo4Ever's rating: 1732 &rarr; <strong>1751</strong><br />(+19 for winning)
|c|☆thounss|gg
|c|☆999Elo4Ever|Gg
|c|☆999Elo4Ever|Notnlike
|c|☆999Elo4Ever|You paralyzed
|c|☆999Elo4Ever|Me and fully paralized xd
|c|☆999Elo4Ever|Pls
|c|☆999Elo4Ever|Don t talk
