|j|☆VivaHonduras
|j|☆LT_Alt1
|t:|1660677412
|gametype|singles
|player|p1|VivaHonduras|scientist-gen4|1651
|player|p2|LT_Alt1|102|1670
|teamsize|p1|6
|teamsize|p2|6
|gen|8
|tier|[Gen 8] OU
|rated|
|rule|Sleep Clause Mod: Limit one foe put to sleep
|rule|Species Clause: Limit one of each Pokémon
|rule|OHKO Clause: OHKO moves are banned
|rule|Evasion Items Clause: Evasion items are banned
|rule|Evasion Moves Clause: Evasion moves are banned
|rule|Endless Battle Clause: Forcing endless battles is banned
|rule|HP Percentage Mod: HP is shown in percentages
|rule|Dynamax Clause: You cannot dynamax
|clearpoke
|poke|p1|Zapdos|
|poke|p1|Sirfetch’d, M|
|poke|p1|Dragonite, M|
|poke|p1|Heatran, F|
|poke|p1|Tapu Lele|
|poke|p1|Gastrodon, M|
|poke|p2|Alakazam, M|
|poke|p2|Chansey, F|
|poke|p2|Zapdos|
|poke|p2|Clefable, M|
|poke|p2|Slowbro, M|
|poke|p2|Rhydon, F|
|teampreview
|inactive|Battle timer is ON: inactive players will automatically lose when time's up. (requested by VivaHonduras)
|
|t:|1660677433
|start
|switch|p1a: Gastrodon|Gastrodon, M|100/100
|switch|p2a: Slowbro|Slowbro, M|100/100
|turn|1
|
|t:|1660677438
|switch|p2a: Clefable|Clefable, M|100/100
|move|p1a: Gastrodon|Toxic|p2a: Clefable
|-status|p2a: Clefable|tox
|
|upkeep
|turn|2
|
|t:|1660677447
|move|p2a: Clefable|Thunder|p1a: Gastrodon
|-immune|p1a: Gastrodon
|move|p1a: Gastrodon|Scald|p2a: Clefable
|-damage|p2a: Clefable|79/100 tox
|
|upkeep
|turn|3
|
|t:|1660677456
|switch|p1a: Zapdos|Zapdos|100/100
|move|p2a: Clefable|Calm Mind|p2a: Clefable
|-boost|p2a: Clefable|spa|1
|-boost|p2a: Clefable|spd|1
|
|upkeep
|turn|4
|
|t:|1660677465
|move|p1a: Zapdos|Hurricane|p2a: Clefable
|-damage|p2a: Clefable|52/100 tox
|move|p2a: Clefable|Thunder|p1a: Zapdos
|-damage|p1a: Zapdos|56/100
|
|upkeep
|turn|5
|
|t:|1660677471
|move|p1a: Zapdos|Hurricane|p2a: Clefable|[miss]
|-miss|p1a: Zapdos|p2a: Clefable
|move|p2a: Clefable|Soft-Boiled|p2a: Clefable
|-heal|p2a: Clefable|100/100 tox
|
|upkeep
|turn|6
|
|t:|1660677477
|move|p1a: Zapdos|Hurricane|p2a: Clefable
|-damage|p2a: Clefable|75/100 tox
|move|p2a: Clefable|Moonblast|p1a: Zapdos
|-damage|p1a: Zapdos|0 fnt
|faint|p1a: Zapdos
|
|upkeep
|j| RevengerRiolu
|
|t:|1660677480
|switch|p1a: Sirfetch’d|Sirfetch’d, M|100/100
|turn|7
|j| aidanop
|
|t:|1660677499
|switch|p2a: Zapdos|Zapdos|100/100
|move|p1a: Sirfetch’d|Brave Bird|p2a: Zapdos
|-resisted|p2a: Zapdos
|-damage|p2a: Zapdos|68/100
|-damage|p1a: Sirfetch’d|85/100|[from] Recoil
|
|upkeep
|turn|8
|
|t:|1660677508
|switch|p1a: Gastrodon|Gastrodon, M|100/100
|move|p2a: Zapdos|Hurricane|p1a: Gastrodon
|-damage|p1a: Gastrodon|72/100
|
|-heal|p1a: Gastrodon|78/100|[from] item: Leftovers
|upkeep
|turn|9
|
|t:|1660677517
|move|p2a: Zapdos|Volt Switch|p1a: Gastrodon
|-immune|p1a: Gastrodon
|move|p1a: Gastrodon|Scald|p2a: Zapdos
|-damage|p2a: Zapdos|44/100
|
|-heal|p1a: Gastrodon|84/100|[from] item: Leftovers
|upkeep
|turn|10
|
|t:|1660677525
|switch|p2a: Clefable|Clefable, M|75/100 tox
|switch|p1a: Sirfetch’d|Sirfetch’d, M|85/100
|
|upkeep
|turn|11
|
|t:|1660677536
|switch|p2a: Slowbro|Slowbro, M|100/100
|move|p1a: Sirfetch’d|Knock Off|p2a: Slowbro
|-supereffective|p2a: Slowbro
|-damage|p2a: Slowbro|31/100
|-damage|p1a: Sirfetch’d|69/100|[from] item: Rocky Helmet|[of] p2a: Slowbro
|-enditem|p2a: Slowbro|Rocky Helmet|[from] move: Knock Off|[of] p1a: Sirfetch’d
|
|upkeep
|turn|12
|
|t:|1660677545
|switch|p2a: Clefable|Clefable, M|75/100 tox
|move|p1a: Sirfetch’d|Knock Off|p2a: Clefable
|-resisted|p2a: Clefable
|-damage|p2a: Clefable|48/100 tox
|-enditem|p2a: Clefable|Life Orb|[from] move: Knock Off|[of] p1a: Sirfetch’d
|
|upkeep
|turn|13
|
|t:|1660677552
|switch|p1a: Tapu Lele|Tapu Lele|100/100
|-fieldstart|move: Psychic Terrain|[from] ability: Psychic Surge|[of] p1a: Tapu Lele
|move|p2a: Clefable|Soft-Boiled|p2a: Clefable
|-heal|p2a: Clefable|98/100 tox
|
|upkeep
|turn|14
|
|t:|1660677561
|move|p1a: Tapu Lele|Psyshock|p2a: Clefable
|-damage|p2a: Clefable|51/100 tox
|move|p2a: Clefable|Soft-Boiled|p2a: Clefable
|-heal|p2a: Clefable|100/100 tox
|
|upkeep
|turn|15
|
|t:|1660677567
|switch|p2a: Slowbro|Slowbro, M|64/100
|move|p1a: Tapu Lele|Psyshock|p2a: Slowbro
|-resisted|p2a: Slowbro
|-damage|p2a: Slowbro|48/100
|
|upkeep
|turn|16
|
|t:|1660677575
|switch|p1a: Heatran|Heatran, F|100/100
|-item|p1a: Heatran|Air Balloon
|move|p2a: Slowbro|Teleport|p2a: Slowbro
|
|t:|1660677585
|switch|p2a: Chansey|Chansey, F|100/100|[from]move: Teleport
|
|upkeep
|turn|17
|
|t:|1660677589
|move|p1a: Heatran|Body Press|p2a: Chansey
|-supereffective|p2a: Chansey
|-damage|p2a: Chansey|66/100
|move|p2a: Chansey|Seismic Toss|p1a: Heatran
|-damage|p1a: Heatran|75/100
|-enditem|p1a: Heatran|Air Balloon
|
|-fieldend|move: Psychic Terrain
|upkeep
|turn|18
|c| RevengerRiolu|hmmm
|
|t:|1660677598
|move|p1a: Heatran|Stealth Rock|p2a: Chansey
|-sidestart|p2: LT_Alt1|move: Stealth Rock
|move|p2a: Chansey|Reflect|p2a: Chansey
|-sidestart|p2: LT_Alt1|Reflect
|
|upkeep
|turn|19
|
|t:|1660677604
|switch|p1a: Gastrodon|Gastrodon, M|84/100
|move|p2a: Chansey|Seismic Toss|p1a: Gastrodon
|-damage|p1a: Gastrodon|60/100
|
|-heal|p1a: Gastrodon|66/100|[from] item: Leftovers
|upkeep
|turn|20
|
|t:|1660677612
|move|p2a: Chansey|Soft-Boiled|p2a: Chansey
|-heal|p2a: Chansey|100/100
|move|p1a: Gastrodon|Toxic|p2a: Chansey
|-status|p2a: Chansey|tox
|
|-heal|p1a: Gastrodon|73/100|[from] item: Leftovers
|-damage|p2a: Chansey|94/100 tox|[from] psn
|upkeep
|turn|21
|
|t:|1660677621
|move|p1a: Gastrodon|Recover|p1a: Gastrodon
|-heal|p1a: Gastrodon|100/100
|move|p2a: Chansey|Teleport|p2a: Chansey
|l| aidanop
|
|t:|1660677629
|-curestatus|p2a: Chansey|tox|[from] ability: Natural Cure
|switch|p2a: Alakazam|Alakazam, M|100/100|[from]move: Teleport
|
|upkeep
|turn|22
|
|t:|1660677635
|move|p2a: Alakazam|Encore|p1a: Gastrodon
|-start|p1a: Gastrodon|Encore
|move|p1a: Gastrodon|Recover||[still]
|-fail|p1a: Gastrodon|heal
|
|-sideend|p2: LT_Alt1|Reflect
|upkeep
|turn|23
|
|t:|1660677642
|switch|p1a: Tapu Lele|Tapu Lele|100/100
|-fieldstart|move: Psychic Terrain|[from] ability: Psychic Surge|[of] p1a: Tapu Lele
|move|p2a: Alakazam|Psychic|p1a: Tapu Lele
|-resisted|p1a: Tapu Lele
|-damage|p1a: Tapu Lele|56/100
|
|upkeep
|turn|24
|
|t:|1660677648
|move|p1a: Tapu Lele|Moonblast|p2a: Alakazam
|-damage|p2a: Alakazam|28/100
|move|p2a: Alakazam|Shadow Ball|p1a: Tapu Lele
|-supereffective|p1a: Tapu Lele
|-damage|p1a: Tapu Lele|0 fnt
|faint|p1a: Tapu Lele
|
|upkeep
|
|t:|1660677659
|switch|p1a: Dragonite|Dragonite, M|100/100
|turn|25
|
|t:|1660677664
|switch|p2a: Slowbro|Slowbro, M|81/100
|-damage|p2a: Slowbro|69/100|[from] Stealth Rock
|move|p1a: Dragonite|Dragon Dance|p1a: Dragonite
|-boost|p1a: Dragonite|atk|1
|-boost|p1a: Dragonite|spe|1
|
|upkeep
|turn|26
|
|t:|1660677670
|move|p1a: Dragonite|Dragon Dance|p1a: Dragonite
|-boost|p1a: Dragonite|atk|1
|-boost|p1a: Dragonite|spe|1
|move|p2a: Slowbro|Ice Beam|p1a: Dragonite
|-supereffective|p1a: Dragonite
|-damage|p1a: Dragonite|66/100
|
|upkeep
|turn|27
|
|t:|1660677685
|move|p1a: Dragonite|Earthquake|p2a: Slowbro
|-damage|p2a: Slowbro|28/100
|move|p2a: Slowbro|Ice Beam|p1a: Dragonite
|-supereffective|p1a: Dragonite
|-damage|p1a: Dragonite|0 fnt
|faint|p1a: Dragonite
|
|-fieldend|move: Psychic Terrain
|upkeep
|
|t:|1660677688
|switch|p1a: Sirfetch’d|Sirfetch’d, M|69/100
|turn|28
|
|t:|1660677695
|switch|p2a: Zapdos|Zapdos|44/100
|move|p1a: Sirfetch’d|Brave Bird|p2a: Zapdos
|-resisted|p2a: Zapdos
|-damage|p2a: Zapdos|14/100
|-damage|p1a: Sirfetch’d|55/100|[from] Recoil
|
|upkeep
|turn|29
|
|t:|1660677702
|move|p2a: Zapdos|Roost|p2a: Zapdos
|-heal|p2a: Zapdos|65/100
|-singleturn|p2a: Zapdos|move: Roost
|move|p1a: Sirfetch’d|Brave Bird|p2a: Zapdos
|-resisted|p2a: Zapdos
|-damage|p2a: Zapdos|32/100
|-damage|p1a: Sirfetch’d|40/100|[from] Recoil
|
|upkeep
|turn|30
|c|☆VivaHonduras|Gg
|
|t:|1660677711
|switch|p1a: Gastrodon|Gastrodon, M|100/100
|move|p2a: Zapdos|Roost|p2a: Zapdos
|-heal|p2a: Zapdos|83/100
|-singleturn|p2a: Zapdos|move: Roost
|
|upkeep
|turn|31
|-message|VivaHonduras forfeited.
|
|win|LT_Alt1
|raw|VivaHonduras's rating: 1651 &rarr; <strong>1632</strong><br />(-19 for losing)
|raw|LT_Alt1's rating: 1670 &rarr; <strong>1689</strong><br />(+19 for winning)
|l|☆VivaHonduras
|c|☆LT_Alt1|gg
||Ladder isn't responding, score probably updated but might not have (Request timeout).
