|j|☆i know im horrible
|j|☆River Crossing
|t:|1634235782
|gametype|singles
|player|p1|i know im horrible|266|1678
|player|p2|River Crossing|erika-gen2|1650
|teamsize|p1|6
|teamsize|p2|6
|gen|8
|tier|[Gen 8] OU
|rated|
|rule|Sleep Clause Mod: Limit one foe put to sleep
|rule|Species Clause: Limit one of each Pokémon
|rule|OHKO Clause: OHKO moves are banned
|rule|Evasion Moves Clause: Evasion moves are banned
|rule|Endless Battle Clause: Forcing endless battles is banned
|rule|HP Percentage Mod: HP is shown in percentages
|rule|Dynamax Clause: You cannot dynamax
|clearpoke
|poke|p1|Melmetal|
|poke|p1|Corviknight, M|
|poke|p1|Toxapex, F|
|poke|p1|Landorus-Therian, M|
|poke|p1|Blissey, F|
|poke|p1|Dragonite, F|
|poke|p2|Hippowdon, F|
|poke|p2|Heatran, F|
|poke|p2|Weavile, M|
|poke|p2|Melmetal|
|poke|p2|Slowbro, F|
|poke|p2|Tornadus-Therian, M|
|teampreview
|inactive|Battle timer is ON: inactive players will automatically lose when time's up. (requested by River Crossing)
|inactive|River Crossing has 120 seconds left.
|
|t:|1634235826
|start
|switch|p1a: Toxapex|Toxapex, F|100/100
|switch|p2a: Hippowdon|Hippowdon, F|100/100
|-weather|Sandstorm|[from] ability: Sand Stream|[of] p2a: Hippowdon
|turn|1
|inactive|River Crossing has 120 seconds left.
|
|t:|1634235873
|move|p2a: Hippowdon|Earthquake|p1a: Toxapex
|-supereffective|p1a: Toxapex
|-damage|p1a: Toxapex|51/100
|move|p1a: Toxapex|Toxic|p2a: Hippowdon
|-status|p2a: Hippowdon|tox
|
|-weather|Sandstorm|[upkeep]
|-damage|p1a: Toxapex|45/100|[from] Sandstorm
|-heal|p1a: Toxapex|51/100|[from] item: Black Sludge
|-damage|p2a: Hippowdon|94/100 tox|[from] psn
|upkeep
|turn|2
|
|t:|1634235883
|switch|p2a: Heatran|Heatran, F|100/100
|switch|p1a: Landorus|Landorus-Therian, M|100/100
|-ability|p1a: Landorus|Intimidate|boost
|-unboost|p2a: Heatran|atk|1
|
|-weather|Sandstorm|[upkeep]
|upkeep
|turn|3
|
|t:|1634235898
|switch|p2a: Slowbro|Slowbro, F|100/100
|move|p1a: Landorus|Stealth Rock|p2a: Slowbro
|-sidestart|p2: River Crossing|move: Stealth Rock
|
|-weather|Sandstorm|[upkeep]
|-damage|p2a: Slowbro|94/100|[from] Sandstorm
|upkeep
|turn|4
|
|t:|1634235904
|switch|p1a: Toxapex|Toxapex, F|84/100
|move|p2a: Slowbro|Future Sight|p1a: Toxapex
|-start|p2a: Slowbro|move: Future Sight
|
|-weather|Sandstorm|[upkeep]
|-damage|p1a: Toxapex|78/100|[from] Sandstorm
|-damage|p2a: Slowbro|88/100|[from] Sandstorm
|-heal|p1a: Toxapex|84/100|[from] item: Black Sludge
|upkeep
|turn|5
|inactive|River Crossing has 120 seconds left.
|
|t:|1634235916
|switch|p2a: Tornadus|Tornadus-Therian, M|100/100
|move|p1a: Toxapex|Toxic Spikes|p2a: Tornadus
|-sidestart|p2: River Crossing|move: Toxic Spikes
|
|-weather|none
|-heal|p1a: Toxapex|90/100|[from] item: Black Sludge
|upkeep
|turn|6
|inactive|River Crossing has 120 seconds left.
|
|t:|1634235929
|move|p2a: Tornadus|Defog|p1a: Toxapex
|-unboost|p1a: Toxapex|evasion|1
|-sideend|p2: River Crossing|Toxic Spikes|[from] move: Defog|[of] p2a: Tornadus
|-sideend|p2: River Crossing|Stealth Rock|[from] move: Defog|[of] p2a: Tornadus
|move|p1a: Toxapex|Toxic|p2a: Tornadus
|-status|p2a: Tornadus|tox
|
|-end|p1a: Toxapex|move: Future Sight
|-supereffective|p1a: Toxapex
|-damage|p1a: Toxapex|22/100
|-heal|p1a: Toxapex|28/100|[from] item: Black Sludge
|-damage|p2a: Tornadus|94/100 tox|[from] psn
|upkeep
|turn|7
|inactive|River Crossing has 120 seconds left.
|
|t:|1634235934
|move|p1a: Toxapex|Baneful Bunker|p1a: Toxapex
|-singleturn|p1a: Toxapex|move: Protect
|move|p2a: Tornadus|U-turn|p1a: Toxapex
|-activate|p1a: Toxapex|move: Protect
|
|-heal|p1a: Toxapex|34/100|[from] item: Black Sludge
|-damage|p2a: Tornadus|82/100 tox|[from] psn
|upkeep
|turn|8
|
|t:|1634235940
|switch|p1a: Landorus|Landorus-Therian, M|100/100
|-ability|p1a: Landorus|Intimidate|boost
|-unboost|p2a: Tornadus|atk|1
|move|p2a: Tornadus|Hurricane|p1a: Landorus
|-damage|p1a: Landorus|58/100
|
|-heal|p1a: Landorus|64/100|[from] item: Leftovers
|-damage|p2a: Tornadus|64/100 tox|[from] psn
|upkeep
|turn|9
|
|t:|1634235947
|move|p1a: Landorus|Protect|p1a: Landorus
|-singleturn|p1a: Landorus|Protect
|move|p2a: Tornadus|U-turn|p1a: Landorus
|-activate|p1a: Landorus|move: Protect
|
|-heal|p1a: Landorus|70/100|[from] item: Leftovers
|-damage|p2a: Tornadus|40/100 tox|[from] psn
|upkeep
|turn|10
|
|t:|1634235950
|move|p2a: Tornadus|U-turn|p1a: Landorus
|-resisted|p1a: Landorus
|-damage|p1a: Landorus|67/100
|
|t:|1634235955
|switch|p2a: Slowbro|Slowbro, F|100/100|[from]move: U-turn
|move|p1a: Landorus|Stealth Rock|p2a: Slowbro
|-sidestart|p2: River Crossing|move: Stealth Rock
|
|-heal|p1a: Landorus|73/100|[from] item: Leftovers
|upkeep
|turn|11
|
|t:|1634235959
|move|p1a: Landorus|Toxic|p2a: Slowbro
|-status|p2a: Slowbro|tox
|move|p2a: Slowbro|Future Sight|p1a: Landorus
|-start|p2a: Slowbro|move: Future Sight
|
|-heal|p1a: Landorus|79/100|[from] item: Leftovers
|-damage|p2a: Slowbro|94/100 tox|[from] psn
|upkeep
|turn|12
|
|t:|1634235969
|switch|p1a: Melmetal|Melmetal|100/100
|move|p2a: Slowbro|Teleport|p2a: Slowbro
|
|t:|1634235997
|switch|p2a: Hippowdon|Hippowdon, F|94/100 tox|[from]move: Teleport
|-damage|p2a: Hippowdon|88/100 tox|[from] Stealth Rock
|-weather|Sandstorm|[from] ability: Sand Stream|[of] p2a: Hippowdon
|
|-weather|Sandstorm|[upkeep]
|-heal|p2a: Hippowdon|94/100 tox|[from] item: Leftovers
|-damage|p2a: Hippowdon|88/100 tox|[from] psn
|upkeep
|turn|13
|inactive|i know im horrible has 120 seconds left.
|
|t:|1634236043
|switch|p1a: Corviknight|Corviknight, M|100/100
|-ability|p1a: Corviknight|Pressure
|move|p2a: Hippowdon|Earthquake|p1a: Corviknight
|-immune|p1a: Corviknight
|
|-weather|Sandstorm|[upkeep]
|-end|p1a: Corviknight|move: Future Sight
|-resisted|p1a: Corviknight
|-damage|p1a: Corviknight|86/100
|-heal|p1a: Corviknight|92/100|[from] item: Leftovers
|-heal|p2a: Hippowdon|94/100 tox|[from] item: Leftovers
|-damage|p2a: Hippowdon|82/100 tox|[from] psn
|upkeep
|turn|14
|
|t:|1634236055
|move|p1a: Corviknight|Body Press|p2a: Hippowdon
|-damage|p2a: Hippowdon|67/100 tox
|move|p2a: Hippowdon|Stealth Rock|p1a: Corviknight
|-sidestart|p1: i know im horrible|move: Stealth Rock
|
|-weather|Sandstorm|[upkeep]
|-heal|p1a: Corviknight|98/100|[from] item: Leftovers
|-heal|p2a: Hippowdon|74/100 tox|[from] item: Leftovers
|-damage|p2a: Hippowdon|55/100 tox|[from] psn
|upkeep
|turn|15
|
|t:|1634236063
|move|p1a: Corviknight|Bulk Up|p1a: Corviknight
|-boost|p1a: Corviknight|atk|1
|-boost|p1a: Corviknight|def|1
|move|p2a: Hippowdon|Slack Off|p2a: Hippowdon
|-heal|p2a: Hippowdon|100/100 tox
|
|-weather|Sandstorm|[upkeep]
|-heal|p1a: Corviknight|100/100|[from] item: Leftovers
|-damage|p2a: Hippowdon|76/100 tox|[from] psn
|upkeep
|turn|16
|inactive|i know im horrible has 120 seconds left.
|inactive|i know im horrible has 90 seconds left.
|
|t:|1634236101
|switch|p2a: Slowbro|Slowbro, F|100/100 tox
|-damage|p2a: Slowbro|88/100 tox|[from] Stealth Rock
|move|p1a: Corviknight|Bulk Up|p1a: Corviknight
|-boost|p1a: Corviknight|atk|1
|-boost|p1a: Corviknight|def|1
|
|-weather|none
|-damage|p2a: Slowbro|82/100 tox|[from] psn
|upkeep
|turn|17
|
|t:|1634236106
|move|p1a: Corviknight|Bulk Up|p1a: Corviknight
|-boost|p1a: Corviknight|atk|1
|-boost|p1a: Corviknight|def|1
|move|p2a: Slowbro|Teleport|p2a: Slowbro
|
|t:|1634236108
|switch|p2a: Heatran|Heatran, F|100/100|[from]move: Teleport
|-damage|p2a: Heatran|88/100|[from] Stealth Rock
|
|-heal|p2a: Heatran|94/100|[from] item: Leftovers
|upkeep
|turn|18
|
|t:|1634236111
|move|p2a: Heatran|Magma Storm|p1a: Corviknight
|-supereffective|p1a: Corviknight
|-damage|p1a: Corviknight|40/100
|-activate|p1a: Corviknight|move: Magma Storm|[of] p2a: Heatran
|move|p1a: Corviknight|Body Press|p2a: Heatran
|-supereffective|p2a: Heatran
|-damage|p2a: Heatran|18/100
|
|-heal|p2a: Heatran|24/100|[from] item: Leftovers
|-heal|p1a: Corviknight|46/100|[from] item: Leftovers
|-damage|p1a: Corviknight|34/100|[from] move: Magma Storm|[partiallytrapped]
|upkeep
|turn|19
|inactive|i know im horrible has 120 seconds left.
|
|t:|1634236122
|move|p2a: Heatran|Magma Storm|p1a: Corviknight
|-supereffective|p1a: Corviknight
|-damage|p1a: Corviknight|0 fnt
|faint|p1a: Corviknight
|
|-heal|p2a: Heatran|31/100|[from] item: Leftovers
|upkeep
|inactive|i know im horrible has 120 seconds left.
|
|t:|1634236148
|switch|p1a: Dragonite|Dragonite, F|100/100
|turn|20
|inactive|River Crossing has 120 seconds left.
|inactive|River Crossing has 90 seconds left.
|
|t:|1634236227
|switch|p2a: Melmetal|Melmetal|100/100
|-damage|p2a: Melmetal|94/100|[from] Stealth Rock
|move|p1a: Dragonite|Dragon Dance|p1a: Dragonite
|-boost|p1a: Dragonite|atk|1
|-boost|p1a: Dragonite|spe|1
|
|-heal|p2a: Melmetal|100/100|[from] item: Leftovers
|upkeep
|turn|21
|inactive|i know im horrible has 90 seconds left.
|inactive|i know im horrible has 60 seconds left.
|
|t:|1634236293
|move|p1a: Dragonite|Earthquake|p2a: Melmetal
|-supereffective|p2a: Melmetal
|-damage|p2a: Melmetal|42/100
|move|p2a: Melmetal|Substitute|p2a: Melmetal
|-start|p2a: Melmetal|Substitute
|-damage|p2a: Melmetal|17/100
|
|-heal|p2a: Melmetal|23/100|[from] item: Leftovers
|upkeep
|turn|22
|
|t:|1634236306
|move|p1a: Dragonite|Earthquake|p2a: Melmetal
|-supereffective|p2a: Melmetal
|-end|p2a: Melmetal|Substitute
|move|p2a: Melmetal|Double Iron Bash|p1a: Dragonite
|-damage|p1a: Dragonite|75/100
|-crit|p1a: Dragonite
|-damage|p1a: Dragonite|0 fnt
|faint|p1a: Dragonite
|-hitcount|p1: Dragonite|2
|
|-heal|p2a: Melmetal|29/100|[from] item: Leftovers
|upkeep
|c|☆River Crossing|srry
|inactive|i know im horrible has 60 seconds left.
|c|☆i know im horrible|reeeeeee
|
|t:|1634236320
|switch|p1a: Landorus|Landorus-Therian, M|79/100
|-damage|p1a: Landorus|67/100|[from] Stealth Rock
|-ability|p1a: Landorus|Intimidate|boost
|-unboost|p2a: Melmetal|atk|1
|turn|23
|inactive|i know im horrible has 60 seconds left.
|inactive|River Crossing has 90 seconds left.
|
|t:|1634236341
|switch|p2a: Tornadus|Tornadus-Therian, M|73/100 tox
|move|p1a: Landorus|Earthquake|p2a: Tornadus
|-immune|p2a: Tornadus
|
|-heal|p1a: Landorus|73/100|[from] item: Leftovers
|-damage|p2a: Tornadus|67/100 tox|[from] psn
|upkeep
|turn|24
|
|t:|1634236349
|move|p1a: Landorus|Protect|p1a: Landorus
|-singleturn|p1a: Landorus|Protect
|move|p2a: Tornadus|Defog|p1a: Landorus
|-activate|p1a: Landorus|move: Protect
|
|-heal|p1a: Landorus|79/100|[from] item: Leftovers
|-damage|p2a: Tornadus|55/100 tox|[from] psn
|upkeep
|turn|25
|
|t:|1634236352
|move|p2a: Tornadus|Defog|p1a: Landorus
|-unboost|p1a: Landorus|evasion|1
|-sideend|p1: i know im horrible|Stealth Rock|[from] move: Defog|[of] p2a: Tornadus
|-sideend|p2: River Crossing|Stealth Rock|[from] move: Defog|[of] p2a: Tornadus
|move|p1a: Landorus|Stealth Rock|p2a: Tornadus
|-sidestart|p2: River Crossing|move: Stealth Rock
|
|-heal|p1a: Landorus|85/100|[from] item: Leftovers
|-damage|p2a: Tornadus|36/100 tox|[from] psn
|upkeep
|turn|26
|
|t:|1634236356
|switch|p2a: Slowbro|Slowbro, F|100/100 tox
|-damage|p2a: Slowbro|88/100 tox|[from] Stealth Rock
|move|p1a: Landorus|Protect||[still]
|-fail|p1a: Landorus
|
|-heal|p1a: Landorus|91/100|[from] item: Leftovers
|-damage|p2a: Slowbro|82/100 tox|[from] psn
|upkeep
|turn|27
|
|t:|1634236363
|move|p1a: Landorus|Earthquake|p2a: Slowbro
|-damage|p2a: Slowbro|56/100 tox
|move|p2a: Slowbro|Future Sight|p1a: Landorus
|-start|p2a: Slowbro|move: Future Sight
|
|-heal|p1a: Landorus|97/100|[from] item: Leftovers
|-damage|p2a: Slowbro|44/100 tox|[from] psn
|upkeep
|turn|28
|
|t:|1634236366
|switch|p2a: Tornadus|Tornadus-Therian, M|70/100 tox
|move|p1a: Landorus|Earthquake|p2a: Tornadus
|-immune|p2a: Tornadus
|
|-heal|p1a: Landorus|100/100|[from] item: Leftovers
|-damage|p2a: Tornadus|63/100 tox|[from] psn
|upkeep
|turn|29
|
|t:|1634236372
|move|p1a: Landorus|Protect|p1a: Landorus
|-singleturn|p1a: Landorus|Protect
|move|p2a: Tornadus|Knock Off|p1a: Landorus
|-activate|p1a: Landorus|move: Protect
|
|-end|p1a: Landorus|move: Future Sight
|-damage|p1a: Landorus|52/100
|-heal|p1a: Landorus|58/100|[from] item: Leftovers
|-damage|p2a: Tornadus|51/100 tox|[from] psn
|upkeep
|turn|30
|
|t:|1634236381
|move|p2a: Tornadus|Knock Off|p1a: Landorus
|-damage|p1a: Landorus|45/100
|-enditem|p1a: Landorus|Leftovers|[from] move: Knock Off|[of] p2a: Tornadus
|move|p1a: Landorus|Stealth Rock||[still]
|-fail|p1a: Landorus
|
|-damage|p2a: Tornadus|33/100 tox|[from] psn
|upkeep
|turn|31
|
|t:|1634236386
|switch|p2a: Slowbro|Slowbro, F|77/100 tox
|-damage|p2a: Slowbro|65/100 tox|[from] Stealth Rock
|switch|p1a: Melmetal|Melmetal|100/100
|
|-damage|p2a: Slowbro|59/100 tox|[from] psn
|upkeep
|turn|32
|
|t:|1634236392
|move|p1a: Melmetal|Thunder Punch|p2a: Slowbro
|-supereffective|p2a: Slowbro
|-damage|p2a: Slowbro|16/100 tox
|move|p2a: Slowbro|Body Press|p1a: Melmetal
|-supereffective|p1a: Melmetal
|-damage|p1a: Melmetal|73/100
|
|-damage|p2a: Slowbro|4/100 tox|[from] psn
|upkeep
|turn|33
|
|t:|1634236412
|move|p1a: Melmetal|Double Iron Bash|p2a: Slowbro
|-resisted|p2a: Slowbro
|-damage|p2a: Slowbro|0 fnt
|faint|p2a: Slowbro
|-hitcount|p2: Slowbro|1
|
|upkeep
|inactive|River Crossing has 120 seconds left.
|
|t:|1634236454
|switch|p2a: Hippowdon|Hippowdon, F|76/100 tox
|-damage|p2a: Hippowdon|70/100 tox|[from] Stealth Rock
|-weather|Sandstorm|[from] ability: Sand Stream|[of] p2a: Hippowdon
|turn|34
|
|t:|1634236464
|switch|p1a: Blissey|Blissey, F|100/100
|move|p2a: Hippowdon|Earthquake|p1a: Blissey
|-damage|p1a: Blissey|66/100
|
|-weather|Sandstorm|[upkeep]
|-damage|p1a: Blissey|60/100|[from] Sandstorm
|-heal|p2a: Hippowdon|76/100 tox|[from] item: Leftovers
|-damage|p2a: Hippowdon|70/100 tox|[from] psn
|upkeep
|turn|35
|
|t:|1634236470
|move|p1a: Blissey|Wish|p1a: Blissey
|move|p2a: Hippowdon|Stealth Rock|p1a: Blissey
|-sidestart|p1: i know im horrible|move: Stealth Rock
|
|-weather|Sandstorm|[upkeep]
|-damage|p1a: Blissey|54/100|[from] Sandstorm
|-heal|p2a: Hippowdon|76/100 tox|[from] item: Leftovers
|-damage|p2a: Hippowdon|63/100 tox|[from] psn
|upkeep
|turn|36
|
|t:|1634236488
|switch|p1a: Landorus|Landorus-Therian, M|45/100
|-damage|p1a: Landorus|33/100|[from] Stealth Rock
|-ability|p1a: Landorus|Intimidate|boost
|-unboost|p2a: Hippowdon|atk|1
|move|p2a: Hippowdon|Earthquake|p1a: Landorus
|-immune|p1a: Landorus
|
|-weather|Sandstorm|[upkeep]
|-heal|p1a: Landorus|100/100|[from] move: Wish|[wisher] Blissey
|-heal|p2a: Hippowdon|70/100 tox|[from] item: Leftovers
|-damage|p2a: Hippowdon|51/100 tox|[from] psn
|upkeep
|turn|37
|
|t:|1634236491
|move|p1a: Landorus|Earthquake|p2a: Hippowdon
|-damage|p2a: Hippowdon|15/100 tox
|move|p2a: Hippowdon|Toxic|p1a: Landorus
|-status|p1a: Landorus|tox
|
|-weather|Sandstorm|[upkeep]
|-heal|p2a: Hippowdon|21/100 tox|[from] item: Leftovers
|-damage|p1a: Landorus|94/100 tox|[from] psn
|-damage|p2a: Hippowdon|0 fnt|[from] psn
|faint|p2a: Hippowdon
|upkeep
|
|t:|1634236494
|switch|p2a: Weavile|Weavile, M|100/100
|-ability|p2a: Weavile|Pressure
|turn|38
|
|t:|1634236515
|switch|p1a: Melmetal|Melmetal|73/100
|-damage|p1a: Melmetal|67/100|[from] Stealth Rock
|move|p2a: Weavile|Triple Axel|p1a: Melmetal
|-resisted|p1a: Melmetal
|-damage|p1a: Melmetal|64/100
|-resisted|p1a: Melmetal
|-damage|p1a: Melmetal|59/100
|-resisted|p1a: Melmetal
|-damage|p1a: Melmetal|51/100
|-hitcount|p1a: Melmetal|3
|
|-weather|none
|upkeep
|turn|39
|inactive|River Crossing has 120 seconds left.
|
|t:|1634236540
|switch|p2a: Tornadus|Tornadus-Therian, M|66/100 tox
|move|p1a: Melmetal|Superpower|p2a: Tornadus
|-resisted|p2a: Tornadus
|-crit|p2a: Tornadus
|-damage|p2a: Tornadus|25/100 tox
|-unboost|p1a: Melmetal|atk|1
|-unboost|p1a: Melmetal|def|1
|
|-damage|p2a: Tornadus|19/100 tox|[from] psn
|upkeep
|turn|40
|inactive|River Crossing has 120 seconds left.
|
|t:|1634236557
|switch|p1a: Toxapex|Toxapex, F|67/100
|-damage|p1a: Toxapex|55/100|[from] Stealth Rock
|move|p2a: Tornadus|Hurricane|p1a: Toxapex
|-damage|p1a: Toxapex|23/100
|
|-heal|p1a: Toxapex|29/100|[from] item: Black Sludge
|-damage|p2a: Tornadus|7/100 tox|[from] psn
|upkeep
|turn|41
|
|t:|1634236570
|switch|p1a: Blissey|Blissey, F|54/100
|move|p2a: Tornadus|Hurricane|p1a: Blissey
|-damage|p1a: Blissey|38/100
|
|-damage|p2a: Tornadus|0 fnt|[from] psn
|faint|p2a: Tornadus
|upkeep
|
|t:|1634236598
|switch|p2a: Weavile|Weavile, M|100/100
|-ability|p2a: Weavile|Pressure
|turn|42
|
|t:|1634236606
|switch|p1a: Toxapex|Toxapex, F|63/100
|-damage|p1a: Toxapex|50/100|[from] Stealth Rock
|move|p2a: Weavile|Swords Dance|p2a: Weavile
|-boost|p2a: Weavile|atk|2
|
|-heal|p1a: Toxapex|56/100|[from] item: Black Sludge
|upkeep
|turn|43
|inactive|River Crossing has 90 seconds left.
|
|t:|1634236639
|move|p2a: Weavile|Knock Off|p1a: Toxapex
|-damage|p1a: Toxapex|2/100
|-enditem|p1a: Toxapex|Black Sludge|[from] move: Knock Off|[of] p2a: Weavile
|move|p1a: Toxapex|Recover|p1a: Toxapex
|-heal|p1a: Toxapex|52/100
|
|upkeep
|turn|44
|
|t:|1634236644
|move|p2a: Weavile|Swords Dance|p2a: Weavile
|-boost|p2a: Weavile|atk|2
|move|p1a: Toxapex|Recover|p1a: Toxapex
|-heal|p1a: Toxapex|100/100
|
|upkeep
|turn|45
|
|t:|1634236652
|switch|p2a: Melmetal|Melmetal|29/100
|-damage|p2a: Melmetal|23/100|[from] Stealth Rock
|move|p1a: Toxapex|Toxic|p2a: Melmetal
|-immune|p2a: Melmetal
|
|-heal|p2a: Melmetal|29/100|[from] item: Leftovers
|upkeep
|turn|46
|inactive|River Crossing has 90 seconds left.
|inactive|River Crossing has 60 seconds left.
|inactive|River Crossing has 30 seconds left.
|
|t:|1634236741
|switch|p1a: Melmetal|Melmetal|51/100
|-damage|p1a: Melmetal|45/100|[from] Stealth Rock
|move|p2a: Melmetal|Iron Defense|p2a: Melmetal
|-boost|p2a: Melmetal|def|2
|
|-heal|p2a: Melmetal|36/100|[from] item: Leftovers
|upkeep
|turn|47
|
|t:|1634236751
|move|p2a: Melmetal|Double Iron Bash|p1a: Melmetal
|-resisted|p1a: Melmetal
|-damage|p1a: Melmetal|34/100
|-resisted|p1a: Melmetal
|-damage|p1a: Melmetal|23/100
|-hitcount|p1a: Melmetal|2
|move|p1a: Melmetal|Earthquake|p2a: Melmetal
|-supereffective|p2a: Melmetal
|-damage|p2a: Melmetal|8/100
|
|-heal|p2a: Melmetal|14/100|[from] item: Leftovers
|upkeep
|turn|48
|c|☆River Crossing|pNOOFNDS:jpfW
|
|t:|1634236757
|move|p2a: Melmetal|Body Press|p1a: Melmetal
|-supereffective|p1a: Melmetal
|-crit|p1a: Melmetal
|-damage|p1a: Melmetal|0 fnt
|faint|p1a: Melmetal
|
|-heal|p2a: Melmetal|20/100|[from] item: Leftovers
|upkeep
|c|☆River Crossing|im crying
|
|t:|1634236761
|switch|p1a: Landorus|Landorus-Therian, M|94/100 tox
|-damage|p1a: Landorus|82/100 tox|[from] Stealth Rock
|-ability|p1a: Landorus|Intimidate|boost
|-unboost|p2a: Melmetal|atk|1
|turn|49
|
|t:|1634236766
|move|p1a: Landorus|Earthquake|p2a: Melmetal
|-supereffective|p2a: Melmetal
|-damage|p2a: Melmetal|0 fnt
|faint|p2a: Melmetal
|
|-damage|p1a: Landorus|76/100 tox|[from] psn
|upkeep
|
|t:|1634236771
|switch|p2a: Weavile|Weavile, M|100/100
|-ability|p2a: Weavile|Pressure
|turn|50
|inactive|River Crossing has 60 seconds left.
|
|t:|1634236783
|switch|p1a: Toxapex|Toxapex, F|100/100
|-damage|p1a: Toxapex|88/100|[from] Stealth Rock
|move|p2a: Weavile|Triple Axel|p1a: Toxapex
|-resisted|p1a: Toxapex
|-damage|p1a: Toxapex|85/100
|-resisted|p1a: Toxapex
|-damage|p1a: Toxapex|79/100
|-resisted|p1a: Toxapex
|-damage|p1a: Toxapex|70/100
|-hitcount|p1a: Toxapex|3
|
|upkeep
|turn|51
|inactive|River Crossing has 60 seconds left.
|
|t:|1634236797
|switch|p1a: Landorus|Landorus-Therian, M|76/100 tox
|-damage|p1a: Landorus|64/100 tox|[from] Stealth Rock
|-ability|p1a: Landorus|Intimidate|boost
|-unboost|p2a: Weavile|atk|1
|move|p2a: Weavile|Triple Axel|p1a: Landorus
|-supereffective|p1a: Landorus
|-damage|p1a: Landorus|44/100 tox
|-supereffective|p1a: Landorus
|-damage|p1a: Landorus|6/100 tox
|-supereffective|p1a: Landorus
|-damage|p1a: Landorus|0 fnt
|faint|p1a: Landorus
|-hitcount|p1: Landorus|3
|
|upkeep
|
|t:|1634236804
|switch|p1a: Toxapex|Toxapex, F|100/100
|-damage|p1a: Toxapex|88/100|[from] Stealth Rock
|turn|52
|inactive|River Crossing has 60 seconds left.
|
|t:|1634236840
|move|p2a: Weavile|Knock Off|p1a: Toxapex
|-damage|p1a: Toxapex|76/100
|move|p1a: Toxapex|Toxic|p2a: Weavile
|-status|p2a: Weavile|tox
|
|-damage|p2a: Weavile|94/100 tox|[from] psn
|upkeep
|turn|53
|
|t:|1634236865
|move|p2a: Weavile|Knock Off|p1a: Toxapex
|-damage|p1a: Toxapex|64/100
|move|p1a: Toxapex|Recover|p1a: Toxapex
|-heal|p1a: Toxapex|100/100
|
|-damage|p2a: Weavile|82/100 tox|[from] psn
|upkeep
|turn|54
|
|t:|1634236868
|switch|p2a: Heatran|Heatran, F|31/100
|-damage|p2a: Heatran|18/100|[from] Stealth Rock
|move|p1a: Toxapex|Toxic Spikes|p2a: Heatran
|-sidestart|p2: River Crossing|move: Toxic Spikes
|
|-heal|p2a: Heatran|24/100|[from] item: Leftovers
|upkeep
|turn|55
|
|t:|1634236883
|move|p1a: Toxapex|Baneful Bunker|p1a: Toxapex
|-singleturn|p1a: Toxapex|move: Protect
|move|p2a: Heatran|Heavy Slam|p1a: Toxapex
|-activate|p1a: Toxapex|move: Protect
|
|-heal|p2a: Heatran|31/100|[from] item: Leftovers
|upkeep
|turn|56
|
|t:|1634236890
|move|p2a: Heatran|Heavy Slam|p1a: Toxapex
|-resisted|p1a: Toxapex
|-damage|p1a: Toxapex|90/100
|move|p1a: Toxapex|Toxic Spikes|p2a: Heatran
|-sidestart|p2: River Crossing|move: Toxic Spikes
|
|-heal|p2a: Heatran|37/100|[from] item: Leftovers
|upkeep
|turn|57
|
|t:|1634236895
|move|p2a: Heatran|Heavy Slam|p1a: Toxapex
|-resisted|p1a: Toxapex
|-damage|p1a: Toxapex|79/100
|move|p1a: Toxapex|Toxic Spikes||[still]
|-fail|p1a: Toxapex
|
|-heal|p2a: Heatran|43/100|[from] item: Leftovers
|upkeep
|turn|58
|
|t:|1634236898
|move|p2a: Heatran|Taunt|p1a: Toxapex
|-start|p1a: Toxapex|move: Taunt
|cant|p1a: Toxapex|move: Taunt|Recover
|
|-heal|p2a: Heatran|49/100|[from] item: Leftovers
|upkeep
|turn|59
|
|t:|1634236901
|switch|p1a: Blissey|Blissey, F|38/100
|move|p2a: Heatran|Earth Power|p1a: Blissey
|-damage|p1a: Blissey|29/100
|
|-heal|p2a: Heatran|55/100|[from] item: Leftovers
|upkeep
|turn|60
|
|t:|1634236904
|move|p2a: Heatran|Heavy Slam|p1a: Blissey
|-damage|p1a: Blissey|0 fnt
|faint|p1a: Blissey
|
|-heal|p2a: Heatran|62/100|[from] item: Leftovers
|upkeep
|l|☆i know im horrible
|inactive|i know im horrible disconnected and has a minute to reconnect!
|player|p1|
|inactive|i know im horrible has 30 seconds to reconnect!
|inactive|i know im horrible has 20 seconds to reconnect!
|inactive|i know im horrible has 15 seconds to reconnect!
|inactive|i know im horrible has 10 seconds to reconnect!
|inactive|i know im horrible has 5 seconds to reconnect!
|-message|i know im horrible lost due to inactivity.
|
|win|River Crossing
|raw|i know im horrible's rating: 1678 &rarr; <strong>1656</strong><br />(-22 for losing)
|raw|River Crossing's rating: 1650 &rarr; <strong>1672</strong><br />(+22 for winning)
