|j|☆buraq
|j|☆Highv0ltag3
|inactive|Battle timer is ON: inactive players will automatically lose when time's up.
|t:|1668097677
|gametype|singles
|player|p1|buraq|lucas|
|player|p2|Highv0ltag3|volo|
|teamsize|p1|6
|teamsize|p2|6
|gen|8
|tier|[Gen 8] OU
|rated|Tournament battle
|rule|Sleep Clause Mod: Limit one foe put to sleep
|rule|Species Clause: Limit one of each Pokémon
|rule|OHKO Clause: OHKO moves are banned
|rule|Evasion Items Clause: Evasion items are banned
|rule|Evasion Moves Clause: Evasion moves are banned
|rule|Endless Battle Clause: Forcing endless battles is banned
|rule|HP Percentage Mod: HP is shown in percentages
|rule|Dynamax Clause: You cannot dynamax
|clearpoke
|poke|p1|Tyranitar, M|
|poke|p1|Toxapex, M|
|poke|p1|Tapu Lele|
|poke|p1|Tornadus-Therian, M|
|poke|p1|Ferrothorn, F|
|poke|p1|Landorus-Therian, M|
|poke|p2|Xatu, F|
|poke|p2|Corviknight, M|
|poke|p2|Chansey, F|
|poke|p2|Toxapex, F|
|poke|p2|Clefable, M|
|poke|p2|Hippowdon, M|
|teampreview
|j|@moondazing
|c|☆Highv0ltag3|Kek
|j|@SetsuStsna
|j| Trailblazer324
|j| SuperschwarzerHund
|
|t:|1668097701
|start
|switch|p1a: Tornadus|Tornadus-Therian, M|100/100
|switch|p2a: Toxapex|Toxapex, F|100/100
|turn|1
|
|t:|1668097708
|move|p1a: Tornadus|U-turn|p2a: Toxapex
|-resisted|p2a: Toxapex
|-damage|p2a: Toxapex|96/100
|
|t:|1668097711
|switch|p1a: Toxapex|Toxapex, M|100/100|[from]move: U-turn
|move|p2a: Toxapex|Knock Off|p1a: Toxapex
|-damage|p1a: Toxapex|90/100
|-enditem|p1a: Toxapex|Shed Shell|[from] move: Knock Off|[of] p2a: Toxapex
|
|-heal|p2a: Toxapex|100/100|[from] item: Black Sludge
|upkeep
|turn|2
|
|t:|1668097722
|move|p1a: Toxapex|Scald|p2a: Toxapex
|-resisted|p2a: Toxapex
|-damage|p2a: Toxapex|94/100
|-status|p2a: Toxapex|brn
|move|p2a: Toxapex|Light Screen|p2a: Toxapex
|-sidestart|p2: Highv0ltag3|move: Light Screen
|
|-heal|p2a: Toxapex|99/100 brn|[from] item: Black Sludge
|-damage|p2a: Toxapex|94/100 brn|[from] brn
|upkeep
|turn|3
|
|t:|1668097732
|move|p2a: Toxapex|Knock Off|p1a: Toxapex
|-damage|p1a: Toxapex|87/100
|move|p1a: Toxapex|Scald|p2a: Toxapex
|-resisted|p2a: Toxapex
|-damage|p2a: Toxapex|90/100 brn
|
|-heal|p2a: Toxapex|97/100 brn|[from] item: Black Sludge
|-damage|p2a: Toxapex|90/100 brn|[from] brn
|upkeep
|turn|4
|
|t:|1668097735
|move|p1a: Toxapex|Scald|p2a: Toxapex
|-resisted|p2a: Toxapex
|-crit|p2a: Toxapex
|-damage|p2a: Toxapex|80/100 brn
|move|p2a: Toxapex|Knock Off|p1a: Toxapex
|-damage|p1a: Toxapex|84/100
|
|-heal|p2a: Toxapex|87/100 brn|[from] item: Black Sludge
|-damage|p2a: Toxapex|80/100 brn|[from] brn
|upkeep
|turn|5
|l| Trailblazer324
|
|t:|1668097737
|move|p1a: Toxapex|Scald|p2a: Toxapex
|-resisted|p2a: Toxapex
|-damage|p2a: Toxapex|77/100 brn
|move|p2a: Toxapex|Light Screen||[still]
|-fail|p2a: Toxapex
|
|-heal|p2a: Toxapex|83/100 brn|[from] item: Black Sludge
|-damage|p2a: Toxapex|77/100 brn|[from] brn
|upkeep
|turn|6
|
|t:|1668097739
|move|p1a: Toxapex|Scald|p2a: Toxapex
|-resisted|p2a: Toxapex
|-damage|p2a: Toxapex|74/100 brn
|move|p2a: Toxapex|Light Screen||[still]
|-fail|p2a: Toxapex
|
|-heal|p2a: Toxapex|80/100 brn|[from] item: Black Sludge
|-damage|p2a: Toxapex|74/100 brn|[from] brn
|-sideend|p2: Highv0ltag3|move: Light Screen
|upkeep
|turn|7
|
|t:|1668097743
|move|p1a: Toxapex|Scald|p2a: Toxapex
|-resisted|p2a: Toxapex
|-damage|p2a: Toxapex|67/100 brn
|move|p2a: Toxapex|Knock Off|p1a: Toxapex
|-damage|p1a: Toxapex|80/100
|
|-heal|p2a: Toxapex|73/100 brn|[from] item: Black Sludge
|-damage|p2a: Toxapex|67/100 brn|[from] brn
|upkeep
|turn|8
|
|t:|1668097748
|switch|p1a: Tapu Lele|Tapu Lele|100/100
|-fieldstart|move: Psychic Terrain|[from] ability: Psychic Surge|[of] p1a: Tapu Lele
|move|p2a: Toxapex|Knock Off|p1a: Tapu Lele
|-damage|p1a: Tapu Lele|89/100
|-enditem|p1a: Tapu Lele|Choice Scarf|[from] move: Knock Off|[of] p2a: Toxapex
|
|-heal|p2a: Toxapex|73/100 brn|[from] item: Black Sludge
|-damage|p2a: Toxapex|67/100 brn|[from] brn
|upkeep
|turn|9
|
|t:|1668097754
|switch|p2a: Hippowdon|Hippowdon, M|100/100
|move|p1a: Tapu Lele|Future Sight|p2a: Hippowdon
|-start|p1a: Tapu Lele|move: Future Sight
|
|upkeep
|turn|10
|
|t:|1668097768
|move|p1a: Tapu Lele|Psychic|p2a: Hippowdon
|-damage|p2a: Hippowdon|52/100
|move|p2a: Hippowdon|Stealth Rock|p1a: Tapu Lele
|-sidestart|p1: buraq|move: Stealth Rock
|
|-heal|p2a: Hippowdon|59/100|[from] item: Leftovers
|upkeep
|turn|11
|
|t:|1668097780
|switch|p1a: Tyranitar|Tyranitar, M|100/100
|-damage|p1a: Tyranitar|88/100|[from] Stealth Rock
|-weather|Sandstorm|[from] ability: Sand Stream|[of] p1a: Tyranitar
|switch|p2a: Chansey|Chansey, F|100/100
|
|-weather|Sandstorm|[upkeep]
|-damage|p2a: Chansey|94/100|[from] Sandstorm
|-end|p2a: Chansey|move: Future Sight
|-damage|p2a: Chansey|64/100
|upkeep
|turn|12
|
|t:|1668097784
|switch|p2a: Toxapex|Toxapex, F|99/100 brn
|move|p1a: Tyranitar|Stone Edge|p2a: Toxapex
|-damage|p2a: Toxapex|51/100 brn
|
|-weather|Sandstorm|[upkeep]
|-damage|p2a: Toxapex|45/100 brn|[from] Sandstorm
|-heal|p2a: Toxapex|51/100 brn|[from] item: Black Sludge
|-damage|p2a: Toxapex|45/100 brn|[from] brn
|-fieldend|move: Psychic Terrain
|upkeep
|turn|13
|
|t:|1668097789
|switch|p2a: Hippowdon|Hippowdon, M|59/100
|move|p1a: Tyranitar|Stone Edge|p2a: Hippowdon
|-resisted|p2a: Hippowdon
|-damage|p2a: Hippowdon|26/100
|
|-weather|Sandstorm|[upkeep]
|-heal|p2a: Hippowdon|32/100|[from] item: Leftovers
|upkeep
|turn|14
|l| SuperschwarzerHund
|
|t:|1668097801
|switch|p2a: Toxapex|Toxapex, F|78/100 brn
|move|p1a: Tyranitar|Stone Edge|p2a: Toxapex
|-damage|p2a: Toxapex|22/100 brn
|
|-weather|Sandstorm|[upkeep]
|-damage|p2a: Toxapex|16/100 brn|[from] Sandstorm
|-heal|p2a: Toxapex|22/100 brn|[from] item: Black Sludge
|-damage|p2a: Toxapex|16/100 brn|[from] brn
|upkeep
|turn|15
|
|t:|1668097809
|switch|p2a: Hippowdon|Hippowdon, M|32/100
|move|p1a: Tyranitar|Stone Edge|p2a: Hippowdon
|-resisted|p2a: Hippowdon
|-damage|p2a: Hippowdon|1/100
|
|-weather|none
|-heal|p2a: Hippowdon|8/100|[from] item: Leftovers
|upkeep
|turn|16
|c|☆buraq|now this misses
|c|☆buraq|i hit too many
|c|☆Highv0ltag3|U have to miss one
|c|☆buraq|LOL
|j| cypherstest
|
|t:|1668097833
|move|p1a: Tyranitar|Stone Edge|p2a: Hippowdon|[miss]
|-miss|p1a: Tyranitar|p2a: Hippowdon
|move|p2a: Hippowdon|Slack Off|p2a: Hippowdon
|-heal|p2a: Hippowdon|58/100
|
|-heal|p2a: Hippowdon|64/100|[from] item: Leftovers
|upkeep
|turn|17
|c|☆Highv0ltag3|Yup
|
|t:|1668097845
|switch|p1a: Ferrothorn|Ferrothorn, F|100/100
|-damage|p1a: Ferrothorn|95/100|[from] Stealth Rock
|move|p2a: Hippowdon|Slack Off|p2a: Hippowdon
|-heal|p2a: Hippowdon|100/100
|
|-heal|p1a: Ferrothorn|100/100|[from] item: Leftovers
|upkeep
|turn|18
|
|t:|1668097855
|switch|p2a: Toxapex|Toxapex, F|49/100 brn
|move|p1a: Ferrothorn|Knock Off|p2a: Toxapex
|-damage|p2a: Toxapex|37/100 brn
|-enditem|p2a: Toxapex|Black Sludge|[from] move: Knock Off|[of] p1a: Ferrothorn
|
|-damage|p2a: Toxapex|30/100 brn|[from] brn
|upkeep
|turn|19
|
|t:|1668097858
|switch|p2a: Xatu|Xatu, F|100/100
|move|p1a: Ferrothorn|Knock Off|p2a: Xatu
|-supereffective|p2a: Xatu
|-damage|p2a: Xatu|41/100
|-enditem|p2a: Xatu|Leftovers|[from] move: Knock Off|[of] p1a: Ferrothorn
|
|upkeep
|turn|20
|
|t:|1668097861
|move|p2a: Xatu|Roost|p2a: Xatu
|-heal|p2a: Xatu|91/100
|-singleturn|p2a: Xatu|move: Roost
|move|p1a: Ferrothorn|Gyro Ball|p2a: Xatu
|-damage|p2a: Xatu|18/100
|
|upkeep
|turn|21
|
|t:|1668097865
|move|p2a: Xatu|Thunder Wave|p1a: Ferrothorn
|-status|p1a: Ferrothorn|par
|move|p1a: Ferrothorn|Gyro Ball|p2a: Xatu
|-damage|p2a: Xatu|0 fnt
|faint|p2a: Xatu
|
|upkeep
|
|t:|1668097869
|switch|p2a: Clefable|Clefable, M|100/100
|turn|22
|
|t:|1668097872
|switch|p1a: Toxapex|Toxapex, M|100/100
|-damage|p1a: Toxapex|88/100|[from] Stealth Rock
|move|p2a: Clefable|Flamethrower|p1a: Toxapex
|-resisted|p1a: Toxapex
|-damage|p1a: Toxapex|82/100
|
|upkeep
|turn|23
|
|t:|1668097876
|switch|p2a: Toxapex|Toxapex, F|64/100 brn
|move|p1a: Toxapex|Scald|p2a: Toxapex
|-resisted|p2a: Toxapex
|-damage|p2a: Toxapex|57/100 brn
|
|-damage|p2a: Toxapex|50/100 brn|[from] brn
|upkeep
|turn|24
|
|t:|1668097879
|switch|p1a: Tornadus|Tornadus-Therian, M|100/100
|move|p2a: Toxapex|Recover|p2a: Toxapex
|-heal|p2a: Toxapex|100/100 brn
|
|-damage|p2a: Toxapex|94/100 brn|[from] brn
|upkeep
|turn|25
|
|t:|1668097883
|switch|p2a: Corviknight|Corviknight, M|100/100
|-ability|p2a: Corviknight|Pressure
|move|p1a: Tornadus|Defog|p2a: Corviknight
|-unboost|p2a: Corviknight|evasion|1
|-sideend|p1: buraq|Stealth Rock|[from] move: Defog|[of] p1a: Tornadus
|
|upkeep
|turn|26
|
|t:|1668097886
|switch|p2a: Toxapex|Toxapex, F|100/100 brn
|move|p1a: Tornadus|Knock Off|p2a: Toxapex
|-damage|p2a: Toxapex|92/100 brn
|
|-damage|p2a: Toxapex|85/100 brn|[from] brn
|upkeep
|turn|27
|
|t:|1668097889
|switch|p2a: Corviknight|Corviknight, M|100/100
|-ability|p2a: Corviknight|Pressure
|move|p1a: Tornadus|U-turn|p2a: Corviknight
|-resisted|p2a: Corviknight
|-damage|p2a: Corviknight|98/100
|
|t:|1668097891
|switch|p1a: Ferrothorn|Ferrothorn, F|100/100 par|[from]move: U-turn
|
|upkeep
|turn|28
|
|t:|1668097895
|move|p2a: Corviknight|Iron Defense|p2a: Corviknight
|-boost|p2a: Corviknight|def|2
|move|p1a: Ferrothorn|Stealth Rock|p2a: Corviknight
|-sidestart|p2: Highv0ltag3|move: Stealth Rock
|
|upkeep
|turn|29
|
|t:|1668097902
|switch|p1a: Landorus|Landorus-Therian, M|100/100
|-ability|p1a: Landorus|Intimidate|boost
|-unboost|p2a: Corviknight|atk|1
|move|p2a: Corviknight|Defog|p1a: Landorus
|-unboost|p1a: Landorus|evasion|1
|-sideend|p2: Highv0ltag3|Stealth Rock|[from] move: Defog|[of] p2a: Corviknight
|
|upkeep
|turn|30
|
|t:|1668097906
|switch|p1a: Toxapex|Toxapex, M|100/100
|move|p2a: Corviknight|Iron Defense|p2a: Corviknight
|-boost|p2a: Corviknight|def|2
|
|upkeep
|turn|31
|
|t:|1668097909
|switch|p2a: Toxapex|Toxapex, F|100/100 brn
|move|p1a: Toxapex|Haze|p1a: Toxapex
|-clearallboost
|
|-damage|p2a: Toxapex|94/100 brn|[from] brn
|upkeep
|turn|32
|
|t:|1668097913
|move|p2a: Toxapex|Light Screen|p2a: Toxapex
|-sidestart|p2: Highv0ltag3|move: Light Screen
|move|p1a: Toxapex|Scald|p2a: Toxapex
|-resisted|p2a: Toxapex
|-damage|p2a: Toxapex|91/100 brn
|
|-damage|p2a: Toxapex|85/100 brn|[from] brn
|upkeep
|turn|33
|
|t:|1668097917
|switch|p1a: Tornadus|Tornadus-Therian, M|100/100
|move|p2a: Toxapex|Light Screen||[still]
|-fail|p2a: Toxapex
|
|-damage|p2a: Toxapex|78/100 brn|[from] brn
|upkeep
|turn|34
|
|t:|1668097920
|switch|p2a: Corviknight|Corviknight, M|98/100
|-ability|p2a: Corviknight|Pressure
|move|p1a: Tornadus|U-turn|p2a: Corviknight
|-resisted|p2a: Corviknight
|-damage|p2a: Corviknight|96/100
|
|t:|1668097923
|switch|p1a: Landorus|Landorus-Therian, M|100/100|[from]move: U-turn
|-ability|p1a: Landorus|Intimidate|boost
|-unboost|p2a: Corviknight|atk|1
|
|upkeep
|turn|35
|
|t:|1668097928
|switch|p2a: Toxapex|Toxapex, F|100/100 brn
|move|p1a: Landorus|Knock Off|p2a: Toxapex
|-crit|p2a: Toxapex
|-damage|p2a: Toxapex|77/100 brn
|
|-damage|p2a: Toxapex|71/100 brn|[from] brn
|upkeep
|turn|36
|
|t:|1668097939
|switch|p1a: Toxapex|Toxapex, M|100/100
|switch|p2a: Corviknight|Corviknight, M|96/100
|-ability|p2a: Corviknight|Pressure
|
|-sideend|p2: Highv0ltag3|move: Light Screen
|upkeep
|turn|37
|
|t:|1668097944
|switch|p2a: Toxapex|Toxapex, F|100/100 brn
|move|p1a: Toxapex|Scald|p2a: Toxapex
|-resisted|p2a: Toxapex
|-damage|p2a: Toxapex|94/100 brn
|
|-damage|p2a: Toxapex|87/100 brn|[from] brn
|upkeep
|turn|38
|
|t:|1668097949
|switch|p1a: Tornadus|Tornadus-Therian, M|100/100
|move|p2a: Toxapex|Toxic|p1a: Tornadus
|-status|p1a: Tornadus|tox
|
|-damage|p1a: Tornadus|94/100 tox|[from] psn
|-damage|p2a: Toxapex|81/100 brn|[from] brn
|upkeep
|turn|39
|
|t:|1668097954
|switch|p2a: Corviknight|Corviknight, M|96/100
|-ability|p2a: Corviknight|Pressure
|move|p1a: Tornadus|U-turn|p2a: Corviknight
|-resisted|p2a: Corviknight
|-damage|p2a: Corviknight|94/100
|
|t:|1668097955
|switch|p1a: Landorus|Landorus-Therian, M|100/100|[from]move: U-turn
|-ability|p1a: Landorus|Intimidate|boost
|-unboost|p2a: Corviknight|atk|1
|
|upkeep
|turn|40
|
|t:|1668097959
|move|p1a: Landorus|Swords Dance|p1a: Landorus
|-boost|p1a: Landorus|atk|2
|move|p2a: Corviknight|Iron Defense|p2a: Corviknight
|-boost|p2a: Corviknight|def|2
|
|upkeep
|turn|41
|
|t:|1668097963
|move|p1a: Landorus|Knock Off|p2a: Corviknight
|-damage|p2a: Corviknight|72/100
|-enditem|p2a: Corviknight|Shed Shell|[from] move: Knock Off|[of] p1a: Landorus
|move|p2a: Corviknight|Iron Defense|p2a: Corviknight
|-boost|p2a: Corviknight|def|2
|
|upkeep
|turn|42
|
|t:|1668097966
|switch|p1a: Toxapex|Toxapex, M|100/100
|move|p2a: Corviknight|Roost|p2a: Corviknight
|-heal|p2a: Corviknight|100/100
|-singleturn|p2a: Corviknight|move: Roost
|
|upkeep
|turn|43
|
|t:|1668097971
|switch|p2a: Toxapex|Toxapex, F|100/100 brn
|move|p1a: Toxapex|Haze|p1a: Toxapex
|-clearallboost
|
|-damage|p2a: Toxapex|94/100 brn|[from] brn
|upkeep
|turn|44
|
|t:|1668097977
|switch|p1a: Tornadus|Tornadus-Therian, M|100/100 tox
|move|p2a: Toxapex|Knock Off|p1a: Tornadus
|-damage|p1a: Tornadus|94/100 tox
|-enditem|p1a: Tornadus|Heavy-Duty Boots|[from] move: Knock Off|[of] p2a: Toxapex
|
|-damage|p1a: Tornadus|88/100 tox|[from] psn
|-damage|p2a: Toxapex|88/100 brn|[from] brn
|upkeep
|turn|45
|
|t:|1668097980
|move|p1a: Tornadus|U-turn|p2a: Toxapex
|-resisted|p2a: Toxapex
|-damage|p2a: Toxapex|84/100 brn
|
|t:|1668097982
|switch|p1a: Toxapex|Toxapex, M|100/100|[from]move: U-turn
|move|p2a: Toxapex|Light Screen|p2a: Toxapex
|-sidestart|p2: Highv0ltag3|move: Light Screen
|
|-damage|p2a: Toxapex|78/100 brn|[from] brn
|upkeep
|turn|46
|
|t:|1668097984
|switch|p1a: Tornadus|Tornadus-Therian, M|100/100 tox
|move|p2a: Toxapex|Knock Off|p1a: Tornadus
|-damage|p1a: Tornadus|96/100 tox
|
|-damage|p1a: Tornadus|89/100 tox|[from] psn
|-damage|p2a: Toxapex|72/100 brn|[from] brn
|upkeep
|turn|47
|
|t:|1668097987
|switch|p2a: Corviknight|Corviknight, M|100/100
|-ability|p2a: Corviknight|Pressure
|move|p1a: Tornadus|U-turn|p2a: Corviknight
|-resisted|p2a: Corviknight
|-damage|p2a: Corviknight|98/100
|
|t:|1668097990
|switch|p1a: Ferrothorn|Ferrothorn, F|100/100 par|[from]move: U-turn
|
|upkeep
|turn|48
|c|☆Highv0ltag3|Certified double regen moment
|
|t:|1668098001
|switch|p2a: Clefable|Clefable, M|100/100
|move|p1a: Ferrothorn|Leech Seed|p2a: Clefable
|-start|p2a: Clefable|move: Leech Seed
|
|-damage|p2a: Clefable|88/100|[from] Leech Seed|[of] p1a: Ferrothorn
|upkeep
|turn|49
|
|t:|1668098009
|switch|p2a: Corviknight|Corviknight, M|98/100
|-ability|p2a: Corviknight|Pressure
|switch|p1a: Tornadus|Tornadus-Therian, M|100/100 tox
|
|-damage|p1a: Tornadus|94/100 tox|[from] psn
|-sideend|p2: Highv0ltag3|move: Light Screen
|upkeep
|turn|50
|
|t:|1668098013
|switch|p2a: Hippowdon|Hippowdon, M|100/100
|move|p1a: Tornadus|U-turn|p2a: Hippowdon
|-damage|p2a: Hippowdon|90/100
|
|t:|1668098017
|switch|p1a: Ferrothorn|Ferrothorn, F|100/100 par|[from]move: U-turn
|
|-heal|p2a: Hippowdon|96/100|[from] item: Leftovers
|upkeep
|turn|51
|
|t:|1668098021
|switch|p2a: Corviknight|Corviknight, M|98/100
|-ability|p2a: Corviknight|Pressure
|move|p1a: Ferrothorn|Stealth Rock|p2a: Corviknight
|-sidestart|p2: Highv0ltag3|move: Stealth Rock
|
|upkeep
|turn|52
|
|t:|1668098024
|move|p2a: Corviknight|Defog|p1a: Ferrothorn
|-unboost|p1a: Ferrothorn|evasion|1
|-sideend|p2: Highv0ltag3|Stealth Rock|[from] move: Defog|[of] p2a: Corviknight
|move|p1a: Ferrothorn|Leech Seed|p2a: Corviknight
|-start|p2a: Corviknight|move: Leech Seed
|
|-damage|p2a: Corviknight|86/100|[from] Leech Seed|[of] p1a: Ferrothorn
|upkeep
|turn|53
|
|t:|1668098027
|move|p2a: Corviknight|Iron Defense|p2a: Corviknight
|-boost|p2a: Corviknight|def|2
|move|p1a: Ferrothorn|Stealth Rock|p2a: Corviknight
|-sidestart|p2: Highv0ltag3|move: Stealth Rock
|
|-damage|p2a: Corviknight|73/100|[from] Leech Seed|[of] p1a: Ferrothorn
|upkeep
|turn|54
|
|t:|1668098030
|move|p2a: Corviknight|Defog|p1a: Ferrothorn
|-unboost|p1a: Ferrothorn|evasion|1
|-sideend|p2: Highv0ltag3|Stealth Rock|[from] move: Defog|[of] p2a: Corviknight
|move|p1a: Ferrothorn|Stealth Rock|p2a: Corviknight
|-sidestart|p2: Highv0ltag3|move: Stealth Rock
|
|-damage|p2a: Corviknight|61/100|[from] Leech Seed|[of] p1a: Ferrothorn
|upkeep
|turn|55
|
|t:|1668098040
|move|p2a: Corviknight|Defog|p1a: Ferrothorn
|-unboost|p1a: Ferrothorn|evasion|1
|-sideend|p2: Highv0ltag3|Stealth Rock|[from] move: Defog|[of] p2a: Corviknight
|move|p1a: Ferrothorn|Knock Off|p2a: Corviknight
|-damage|p2a: Corviknight|56/100
|
|-damage|p2a: Corviknight|43/100|[from] Leech Seed|[of] p1a: Ferrothorn
|upkeep
|turn|56
|
|t:|1668098043
|switch|p1a: Tapu Lele|Tapu Lele|89/100
|-fieldstart|move: Psychic Terrain|[from] ability: Psychic Surge|[of] p1a: Tapu Lele
|move|p2a: Corviknight|Roost|p2a: Corviknight
|-heal|p2a: Corviknight|93/100
|-singleturn|p2a: Corviknight|move: Roost
|
|-damage|p2a: Corviknight|81/100|[from] Leech Seed|[of] p1a: Tapu Lele
|-heal|p1a: Tapu Lele|100/100|[silent]
|upkeep
|turn|57
|
|t:|1668098051
|switch|p2a: Hippowdon|Hippowdon, M|96/100
|move|p1a: Tapu Lele|Psychic|p2a: Hippowdon
|-damage|p2a: Hippowdon|51/100
|
|-heal|p2a: Hippowdon|57/100|[from] item: Leftovers
|upkeep
|turn|58
|
|t:|1668098055
|move|p1a: Tapu Lele|Future Sight|p2a: Hippowdon
|-start|p1a: Tapu Lele|move: Future Sight
|move|p2a: Hippowdon|Slack Off|p2a: Hippowdon
|-heal|p2a: Hippowdon|100/100
|
|upkeep
|turn|59
|
|t:|1668098059
|switch|p1a: Ferrothorn|Ferrothorn, F|100/100 par
|move|p2a: Hippowdon|Toxic||[still]
|-fail|p2a: Hippowdon
|
|upkeep
|turn|60
|
|t:|1668098064
|switch|p2a: Corviknight|Corviknight, M|81/100
|-ability|p2a: Corviknight|Pressure
|move|p1a: Ferrothorn|Stealth Rock|p2a: Corviknight
|-sidestart|p2: Highv0ltag3|move: Stealth Rock
|
|-end|p2a: Corviknight|move: Future Sight
|-resisted|p2a: Corviknight
|-damage|p2a: Corviknight|40/100
|-fieldend|move: Psychic Terrain
|upkeep
|turn|61
|
|t:|1668098068
|switch|p1a: Tyranitar|Tyranitar, M|88/100
|-weather|Sandstorm|[from] ability: Sand Stream|[of] p1a: Tyranitar
|move|p2a: Corviknight|Defog|p1a: Tyranitar
|-unboost|p1a: Tyranitar|evasion|1
|-sideend|p2: Highv0ltag3|Stealth Rock|[from] move: Defog|[of] p2a: Corviknight
|
|-weather|Sandstorm|[upkeep]
|upkeep
|turn|62
|
|t:|1668098074
|switch|p2a: Toxapex|Toxapex, F|100/100 brn
|move|p1a: Tyranitar|Crunch|p2a: Toxapex
|-damage|p2a: Toxapex|59/100 brn
|
|-weather|Sandstorm|[upkeep]
|-damage|p2a: Toxapex|52/100 brn|[from] Sandstorm
|-damage|p2a: Toxapex|46/100 brn|[from] brn
|upkeep
|turn|63
|
|t:|1668098081
|switch|p2a: Clefable|Clefable, M|88/100
|move|p1a: Tyranitar|Crunch|p2a: Clefable
|-resisted|p2a: Clefable
|-damage|p2a: Clefable|61/100
|
|-weather|Sandstorm|[upkeep]
|-damage|p2a: Clefable|55/100|[from] Sandstorm
|-heal|p2a: Clefable|61/100|[from] item: Leftovers
|upkeep
|turn|64
|
|t:|1668098085
|move|p1a: Tyranitar|Crunch|p2a: Clefable
|-resisted|p2a: Clefable
|-damage|p2a: Clefable|37/100
|move|p2a: Clefable|Soft-Boiled|p2a: Clefable
|-heal|p2a: Clefable|87/100
|
|-weather|Sandstorm|[upkeep]
|-damage|p2a: Clefable|81/100|[from] Sandstorm
|-heal|p2a: Clefable|87/100|[from] item: Leftovers
|upkeep
|turn|65
|
|t:|1668098088
|switch|p1a: Tornadus|Tornadus-Therian, M|100/100 tox
|move|p2a: Clefable|Flamethrower|p1a: Tornadus
|-damage|p1a: Tornadus|80/100 tox
|
|-weather|none
|-heal|p2a: Clefable|93/100|[from] item: Leftovers
|-damage|p1a: Tornadus|74/100 tox|[from] psn
|upkeep
|turn|66
|
|t:|1668098092
|switch|p2a: Toxapex|Toxapex, F|79/100 brn
|move|p1a: Tornadus|U-turn|p2a: Toxapex
|-resisted|p2a: Toxapex
|-damage|p2a: Toxapex|75/100 brn
|
|t:|1668098094
|switch|p1a: Tapu Lele|Tapu Lele|100/100|[from]move: U-turn
|-fieldstart|move: Psychic Terrain|[from] ability: Psychic Surge|[of] p1a: Tapu Lele
|
|-damage|p2a: Toxapex|69/100 brn|[from] brn
|upkeep
|turn|67
|
|t:|1668098099
|switch|p2a: Hippowdon|Hippowdon, M|100/100
|move|p1a: Tapu Lele|Future Sight|p2a: Hippowdon
|-start|p1a: Tapu Lele|move: Future Sight
|
|upkeep
|turn|68
|l|@SetsuStsna
|
|t:|1668098121
|switch|p1a: Landorus|Landorus-Therian, M|100/100
|-ability|p1a: Landorus|Intimidate|boost
|-unboost|p2a: Hippowdon|atk|1
|move|p2a: Hippowdon|Stealth Rock|p1a: Landorus
|-sidestart|p1: buraq|move: Stealth Rock
|
|upkeep
|turn|69
|
|t:|1668098133
|move|p1a: Landorus|Knock Off|p2a: Hippowdon
|-damage|p2a: Hippowdon|73/100
|-enditem|p2a: Hippowdon|Leftovers|[from] move: Knock Off|[of] p1a: Landorus
|move|p2a: Hippowdon|Slack Off|p2a: Hippowdon
|-heal|p2a: Hippowdon|100/100
|
|-end|p2a: Hippowdon|move: Future Sight
|-damage|p2a: Hippowdon|31/100
|upkeep
|turn|70
|
|t:|1668098138
|switch|p2a: Corviknight|Corviknight, M|40/100
|-ability|p2a: Corviknight|Pressure
|move|p1a: Landorus|Earthquake|p2a: Corviknight
|-immune|p2a: Corviknight
|
|-fieldend|move: Psychic Terrain
|upkeep
|turn|71
|
|t:|1668098141
|move|p1a: Landorus|Swords Dance|p1a: Landorus
|-boost|p1a: Landorus|atk|2
|move|p2a: Corviknight|Roost|p2a: Corviknight
|-heal|p2a: Corviknight|90/100
|-singleturn|p2a: Corviknight|move: Roost
|
|upkeep
|turn|72
|
|t:|1668098144
|switch|p2a: Clefable|Clefable, M|93/100
|move|p1a: Landorus|Stone Edge|p2a: Clefable
|-crit|p2a: Clefable
|-damage|p2a: Clefable|48/100
|
|-heal|p2a: Clefable|54/100|[from] item: Leftovers
|upkeep
|turn|73
|
|t:|1668098148
|move|p1a: Landorus|Knock Off|p2a: Clefable
|-resisted|p2a: Clefable
|-damage|p2a: Clefable|41/100
|-enditem|p2a: Clefable|Leftovers|[from] move: Knock Off|[of] p1a: Landorus
|move|p2a: Clefable|Soft-Boiled|p2a: Clefable
|-heal|p2a: Clefable|91/100
|
|upkeep
|turn|74
|
|t:|1668098153
|move|p1a: Landorus|Earthquake|p2a: Clefable
|-damage|p2a: Clefable|46/100
|move|p2a: Clefable|Calm Mind|p2a: Clefable
|-boost|p2a: Clefable|spa|1
|-boost|p2a: Clefable|spd|1
|
|upkeep
|turn|75
|
|t:|1668098161
|move|p1a: Landorus|Earthquake|p2a: Clefable
|-damage|p2a: Clefable|3/100
|move|p2a: Clefable|Soft-Boiled|p2a: Clefable
|-heal|p2a: Clefable|53/100
|
|upkeep
|turn|76
|j| JollyRancherChews
|
|t:|1668098163
|move|p1a: Landorus|Earthquake|p2a: Clefable
|-damage|p2a: Clefable|11/100
|move|p2a: Clefable|Soft-Boiled|p2a: Clefable
|-heal|p2a: Clefable|61/100
|
|upkeep
|turn|77
|
|t:|1668098166
|move|p1a: Landorus|Earthquake|p2a: Clefable
|-damage|p2a: Clefable|18/100
|move|p2a: Clefable|Soft-Boiled|p2a: Clefable
|-heal|p2a: Clefable|68/100
|
|upkeep
|turn|78
|
|t:|1668098169
|move|p1a: Landorus|Earthquake|p2a: Clefable
|-damage|p2a: Clefable|22/100
|move|p2a: Clefable|Soft-Boiled|p2a: Clefable
|-heal|p2a: Clefable|72/100
|
|upkeep
|turn|79
|
|t:|1668098171
|move|p1a: Landorus|Earthquake|p2a: Clefable
|-damage|p2a: Clefable|28/100
|move|p2a: Clefable|Soft-Boiled|p2a: Clefable
|-heal|p2a: Clefable|78/100
|
|upkeep
|turn|80
|
|t:|1668098174
|move|p1a: Landorus|Earthquake|p2a: Clefable
|-damage|p2a: Clefable|37/100
|move|p2a: Clefable|Soft-Boiled|p2a: Clefable
|-heal|p2a: Clefable|87/100
|
|upkeep
|turn|81
|
|t:|1668098177
|switch|p1a: Toxapex|Toxapex, M|100/100
|-damage|p1a: Toxapex|88/100|[from] Stealth Rock
|move|p2a: Clefable|Soft-Boiled|p2a: Clefable
|-heal|p2a: Clefable|100/100
|
|upkeep
|turn|82
|
|t:|1668098182
|switch|p2a: Toxapex|Toxapex, F|100/100 brn
|move|p1a: Toxapex|Toxic||[still]
|-fail|p1a: Toxapex
|
|-damage|p2a: Toxapex|94/100 brn|[from] brn
|upkeep
|turn|83
|
|t:|1668098186
|switch|p2a: Hippowdon|Hippowdon, M|31/100
|move|p1a: Toxapex|Scald|p2a: Hippowdon
|-supereffective|p2a: Hippowdon
|-damage|p2a: Hippowdon|5/100
|
|upkeep
|turn|84
|
|t:|1668098192
|move|p2a: Hippowdon|Slack Off|p2a: Hippowdon
|-heal|p2a: Hippowdon|55/100
|move|p1a: Toxapex|Toxic|p2a: Hippowdon
|-status|p2a: Hippowdon|tox
|
|-damage|p2a: Hippowdon|49/100 tox|[from] psn
|upkeep
|turn|85
|
|t:|1668098200
|switch|p1a: Tornadus|Tornadus-Therian, M|100/100 tox
|-damage|p1a: Tornadus|76/100 tox|[from] Stealth Rock
|move|p2a: Hippowdon|Slack Off|p2a: Hippowdon
|-heal|p2a: Hippowdon|99/100 tox
|
|-damage|p1a: Tornadus|70/100 tox|[from] psn
|-damage|p2a: Hippowdon|87/100 tox|[from] psn
|upkeep
|turn|86
|
|t:|1668098206
|switch|p2a: Corviknight|Corviknight, M|90/100
|-ability|p2a: Corviknight|Pressure
|move|p1a: Tornadus|Defog|p2a: Corviknight
|-unboost|p2a: Corviknight|evasion|1
|-sideend|p1: buraq|Stealth Rock|[from] move: Defog|[of] p1a: Tornadus
|
|-damage|p1a: Tornadus|57/100 tox|[from] psn
|upkeep
|turn|87
|
|t:|1668098208
|switch|p2a: Toxapex|Toxapex, F|100/100 brn
|move|p1a: Tornadus|U-turn|p2a: Toxapex
|-resisted|p2a: Toxapex
|-damage|p2a: Toxapex|96/100 brn
|
|t:|1668098210
|switch|p1a: Tapu Lele|Tapu Lele|100/100|[from]move: U-turn
|-fieldstart|move: Psychic Terrain|[from] ability: Psychic Surge|[of] p1a: Tapu Lele
|
|-damage|p2a: Toxapex|90/100 brn|[from] brn
|upkeep
|turn|88
|
|t:|1668098213
|switch|p2a: Chansey|Chansey, F|64/100
|move|p1a: Tapu Lele|Psychic|p2a: Chansey
|-damage|p2a: Chansey|44/100
|
|upkeep
|turn|89
|
|t:|1668098218
|move|p1a: Tapu Lele|Future Sight|p2a: Chansey
|-start|p1a: Tapu Lele|move: Future Sight
|move|p2a: Chansey|Soft-Boiled|p2a: Chansey
|-heal|p2a: Chansey|94/100
|
|upkeep
|turn|90
|
|t:|1668098220
|switch|p1a: Tyranitar|Tyranitar, M|88/100
|-weather|Sandstorm|[from] ability: Sand Stream|[of] p1a: Tyranitar
|move|p2a: Chansey|Thunder Wave|p1a: Tyranitar
|-status|p1a: Tyranitar|par
|
|-weather|Sandstorm|[upkeep]
|-damage|p2a: Chansey|88/100|[from] Sandstorm
|upkeep
|turn|91
|l| JollyRancherChews
|
|t:|1668098226
|move|p2a: Chansey|Soft-Boiled|p2a: Chansey
|-heal|p2a: Chansey|100/100
|move|p1a: Tyranitar|Superpower|p2a: Chansey
|-supereffective|p2a: Chansey
|-damage|p2a: Chansey|4/100
|-unboost|p1a: Tyranitar|atk|1
|-unboost|p1a: Tyranitar|def|1
|
|-weather|Sandstorm|[upkeep]
|-damage|p2a: Chansey|0 fnt|[from] Sandstorm
|faint|p2a: Chansey
|-hint|Future Sight did not hit because the target is fainted.
|-fieldend|move: Psychic Terrain
|upkeep
|
|t:|1668098235
|switch|p2a: Hippowdon|Hippowdon, M|87/100 tox
|turn|92
|
|t:|1668098238
|switch|p1a: Ferrothorn|Ferrothorn, F|100/100 par
|move|p2a: Hippowdon|Stealth Rock|p1a: Ferrothorn
|-sidestart|p1: buraq|move: Stealth Rock
|
|-weather|Sandstorm|[upkeep]
|-damage|p2a: Hippowdon|80/100 tox|[from] psn
|upkeep
|turn|93
|
|t:|1668098241
|switch|p2a: Corviknight|Corviknight, M|90/100
|-ability|p2a: Corviknight|Pressure
|move|p1a: Ferrothorn|Stealth Rock|p2a: Corviknight
|-sidestart|p2: Highv0ltag3|move: Stealth Rock
|
|-weather|Sandstorm|[upkeep]
|upkeep
|turn|94
|
|t:|1668098251
|switch|p2a: Clefable|Clefable, M|100/100
|-damage|p2a: Clefable|88/100|[from] Stealth Rock
|cant|p1a: Ferrothorn|par
|
|-weather|none
|upkeep
|turn|95
|
|t:|1668098255
|switch|p1a: Toxapex|Toxapex, M|100/100
|-damage|p1a: Toxapex|88/100|[from] Stealth Rock
|move|p2a: Clefable|Flamethrower|p1a: Toxapex
|-resisted|p1a: Toxapex
|-damage|p1a: Toxapex|82/100
|
|upkeep
|turn|96
|
|t:|1668098258
|switch|p2a: Toxapex|Toxapex, F|100/100 brn
|-damage|p2a: Toxapex|88/100 brn|[from] Stealth Rock
|move|p1a: Toxapex|Toxic||[still]
|-fail|p1a: Toxapex
|
|-damage|p2a: Toxapex|82/100 brn|[from] brn
|upkeep
|turn|97
|
|t:|1668098261
|move|p2a: Toxapex|Knock Off|p1a: Toxapex
|-damage|p1a: Toxapex|78/100
|move|p1a: Toxapex|Scald|p2a: Toxapex
|-resisted|p2a: Toxapex
|-damage|p2a: Toxapex|75/100 brn
|
|-damage|p2a: Toxapex|69/100 brn|[from] brn
|upkeep
|turn|98
|
|t:|1668098264
|switch|p1a: Tornadus|Tornadus-Therian, M|91/100 tox
|-damage|p1a: Tornadus|66/100 tox|[from] Stealth Rock
|move|p2a: Toxapex|Light Screen|p2a: Toxapex
|-sidestart|p2: Highv0ltag3|move: Light Screen
|
|-damage|p1a: Tornadus|60/100 tox|[from] psn
|-damage|p2a: Toxapex|63/100 brn|[from] brn
|upkeep
|turn|99
|
|t:|1668098268
|move|p1a: Tornadus|U-turn|p2a: Toxapex
|-resisted|p2a: Toxapex
|-damage|p2a: Toxapex|58/100 brn
|
|t:|1668098269
|switch|p1a: Toxapex|Toxapex, M|100/100|[from]move: U-turn
|-damage|p1a: Toxapex|88/100|[from] Stealth Rock
|move|p2a: Toxapex|Light Screen||[still]
|-fail|p2a: Toxapex
|
|-damage|p2a: Toxapex|52/100 brn|[from] brn
|upkeep
|turn|100
|
|t:|1668098271
|move|p2a: Toxapex|Knock Off|p1a: Toxapex
|-damage|p1a: Toxapex|85/100
|move|p1a: Toxapex|Haze|p1a: Toxapex
|-clearallboost
|
|-damage|p2a: Toxapex|46/100 brn|[from] brn
|upkeep
|turn|101
|
|t:|1668098274
|move|p2a: Toxapex|Recover|p2a: Toxapex
|-heal|p2a: Toxapex|96/100 brn
|move|p1a: Toxapex|Haze|p1a: Toxapex
|-clearallboost
|
|-damage|p2a: Toxapex|90/100 brn|[from] brn
|upkeep
|turn|102
|
|t:|1668098278
|move|p2a: Toxapex|Knock Off|p1a: Toxapex
|-damage|p1a: Toxapex|82/100
|move|p1a: Toxapex|Haze|p1a: Toxapex
|-clearallboost
|
|-damage|p2a: Toxapex|83/100 brn|[from] brn
|-sideend|p2: Highv0ltag3|move: Light Screen
|upkeep
|turn|103
|
|t:|1668098280
|move|p1a: Toxapex|Haze|p1a: Toxapex
|-clearallboost
|move|p2a: Toxapex|Light Screen|p2a: Toxapex
|-sidestart|p2: Highv0ltag3|move: Light Screen
|
|-damage|p2a: Toxapex|77/100 brn|[from] brn
|upkeep
|turn|104
|
|t:|1668098287
|switch|p2a: Hippowdon|Hippowdon, M|80/100 tox
|-damage|p2a: Hippowdon|74/100 tox|[from] Stealth Rock
|move|p1a: Toxapex|Haze|p1a: Toxapex
|-clearallboost
|
|-damage|p2a: Hippowdon|68/100 tox|[from] psn
|upkeep
|turn|105
|
|t:|1668098292
|switch|p1a: Ferrothorn|Ferrothorn, F|100/100 par
|-damage|p1a: Ferrothorn|95/100 par|[from] Stealth Rock
|move|p2a: Hippowdon|Earthquake|p1a: Ferrothorn
|-damage|p1a: Ferrothorn|76/100 par
|
|-heal|p1a: Ferrothorn|82/100 par|[from] item: Leftovers
|-damage|p2a: Hippowdon|56/100 tox|[from] psn
|upkeep
|turn|106
|
|t:|1668098296
|switch|p2a: Toxapex|Toxapex, F|100/100 brn
|-damage|p2a: Toxapex|88/100 brn|[from] Stealth Rock
|move|p1a: Ferrothorn|Gyro Ball|p2a: Toxapex
|-resisted|p2a: Toxapex
|-damage|p2a: Toxapex|75/100 brn
|
|-heal|p1a: Ferrothorn|88/100 par|[from] item: Leftovers
|-damage|p2a: Toxapex|69/100 brn|[from] brn
|upkeep
|turn|107
|
|t:|1668098302
|switch|p2a: Corviknight|Corviknight, M|90/100
|-damage|p2a: Corviknight|77/100|[from] Stealth Rock
|-ability|p2a: Corviknight|Pressure
|switch|p1a: Tornadus|Tornadus-Therian, M|93/100 tox
|-damage|p1a: Tornadus|68/100 tox|[from] Stealth Rock
|
|-damage|p1a: Tornadus|62/100 tox|[from] psn
|-sideend|p2: Highv0ltag3|move: Light Screen
|upkeep
|turn|108
|
|t:|1668098307
|move|p1a: Tornadus|U-turn|p2a: Corviknight
|-resisted|p2a: Corviknight
|-damage|p2a: Corviknight|75/100
|
|t:|1668098310
|switch|p1a: Toxapex|Toxapex, M|100/100|[from]move: U-turn
|-damage|p1a: Toxapex|88/100|[from] Stealth Rock
|move|p2a: Corviknight|Roost|p2a: Corviknight
|-heal|p2a: Corviknight|100/100
|-singleturn|p2a: Corviknight|move: Roost
|
|upkeep
|turn|109
|c|☆Highv0ltag3|Gg
|c|☆buraq|gg
|c|☆Highv0ltag3|I.lose.this pretty sure
|c|☆buraq|ye
|
|t:|1668098328
|switch|p2a: Toxapex|Toxapex, F|100/100 brn
|-damage|p2a: Toxapex|88/100 brn|[from] Stealth Rock
|switch|p1a: Tornadus|Tornadus-Therian, M|95/100 tox
|-damage|p1a: Tornadus|70/100 tox|[from] Stealth Rock
|
|-damage|p1a: Tornadus|64/100 tox|[from] psn
|-damage|p2a: Toxapex|82/100 brn|[from] brn
|upkeep
|turn|110
|
|t:|1668098332
|move|p1a: Tornadus|U-turn|p2a: Toxapex
|-resisted|p2a: Toxapex
|-damage|p2a: Toxapex|78/100 brn
|
|t:|1668098335
|switch|p1a: Toxapex|Toxapex, M|100/100|[from]move: U-turn
|-damage|p1a: Toxapex|88/100|[from] Stealth Rock
|move|p2a: Toxapex|Light Screen|p2a: Toxapex
|-sidestart|p2: Highv0ltag3|move: Light Screen
|
|-damage|p2a: Toxapex|72/100 brn|[from] brn
|upkeep
|turn|111
|
|t:|1668098341
|switch|p1a: Tornadus|Tornadus-Therian, M|97/100 tox
|-damage|p1a: Tornadus|72/100 tox|[from] Stealth Rock
|switch|p2a: Hippowdon|Hippowdon, M|56/100 tox
|-damage|p2a: Hippowdon|50/100 tox|[from] Stealth Rock
|
|-damage|p1a: Tornadus|66/100 tox|[from] psn
|-damage|p2a: Hippowdon|43/100 tox|[from] psn
|upkeep
|turn|112
|
|t:|1668098346
|move|p1a: Tornadus|U-turn|p2a: Hippowdon
|-damage|p2a: Hippowdon|33/100 tox
|
|t:|1668098347
|switch|p1a: Ferrothorn|Ferrothorn, F|88/100 par|[from]move: U-turn
|-damage|p1a: Ferrothorn|82/100 par|[from] Stealth Rock
|move|p2a: Hippowdon|Slack Off|p2a: Hippowdon
|-heal|p2a: Hippowdon|83/100 tox
|
|-heal|p1a: Ferrothorn|88/100 par|[from] item: Leftovers
|-damage|p2a: Hippowdon|70/100 tox|[from] psn
|upkeep
|turn|113
|
|t:|1668098354
|switch|p2a: Corviknight|Corviknight, M|100/100
|-damage|p2a: Corviknight|88/100|[from] Stealth Rock
|-ability|p2a: Corviknight|Pressure
|move|p1a: Ferrothorn|Leech Seed|p2a: Corviknight
|-start|p2a: Corviknight|move: Leech Seed
|
|-heal|p1a: Ferrothorn|94/100 par|[from] item: Leftovers
|-damage|p2a: Corviknight|75/100|[from] Leech Seed|[of] p1a: Ferrothorn
|-heal|p1a: Ferrothorn|100/100 par|[silent]
|upkeep
|turn|114
|
|t:|1668098357
|switch|p2a: Toxapex|Toxapex, F|100/100 brn
|-damage|p2a: Toxapex|88/100 brn|[from] Stealth Rock
|switch|p1a: Tapu Lele|Tapu Lele|100/100
|-damage|p1a: Tapu Lele|88/100|[from] Stealth Rock
|-fieldstart|move: Psychic Terrain|[from] ability: Psychic Surge|[of] p1a: Tapu Lele
|
|-damage|p2a: Toxapex|82/100 brn|[from] brn
|-sideend|p2: Highv0ltag3|move: Light Screen
|upkeep
|turn|115
|
|t:|1668098362
|switch|p2a: Corviknight|Corviknight, M|75/100
|-damage|p2a: Corviknight|63/100|[from] Stealth Rock
|-ability|p2a: Corviknight|Pressure
|move|p1a: Tapu Lele|Psychic|p2a: Corviknight
|-resisted|p2a: Corviknight
|-damage|p2a: Corviknight|34/100
|
|upkeep
|turn|116
|c|☆buraq|just hit and end this
|
|t:|1668098371
|move|p1a: Tapu Lele|Focus Blast|p2a: Corviknight
|-damage|p2a: Corviknight|0 fnt
|faint|p2a: Corviknight
|
|upkeep
|c|☆buraq|gg
|c|☆Highv0ltag3|Gg
|-message|Highv0ltag3 forfeited.
|
|win|buraq
|n|☆buraq|buraq
|n|☆Highv0ltag3|highv0ltag3
|n|+moondazing|moondazing
|n| cypherstest|cypherstest
|l|☆Highv0ltag3
