|html|<div class="broadcast-blue"><strong>[Gen 8] OU is currently suspecting Melmetal! For information on how to participate check out the <a href="https://www.smogon.com/forums/threads/np-ss-ou-suspect-process-round-12-monster-mash.3709234/">suspect thread</a>.</strong></div>
|j|☆Lucians Call
|j|☆AlIoutdragadarts
|t:|1665934074
|gametype|singles
|player|p1|Lucians Call|furisodegirl-blue|
|player|p2|AlIoutdragadarts|picnicker|
|teamsize|p1|6
|teamsize|p2|6
|gen|8
|tier|[Gen 8] OU
|rule|Sleep Clause Mod: Limit one foe put to sleep
|rule|Species Clause: Limit one of each Pokémon
|rule|OHKO Clause: OHKO moves are banned
|rule|Evasion Items Clause: Evasion items are banned
|rule|Evasion Moves Clause: Evasion moves are banned
|rule|Endless Battle Clause: Forcing endless battles is banned
|rule|HP Percentage Mod: HP is shown in percentages
|rule|Dynamax Clause: You cannot dynamax
|clearpoke
|poke|p1|Dragapult, F|
|poke|p1|Landorus-Therian, M|
|poke|p1|Slowking-Galar, F|
|poke|p1|Rotom-Wash|
|poke|p1|Melmetal|
|poke|p1|Buzzwole|
|poke|p2|Hippowdon, M|
|poke|p2|Corviknight, M|
|poke|p2|Toxapex, M|
|poke|p2|Clefable, F|
|poke|p2|Tornadus-Therian, M|
|poke|p2|Blissey, F|
|teampreview
|j| Sww-Suwa
|c|☆AlIoutdragadarts|gl hf
|c|☆Lucians Call|u2
|j| sufy512
|j| El Hueco Mundo
|j| georgiethefirst
|j|@ironwater
|j| knexhawk2
|j| Leavers
|j| SpookElekiElectric
|j| Casino Boi
|c| SpookElekiElectric|wh
|c| SpookElekiElectric|what
|j| pzoa
|
|t:|1665934104
|start
|switch|p1a: Rotom|Rotom-Wash|100/100
|switch|p2a: Toxapex|Toxapex, M, shiny|100/100
|turn|1
|j| tesla roadster
|c| SpookElekiElectric|Gl to lucians
|c| knexhawk2|where the xurkitrees
|
|t:|1665934110
|move|p1a: Rotom|Will-O-Wisp|p2a: Toxapex
|-status|p2a: Toxapex|brn
|move|p2a: Toxapex|Knock Off|p1a: Rotom
|-crit|p1a: Rotom
|-damage|p1a: Rotom|88/100
|-enditem|p1a: Rotom|Leftovers|[from] move: Knock Off|[of] p2a: Toxapex
|
|-damage|p2a: Toxapex|95/100 brn|[from] brn
|upkeep
|turn|2
|j| skeb
|j| clean
|l| georgiethefirst
|c| pzoa|mmmmmbeautiful stall
|
|t:|1665934119
|move|p1a: Rotom|Volt Switch|p2a: Toxapex
|-supereffective|p2a: Toxapex
|-damage|p2a: Toxapex|55/100 brn
|
|t:|1665934121
|switch|p1a: Slowking|Slowking-Galar, F|100/100|[from]move: Volt Switch
|move|p2a: Toxapex|Knock Off|p1a: Slowking
|-supereffective|p1a: Slowking
|-damage|p1a: Slowking|86/100
|-enditem|p1a: Slowking|Assault Vest|[from] move: Knock Off|[of] p2a: Toxapex
|
|-damage|p2a: Toxapex|49/100 brn|[from] brn
|upkeep
|turn|3
|c| tesla roadster|this spl finals?
|l| clean
|
|t:|1665934126
|move|p2a: Toxapex|Recover|p2a: Toxapex
|-heal|p2a: Toxapex|99/100 brn
|move|p1a: Slowking|Future Sight|p2a: Toxapex
|-start|p1a: Slowking|move: Future Sight
|
|-damage|p2a: Toxapex|93/100 brn|[from] brn
|upkeep
|turn|4
|c| SpookElekiElectric|no
|c| SpookElekiElectric|OURLt
|j| outdchristmastree
|c| tesla roadster|lit
|
|t:|1665934142
|move|p2a: Toxapex|Light Screen|p2a: Toxapex
|-sidestart|p2: AlIoutdragadarts|move: Light Screen
|move|p1a: Slowking|Sludge Bomb|p2a: Toxapex
|-resisted|p2a: Toxapex
|-damage|p2a: Toxapex|83/100 brn
|
|-damage|p2a: Toxapex|77/100 brn|[from] brn
|upkeep
|turn|5
|c| outdchristmastree|+respect
|c| SpookElekiElectric|For a second i thought it'd be fake stall heat
|c| SpookElekiElectric|lol
|
|t:|1665934153
|switch|p2a: Hippowdon|Hippowdon, M, shiny|100/100
|-weather|Sandstorm|[from] ability: Sand Stream|[of] p2a: Hippowdon
|switch|p1a: Rotom|Rotom-Wash|88/100
|
|-weather|Sandstorm|[upkeep]
|-damage|p1a: Rotom|82/100|[from] Sandstorm
|-end|p2a: Hippowdon|move: Future Sight
|-damage|p2a: Hippowdon|78/100
|-heal|p2a: Hippowdon|85/100|[from] item: Leftovers
|upkeep
|turn|6
|
|t:|1665934161
|move|p1a: Rotom|Will-O-Wisp|p2a: Hippowdon|[miss]
|-miss|p1a: Rotom|p2a: Hippowdon
|move|p2a: Hippowdon|Stealth Rock|p1a: Rotom
|-sidestart|p1: Lucians Call|move: Stealth Rock
|
|-weather|Sandstorm|[upkeep]
|-damage|p1a: Rotom|76/100|[from] Sandstorm
|-heal|p2a: Hippowdon|91/100|[from] item: Leftovers
|upkeep
|turn|7
|c| SpookElekiElectric|i was disappointed to hear it wasnt
|
|t:|1665934171
|move|p1a: Rotom|Will-O-Wisp|p2a: Hippowdon
|-status|p2a: Hippowdon|brn
|move|p2a: Hippowdon|Toxic|p1a: Rotom
|-status|p1a: Rotom|tox
|
|-weather|Sandstorm|[upkeep]
|-damage|p1a: Rotom|70/100 tox|[from] Sandstorm
|-heal|p2a: Hippowdon|97/100 brn|[from] item: Leftovers
|-damage|p1a: Rotom|63/100 tox|[from] psn
|-damage|p2a: Hippowdon|91/100 brn|[from] brn
|upkeep
|turn|8
|
|t:|1665934177
|switch|p2a: Blissey|Blissey, F, shiny|100/100
|move|p1a: Rotom|Volt Switch|p2a: Blissey
|-damage|p2a: Blissey|96/100
|c| outdchristmastree|no one is bringing fake stall to a serious tournament
|
|t:|1665934187
|switch|p1a: Buzzwole|Buzzwole|100/100|[from]move: Volt Switch
|
|-weather|Sandstorm|[upkeep]
|-damage|p1a: Buzzwole|94/100|[from] Sandstorm
|-damage|p2a: Blissey|90/100|[from] Sandstorm
|-sideend|p2: AlIoutdragadarts|move: Light Screen
|upkeep
|turn|9
|c| SpookElekiElectric|thats exactly why you'd bring it
|
|t:|1665934191
|switch|p2a: Clefable|Clefable, F, shiny|100/100
|move|p1a: Buzzwole|Earthquake|p2a: Clefable
|-damage|p2a: Clefable|75/100
|
|-weather|none
|upkeep
|turn|10
|
|t:|1665934198
|switch|p1a: Slowking|Slowking-Galar, F|100/100
|-damage|p1a: Slowking|88/100|[from] Stealth Rock
|move|p2a: Clefable|Soft-Boiled|p2a: Clefable
|-heal|p2a: Clefable|100/100
|
|upkeep
|turn|11
|c| SpookElekiElectric|Your opponent knows the same risk/reward you do
|c| SpookElekiElectric|so..
|
|t:|1665934205
|switch|p2a: Toxapex|Toxapex, M, shiny|100/100 brn
|move|p1a: Slowking|Future Sight|p2a: Toxapex
|-start|p1a: Slowking|move: Future Sight
|
|-damage|p2a: Toxapex|95/100 brn|[from] brn
|upkeep
|turn|12
|c| SpookElekiElectric|if the risk is in favor
|c| SpookElekiElectric|your opponent knows that too
|
|t:|1665934213
|switch|p1a: Landorus|Landorus-Therian, M|100/100
|-damage|p1a: Landorus|88/100|[from] Stealth Rock
|-ability|p1a: Landorus|Intimidate|boost
|-unboost|p2a: Toxapex|atk|1
|move|p2a: Toxapex|Light Screen|p2a: Toxapex
|-sidestart|p2: AlIoutdragadarts|move: Light Screen
|
|-heal|p1a: Landorus|94/100|[from] item: Leftovers
|-damage|p2a: Toxapex|89/100 brn|[from] brn
|upkeep
|turn|13
|c| SpookElekiElectric|so they think you play safe
|c| outdchristmastree|it isnt. no one here is  1400 shitter ladder player
|c| SpookElekiElectric|and actually you fuck their ass over
|
|t:|1665934225
|switch|p2a: Corviknight|Corviknight, M, shiny|100/100
|-ability|p2a: Corviknight|Pressure
|move|p1a: Landorus|Stealth Rock|p2a: Corviknight
|-sidestart|p2: AlIoutdragadarts|move: Stealth Rock
|
|-end|p2a: Corviknight|move: Future Sight
|-resisted|p2a: Corviknight
|-damage|p2a: Corviknight|86/100
|-heal|p1a: Landorus|99/100|[from] item: Leftovers
|-heal|p2a: Corviknight|92/100|[from] item: Leftovers
|upkeep
|turn|14
|c| SpookElekiElectric|or that
|
|t:|1665934244
|switch|p1a: Dragapult|Dragapult, F|100/100
|-damage|p1a: Dragapult|88/100|[from] Stealth Rock
|switch|p2a: Tornadus|Tornadus-Therian, M, shiny|100/100
|
|upkeep
|turn|15
|
|t:|1665934249
|switch|p1a: Slowking|Slowking-Galar, F|100/100
|-damage|p1a: Slowking|88/100|[from] Stealth Rock
|switch|p2a: Blissey|Blissey, F, shiny|90/100
|
|upkeep
|turn|16
|
|t:|1665934260
|move|p2a: Blissey|Heal Bell|p2a: Blissey
|-activate|p2a: Blissey|move: Heal Bell
|-curestatus|p2: Toxapex|brn|[msg]
|-curestatus|p2: Hippowdon|brn|[msg]
|move|p1a: Slowking|Future Sight|p2a: Blissey
|-start|p1a: Slowking|move: Future Sight
|
|-sideend|p2: AlIoutdragadarts|move: Light Screen
|upkeep
|turn|17
|c| SpookElekiElectric|how many turns do stall matches take anyway
|
|t:|1665934263
|switch|p2a: Corviknight|Corviknight, M, shiny|92/100
|-damage|p2a: Corviknight|80/100|[from] Stealth Rock
|-ability|p2a: Corviknight|Pressure
|switch|p1a: Buzzwole|Buzzwole|94/100
|
|-heal|p2a: Corviknight|86/100|[from] item: Leftovers
|upkeep
|turn|18
|c| SpookElekiElectric|it depends right
|c| outdchristmastree|50-1000
|c| SpookElekiElectric|lol alr
|
|t:|1665934277
|switch|p1a: Slowking|Slowking-Galar, F|100/100
|-damage|p1a: Slowking|88/100|[from] Stealth Rock
|move|p2a: Corviknight|Roost|p2a: Corviknight
|-heal|p2a: Corviknight|100/100
|-singleturn|p2a: Corviknight|move: Roost
|
|-end|p2a: Corviknight|move: Future Sight
|-resisted|p2a: Corviknight
|-damage|p2a: Corviknight|72/100
|-heal|p2a: Corviknight|79/100|[from] item: Leftovers
|upkeep
|turn|19
|
|t:|1665934282
|switch|p2a: Toxapex|Toxapex, M, shiny|100/100
|-damage|p2a: Toxapex|88/100|[from] Stealth Rock
|move|p1a: Slowking|Future Sight|p2a: Toxapex
|-start|p1a: Slowking|move: Future Sight
|
|upkeep
|turn|20
|c| SpookElekiElectric|lets hope its not 1000
|
|t:|1665934287
|switch|p1a: Landorus|Landorus-Therian, M|99/100
|-damage|p1a: Landorus|88/100|[from] Stealth Rock
|-ability|p1a: Landorus|Intimidate|boost
|-unboost|p2a: Toxapex|atk|1
|move|p2a: Toxapex|Light Screen|p2a: Toxapex
|-sidestart|p2: AlIoutdragadarts|move: Light Screen
|
|-heal|p1a: Landorus|94/100|[from] item: Leftovers
|upkeep
|turn|21
|c| outdchristmastree|prob wont go 1000. lucians only has one regen mon
|
|t:|1665934294
|switch|p2a: Tornadus|Tornadus-Therian, M, shiny|100/100
|move|p1a: Landorus|Swords Dance|p1a: Landorus
|-boost|p1a: Landorus|atk|2
|
|-end|p2a: Tornadus|move: Future Sight
|-damage|p2a: Tornadus|68/100
|-heal|p1a: Landorus|99/100|[from] item: Leftovers
|upkeep
|turn|22
|c| SpookElekiElectric|but he has
|
|t:|1665934301
|switch|p2a: Clefable|Clefable, F, shiny|100/100
|move|p1a: Landorus|Stone Edge|p2a: Clefable
|-damage|p2a: Clefable|75/100
|
|-heal|p1a: Landorus|100/100|[from] item: Leftovers
|upkeep
|turn|23
|c| SpookElekiElectric|this
|
|t:|1665934306
|move|p1a: Landorus|Earthquake|p2a: Clefable
|-damage|p2a: Clefable|39/100
|move|p2a: Clefable|Soft-Boiled|p2a: Clefable
|-heal|p2a: Clefable|89/100
|
|upkeep
|turn|24
|
|t:|1665934309
|move|p1a: Landorus|Earthquake|p2a: Clefable
|-crit|p2a: Clefable
|-damage|p2a: Clefable|31/100
|move|p2a: Clefable|Soft-Boiled|p2a: Clefable
|-heal|p2a: Clefable|81/100
|
|-sideend|p2: AlIoutdragadarts|move: Light Screen
|upkeep
|turn|25
|
|t:|1665934312
|move|p1a: Landorus|Earthquake|p2a: Clefable
|-damage|p2a: Clefable|43/100
|move|p2a: Clefable|Soft-Boiled|p2a: Clefable
|-heal|p2a: Clefable|93/100
|
|upkeep
|turn|26
|c| SpookElekiElectric|And that clef takes 0
|
|t:|1665934319
|switch|p1a: Slowking|Slowking-Galar, F|100/100
|-damage|p1a: Slowking|88/100|[from] Stealth Rock
|move|p2a: Clefable|Soft-Boiled|p2a: Clefable
|-heal|p2a: Clefable|100/100
|
|upkeep
|turn|27
|
|t:|1665934325
|switch|p2a: Toxapex|Toxapex, M, shiny|100/100
|-damage|p2a: Toxapex|88/100|[from] Stealth Rock
|move|p1a: Slowking|Future Sight|p2a: Toxapex
|-start|p1a: Slowking|move: Future Sight
|
|upkeep
|turn|28
|
|t:|1665934329
|move|p2a: Toxapex|Light Screen|p2a: Toxapex
|-sidestart|p2: AlIoutdragadarts|move: Light Screen
|move|p1a: Slowking|Scald|p2a: Toxapex
|-resisted|p2a: Toxapex
|-damage|p2a: Toxapex|83/100
|
|upkeep
|turn|29
|
|t:|1665934337
|switch|p2a: Blissey|Blissey, F, shiny|90/100
|switch|p1a: Buzzwole|Buzzwole|94/100
|
|-end|p2a: Blissey|move: Future Sight
|-damage|p2a: Blissey|79/100
|upkeep
|turn|30
|j|+Wildfiree ❤
|l| SpookElekiElectric
|
|t:|1665934344
|switch|p1a: Slowking|Slowking-Galar, F|100/100
|-damage|p1a: Slowking|88/100|[from] Stealth Rock
|switch|p2a: Toxapex|Toxapex, M, shiny|100/100
|-damage|p2a: Toxapex|88/100|[from] Stealth Rock
|
|upkeep
|turn|31
|l|+Wildfiree ❤
|
|t:|1665934375
|switch|p2a: Tornadus|Tornadus-Therian, M, shiny|100/100
|move|p1a: Slowking|Future Sight|p2a: Tornadus
|-start|p1a: Slowking|move: Future Sight
|
|upkeep
|turn|32
|
|t:|1665934379
|move|p2a: Tornadus|Substitute|p2a: Tornadus
|-start|p2a: Tornadus|Substitute
|-damage|p2a: Tornadus|76/100
|move|p1a: Slowking|Scald|p2a: Tornadus
|-activate|p2a: Tornadus|move: Substitute|[damage]
|
|-sideend|p2: AlIoutdragadarts|move: Light Screen
|upkeep
|turn|33
|
|t:|1665934392
|switch|p2a: Blissey|Blissey, F, shiny|79/100
|switch|p1a: Melmetal|Melmetal|100/100
|-damage|p1a: Melmetal|94/100|[from] Stealth Rock
|
|-end|p2a: Blissey|move: Future Sight
|-damage|p2a: Blissey|58/100
|-heal|p1a: Melmetal|100/100|[from] item: Leftovers
|upkeep
|turn|34
|j| Weaselfie
|
|t:|1665934402
|switch|p2a: Corviknight|Corviknight, M, shiny|79/100
|-damage|p2a: Corviknight|66/100|[from] Stealth Rock
|-ability|p2a: Corviknight|Pressure
|switch|p1a: Slowking|Slowking-Galar, F|100/100
|-damage|p1a: Slowking|88/100|[from] Stealth Rock
|
|-heal|p2a: Corviknight|72/100|[from] item: Leftovers
|upkeep
|turn|35
|
|t:|1665934408
|switch|p2a: Toxapex|Toxapex, M, shiny|100/100
|-damage|p2a: Toxapex|88/100|[from] Stealth Rock
|move|p1a: Slowking|Flamethrower|p2a: Toxapex
|-resisted|p2a: Toxapex
|-damage|p2a: Toxapex|77/100
|
|upkeep
|turn|36
|
|t:|1665934415
|move|p2a: Toxapex|Knock Off|p1a: Slowking
|-supereffective|p1a: Slowking
|-damage|p1a: Slowking|65/100
|move|p1a: Slowking|Future Sight|p2a: Toxapex
|-start|p1a: Slowking|move: Future Sight
|
|upkeep
|turn|37
|
|t:|1665934434
|switch|p1a: Landorus|Landorus-Therian, M|100/100
|-damage|p1a: Landorus|88/100|[from] Stealth Rock
|-ability|p1a: Landorus|Intimidate|boost
|-unboost|p2a: Toxapex|atk|1
|move|p2a: Toxapex|Light Screen|p2a: Toxapex
|-sidestart|p2: AlIoutdragadarts|move: Light Screen
|
|-heal|p1a: Landorus|94/100|[from] item: Leftovers
|upkeep
|turn|38
|
|t:|1665934449
|switch|p2a: Hippowdon|Hippowdon, M, shiny|91/100
|-damage|p2a: Hippowdon|85/100|[from] Stealth Rock
|-weather|Sandstorm|[from] ability: Sand Stream|[of] p2a: Hippowdon
|move|p1a: Landorus|Swords Dance|p1a: Landorus
|-boost|p1a: Landorus|atk|2
|
|-weather|Sandstorm|[upkeep]
|-end|p2a: Hippowdon|move: Future Sight
|-damage|p2a: Hippowdon|62/100
|-heal|p1a: Landorus|99/100|[from] item: Leftovers
|-heal|p2a: Hippowdon|68/100|[from] item: Leftovers
|upkeep
|turn|39
|
|t:|1665934462
|switch|p2a: Clefable|Clefable, F, shiny|100/100
|move|p1a: Landorus|Earthquake|p2a: Clefable
|-damage|p2a: Clefable|61/100
|
|-weather|Sandstorm|[upkeep]
|-damage|p2a: Clefable|55/100|[from] Sandstorm
|-heal|p1a: Landorus|100/100|[from] item: Leftovers
|upkeep
|turn|40
|
|t:|1665934465
|move|p1a: Landorus|Earthquake|p2a: Clefable
|-damage|p2a: Clefable|14/100
|move|p2a: Clefable|Soft-Boiled|p2a: Clefable
|-heal|p2a: Clefable|64/100
|
|-weather|Sandstorm|[upkeep]
|-damage|p2a: Clefable|58/100|[from] Sandstorm
|upkeep
|turn|41
|
|t:|1665934468
|move|p1a: Landorus|Earthquake|p2a: Clefable
|-damage|p2a: Clefable|18/100
|move|p2a: Clefable|Soft-Boiled|p2a: Clefable
|-heal|p2a: Clefable|68/100
|
|-weather|Sandstorm|[upkeep]
|-damage|p2a: Clefable|62/100|[from] Sandstorm
|-sideend|p2: AlIoutdragadarts|move: Light Screen
|upkeep
|turn|42
|
|t:|1665934472
|move|p1a: Landorus|Earthquake|p2a: Clefable
|-damage|p2a: Clefable|23/100
|move|p2a: Clefable|Soft-Boiled|p2a: Clefable
|-heal|p2a: Clefable|73/100
|
|-weather|none
|upkeep
|turn|43
|l| El Hueco Mundo
|
|t:|1665934477
|switch|p1a: Slowking|Slowking-Galar, F|98/100
|-damage|p1a: Slowking|86/100|[from] Stealth Rock
|move|p2a: Clefable|Soft-Boiled|p2a: Clefable
|-heal|p2a: Clefable|100/100
|
|upkeep
|turn|44
|j| OUTD idiot
|
|t:|1665934481
|switch|p2a: Toxapex|Toxapex, M, shiny|100/100
|-damage|p2a: Toxapex|88/100|[from] Stealth Rock
|move|p1a: Slowking|Future Sight|p2a: Toxapex
|-start|p1a: Slowking|move: Future Sight
|
|upkeep
|turn|45
|j| stunfisk2140
|
|t:|1665934491
|switch|p1a: Rotom|Rotom-Wash|63/100 tox
|-damage|p1a: Rotom|51/100 tox|[from] Stealth Rock
|move|p2a: Toxapex|Light Screen|p2a: Toxapex
|-sidestart|p2: AlIoutdragadarts|move: Light Screen
|
|-damage|p1a: Rotom|45/100 tox|[from] psn
|upkeep
|turn|46
|
|t:|1665934509
|switch|p2a: Hippowdon|Hippowdon, M, shiny|68/100
|-damage|p2a: Hippowdon|62/100|[from] Stealth Rock
|-weather|Sandstorm|[from] ability: Sand Stream|[of] p2a: Hippowdon
|move|p1a: Rotom|Will-O-Wisp|p2a: Hippowdon
|-status|p2a: Hippowdon|brn
|
|-weather|Sandstorm|[upkeep]
|-damage|p1a: Rotom|38/100 tox|[from] Sandstorm
|-end|p2a: Hippowdon|move: Future Sight
|-damage|p2a: Hippowdon|41/100 brn
|-heal|p2a: Hippowdon|47/100 brn|[from] item: Leftovers
|-damage|p1a: Rotom|26/100 tox|[from] psn
|-damage|p2a: Hippowdon|41/100 brn|[from] brn
|upkeep
|turn|47
|l| stunfisk2140
|
|t:|1665934550
|switch|p1a: Slowking|Slowking-Galar, F|100/100
|-damage|p1a: Slowking|88/100|[from] Stealth Rock
|move|p2a: Hippowdon|Slack Off|p2a: Hippowdon
|-heal|p2a: Hippowdon|91/100 brn
|
|-weather|Sandstorm|[upkeep]
|-damage|p1a: Slowking|82/100|[from] Sandstorm
|-heal|p2a: Hippowdon|97/100 brn|[from] item: Leftovers
|-damage|p2a: Hippowdon|91/100 brn|[from] brn
|upkeep
|turn|48
|
|t:|1665934562
|switch|p2a: Tornadus|Tornadus-Therian, M, shiny|100/100
|move|p1a: Slowking|Future Sight|p2a: Tornadus
|-start|p1a: Slowking|move: Future Sight
|
|-weather|Sandstorm|[upkeep]
|-damage|p2a: Tornadus|94/100|[from] Sandstorm
|-damage|p1a: Slowking|76/100|[from] Sandstorm
|upkeep
|turn|49
|
|t:|1665934569
|move|p2a: Tornadus|Substitute|p2a: Tornadus
|-start|p2a: Tornadus|Substitute
|-damage|p2a: Tornadus|70/100
|move|p1a: Slowking|Sludge Bomb|p2a: Tornadus
|-activate|p2a: Tornadus|move: Substitute|[damage]
|
|-weather|Sandstorm|[upkeep]
|-damage|p2a: Tornadus|63/100|[from] Sandstorm
|-damage|p1a: Slowking|70/100|[from] Sandstorm
|-sideend|p2: AlIoutdragadarts|move: Light Screen
|upkeep
|turn|50
|
|t:|1665934578
|switch|p2a: Blissey|Blissey, F, shiny|58/100
|move|p1a: Slowking|Sludge Bomb|p2a: Blissey
|-damage|p2a: Blissey|40/100
|-status|p2a: Blissey|psn
|
|-weather|none
|-end|p2a: Blissey|move: Future Sight
|-damage|p2a: Blissey|16/100 psn
|-damage|p2a: Blissey|4/100 psn|[from] psn
|upkeep
|turn|51
|j| El Hueco Mundo
|
|t:|1665934596
|switch|p1a: Dragapult|Dragapult, F|88/100
|-damage|p1a: Dragapult|76/100|[from] Stealth Rock
|move|p2a: Blissey|Soft-Boiled|p2a: Blissey
|-heal|p2a: Blissey|54/100 psn
|
|-damage|p2a: Blissey|42/100 psn|[from] psn
|upkeep
|turn|52
|
|t:|1665934604
|-curestatus|p2a: Blissey|psn|[from] ability: Natural Cure
|switch|p2a: Clefable|Clefable, F, shiny|100/100
|move|p1a: Dragapult|Shadow Ball|p2a: Clefable
|-damage|p2a: Clefable|68/100
|
|upkeep
|turn|53
|
|t:|1665934610
|switch|p1a: Slowking|Slowking-Galar, F|100/100
|-damage|p1a: Slowking|88/100|[from] Stealth Rock
|move|p2a: Clefable|Soft-Boiled|p2a: Clefable
|-heal|p2a: Clefable|100/100
|
|upkeep
|turn|54
|
|t:|1665934614
|switch|p2a: Toxapex|Toxapex, M, shiny|100/100
|-damage|p2a: Toxapex|88/100|[from] Stealth Rock
|move|p1a: Slowking|Future Sight|p2a: Toxapex
|-start|p1a: Slowking|move: Future Sight
|
|upkeep
|turn|55
|l| Leavers
|
|t:|1665934628
|switch|p1a: Landorus|Landorus-Therian, M|100/100
|-damage|p1a: Landorus|88/100|[from] Stealth Rock
|-ability|p1a: Landorus|Intimidate|boost
|-unboost|p2a: Toxapex|atk|1
|move|p2a: Toxapex|Light Screen|p2a: Toxapex
|-sidestart|p2: AlIoutdragadarts|move: Light Screen
|
|-heal|p1a: Landorus|94/100|[from] item: Leftovers
|upkeep
|turn|56
|
|t:|1665934631
|switch|p2a: Corviknight|Corviknight, M, shiny|72/100
|-damage|p2a: Corviknight|60/100|[from] Stealth Rock
|-ability|p2a: Corviknight|Pressure
|move|p1a: Landorus|Swords Dance|p1a: Landorus
|-boost|p1a: Landorus|atk|2
|
|-end|p2a: Corviknight|move: Future Sight
|-resisted|p2a: Corviknight
|-damage|p2a: Corviknight|47/100
|-heal|p1a: Landorus|99/100|[from] item: Leftovers
|-heal|p2a: Corviknight|53/100|[from] item: Leftovers
|upkeep
|turn|57
|
|t:|1665934638
|move|p1a: Landorus|Stone Edge|p2a: Corviknight|[miss]
|-miss|p1a: Landorus|p2a: Corviknight
|move|p2a: Corviknight|Roost|p2a: Corviknight
|-heal|p2a: Corviknight|100/100
|-singleturn|p2a: Corviknight|move: Roost
|
|-heal|p1a: Landorus|100/100|[from] item: Leftovers
|upkeep
|turn|58
|
|t:|1665934647
|move|p1a: Landorus|Swords Dance|p1a: Landorus
|-boost|p1a: Landorus|atk|2
|move|p2a: Corviknight|Iron Defense|p2a: Corviknight
|-boost|p2a: Corviknight|def|2
|
|upkeep
|turn|59
|
|t:|1665934651
|move|p1a: Landorus|Swords Dance|p1a: Landorus
|-boost|p1a: Landorus|atk|2
|move|p2a: Corviknight|Iron Defense|p2a: Corviknight
|-boost|p2a: Corviknight|def|2
|
|-sideend|p2: AlIoutdragadarts|move: Light Screen
|upkeep
|turn|60
|
|t:|1665934654
|move|p1a: Landorus|Stone Edge|p2a: Corviknight
|-damage|p2a: Corviknight|75/100
|move|p2a: Corviknight|Iron Defense|p2a: Corviknight
|-boost|p2a: Corviknight|def|2
|
|-heal|p2a: Corviknight|81/100|[from] item: Leftovers
|upkeep
|turn|61
|
|t:|1665934657
|move|p1a: Landorus|Stone Edge|p2a: Corviknight
|-damage|p2a: Corviknight|63/100
|move|p2a: Corviknight|Body Press|p1a: Landorus
|-resisted|p1a: Landorus
|-damage|p1a: Landorus|55/100
|
|-heal|p1a: Landorus|61/100|[from] item: Leftovers
|-heal|p2a: Corviknight|69/100|[from] item: Leftovers
|upkeep
|turn|62
|
|t:|1665934661
|move|p1a: Landorus|Stone Edge|p2a: Corviknight
|-damage|p2a: Corviknight|49/100
|move|p2a: Corviknight|Body Press|p1a: Landorus
|-resisted|p1a: Landorus
|-damage|p1a: Landorus|15/100
|
|-heal|p1a: Landorus|21/100|[from] item: Leftovers
|-heal|p2a: Corviknight|56/100|[from] item: Leftovers
|upkeep
|turn|63
|
|t:|1665934668
|switch|p1a: Dragapult|Dragapult, F|76/100
|-damage|p1a: Dragapult|64/100|[from] Stealth Rock
|move|p2a: Corviknight|Roost|p2a: Corviknight
|-heal|p2a: Corviknight|100/100
|-singleturn|p2a: Corviknight|move: Roost
|
|upkeep
|turn|64
|
|t:|1665934673
|switch|p2a: Blissey|Blissey, F, shiny|42/100
|move|p1a: Dragapult|Shadow Ball|p2a: Blissey
|-immune|p2a: Blissey
|
|upkeep
|turn|65
|
|t:|1665934681
|switch|p1a: Slowking|Slowking-Galar, F|100/100
|-damage|p1a: Slowking|88/100|[from] Stealth Rock
|move|p2a: Blissey|Soft-Boiled|p2a: Blissey
|-heal|p2a: Blissey|92/100
|
|upkeep
|turn|66
|
|t:|1665934689
|switch|p2a: Toxapex|Toxapex, M, shiny|100/100
|-damage|p2a: Toxapex|88/100|[from] Stealth Rock
|move|p1a: Slowking|Scald|p2a: Toxapex
|-resisted|p2a: Toxapex
|-damage|p2a: Toxapex|78/100
|
|upkeep
|turn|67
|l| El Hueco Mundo
|
|t:|1665934695
|move|p2a: Toxapex|Knock Off|p1a: Slowking
|-supereffective|p1a: Slowking
|-damage|p1a: Slowking|65/100
|move|p1a: Slowking|Scald|p2a: Toxapex
|-resisted|p2a: Toxapex
|-damage|p2a: Toxapex|66/100
|
|upkeep
|turn|68
|
|t:|1665934704
|move|p2a: Toxapex|Knock Off|p1a: Slowking
|-supereffective|p1a: Slowking
|-damage|p1a: Slowking|41/100
|move|p1a: Slowking|Scald|p2a: Toxapex
|-resisted|p2a: Toxapex
|-damage|p2a: Toxapex|56/100
|
|upkeep
|turn|69
|c|☆Lucians Call|ye ggs
|c|☆Lucians Call|not getting anything
|-message|Lucians Call forfeited.
|
|win|AlIoutdragadarts
|c|☆AlIoutdragadarts|ggs bro
|l| sufy512
|l| outdchristmastree
|l| skeb
|l|☆Lucians Call
|l| Sww-Suwa
|l| OUTD idiot
|l|@ironwater
|player|p2|AlIoutdragadarts|picnicker
|l| Weaselfie
|j| sleepdrawrnig无敌吧主乙
|l| sleepdrawrnig无敌吧主乙
|l| Casino Boi
