|j|☆A
|j|☆thesky12321
|player|p1|A|clemont|1624
|player|p2|thesky12321|tate|1706
|teamsize|p1|6
|teamsize|p2|6
|gametype|singles
|gen|8
|tier|[Gen 8] OU
|rated|
|html|<div class="broadcast-blue"><strong>OU is currently suspecting Dracovish! For information on how to participate check out the <a href="https://www.smogon.com/forums/threads/3664521/">suspect thread</a>.</strong></div>
|clearpoke
|poke|p1|Clefable, F|
|poke|p1|Rotom-Mow|
|poke|p1|Kommo-o, M|
|poke|p1|Toxapex, M|
|poke|p1|Mandibuzz, F|
|poke|p1|Jirachi|
|poke|p2|Jirachi|
|poke|p2|Rhyperior, M|
|poke|p2|Dracovish|
|poke|p2|Sylveon, F|
|poke|p2|Chandelure, F|
|poke|p2|Mandibuzz, F|
|rule|Sleep Clause Mod: Limit one foe put to sleep
|rule|Species Clause: Limit one of each Pokémon
|rule|OHKO Clause: OHKO moves are banned
|rule|Evasion Moves Clause: Evasion moves are banned
|rule|Endless Battle Clause: Forcing endless battles is banned
|rule|HP Percentage Mod: HP is shown in percentages
|rule|Dynamax Clause: You cannot dynamax
|teampreview
|inactive|Battle timer is ON: inactive players will automatically lose when time's up. (requested by A)
|j| Azuksa
|
|start
|switch|p1a: yeah boii|Rotom-Mow, shiny|100/100
|switch|p2a: Rhyperior|Rhyperior, M|100/100
|turn|1
|
|switch|p2a: Mandibuzz|Mandibuzz, F|100/100
|move|p1a: yeah boii|Trick|p2a: Mandibuzz
|-activate|p1a: yeah boii|move: Trick|[of] p2a: Mandibuzz
|-item|p2a: Mandibuzz|Choice Scarf|[from] move: Trick
|-item|p1a: yeah boii|Heavy-Duty Boots|[from] move: Trick
|
|upkeep
|turn|2
|
|move|p1a: yeah boii|Volt Switch|p2a: Mandibuzz
|-supereffective|p2a: Mandibuzz
|-damage|p2a: Mandibuzz|69/100
|
|switch|p1a: the chungus|Toxapex, M, shiny|100/100|[from]move: Volt Switch
|move|p2a: Mandibuzz|U-turn|p1a: the chungus
|-resisted|p1a: the chungus
|-crit|p1a: the chungus
|-damage|p1a: the chungus|95/100
|
|switch|p2a: Rhyperior|Rhyperior, M|100/100|[from]move: U-turn
|
|-heal|p1a: the chungus|100/100|[from] item: Black Sludge
|upkeep
|turn|3
|
|switch|p1a: epic games|Kommo-o, M|100/100
|move|p2a: Rhyperior|Stealth Rock|p1a: epic games
|-sidestart|p1: A|move: Stealth Rock
|
|upkeep
|turn|4
|
|move|p1a: epic games|Stealth Rock|p2a: Rhyperior
|-sidestart|p2: thesky12321|move: Stealth Rock
|move|p2a: Rhyperior|Swords Dance|p2a: Rhyperior
|-boost|p2a: Rhyperior|atk|2
|
|upkeep
|turn|5
|
|move|p1a: epic games|Body Press|p2a: Rhyperior
|-supereffective|p2a: Rhyperior
|-damage|p2a: Rhyperior|60/100
|move|p2a: Rhyperior|Earthquake|p1a: epic games
|-damage|p1a: epic games|38/100
|
|-heal|p1a: epic games|44/100|[from] item: Leftovers
|-heal|p2a: Rhyperior|66/100|[from] item: Leftovers
|upkeep
|turn|6
|
|move|p1a: epic games|Protect|p1a: epic games
|-singleturn|p1a: epic games|Protect
|move|p2a: Rhyperior|Earthquake|p1a: epic games
|-activate|p1a: epic games|move: Protect
|
|-heal|p1a: epic games|50/100|[from] item: Leftovers
|-heal|p2a: Rhyperior|73/100|[from] item: Leftovers
|upkeep
|turn|7
|
|move|p1a: epic games|Body Press|p2a: Rhyperior
|-supereffective|p2a: Rhyperior
|-damage|p2a: Rhyperior|31/100
|move|p2a: Rhyperior|Earthquake|p1a: epic games
|-damage|p1a: epic games|0 fnt
|faint|p1a: epic games
|
|-heal|p2a: Rhyperior|37/100|[from] item: Leftovers
|upkeep
|
|switch|p1a: yeah boii|Rotom-Mow, shiny|100/100
|turn|8
|
|switch|p2a: Sylveon|Sylveon, F|100/100
|-damage|p2a: Sylveon|88/100|[from] Stealth Rock
|move|p1a: yeah boii|Leaf Storm|p2a: Sylveon
|-damage|p2a: Sylveon|55/100
|-unboost|p1a: yeah boii|spa|2
|
|-heal|p2a: Sylveon|61/100|[from] item: Leftovers
|upkeep
|turn|9
|
|move|p1a: yeah boii|Trick|p2a: Sylveon
|-activate|p1a: yeah boii|move: Trick|[of] p2a: Sylveon
|-item|p2a: Sylveon|Heavy-Duty Boots|[from] move: Trick
|-item|p1a: yeah boii|Leftovers|[from] move: Trick
|move|p2a: Sylveon|Wish|p2a: Sylveon
|
|upkeep
|turn|10
|
|move|p1a: yeah boii|Will-O-Wisp|p2a: Sylveon
|-status|p2a: Sylveon|brn
|move|p2a: Sylveon|Moonblast|p1a: yeah boii
|-damage|p1a: yeah boii|58/100
|-unboost|p1a: yeah boii|spa|1
|
|-heal|p2a: Sylveon|100/100 brn|[from] move: Wish|[wisher] Sylveon
|-heal|p1a: yeah boii|64/100|[from] item: Leftovers
|-damage|p2a: Sylveon|94/100 brn|[from] brn
|upkeep
|turn|11
|
|move|p1a: yeah boii|Volt Switch|p2a: Sylveon
|-damage|p2a: Sylveon|87/100 brn
|
|switch|p1a: cool laddy|Jirachi, shiny|100/100|[from]move: Volt Switch
|-damage|p1a: cool laddy|94/100|[from] Stealth Rock
|move|p2a: Sylveon|Moonblast|p1a: cool laddy
|-resisted|p1a: cool laddy
|-damage|p1a: cool laddy|80/100
|
|-damage|p2a: Sylveon|81/100 brn|[from] brn
|upkeep
|turn|12
|
|switch|p2a: Defensive|Dracovish|100/100
|-damage|p2a: Defensive|88/100|[from] Stealth Rock
|move|p1a: cool laddy|Trick|p2a: Defensive
|-activate|p1a: cool laddy|move: Trick|[of] p2a: Defensive
|-item|p2a: Defensive|Choice Scarf|[from] move: Trick
|-item|p1a: cool laddy|Protective Pads|[from] move: Trick
|
|upkeep
|turn|13
|
|switch|p1a: the chungus|Toxapex, M, shiny|100/100
|-damage|p1a: the chungus|88/100|[from] Stealth Rock
|move|p2a: Defensive|Fishious Rend|p1a: the chungus
|-resisted|p1a: the chungus
|-damage|p1a: the chungus|49/100
|
|-heal|p1a: the chungus|55/100|[from] item: Black Sludge
|upkeep
|turn|14
|
|switch|p2a: Rhyperior|Rhyperior, M|37/100
|-damage|p2a: Rhyperior|31/100|[from] Stealth Rock
|move|p1a: the chungus|Scald|p2a: Rhyperior
|-supereffective|p2a: Rhyperior
|-damage|p2a: Rhyperior|0 fnt
|faint|p2a: Rhyperior
|
|-heal|p1a: the chungus|61/100|[from] item: Black Sludge
|upkeep
|
|switch|p2a: Chandelure|Chandelure, F|100/100
|-damage|p2a: Chandelure|76/100|[from] Stealth Rock
|turn|15
|
|move|p1a: the chungus|Baneful Bunker|p1a: the chungus
|-singleturn|p1a: the chungus|move: Protect
|move|p2a: Chandelure|Shadow Ball|p1a: the chungus
|-activate|p1a: the chungus|move: Protect
|
|-heal|p1a: the chungus|67/100|[from] item: Black Sludge
|upkeep
|turn|16
|
|switch|p1a: irrationallty m8|Mandibuzz, F|100/100
|move|p2a: Chandelure|Shadow Ball|p1a: irrationallty m8
|-resisted|p1a: irrationallty m8
|-damage|p1a: irrationallty m8|76/100
|
|upkeep
|turn|17
|
|move|p2a: Chandelure|Shadow Ball|p1a: irrationallty m8
|-resisted|p1a: irrationallty m8
|-damage|p1a: irrationallty m8|52/100
|move|p1a: irrationallty m8|Roost|p1a: irrationallty m8
|-heal|p1a: irrationallty m8|100/100
|-singleturn|p1a: irrationallty m8|move: Roost
|
|upkeep
|turn|18
|
|switch|p2a: Mandibuzz|Mandibuzz, F|69/100
|-damage|p2a: Mandibuzz|44/100|[from] Stealth Rock
|move|p1a: irrationallty m8|Foul Play|p2a: Mandibuzz
|-resisted|p2a: Mandibuzz
|-damage|p2a: Mandibuzz|36/100
|
|upkeep
|turn|19
|
|move|p2a: Mandibuzz|Knock Off|p1a: irrationallty m8
|-resisted|p1a: irrationallty m8
|-damage|p1a: irrationallty m8|92/100
|-enditem|p1a: irrationallty m8|Heavy-Duty Boots|[from] move: Knock Off|[of] p2a: Mandibuzz
|move|p1a: irrationallty m8|Toxic|p2a: Mandibuzz
|-status|p2a: Mandibuzz|tox
|
|-damage|p2a: Mandibuzz|30/100 tox|[from] psn
|upkeep
|turn|20
|
|switch|p2a: Jirachi|Jirachi|100/100
|-damage|p2a: Jirachi|94/100|[from] Stealth Rock
|move|p1a: irrationallty m8|Defog|p2a: Jirachi
|-unboost|p2a: Jirachi|evasion|1
|-sideend|p2: thesky12321|Stealth Rock|[from] move: Defog|[of] p1a: irrationallty m8
|-sideend|p1: A|Stealth Rock|[from] move: Defog|[of] p1a: irrationallty m8
|
|upkeep
|turn|21
|
|move|p2a: Jirachi|Trick|p1a: irrationallty m8
|-activate|p2a: Jirachi|move: Trick|[of] p1a: irrationallty m8
|-item|p1a: irrationallty m8|Choice Scarf|[from] move: Trick
|-enditem|p2a: Jirachi|Choice Scarf|[silent]|[from] move: Trick
|move|p1a: irrationallty m8|Foul Play|p2a: Jirachi
|-supereffective|p2a: Jirachi
|-damage|p2a: Jirachi|13/100
|
|upkeep
|turn|22
|-message|thesky12321 forfeited.
|
|win|A
|l|☆thesky12321
|raw|A's rating: 1624 &rarr; <strong>1648</strong><br />(+24 for winning)
|raw|thesky12321's rating: 1700 &rarr; <strong>1676</strong><br />(-24 for losing)
|l| Azuksa
|j| smakuhita
|l| smakuhita
|j| hibijibi
|l| hibijibi
|j| laser火circus
