|j|☆outz clicker team
|j|☆BigL91
|player|p1|outz clicker team|blue-gen7|1477
|player|p2|BigL91|135|1491
|teamsize|p1|6
|teamsize|p2|6
|gametype|singles
|gen|8
|tier|[Gen 8] OU
|rated|
|clearpoke
|poke|p1|Dragapult, F|
|poke|p1|Bisharp, M|
|poke|p1|Shuckle, M|
|poke|p1|Ditto|
|poke|p1|Dracovish|
|poke|p1|Togekiss, M|
|poke|p2|Gengar, F|
|poke|p2|Clefable, F|
|poke|p2|Jirachi|
|poke|p2|Seismitoad, F|
|poke|p2|Corviknight, M|
|poke|p2|Hydreigon, F|
|rule|Sleep Clause Mod: Limit one foe put to sleep
|rule|Species Clause: Limit one of each Pokémon
|rule|OHKO Clause: OHKO moves are banned
|rule|Evasion Moves Clause: Evasion moves are banned
|rule|Endless Battle Clause: Forcing endless battles is banned
|rule|HP Percentage Mod: HP is shown in percentages
|rule|Dynamax Clause: You cannot dynamax
|teampreview
|
|start
|switch|p1a: Shuckle|Shuckle, M|100/100
|switch|p2a: Jirachi|Jirachi|100/100
|turn|1
|
|move|p2a: Jirachi|Iron Head|p1a: Shuckle
|-supereffective|p1a: Shuckle
|-damage|p1a: Shuckle|69/100
|cant|p1a: Shuckle|flinch
|
|upkeep
|turn|2
|
|move|p2a: Jirachi|Iron Head|p1a: Shuckle
|-supereffective|p1a: Shuckle
|-damage|p1a: Shuckle|39/100
|cant|p1a: Shuckle|flinch
|
|upkeep
|turn|3
|
|move|p2a: Jirachi|Iron Head|p1a: Shuckle
|-supereffective|p1a: Shuckle
|-damage|p1a: Shuckle|10/100
|cant|p1a: Shuckle|flinch
|
|upkeep
|turn|4
|
|switch|p1a: Dracovish|Dracovish|100/100
|move|p2a: Jirachi|Iron Head|p1a: Dracovish
|-resisted|p1a: Dracovish
|-damage|p1a: Dracovish|87/100
|
|upkeep
|turn|5
|
|switch|p2a: Seismitoad|Seismitoad, F|100/100
|move|p1a: Dracovish|Crunch|p2a: Seismitoad
|-damage|p2a: Seismitoad|63/100
|
|-heal|p2a: Seismitoad|69/100|[from] item: Leftovers
|upkeep
|turn|6
|
|move|p1a: Dracovish|Crunch|p2a: Seismitoad
|-damage|p2a: Seismitoad|33/100
|-unboost|p2a: Seismitoad|def|1
|move|p2a: Seismitoad|Stealth Rock|p1a: Dracovish
|-sidestart|p1: outz clicker team|move: Stealth Rock
|
|-heal|p2a: Seismitoad|39/100|[from] item: Leftovers
|upkeep
|turn|7
|j| Iyashikei
|
|switch|p2a: Clefable|Clefable, F|100/100
|move|p1a: Dracovish|Crunch|p2a: Clefable
|-resisted|p2a: Clefable
|-damage|p2a: Clefable|69/100
|
|-heal|p2a: Clefable|75/100|[from] item: Leftovers
|upkeep
|turn|8
|
|switch|p1a: Shuckle|Shuckle, M|10/100
|-damage|p1a: Shuckle|0 fnt|[from] Stealth Rock
|faint|p1a: Shuckle
|move|p2a: Clefable|Wish|p2a: Clefable
|
|-heal|p2a: Clefable|81/100|[from] item: Leftovers
|upkeep
|
|switch|p1a: Bisharp|Bisharp, M|100/100
|-damage|p1a: Bisharp|95/100|[from] Stealth Rock
|turn|9
|
|switch|p2a: Seismitoad|Seismitoad, F|39/100
|move|p1a: Bisharp|Swords Dance|p1a: Bisharp
|-boost|p1a: Bisharp|atk|2
|
|-heal|p2a: Seismitoad|86/100|[from] move: Wish|[wisher] Clefable
|-heal|p2a: Seismitoad|93/100|[from] item: Leftovers
|upkeep
|turn|10
|
|move|p1a: Bisharp|Knock Off|p2a: Seismitoad
|-damage|p2a: Seismitoad|0 fnt
|-enditem|p2a: Seismitoad|Leftovers|[from] move: Knock Off|[of] p1a: Bisharp
|-damage|p1a: Bisharp|85/100|[from] item: Life Orb
|faint|p2a: Seismitoad
|
|upkeep
|
|switch|p2a: Corviknight|Corviknight, M|100/100
|-ability|p2a: Corviknight|Pressure
|turn|11
|
|move|p1a: Bisharp|Knock Off|p2a: Corviknight
|-damage|p2a: Corviknight|0 fnt
|-enditem|p2a: Corviknight|Leftovers|[from] move: Knock Off|[of] p1a: Bisharp
|-damage|p1a: Bisharp|75/100|[from] item: Life Orb
|faint|p2a: Corviknight
|
|upkeep
|
|switch|p2a: Gengar|Gengar, F|100/100
|turn|12
|
|move|p1a: Bisharp|Sucker Punch||[still]
|-fail|p1a: Bisharp
|move|p2a: Gengar|Will-O-Wisp|p1a: Bisharp
|-status|p1a: Bisharp|brn
|
|-damage|p1a: Bisharp|69/100 brn|[from] brn
|upkeep
|turn|13
|
|move|p2a: Gengar|Substitute|p2a: Gengar
|-start|p2a: Gengar|Substitute
|-damage|p2a: Gengar|76/100
|move|p1a: Bisharp|Knock Off|p2a: Gengar
|-supereffective|p2a: Gengar
|-end|p2a: Gengar|Substitute
|-damage|p1a: Bisharp|59/100 brn|[from] item: Life Orb
|
|-heal|p2a: Gengar|82/100|[from] item: Leftovers
|-damage|p1a: Bisharp|53/100 brn|[from] brn
|upkeep
|turn|14
|
|switch|p1a: Dragapult|Dragapult, F|100/100
|-damage|p1a: Dragapult|88/100|[from] Stealth Rock
|move|p2a: Gengar|Substitute|p2a: Gengar
|-start|p2a: Gengar|Substitute
|-damage|p2a: Gengar|57/100
|
|-heal|p2a: Gengar|63/100|[from] item: Leftovers
|upkeep
|turn|15
|
|switch|p2a: Clefable|Clefable, F|81/100
|move|p1a: Dragapult|Shadow Ball|p2a: Clefable
|-damage|p2a: Clefable|45/100
|-unboost|p2a: Clefable|spd|1
|
|-heal|p2a: Clefable|51/100|[from] item: Leftovers
|upkeep
|turn|16
|
|switch|p2a: Hydreigon|Hydreigon, F|100/100
|move|p1a: Dragapult|Shadow Ball|p2a: Hydreigon
|-resisted|p2a: Hydreigon
|-damage|p2a: Hydreigon|72/100
|
|upkeep
|turn|17
|
|switch|p1a: Togekiss|Togekiss, M|100/100
|-damage|p1a: Togekiss|76/100|[from] Stealth Rock
|move|p2a: Hydreigon|Thunder Wave|p1a: Togekiss
|-status|p1a: Togekiss|par
|
|-heal|p1a: Togekiss|82/100 par|[from] item: Leftovers
|upkeep
|turn|18
|
|switch|p2a: Jirachi|Jirachi|100/100
|move|p1a: Togekiss|Thunder Wave|p2a: Jirachi
|-status|p2a: Jirachi|par
|
|-heal|p1a: Togekiss|88/100 par|[from] item: Leftovers
|upkeep
|turn|19
|
|switch|p1a: Bisharp|Bisharp, M|53/100 brn
|-damage|p1a: Bisharp|47/100 brn|[from] Stealth Rock
|move|p2a: Jirachi|Body Slam|p1a: Bisharp
|-resisted|p1a: Bisharp
|-damage|p1a: Bisharp|34/100 brn
|
|-damage|p1a: Bisharp|28/100 brn|[from] brn
|upkeep
|turn|20
|
|move|p1a: Bisharp|Knock Off|p2a: Jirachi
|-supereffective|p2a: Jirachi
|-damage|p2a: Jirachi|42/100 par
|-enditem|p2a: Jirachi|Leftovers|[from] move: Knock Off|[of] p1a: Bisharp
|-damage|p1a: Bisharp|18/100 brn|[from] item: Life Orb
|move|p2a: Jirachi|U-turn|p1a: Bisharp
|-damage|p1a: Bisharp|0 fnt
|faint|p1a: Bisharp
|
|switch|p2a: Hydreigon|Hydreigon, F|72/100|[from]move: U-turn
|
|upkeep
|
|switch|p1a: Ditto|Ditto|100/100
|-damage|p1a: Ditto|88/100|[from] Stealth Rock
|-transform|p1a: Ditto|p2a: Hydreigon|[from] ability: Imposter
|turn|21
|
|switch|p2a: Clefable|Clefable, F|51/100
|move|p1a: Ditto|Thunder Wave|p2a: Clefable
|-status|p2a: Clefable|par
|
|-heal|p2a: Clefable|57/100 par|[from] item: Leftovers
|upkeep
|turn|22
|
|switch|p1a: Togekiss|Togekiss, M|88/100 par
|-damage|p1a: Togekiss|63/100 par|[from] Stealth Rock
|move|p2a: Clefable|Wish|p2a: Clefable
|
|-heal|p1a: Togekiss|69/100 par|[from] item: Leftovers
|-heal|p2a: Clefable|63/100 par|[from] item: Leftovers
|upkeep
|turn|23
|
|switch|p2a: Jirachi|Jirachi|42/100 par
|move|p1a: Togekiss|Nasty Plot|p1a: Togekiss
|-boost|p1a: Togekiss|spa|2
|
|-heal|p2a: Jirachi|91/100 par|[from] move: Wish|[wisher] Clefable
|-heal|p1a: Togekiss|75/100 par|[from] item: Leftovers
|upkeep
|turn|24
|j| mould
|l|☆BigL91
|player|p2|
|inactive|Battle timer is ON: inactive players will automatically lose when time's up. (requested by outz clicker team)
|j|☆BigL91
|inactive|BigL91 reconnected and has 140 seconds left.
|player|p2|BigL91|135
|
|move|p2a: Jirachi|Iron Head|p1a: Togekiss
|-supereffective|p1a: Togekiss
|-damage|p1a: Togekiss|24/100 par
|cant|p1a: Togekiss|flinch
|
|-heal|p1a: Togekiss|30/100 par|[from] item: Leftovers
|upkeep
|turn|25
|
|move|p2a: Jirachi|Iron Head|p1a: Togekiss
|-supereffective|p1a: Togekiss
|-damage|p1a: Togekiss|0 fnt
|faint|p1a: Togekiss
|
|upkeep
|
|switch|p1a: Dracovish|Dracovish|87/100
|-damage|p1a: Dracovish|74/100|[from] Stealth Rock
|turn|26
|
|move|p1a: Dracovish|Fishious Rend|p2a: Jirachi
|-damage|p2a: Jirachi|0 fnt
|faint|p2a: Jirachi
|
|upkeep
|
|switch|p2a: Hydreigon|Hydreigon, F|72/100
|turn|27
|
|move|p2a: Hydreigon|Draco Meteor|p1a: Dracovish
|-supereffective|p1a: Dracovish
|-damage|p1a: Dracovish|0 fnt
|-unboost|p2a: Hydreigon|spa|2
|faint|p1a: Dracovish
|
|upkeep
|
|switch|p1a: Ditto|Ditto|88/100
|-damage|p1a: Ditto|76/100|[from] Stealth Rock
|-transform|p1a: Ditto|p2a: Hydreigon|[from] ability: Imposter
|turn|28
|
|switch|p2a: Clefable|Clefable, F|63/100 par
|move|p1a: Ditto|Draco Meteor|p2a: Clefable
|-immune|p2a: Clefable
|
|-heal|p2a: Clefable|69/100 par|[from] item: Leftovers
|upkeep
|turn|29
|l| Iyashikei
|
|switch|p1a: Dragapult|Dragapult, F|88/100
|-damage|p1a: Dragapult|76/100|[from] Stealth Rock
|move|p2a: Clefable|Moonblast|p1a: Dragapult
|-supereffective|p1a: Dragapult
|-damage|p1a: Dragapult|0 fnt
|faint|p1a: Dragapult
|
|-heal|p2a: Clefable|75/100 par|[from] item: Leftovers
|upkeep
|
|switch|p1a: Ditto|Ditto|76/100
|-damage|p1a: Ditto|63/100|[from] Stealth Rock
|-transform|p1a: Ditto|p2a: Clefable|[from] ability: Imposter
|turn|30
|
|cant|p2a: Clefable|par
|move|p1a: Ditto|Moonblast|p2a: Clefable
|-damage|p2a: Clefable|53/100 par
|
|-heal|p2a: Clefable|59/100 par|[from] item: Leftovers
|upkeep
|turn|31
|inactive|outz clicker team has 120 seconds left.
|
|move|p2a: Clefable|Protect|p2a: Clefable
|-singleturn|p2a: Clefable|Protect
|move|p1a: Ditto|Moonblast|p2a: Clefable
|-activate|p2a: Clefable|move: Protect
|
|-heal|p2a: Clefable|65/100 par|[from] item: Leftovers
|upkeep
|turn|32
|
|move|p1a: Ditto|Moonblast|p2a: Clefable
|-damage|p2a: Clefable|44/100 par
|move|p2a: Clefable|Wish|p2a: Clefable
|
|-heal|p2a: Clefable|50/100 par|[from] item: Leftovers
|upkeep
|turn|33
|inactive|outz clicker team has 120 seconds left.
|-message|outz clicker team forfeited.
|
|win|BigL91
|l|☆outz clicker team
|l|☆BigL91
|raw|outz clicker team's rating: 1461 &rarr; <strong>1443</strong><br />(-18 for losing)
|raw|BigL91's rating: 1491 &rarr; <strong>1509</strong><br />(+18 for winning)
