|j|☆ppduck69
|j|☆Kikoobuster
|t:|1662431092
|gametype|singles
|player|p1|ppduck69|wattson|1388
|player|p2|Kikoobuster|266|1432
|teamsize|p1|6
|teamsize|p2|6
|gen|8
|tier|[Gen 8] OU
|rated|
|rule|Sleep Clause Mod: Limit one foe put to sleep
|rule|Species Clause: Limit one of each Pokémon
|rule|OHKO Clause: OHKO moves are banned
|rule|Evasion Items Clause: Evasion items are banned
|rule|Evasion Moves Clause: Evasion moves are banned
|rule|Endless Battle Clause: Forcing endless battles is banned
|rule|HP Percentage Mod: HP is shown in percentages
|rule|Dynamax Clause: You cannot dynamax
|clearpoke
|poke|p1|Tapu Lele|
|poke|p1|Dragapult, M|
|poke|p1|Ditto|
|poke|p1|Magnezone|
|poke|p1|Landorus-Therian, M|
|poke|p1|Blissey, F|
|poke|p2|Lycanroc-Dusk, F|
|poke|p2|Excadrill, F|
|poke|p2|Hawlucha, F|
|poke|p2|Azumarill, F|
|poke|p2|Zeraora|
|poke|p2|Rillaboom, F|
|teampreview
|inactive|Battle timer is ON: inactive players will automatically lose when time's up. (requested by Kikoobuster)
|
|t:|1662431103
|start
|switch|p1a: Landorus|Landorus-Therian, M|100/100
|switch|p2a: Lycanroc|Lycanroc-Dusk, F|100/100
|-ability|p1a: Landorus|Intimidate|boost
|-unboost|p2a: Lycanroc|atk|1
|turn|1
|
|t:|1662431111
|move|p2a: Lycanroc|Stealth Rock|p1a: Landorus
|-sidestart|p1: ppduck69|move: Stealth Rock
|move|p1a: Landorus|Stealth Rock|p2a: Lycanroc
|-sidestart|p2: Kikoobuster|move: Stealth Rock
|
|upkeep
|turn|2
|
|t:|1662431116
|move|p2a: Lycanroc|Taunt|p1a: Landorus
|-start|p1a: Landorus|move: Taunt
|move|p1a: Landorus|U-turn|p2a: Lycanroc
|-damage|p2a: Lycanroc|59/100
|
|t:|1662431120
|switch|p1a: Dragapult|Dragapult, M|100/100|[from]move: U-turn
|-damage|p1a: Dragapult|88/100|[from] Stealth Rock
|
|upkeep
|turn|3
|
|t:|1662431125
|move|p2a: Lycanroc|Accelerock|p1a: Dragapult
|-damage|p1a: Dragapult|63/100
|move|p1a: Dragapult|U-turn|p2a: Lycanroc
|-damage|p2a: Lycanroc|0 fnt
|faint|p2a: Lycanroc
|
|t:|1662431133
|switch|p1a: Landorus|Landorus-Therian, M|100/100|[from]move: U-turn
|-damage|p1a: Landorus|88/100|[from] Stealth Rock
|
|-heal|p1a: Landorus|94/100|[from] item: Leftovers
|upkeep
|
|t:|1662431140
|switch|p2a: Rillaboom|Rillaboom, F|100/100
|-damage|p2a: Rillaboom|88/100|[from] Stealth Rock
|-fieldstart|move: Grassy Terrain|[from] ability: Grassy Surge|[of] p2a: Rillaboom
|turn|4
|
|t:|1662431147
|move|p2a: Rillaboom|High Horsepower|p1a: Landorus
|-immune|p1a: Landorus
|move|p1a: Landorus|Defog|p2a: Rillaboom
|-unboost|p2a: Rillaboom|evasion|1
|-sideend|p2: Kikoobuster|Stealth Rock|[from] move: Defog|[of] p1a: Landorus
|-sideend|p1: ppduck69|Stealth Rock|[from] move: Defog|[of] p1a: Landorus
|-fieldend|move: Grassy Terrain
|
|-heal|p1a: Landorus|99/100|[from] item: Leftovers
|upkeep
|turn|5
|
|t:|1662431152
|switch|p2a: Azumarill|Azumarill, F|100/100
|move|p1a: Landorus|Stealth Rock|p2a: Azumarill
|-sidestart|p2: Kikoobuster|move: Stealth Rock
|
|-heal|p1a: Landorus|100/100|[from] item: Leftovers
|upkeep
|turn|6
|
|t:|1662431160
|move|p1a: Landorus|U-turn|p2a: Azumarill
|-resisted|p2a: Azumarill
|-damage|p2a: Azumarill|87/100
|
|t:|1662431163
|switch|p1a: Magnezone|Magnezone, shiny|100/100|[from]move: U-turn
|move|p2a: Azumarill|Knock Off|p1a: Magnezone
|-damage|p1a: Magnezone|72/100
|-enditem|p1a: Magnezone|Leftovers|[from] move: Knock Off|[of] p2a: Azumarill
|
|upkeep
|turn|7
|
|t:|1662431168
|switch|p2a: Excadrill|Excadrill, F, shiny|100/100
|-damage|p2a: Excadrill|97/100|[from] Stealth Rock
|-ability|p2a: Excadrill|Mold Breaker
|move|p1a: Magnezone|Thunderbolt|p2a: Excadrill
|-immune|p2a: Excadrill
|
|upkeep
|turn|8
|
|t:|1662431171
|move|p2a: Excadrill|Rapid Spin|p1a: Magnezone
|-resisted|p1a: Magnezone
|-damage|p1a: Magnezone|66/100
|-boost|p2a: Excadrill|spe|1
|-sideend|p2: Kikoobuster|Stealth Rock|[from] move: Rapid Spin|[of] p2a: Excadrill
|move|p1a: Magnezone|Body Press|p2a: Excadrill
|-supereffective|p2a: Excadrill
|-damage|p2a: Excadrill|12/100
|
|upkeep
|turn|9
|
|t:|1662431179
|switch|p1a: Landorus|Landorus-Therian, M|100/100
|-ability|p1a: Landorus|Intimidate|boost
|-unboost|p2a: Excadrill|atk|1
|move|p2a: Excadrill|Iron Head|p1a: Landorus
|-damage|p1a: Landorus|80/100
|
|-heal|p1a: Landorus|86/100|[from] item: Leftovers
|upkeep
|turn|10
|
|t:|1662431188
|move|p2a: Excadrill|Iron Head|p1a: Landorus
|-damage|p1a: Landorus|64/100
|move|p1a: Landorus|Earthquake|p2a: Excadrill
|-supereffective|p2a: Excadrill
|-damage|p2a: Excadrill|0 fnt
|faint|p2a: Excadrill
|
|-heal|p1a: Landorus|70/100|[from] item: Leftovers
|upkeep
|
|t:|1662431193
|switch|p2a: Rillaboom|Rillaboom, F|88/100
|-fieldstart|move: Grassy Terrain|[from] ability: Grassy Surge|[of] p2a: Rillaboom
|turn|11
|
|t:|1662431198
|move|p2a: Rillaboom|Grassy Glide|p1a: Landorus
|-damage|p1a: Landorus|10/100
|move|p1a: Landorus|U-turn|p2a: Rillaboom
|-supereffective|p2a: Rillaboom
|-damage|p2a: Rillaboom|37/100
|
|t:|1662431204
|switch|p1a: Dragapult|Dragapult, M|63/100|[from]move: U-turn
|
|-heal|p1a: Dragapult|69/100|[from] Grassy Terrain
|-heal|p2a: Rillaboom|43/100|[from] Grassy Terrain
|upkeep
|turn|12
|
|t:|1662431207
|switch|p2a: Azumarill|Azumarill, F|87/100
|move|p1a: Dragapult|U-turn|p2a: Azumarill
|-resisted|p2a: Azumarill
|-damage|p2a: Azumarill|66/100
|
|t:|1662431213
|switch|p1a: Tapu Lele|Tapu Lele, shiny|100/100|[from]move: U-turn
|-fieldstart|move: Psychic Terrain|[from] ability: Psychic Surge|[of] p1a: Tapu Lele
|
|upkeep
|turn|13
|
|t:|1662431218
|move|p1a: Tapu Lele|Psychic|p2a: Azumarill
|-damage|p2a: Azumarill|0 fnt
|faint|p2a: Azumarill
|
|upkeep
|
|t:|1662431223
|switch|p2a: Rillaboom|Rillaboom, F|43/100
|-fieldstart|move: Grassy Terrain|[from] ability: Grassy Surge|[of] p2a: Rillaboom
|turn|14
|
|t:|1662431231
|move|p1a: Tapu Lele|Psychic|p2a: Rillaboom
|-damage|p2a: Rillaboom|0 fnt
|faint|p2a: Rillaboom
|
|upkeep
|
|t:|1662431234
|switch|p2a: Hawlucha|Hawlucha, F|100/100
|-enditem|p2a: Hawlucha|Grassy Seed
|-boost|p2a: Hawlucha|def|1|[from] item: Grassy Seed
|turn|15
|
|t:|1662431238
|move|p2a: Hawlucha|Acrobatics|p1a: Tapu Lele
|-damage|p1a: Tapu Lele|23/100
|move|p1a: Tapu Lele|Psychic|p2a: Hawlucha
|-supereffective|p2a: Hawlucha
|-damage|p2a: Hawlucha|0 fnt
|faint|p2a: Hawlucha
|
|-heal|p1a: Tapu Lele|29/100|[from] Grassy Terrain
|upkeep
|
|t:|1662431241
|switch|p2a: Zeraora|Zeraora|100/100
|turn|16
|
|t:|1662431250
|switch|p1a: fhanks|Ditto, shiny|100/100
|-transform|p1a: fhanks|p2a: Zeraora|[from] ability: Imposter
|move|p2a: Zeraora|Plasma Fists|p1a: fhanks
|-immune|p1a: fhanks|[from] ability: Volt Absorb
|
|upkeep
|turn|17
|
|t:|1662431260
|move|p1a: fhanks|Play Rough|p2a: Zeraora
|-damage|p2a: Zeraora|62/100
|move|p2a: Zeraora|Play Rough|p1a: fhanks|[miss]
|-miss|p2a: Zeraora|p1a: fhanks
|
|-heal|p2a: Zeraora|68/100|[from] Grassy Terrain
|-heal|p2a: Zeraora|74/100|[from] item: Leftovers
|upkeep
|turn|18
|
|t:|1662431266
|move|p1a: fhanks|Play Rough|p2a: Zeraora
|-damage|p2a: Zeraora|32/100
|move|p2a: Zeraora|Close Combat|p1a: fhanks
|-damage|p1a: fhanks|44/100
|-unboost|p2a: Zeraora|def|1
|-unboost|p2a: Zeraora|spd|1
|
|-heal|p1a: fhanks|50/100|[from] Grassy Terrain
|-heal|p2a: Zeraora|38/100|[from] Grassy Terrain
|-heal|p2a: Zeraora|44/100|[from] item: Leftovers
|-fieldend|move: Grassy Terrain
|upkeep
|turn|19
|
|t:|1662431272
|move|p1a: fhanks|Play Rough|p2a: Zeraora
|-damage|p2a: Zeraora|0 fnt
|faint|p2a: Zeraora
|
|win|ppduck69
|raw|ppduck69's rating: 1388 &rarr; <strong>1411</strong><br />(+23 for winning)
|raw|Kikoobuster's rating: 1432 &rarr; <strong>1409</strong><br />(-23 for losing)
|l|☆Kikoobuster
