|j|☆court changed
|j|☆early_human
|player|p1|court changed|170|1740
|player|p2|early_human|1|1669
|teamsize|p1|6
|teamsize|p2|6
|gametype|singles
|gen|8
|tier|[Gen 8] OU
|rated|
|clearpoke
|poke|p1|Gigalith, M|
|poke|p1|Excadrill, F|
|poke|p1|Dragapult, F|
|poke|p1|Dracovish|
|poke|p1|Cloyster, M|
|poke|p1|Zeraora|
|poke|p2|Grimmsnarl, M|
|poke|p2|Aegislash, M|
|poke|p2|Kommo-o, M|
|poke|p2|Diggersby, M|
|poke|p2|Dragapult, F|
|poke|p2|Hydreigon, M|
|rule|Sleep Clause Mod: Limit one foe put to sleep
|rule|Species Clause: Limit one of each Pokémon
|rule|OHKO Clause: OHKO moves are banned
|rule|Evasion Moves Clause: Evasion moves are banned
|rule|Endless Battle Clause: Forcing endless battles is banned
|rule|HP Percentage Mod: HP is shown in percentages
|rule|Dynamax Clause: You cannot dynamax
|teampreview
|inactive|Battle timer is ON: inactive players will automatically lose when time's up. (requested by court changed)
|
|start
|switch|p1a: Gigalith|Gigalith, M, shiny|100/100
|switch|p2a: Diggersby|Diggersby, M|100/100
|-weather|Sandstorm|[from] ability: Sand Stream|[of] p1a: Gigalith
|turn|1
|
|move|p2a: Diggersby|Earthquake|p1a: Gigalith
|-supereffective|p1a: Gigalith
|-enditem|p1a: Gigalith|Focus Sash
|-damage|p1a: Gigalith|1/100
|-damage|p2a: Diggersby|91/100|[from] item: Life Orb
|move|p1a: Gigalith|Gravity|p1a: Gigalith
|-fieldstart|move: Gravity
|
|-weather|Sandstorm|[upkeep]
|upkeep
|turn|2
|
|move|p2a: Diggersby|Spikes|p1a: Gigalith
|-sidestart|p1: court changed|Spikes
|move|p1a: Gigalith|Explosion|p2a: Diggersby
|-damage|p2a: Diggersby|0 fnt
|faint|p1a: Gigalith
|faint|p2a: Diggersby
|
|-weather|Sandstorm|[upkeep]
|upkeep
|
|switch|p2a: Kommo-o|Kommo-o, M|100/100
|switch|p1a: Excadrill|Excadrill, F|100/100
|-damage|p1a: Excadrill|88/100|[from] Spikes
|turn|3
|
|switch|p2a: Aegislash|Aegislash, M|100/100
|move|p1a: Excadrill|Earthquake|p2a: Aegislash
|-supereffective|p2a: Aegislash
|-damage|p2a: Aegislash|0 fnt
|faint|p2a: Aegislash
|
|-weather|Sandstorm|[upkeep]
|upkeep
|
|switch|p2a: Dragapult|Dragapult, F|100/100
|turn|4
|
|move|p2a: Dragapult|Fire Blast|p1a: Excadrill
|-supereffective|p1a: Excadrill
|-damage|p1a: Excadrill|0 fnt
|faint|p1a: Excadrill
|
|-weather|Sandstorm|[upkeep]
|-damage|p2a: Dragapult|95/100|[from] Sandstorm
|upkeep
|
|switch|p1a: Cloyster|Cloyster, M, shiny|100/100
|-damage|p1a: Cloyster|88/100|[from] Spikes
|turn|5
|
|switch|p2a: Grimmsnarl|Grimmsnarl, M|100/100
|move|p1a: Cloyster|Shell Smash|p1a: Cloyster
|-unboost|p1a: Cloyster|def|1
|-unboost|p1a: Cloyster|spd|1
|-boost|p1a: Cloyster|atk|2
|-boost|p1a: Cloyster|spa|2
|-boost|p1a: Cloyster|spe|2
|
|-weather|none
|-fieldend|move: Gravity
|upkeep
|turn|6
|
|move|p2a: Grimmsnarl|Thunder Wave|p1a: Cloyster|[miss]
|-miss|p2a: Grimmsnarl|p1a: Cloyster
|move|p1a: Cloyster|Icicle Spear|p2a: Grimmsnarl
|-damage|p2a: Grimmsnarl|74/100
|-damage|p2a: Grimmsnarl|48/100
|-damage|p2a: Grimmsnarl|19/100
|-damage|p2a: Grimmsnarl|0 fnt
|-hitcount|p2a: Grimmsnarl|4
|faint|p2a: Grimmsnarl
|
|upkeep
|-message|early_human forfeited.
|
|win|court changed
|l|☆early_human
