|raw|<div class="broadcast-blue"><strong>This battle is required to be public due to a player having a name starting with 'lt93oq'.</div>
|j|☆Plasmeek
|j|☆LT93OQ Lio
|t:|1661009551
|gametype|singles
|player|p1|Plasmeek|youngster-gen4dp|1892
|player|p2|LT93OQ Lio|102|1886
|teamsize|p1|6
|teamsize|p2|6
|gen|8
|tier|[Gen 8] OU
|rated|
|rule|Sleep Clause Mod: Limit one foe put to sleep
|rule|Species Clause: Limit one of each Pokémon
|rule|OHKO Clause: OHKO moves are banned
|rule|Evasion Items Clause: Evasion items are banned
|rule|Evasion Moves Clause: Evasion moves are banned
|rule|Endless Battle Clause: Forcing endless battles is banned
|rule|HP Percentage Mod: HP is shown in percentages
|rule|Dynamax Clause: You cannot dynamax
|clearpoke
|poke|p1|Victini|
|poke|p1|Zapdos|
|poke|p1|Tapu Fini|
|poke|p1|Ferrothorn, M|
|poke|p1|Dragapult, M|
|poke|p1|Landorus-Therian, M|
|poke|p2|Tyranitar, F|
|poke|p2|Excadrill, F|
|poke|p2|Tapu Lele|
|poke|p2|Pelipper, M|
|poke|p2|Barraskewda, F|
|poke|p2|Ferrothorn, F|
|teampreview
|
|t:|1661009564
|start
|switch|p1a: Tapu Fini|Tapu Fini|100/100
|switch|p2a: Pelipper|Pelipper, M|100/100
|-fieldstart|move: Misty Terrain|[from] ability: Misty Surge|[of] p1a: Tapu Fini
|-weather|RainDance|[from] ability: Drizzle|[of] p2a: Pelipper
|turn|1
|
|t:|1661009571
|switch|p2a: Ferrothorn|Ferrothorn, F|100/100
|move|p1a: Tapu Fini|Moonblast|p2a: Ferrothorn
|-resisted|p2a: Ferrothorn
|-damage|p2a: Ferrothorn|88/100
|-unboost|p2a: Ferrothorn|spa|1
|
|-weather|RainDance|[upkeep]
|-heal|p2a: Ferrothorn|94/100|[from] item: Leftovers
|upkeep
|turn|2
|
|t:|1661009580
|switch|p1a: Ferrothorn|Ferrothorn, M|100/100
|move|p2a: Ferrothorn|Knock Off|p1a: Ferrothorn
|-damage|p1a: Ferrothorn|84/100
|-damage|p2a: Ferrothorn|81/100|[from] ability: Iron Barbs|[of] p1a: Ferrothorn
|-enditem|p1a: Ferrothorn|Leftovers|[from] move: Knock Off|[of] p2a: Ferrothorn
|
|-weather|RainDance|[upkeep]
|-heal|p2a: Ferrothorn|88/100|[from] item: Leftovers
|upkeep
|turn|3
|
|t:|1661009583
|move|p2a: Ferrothorn|Body Press|p1a: Ferrothorn
|-supereffective|p1a: Ferrothorn
|-damage|p1a: Ferrothorn|36/100
|-damage|p2a: Ferrothorn|75/100|[from] ability: Iron Barbs|[of] p1a: Ferrothorn
|move|p1a: Ferrothorn|Spikes|p2a: Ferrothorn
|-sidestart|p2: LT93OQ Lio|Spikes
|
|-weather|RainDance|[upkeep]
|-heal|p2a: Ferrothorn|81/100|[from] item: Leftovers
|upkeep
|turn|4
|
|t:|1661009588
|switch|p1a: Zapdos|Zapdos|100/100
|move|p2a: Ferrothorn|Body Press|p1a: Zapdos
|-resisted|p1a: Zapdos
|-damage|p1a: Zapdos|86/100
|
|-weather|RainDance|[upkeep]
|-heal|p2a: Ferrothorn|88/100|[from] item: Leftovers
|upkeep
|turn|5
|
|t:|1661009591
|switch|p2a: Tyranitar|Tyranitar, F|100/100
|-damage|p2a: Tyranitar|88/100|[from] Spikes
|-weather|Sandstorm|[from] ability: Sand Stream|[of] p2a: Tyranitar
|move|p1a: Zapdos|Volt Switch|p2a: Tyranitar
|-damage|p2a: Tyranitar|74/100
|
|t:|1661009596
|switch|p1a: Landorus|Landorus-Therian, M|100/100|[from]move: Volt Switch
|-ability|p1a: Landorus|Intimidate|boost
|-unboost|p2a: Tyranitar|atk|1
|
|-weather|Sandstorm|[upkeep]
|-heal|p2a: Tyranitar|80/100|[from] item: Leftovers
|-fieldend|Misty Terrain
|upkeep
|turn|6
|
|t:|1661009601
|switch|p2a: Pelipper|Pelipper, M|100/100
|-weather|RainDance|[from] ability: Drizzle|[of] p2a: Pelipper
|move|p1a: Landorus|U-turn|p2a: Pelipper
|-resisted|p2a: Pelipper
|-damage|p2a: Pelipper|87/100
|
|t:|1661009605
|switch|p1a: Dragapult|Dragapult, M|100/100|[from]move: U-turn
|
|-weather|RainDance|[upkeep]
|upkeep
|turn|7
|
|t:|1661009610
|switch|p2a: Tyranitar|Tyranitar, F|80/100
|-damage|p2a: Tyranitar|68/100|[from] Spikes
|-weather|Sandstorm|[from] ability: Sand Stream|[of] p2a: Tyranitar
|move|p1a: Dragapult|Draco Meteor|p2a: Tyranitar
|-damage|p2a: Tyranitar|31/100
|-unboost|p1a: Dragapult|spa|2
|
|-weather|Sandstorm|[upkeep]
|-damage|p1a: Dragapult|95/100|[from] Sandstorm
|-heal|p2a: Tyranitar|37/100|[from] item: Leftovers
|upkeep
|turn|8
|
|t:|1661009613
|switch|p1a: Landorus|Landorus-Therian, M|100/100
|-ability|p1a: Landorus|Intimidate|boost
|-unboost|p2a: Tyranitar|atk|1
|move|p2a: Tyranitar|Stealth Rock|p1a: Landorus
|-sidestart|p1: Plasmeek|move: Stealth Rock
|
|-weather|Sandstorm|[upkeep]
|-heal|p2a: Tyranitar|44/100|[from] item: Leftovers
|upkeep
|turn|9
|
|t:|1661009616
|switch|p2a: Pelipper|Pelipper, M|87/100
|-weather|RainDance|[from] ability: Drizzle|[of] p2a: Pelipper
|move|p1a: Landorus|U-turn|p2a: Pelipper
|-resisted|p2a: Pelipper
|-damage|p2a: Pelipper|74/100
|
|t:|1661009620
|switch|p1a: Victini|Victini|100/100|[from]move: U-turn
|
|-weather|RainDance|[upkeep]
|upkeep
|turn|10
|j| LT93OQ Harshal
|
|t:|1661009636
|switch|p2a: Tapu Lele|Tapu Lele|100/100
|-damage|p2a: Tapu Lele|88/100|[from] Spikes
|-fieldstart|move: Psychic Terrain|[from] ability: Psychic Surge|[of] p2a: Tapu Lele
|move|p1a: Victini|Bolt Strike|p2a: Tapu Lele
|-damage|p2a: Tapu Lele|33/100
|
|-weather|RainDance|[upkeep]
|upkeep
|turn|11
|
|t:|1661009643
|move|p1a: Victini|U-turn|p2a: Tapu Lele
|-damage|p2a: Tapu Lele|2/100
|j| reddit randy
|
|t:|1661009659
|switch|p1a: Landorus|Landorus-Therian, M|100/100|[from]move: U-turn
|-damage|p1a: Landorus|88/100|[from] Stealth Rock
|-ability|p1a: Landorus|Intimidate|boost
|-unboost|p2a: Tapu Lele|atk|1
|move|p2a: Tapu Lele|Psychic|p1a: Landorus
|-damage|p1a: Landorus|15/100
|-unboost|p1a: Landorus|spd|1
|
|-weather|RainDance|[upkeep]
|-heal|p1a: Landorus|21/100|[from] item: Leftovers
|upkeep
|turn|12
|
|t:|1661009663
|switch|p1a: Victini|Victini|100/100
|move|p2a: Tapu Lele|Psychic|p1a: Victini
|-resisted|p1a: Victini
|-damage|p1a: Victini|53/100
|
|-weather|RainDance|[upkeep]
|upkeep
|turn|13
|
|t:|1661009670
|move|p1a: Victini|U-turn|p2a: Tapu Lele
|-damage|p2a: Tapu Lele|0 fnt
|faint|p2a: Tapu Lele
|
|t:|1661009677
|switch|p1a: Tapu Fini|Tapu Fini|100/100|[from]move: U-turn
|-damage|p1a: Tapu Fini|88/100|[from] Stealth Rock
|-fieldstart|move: Misty Terrain|[from] ability: Misty Surge|[of] p1a: Tapu Fini
|
|-weather|none
|upkeep
|
|t:|1661009683
|switch|p2a: Ferrothorn|Ferrothorn, F|88/100
|-damage|p2a: Ferrothorn|75/100|[from] Spikes
|turn|14
|
|t:|1661009687
|move|p1a: Tapu Fini|Trick|p2a: Ferrothorn
|-activate|p1a: Tapu Fini|move: Trick|[of] p2a: Ferrothorn
|-item|p2a: Ferrothorn|Choice Scarf|[from] move: Trick
|-item|p1a: Tapu Fini|Leftovers|[from] move: Trick
|move|p2a: Ferrothorn|Knock Off|p1a: Tapu Fini
|-resisted|p1a: Tapu Fini
|-damage|p1a: Tapu Fini|80/100
|-enditem|p1a: Tapu Fini|Leftovers|[from] move: Knock Off|[of] p2a: Ferrothorn
|
|upkeep
|turn|15
|
|t:|1661009697
|move|p1a: Tapu Fini|Moonblast|p2a: Ferrothorn
|-resisted|p2a: Ferrothorn
|-damage|p2a: Ferrothorn|63/100
|move|p2a: Ferrothorn|Knock Off|p1a: Tapu Fini
|-resisted|p1a: Tapu Fini
|-damage|p1a: Tapu Fini|74/100
|
|upkeep
|turn|16
|j| LT93OQ SERPI
|j| chokst du
|
|t:|1661009702
|move|p1a: Tapu Fini|Moonblast|p2a: Ferrothorn
|-resisted|p2a: Ferrothorn
|-damage|p2a: Ferrothorn|50/100
|move|p2a: Ferrothorn|Knock Off|p1a: Tapu Fini
|-resisted|p1a: Tapu Fini
|-damage|p1a: Tapu Fini|69/100
|
|upkeep
|turn|17
|
|t:|1661009705
|move|p1a: Tapu Fini|Moonblast|p2a: Ferrothorn
|-resisted|p2a: Ferrothorn
|-damage|p2a: Ferrothorn|36/100
|move|p2a: Ferrothorn|Knock Off|p1a: Tapu Fini
|-resisted|p1a: Tapu Fini
|-damage|p1a: Tapu Fini|62/100
|
|-fieldend|Misty Terrain
|upkeep
|turn|18
|
|t:|1661009707
|move|p1a: Tapu Fini|Scald|p2a: Ferrothorn
|-resisted|p2a: Ferrothorn
|-damage|p2a: Ferrothorn|25/100
|move|p2a: Ferrothorn|Knock Off|p1a: Tapu Fini
|-resisted|p1a: Tapu Fini
|-damage|p1a: Tapu Fini|56/100
|
|upkeep
|turn|19
|
|t:|1661009709
|move|p1a: Tapu Fini|Scald|p2a: Ferrothorn
|-resisted|p2a: Ferrothorn
|-damage|p2a: Ferrothorn|14/100
|move|p2a: Ferrothorn|Knock Off|p1a: Tapu Fini
|-resisted|p1a: Tapu Fini
|-damage|p1a: Tapu Fini|50/100
|
|upkeep
|turn|20
|
|t:|1661009719
|move|p1a: Tapu Fini|Scald|p2a: Ferrothorn
|-resisted|p2a: Ferrothorn
|-damage|p2a: Ferrothorn|4/100
|move|p2a: Ferrothorn|Knock Off|p1a: Tapu Fini
|-resisted|p1a: Tapu Fini
|-damage|p1a: Tapu Fini|44/100
|
|upkeep
|turn|21
|
|t:|1661009721
|move|p1a: Tapu Fini|Moonblast|p2a: Ferrothorn
|-resisted|p2a: Ferrothorn
|-damage|p2a: Ferrothorn|0 fnt
|faint|p2a: Ferrothorn
|
|upkeep
|
|t:|1661009723
|switch|p2a: Pelipper|Pelipper, M|74/100
|-weather|RainDance|[from] ability: Drizzle|[of] p2a: Pelipper
|turn|22
|
|t:|1661009726
|move|p1a: Tapu Fini|Moonblast|p2a: Pelipper
|-damage|p2a: Pelipper|17/100
|-unboost|p2a: Pelipper|spa|1
|move|p2a: Pelipper|Surf|p1a: Tapu Fini
|-resisted|p1a: Tapu Fini
|-crit|p1a: Tapu Fini
|-damage|p1a: Tapu Fini|0 fnt
|faint|p1a: Tapu Fini
|
|-weather|RainDance|[upkeep]
|upkeep
|
|t:|1661009735
|switch|p1a: Dragapult|Dragapult, M|95/100
|-damage|p1a: Dragapult|82/100|[from] Stealth Rock
|turn|23
|
|t:|1661009749
|move|p1a: Dragapult|Shadow Ball|p2a: Pelipper
|-damage|p2a: Pelipper|0 fnt
|faint|p2a: Pelipper
|
|-weather|RainDance|[upkeep]
|upkeep
|
|t:|1661009751
|switch|p2a: Barraskewda|Barraskewda, F|100/100
|-damage|p2a: Barraskewda|88/100|[from] Spikes
|turn|24
|
|t:|1661009760
|move|p2a: Barraskewda|Flip Turn|p1a: Dragapult
|-resisted|p1a: Dragapult
|-damage|p1a: Dragapult|35/100
|
|t:|1661009763
|switch|p2a: Tyranitar|Tyranitar, F|44/100|[from]move: Flip Turn
|-damage|p2a: Tyranitar|31/100|[from] Spikes
|-weather|Sandstorm|[from] ability: Sand Stream|[of] p2a: Tyranitar
|move|p1a: Dragapult|Shadow Ball|p2a: Tyranitar
|-resisted|p2a: Tyranitar
|-damage|p2a: Tyranitar|21/100
|
|-weather|Sandstorm|[upkeep]
|-damage|p1a: Dragapult|29/100|[from] Sandstorm
|-heal|p2a: Tyranitar|27/100|[from] item: Leftovers
|upkeep
|turn|25
|
|t:|1661009774
|switch|p1a: Landorus|Landorus-Therian, M|21/100
|-damage|p1a: Landorus|8/100|[from] Stealth Rock
|-ability|p1a: Landorus|Intimidate|boost
|-unboost|p2a: Tyranitar|atk|1
|move|p2a: Tyranitar|Rock Blast|p1a: Landorus
|-damage|p1a: Landorus|1/100
|-damage|p1a: Landorus|0 fnt
|faint|p1a: Landorus
|-hitcount|p1: Landorus|2
|
|-weather|Sandstorm|[upkeep]
|-heal|p2a: Tyranitar|33/100|[from] item: Leftovers
|upkeep
|
|t:|1661009777
|switch|p1a: Victini|Victini|53/100
|turn|26
|
|t:|1661009791
|switch|p2a: Barraskewda|Barraskewda, F|88/100
|-damage|p2a: Barraskewda|76/100|[from] Spikes
|move|p1a: Victini|U-turn|p2a: Barraskewda
|-damage|p2a: Barraskewda|34/100
|
|t:|1661009794
|switch|p1a: Dragapult|Dragapult, M|29/100|[from]move: U-turn
|-damage|p1a: Dragapult|17/100|[from] Stealth Rock
|
|-weather|Sandstorm|[upkeep]
|-damage|p1a: Dragapult|11/100|[from] Sandstorm
|-damage|p2a: Barraskewda|28/100|[from] Sandstorm
|upkeep
|turn|27
|
|t:|1661009804
|move|p1a: Dragapult|Shadow Ball|p2a: Barraskewda
|-crit|p2a: Barraskewda
|-damage|p2a: Barraskewda|0 fnt
|faint|p2a: Barraskewda
|
|-weather|Sandstorm|[upkeep]
|-damage|p1a: Dragapult|5/100|[from] Sandstorm
|upkeep
|
|t:|1661009805
|switch|p2a: Excadrill|Excadrill, F|100/100
|-damage|p2a: Excadrill|88/100|[from] Spikes
|turn|28
|
|t:|1661009833
|move|p2a: Excadrill|Earthquake|p1a: Dragapult
|-damage|p1a: Dragapult|0 fnt
|faint|p1a: Dragapult
|
|-weather|none
|-heal|p2a: Excadrill|94/100|[from] item: Leftovers
|upkeep
|
|t:|1661009839
|switch|p1a: Victini|Victini|53/100
|turn|29
|
|t:|1661009847
|switch|p2a: Tyranitar|Tyranitar, F|33/100
|-damage|p2a: Tyranitar|21/100|[from] Spikes
|-weather|Sandstorm|[from] ability: Sand Stream|[of] p2a: Tyranitar
|move|p1a: Victini|U-turn|p2a: Tyranitar
|-supereffective|p2a: Tyranitar
|-damage|p2a: Tyranitar|0 fnt
|faint|p2a: Tyranitar
|
|t:|1661009851
|switch|p1a: Zapdos|Zapdos|86/100|[from]move: U-turn
|
|-weather|Sandstorm|[upkeep]
|-damage|p1a: Zapdos|80/100|[from] Sandstorm
|upkeep
|
|t:|1661009855
|switch|p2a: Excadrill|Excadrill, F|94/100
|-damage|p2a: Excadrill|82/100|[from] Spikes
|turn|30
|
|t:|1661009857
|move|p2a: Excadrill|Swords Dance|p2a: Excadrill
|-boost|p2a: Excadrill|atk|2
|move|p1a: Zapdos|Hurricane|p2a: Excadrill
|-resisted|p2a: Excadrill
|-damage|p2a: Excadrill|42/100
|
|-weather|Sandstorm|[upkeep]
|-damage|p1a: Zapdos|74/100|[from] Sandstorm
|-heal|p2a: Excadrill|48/100|[from] item: Leftovers
|upkeep
|turn|31
|
|t:|1661009872
|move|p2a: Excadrill|Iron Head|p1a: Zapdos
|-resisted|p1a: Zapdos
|-damage|p1a: Zapdos|29/100
|-status|p2a: Excadrill|par|[from] ability: Static|[of] p1a: Zapdos
|cant|p1a: Zapdos|flinch
|
|-weather|Sandstorm|[upkeep]
|-damage|p1a: Zapdos|23/100|[from] Sandstorm
|-heal|p2a: Excadrill|54/100 par|[from] item: Leftovers
|upkeep
|turn|32
|
|t:|1661009886
|switch|p1a: Ferrothorn|Ferrothorn, M|36/100
|-damage|p1a: Ferrothorn|30/100|[from] Stealth Rock
|cant|p2a: Excadrill|par
|
|-weather|Sandstorm|[upkeep]
|-heal|p2a: Excadrill|60/100 par|[from] item: Leftovers
|upkeep
|turn|33
|
|t:|1661009891
|cant|p2a: Excadrill|par
|move|p1a: Ferrothorn|Body Press|p2a: Excadrill
|-supereffective|p2a: Excadrill
|-damage|p2a: Excadrill|0 fnt
|faint|p2a: Excadrill
|
|win|Plasmeek
|raw|Plasmeek's rating: 1892 &rarr; <strong>1912</strong><br />(+20 for winning)
|raw|LT93OQ Lio's rating: 1886 &rarr; <strong>1866</strong><br />(-20 for losing)
|l|☆LT93OQ Lio
|l|☆Plasmeek
|l| LT93OQ Harshal
|j|☆Plasmeek
|player|p1|Plasmeek|youngster-gen4dp
|l|☆Plasmeek
|player|p1|
||Ladder isn't responding, score probably updated but might not have (Request timeout).
|j| LT93OQ DS
|j| filon
|l| chokst du
|l| filon
|j| lt93oq fenomeno
|j| DreamHopeGoForward
|l| DreamHopeGoForward
