|raw|<div class="broadcast-blue"><strong>This battle is required to be public due to a player having a name starting with 'lt81yl'.</div>
|j|☆LT81YL EMPIR3
|j|☆Lenape
|t:|1625167668
|gametype|singles
|player|p1|LT81YL EMPIR3|bruno|1860
|player|p2|Lenape|1|1978
|teamsize|p1|6
|teamsize|p2|6
|gen|8
|tier|[Gen 8] OU
|rated|
|rule|Sleep Clause Mod: Limit one foe put to sleep
|rule|Species Clause: Limit one of each Pokémon
|rule|OHKO Clause: OHKO moves are banned
|rule|Evasion Moves Clause: Evasion moves are banned
|rule|Endless Battle Clause: Forcing endless battles is banned
|rule|HP Percentage Mod: HP is shown in percentages
|rule|Dynamax Clause: You cannot dynamax
|clearpoke
|poke|p1|Necrozma|
|poke|p1|Corviknight, M|
|poke|p1|Kyurem|
|poke|p1|Terrakion|
|poke|p1|Blissey, F|
|poke|p1|Gastrodon, M|
|poke|p2|Rotom-Heat|
|poke|p2|Corviknight, M|
|poke|p2|Sylveon, F|
|poke|p2|Rhyperior, M|
|poke|p2|Toxapex, F|
|poke|p2|Umbreon, M|
|teampreview
|j| ppev
|inactive|Battle timer is ON: inactive players will automatically lose when time's up. (requested by LT81YL EMPIR3)
|j| Shnn-
|
|t:|1625167678
|start
|switch|p1a: Terrakion|Terrakion|100/100
|switch|p2a: Rotom|Rotom-Heat|100/100
|turn|1
|j| bynum
|j| Maxance
|j| lt81yl raizen
|j| tapu moxo
|
|t:|1625167688
|move|p2a: Rotom|Trick|p1a: Terrakion
|-activate|p2a: Rotom|move: Trick|[of] p1a: Terrakion
|-item|p1a: Terrakion|Choice Scarf|[from] move: Trick
|-item|p2a: Rotom|Life Orb|[from] move: Trick
|move|p1a: Terrakion|Swords Dance|p1a: Terrakion
|-boost|p1a: Terrakion|atk|2
|
|upkeep
|turn|2
|j| union boss
|
|t:|1625167697
|switch|p1a: Gastrodon|Gastrodon, M|100/100
|switch|p2a: Toxapex|Toxapex, F|100/100
|
|upkeep
|turn|3
|l| Maxance
|
|t:|1625167700
|switch|p1a: Necrozma|Necrozma|100/100
|move|p2a: Toxapex|Toxic|p1a: Necrozma
|-status|p1a: Necrozma|tox
|
|-damage|p1a: Necrozma|94/100 tox|[from] psn
|upkeep
|turn|4
|
|t:|1625167703
|switch|p2a: Umbreon|Umbreon, M|100/100
|move|p1a: Necrozma|Thunder Wave|p2a: Umbreon
|-status|p2a: Umbreon|par
|
|-damage|p1a: Necrozma|82/100 tox|[from] psn
|upkeep
|turn|5
|
|t:|1625167706
|move|p1a: Necrozma|Stealth Rock|p2a: Umbreon
|-sidestart|p2: Lenape|move: Stealth Rock
|move|p2a: Umbreon|Heal Bell|p2a: Umbreon
|-activate|p2a: Umbreon|move: Heal Bell
|-curestatus|p2a: Umbreon|par|[msg]
|
|-damage|p1a: Necrozma|64/100 tox|[from] psn
|upkeep
|turn|6
|
|t:|1625167710
|switch|p1a: Kyurem|Kyurem|100/100
|-ability|p1a: Kyurem|Pressure
|move|p2a: Umbreon|Wish|p2a: Umbreon
|
|upkeep
|turn|7
|
|t:|1625167714
|switch|p2a: Sylveon|Sylveon, F|100/100
|-damage|p2a: Sylveon|88/100|[from] Stealth Rock
|move|p1a: Kyurem|Ice Beam|p2a: Sylveon
|-damage|p2a: Sylveon|46/100
|
|-heal|p2a: Sylveon|96/100|[from] move: Wish|[wisher] Umbreon
|-heal|p2a: Sylveon|100/100|[from] item: Leftovers
|upkeep
|turn|8
|
|t:|1625167718
|move|p1a: Kyurem|Ice Beam|p2a: Sylveon
|-damage|p2a: Sylveon|62/100
|move|p2a: Sylveon|Wish|p2a: Sylveon
|
|-heal|p2a: Sylveon|68/100|[from] item: Leftovers
|upkeep
|turn|9
|j| LT81YL Tace
|
|t:|1625167722
|switch|p1a: Corviknight|Corviknight, M|100/100
|-ability|p1a: Corviknight|Pressure
|move|p2a: Sylveon|Hyper Voice|p1a: Corviknight
|-resisted|p1a: Corviknight
|-damage|p1a: Corviknight|82/100
|
|-heal|p2a: Sylveon|100/100|[from] move: Wish|[wisher] Sylveon
|upkeep
|turn|10
|
|t:|1625167726
|move|p1a: Corviknight|Iron Head|p2a: Sylveon
|-supereffective|p2a: Sylveon
|-damage|p2a: Sylveon|44/100
|move|p2a: Sylveon|Wish|p2a: Sylveon
|
|-heal|p2a: Sylveon|50/100|[from] item: Leftovers
|upkeep
|turn|11
|
|t:|1625167729
|move|p2a: Sylveon|Protect|p2a: Sylveon
|-singleturn|p2a: Sylveon|Protect
|move|p1a: Corviknight|Iron Head|p2a: Sylveon
|-activate|p2a: Sylveon|move: Protect
|
|-heal|p2a: Sylveon|99/100|[from] move: Wish|[wisher] Sylveon
|-heal|p2a: Sylveon|100/100|[from] item: Leftovers
|upkeep
|turn|12
|
|t:|1625167732
|move|p1a: Corviknight|U-turn|p2a: Sylveon
|-resisted|p2a: Sylveon
|-damage|p2a: Sylveon|92/100
|j| babyboyblues
|
|t:|1625167734
|switch|p1a: Blissey|Blissey, F|100/100|[from]move: U-turn
|move|p2a: Sylveon|Wish|p2a: Sylveon
|
|-heal|p2a: Sylveon|98/100|[from] item: Leftovers
|upkeep
|turn|13
|
|t:|1625167741
|switch|p2a: Rotom|Rotom-Heat|100/100
|-damage|p2a: Rotom|75/100|[from] Stealth Rock
|move|p1a: Blissey|Thunder Wave|p2a: Rotom
|-immune|p2a: Rotom
|
|-heal|p2a: Rotom|100/100|[from] move: Wish|[wisher] Sylveon
|upkeep
|turn|14
|
|t:|1625167746
|move|p2a: Rotom|Defog|p1a: Blissey
|-unboost|p1a: Blissey|evasion|1
|-sideend|p2: Lenape|Stealth Rock|[from] move: Defog|[of] p2a: Rotom
|move|p1a: Blissey|Seismic Toss|p2a: Rotom
|-damage|p2a: Rotom|68/100
|
|upkeep
|turn|15
|c| Shnn-|why do people play Umbreon more and more lately
|
|t:|1625167752
|switch|p2a: Umbreon|Umbreon, M|100/100
|move|p1a: Blissey|Seismic Toss|p2a: Umbreon
|-damage|p2a: Umbreon|75/100
|
|-heal|p2a: Umbreon|81/100|[from] item: Leftovers
|upkeep
|turn|16
|j| slainey?
|j| OU make me yawn
|
|t:|1625167756
|move|p2a: Umbreon|Wish|p2a: Umbreon
|move|p1a: Blissey|Thunder Wave|p2a: Umbreon
|-status|p2a: Umbreon|par
|
|-heal|p2a: Umbreon|87/100 par|[from] item: Leftovers
|upkeep
|turn|17
|
|t:|1625167760
|switch|p2a: Rotom|Rotom-Heat|68/100
|move|p1a: Blissey|Heal Bell|p1a: Blissey
|-activate|p1a: Blissey|move: Heal Bell
|-curestatus|p1: Necrozma|tox|[msg]
|
|-heal|p2a: Rotom|100/100|[from] move: Wish|[wisher] Umbreon
|upkeep
|turn|18
|j| HYper
|
|t:|1625167764
|switch|p2a: Rhyperior|Rhyperior, M|100/100
|switch|p1a: Gastrodon|Gastrodon, M|100/100
|
|upkeep
|turn|19
|c| slainey?|Shnn its literally this 1 guy lol
|
|t:|1625167767
|switch|p2a: Toxapex|Toxapex, F|100/100
|move|p1a: Gastrodon|Scald|p2a: Toxapex
|-resisted|p2a: Toxapex
|-damage|p2a: Toxapex|90/100
|
|-heal|p2a: Toxapex|96/100|[from] item: Black Sludge
|upkeep
|turn|20
|c| slainey?|hes used this same team since home meta
|
|t:|1625167774
|switch|p1a: Blissey|Blissey, F|100/100
|switch|p2a: Sylveon|Sylveon, F|98/100
|
|-heal|p2a: Sylveon|100/100|[from] item: Leftovers
|upkeep
|turn|21
|
|t:|1625167777
|switch|p2a: Rhyperior|Rhyperior, M|100/100
|move|p1a: Blissey|Seismic Toss|p2a: Rhyperior
|-damage|p2a: Rhyperior|77/100
|
|-heal|p2a: Rhyperior|84/100|[from] item: Leftovers
|upkeep
|turn|22
|c| slainey?|and nothing else
|c| OU make me yawn|wow you really hate the flinch spam
|c| Shnn-|oooh
|
|t:|1625167780
|switch|p1a: Necrozma|Necrozma|64/100
|move|p2a: Rhyperior|Stealth Rock|p1a: Necrozma
|-sidestart|p1: LT81YL EMPIR3|move: Stealth Rock
|
|-heal|p2a: Rhyperior|90/100|[from] item: Leftovers
|upkeep
|turn|23
|
|t:|1625167788
|switch|p2a: Sylveon|Sylveon, F|100/100
|move|p1a: Necrozma|Stealth Rock|p2a: Sylveon
|-sidestart|p2: Lenape|move: Stealth Rock
|
|upkeep
|turn|24
|j| bygone era
|c| OU make me yawn|also no slainey
|c| Shnn-|i thought it was multiple people ?
|
|t:|1625167792
|move|p1a: Necrozma|Thunder Wave|p2a: Sylveon
|-status|p2a: Sylveon|par
|move|p2a: Sylveon|Calm Mind|p2a: Sylveon
|-boost|p2a: Sylveon|spa|1
|-boost|p2a: Sylveon|spd|1
|
|upkeep
|turn|25
|c| OU make me yawn|other people has as well
|
|t:|1625167795
|switch|p1a: Corviknight|Corviknight, M|82/100
|-damage|p1a: Corviknight|70/100|[from] Stealth Rock
|-ability|p1a: Corviknight|Pressure
|move|p2a: Sylveon|Calm Mind|p2a: Sylveon
|-boost|p2a: Sylveon|spa|1
|-boost|p2a: Sylveon|spd|1
|
|upkeep
|turn|26
|
|t:|1625167799
|switch|p2a: Toxapex|Toxapex, F|100/100
|-damage|p2a: Toxapex|88/100|[from] Stealth Rock
|move|p1a: Corviknight|Iron Head|p2a: Toxapex
|-resisted|p2a: Toxapex
|-damage|p2a: Toxapex|81/100
|
|-heal|p2a: Toxapex|87/100|[from] item: Black Sludge
|upkeep
|turn|27
|c| OU make me yawn|myself and that yovan guy
|
|t:|1625167802
|move|p1a: Corviknight|U-turn|p2a: Toxapex
|-resisted|p2a: Toxapex
|-damage|p2a: Toxapex|83/100
|c| Shnn-|is it really just him
|c| OU make me yawn|its a solid mon
|
|t:|1625167807
|switch|p1a: Necrozma|Necrozma|64/100|[from]move: U-turn
|-damage|p1a: Necrozma|52/100|[from] Stealth Rock
|move|p2a: Toxapex|Toxic|p1a: Necrozma
|-status|p1a: Necrozma|tox
|
|-heal|p2a: Toxapex|89/100|[from] item: Black Sludge
|-damage|p1a: Necrozma|46/100 tox|[from] psn
|upkeep
|turn|28
|
|t:|1625167811
|switch|p2a: Umbreon|Umbreon, M|87/100 par
|-damage|p2a: Umbreon|75/100 par|[from] Stealth Rock
|move|p1a: Necrozma|Moonlight|p1a: Necrozma
|-heal|p1a: Necrozma|96/100 tox
|
|-heal|p2a: Umbreon|81/100 par|[from] item: Leftovers
|-damage|p1a: Necrozma|84/100 tox|[from] psn
|upkeep
|turn|29
|
|t:|1625167813
|switch|p1a: Terrakion|Terrakion|100/100
|-damage|p1a: Terrakion|94/100|[from] Stealth Rock
|move|p2a: Umbreon|Heal Bell|p2a: Umbreon
|-activate|p2a: Umbreon|move: Heal Bell
|-curestatus|p2a: Umbreon|par|[msg]
|-curestatus|p2: Sylveon|par|[msg]
|
|-heal|p2a: Umbreon|87/100|[from] item: Leftovers
|upkeep
|turn|30
|
|t:|1625167817
|move|p2a: Umbreon|Protect|p2a: Umbreon
|-singleturn|p2a: Umbreon|Protect
|move|p1a: Terrakion|Earthquake|p2a: Umbreon
|-activate|p2a: Umbreon|move: Protect
|
|-heal|p2a: Umbreon|93/100|[from] item: Leftovers
|upkeep
|turn|31
|c| Shnn-|oh so its also other people starting to use umbreon
|
|t:|1625167821
|switch|p1a: Blissey|Blissey, F|100/100
|switch|p2a: Corviknight|Corviknight, M|100/100
|-damage|p2a: Corviknight|88/100|[from] Stealth Rock
|-ability|p2a: Corviknight|Pressure
|
|upkeep
|turn|32
|c| slainey?|well yovan ig but idt he uses the umbreon team anymore since it made him drop off
|
|t:|1625167823
|move|p2a: Corviknight|Substitute|p2a: Corviknight
|-start|p2a: Corviknight|Substitute
|-damage|p2a: Corviknight|63/100
|move|p1a: Blissey|Thunder Wave||[still]
|-fail|p1a: Blissey
|
|upkeep
|turn|33
|
|t:|1625167826
|switch|p1a: Corviknight|Corviknight, M|70/100
|-damage|p1a: Corviknight|57/100|[from] Stealth Rock
|-ability|p1a: Corviknight|Pressure
|move|p2a: Corviknight|Brave Bird|p1a: Corviknight
|-resisted|p1a: Corviknight
|-damage|p1a: Corviknight|34/100
|-damage|p2a: Corviknight|46/100|[from] item: Rocky Helmet|[of] p1a: Corviknight
|-damage|p2a: Corviknight|39/100|[from] Recoil
|-damage|p2a: Corviknight|29/100|[from] item: Life Orb
|
|upkeep
|turn|34
|
|t:|1625167831
|move|p2a: Corviknight|Roost|p2a: Corviknight
|-heal|p2a: Corviknight|79/100
|-singleturn|p2a: Corviknight|move: Roost
|move|p1a: Corviknight|Roost|p1a: Corviknight
|-heal|p1a: Corviknight|84/100
|-singleturn|p1a: Corviknight|move: Roost
|
|upkeep
|turn|35
|l| HYper
|
|t:|1625167836
|move|p2a: Corviknight|Bulk Up|p2a: Corviknight
|-boost|p2a: Corviknight|atk|1
|-boost|p2a: Corviknight|def|1
|move|p1a: Corviknight|U-turn|p2a: Corviknight
|-resisted|p2a: Corviknight
|-activate|p2a: Corviknight|move: Substitute|[damage]
|
|t:|1625167841
|switch|p1a: Gastrodon|Gastrodon, M|100/100|[from]move: U-turn
|
|upkeep
|turn|36
|
|t:|1625167843
|move|p2a: Corviknight|Brave Bird|p1a: Gastrodon
|-damage|p1a: Gastrodon|20/100
|-damage|p2a: Corviknight|50/100|[from] Recoil
|-damage|p2a: Corviknight|40/100|[from] item: Life Orb
|move|p1a: Gastrodon|Recover|p1a: Gastrodon
|-heal|p1a: Gastrodon|70/100
|
|upkeep
|turn|37
|
|t:|1625167848
|switch|p1a: Corviknight|Corviknight, M|84/100
|-damage|p1a: Corviknight|71/100|[from] Stealth Rock
|-ability|p1a: Corviknight|Pressure
|move|p2a: Corviknight|Roost|p2a: Corviknight
|-heal|p2a: Corviknight|90/100
|-singleturn|p2a: Corviknight|move: Roost
|
|upkeep
|turn|38
|c| OU make me yawn|tbh it was pretty cracked
|c| slainey?|til this day i dont know what the life orb
|
|t:|1625167852
|move|p2a: Corviknight|Bulk Up|p2a: Corviknight
|-boost|p2a: Corviknight|atk|1
|-boost|p2a: Corviknight|def|1
|move|p1a: Corviknight|Roost|p1a: Corviknight
|-heal|p1a: Corviknight|100/100
|-singleturn|p1a: Corviknight|move: Roost
|
|upkeep
|turn|39
|j| HYper
|c| slainey?|is for
|c| slainey?|LMAO
|c| OU make me yawn|but if it worked for the time it worked
|
|t:|1625167860
|move|p2a: Corviknight|Bulk Up|p2a: Corviknight
|-boost|p2a: Corviknight|atk|1
|-boost|p2a: Corviknight|def|1
|move|p1a: Corviknight|Iron Head|p2a: Corviknight
|-resisted|p2a: Corviknight
|-activate|p2a: Corviknight|move: Substitute|[damage]
|
|upkeep
|turn|40
|
|t:|1625167864
|move|p2a: Corviknight|Roost|p2a: Corviknight
|-heal|p2a: Corviknight|100/100
|-singleturn|p2a: Corviknight|move: Roost
|move|p1a: Corviknight|Iron Head|p2a: Corviknight
|-resisted|p2a: Corviknight
|-activate|p2a: Corviknight|move: Substitute|[damage]
|
|upkeep
|turn|41
|
|t:|1625167867
|move|p2a: Corviknight|Bulk Up|p2a: Corviknight
|-boost|p2a: Corviknight|atk|1
|-boost|p2a: Corviknight|def|1
|move|p1a: Corviknight|U-turn|p2a: Corviknight
|-resisted|p2a: Corviknight
|-activate|p2a: Corviknight|move: Substitute|[damage]
|c| slainey?|like im rlly curious if its a specific damage calc but for like a year its been a mystery
|
|t:|1625167876
|switch|p1a: Necrozma|Necrozma|84/100 tox|[from]move: U-turn
|-damage|p1a: Necrozma|71/100 tox|[from] Stealth Rock
|
|-damage|p1a: Necrozma|65/100 tox|[from] psn
|upkeep
|turn|42
|
|t:|1625167878
|switch|p1a: Corviknight|Corviknight, M|100/100
|-damage|p1a: Corviknight|88/100|[from] Stealth Rock
|-ability|p1a: Corviknight|Pressure
|move|p2a: Corviknight|Brave Bird|p1a: Corviknight
|-resisted|p1a: Corviknight
|-damage|p1a: Corviknight|20/100
|-damage|p2a: Corviknight|84/100|[from] item: Rocky Helmet|[of] p1a: Corviknight
|-damage|p2a: Corviknight|61/100|[from] Recoil
|-damage|p2a: Corviknight|51/100|[from] item: Life Orb
|
|upkeep
|turn|43
|j| OnGroveStreet
|c| Shnn-|Empire's team is really interesting
|l| lt81yl raizen
|
|t:|1625167882
|move|p2a: Corviknight|Roost|p2a: Corviknight
|-heal|p2a: Corviknight|100/100
|-singleturn|p2a: Corviknight|move: Roost
|move|p1a: Corviknight|Iron Head|p2a: Corviknight
|-resisted|p2a: Corviknight
|-activate|p2a: Corviknight|move: Substitute|[damage]
|
|upkeep
|turn|44
|
|t:|1625167886
|move|p2a: Corviknight|Bulk Up|p2a: Corviknight
|-boost|p2a: Corviknight|atk|1
|-boost|p2a: Corviknight|def|1
|move|p1a: Corviknight|U-turn|p2a: Corviknight
|-resisted|p2a: Corviknight
|-activate|p2a: Corviknight|move: Substitute|[damage]
|j| pfiev_hmt
|c| Shnn-|necrozma terrakion lol
|c|☆LT81YL EMPIR3|damn it
|c| Shnn-|and lenape with umbreon rotomh sylv rhyperior
|j| my emoji is goat
|j| engracado
|c|☆LT81YL EMPIR3|i tought itd break
|
|t:|1625167903
|switch|p1a: Necrozma|Necrozma|65/100 tox|[from]move: U-turn
|-damage|p1a: Necrozma|53/100 tox|[from] Stealth Rock
|
|-damage|p1a: Necrozma|47/100 tox|[from] psn
|upkeep
|turn|45
|j| theonetheyfear
|
|t:|1625167907
|move|p1a: Necrozma|Psychic|p2a: Corviknight
|-resisted|p2a: Corviknight
|-end|p2a: Corviknight|Substitute
|move|p2a: Corviknight|Brave Bird|p1a: Necrozma
|-damage|p1a: Necrozma|0 fnt
|-damage|p2a: Corviknight|84/100|[from] item: Rocky Helmet|[of] p1a: Necrozma
|faint|p1a: Necrozma
|-damage|p2a: Corviknight|69/100|[from] Recoil
|-damage|p2a: Corviknight|59/100|[from] item: Life Orb
|
|upkeep
|
|t:|1625167910
|switch|p1a: Kyurem|Kyurem|100/100
|-damage|p1a: Kyurem|76/100|[from] Stealth Rock
|-ability|p1a: Kyurem|Pressure
|turn|46
|
|t:|1625167917
|switch|p2a: Toxapex|Toxapex, F|100/100
|-damage|p2a: Toxapex|88/100|[from] Stealth Rock
|move|p1a: Kyurem|Ice Beam|p2a: Toxapex
|-resisted|p2a: Toxapex
|-damage|p2a: Toxapex|57/100
|
|-heal|p2a: Toxapex|63/100|[from] item: Black Sludge
|upkeep
|turn|47
|
|t:|1625167921
|move|p1a: Kyurem|Ice Beam|p2a: Toxapex
|-resisted|p2a: Toxapex
|-damage|p2a: Toxapex|31/100
|move|p2a: Toxapex|Toxic|p1a: Kyurem
|-status|p1a: Kyurem|tox
|
|-heal|p2a: Toxapex|37/100|[from] item: Black Sludge
|-damage|p1a: Kyurem|70/100 tox|[from] psn
|upkeep
|turn|48
|
|t:|1625167925
|move|p1a: Kyurem|Ice Beam|p2a: Toxapex
|-resisted|p2a: Toxapex
|-crit|p2a: Toxapex
|-damage|p2a: Toxapex|0 fnt
|faint|p2a: Toxapex
|
|-damage|p1a: Kyurem|57/100 tox|[from] psn
|upkeep
|c| pfiev_hmt|isn't photon geyser better than psychic?
|
|t:|1625167930
|switch|p2a: Sylveon|Sylveon, F|100/100
|-damage|p2a: Sylveon|88/100|[from] Stealth Rock
|turn|49
|
|t:|1625167932
|switch|p1a: Blissey|Blissey, F|100/100
|move|p2a: Sylveon|Wish|p2a: Sylveon
|
|-heal|p2a: Sylveon|94/100|[from] item: Leftovers
|upkeep
|turn|50
|
|t:|1625167934
|switch|p2a: Corviknight|Corviknight, M|59/100
|-damage|p2a: Corviknight|46/100|[from] Stealth Rock
|-ability|p2a: Corviknight|Pressure
|move|p1a: Blissey|Heal Bell|p1a: Blissey
|-activate|p1a: Blissey|move: Heal Bell
|-curestatus|p1: Kyurem|tox|[msg]
|
|-heal|p2a: Corviknight|95/100|[from] move: Wish|[wisher] Sylveon
|upkeep
|turn|51
|
|t:|1625167937
|move|p2a: Corviknight|Substitute|p2a: Corviknight
|-start|p2a: Corviknight|Substitute
|-damage|p2a: Corviknight|70/100
|move|p1a: Blissey|Thunder Wave||[still]
|-fail|p1a: Blissey
|
|upkeep
|turn|52
|c| slainey?|i would like lenape but like he rages for silly reasons comp to mobs raging, it almost feels like hes trolling when hes mad
|
|t:|1625167941
|move|p2a: Corviknight|Brave Bird|p1a: Blissey
|-crit|p1a: Blissey
|-damage|p1a: Blissey|6/100
|-damage|p2a: Corviknight|15/100|[from] Recoil
|-damage|p2a: Corviknight|5/100|[from] item: Life Orb
|move|p1a: Blissey|Seismic Toss|p2a: Corviknight
|-end|p2a: Corviknight|Substitute
|
|upkeep
|turn|53
|
|t:|1625167945
|move|p2a: Corviknight|Roost|p2a: Corviknight
|-heal|p2a: Corviknight|55/100
|-singleturn|p2a: Corviknight|move: Roost
|move|p1a: Blissey|Thunder Wave|p2a: Corviknight
|-status|p2a: Corviknight|par
|
|upkeep
|turn|54
|
|t:|1625167949
|move|p1a: Blissey|Soft-Boiled|p1a: Blissey
|-heal|p1a: Blissey|56/100
|move|p2a: Corviknight|Brave Bird|p1a: Blissey
|-damage|p1a: Blissey|2/100
|-damage|p2a: Corviknight|23/100 par|[from] Recoil
|-damage|p2a: Corviknight|13/100 par|[from] item: Life Orb
|
|upkeep
|turn|55
|c| slainey?|pfiev_hmt 8 pp
|
|t:|1625167952
|move|p1a: Blissey|Seismic Toss|p2a: Corviknight
|-damage|p2a: Corviknight|0 fnt
|faint|p2a: Corviknight
|
|upkeep
|c| OU make me yawn|slainey honestly idk either
|
|t:|1625167955
|switch|p2a: Rhyperior|Rhyperior, M|90/100
|-damage|p2a: Rhyperior|84/100|[from] Stealth Rock
|turn|56
|l| bygone era
|c| slainey?|he is using a pretty defensive team so extra pp helps and power difference is negligable
|c| OU make me yawn|at first i thought he was just trolling as well
|l| ppev
|c| Shnn-|isnt it gg
|j| ppev
|l| tapu moxo
|inactive|LT81YL EMPIR3 has 120 seconds left.
|
|t:|1625168000
|move|p1a: Blissey|Soft-Boiled|p1a: Blissey
|-heal|p1a: Blissey|52/100
|move|p2a: Rhyperior|Earthquake|p1a: Blissey
|-damage|p1a: Blissey|11/100
|
|-heal|p2a: Rhyperior|90/100|[from] item: Leftovers
|upkeep
|turn|57
|
|t:|1625168003
|move|p1a: Blissey|Soft-Boiled|p1a: Blissey
|-heal|p1a: Blissey|61/100
|move|p2a: Rhyperior|Earthquake|p1a: Blissey
|-damage|p1a: Blissey|21/100
|
|-heal|p2a: Rhyperior|96/100|[from] item: Leftovers
|upkeep
|turn|58
|
|t:|1625168005
|move|p1a: Blissey|Soft-Boiled|p1a: Blissey
|-heal|p1a: Blissey|71/100
|move|p2a: Rhyperior|Earthquake|p1a: Blissey
|-damage|p1a: Blissey|30/100
|
|-heal|p2a: Rhyperior|100/100|[from] item: Leftovers
|upkeep
|turn|59
|c| Shnn-|damn 68%
|
|t:|1625168009
|move|p1a: Blissey|Soft-Boiled|p1a: Blissey
|-heal|p1a: Blissey|80/100
|move|p2a: Rhyperior|Earthquake|p1a: Blissey
|-damage|p1a: Blissey|41/100
|
|upkeep
|turn|60
|
|t:|1625168011
|switch|p1a: Corviknight|Corviknight, M|20/100
|-damage|p1a: Corviknight|8/100|[from] Stealth Rock
|-ability|p1a: Corviknight|Pressure
|move|p2a: Rhyperior|Earthquake|p1a: Corviknight
|-immune|p1a: Corviknight
|
|upkeep
|turn|61
|c| slainey?|OU make me yawn when he said to stardust "you only won cus u played my team before" i was so confused cus its the only team he uses lmfao
|
|t:|1625168017
|move|p1a: Corviknight|Defog|p2a: Rhyperior
|-unboost|p2a: Rhyperior|evasion|1
|-sideend|p2: Lenape|Stealth Rock|[from] move: Defog|[of] p1a: Corviknight
|-sideend|p1: LT81YL EMPIR3|Stealth Rock|[from] move: Defog|[of] p1a: Corviknight
|move|p2a: Rhyperior|Earthquake|p1a: Corviknight
|-immune|p1a: Corviknight
|
|upkeep
|turn|62
|l| bynum
|
|t:|1625168020
|move|p1a: Corviknight|Iron Head|p2a: Rhyperior
|-supereffective|p2a: Rhyperior
|-damage|p2a: Rhyperior|79/100
|move|p2a: Rhyperior|Earthquake|p1a: Corviknight
|-immune|p1a: Corviknight
|
|-heal|p2a: Rhyperior|85/100|[from] item: Leftovers
|upkeep
|turn|63
|
|t:|1625168023
|move|p1a: Corviknight|Iron Head|p2a: Rhyperior
|-supereffective|p2a: Rhyperior
|-damage|p2a: Rhyperior|65/100
|move|p2a: Rhyperior|Earthquake|p1a: Corviknight
|-immune|p1a: Corviknight
|
|-heal|p2a: Rhyperior|71/100|[from] item: Leftovers
|upkeep
|turn|64
|
|t:|1625168026
|move|p1a: Corviknight|Iron Head|p2a: Rhyperior
|-supereffective|p2a: Rhyperior
|-damage|p2a: Rhyperior|48/100
|move|p2a: Rhyperior|Stealth Rock|p1a: Corviknight
|-sidestart|p1: LT81YL EMPIR3|move: Stealth Rock
|
|-heal|p2a: Rhyperior|55/100|[from] item: Leftovers
|upkeep
|turn|65
|
|t:|1625168027
|move|p1a: Corviknight|Defog|p2a: Rhyperior
|-unboost|p2a: Rhyperior|evasion|1
|-sideend|p1: LT81YL EMPIR3|Stealth Rock|[from] move: Defog|[of] p1a: Corviknight
|move|p2a: Rhyperior|Earthquake|p1a: Corviknight
|-immune|p1a: Corviknight
|
|-heal|p2a: Rhyperior|61/100|[from] item: Leftovers
|upkeep
|turn|66
|
|t:|1625168030
|move|p1a: Corviknight|Iron Head|p2a: Rhyperior
|-supereffective|p2a: Rhyperior
|-crit|p2a: Rhyperior
|-damage|p2a: Rhyperior|30/100
|move|p2a: Rhyperior|Rock Blast|p1a: Corviknight
|-damage|p1a: Corviknight|1/100
|-damage|p1a: Corviknight|0 fnt
|faint|p1a: Corviknight
|-hitcount|p1: Corviknight|2
|
|-heal|p2a: Rhyperior|36/100|[from] item: Leftovers
|upkeep
|
|t:|1625168032
|switch|p1a: Kyurem|Kyurem|57/100
|-ability|p1a: Kyurem|Pressure
|turn|67
|c| slainey?|hes raged vs me on ladder too its kinda funny
|
|t:|1625168035
|switch|p2a: Rotom|Rotom-Heat|100/100
|move|p1a: Kyurem|Ice Beam|p2a: Rotom
|-resisted|p2a: Rotom
|-damage|p2a: Rotom|60/100
|
|upkeep
|turn|68
|
|t:|1625168042
|switch|p1a: Gastrodon|Gastrodon, M|70/100
|move|p2a: Rotom|Will-O-Wisp|p1a: Gastrodon
|-status|p1a: Gastrodon|brn
|
|-damage|p1a: Gastrodon|64/100 brn|[from] brn
|upkeep
|turn|69
|c| slainey?|the gastro is interesting
|j| itsukashin
|
|t:|1625168047
|switch|p2a: Sylveon|Sylveon, F|94/100
|move|p1a: Gastrodon|Toxic|p2a: Sylveon
|-status|p2a: Sylveon|tox
|
|-heal|p2a: Sylveon|99/100 tox|[from] item: Leftovers
|-damage|p2a: Sylveon|94/100 tox|[from] psn
|-damage|p1a: Gastrodon|58/100 brn|[from] brn
|upkeep
|turn|70
|
|t:|1625168051
|switch|p2a: Umbreon|Umbreon, M|93/100
|switch|p1a: Blissey|Blissey, F|41/100
|
|-heal|p2a: Umbreon|99/100|[from] item: Leftovers
|upkeep
|turn|71
|c| slainey?|its prob for zolt mu
|
|t:|1625168053
|move|p2a: Umbreon|Heal Bell|p2a: Umbreon
|-activate|p2a: Umbreon|move: Heal Bell
|-curestatus|p2: Sylveon|tox|[msg]
|move|p1a: Blissey|Soft-Boiled|p1a: Blissey
|-heal|p1a: Blissey|91/100
|
|-heal|p2a: Umbreon|100/100|[from] item: Leftovers
|upkeep
|turn|72
|
|t:|1625168057
|switch|p1a: Terrakion|Terrakion|94/100
|move|p2a: Umbreon|Wish|p2a: Umbreon
|
|upkeep
|turn|73
|c| Shnn-|LOL
|
|t:|1625168061
|move|p2a: Umbreon|Protect|p2a: Umbreon
|-singleturn|p2a: Umbreon|Protect
|move|p1a: Terrakion|Close Combat|p2a: Umbreon
|-activate|p2a: Umbreon|move: Protect
|
|upkeep
|turn|74
|c| Shnn-|HE PRAYED FOR THAT CRIT
|c| slainey?|most olt scrubs use zolt
|
|t:|1625168066
|switch|p2a: Sylveon|Sylveon, F|94/100
|move|p1a: Terrakion|Close Combat|p2a: Sylveon
|-resisted|p2a: Sylveon
|-damage|p2a: Sylveon|54/100
|-unboost|p1a: Terrakion|def|1
|-unboost|p1a: Terrakion|spd|1
|
|-heal|p2a: Sylveon|60/100|[from] item: Leftovers
|upkeep
|turn|75
|c| Shnn-|or freeze ?
|
|t:|1625168069
|switch|p1a: Blissey|Blissey, F|91/100
|move|p2a: Sylveon|Wish|p2a: Sylveon
|
|-heal|p2a: Sylveon|66/100|[from] item: Leftovers
|upkeep
|turn|76
|l| LT81YL Tace
|
|t:|1625168076
|move|p2a: Sylveon|Calm Mind|p2a: Sylveon
|-boost|p2a: Sylveon|spa|1
|-boost|p2a: Sylveon|spd|1
|move|p1a: Blissey|Heal Bell|p1a: Blissey
|-activate|p1a: Blissey|move: Heal Bell
|-curestatus|p1: Gastrodon|brn|[msg]
|
|-heal|p2a: Sylveon|100/100|[from] move: Wish|[wisher] Sylveon
|upkeep
|turn|77
|
|t:|1625168080
|move|p2a: Sylveon|Calm Mind|p2a: Sylveon
|-boost|p2a: Sylveon|spa|1
|-boost|p2a: Sylveon|spd|1
|move|p1a: Blissey|Thunder Wave|p2a: Sylveon
|-status|p2a: Sylveon|par
|
|upkeep
|turn|78
|
|t:|1625168082
|move|p1a: Blissey|Seismic Toss|p2a: Sylveon
|-damage|p2a: Sylveon|75/100 par
|move|p2a: Sylveon|Hyper Voice|p1a: Blissey
|-damage|p1a: Blissey|63/100
|
|-heal|p2a: Sylveon|81/100 par|[from] item: Leftovers
|upkeep
|turn|79
|
|t:|1625168084
|move|p1a: Blissey|Seismic Toss|p2a: Sylveon
|-damage|p2a: Sylveon|56/100 par
|move|p2a: Sylveon|Calm Mind|p2a: Sylveon
|-boost|p2a: Sylveon|spa|1
|-boost|p2a: Sylveon|spd|1
|
|-heal|p2a: Sylveon|62/100 par|[from] item: Leftovers
|upkeep
|turn|80
|
|t:|1625168086
|move|p1a: Blissey|Seismic Toss|p2a: Sylveon
|-damage|p2a: Sylveon|37/100 par
|move|p2a: Sylveon|Wish|p2a: Sylveon
|
|-heal|p2a: Sylveon|43/100 par|[from] item: Leftovers
|upkeep
|turn|81
|c| Shnn-|is Zolt even good, everytimes i see some they just get ground'd
|
|t:|1625168089
|move|p1a: Blissey|Seismic Toss|p2a: Sylveon
|-damage|p2a: Sylveon|17/100 par
|move|p2a: Sylveon|Hyper Voice|p1a: Blissey
|-damage|p1a: Blissey|24/100
|
|-heal|p2a: Sylveon|67/100 par|[from] move: Wish|[wisher] Sylveon
|-heal|p2a: Sylveon|73/100 par|[from] item: Leftovers
|upkeep
|turn|82
|
|t:|1625168092
|move|p1a: Blissey|Soft-Boiled|p1a: Blissey
|-heal|p1a: Blissey|74/100
|move|p2a: Sylveon|Wish|p2a: Sylveon
|
|-heal|p2a: Sylveon|79/100 par|[from] item: Leftovers
|upkeep
|turn|83
|
|t:|1625168094
|move|p1a: Blissey|Seismic Toss|p2a: Sylveon
|-damage|p2a: Sylveon|54/100 par
|move|p2a: Sylveon|Calm Mind|p2a: Sylveon
|-boost|p2a: Sylveon|spa|1
|-boost|p2a: Sylveon|spd|1
|
|-heal|p2a: Sylveon|100/100 par|[from] move: Wish|[wisher] Sylveon
|upkeep
|turn|84
|
|t:|1625168097
|move|p1a: Blissey|Seismic Toss|p2a: Sylveon
|-damage|p2a: Sylveon|75/100 par
|move|p2a: Sylveon|Wish|p2a: Sylveon
|
|-heal|p2a: Sylveon|81/100 par|[from] item: Leftovers
|upkeep
|turn|85
|
|t:|1625168100
|move|p1a: Blissey|Seismic Toss|p2a: Sylveon
|-damage|p2a: Sylveon|56/100 par
|move|p2a: Sylveon|Hyper Voice|p1a: Blissey
|-damage|p1a: Blissey|27/100
|
|-heal|p2a: Sylveon|100/100 par|[from] move: Wish|[wisher] Sylveon
|upkeep
|turn|86
|c| Shnn-|can't do much against lando-t or hippo
|
|t:|1625168103
|move|p1a: Blissey|Soft-Boiled|p1a: Blissey
|-heal|p1a: Blissey|77/100
|move|p2a: Sylveon|Calm Mind|p2a: Sylveon
|-boost|p2a: Sylveon|spa|1
|-boost|p2a: Sylveon|spd|1
|
|upkeep
|turn|87
|
|t:|1625168106
|move|p2a: Sylveon|Protect|p2a: Sylveon
|-singleturn|p2a: Sylveon|Protect
|move|p1a: Blissey|Seismic Toss|p2a: Sylveon
|-activate|p2a: Sylveon|move: Protect
|
|upkeep
|turn|88
|
|t:|1625168108
|move|p1a: Blissey|Thunder Wave|p2a: Sylveon
|-fail|p2a: Sylveon|par
|move|p2a: Sylveon|Wish|p2a: Sylveon
|
|upkeep
|turn|89
|j| vertex returns
|
|t:|1625168113
|move|p1a: Blissey|Seismic Toss|p2a: Sylveon
|-damage|p2a: Sylveon|75/100 par
|cant|p2a: Sylveon|par
|
|-heal|p2a: Sylveon|100/100 par|[from] move: Wish|[wisher] Sylveon
|upkeep
|turn|90
|c| Shnn-|doesnt help that lando is everywhere
|
|t:|1625168116
|move|p1a: Blissey|Seismic Toss|p2a: Sylveon
|-damage|p2a: Sylveon|75/100 par
|move|p2a: Sylveon|Calm Mind|p2a: Sylveon
|-boost|p2a: Sylveon|spa|1
|-boost|p2a: Sylveon|spd|1
|
|-heal|p2a: Sylveon|81/100 par|[from] item: Leftovers
|upkeep
|turn|91
|c| slainey?|zolts never been good
|
|t:|1625168119
|move|p2a: Sylveon|Protect|p2a: Sylveon
|-singleturn|p2a: Sylveon|Protect
|move|p1a: Blissey|Soft-Boiled|p1a: Blissey
|-heal|p1a: Blissey|100/100
|
|-heal|p2a: Sylveon|87/100 par|[from] item: Leftovers
|upkeep
|turn|92
|
|t:|1625168123
|switch|p1a: Terrakion|Terrakion|94/100
|move|p2a: Sylveon|Wish|p2a: Sylveon
|
|-heal|p2a: Sylveon|93/100 par|[from] item: Leftovers
|upkeep
|turn|93
|
|t:|1625168129
|switch|p1a: Blissey|Blissey, F|100/100
|switch|p2a: Rotom|Rotom-Heat|60/100
|
|-heal|p2a: Rotom|100/100|[from] move: Wish|[wisher] Sylveon
|upkeep
|turn|94
|c| slainey?|its almost purely a mu fish and for it to work u need to win too many 50/50's
|
|t:|1625168136
|move|p2a: Rotom|Trick|p1a: Blissey
|-activate|p2a: Rotom|move: Trick|[of] p1a: Blissey
|-item|p1a: Blissey|Life Orb|[from] move: Trick
|-item|p2a: Rotom|Heavy-Duty Boots|[from] move: Trick
|move|p1a: Blissey|Seismic Toss|p2a: Rotom
|-damage|p2a: Rotom|68/100
|-damage|p1a: Blissey|91/100|[from] item: Life Orb
|
|upkeep
|turn|95
|
|t:|1625168141
|switch|p2a: Umbreon|Umbreon, M|100/100
|switch|p1a: Gastrodon|Gastrodon, M|58/100
|
|upkeep
|turn|96
|c| Shnn-|yeah not worth the risk
|
|t:|1625168145
|move|p2a: Umbreon|Wish|p2a: Umbreon
|move|p1a: Gastrodon|Toxic|p2a: Umbreon
|-status|p2a: Umbreon|tox
|
|-damage|p2a: Umbreon|94/100 tox|[from] psn
|upkeep
|turn|97
|
|t:|1625168151
|switch|p1a: Terrakion|Terrakion|94/100
|move|p2a: Umbreon|Heal Bell|p2a: Umbreon
|-activate|p2a: Umbreon|move: Heal Bell
|-curestatus|p2a: Umbreon|tox|[msg]
|-curestatus|p2: Sylveon|par|[msg]
|
|-heal|p2a: Umbreon|100/100|[from] move: Wish|[wisher] Umbreon
|upkeep
|turn|98
|
|t:|1625168156
|move|p2a: Umbreon|Protect|p2a: Umbreon
|-singleturn|p2a: Umbreon|Protect
|move|p1a: Terrakion|Close Combat|p2a: Umbreon
|-activate|p2a: Umbreon|move: Protect
|
|upkeep
|turn|99
|
|t:|1625168161
|switch|p1a: Blissey|Blissey, F|91/100
|switch|p2a: Sylveon|Sylveon, F|93/100
|
|-heal|p2a: Sylveon|99/100|[from] item: Leftovers
|upkeep
|turn|100
|
|t:|1625168163
|move|p2a: Sylveon|Calm Mind|p2a: Sylveon
|-boost|p2a: Sylveon|spa|1
|-boost|p2a: Sylveon|spd|1
|move|p1a: Blissey|Thunder Wave|p2a: Sylveon
|-status|p2a: Sylveon|par
|
|-heal|p2a: Sylveon|100/100 par|[from] item: Leftovers
|upkeep
|turn|101
|
|t:|1625168166
|move|p1a: Blissey|Seismic Toss|p2a: Sylveon
|-damage|p2a: Sylveon|75/100 par
|-damage|p1a: Blissey|81/100|[from] item: Life Orb
|move|p2a: Sylveon|Calm Mind|p2a: Sylveon
|-boost|p2a: Sylveon|spa|1
|-boost|p2a: Sylveon|spd|1
|
|-heal|p2a: Sylveon|81/100 par|[from] item: Leftovers
|upkeep
|turn|102
|
|t:|1625168171
|move|p1a: Blissey|Seismic Toss|p2a: Sylveon
|-damage|p2a: Sylveon|56/100 par
|-damage|p1a: Blissey|71/100|[from] item: Life Orb
|move|p2a: Sylveon|Hyper Voice|p1a: Blissey
|-damage|p1a: Blissey|40/100
|
|-heal|p2a: Sylveon|62/100 par|[from] item: Leftovers
|upkeep
|turn|103
|
|t:|1625168175
|move|p1a: Blissey|Seismic Toss|p2a: Sylveon
|-damage|p2a: Sylveon|37/100 par
|-damage|p1a: Blissey|30/100|[from] item: Life Orb
|cant|p2a: Sylveon|par
|
|-heal|p2a: Sylveon|43/100 par|[from] item: Leftovers
|upkeep
|turn|104
|
|t:|1625168178
|move|p2a: Sylveon|Protect|p2a: Sylveon
|-singleturn|p2a: Sylveon|Protect
|move|p1a: Blissey|Seismic Toss|p2a: Sylveon
|-activate|p2a: Sylveon|move: Protect
|
|-heal|p2a: Sylveon|49/100 par|[from] item: Leftovers
|upkeep
|turn|105
|
|t:|1625168180
|move|p1a: Blissey|Seismic Toss|p2a: Sylveon
|-damage|p2a: Sylveon|23/100 par
|-damage|p1a: Blissey|20/100|[from] item: Life Orb
|move|p2a: Sylveon|Wish|p2a: Sylveon
|
|-heal|p2a: Sylveon|29/100 par|[from] item: Leftovers
|upkeep
|turn|106
|
|t:|1625168187
|move|p1a: Blissey|Soft-Boiled|p1a: Blissey
|-heal|p1a: Blissey|70/100
|move|p2a: Sylveon|Calm Mind|p2a: Sylveon
|-boost|p2a: Sylveon|spa|1
|-boost|p2a: Sylveon|spd|1
|
|-heal|p2a: Sylveon|79/100 par|[from] move: Wish|[wisher] Sylveon
|-heal|p2a: Sylveon|86/100 par|[from] item: Leftovers
|upkeep
|turn|107
|c| Shnn-|Lmaoooo
|
|t:|1625168192
|move|p2a: Sylveon|Protect|p2a: Sylveon
|-singleturn|p2a: Sylveon|Protect
|move|p1a: Blissey|Seismic Toss|p2a: Sylveon
|-activate|p2a: Sylveon|move: Protect
|
|-heal|p2a: Sylveon|92/100 par|[from] item: Leftovers
|upkeep
|turn|108
|
|t:|1625168197
|move|p1a: Blissey|Seismic Toss|p2a: Sylveon
|-damage|p2a: Sylveon|66/100 par
|-damage|p1a: Blissey|60/100|[from] item: Life Orb
|move|p2a: Sylveon|Wish|p2a: Sylveon
|
|-heal|p2a: Sylveon|72/100 par|[from] item: Leftovers
|upkeep
|turn|109
|
|t:|1625168201
|move|p1a: Blissey|Soft-Boiled|p1a: Blissey
|-heal|p1a: Blissey|100/100
|move|p2a: Sylveon|Hyper Voice|p1a: Blissey
|-damage|p1a: Blissey|63/100
|
|-heal|p2a: Sylveon|100/100 par|[from] move: Wish|[wisher] Sylveon
|upkeep
|turn|110
|l| union boss
|
|t:|1625168205
|move|p1a: Blissey|Seismic Toss|p2a: Sylveon
|-damage|p2a: Sylveon|75/100 par
|-damage|p1a: Blissey|53/100|[from] item: Life Orb
|move|p2a: Sylveon|Calm Mind|p2a: Sylveon
|-boost|p2a: Sylveon|spa|1
|-boost|p2a: Sylveon|spd|1
|
|-heal|p2a: Sylveon|81/100 par|[from] item: Leftovers
|upkeep
|turn|111
|
|t:|1625168209
|move|p1a: Blissey|Soft-Boiled|p1a: Blissey
|-heal|p1a: Blissey|100/100
|move|p2a: Sylveon|Hyper Voice|p1a: Blissey
|-damage|p1a: Blissey|57/100
|
|-heal|p2a: Sylveon|87/100 par|[from] item: Leftovers
|upkeep
|turn|112
|
|t:|1625168214
|move|p2a: Sylveon|Protect|p2a: Sylveon
|-singleturn|p2a: Sylveon|Protect
|move|p1a: Blissey|Thunder Wave|p2a: Sylveon
|-activate|p2a: Sylveon|move: Protect
|
|-heal|p2a: Sylveon|93/100 par|[from] item: Leftovers
|upkeep
|turn|113
|
|t:|1625168217
|move|p1a: Blissey|Seismic Toss|p2a: Sylveon
|-damage|p2a: Sylveon|68/100 par
|-damage|p1a: Blissey|47/100|[from] item: Life Orb
|cant|p2a: Sylveon|par
|
|-heal|p2a: Sylveon|74/100 par|[from] item: Leftovers
|upkeep
|turn|114
|
|t:|1625168220
|move|p1a: Blissey|Seismic Toss|p2a: Sylveon
|-damage|p2a: Sylveon|49/100 par
|-damage|p1a: Blissey|37/100|[from] item: Life Orb
|move|p2a: Sylveon|Wish|p2a: Sylveon
|
|-heal|p2a: Sylveon|55/100 par|[from] item: Leftovers
|upkeep
|turn|115
|
|t:|1625168224
|move|p1a: Blissey|Soft-Boiled|p1a: Blissey
|-heal|p1a: Blissey|87/100
|move|p2a: Sylveon|Calm Mind|p2a: Sylveon
|-boost|p2a: Sylveon|spa|1
|-boost|p2a: Sylveon|spd|1
|
|-heal|p2a: Sylveon|100/100 par|[from] move: Wish|[wisher] Sylveon
|upkeep
|turn|116
|
|t:|1625168227
|move|p1a: Blissey|Thunder Wave|p2a: Sylveon
|-fail|p2a: Sylveon|par
|cant|p2a: Sylveon|par
|
|upkeep
|turn|117
|
|t:|1625168230
|move|p1a: Blissey|Thunder Wave|p2a: Sylveon|[miss]
|-miss|p1a: Blissey|p2a: Sylveon
|move|p2a: Sylveon|Calm Mind|p2a: Sylveon
|-boost|p2a: Sylveon|spa|1
|-boost|p2a: Sylveon|spd|1
|
|upkeep
|turn|118
|
|t:|1625168234
|move|p1a: Blissey|Seismic Toss|p2a: Sylveon
|-damage|p2a: Sylveon|75/100 par
|-damage|p1a: Blissey|77/100|[from] item: Life Orb
|move|p2a: Sylveon|Hyper Voice|p1a: Blissey
|-damage|p1a: Blissey|18/100
|
|-heal|p2a: Sylveon|81/100 par|[from] item: Leftovers
|upkeep
|turn|119
|
|t:|1625168241
|move|p1a: Blissey|Soft-Boiled|p1a: Blissey
|-heal|p1a: Blissey|68/100
|move|p2a: Sylveon|Hyper Voice|p1a: Blissey
|-damage|p1a: Blissey|8/100
|
|-heal|p2a: Sylveon|87/100 par|[from] item: Leftovers
|upkeep
|turn|120
|
|t:|1625168247
|move|p1a: Blissey|Seismic Toss|p2a: Sylveon
|-damage|p2a: Sylveon|62/100 par
|-damage|p1a: Blissey|0 fnt|[from] item: Life Orb
|faint|p1a: Blissey
|cant|p2a: Sylveon|par
|
|-heal|p2a: Sylveon|68/100 par|[from] item: Leftovers
|upkeep
|
|t:|1625168250
|switch|p1a: Terrakion|Terrakion|94/100
|turn|121
|
|t:|1625168258
|move|p2a: Sylveon|Protect|p2a: Sylveon
|-singleturn|p2a: Sylveon|Protect
|move|p1a: Terrakion|Stone Edge|p2a: Sylveon
|-activate|p2a: Sylveon|move: Protect
|
|-heal|p2a: Sylveon|74/100 par|[from] item: Leftovers
|upkeep
|turn|122
|j| BeastyJ157
|
|t:|1625168262
|switch|p2a: Rhyperior|Rhyperior, M|36/100
|move|p1a: Terrakion|Stone Edge|p2a: Rhyperior
|-resisted|p2a: Rhyperior
|-damage|p2a: Rhyperior|22/100
|
|-heal|p2a: Rhyperior|28/100|[from] item: Leftovers
|upkeep
|turn|123
|
|t:|1625168267
|switch|p1a: Kyurem|Kyurem|57/100
|-ability|p1a: Kyurem|Pressure
|move|p2a: Rhyperior|Stealth Rock|p1a: Kyurem
|-sidestart|p1: LT81YL EMPIR3|move: Stealth Rock
|
|-heal|p2a: Rhyperior|34/100|[from] item: Leftovers
|upkeep
|turn|124
|
|t:|1625168274
|move|p1a: Kyurem|Ice Beam|p2a: Rhyperior
|-supereffective|p2a: Rhyperior
|-damage|p2a: Rhyperior|0 fnt
|faint|p2a: Rhyperior
|
|upkeep
|
|t:|1625168278
|switch|p2a: Rotom|Rotom-Heat|68/100
|turn|125
|
|t:|1625168282
|move|p1a: Kyurem|Ice Beam|p2a: Rotom
|-resisted|p2a: Rotom
|-damage|p2a: Rotom|31/100
|move|p2a: Rotom|Discharge|p1a: Kyurem
|-resisted|p1a: Kyurem
|-damage|p1a: Kyurem|44/100
|
|upkeep
|turn|126
|
|t:|1625168285
|move|p1a: Kyurem|Ice Beam|p2a: Rotom
|-resisted|p2a: Rotom
|-damage|p2a: Rotom|0 fnt
|faint|p2a: Rotom
|
|upkeep
|
|t:|1625168287
|switch|p2a: Umbreon|Umbreon, M|100/100
|turn|127
|
|t:|1625168292
|move|p1a: Kyurem|Ice Beam|p2a: Umbreon
|-damage|p2a: Umbreon|49/100
|move|p2a: Umbreon|Heal Bell|p2a: Umbreon
|-activate|p2a: Umbreon|move: Heal Bell
|-curestatus|p2: Sylveon|par|[msg]
|
|-heal|p2a: Umbreon|55/100|[from] item: Leftovers
|upkeep
|turn|128
|
|t:|1625168295
|move|p2a: Umbreon|Protect|p2a: Umbreon
|-singleturn|p2a: Umbreon|Protect
|move|p1a: Kyurem|Ice Beam|p2a: Umbreon
|-activate|p2a: Umbreon|move: Protect
|
|-heal|p2a: Umbreon|61/100|[from] item: Leftovers
|upkeep
|turn|129
|j| union boss
|
|t:|1625168297
|move|p1a: Kyurem|Ice Beam|p2a: Umbreon
|-damage|p2a: Umbreon|6/100
|move|p2a: Umbreon|Wish|p2a: Umbreon
|
|-heal|p2a: Umbreon|12/100|[from] item: Leftovers
|upkeep
|turn|130
|
|t:|1625168299
|move|p2a: Umbreon|Protect|p2a: Umbreon
|-singleturn|p2a: Umbreon|Protect
|move|p1a: Kyurem|Ice Beam|p2a: Umbreon
|-activate|p2a: Umbreon|move: Protect
|
|-heal|p2a: Umbreon|62/100|[from] move: Wish|[wisher] Umbreon
|-heal|p2a: Umbreon|69/100|[from] item: Leftovers
|upkeep
|turn|131
|j| iosfhusifdisdf
|
|t:|1625168301
|move|p1a: Kyurem|Ice Beam|p2a: Umbreon
|-damage|p2a: Umbreon|17/100
|move|p2a: Umbreon|Wish|p2a: Umbreon
|
|-heal|p2a: Umbreon|23/100|[from] item: Leftovers
|upkeep
|turn|132
|
|t:|1625168304
|switch|p1a: Terrakion|Terrakion|94/100
|-damage|p1a: Terrakion|88/100|[from] Stealth Rock
|move|p2a: Umbreon|Protect||[still]
|-fail|p2a: Umbreon
|
|-heal|p2a: Umbreon|73/100|[from] move: Wish|[wisher] Umbreon
|-heal|p2a: Umbreon|79/100|[from] item: Leftovers
|upkeep
|turn|133
|l| HYper
|
|t:|1625168308
|move|p2a: Umbreon|Protect|p2a: Umbreon
|-singleturn|p2a: Umbreon|Protect
|move|p1a: Terrakion|Close Combat|p2a: Umbreon
|-activate|p2a: Umbreon|move: Protect
|
|-heal|p2a: Umbreon|86/100|[from] item: Leftovers
|upkeep
|turn|134
|
|t:|1625168310
|switch|p1a: Kyurem|Kyurem|44/100
|-damage|p1a: Kyurem|20/100|[from] Stealth Rock
|-ability|p1a: Kyurem|Pressure
|switch|p2a: Sylveon|Sylveon, F|74/100
|
|-heal|p2a: Sylveon|80/100|[from] item: Leftovers
|upkeep
|turn|135
|
|t:|1625168312
|move|p2a: Sylveon|Protect|p2a: Sylveon
|-singleturn|p2a: Sylveon|Protect
|move|p1a: Kyurem|Freeze-Dry|p2a: Sylveon
|-activate|p2a: Sylveon|move: Protect
|
|-heal|p2a: Sylveon|86/100|[from] item: Leftovers
|upkeep
|turn|136
|
|t:|1625168315
|move|p1a: Kyurem|Freeze-Dry|p2a: Sylveon
|-damage|p2a: Sylveon|57/100
|move|p2a: Sylveon|Wish|p2a: Sylveon
|
|-heal|p2a: Sylveon|63/100|[from] item: Leftovers
|upkeep
|turn|137
|
|t:|1625168318
|move|p1a: Kyurem|Freeze-Dry|p2a: Sylveon
|-damage|p2a: Sylveon|32/100
|move|p2a: Sylveon|Calm Mind|p2a: Sylveon
|-boost|p2a: Sylveon|spa|1
|-boost|p2a: Sylveon|spd|1
|
|-heal|p2a: Sylveon|82/100|[from] move: Wish|[wisher] Sylveon
|-heal|p2a: Sylveon|88/100|[from] item: Leftovers
|upkeep
|turn|138
|
|t:|1625168320
|move|p1a: Kyurem|Freeze-Dry|p2a: Sylveon
|-damage|p2a: Sylveon|66/100
|move|p2a: Sylveon|Hyper Voice|p1a: Kyurem
|-supereffective|p1a: Kyurem
|-damage|p1a: Kyurem|0 fnt
|faint|p1a: Kyurem
|
|-heal|p2a: Sylveon|73/100|[from] item: Leftovers
|upkeep
|
|t:|1625168322
|switch|p1a: Terrakion|Terrakion|88/100
|-damage|p1a: Terrakion|82/100|[from] Stealth Rock
|turn|139
|
|t:|1625168324
|move|p2a: Sylveon|Protect|p2a: Sylveon
|-singleturn|p2a: Sylveon|Protect
|move|p1a: Terrakion|Stone Edge|p2a: Sylveon
|-activate|p2a: Sylveon|move: Protect
|
|-heal|p2a: Sylveon|79/100|[from] item: Leftovers
|upkeep
|turn|140
|
|t:|1625168332
|switch|p2a: Umbreon|Umbreon, M|86/100
|move|p1a: Terrakion|Stone Edge|p2a: Umbreon|[miss]
|-miss|p1a: Terrakion|p2a: Umbreon
|
|-heal|p2a: Umbreon|92/100|[from] item: Leftovers
|upkeep
|turn|141
|
|t:|1625168336
|move|p1a: Terrakion|Stone Edge|p2a: Umbreon
|-damage|p2a: Umbreon|60/100
|move|p2a: Umbreon|Wish|p2a: Umbreon
|
|-heal|p2a: Umbreon|66/100|[from] item: Leftovers
|upkeep
|turn|142
|c|☆LT81YL EMPIR3|gg
|
|t:|1625168350
|switch|p1a: Gastrodon|Gastrodon, M|58/100
|move|p2a: Umbreon|Protect||[still]
|-fail|p2a: Umbreon
|
|-heal|p2a: Umbreon|100/100|[from] move: Wish|[wisher] Umbreon
|upkeep
|turn|143
|l|☆LT81YL EMPIR3
|inactive|LT81YL EMPIR3 disconnected and has a minute to reconnect!
|player|p1|
|l| BeastyJ157
|l| engracado
|j|☆LT81YL EMPIR3
|inactive|LT81YL EMPIR3 reconnected and has 140 seconds left.
|player|p1|LT81YL EMPIR3|bruno
|c|☆LT81YL EMPIR3|lol
|j| bonustypetype
|c|☆LT81YL EMPIR3|my game crashed
|
|t:|1625168377
|move|p2a: Umbreon|Protect|p2a: Umbreon
|-singleturn|p2a: Umbreon|Protect
|move|p1a: Gastrodon|Recover|p1a: Gastrodon
|-heal|p1a: Gastrodon|100/100
|
|upkeep
|turn|144
|
|t:|1625168384
|move|p2a: Umbreon|Wish|p2a: Umbreon
|move|p1a: Gastrodon|Counter||[still]
|-fail|p1a: Gastrodon
|
|upkeep
|turn|145
|
|t:|1625168388
|switch|p2a: Sylveon|Sylveon, F|79/100
|move|p1a: Gastrodon|Counter||[still]
|-fail|p1a: Gastrodon
|
|-heal|p2a: Sylveon|100/100|[from] move: Wish|[wisher] Umbreon
|upkeep
|turn|146
|
|t:|1625168392
|move|p2a: Sylveon|Protect|p2a: Sylveon
|-singleturn|p2a: Sylveon|Protect
|move|p1a: Gastrodon|Toxic|p2a: Sylveon
|-activate|p2a: Sylveon|move: Protect
|
|upkeep
|turn|147
|
|t:|1625168400
|move|p2a: Sylveon|Calm Mind|p2a: Sylveon
|-boost|p2a: Sylveon|spa|1
|-boost|p2a: Sylveon|spd|1
|move|p1a: Gastrodon|Counter||[still]
|-fail|p1a: Gastrodon
|
|upkeep
|turn|148
|
|t:|1625168402
|move|p2a: Sylveon|Protect|p2a: Sylveon
|-singleturn|p2a: Sylveon|Protect
|move|p1a: Gastrodon|Toxic|p2a: Sylveon
|-activate|p2a: Sylveon|move: Protect
|
|upkeep
|turn|149
|
|t:|1625168411
|move|p2a: Sylveon|Hyper Voice|p1a: Gastrodon
|-damage|p1a: Gastrodon|45/100
|move|p1a: Gastrodon|Counter||[still]
|-fail|p1a: Gastrodon
|
|upkeep
|turn|150
|
|t:|1625168414
|move|p2a: Sylveon|Hyper Voice|p1a: Gastrodon
|-damage|p1a: Gastrodon|0 fnt
|faint|p1a: Gastrodon
|
|upkeep
|
|t:|1625168416
|switch|p1a: Terrakion|Terrakion|82/100
|-damage|p1a: Terrakion|76/100|[from] Stealth Rock
|turn|151
|
|t:|1625168418
|move|p2a: Sylveon|Protect|p2a: Sylveon
|-singleturn|p2a: Sylveon|Protect
|move|p1a: Terrakion|Swords Dance|p1a: Terrakion
|-boost|p1a: Terrakion|atk|2
|
|upkeep
|turn|152
|l| bonustypetype
|-message|LT81YL EMPIR3 forfeited.
|
|win|Lenape
|j| EREN YEIGER
|raw|LT81YL EMPIR3's rating: 1860 &rarr; <strong>1847</strong><br />(-13 for losing)
|raw|Lenape's rating: 1978 &rarr; <strong>1991</strong><br />(+13 for winning)
|c|☆Lenape|Gg
|l|☆LT81YL EMPIR3
|c| EREN YEIGER|OOUCH
|l| itsukashin
|l| EREN YEIGER
||Ladder isn't responding, score probably updated but might not have (Request timeout).
|c|☆Lenape|Who would have thought calm mind sylveon would kill a blissy lol
|l| ppev
|l|☆Lenape
|j| EREN YEIGER
|l| EREN YEIGER
