|j|☆Malicee
|j|☆ezwz
|inactive|Battle timer is ON: inactive players will automatically lose when time's up.
|t:|1610413976
|player|p1|Malicee|parasollady-gen4|
|player|p2|ezwz|youngster-gen4|
|teamsize|p1|6
|teamsize|p2|6
|gametype|singles
|gen|8
|tier|[Gen 8] OU
|rated|Tournament battle
|clearpoke
|poke|p1|Gigalith, F|
|poke|p1|Mew|
|poke|p1|Bronzong|
|poke|p1|Cloyster, M|
|poke|p1|Weezing-Galar, F|
|poke|p1|Steelix, M|
|poke|p2|Hippowdon, M|
|poke|p2|Excadrill, M|
|poke|p2|Ferrothorn, M|
|poke|p2|Toxapex, F|
|poke|p2|Spectrier|
|poke|p2|Mandibuzz, F|
|rule|Sleep Clause Mod: Limit one foe put to sleep
|rule|Species Clause: Limit one of each Pokémon
|rule|OHKO Clause: OHKO moves are banned
|rule|Evasion Moves Clause: Evasion moves are banned
|rule|Endless Battle Clause: Forcing endless battles is banned
|rule|HP Percentage Mod: HP is shown in percentages
|rule|Dynamax Clause: You cannot dynamax
|teampreview
|j| Ppoo Check
|inactive|Malicee has 120 seconds left.
|c|☆Malicee|ezwz you will let me win
|c|☆Malicee|I'm warning you, each of my pokemon are suicide bombers
|
|t:|1610414022
|start
|switch|p1a: Gigalith|Gigalith, F|100/100
|switch|p2a: Hippowdon|Hippowdon, M|100/100
|-weather|Sandstorm|[from] ability: Sand Stream|[of] p2a: Hippowdon
|turn|1
|c|☆Malicee|not even kidding
|j| arod12
|inactive|ezwz has 120 seconds left.
|c|☆ezwz|i might tbh i kinda wanna go to bed 🥵
|
|t:|1610414071
|move|p2a: Hippowdon|Toxic|p1a: Gigalith
|-status|p1a: Gigalith|tox
|move|p1a: Gigalith|Stealth Rock|p2a: Hippowdon
|-sidestart|p2: ezwz|move: Stealth Rock
|
|-weather|Sandstorm|[upkeep]
|-damage|p1a: Gigalith|94/100 tox|[from] psn
|upkeep
|turn|2
|c|☆Malicee|the explosions are so massive that you'll be caught up in the damage
|
|t:|1610414083
|move|p2a: Hippowdon|Stealth Rock|p1a: Gigalith
|-sidestart|p1: Malicee|move: Stealth Rock
|move|p1a: Gigalith|Toxic|p2a: Hippowdon
|-status|p2a: Hippowdon|tox
|
|-weather|Sandstorm|[upkeep]
|-damage|p2a: Hippowdon|94/100 tox|[from] psn
|-damage|p1a: Gigalith|82/100 tox|[from] psn
|upkeep
|turn|3
|inactive|ezwz has 120 seconds left.
|c|☆Malicee|behold
|j| GetThruThis
|c|☆ezwz|if cloyster can explode instead of flinching me to death that'd be cool 🙏
|
|t:|1610414118
|move|p2a: Hippowdon|Earthquake|p1a: Gigalith
|-supereffective|p1a: Gigalith
|-damage|p1a: Gigalith|24/100 tox
|move|p1a: Gigalith|Explosion|p2a: Hippowdon
|-damage|p2a: Hippowdon|14/100 tox
|faint|p1a: Gigalith
|
|-weather|Sandstorm|[upkeep]
|-damage|p2a: Hippowdon|1/100 tox|[from] psn
|upkeep
|
|t:|1610414146
|switch|p1a: Bronzong|Bronzong|100/100
|-damage|p1a: Bronzong|94/100|[from] Stealth Rock
|turn|4
|
|t:|1610414152
|move|p2a: Hippowdon|Slack Off|p2a: Hippowdon
|-heal|p2a: Hippowdon|51/100 tox
|move|p1a: Bronzong|Iron Head|p2a: Hippowdon
|-damage|p2a: Hippowdon|27/100 tox
|
|-weather|Sandstorm|[upkeep]
|-damage|p2a: Hippowdon|8/100 tox|[from] psn
|upkeep
|turn|5
|
|t:|1610414166
|switch|p2a: Ferrothorn|Ferrothorn, M|100/100
|-damage|p2a: Ferrothorn|94/100|[from] Stealth Rock
|move|p1a: Bronzong|Iron Head|p2a: Ferrothorn
|-resisted|p2a: Ferrothorn
|-damage|p2a: Ferrothorn|85/100
|-damage|p1a: Bronzong|82/100|[from] ability: Iron Barbs|[of] p2a: Ferrothorn
|
|-weather|Sandstorm|[upkeep]
|-heal|p2a: Ferrothorn|92/100|[from] item: Leftovers
|upkeep
|turn|6
|l| arod12
|
|t:|1610414182
|move|p1a: Bronzong|Body Press|p2a: Ferrothorn
|-supereffective|p2a: Ferrothorn
|-damage|p2a: Ferrothorn|67/100
|-damage|p1a: Bronzong|69/100|[from] ability: Iron Barbs|[of] p2a: Ferrothorn
|move|p2a: Ferrothorn|Spikes|p1a: Bronzong
|-sidestart|p1: Malicee|Spikes
|
|-weather|Sandstorm|[upkeep]
|-heal|p2a: Ferrothorn|73/100|[from] item: Leftovers
|upkeep
|turn|7
|inactive|Malicee has 120 seconds left.
|
|t:|1610414206
|switch|p1a: Steelix|Steelix, M|100/100
|-damage|p1a: Steelix|97/100|[from] Stealth Rock
|-damage|p1a: Steelix|85/100|[from] Spikes
|move|p2a: Ferrothorn|Leech Seed|p1a: Steelix
|-start|p1a: Steelix|move: Leech Seed
|
|-weather|Sandstorm|[upkeep]
|-heal|p1a: Steelix|91/100|[from] item: Leftovers
|-heal|p2a: Ferrothorn|79/100|[from] item: Leftovers
|-damage|p1a: Steelix|79/100|[from] Leech Seed|[of] p2a: Ferrothorn
|-heal|p2a: Ferrothorn|92/100|[silent]
|upkeep
|turn|8
|inactive|Malicee has 120 seconds left.
|c|☆Malicee|you will find a hole
|c|☆Malicee|and crawl into it
|
|t:|1610414220
|move|p1a: Steelix|Body Press|p2a: Ferrothorn
|-supereffective|p2a: Ferrothorn
|-damage|p2a: Ferrothorn|46/100
|-damage|p1a: Steelix|66/100|[from] ability: Iron Barbs|[of] p2a: Ferrothorn
|move|p2a: Ferrothorn|Body Press|p1a: Steelix
|-supereffective|p1a: Steelix
|-damage|p1a: Steelix|39/100
|
|-weather|none
|-heal|p1a: Steelix|45/100|[from] item: Leftovers
|-heal|p2a: Ferrothorn|52/100|[from] item: Leftovers
|-damage|p1a: Steelix|32/100|[from] Leech Seed|[of] p2a: Ferrothorn
|-heal|p2a: Ferrothorn|65/100|[silent]
|upkeep
|turn|9
|inactive|Malicee has 120 seconds left.
|
|t:|1610414232
|switch|p2a: Spectrier|Spectrier|100/100
|-damage|p2a: Spectrier|88/100|[from] Stealth Rock
|move|p1a: Steelix|Body Press|p2a: Spectrier
|-immune|p2a: Spectrier
|
|-heal|p2a: Spectrier|94/100|[from] item: Leftovers
|-heal|p1a: Steelix|39/100|[from] item: Leftovers
|-damage|p1a: Steelix|26/100|[from] Leech Seed|[of] p2a: Spectrier
|-heal|p2a: Spectrier|100/100|[silent]
|upkeep
|turn|10
|inactive|Malicee has 120 seconds left.
|c|☆Malicee|there's a lot of hungry men in this world with guns
|
|t:|1610414251
|move|p2a: Spectrier|Calm Mind|p2a: Spectrier
|-boost|p2a: Spectrier|spa|1
|-boost|p2a: Spectrier|spd|1
|move|p1a: Steelix|Earthquake|p2a: Spectrier
|-damage|p2a: Spectrier|51/100
|
|-heal|p2a: Spectrier|57/100|[from] item: Leftovers
|-heal|p1a: Steelix|32/100|[from] item: Leftovers
|-damage|p1a: Steelix|20/100|[from] Leech Seed|[of] p2a: Spectrier
|-heal|p2a: Spectrier|70/100|[silent]
|upkeep
|turn|11
|
|t:|1610414262
|move|p2a: Spectrier|Hex|p1a: Steelix
|-damage|p1a: Steelix|0 fnt
|faint|p1a: Steelix
|-ability|p2a: Spectrier|Grim Neigh|boost
|-boost|p2a: Spectrier|spa|1
|
|-heal|p2a: Spectrier|76/100|[from] item: Leftovers
|upkeep
|
|t:|1610414275
|switch|p1a: Bronzong|Bronzong|69/100
|-damage|p1a: Bronzong|63/100|[from] Stealth Rock
|turn|12
|
|t:|1610414282
|move|p2a: Spectrier|Hex|p1a: Bronzong
|-supereffective|p1a: Bronzong
|-damage|p1a: Bronzong|0 fnt
|faint|p1a: Bronzong
|-ability|p2a: Spectrier|Grim Neigh|boost
|-boost|p2a: Spectrier|spa|1
|
|-heal|p2a: Spectrier|83/100|[from] item: Leftovers
|upkeep
|
|t:|1610414291
|switch|p1a: Cloyster|Cloyster, M|100/100
|-damage|p1a: Cloyster|76/100|[from] Stealth Rock
|-damage|p1a: Cloyster|63/100|[from] Spikes
|turn|13
|
|t:|1610414297
|move|p2a: Spectrier|Hex|p1a: Cloyster
|-damage|p1a: Cloyster|0 fnt
|faint|p1a: Cloyster
|-ability|p2a: Spectrier|Grim Neigh|boost
|-boost|p2a: Spectrier|spa|1
|
|-heal|p2a: Spectrier|89/100|[from] item: Leftovers
|upkeep
|
|t:|1610414304
|switch|p1a: Weezing|Weezing-Galar, F|100/100
|-ability|p1a: Weezing|Neutralizing Gas
|-damage|p1a: Weezing|88/100|[from] Stealth Rock
|-damage|p1a: Weezing|76/100|[from] Spikes
|turn|14
|inactive|Malicee has 120 seconds left.
|
|t:|1610414314
|move|p2a: Spectrier|Hex|p1a: Weezing
|-damage|p1a: Weezing|0 fnt
|faint|p1a: Weezing
|-end|p1a: Weezing|ability: Neutralizing Gas
|-ability|p2a: Spectrier|Grim Neigh|boost
|-boost|p2a: Spectrier|spa|1
|
|-heal|p2a: Spectrier|95/100|[from] item: Leftovers
|upkeep
|inactive|Malicee has 120 seconds left.
|
|t:|1610414324
|switch|p1a: Mew|Mew|100/100
|-damage|p1a: Mew|88/100|[from] Stealth Rock
|-damage|p1a: Mew|76/100|[from] Spikes
|turn|15
|
|t:|1610414330
|move|p2a: Spectrier|Hex|p1a: Mew
|-supereffective|p1a: Mew
|-damage|p1a: Mew|0 fnt
|faint|p1a: Mew
|
|win|ezwz
|n|☆Malicee|malicee
|n|☆ezwz|ezwz
|n| Ppoo Check|ppoocheck
|n| GetThruThis|getthruthis
|j| rose of geass
|c|☆Malicee|et tu, ezwz
|c|☆Malicee|x_x
|c|☆ezwz|:x
|l|☆ezwz
|l|☆Malicee
|l| rose of geass
