|raw|<div class="broadcast-blue"><strong>This battle is required to be public due to a player having a name starting with 'lt91bb'.</div>
|j|☆Plasmeek
|j|☆LT91BB Why
|t:|1659466012
|gametype|singles
|player|p1|Plasmeek|1|1858
|player|p2|LT91BB Why|265|1789
|teamsize|p1|6
|teamsize|p2|6
|gen|8
|tier|[Gen 8] OU
|rated|
|rule|Sleep Clause Mod: Limit one foe put to sleep
|rule|Species Clause: Limit one of each Pokémon
|rule|OHKO Clause: OHKO moves are banned
|rule|Evasion Moves Clause: Evasion moves are banned
|rule|Endless Battle Clause: Forcing endless battles is banned
|rule|HP Percentage Mod: HP is shown in percentages
|rule|Dynamax Clause: You cannot dynamax
|clearpoke
|poke|p1|Rillaboom, M|
|poke|p1|Kartana|
|poke|p1|Clefable, F|
|poke|p1|Garchomp, M|
|poke|p1|Heatran, M|
|poke|p1|Tornadus-Therian, M|
|poke|p2|Urshifu-*, M|
|poke|p2|Bisharp, M|
|poke|p2|Aegislash, F|
|poke|p2|Zapdos|
|poke|p2|Landorus-Therian, M|
|poke|p2|Rillaboom, F|
|teampreview
|j| gssagssagssag
|l| gssagssagssag
|inactive|Battle timer is ON: inactive players will automatically lose when time's up. (requested by Plasmeek)
|inactive|LT91BB Why has 120 seconds left.
|
|t:|1659466080
|start
|switch|p1a: Tornadus|Tornadus-Therian, M|100/100
|switch|p2a: Landorus|Landorus-Therian, M|100/100
|-ability|p2a: Landorus|Intimidate|boost
|-unboost|p1a: Tornadus|atk|1
|turn|1
|
|t:|1659466084
|move|p1a: Tornadus|Knock Off|p2a: Landorus
|-damage|p2a: Landorus|88/100
|-enditem|p2a: Landorus|Leftovers|[from] move: Knock Off|[of] p1a: Tornadus
|move|p2a: Landorus|Knock Off|p1a: Tornadus
|-damage|p1a: Tornadus|72/100
|-enditem|p1a: Tornadus|Heavy-Duty Boots|[from] move: Knock Off|[of] p2a: Landorus
|
|upkeep
|turn|2
|
|t:|1659466087
|move|p1a: Tornadus|U-turn|p2a: Landorus
|-resisted|p2a: Landorus
|-damage|p2a: Landorus|83/100
|
|t:|1659466090
|switch|p1a: Clefable|Clefable, F|100/100|[from]move: U-turn
|move|p2a: Landorus|Stealth Rock|p1a: Clefable
|-sidestart|p1: Plasmeek|move: Stealth Rock
|
|upkeep
|turn|3
|
|t:|1659466093
|move|p2a: Landorus|Knock Off|p1a: Clefable
|-resisted|p1a: Clefable
|-damage|p1a: Clefable|90/100
|move|p1a: Clefable|Stealth Rock|p2a: Landorus
|-sidestart|p2: LT91BB Why|move: Stealth Rock
|
|-damage|p2a: Landorus|71/100|[from] item: Sticky Barb
|upkeep
|turn|4
|
|t:|1659466100
|move|p2a: Landorus|Earthquake|p1a: Clefable
|-damage|p1a: Clefable|53/100
|move|p1a: Clefable|Moonblast|p2a: Landorus
|-damage|p2a: Landorus|48/100
|
|-damage|p2a: Landorus|36/100|[from] item: Sticky Barb
|upkeep
|turn|5
|
|t:|1659466104
|move|p2a: Landorus|U-turn|p1a: Clefable
|-resisted|p1a: Clefable
|-damage|p1a: Clefable|44/100
|
|t:|1659466105
|switch|p2a: Aegislash|Aegislash, F|100/100|[from]move: U-turn
|-damage|p2a: Aegislash|94/100|[from] Stealth Rock
|move|p1a: Clefable|Soft-Boiled|p1a: Clefable
|-heal|p1a: Clefable|94/100
|
|upkeep
|turn|6
|
|t:|1659466121
|-formechange|p2a: Aegislash|Aegislash-Blade||[from] ability: Stance Change
|move|p2a: Aegislash|Shadow Ball|p1a: Clefable
|-damage|p1a: Clefable|32/100
|move|p1a: Clefable|Soft-Boiled|p1a: Clefable
|-heal|p1a: Clefable|82/100
|
|upkeep
|turn|7
|
|t:|1659466144
|switch|p1a: Heatran|Heatran, M|100/100
|-damage|p1a: Heatran|88/100|[from] Stealth Rock
|move|p2a: Aegislash|Shadow Ball|p1a: Heatran
|-damage|p1a: Heatran|43/100
|
|-heal|p1a: Heatran|49/100|[from] item: Leftovers
|upkeep
|turn|8
|
|t:|1659466151
|switch|p2a: Urshifu|Urshifu-Rapid-Strike, M|100/100
|-damage|p2a: Urshifu|94/100|[from] Stealth Rock
|move|p1a: Heatran|Magma Storm|p2a: Urshifu|[miss]
|-miss|p1a: Heatran|p2a: Urshifu
|
|-heal|p1a: Heatran|55/100|[from] item: Leftovers
|upkeep
|turn|9
|
|t:|1659466160
|switch|p1a: Tornadus|Tornadus-Therian, M|100/100
|-damage|p1a: Tornadus|76/100|[from] Stealth Rock
|move|p2a: Urshifu|Surging Strikes|p1a: Tornadus
|-crit|p1a: Tornadus
|-damage|p1a: Tornadus|57/100
|-crit|p1a: Tornadus
|-damage|p1a: Tornadus|35/100
|-crit|p1a: Tornadus
|-damage|p1a: Tornadus|15/100
|-hitcount|p1a: Tornadus|3
|
|upkeep
|turn|10
|
|t:|1659466165
|move|p2a: Urshifu|Aqua Jet|p1a: Tornadus
|-damage|p1a: Tornadus|0 fnt
|faint|p1a: Tornadus
|
|upkeep
|inactive|Plasmeek has 120 seconds left.
|
|t:|1659466191
|switch|p1a: Kartana|Kartana|100/100
|-damage|p1a: Kartana|94/100|[from] Stealth Rock
|turn|11
|
|t:|1659466197
|switch|p2a: Zapdos|Zapdos|100/100
|move|p1a: Kartana|Knock Off|p2a: Zapdos
|-crit|p2a: Zapdos
|-damage|p2a: Zapdos|51/100
|-enditem|p2a: Zapdos|Heavy-Duty Boots|[from] move: Knock Off|[of] p1a: Kartana
|
|upkeep
|turn|12
|
|t:|1659466203
|switch|p1a: Garchomp|Garchomp, M|100/100
|-damage|p1a: Garchomp|94/100|[from] Stealth Rock
|move|p2a: Zapdos|Roost|p2a: Zapdos
|-heal|p2a: Zapdos|100/100
|-singleturn|p2a: Zapdos|move: Roost
|
|-heal|p1a: Garchomp|100/100|[from] item: Leftovers
|upkeep
|turn|13
|
|t:|1659466208
|switch|p2a: Landorus|Landorus-Therian, M|36/100
|-damage|p2a: Landorus|23/100|[from] Stealth Rock
|-ability|p2a: Landorus|Intimidate|boost
|-unboost|p1a: Garchomp|atk|1
|move|p1a: Garchomp|Swords Dance|p1a: Garchomp
|-boost|p1a: Garchomp|atk|2
|
|-damage|p2a: Landorus|11/100|[from] item: Sticky Barb
|upkeep
|turn|14
|
|t:|1659466216
|move|p1a: Garchomp|Fire Fang|p2a: Landorus
|-damage|p2a: Landorus|0 fnt
|faint|p2a: Landorus
|
|upkeep
|
|t:|1659466222
|switch|p2a: Urshifu|Urshifu-Rapid-Strike, M|94/100
|-damage|p2a: Urshifu|88/100|[from] Stealth Rock
|turn|15
|
|t:|1659466227
|move|p1a: Garchomp|Earthquake|p2a: Urshifu
|-damage|p2a: Urshifu|3/100
|move|p2a: Urshifu|Close Combat|p1a: Garchomp
|-damage|p1a: Garchomp|38/100
|-unboost|p2a: Urshifu|def|1
|-unboost|p2a: Urshifu|spd|1
|-activate|p1a: Garchomp|ability: Rough Skin
|-activate|p2a: Urshifu|item: Protective Pads
|
|-heal|p1a: Garchomp|44/100|[from] item: Leftovers
|upkeep
|turn|16
|
|t:|1659466236
|move|p2a: Urshifu|Aqua Jet|p1a: Garchomp
|-damage|p1a: Garchomp|25/100
|-activate|p1a: Garchomp|ability: Rough Skin
|-activate|p2a: Urshifu|item: Protective Pads
|move|p1a: Garchomp|Earthquake|p2a: Urshifu
|-damage|p2a: Urshifu|0 fnt
|faint|p2a: Urshifu
|
|-heal|p1a: Garchomp|31/100|[from] item: Leftovers
|upkeep
|
|t:|1659466239
|switch|p2a: Rillaboom|Rillaboom, F|100/100
|-damage|p2a: Rillaboom|88/100|[from] Stealth Rock
|-fieldstart|move: Grassy Terrain|[from] ability: Grassy Surge|[of] p2a: Rillaboom
|turn|17
|
|t:|1659466246
|switch|p1a: Kartana|Kartana|94/100
|-damage|p1a: Kartana|88/100|[from] Stealth Rock
|move|p2a: Rillaboom|Swords Dance|p2a: Rillaboom
|-boost|p2a: Rillaboom|atk|2
|
|-heal|p1a: Kartana|94/100|[from] Grassy Terrain
|-heal|p2a: Rillaboom|94/100|[from] Grassy Terrain
|upkeep
|turn|18
|
|t:|1659466256
|move|p1a: Kartana|Smart Strike|p2a: Rillaboom
|-damage|p2a: Rillaboom|42/100
|move|p2a: Rillaboom|Superpower|p1a: Kartana
|-supereffective|p1a: Kartana
|-damage|p1a: Kartana|0 fnt
|-unboost|p2a: Rillaboom|atk|1
|-unboost|p2a: Rillaboom|def|1
|faint|p1a: Kartana
|-damage|p2a: Rillaboom|32/100|[from] item: Life Orb
|
|-heal|p2a: Rillaboom|39/100|[from] Grassy Terrain
|upkeep
|
|t:|1659466260
|switch|p1a: Rillaboom|Rillaboom, M|100/100
|-damage|p1a: Rillaboom|88/100|[from] Stealth Rock
|turn|19
|
|t:|1659466263
|switch|p2a: Zapdos|Zapdos|100/100
|-damage|p2a: Zapdos|76/100|[from] Stealth Rock
|move|p1a: Rillaboom|Grassy Glide|p2a: Zapdos
|-resisted|p2a: Zapdos
|-damage|p2a: Zapdos|47/100
|-damage|p1a: Rillaboom|78/100|[from] item: Life Orb
|
|-heal|p1a: Rillaboom|84/100|[from] Grassy Terrain
|upkeep
|turn|20
|
|t:|1659466270
|switch|p1a: Heatran|Heatran, M|55/100
|-damage|p1a: Heatran|43/100|[from] Stealth Rock
|move|p2a: Zapdos|Hurricane|p1a: Heatran|[miss]
|-miss|p2a: Zapdos|p1a: Heatran
|
|-heal|p1a: Heatran|49/100|[from] Grassy Terrain
|-heal|p1a: Heatran|55/100|[from] item: Leftovers
|upkeep
|turn|21
|
|t:|1659466280
|move|p2a: Zapdos|Volt Switch|p1a: Heatran
|-damage|p1a: Heatran|36/100
|
|t:|1659466304
|switch|p2a: Bisharp|Bisharp, M|100/100|[from]move: Volt Switch
|-damage|p2a: Bisharp|95/100|[from] Stealth Rock
|move|p1a: Heatran|Magma Storm|p2a: Bisharp
|-supereffective|p2a: Bisharp
|-damage|p2a: Bisharp|0 fnt
|faint|p2a: Bisharp
|
|-heal|p1a: Heatran|42/100|[from] Grassy Terrain
|-heal|p1a: Heatran|49/100|[from] item: Leftovers
|-fieldend|move: Grassy Terrain
|upkeep
|
|t:|1659466309
|switch|p2a: Aegislash|Aegislash, F|94/100
|-damage|p2a: Aegislash|88/100|[from] Stealth Rock
|turn|22
|
|t:|1659466314
|move|p1a: Heatran|Protect|p1a: Heatran
|-singleturn|p1a: Heatran|Protect
|-formechange|p2a: Aegislash|Aegislash-Blade||[from] ability: Stance Change
|move|p2a: Aegislash|Shadow Ball|p1a: Heatran
|-activate|p1a: Heatran|move: Protect
|
|-heal|p1a: Heatran|55/100|[from] item: Leftovers
|upkeep
|turn|23
|-message|LT91BB Why forfeited.
|
|win|Plasmeek
|raw|Plasmeek's rating: 1858 &rarr; <strong>1874</strong><br />(+16 for winning)
|raw|LT91BB Why's rating: 1789 &rarr; <strong>1773</strong><br />(-16 for losing)
|l|☆LT91BB Why
||Ladder isn't responding, score probably updated but might not have (Request timeout).
