|j|☆SDK04
|j|☆ProbablyTTT
|t:|1665260337
|gametype|singles
|player|p1|SDK04|nate|1498
|player|p2|ProbablyTTT|ethan|1478
|teamsize|p1|6
|teamsize|p2|6
|gen|8
|tier|[Gen 8] OU
|rated|
|rule|Sleep Clause Mod: Limit one foe put to sleep
|rule|Species Clause: Limit one of each Pokémon
|rule|OHKO Clause: OHKO moves are banned
|rule|Evasion Items Clause: Evasion items are banned
|rule|Evasion Moves Clause: Evasion moves are banned
|rule|Endless Battle Clause: Forcing endless battles is banned
|rule|HP Percentage Mod: HP is shown in percentages
|rule|Dynamax Clause: You cannot dynamax
|clearpoke
|poke|p1|Heatran, M|
|poke|p1|Rillaboom, F|
|poke|p1|Zeraora|
|poke|p1|Buzzwole|
|poke|p1|Tornadus-Therian, M|
|poke|p1|Rotom-Wash|
|poke|p2|Kartana|
|poke|p2|Tapu Lele|
|poke|p2|Tornadus-Therian, M|
|poke|p2|Hippowdon, F|
|poke|p2|Umbreon, M|
|poke|p2|Toxapex, F|
|teampreview
|inactive|Battle timer is ON: inactive players will automatically lose when time's up. (requested by SDK04)
|
|t:|1665260342
|start
|switch|p1a: Samsung|Rotom-Wash|100/100
|switch|p2a: Tornadus|Tornadus-Therian, M|100/100
|turn|1
|
|t:|1665260349
|move|p2a: Tornadus|Knock Off|p1a: Samsung
|-damage|p1a: Samsung|80/100
|-enditem|p1a: Samsung|Leftovers|[from] move: Knock Off|[of] p2a: Tornadus
|move|p1a: Samsung|Thunder Wave|p2a: Tornadus
|-status|p2a: Tornadus|par
|
|upkeep
|turn|2
|
|t:|1665260356
|move|p1a: Samsung|Volt Switch|p2a: Tornadus
|-supereffective|p2a: Tornadus
|-damage|p2a: Tornadus|47/100 par
|
|t:|1665260360
|switch|p1a: Bolt|Zeraora, shiny|100/100|[from]move: Volt Switch
|cant|p2a: Tornadus|par
|
|upkeep
|turn|3
|
|t:|1665260367
|switch|p2a: Hippowdon|Hippowdon, F|100/100
|-weather|Sandstorm|[from] ability: Sand Stream|[of] p2a: Hippowdon
|move|p1a: Bolt|Bulk Up|p1a: Bolt
|-boost|p1a: Bolt|atk|1
|-boost|p1a: Bolt|def|1
|
|-weather|Sandstorm|[upkeep]
|-damage|p1a: Bolt|95/100|[from] Sandstorm
|upkeep
|turn|4
|
|t:|1665260370
|switch|p1a: MMA Hippie|Rillaboom, F, shiny|100/100
|-fieldstart|move: Grassy Terrain|[from] ability: Grassy Surge|[of] p1a: MMA Hippie
|move|p2a: Hippowdon|Stealth Rock|p1a: MMA Hippie
|-sidestart|p1: SDK04|move: Stealth Rock
|
|-weather|Sandstorm|[upkeep]
|-damage|p1a: MMA Hippie|94/100|[from] Sandstorm
|-heal|p1a: MMA Hippie|100/100|[from] Grassy Terrain
|upkeep
|turn|5
|
|t:|1665260379
|switch|p2a: Toxapex|Toxapex, F|100/100
|move|p1a: MMA Hippie|U-turn|p2a: Toxapex
|-resisted|p2a: Toxapex
|-damage|p2a: Toxapex|88/100
|-damage|p1a: MMA Hippie|84/100|[from] item: Rocky Helmet|[of] p2a: Toxapex
|
|t:|1665260388
|switch|p1a: Samsung|Rotom-Wash|80/100|[from]move: U-turn
|-damage|p1a: Samsung|67/100|[from] Stealth Rock
|
|-weather|Sandstorm|[upkeep]
|-damage|p1a: Samsung|61/100|[from] Sandstorm
|-damage|p2a: Toxapex|82/100|[from] Sandstorm
|-heal|p2a: Toxapex|88/100|[from] Grassy Terrain
|upkeep
|turn|6
|
|t:|1665260409
|move|p1a: Samsung|Thunder Wave|p2a: Toxapex
|-status|p2a: Toxapex|par
|move|p2a: Toxapex|Recover|p2a: Toxapex
|-heal|p2a: Toxapex|100/100 par
|
|-weather|Sandstorm|[upkeep]
|-damage|p1a: Samsung|55/100|[from] Sandstorm
|-damage|p2a: Toxapex|95/100 par|[from] Sandstorm
|-heal|p2a: Toxapex|100/100 par|[from] Grassy Terrain
|upkeep
|turn|7
|
|t:|1665260417
|move|p1a: Samsung|Pain Split|p2a: Toxapex
|-sethp|p2a: Toxapex|78/100 par|[from] move: Pain Split|[silent]
|-sethp|p1a: Samsung|77/100|[from] move: Pain Split
|cant|p2a: Toxapex|par
|
|-weather|none
|-heal|p2a: Toxapex|84/100 par|[from] Grassy Terrain
|upkeep
|turn|8
|
|t:|1665260421
|move|p1a: Samsung|Volt Switch|p2a: Toxapex
|-supereffective|p2a: Toxapex
|-damage|p2a: Toxapex|39/100 par
|
|t:|1665260426
|switch|p1a: Minor Annoyance|Tornadus-Therian, M, shiny|100/100|[from]move: Volt Switch
|cant|p2a: Toxapex|par
|
|-heal|p2a: Toxapex|45/100 par|[from] Grassy Terrain
|-fieldend|move: Grassy Terrain
|upkeep
|turn|9
|
|t:|1665260438
|switch|p2a: Hippowdon|Hippowdon, F|100/100
|-weather|Sandstorm|[from] ability: Sand Stream|[of] p2a: Hippowdon
|move|p1a: Minor Annoyance|Knock Off|p2a: Hippowdon
|-damage|p2a: Hippowdon|86/100
|-enditem|p2a: Hippowdon|Leftovers|[from] move: Knock Off|[of] p1a: Minor Annoyance
|
|-weather|Sandstorm|[upkeep]
|-damage|p1a: Minor Annoyance|94/100|[from] Sandstorm
|upkeep
|turn|10
|
|t:|1665260441
|move|p1a: Minor Annoyance|Hurricane|p2a: Hippowdon
|-damage|p2a: Hippowdon|59/100
|move|p2a: Hippowdon|Toxic|p1a: Minor Annoyance
|-status|p1a: Minor Annoyance|tox
|
|-weather|Sandstorm|[upkeep]
|-damage|p1a: Minor Annoyance|88/100 tox|[from] Sandstorm
|-damage|p1a: Minor Annoyance|82/100 tox|[from] psn
|upkeep
|turn|11
|
|t:|1665260450
|move|p1a: Minor Annoyance|Hurricane|p2a: Hippowdon
|-damage|p2a: Hippowdon|27/100
|move|p2a: Hippowdon|Slack Off|p2a: Hippowdon
|-heal|p2a: Hippowdon|77/100
|
|-weather|Sandstorm|[upkeep]
|-damage|p1a: Minor Annoyance|76/100 tox|[from] Sandstorm
|-damage|p1a: Minor Annoyance|64/100 tox|[from] psn
|upkeep
|turn|12
|
|t:|1665260458
|move|p1a: Minor Annoyance|Defog|p2a: Hippowdon
|-unboost|p2a: Hippowdon|evasion|1
|-sideend|p1: SDK04|Stealth Rock|[from] move: Defog|[of] p1a: Minor Annoyance
|move|p2a: Hippowdon|Toxic|p1a: Minor Annoyance
|-fail|p1a: Minor Annoyance|tox
|
|-weather|Sandstorm|[upkeep]
|-damage|p1a: Minor Annoyance|58/100 tox|[from] Sandstorm
|-damage|p1a: Minor Annoyance|40/100 tox|[from] psn
|upkeep
|turn|13
|
|t:|1665260463
|move|p1a: Minor Annoyance|U-turn|p2a: Hippowdon
|-damage|p2a: Hippowdon|66/100
|
|t:|1665260465
|switch|p1a: MMA Hippie|Rillaboom, F, shiny|84/100|[from]move: U-turn
|-fieldstart|move: Grassy Terrain|[from] ability: Grassy Surge|[of] p1a: MMA Hippie
|move|p2a: Hippowdon|Stealth Rock|p1a: MMA Hippie
|-sidestart|p1: SDK04|move: Stealth Rock
|
|-weather|none
|-heal|p1a: MMA Hippie|90/100|[from] Grassy Terrain
|-heal|p2a: Hippowdon|72/100|[from] Grassy Terrain
|upkeep
|turn|14
|
|t:|1665260470
|switch|p2a: Toxapex|Toxapex, F|79/100 par
|move|p1a: MMA Hippie|Wood Hammer|p2a: Toxapex
|-damage|p2a: Toxapex|5/100 par
|-damage|p1a: MMA Hippie|74/100|[from] item: Rocky Helmet|[of] p2a: Toxapex
|-damage|p1a: MMA Hippie|52/100|[from] Recoil
|
|-heal|p1a: MMA Hippie|59/100|[from] Grassy Terrain
|-heal|p2a: Toxapex|11/100 par|[from] Grassy Terrain
|upkeep
|turn|15
|
|t:|1665260486
|switch|p2a: Tornadus|Tornadus-Therian, M|80/100 par
|move|p1a: MMA Hippie|Wood Hammer|p2a: Tornadus
|-resisted|p2a: Tornadus
|-damage|p2a: Tornadus|15/100 par
|-damage|p1a: MMA Hippie|36/100|[from] Recoil
|
|-heal|p1a: MMA Hippie|42/100|[from] Grassy Terrain
|upkeep
|turn|16
|
|t:|1665260492
|switch|p2a: Umbreon|Umbreon, M|100/100
|move|p1a: MMA Hippie|Wood Hammer|p2a: Umbreon
|-damage|p2a: Umbreon|29/100
|-damage|p1a: MMA Hippie|15/100|[from] Recoil
|
|-heal|p1a: MMA Hippie|21/100|[from] Grassy Terrain
|-heal|p2a: Umbreon|35/100|[from] Grassy Terrain
|-heal|p2a: Umbreon|41/100|[from] item: Leftovers
|upkeep
|turn|17
|
|t:|1665260499
|move|p2a: Umbreon|Protect|p2a: Umbreon
|-singleturn|p2a: Umbreon|Protect
|move|p1a: MMA Hippie|Wood Hammer|p2a: Umbreon
|-activate|p2a: Umbreon|move: Protect
|
|-heal|p1a: MMA Hippie|27/100|[from] Grassy Terrain
|-heal|p2a: Umbreon|48/100|[from] Grassy Terrain
|-heal|p2a: Umbreon|54/100|[from] item: Leftovers
|-fieldend|move: Grassy Terrain
|upkeep
|turn|18
|
|t:|1665260510
|switch|p1a: THE TANK|Buzzwole|100/100
|-damage|p1a: THE TANK|88/100|[from] Stealth Rock
|move|p2a: Umbreon|Heal Bell|p2a: Umbreon
|-activate|p2a: Umbreon|move: Heal Bell
|-curestatus|p2: Toxapex|par|[msg]
|-curestatus|p2: Tornadus|par|[msg]
|
|-heal|p2a: Umbreon|60/100|[from] item: Leftovers
|upkeep
|turn|19
|
|t:|1665260522
|switch|p2a: Hippowdon|Hippowdon, F|72/100
|-weather|Sandstorm|[from] ability: Sand Stream|[of] p2a: Hippowdon
|move|p1a: THE TANK|Ice Punch|p2a: Hippowdon
|-supereffective|p2a: Hippowdon
|-damage|p2a: Hippowdon|34/100
|
|-weather|Sandstorm|[upkeep]
|-damage|p1a: THE TANK|82/100|[from] Sandstorm
|upkeep
|turn|20
|
|t:|1665260539
|switch|p1a: Samsung|Rotom-Wash|77/100
|-damage|p1a: Samsung|65/100|[from] Stealth Rock
|switch|p2a: Toxapex|Toxapex, F|45/100
|
|-weather|Sandstorm|[upkeep]
|-damage|p1a: Samsung|59/100|[from] Sandstorm
|-damage|p2a: Toxapex|39/100|[from] Sandstorm
|upkeep
|turn|21
|
|t:|1665260551
|switch|p2a: Umbreon|Umbreon, M|60/100
|move|p1a: Samsung|Thunder Wave|p2a: Umbreon
|-status|p2a: Umbreon|par
|-activate|p2a: Umbreon|ability: Synchronize
|-immune|p1a: Samsung
|
|-weather|Sandstorm|[upkeep]
|-damage|p1a: Samsung|52/100|[from] Sandstorm
|-damage|p2a: Umbreon|54/100 par|[from] Sandstorm
|-heal|p2a: Umbreon|60/100 par|[from] item: Leftovers
|upkeep
|turn|22
|
|t:|1665260555
|move|p1a: Samsung|Volt Switch|p2a: Umbreon
|-damage|p2a: Umbreon|44/100 par
|
|t:|1665260567
|switch|p1a: Minor Annoyance|Tornadus-Therian, M, shiny|73/100 tox|[from]move: Volt Switch
|cant|p2a: Umbreon|par
|
|-weather|Sandstorm|[upkeep]
|-damage|p1a: Minor Annoyance|67/100 tox|[from] Sandstorm
|-damage|p2a: Umbreon|37/100 par|[from] Sandstorm
|-heal|p2a: Umbreon|44/100 par|[from] item: Leftovers
|-damage|p1a: Minor Annoyance|61/100 tox|[from] psn
|upkeep
|turn|23
|
|t:|1665260572
|cant|p2a: Umbreon|par
|move|p1a: Minor Annoyance|Defog|p2a: Umbreon
|-unboost|p2a: Umbreon|evasion|1
|-sideend|p1: SDK04|Stealth Rock|[from] move: Defog|[of] p1a: Minor Annoyance
|
|-weather|none
|-heal|p2a: Umbreon|50/100 par|[from] item: Leftovers
|-damage|p1a: Minor Annoyance|49/100 tox|[from] psn
|upkeep
|turn|24
|
|t:|1665260589
|move|p2a: Umbreon|Protect|p2a: Umbreon
|-singleturn|p2a: Umbreon|Protect
|move|p1a: Minor Annoyance|Knock Off|p2a: Umbreon
|-activate|p2a: Umbreon|move: Protect
|
|-heal|p2a: Umbreon|56/100 par|[from] item: Leftovers
|-damage|p1a: Minor Annoyance|30/100 tox|[from] psn
|upkeep
|turn|25
|
|t:|1665260597
|move|p1a: Minor Annoyance|Knock Off|p2a: Umbreon
|-resisted|p2a: Umbreon
|-damage|p2a: Umbreon|50/100 par
|-enditem|p2a: Umbreon|Leftovers|[from] move: Knock Off|[of] p1a: Minor Annoyance
|cant|p2a: Umbreon|par
|
|-damage|p1a: Minor Annoyance|6/100 tox|[from] psn
|upkeep
|turn|26
|-message|ProbablyTTT forfeited.
|
|win|SDK04
|raw|SDK04's rating: 1498 &rarr; <strong>1517</strong><br />(+19 for winning)
|raw|ProbablyTTT's rating: 1478 &rarr; <strong>1459</strong><br />(-19 for losing)
|l|☆ProbablyTTT
||Ladder isn't responding, score probably updated but might not have (Request timeout).
