|j|☆Sww-Suwa
|j|☆cogonahorse
|inactive|Battle timer is ON: inactive players will automatically lose when time's up.
|t:|1658524113
|gametype|singles
|player|p1|Sww-Suwa|lisia|
|player|p2|cogonahorse|hilbert-wonderlauncher|
|teamsize|p1|6
|teamsize|p2|6
|gen|8
|tier|[Gen 8] OU
|rated|Tournament battle
|rule|Sleep Clause Mod: Limit one foe put to sleep
|rule|Species Clause: Limit one of each Pokémon
|rule|OHKO Clause: OHKO moves are banned
|rule|Evasion Moves Clause: Evasion moves are banned
|rule|Endless Battle Clause: Forcing endless battles is banned
|rule|HP Percentage Mod: HP is shown in percentages
|rule|Dynamax Clause: You cannot dynamax
|clearpoke
|poke|p1|Registeel|
|poke|p1|Mew|
|poke|p1|Ninetales-Alola, M|
|poke|p1|Victini|
|poke|p1|Garchomp, F|
|poke|p1|Tornadus-Therian, M|
|poke|p2|Urshifu-*, F|
|poke|p2|Garchomp, F|
|poke|p2|Blacephalon|
|poke|p2|Zapdos|
|poke|p2|Toxapex, M|
|poke|p2|Sylveon, M|
|teampreview
|c|☆Sww-Suwa|hf
|c|☆cogonahorse|hf
|c|☆cogonahorse|this is my first battle int his tour
|c|☆Sww-Suwa|this is my 6th? lmfao
|j| lou dort
|
|t:|1658524135
|start
|switch|p1a: Mew|Mew|100/100
|switch|p2a: Urshifu|Urshifu-Rapid-Strike, F|100/100
|-weather|RainDance|[from] ability: Drizzle|[of] p2a: Urshifu
|turn|1
|c|☆cogonahorse|lmao
|j|%htcl (>◡<)
|
|t:|1658524145
|move|p2a: Urshifu|Surging Strikes|p1a: Mew
|-crit|p1a: Mew
|-damage|p1a: Mew|74/100
|-crit|p1a: Mew
|-damage|p1a: Mew|49/100
|-crit|p1a: Mew
|-damage|p1a: Mew|26/100
|-hitcount|p1a: Mew|3
|move|p1a: Mew|Stealth Rock|p2a: Urshifu
|-sidestart|p2: cogonahorse|move: Stealth Rock
|
|-weather|RainDance|[upkeep]
|upkeep
|turn|2
|j| TheQzertz
|j|%ian_yo
|
|t:|1658524155
|move|p2a: Urshifu|Surging Strikes|p1a: Mew
|-crit|p1a: Mew
|-damage|p1a: Mew|3/100
|-crit|p1a: Mew
|-damage|p1a: Mew|0 fnt
|faint|p1a: Mew
|-hitcount|p1: Mew|2
|
|-weather|RainDance|[upkeep]
|upkeep
|
|t:|1658524157
|switch|p1a: Garchomp|Garchomp, F|100/100
|-weather|SunnyDay|[from] ability: Drought|[of] p1a: Garchomp
|turn|3
|
|t:|1658524164
|switch|p2a: Garchomp|Garchomp, F|100/100
|-damage|p2a: Garchomp|94/100|[from] Stealth Rock
|-weather|RainDance|[from] ability: Drizzle|[of] p2a: Garchomp
|move|p1a: Garchomp|Swords Dance|p1a: Garchomp
|-boost|p1a: Garchomp|atk|2
|
|-weather|RainDance|[upkeep]
|upkeep
|turn|4
|
|t:|1658524168
|move|p2a: Garchomp|Scale Shot|p1a: Garchomp
|-supereffective|p1a: Garchomp
|-damage|p1a: Garchomp|74/100
|-supereffective|p1a: Garchomp
|-damage|p1a: Garchomp|48/100
|-supereffective|p1a: Garchomp
|-damage|p1a: Garchomp|23/100
|-hitcount|p1a: Garchomp|3
|-unboost|p2a: Garchomp|def|1
|-boost|p2a: Garchomp|spe|1
|move|p1a: Garchomp|Scale Shot|p2a: Garchomp
|-supereffective|p2a: Garchomp
|-damage|p2a: Garchomp|19/100
|-supereffective|p2a: Garchomp
|-damage|p2a: Garchomp|0 fnt
|faint|p2a: Garchomp
|-hitcount|p2: Garchomp|2
|-unboost|p1a: Garchomp|def|1
|-boost|p1a: Garchomp|spe|1
|
|-weather|RainDance|[upkeep]
|upkeep
|j| vorakreb
|c|%ian_yo|did you win with registeel every round Sww-Suwa?
|c|☆Sww-Suwa|no only 2
|
|t:|1658524181
|switch|p2a: Sylveon|Sylveon, M|100/100
|-damage|p2a: Sylveon|88/100|[from] Stealth Rock
|-weather|SunnyDay|[from] ability: Drought|[of] p2a: Sylveon
|turn|5
|l| vorakreb
|c|%ian_yo|only saw 2
|c|%ian_yo|oh
|
|t:|1658524187
|move|p2a: Sylveon|Protect|p2a: Sylveon
|-singleturn|p2a: Sylveon|Protect
|move|p1a: Garchomp|Earthquake|p2a: Sylveon
|-activate|p2a: Sylveon|move: Protect
|
|-weather|SunnyDay|[upkeep]
|-heal|p2a: Sylveon|94/100|[from] item: Leftovers
|upkeep
|turn|6
|
|t:|1658524189
|move|p1a: Garchomp|Earthquake|p2a: Sylveon
|-damage|p2a: Sylveon|12/100
|move|p2a: Sylveon|Hyper Voice|p1a: Garchomp
|-damage|p1a: Garchomp|0 fnt
|faint|p1a: Garchomp
|
|-weather|SunnyDay|[upkeep]
|-heal|p2a: Sylveon|19/100|[from] item: Leftovers
|upkeep
|c| TheQzertz|what weather is registeel
|c| TheQzertz|sand?
|
|t:|1658524196
|switch|p1a: Tornadus|Tornadus-Therian, M|100/100
|-weather|RainDance|[from] ability: Drizzle|[of] p1a: Tornadus
|turn|7
|
|t:|1658524203
|switch|p2a: Zapdos|Zapdos|100/100
|move|p1a: Tornadus|Hurricane|p2a: Zapdos
|-resisted|p2a: Zapdos
|-damage|p2a: Zapdos|61/100
|
|-weather|RainDance|[upkeep]
|upkeep
|turn|8
|j| Rekless_Zombie
|
|t:|1658524208
|switch|p1a: Victini|Victini|100/100
|-weather|SunnyDay|[from] ability: Drought|[of] p1a: Victini
|move|p2a: Zapdos|Thunder|p1a: Victini|[miss]
|-miss|p2a: Zapdos|p1a: Victini
|
|-weather|SunnyDay|[upkeep]
|upkeep
|turn|9
|
|t:|1658524219
|switch|p2a: Toxapex|Toxapex, M|100/100
|-damage|p2a: Toxapex|88/100|[from] Stealth Rock
|-weather|Hail|[from] ability: Snow Warning|[of] p2a: Toxapex
|move|p1a: Victini|V-create|p2a: Toxapex
|-resisted|p2a: Toxapex
|-damage|p2a: Toxapex|66/100
|-unboost|p1a: Victini|spe|1
|-unboost|p1a: Victini|def|1
|-unboost|p1a: Victini|spd|1
|-damage|p1a: Victini|84/100|[from] item: Rocky Helmet|[of] p2a: Toxapex
|
|-weather|Hail|[upkeep]
|-damage|p1a: Victini|78/100|[from] Hail
|-damage|p2a: Toxapex|60/100|[from] Hail
|upkeep
|turn|10
|
|t:|1658524225
|switch|p1a: Tornadus|Tornadus-Therian, M|100/100
|-weather|RainDance|[from] ability: Drizzle|[of] p1a: Tornadus
|move|p2a: Toxapex|Recover|p2a: Toxapex
|-heal|p2a: Toxapex|100/100
|
|-weather|RainDance|[upkeep]
|upkeep
|turn|11
|
|t:|1658524230
|move|p1a: Tornadus|Hurricane|p2a: Toxapex
|-damage|p2a: Toxapex|33/100
|-start|p2a: Toxapex|confusion
|-activate|p2a: Toxapex|confusion
|-damage|p2a: Toxapex|30/100|[from] confusion
|
|-weather|RainDance|[upkeep]
|upkeep
|turn|12
|c| TheQzertz|snow warning pex is wild
|
|t:|1658524236
|switch|p2a: Zapdos|Zapdos|61/100
|move|p1a: Tornadus|Hurricane|p2a: Zapdos
|-resisted|p2a: Zapdos
|-damage|p2a: Zapdos|25/100
|
|-weather|RainDance|[upkeep]
|upkeep
|turn|13
|
|t:|1658524241
|move|p1a: Tornadus|Hurricane|p2a: Zapdos
|-resisted|p2a: Zapdos
|-damage|p2a: Zapdos|0 fnt
|faint|p2a: Zapdos
|
|-weather|RainDance|[upkeep]
|upkeep
|
|t:|1658524246
|switch|p2a: Urshifu|Urshifu-Rapid-Strike, F|100/100
|-damage|p2a: Urshifu|94/100|[from] Stealth Rock
|turn|14
|c| Rekless_Zombie|snow warning pex the tech
|j| El Hueco Mundo
|c| Rekless_Zombie|htcl this one of your tours?
|inactive|Sww-Suwa has 120 seconds left.
|c| El Hueco Mundo|fuck sorry for timer stalling u bro
|c|☆cogonahorse|oh no worries lol
|j| kayflockupnext
|
|t:|1658524305
|switch|p1a: Victini|Victini|78/100
|-weather|SunnyDay|[from] ability: Drought|[of] p1a: Victini
|move|p2a: Urshifu|Surging Strikes|p1a: Victini
|-supereffective|p1a: Victini
|-crit|p1a: Victini
|-damage|p1a: Victini|58/100
|-supereffective|p1a: Victini
|-crit|p1a: Victini
|-damage|p1a: Victini|40/100
|-supereffective|p1a: Victini
|-crit|p1a: Victini
|-damage|p1a: Victini|20/100
|-hitcount|p1a: Victini|3
|
|-weather|SunnyDay|[upkeep]
|upkeep
|turn|15
|c|☆cogonahorse|I just find it funny I got three freebies and went to finals
|c| Rekless_Zombie|no drought heatran is interesting
|c|☆cogonahorse|0% skill
|
|t:|1658524322
|move|p1a: Victini|V-create|p2a: Urshifu
|-resisted|p2a: Urshifu
|-damage|p2a: Urshifu|35/100
|-unboost|p1a: Victini|spe|1
|-unboost|p1a: Victini|def|1
|-unboost|p1a: Victini|spd|1
|move|p2a: Urshifu|Surging Strikes|p1a: Victini
|-supereffective|p1a: Victini
|-crit|p1a: Victini
|-damage|p1a: Victini|0 fnt
|faint|p1a: Victini
|-hitcount|p1: Victini|1
|
|-weather|SunnyDay|[upkeep]
|upkeep
|c| kayflockupnext|heatran kinda overrated sun abuser
|
|t:|1658524330
|switch|p1a: Ninetales|Ninetales-Alola, M|100/100
|-weather|Hail|[from] ability: Snow Warning|[of] p1a: Ninetales
|turn|16
|
|t:|1658524336
|switch|p2a: Sylveon|Sylveon, M|19/100
|-damage|p2a: Sylveon|6/100|[from] Stealth Rock
|-weather|SunnyDay|[from] ability: Drought|[of] p2a: Sylveon
|move|p1a: Ninetales|Freeze-Dry|p2a: Sylveon
|-damage|p2a: Sylveon|0 fnt
|faint|p2a: Sylveon
|
|-weather|SunnyDay|[upkeep]
|upkeep
|c| TheQzertz|why is sylveon drought
|
|t:|1658524346
|switch|p2a: Urshifu|Urshifu-Rapid-Strike, F|35/100
|-damage|p2a: Urshifu|29/100|[from] Stealth Rock
|-weather|RainDance|[from] ability: Drizzle|[of] p2a: Urshifu
|turn|17
|c| El Hueco Mundo|yea lol
|c| TheQzertz|am i trippin
|c| Rekless_Zombie|specs drought heatran seems nutty
|
|t:|1658524350
|move|p1a: Ninetales|Freeze-Dry|p2a: Urshifu
|-supereffective|p2a: Urshifu
|-damage|p2a: Urshifu|0 fnt
|faint|p2a: Urshifu
|
|-weather|RainDance|[upkeep]
|upkeep
|c|☆Sww-Suwa|YO
|c| TheQzertz|weather ball?
|c|☆cogonahorse|oh wait
|c| El Hueco Mundo|I got burritos tho that shit cannot wait
|c|☆cogonahorse|my brain is melted
|c| kayflockupnext|its not cuz
|
|t:|1658524358
|switch|p2a: Blacephalon|Blacephalon|100/100
|-damage|p2a: Blacephalon|76/100|[from] Stealth Rock
|-weather|SunnyDay|[from] ability: Drought|[of] p2a: Blacephalon
|turn|18
|c| kayflockupnext|any switch in changes sun
|
|t:|1658524365
|switch|p1a: DUA LIPA|Registeel, shiny|100/100
|-weather|RainDance|[from] ability: Drizzle|[of] p1a: DUA LIPA
|move|p2a: Blacephalon|Shadow Ball|p1a: DUA LIPA
|-damage|p1a: DUA LIPA|52/100
|-unboost|p1a: DUA LIPA|spd|1
|
|-weather|RainDance|[upkeep]
|-heal|p1a: DUA LIPA|58/100|[from] item: Leftovers
|upkeep
|turn|19
|c| kayflockupnext|so it weakens drought heatran
|
|t:|1658524368
|move|p2a: Blacephalon|Shadow Ball|p1a: DUA LIPA
|-damage|p1a: DUA LIPA|0 fnt
|faint|p1a: DUA LIPA
|
|-weather|RainDance|[upkeep]
|upkeep
|c| El Hueco Mundo|lmao
|
|t:|1658524385
|switch|p1a: Tornadus|Tornadus-Therian, M|100/100
|turn|20
|
|t:|1658524388
|move|p1a: Tornadus|Hurricane|p2a: Blacephalon
|-damage|p2a: Blacephalon|0 fnt
|faint|p2a: Blacephalon
|
|-weather|RainDance|[upkeep]
|upkeep
|
|t:|1658524393
|switch|p2a: Toxapex|Toxapex, M|30/100
|-damage|p2a: Toxapex|18/100|[from] Stealth Rock
|-weather|Hail|[from] ability: Snow Warning|[of] p2a: Toxapex
|turn|21
|
|t:|1658524396
|switch|p1a: Ninetales|Ninetales-Alola, M|100/100
|move|p2a: Toxapex|Recover|p2a: Toxapex
|-heal|p2a: Toxapex|68/100
|
|-weather|Hail|[upkeep]
|-damage|p2a: Toxapex|61/100|[from] Hail
|upkeep
|turn|22
|
|t:|1658524399
|move|p1a: Ninetales|Freeze-Dry|p2a: Toxapex
|-supereffective|p2a: Toxapex
|-damage|p2a: Toxapex|14/100
|move|p2a: Toxapex|Recover|p2a: Toxapex
|-heal|p2a: Toxapex|64/100
|
|-weather|Hail|[upkeep]
|-damage|p2a: Toxapex|58/100|[from] Hail
|upkeep
|turn|23
|
|t:|1658524404
|move|p1a: Ninetales|Freeze-Dry|p2a: Toxapex
|-supereffective|p2a: Toxapex
|-damage|p2a: Toxapex|12/100
|move|p2a: Toxapex|Recover|p2a: Toxapex
|-heal|p2a: Toxapex|62/100
|
|-weather|Hail|[upkeep]
|-damage|p2a: Toxapex|56/100|[from] Hail
|upkeep
|turn|24
|c|☆Sww-Suwa|ninetales girl wtf
|c|☆cogonahorse|gg
|
|t:|1658524411
|move|p1a: Ninetales|Freeze-Dry|p2a: Toxapex
|-supereffective|p2a: Toxapex
|-damage|p2a: Toxapex|14/100
|-status|p2a: Toxapex|frz
|-curestatus|p2a: Toxapex|frz|[from] move: Scald
|move|p2a: Toxapex|Scald|p1a: Ninetales
|-damage|p1a: Ninetales|81/100
|
|-weather|Hail|[upkeep]
|-damage|p2a: Toxapex|8/100|[from] Hail
|upkeep
|turn|25
|c| TheQzertz|81 special attack
|j| slingshot279
|
|t:|1658524414
|move|p1a: Ninetales|Freeze-Dry|p2a: Toxapex
|-supereffective|p2a: Toxapex
|-damage|p2a: Toxapex|0 fnt
|faint|p2a: Toxapex
|
|win|Sww-Suwa
|n|☆Sww-Suwa|swwsuwa
|n|☆cogonahorse|cogonahorse
|n| lou dort|loudort
|n| htcl (>◡<)|htcl
|n| TheQzertz|theqzertz
|n| ian_yo|ianyo
|n| Rekless_Zombie|reklesszombie
|n| El Hueco Mundo|elhuecomundo
|n| kayflockupnext|kayflockupnext
|n| slingshot279|slingshot279
|c|☆Sww-Suwa|gg
|l| lou dort
|l| kayflockupnext
