|j|‽Lolytics1993
|j|☆roboPOKE
|t:|1644354313
|gametype|singles
|player|p1|Lolytics1993|170|1700
|player|p2|roboPOKE|2|1729
|teamsize|p1|6
|teamsize|p2|6
|gen|8
|tier|[Gen 8] OU
|rated|
|rule|Sleep Clause Mod: Limit one foe put to sleep
|rule|Species Clause: Limit one of each Pokémon
|rule|OHKO Clause: OHKO moves are banned
|rule|Evasion Moves Clause: Evasion moves are banned
|rule|Endless Battle Clause: Forcing endless battles is banned
|rule|HP Percentage Mod: HP is shown in percentages
|rule|Dynamax Clause: You cannot dynamax
|clearpoke
|poke|p1|Tyranitar, M|
|poke|p1|Heatran, M|
|poke|p1|Zapdos|
|poke|p1|Rillaboom, M|
|poke|p1|Buzzwole|
|poke|p1|Garchomp, F|
|poke|p2|Omastar, M|
|poke|p2|Weavile, M|
|poke|p2|Kartana|
|poke|p2|Tapu Lele|
|poke|p2|Landorus-Therian, M|
|poke|p2|Dragapult, M|
|teampreview
|j| BigJohnson21
|
|t:|1644354328
|start
|switch|p1a: Garchomp|Garchomp, F|100/100
|switch|p2a: Tapu Lele|Tapu Lele|100/100
|-fieldstart|move: Psychic Terrain|[from] ability: Psychic Surge|[of] p2a: Tapu Lele
|turn|1
|j| GrosNez ou Negro
|
|t:|1644354332
|move|p1a: Garchomp|Protect|p1a: Garchomp
|-singleturn|p1a: Garchomp|Protect
|move|p2a: Tapu Lele|Focus Blast|p1a: Garchomp
|-activate|p1a: Garchomp|move: Protect
|
|upkeep
|turn|2
|
|t:|1644354336
|switch|p2a: Omastar|Omastar, M|100/100
|move|p1a: Garchomp|Stealth Rock|p2a: Omastar
|-sidestart|p2: roboPOKE|move: Stealth Rock
|
|upkeep
|turn|3
|
|t:|1644354340
|move|p2a: Omastar|Shell Smash|p2a: Omastar
|-unboost|p2a: Omastar|def|1
|-unboost|p2a: Omastar|spd|1
|-boost|p2a: Omastar|atk|2
|-boost|p2a: Omastar|spa|2
|-boost|p2a: Omastar|spe|2
|move|p1a: Garchomp|Dragon Tail|p2a: Omastar
|-damage|p2a: Omastar|52/100
|-ability|p2a: Omastar|Weak Armor|boost
|-unboost|p2a: Omastar|def|1
|-boost|p2a: Omastar|spe|2
|drag|p2a: Kartana|Kartana|100/100
|-damage|p2a: Kartana|94/100|[from] Stealth Rock
|
|upkeep
|turn|4
|
|t:|1644354351
|move|p2a: Kartana|Swords Dance|p2a: Kartana
|-boost|p2a: Kartana|atk|2
|move|p1a: Garchomp|Earthquake|p2a: Kartana
|-damage|p2a: Kartana|42/100
|
|upkeep
|turn|5
|
|t:|1644354356
|move|p2a: Kartana|Swords Dance|p2a: Kartana
|-boost|p2a: Kartana|atk|2
|move|p1a: Garchomp|Earthquake|p2a: Kartana
|-damage|p2a: Kartana|0 fnt
|faint|p2a: Kartana
|
|-fieldend|move: Psychic Terrain
|upkeep
|
|t:|1644354359
|switch|p2a: Landorus|Landorus-Therian, M|100/100
|-damage|p2a: Landorus|88/100|[from] Stealth Rock
|-ability|p2a: Landorus|Intimidate|boost
|-unboost|p1a: Garchomp|atk|1
|turn|6
|
|t:|1644354363
|switch|p2a: Omastar|Omastar, M|52/100
|-damage|p2a: Omastar|40/100|[from] Stealth Rock
|move|p1a: Garchomp|Dragon Tail|p2a: Omastar
|-damage|p2a: Omastar|18/100
|-ability|p2a: Omastar|Weak Armor|boost
|-unboost|p2a: Omastar|def|1
|-boost|p2a: Omastar|spe|2
|drag|p2a: Tapu Lele|Tapu Lele|100/100
|-damage|p2a: Tapu Lele|88/100|[from] Stealth Rock
|-fieldstart|move: Psychic Terrain|[from] ability: Psychic Surge|[of] p2a: Tapu Lele
|
|upkeep
|turn|7
|
|t:|1644354372
|move|p1a: Garchomp|Protect|p1a: Garchomp
|-singleturn|p1a: Garchomp|Protect
|move|p2a: Tapu Lele|Moonblast|p1a: Garchomp
|-activate|p1a: Garchomp|move: Protect
|
|upkeep
|turn|8
|
|t:|1644354376
|switch|p1a: Heatran|Heatran, M|100/100
|move|p2a: Tapu Lele|Moonblast|p1a: Heatran
|-resisted|p1a: Heatran
|-damage|p1a: Heatran|87/100
|
|upkeep
|turn|9
|
|t:|1644354381
|switch|p2a: Landorus|Landorus-Therian, M|88/100
|-damage|p2a: Landorus|76/100|[from] Stealth Rock
|-ability|p2a: Landorus|Intimidate|boost
|-unboost|p1a: Heatran|atk|1
|move|p1a: Heatran|Eruption|p2a: Landorus
|-damage|p2a: Landorus|0 fnt
|faint|p2a: Landorus
|
|upkeep
|
|t:|1644354385
|switch|p2a: Omastar|Omastar, M|18/100
|-damage|p2a: Omastar|5/100|[from] Stealth Rock
|turn|10
|
|t:|1644354389
|move|p1a: Heatran|Eruption|p2a: Omastar
|-resisted|p2a: Omastar
|-damage|p2a: Omastar|0 fnt
|faint|p2a: Omastar
|
|-fieldend|move: Psychic Terrain
|upkeep
|
|t:|1644354394
|switch|p2a: Tapu Lele|Tapu Lele|88/100
|-damage|p2a: Tapu Lele|76/100|[from] Stealth Rock
|-fieldstart|move: Psychic Terrain|[from] ability: Psychic Surge|[of] p2a: Tapu Lele
|turn|11
|
|t:|1644354400
|move|p2a: Tapu Lele|Moonblast|p1a: Heatran
|-resisted|p1a: Heatran
|-damage|p1a: Heatran|73/100
|move|p1a: Heatran|Eruption|p2a: Tapu Lele
|-damage|p2a: Tapu Lele|0 fnt
|faint|p2a: Tapu Lele
|
|upkeep
|
|t:|1644354404
|switch|p2a: Weavile|Weavile, M|100/100
|-ability|p2a: Weavile|Pressure
|turn|12
|
|t:|1644354407
|move|p2a: Weavile|Knock Off|p1a: Heatran
|-damage|p1a: Heatran|26/100
|-enditem|p1a: Heatran|Choice Specs|[from] move: Knock Off|[of] p2a: Weavile
|move|p1a: Heatran|Eruption|p2a: Weavile
|-supereffective|p2a: Weavile
|-damage|p2a: Weavile|39/100
|
|upkeep
|turn|13
|
|t:|1644354410
|move|p2a: Weavile|Swords Dance|p2a: Weavile
|-boost|p2a: Weavile|atk|2
|move|p1a: Heatran|Eruption|p2a: Weavile
|-supereffective|p2a: Weavile
|-damage|p2a: Weavile|0 fnt
|faint|p2a: Weavile
|
|upkeep
|
|t:|1644354412
|switch|p2a: Dragapult|Dragapult, M|100/100
|-damage|p2a: Dragapult|88/100|[from] Stealth Rock
|turn|14
|
|t:|1644354416
|move|p2a: Dragapult|Dragon Dance|p2a: Dragapult
|-boost|p2a: Dragapult|atk|1
|-boost|p2a: Dragapult|spe|1
|move|p1a: Heatran|Dragon Pulse|p2a: Dragapult
|-supereffective|p2a: Dragapult
|-damage|p2a: Dragapult|0 fnt
|faint|p2a: Dragapult
|
|win|Lolytics1993
|raw|Lolytics1993's rating: 1700 &rarr; <strong>1722</strong><br />(+22 for winning)
|raw|roboPOKE's rating: 1729 &rarr; <strong>1707</strong><br />(-22 for losing)
