|raw|<div class="broadcast-blue"><strong>This battle is required to be public due to a player having a name starting with 'lt91bb'.</div>
|j|☆LT91BB EclipseY
|j|☆FleetFoxxx
|t:|1659058997
|gametype|singles
|player|p1|LT91BB EclipseY|cynthia-gen4|1597
|player|p2|FleetFoxxx|flannery|1566
|teamsize|p1|6
|teamsize|p2|6
|gen|8
|tier|[Gen 8] OU
|rated|
|rule|Sleep Clause Mod: Limit one foe put to sleep
|rule|Species Clause: Limit one of each Pokémon
|rule|OHKO Clause: OHKO moves are banned
|rule|Evasion Moves Clause: Evasion moves are banned
|rule|Endless Battle Clause: Forcing endless battles is banned
|rule|HP Percentage Mod: HP is shown in percentages
|rule|Dynamax Clause: You cannot dynamax
|clearpoke
|poke|p1|Slowking-Galar, M|
|poke|p1|Tyranitar, M|
|poke|p1|Excadrill, M|
|poke|p1|Ferrothorn, M|
|poke|p1|Tornadus-Therian, M|
|poke|p1|Clefable, F|
|poke|p2|Nidoking, M|
|poke|p2|Hydreigon, F|
|poke|p2|Melmetal|
|poke|p2|Tapu Lele|
|poke|p2|Urshifu-*, M|
|poke|p2|Dragapult, F|
|teampreview
|j| Kindred_Soul
|inactive|Battle timer is ON: inactive players will automatically lose when time's up. (requested by LT91BB EclipseY)
|
|t:|1659059013
|start
|switch|p1a: Tornadus|Tornadus-Therian, M|100/100
|switch|p2a: Urshifu|Urshifu-Rapid-Strike, M|100/100
|turn|1
|
|t:|1659059020
|switch|p2a: Melmetal|Melmetal|100/100
|move|p1a: Tornadus|Knock Off|p2a: Melmetal
|-damage|p2a: Melmetal|90/100
|-enditem|p2a: Melmetal|Protective Pads|[from] move: Knock Off|[of] p1a: Tornadus
|
|upkeep
|turn|2
|
|t:|1659059026
|move|p1a: Tornadus|U-turn|p2a: Melmetal
|-resisted|p2a: Melmetal
|-damage|p2a: Melmetal|86/100
|
|t:|1659059027
|switch|p1a: Ferrothorn|Ferrothorn, M|100/100|[from]move: U-turn
|move|p2a: Melmetal|Thunder Wave|p1a: Ferrothorn
|-status|p1a: Ferrothorn|par
|
|upkeep
|turn|3
|
|t:|1659059035
|switch|p2a: Dragapult|Dragapult, F|100/100
|move|p1a: Ferrothorn|Spikes|p2a: Dragapult
|-sidestart|p2: FleetFoxxx|Spikes
|
|upkeep
|turn|4
|
|t:|1659059038
|switch|p1a: Tornadus|Tornadus-Therian, M|100/100
|move|p2a: Dragapult|U-turn|p1a: Tornadus
|-resisted|p1a: Tornadus
|-damage|p1a: Tornadus|90/100
|
|t:|1659059057
|switch|p2a: Nidoking|Nidoking, M|100/100|[from]move: U-turn
|-damage|p2a: Nidoking|88/100|[from] Spikes
|
|upkeep
|turn|5
|
|t:|1659059060
|move|p1a: Tornadus|Knock Off|p2a: Nidoking
|-damage|p2a: Nidoking|59/100
|-enditem|p2a: Nidoking|Life Orb|[from] move: Knock Off|[of] p1a: Tornadus
|move|p2a: Nidoking|Ice Beam|p1a: Tornadus
|-supereffective|p1a: Tornadus
|-damage|p1a: Tornadus|52/100
|
|upkeep
|turn|6
|
|t:|1659059064
|move|p1a: Tornadus|Icy Wind|p2a: Nidoking
|-supereffective|p2a: Nidoking
|-damage|p2a: Nidoking|21/100
|-unboost|p2a: Nidoking|spe|1
|move|p2a: Nidoking|Ice Beam|p1a: Tornadus
|-supereffective|p1a: Tornadus
|-damage|p1a: Tornadus|10/100
|
|upkeep
|turn|7
|
|t:|1659059071
|switch|p2a: Melmetal|Melmetal|86/100
|-damage|p2a: Melmetal|73/100|[from] Spikes
|move|p1a: Tornadus|Icy Wind|p2a: Melmetal
|-resisted|p2a: Melmetal
|-damage|p2a: Melmetal|66/100
|-unboost|p2a: Melmetal|spe|1
|
|upkeep
|turn|8
|
|t:|1659059079
|move|p1a: Tornadus|U-turn|p2a: Melmetal
|-resisted|p2a: Melmetal
|-damage|p2a: Melmetal|62/100
|
|t:|1659059080
|switch|p1a: Ferrothorn|Ferrothorn, M|100/100 par|[from]move: U-turn
|move|p2a: Melmetal|Earthquake|p1a: Ferrothorn
|-damage|p1a: Ferrothorn|76/100 par
|
|-heal|p1a: Ferrothorn|83/100 par|[from] item: Leftovers
|upkeep
|turn|9
|
|t:|1659059089
|switch|p2a: Dragapult|Dragapult, F|100/100
|-damage|p2a: Dragapult|88/100|[from] Spikes
|move|p1a: Ferrothorn|Leech Seed|p2a: Dragapult
|-start|p2a: Dragapult|move: Leech Seed
|
|-heal|p1a: Ferrothorn|89/100 par|[from] item: Leftovers
|-damage|p2a: Dragapult|76/100|[from] Leech Seed|[of] p1a: Ferrothorn
|-heal|p1a: Ferrothorn|99/100 par|[silent]
|upkeep
|turn|10
|
|t:|1659059095
|switch|p1a: Tyranitar|Tyranitar, M|100/100
|-weather|Sandstorm|[from] ability: Sand Stream|[of] p1a: Tyranitar
|move|p2a: Dragapult|U-turn|p1a: Tyranitar
|-supereffective|p1a: Tyranitar
|-damage|p1a: Tyranitar|68/100
|
|t:|1659059099
|switch|p2a: Urshifu|Urshifu-Rapid-Strike, M|100/100|[from]move: U-turn
|-damage|p2a: Urshifu|88/100|[from] Spikes
|
|-weather|Sandstorm|[upkeep]
|-damage|p2a: Urshifu|82/100|[from] Sandstorm
|upkeep
|turn|11
|
|t:|1659059103
|switch|p1a: Clefable|Clefable, F|100/100
|move|p2a: Urshifu|Close Combat|p1a: Clefable
|-resisted|p1a: Clefable
|-damage|p1a: Clefable|63/100
|-unboost|p2a: Urshifu|def|1
|-unboost|p2a: Urshifu|spd|1
|-damage|p2a: Urshifu|66/100|[from] item: Rocky Helmet|[of] p1a: Clefable
|
|-weather|Sandstorm|[upkeep]
|-damage|p2a: Urshifu|59/100|[from] Sandstorm
|upkeep
|turn|12
|
|t:|1659059107
|switch|p2a: Nidoking|Nidoking, M|21/100
|-damage|p2a: Nidoking|9/100|[from] Spikes
|move|p1a: Clefable|Stealth Rock|p2a: Nidoking
|-sidestart|p2: FleetFoxxx|move: Stealth Rock
|
|-weather|Sandstorm|[upkeep]
|upkeep
|turn|13
|
|t:|1659059114
|switch|p1a: Tornadus|Tornadus-Therian, M|43/100
|move|p2a: Nidoking|Earth Power|p1a: Tornadus
|-immune|p1a: Tornadus
|
|-weather|Sandstorm|[upkeep]
|-damage|p1a: Tornadus|37/100|[from] Sandstorm
|upkeep
|turn|14
|
|t:|1659059118
|move|p1a: Tornadus|U-turn|p2a: Nidoking
|-resisted|p2a: Nidoking
|-damage|p2a: Nidoking|0 fnt
|faint|p2a: Nidoking
|
|t:|1659059120
|switch|p1a: Excadrill|Excadrill, M|100/100|[from]move: U-turn
|
|-weather|none
|upkeep
|
|t:|1659059131
|switch|p2a: Urshifu|Urshifu-Rapid-Strike, M|59/100
|-damage|p2a: Urshifu|47/100|[from] Spikes
|-damage|p2a: Urshifu|41/100|[from] Stealth Rock
|turn|15
|
|t:|1659059135
|switch|p1a: Clefable|Clefable, F|63/100
|move|p2a: Urshifu|U-turn|p1a: Clefable
|-resisted|p1a: Clefable
|-damage|p1a: Clefable|49/100
|-damage|p2a: Urshifu|25/100|[from] item: Rocky Helmet|[of] p1a: Clefable
|
|t:|1659059141
|switch|p2a: Tapu Lele|Tapu Lele|100/100|[from]move: U-turn
|-damage|p2a: Tapu Lele|88/100|[from] Spikes
|-damage|p2a: Tapu Lele|76/100|[from] Stealth Rock
|-fieldstart|move: Psychic Terrain|[from] ability: Psychic Surge|[of] p2a: Tapu Lele
|
|upkeep
|turn|16
|
|t:|1659059144
|switch|p1a: Slowking|Slowking-Galar, M|100/100
|move|p2a: Tapu Lele|Moonblast|p1a: Slowking
|-resisted|p1a: Slowking
|-damage|p1a: Slowking|69/100
|
|upkeep
|turn|17
|
|t:|1659059150
|switch|p2a: Dragapult|Dragapult, F|76/100
|-damage|p2a: Dragapult|64/100|[from] Spikes
|-damage|p2a: Dragapult|51/100|[from] Stealth Rock
|move|p1a: Slowking|Psyshock|p2a: Dragapult
|-damage|p2a: Dragapult|0 fnt
|faint|p2a: Dragapult
|
|upkeep
|
|t:|1659059159
|switch|p2a: Hydreigon|Hydreigon, F|100/100
|-damage|p2a: Hydreigon|88/100|[from] Stealth Rock
|turn|18
|
|t:|1659059161
|move|p2a: Hydreigon|Dark Pulse|p1a: Slowking
|-supereffective|p1a: Slowking
|-crit|p1a: Slowking
|-enditem|p1a: Slowking|Colbur Berry|[eat]
|-enditem|p1a: Slowking|Colbur Berry|[weaken]
|-damage|p1a: Slowking|18/100
|move|p1a: Slowking|Sludge Bomb|p2a: Hydreigon
|-damage|p2a: Hydreigon|35/100
|
|upkeep
|turn|19
|
|t:|1659059172
|switch|p2a: Melmetal|Melmetal|62/100
|-damage|p2a: Melmetal|49/100|[from] Spikes
|-damage|p2a: Melmetal|43/100|[from] Stealth Rock
|move|p1a: Slowking|Sludge Bomb|p2a: Melmetal
|-immune|p2a: Melmetal
|
|-fieldend|move: Psychic Terrain
|upkeep
|turn|20
|
|t:|1659059177
|move|p1a: Slowking|Scald|p2a: Melmetal
|-damage|p2a: Melmetal|16/100
|-status|p2a: Melmetal|brn
|move|p2a: Melmetal|Earthquake|p1a: Slowking
|-supereffective|p1a: Slowking
|-damage|p1a: Slowking|0 fnt
|faint|p1a: Slowking
|
|-damage|p2a: Melmetal|10/100 brn|[from] brn
|upkeep
|
|t:|1659059181
|switch|p1a: Tyranitar|Tyranitar, M|68/100
|-weather|Sandstorm|[from] ability: Sand Stream|[of] p1a: Tyranitar
|turn|21
|
|t:|1659059183
|move|p1a: Tyranitar|Crunch|p2a: Melmetal
|-damage|p2a: Melmetal|0 fnt
|faint|p2a: Melmetal
|
|-weather|Sandstorm|[upkeep]
|upkeep
|
|t:|1659059186
|switch|p2a: Urshifu|Urshifu-Rapid-Strike, M|25/100
|-damage|p2a: Urshifu|12/100|[from] Spikes
|-damage|p2a: Urshifu|6/100|[from] Stealth Rock
|turn|22
|l| Kindred_Soul
|inactive|LT91BB EclipseY has 120 seconds left.
|
|t:|1659059218
|switch|p1a: Clefable|Clefable, F|49/100
|move|p2a: Urshifu|Surging Strikes|p1a: Clefable
|-crit|p1a: Clefable
|-damage|p1a: Clefable|25/100
|-damage|p2a: Urshifu|0 fnt|[from] item: Rocky Helmet|[of] p1a: Clefable
|faint|p2a: Urshifu
|-hitcount|p1a: Clefable|1
|
|-weather|Sandstorm|[upkeep]
|upkeep
|
|t:|1659059221
|switch|p2a: Tapu Lele|Tapu Lele|76/100
|-damage|p2a: Tapu Lele|63/100|[from] Spikes
|-damage|p2a: Tapu Lele|51/100|[from] Stealth Rock
|-fieldstart|move: Psychic Terrain|[from] ability: Psychic Surge|[of] p2a: Tapu Lele
|turn|23
|
|t:|1659059223
|move|p2a: Tapu Lele|Moonblast|p1a: Clefable
|-damage|p1a: Clefable|0 fnt
|faint|p1a: Clefable
|
|-weather|Sandstorm|[upkeep]
|-damage|p2a: Tapu Lele|45/100|[from] Sandstorm
|upkeep
|
|t:|1659059225
|switch|p1a: Excadrill|Excadrill, M|100/100
|turn|24
|
|t:|1659059227
|switch|p2a: Hydreigon|Hydreigon, F|35/100
|-damage|p2a: Hydreigon|22/100|[from] Stealth Rock
|move|p1a: Excadrill|Iron Head|p2a: Hydreigon
|-damage|p2a: Hydreigon|0 fnt
|faint|p2a: Hydreigon
|
|-weather|Sandstorm|[upkeep]
|upkeep
|-message|FleetFoxxx forfeited.
|
|win|LT91BB EclipseY
|raw|LT91BB EclipseY's rating: 1597 &rarr; <strong>1615</strong><br />(+18 for winning)
|raw|FleetFoxxx's rating: 1566 &rarr; <strong>1548</strong><br />(-18 for losing)
|l|☆FleetFoxxx
