|j|☆grasssoul
|j|☆Kevinskie
|t:|1668093705
|gametype|singles
|player|p1|grasssoul|170|1702
|player|p2|Kevinskie|265|1756
|teamsize|p1|6
|teamsize|p2|6
|gen|8
|tier|[Gen 8] OU
|rated|
|rule|Sleep Clause Mod: Limit one foe put to sleep
|rule|Species Clause: Limit one of each Pokémon
|rule|OHKO Clause: OHKO moves are banned
|rule|Evasion Items Clause: Evasion items are banned
|rule|Evasion Moves Clause: Evasion moves are banned
|rule|Endless Battle Clause: Forcing endless battles is banned
|rule|HP Percentage Mod: HP is shown in percentages
|rule|Dynamax Clause: You cannot dynamax
|clearpoke
|poke|p1|Heatran, F|
|poke|p1|Slowking-Galar, M|
|poke|p1|Tapu Lele|
|poke|p1|Landorus-Therian, M|
|poke|p1|Dragapult, F|
|poke|p1|Zapdos|
|poke|p2|Slowbro, F|
|poke|p2|Weavile, M|
|poke|p2|Melmetal|
|poke|p2|Kartana|
|poke|p2|Blacephalon|
|poke|p2|Landorus-Therian, M|
|teampreview
|inactive|Battle timer is ON: inactive players will automatically lose when time's up. (requested by grasssoul)
|
|t:|1668093754
|start
|switch|p1a: Landorus|Landorus-Therian, M|100/100
|switch|p2a: Kartana|Kartana|100/100
|-ability|p1a: Landorus|Intimidate|boost
|-unboost|p2a: Kartana|atk|1
|turn|1
|
|t:|1668093767
|switch|p1a: Zapdos|Zapdos|100/100
|move|p2a: Kartana|Swords Dance|p2a: Kartana
|-boost|p2a: Kartana|atk|2
|
|upkeep
|turn|2
|
|t:|1668093787
|switch|p2a: Blacephalon|Blacephalon|100/100
|move|p1a: Zapdos|Heat Wave|p2a: Blacephalon
|-resisted|p2a: Blacephalon
|-damage|p2a: Blacephalon|79/100
|
|upkeep
|turn|3
|
|t:|1668093794
|switch|p1a: Heatran|Heatran, F|100/100
|move|p2a: Blacephalon|Shadow Ball|p1a: Heatran
|-damage|p1a: Heatran|57/100
|
|-heal|p1a: Heatran|64/100|[from] item: Leftovers
|upkeep
|turn|4
|
|t:|1668093814
|switch|p2a: Landorus|Landorus-Therian, M|100/100
|-ability|p2a: Landorus|Intimidate|boost
|-unboost|p1a: Heatran|atk|1
|move|p1a: Heatran|Earth Power|p2a: Landorus
|-immune|p2a: Landorus
|
|-heal|p1a: Heatran|70/100|[from] item: Leftovers
|upkeep
|turn|5
|
|t:|1668093818
|switch|p1a: Landorus|Landorus-Therian, M|100/100
|-ability|p1a: Landorus|Intimidate|boost
|-unboost|p2a: Landorus|atk|1
|move|p2a: Landorus|Stealth Rock|p1a: Landorus
|-sidestart|p1: grasssoul|move: Stealth Rock
|
|upkeep
|turn|6
|
|t:|1668093822
|switch|p2a: Weavile|Weavile, M|100/100
|-ability|p2a: Weavile|Pressure
|move|p1a: Landorus|Knock Off|p2a: Weavile
|-resisted|p2a: Weavile
|-damage|p2a: Weavile|72/100
|-enditem|p2a: Weavile|Choice Band|[from] move: Knock Off|[of] p1a: Landorus
|
|upkeep
|turn|7
|inactive|grasssoul has 120 seconds left.
|
|t:|1668093856
|move|p2a: Weavile|Knock Off|p1a: Landorus
|-damage|p1a: Landorus|59/100
|-enditem|p1a: Landorus|Leftovers|[from] move: Knock Off|[of] p2a: Weavile
|move|p1a: Landorus|Earthquake|p2a: Weavile
|-damage|p2a: Weavile|0 fnt
|faint|p2a: Weavile
|
|upkeep
|
|t:|1668093865
|switch|p2a: Blacephalon|Blacephalon|79/100
|turn|8
|inactive|grasssoul has 120 seconds left.
|
|t:|1668093884
|move|p2a: Blacephalon|Shadow Ball|p1a: Landorus
|-damage|p1a: Landorus|0 fnt
|faint|p1a: Landorus
|-ability|p2a: Blacephalon|Beast Boost|boost
|-boost|p2a: Blacephalon|spa|1
|
|upkeep
|
|t:|1668093887
|switch|p1a: Dragapult|Dragapult, F|100/100
|-damage|p1a: Dragapult|88/100|[from] Stealth Rock
|turn|9
|
|t:|1668093895
|switch|p2a: Melmetal|Melmetal|100/100
|move|p1a: Dragapult|Phantom Force||[still]
|-prepare|p1a: Dragapult|Phantom Force
|
|upkeep
|turn|10
|
|t:|1668093899
|move|p1a: Dragapult|Phantom Force|p2a: Melmetal|[from]lockedmove
|-damage|p2a: Melmetal|60/100
|move|p2a: Melmetal|Double Iron Bash|p1a: Dragapult
|-damage|p1a: Dragapult|32/100
|-damage|p1a: Dragapult|0 fnt
|faint|p1a: Dragapult
|-hitcount|p1: Dragapult|2
|
|upkeep
|
|t:|1668093911
|switch|p1a: Heatran|Heatran, F|70/100
|-damage|p1a: Heatran|57/100|[from] Stealth Rock
|turn|11
|j| Fog of Mud
|
|t:|1668093916
|move|p1a: Heatran|Magma Storm|p2a: Melmetal
|-supereffective|p2a: Melmetal
|-damage|p2a: Melmetal|13/100
|-activate|p2a: Melmetal|move: Magma Storm|[of] p1a: Heatran
|move|p2a: Melmetal|Earthquake|p1a: Heatran
|-supereffective|p1a: Heatran
|-damage|p1a: Heatran|0 fnt
|faint|p1a: Heatran
|
|-end|p2a: Melmetal|Magma Storm|[partiallytrapped]|[silent]
|upkeep
|
|t:|1668093925
|switch|p1a: Zapdos|Zapdos|100/100
|turn|12
|
|t:|1668093928
|move|p1a: Zapdos|Heat Wave|p2a: Melmetal
|-supereffective|p2a: Melmetal
|-crit|p2a: Melmetal
|-damage|p2a: Melmetal|0 fnt
|faint|p2a: Melmetal
|
|upkeep
|
|t:|1668093937
|switch|p2a: Slowbro|Slowbro, F|100/100
|turn|13
|
|t:|1668093940
|move|p1a: Zapdos|Volt Switch|p2a: Slowbro
|-supereffective|p2a: Slowbro
|-damage|p2a: Slowbro|41/100
|
|t:|1668093943
|switch|p1a: Slowking|Slowking-Galar, M|100/100|[from]move: Volt Switch
|-damage|p1a: Slowking|88/100|[from] Stealth Rock
|move|p2a: Slowbro|Future Sight|p1a: Slowking
|-start|p2a: Slowbro|move: Future Sight
|
|upkeep
|turn|14
|
|t:|1668093949
|switch|p2a: Landorus|Landorus-Therian, M|100/100
|-ability|p2a: Landorus|Intimidate|boost
|-unboost|p1a: Slowking|atk|1
|move|p1a: Slowking|Ice Beam|p2a: Landorus
|-supereffective|p2a: Landorus
|-damage|p2a: Landorus|0 fnt
|faint|p2a: Landorus
|
|upkeep
|
|t:|1668093961
|switch|p2a: Blacephalon|Blacephalon|79/100
|turn|15
|
|t:|1668093980
|move|p2a: Blacephalon|Shadow Ball|p1a: Slowking
|-supereffective|p1a: Slowking
|-damage|p1a: Slowking|28/100
|move|p1a: Slowking|Sludge Bomb|p2a: Blacephalon
|-resisted|p2a: Blacephalon
|-damage|p2a: Blacephalon|51/100
|
|-end|p1a: Slowking|move: Future Sight
|-damage|p1a: Slowking|11/100
|upkeep
|turn|16
|
|t:|1668093989
|move|p2a: Blacephalon|Shadow Ball|p1a: Slowking
|-supereffective|p1a: Slowking
|-damage|p1a: Slowking|0 fnt
|faint|p1a: Slowking
|-ability|p2a: Blacephalon|Beast Boost|boost
|-boost|p2a: Blacephalon|spa|1
|
|upkeep
|
|t:|1668093991
|switch|p1a: Tapu Lele|Tapu Lele|100/100
|-damage|p1a: Tapu Lele|88/100|[from] Stealth Rock
|-fieldstart|move: Psychic Terrain|[from] ability: Psychic Surge|[of] p1a: Tapu Lele
|turn|17
|
|t:|1668094001
|switch|p2a: Slowbro|Slowbro, F|74/100
|move|p1a: Tapu Lele|Psychic|p2a: Slowbro
|-resisted|p2a: Slowbro
|-damage|p2a: Slowbro|40/100
|
|upkeep
|turn|18
|
|t:|1668094006
|move|p1a: Tapu Lele|Psychic|p2a: Slowbro
|-resisted|p2a: Slowbro
|-damage|p2a: Slowbro|6/100
|move|p2a: Slowbro|Slack Off|p2a: Slowbro
|-heal|p2a: Slowbro|56/100
|
|upkeep
|turn|19
|
|t:|1668094011
|switch|p1a: Zapdos|Zapdos|100/100
|move|p2a: Slowbro|Slack Off|p2a: Slowbro
|-heal|p2a: Slowbro|100/100
|
|upkeep
|turn|20
|
|t:|1668094021
|move|p1a: Zapdos|Volt Switch|p2a: Slowbro
|-supereffective|p2a: Slowbro
|-damage|p2a: Slowbro|33/100
|
|t:|1668094023
|switch|p1a: Tapu Lele|Tapu Lele|88/100|[from]move: Volt Switch
|-damage|p1a: Tapu Lele|76/100|[from] Stealth Rock
|move|p2a: Slowbro|Future Sight|p1a: Tapu Lele
|-start|p2a: Slowbro|move: Future Sight
|
|upkeep
|turn|21
|
|t:|1668094036
|switch|p2a: Kartana|Kartana|100/100
|move|p1a: Tapu Lele|Psychic|p2a: Kartana
|-resisted|p2a: Kartana
|-damage|p2a: Kartana|23/100
|
|-fieldend|move: Psychic Terrain
|upkeep
|turn|22
|
|t:|1668094041
|switch|p1a: Zapdos|Zapdos|100/100
|switch|p2a: Slowbro|Slowbro, F|67/100
|
|-end|p1a: Zapdos|move: Future Sight
|-damage|p1a: Zapdos|57/100
|upkeep
|turn|23
|
|t:|1668094049
|move|p1a: Zapdos|Roost|p1a: Zapdos
|-heal|p1a: Zapdos|100/100
|-singleturn|p1a: Zapdos|move: Roost
|move|p2a: Slowbro|Teleport|p2a: Slowbro
|
|t:|1668094051
|switch|p2a: Blacephalon|Blacephalon|51/100|[from]move: Teleport
|
|upkeep
|turn|24
|
|t:|1668094056
|move|p2a: Blacephalon|Overheat|p1a: Zapdos
|-damage|p1a: Zapdos|0 fnt
|-unboost|p2a: Blacephalon|spa|2
|faint|p1a: Zapdos
|-ability|p2a: Blacephalon|Beast Boost|boost
|-boost|p2a: Blacephalon|spa|1
|
|upkeep
|
|t:|1668094060
|switch|p1a: Tapu Lele|Tapu Lele|76/100
|-damage|p1a: Tapu Lele|63/100|[from] Stealth Rock
|-fieldstart|move: Psychic Terrain|[from] ability: Psychic Surge|[of] p1a: Tapu Lele
|turn|25
|
|t:|1668094063
|move|p1a: Tapu Lele|Psychic|p2a: Blacephalon
|-damage|p2a: Blacephalon|0 fnt
|faint|p2a: Blacephalon
|
|upkeep
|
|t:|1668094065
|switch|p2a: Slowbro|Slowbro, F|99/100
|turn|26
|
|t:|1668094068
|move|p1a: Tapu Lele|Psychic|p2a: Slowbro
|-resisted|p2a: Slowbro
|-damage|p2a: Slowbro|70/100
|move|p2a: Slowbro|Scald|p1a: Tapu Lele
|-damage|p1a: Tapu Lele|35/100
|-status|p1a: Tapu Lele|brn
|
|-damage|p1a: Tapu Lele|29/100 brn|[from] brn
|upkeep
|turn|27
|
|t:|1668094071
|move|p1a: Tapu Lele|Psychic|p2a: Slowbro
|-resisted|p2a: Slowbro
|-damage|p2a: Slowbro|40/100
|move|p2a: Slowbro|Scald|p1a: Tapu Lele
|-damage|p1a: Tapu Lele|2/100 brn
|
|-damage|p1a: Tapu Lele|0 fnt|[from] brn
|faint|p1a: Tapu Lele
|
|win|Kevinskie
|upkeep
|raw|grasssoul's rating: 1702 &rarr; <strong>1686</strong><br />(-16 for losing)
|raw|Kevinskie's rating: 1772 &rarr; <strong>1788</strong><br />(+16 for winning)
|l|☆grasssoul
||Ladder isn't responding, score probably updated but might not have (Request timeout).
