|html|<div class="broadcast-blue"><strong>[Gen 8] OU is currently suspecting Melmetal! For information on how to participate check out the <a href="https://www.smogon.com/forums/threads/np-ss-ou-suspect-process-round-12-monster-mash.3709234/">suspect thread</a>.</strong></div>
|j|☆Candiceeeeee
|j|☆ChandosH
|t:|1666804041
|gametype|singles
|player|p1|Candiceeeeee|psychicf-gen4|1677
|player|p2|ChandosH|n-masters|1656
|teamsize|p1|6
|teamsize|p2|6
|gen|8
|tier|[Gen 8] OU
|rated|
|rule|Sleep Clause Mod: Limit one foe put to sleep
|rule|Species Clause: Limit one of each Pokémon
|rule|OHKO Clause: OHKO moves are banned
|rule|Evasion Items Clause: Evasion items are banned
|rule|Evasion Moves Clause: Evasion moves are banned
|rule|Endless Battle Clause: Forcing endless battles is banned
|rule|HP Percentage Mod: HP is shown in percentages
|rule|Dynamax Clause: You cannot dynamax
|clearpoke
|poke|p1|Tornadus-Therian, M|
|poke|p1|Dracozolt|
|poke|p1|Slowbro, F|
|poke|p1|Tyranitar, F|
|poke|p1|Excadrill, F|
|poke|p1|Corviknight, F|
|poke|p2|Toxapex, F|
|poke|p2|Skarmory, F|
|poke|p2|Clefable, F|
|poke|p2|Tapu Koko|
|poke|p2|Hippowdon, F|
|poke|p2|Reuniclus, M|
|teampreview
|
|t:|1666804071
|start
|switch|p1a: Éole|Tornadus-Therian, M|100/100
|switch|p2a: Tapu Koko|Tapu Koko|100/100
|-fieldstart|move: Electric Terrain|[from] ability: Electric Surge|[of] p2a: Tapu Koko
|turn|1
|
|t:|1666804080
|switch|p2a: Skarmory|Skarmory, F|100/100
|switch|p1a: Toph|Excadrill, F|100/100
|
|upkeep
|turn|2
|
|t:|1666804089
|switch|p1a: Éole|Tornadus-Therian, M|100/100
|move|p2a: Skarmory|Spikes|p1a: Éole
|-sidestart|p1: Candiceeeeee|Spikes
|
|upkeep
|turn|3
|
|t:|1666804093
|switch|p2a: Tapu Koko|Tapu Koko|100/100
|move|p1a: Éole|Knock Off|p2a: Tapu Koko
|-resisted|p2a: Tapu Koko
|-damage|p2a: Tapu Koko|87/100
|-enditem|p2a: Tapu Koko|Heavy-Duty Boots|[from] move: Knock Off|[of] p1a: Éole
|
|upkeep
|turn|4
|
|t:|1666804100
|switch|p1a: Toph|Excadrill, F|100/100
|-damage|p1a: Toph|88/100|[from] Spikes
|move|p2a: Tapu Koko|Volt Switch|p1a: Toph
|-immune|p1a: Toph
|
|-heal|p1a: Toph|94/100|[from] item: Leftovers
|upkeep
|turn|5
|
|t:|1666804110
|switch|p2a: Skarmory|Skarmory, F|100/100
|switch|p1a: Lillith|Tyranitar, F|100/100
|-damage|p1a: Lillith|88/100|[from] Spikes
|-weather|Sandstorm|[from] ability: Sand Stream|[of] p1a: Lillith
|
|-weather|Sandstorm|[upkeep]
|-fieldend|move: Electric Terrain
|upkeep
|turn|6
|
|t:|1666804132
|switch|p2a: Hippowdon|Hippowdon, F|100/100
|switch|p1a: Éole|Tornadus-Therian, M|100/100
|
|-weather|Sandstorm|[upkeep]
|-damage|p1a: Éole|94/100|[from] Sandstorm
|upkeep
|turn|7
|
|t:|1666804139
|switch|p2a: Tapu Koko|Tapu Koko|87/100
|-fieldstart|move: Electric Terrain|[from] ability: Electric Surge|[of] p2a: Tapu Koko
|move|p1a: Éole|Knock Off|p2a: Tapu Koko
|-resisted|p2a: Tapu Koko
|-damage|p2a: Tapu Koko|77/100
|
|-weather|Sandstorm|[upkeep]
|-damage|p2a: Tapu Koko|71/100|[from] Sandstorm
|-damage|p1a: Éole|88/100|[from] Sandstorm
|upkeep
|turn|8
|
|t:|1666804148
|switch|p2a: Skarmory|Skarmory, F|100/100
|move|p1a: Éole|U-turn|p2a: Skarmory
|-resisted|p2a: Skarmory
|-crit|p2a: Skarmory
|-damage|p2a: Skarmory|98/100
|-damage|p1a: Éole|72/100|[from] item: Rocky Helmet|[of] p2a: Skarmory
|
|t:|1666804162
|switch|p1a: Brobro|Slowbro, F|100/100|[from]move: U-turn
|-damage|p1a: Brobro|88/100|[from] Spikes
|
|-weather|Sandstorm|[upkeep]
|-damage|p1a: Brobro|82/100|[from] Sandstorm
|upkeep
|turn|9
|
|t:|1666804183
|switch|p2a: Toxapex|Toxapex, F|100/100
|move|p1a: Brobro|Future Sight|p2a: Toxapex
|-start|p1a: Brobro|move: Future Sight
|
|-weather|Sandstorm|[upkeep]
|-damage|p2a: Toxapex|94/100|[from] Sandstorm
|-damage|p1a: Brobro|76/100|[from] Sandstorm
|upkeep
|turn|10
|
|t:|1666804198
|move|p2a: Toxapex|Knock Off|p1a: Brobro
|-supereffective|p1a: Brobro
|-damage|p1a: Brobro|59/100
|-damage|p2a: Toxapex|78/100|[from] item: Rocky Helmet|[of] p1a: Brobro
|-enditem|p1a: Brobro|Rocky Helmet|[from] move: Knock Off|[of] p2a: Toxapex
|move|p1a: Brobro|Teleport|p1a: Brobro
|
|t:|1666804210
|switch|p1a: Éole|Tornadus-Therian, M|100/100|[from]move: Teleport
|
|-weather|Sandstorm|[upkeep]
|-damage|p1a: Éole|94/100|[from] Sandstorm
|-damage|p2a: Toxapex|72/100|[from] Sandstorm
|upkeep
|turn|11
|
|t:|1666804221
|switch|p2a: Reuniclus|Reuniclus, M|100/100
|move|p1a: Éole|Knock Off|p2a: Reuniclus
|-supereffective|p2a: Reuniclus
|-damage|p2a: Reuniclus|72/100
|-enditem|p2a: Reuniclus|Leftovers|[from] move: Knock Off|[of] p1a: Éole
|
|-weather|Sandstorm|[upkeep]
|-damage|p1a: Éole|88/100|[from] Sandstorm
|-end|p2a: Reuniclus|move: Future Sight
|-resisted|p2a: Reuniclus
|-damage|p2a: Reuniclus|53/100
|-fieldend|move: Electric Terrain
|upkeep
|turn|12
|
|t:|1666804226
|move|p1a: Éole|Hurricane|p2a: Reuniclus|[miss]
|-miss|p1a: Éole|p2a: Reuniclus
|move|p2a: Reuniclus|Recover|p2a: Reuniclus
|-heal|p2a: Reuniclus|100/100
|
|-weather|none
|upkeep
|turn|13
|
|t:|1666804237
|move|p1a: Éole|U-turn|p2a: Reuniclus
|-supereffective|p2a: Reuniclus
|-crit|p2a: Reuniclus
|-damage|p2a: Reuniclus|69/100
|
|t:|1666804239
|switch|p1a: Opal|Corviknight, F|100/100|[from]move: U-turn
|-ability|p1a: Opal|Pressure
|move|p2a: Reuniclus|Calm Mind|p2a: Reuniclus
|-boost|p2a: Reuniclus|spa|1
|-boost|p2a: Reuniclus|spd|1
|
|upkeep
|turn|14
|
|t:|1666804244
|move|p1a: Opal|U-turn|p2a: Reuniclus
|-supereffective|p2a: Reuniclus
|-damage|p2a: Reuniclus|46/100
|
|t:|1666804247
|switch|p1a: Volty|Dracozolt|100/100|[from]move: U-turn
|-damage|p1a: Volty|88/100|[from] Spikes
|move|p2a: Reuniclus|Thunder|p1a: Volty|[miss]
|-miss|p2a: Reuniclus|p1a: Volty
|
|upkeep
|turn|15
|
|t:|1666804257
|switch|p2a: Hippowdon|Hippowdon, F|100/100
|-weather|Sandstorm|[from] ability: Sand Stream|[of] p2a: Hippowdon
|move|p1a: Volty|Bolt Beak|p2a: Hippowdon
|-immune|p2a: Hippowdon
|
|-weather|Sandstorm|[upkeep]
|upkeep
|turn|16
|
|t:|1666804263
|switch|p1a: Lillith|Tyranitar, F|88/100
|-damage|p1a: Lillith|76/100|[from] Spikes
|move|p2a: Hippowdon|Stealth Rock|p1a: Lillith
|-sidestart|p1: Candiceeeeee|move: Stealth Rock
|
|-weather|Sandstorm|[upkeep]
|upkeep
|turn|17
|
|t:|1666804269
|switch|p2a: Skarmory|Skarmory, F|98/100
|move|p1a: Lillith|Toxic|p2a: Skarmory
|-immune|p2a: Skarmory
|
|-weather|Sandstorm|[upkeep]
|upkeep
|turn|18
|
|t:|1666804279
|switch|p1a: Opal|Corviknight, F|100/100
|-damage|p1a: Opal|88/100|[from] Stealth Rock
|-ability|p1a: Opal|Pressure
|move|p2a: Skarmory|Whirlwind|p1a: Opal
|drag|p1a: Éole|Tornadus-Therian, M|100/100
|
|-weather|Sandstorm|[upkeep]
|-damage|p1a: Éole|94/100|[from] Sandstorm
|upkeep
|turn|19
|
|t:|1666804291
|switch|p2a: Tapu Koko|Tapu Koko|71/100
|-fieldstart|move: Electric Terrain|[from] ability: Electric Surge|[of] p2a: Tapu Koko
|move|p1a: Éole|U-turn|p2a: Tapu Koko
|-resisted|p2a: Tapu Koko
|-crit|p2a: Tapu Koko
|-damage|p2a: Tapu Koko|56/100
|
|t:|1666804297
|switch|p1a: Toph|Excadrill, F|94/100|[from]move: U-turn
|-damage|p1a: Toph|82/100|[from] Spikes
|-damage|p1a: Toph|79/100|[from] Stealth Rock
|
|-weather|none
|-heal|p1a: Toph|85/100|[from] item: Leftovers
|upkeep
|turn|20
|
|t:|1666804302
|switch|p2a: Skarmory|Skarmory, F|98/100
|move|p1a: Toph|Swords Dance|p1a: Toph
|-boost|p1a: Toph|atk|2
|
|-heal|p1a: Toph|91/100|[from] item: Leftovers
|upkeep
|turn|21
|
|t:|1666804310
|move|p1a: Toph|Rock Slide|p2a: Skarmory
|-damage|p2a: Skarmory|61/100
|move|p2a: Skarmory|Body Press|p1a: Toph
|-supereffective|p1a: Toph
|-damage|p1a: Toph|0 fnt
|faint|p1a: Toph
|
|upkeep
|
|t:|1666804315
|switch|p1a: Opal|Corviknight, F|88/100
|-damage|p1a: Opal|75/100|[from] Stealth Rock
|-ability|p1a: Opal|Pressure
|turn|22
|c|☆Candiceeeeee|nice stall
|
|t:|1666804325
|switch|p2a: Reuniclus|Reuniclus, M|46/100
|move|p1a: Opal|Defog|p2a: Reuniclus
|-unboost|p2a: Reuniclus|evasion|1
|-sideend|p1: Candiceeeeee|Spikes|[from] move: Defog|[of] p1a: Opal
|-sideend|p1: Candiceeeeee|Stealth Rock|[from] move: Defog|[of] p1a: Opal
|-fieldend|move: Electric Terrain
|
|upkeep
|turn|23
|c|☆Candiceeeeee|can't pass
|
|t:|1666804333
|move|p1a: Opal|U-turn|p2a: Reuniclus
|-supereffective|p2a: Reuniclus
|-crit|p2a: Reuniclus
|-damage|p2a: Reuniclus|15/100
|
|t:|1666804336
|switch|p1a: Lillith|Tyranitar, F|76/100|[from]move: U-turn
|-weather|Sandstorm|[from] ability: Sand Stream|[of] p1a: Lillith
|move|p2a: Reuniclus|Recover|p2a: Reuniclus
|-heal|p2a: Reuniclus|65/100
|
|-weather|Sandstorm|[upkeep]
|upkeep
|turn|24
|c|☆ChandosH|na its just an extremely fat hazard stack team
|
|t:|1666804354
|switch|p2a: Hippowdon|Hippowdon, F|100/100
|move|p1a: Lillith|Stealth Rock|p2a: Hippowdon
|-sidestart|p2: ChandosH|move: Stealth Rock
|
|-weather|Sandstorm|[upkeep]
|upkeep
|turn|25
|c|☆Candiceeeeee|soft stall then
|c|☆Candiceeeeee|:)
|
|t:|1666804370
|move|p1a: Lillith|Toxic|p2a: Hippowdon
|-status|p2a: Hippowdon|tox
|move|p2a: Hippowdon|Stealth Rock|p1a: Lillith
|-sidestart|p1: Candiceeeeee|move: Stealth Rock
|
|-weather|Sandstorm|[upkeep]
|-damage|p2a: Hippowdon|94/100 tox|[from] psn
|upkeep
|turn|26
|c|☆ChandosH|o wait
|c|☆ChandosH|im dumb
|c|☆Candiceeeeee|yeah
|c|☆ChandosH|this isnt banded lol
|c|☆Candiceeeeee|I mean
|
|t:|1666804396
|switch|p1a: Éole|Tornadus-Therian, M|100/100
|switch|p2a: Skarmory|Skarmory, F|61/100
|-damage|p2a: Skarmory|49/100|[from] Stealth Rock
|
|-weather|Sandstorm|[upkeep]
|-damage|p1a: Éole|94/100|[from] Sandstorm
|upkeep
|turn|27
|c|☆Candiceeeeee|you're not banded
|c|☆Candiceeeeee|you're not dumb
|c|☆Candiceeeeee|I meant
|c|☆Candiceeeeee|LOL
|c|☆Candiceeeeee|yeah it's just my spDef wall
|
|t:|1666804429
|switch|p2a: Tapu Koko|Tapu Koko|56/100
|-damage|p2a: Tapu Koko|44/100|[from] Stealth Rock
|-fieldstart|move: Electric Terrain|[from] ability: Electric Surge|[of] p2a: Tapu Koko
|move|p1a: Éole|Knock Off|p2a: Tapu Koko
|-resisted|p2a: Tapu Koko
|-damage|p2a: Tapu Koko|35/100
|
|-weather|Sandstorm|[upkeep]
|-damage|p2a: Tapu Koko|29/100|[from] Sandstorm
|-damage|p1a: Éole|88/100|[from] Sandstorm
|upkeep
|turn|28
|
|t:|1666804440
|move|p2a: Tapu Koko|Roost|p2a: Tapu Koko
|-heal|p2a: Tapu Koko|79/100
|-singleturn|p2a: Tapu Koko|move: Roost
|move|p1a: Éole|U-turn|p2a: Tapu Koko
|-resisted|p2a: Tapu Koko
|-damage|p2a: Tapu Koko|68/100
|
|t:|1666804448
|switch|p1a: Volty|Dracozolt|88/100|[from]move: U-turn
|-damage|p1a: Volty|76/100|[from] Stealth Rock
|
|-weather|Sandstorm|[upkeep]
|-damage|p2a: Tapu Koko|62/100|[from] Sandstorm
|upkeep
|turn|29
|
|t:|1666804456
|switch|p2a: Hippowdon|Hippowdon, F|94/100 tox
|-damage|p2a: Hippowdon|88/100 tox|[from] Stealth Rock
|move|p1a: Volty|Earthquake|p2a: Hippowdon
|-damage|p2a: Hippowdon|63/100 tox
|-damage|p1a: Volty|66/100|[from] item: Life Orb
|
|-weather|Sandstorm|[upkeep]
|-heal|p2a: Hippowdon|70/100 tox|[from] item: Leftovers
|-damage|p2a: Hippowdon|63/100 tox|[from] psn
|upkeep
|turn|30
|
|t:|1666804462
|move|p1a: Volty|Draco Meteor|p2a: Hippowdon
|-damage|p2a: Hippowdon|22/100 tox
|-unboost|p1a: Volty|spa|2
|-damage|p1a: Volty|56/100|[from] item: Life Orb
|move|p2a: Hippowdon|Slack Off|p2a: Hippowdon
|-heal|p2a: Hippowdon|72/100 tox
|
|-weather|none
|-heal|p2a: Hippowdon|79/100 tox|[from] item: Leftovers
|-damage|p2a: Hippowdon|66/100 tox|[from] psn
|upkeep
|turn|31
|
|t:|1666804473
|switch|p1a: Brobro|Slowbro, F|92/100
|-damage|p1a: Brobro|80/100|[from] Stealth Rock
|move|p2a: Hippowdon|Slack Off|p2a: Hippowdon
|-heal|p2a: Hippowdon|100/100 tox
|
|-damage|p2a: Hippowdon|82/100 tox|[from] psn
|-fieldend|move: Electric Terrain
|upkeep
|turn|32
|
|t:|1666804486
|switch|p2a: Reuniclus|Reuniclus, M|65/100
|move|p1a: Brobro|Future Sight|p2a: Reuniclus
|-start|p1a: Brobro|move: Future Sight
|
|upkeep
|turn|33
|c|☆Candiceeeeee|ok I have to change something again
|c|☆Candiceeeeee|this team is not strong enough
|
|t:|1666804512
|move|p2a: Reuniclus|Recover|p2a: Reuniclus
|-heal|p2a: Reuniclus|100/100
|move|p1a: Brobro|Teleport|p1a: Brobro
|
|t:|1666804514
|switch|p1a: Volty|Dracozolt|56/100|[from]move: Teleport
|-damage|p1a: Volty|43/100|[from] Stealth Rock
|
|upkeep
|turn|34
|c|☆ChandosH|choice band ttar is a good choice
|c|☆ChandosH|maybe throw rocks on something else
|c|☆Candiceeeeee|I want to sweep with exca
|
|t:|1666804542
|switch|p2a: Hippowdon|Hippowdon, F|82/100 tox
|-damage|p2a: Hippowdon|76/100 tox|[from] Stealth Rock
|-weather|Sandstorm|[from] ability: Sand Stream|[of] p2a: Hippowdon
|move|p1a: Volty|Bolt Beak|p2a: Hippowdon
|-immune|p2a: Hippowdon
|
|-weather|Sandstorm|[upkeep]
|-end|p2a: Hippowdon|move: Future Sight
|-damage|p2a: Hippowdon|43/100 tox
|-heal|p2a: Hippowdon|49/100 tox|[from] item: Leftovers
|-damage|p2a: Hippowdon|43/100 tox|[from] psn
|upkeep
|turn|35
|c|☆Candiceeeeee|;(
|
|t:|1666804553
|move|p1a: Volty|Earthquake|p2a: Hippowdon
|-damage|p2a: Hippowdon|16/100 tox
|-damage|p1a: Volty|33/100|[from] item: Life Orb
|move|p2a: Hippowdon|Slack Off|p2a: Hippowdon
|-heal|p2a: Hippowdon|66/100 tox
|
|-weather|Sandstorm|[upkeep]
|-heal|p2a: Hippowdon|72/100 tox|[from] item: Leftovers
|-damage|p2a: Hippowdon|60/100 tox|[from] psn
|upkeep
|turn|36
|
|t:|1666804557
|move|p1a: Volty|Earthquake|p2a: Hippowdon
|-damage|p2a: Hippowdon|31/100 tox
|-damage|p1a: Volty|23/100|[from] item: Life Orb
|move|p2a: Hippowdon|Slack Off|p2a: Hippowdon
|-heal|p2a: Hippowdon|81/100 tox
|
|-weather|Sandstorm|[upkeep]
|-heal|p2a: Hippowdon|87/100 tox|[from] item: Leftovers
|-damage|p2a: Hippowdon|69/100 tox|[from] psn
|upkeep
|turn|37
|
|t:|1666804560
|switch|p1a: Brobro|Slowbro, F|100/100
|-damage|p1a: Brobro|88/100|[from] Stealth Rock
|move|p2a: Hippowdon|Slack Off|p2a: Hippowdon
|-heal|p2a: Hippowdon|100/100 tox
|
|-weather|Sandstorm|[upkeep]
|-damage|p1a: Brobro|82/100|[from] Sandstorm
|-damage|p2a: Hippowdon|76/100 tox|[from] psn
|upkeep
|turn|38
|
|t:|1666804569
|switch|p2a: Reuniclus|Reuniclus, M|100/100
|move|p1a: Brobro|Future Sight|p2a: Reuniclus
|-start|p1a: Brobro|move: Future Sight
|
|-weather|none
|upkeep
|turn|39
|
|t:|1666804576
|move|p2a: Reuniclus|Thunder|p1a: Brobro|[miss]
|-miss|p2a: Reuniclus|p1a: Brobro
|move|p1a: Brobro|Teleport|p1a: Brobro
|
|t:|1666804580
|switch|p1a: Volty|Dracozolt|23/100|[from]move: Teleport
|-damage|p1a: Volty|11/100|[from] Stealth Rock
|
|upkeep
|turn|40
|
|t:|1666804588
|switch|p2a: Hippowdon|Hippowdon, F|76/100 tox
|-damage|p2a: Hippowdon|70/100 tox|[from] Stealth Rock
|-weather|Sandstorm|[from] ability: Sand Stream|[of] p2a: Hippowdon
|move|p1a: Volty|Draco Meteor|p2a: Hippowdon
|-damage|p2a: Hippowdon|26/100 tox
|-unboost|p1a: Volty|spa|2
|-damage|p1a: Volty|1/100|[from] item: Life Orb
|
|-weather|Sandstorm|[upkeep]
|-end|p2a: Hippowdon|move: Future Sight
|-damage|p2a: Hippowdon|0 fnt
|faint|p2a: Hippowdon
|upkeep
|c|☆Candiceeeeee|finally
|
|t:|1666804594
|switch|p2a: Tapu Koko|Tapu Koko|62/100
|-damage|p2a: Tapu Koko|50/100|[from] Stealth Rock
|-fieldstart|move: Electric Terrain|[from] ability: Electric Surge|[of] p2a: Tapu Koko
|turn|41
|c|☆Candiceeeeee|but it's too late now
|c|☆ChandosH|yeah
|c|☆ChandosH|it got done what it needed to
|c|☆Candiceeeeee|gg !
|
|t:|1666804619
|move|p1a: Volty|Bolt Beak|p2a: Tapu Koko
|-resisted|p2a: Tapu Koko
|-damage|p2a: Tapu Koko|0 fnt
|faint|p2a: Tapu Koko
|-damage|p1a: Volty|0 fnt|[from] item: Life Orb
|faint|p1a: Volty
|
|-weather|Sandstorm|[upkeep]
|upkeep
|c|☆ChandosH|wait
|c|☆ChandosH|i just chocked
|c|☆ChandosH|lmao
|c|☆Candiceeeeee|yeah
|c|☆Candiceeeeee|lol
|c|☆Candiceeeeee|but don't worry
|c|☆Candiceeeeee|I have nothing
|c|☆Candiceeeeee|to break the rest of your mons
|c|☆Candiceeeeee|Reuniclus kills my team
|c|☆Candiceeeeee|gg !
|-message|Candiceeeeee forfeited.
|
|win|ChandosH
|raw|Candiceeeeee's rating: 1677 &rarr; <strong>1656</strong><br />(-21 for losing)
|raw|ChandosH's rating: 1656 &rarr; <strong>1677</strong><br />(+21 for winning)
|c|☆ChandosH|gg
|l|☆Candiceeeeee
