|j|☆Ddrakos
|j|☆Monsieur Eans
|t:|1630883618
|gametype|singles
|player|p1|Ddrakos|veteran|1687
|player|p2|Monsieur Eans|juan|1593
|teamsize|p1|6
|teamsize|p2|6
|gen|8
|tier|[Gen 8] OU
|rated|
|rule|Sleep Clause Mod: Limit one foe put to sleep
|rule|Species Clause: Limit one of each Pokémon
|rule|OHKO Clause: OHKO moves are banned
|rule|Evasion Moves Clause: Evasion moves are banned
|rule|Endless Battle Clause: Forcing endless battles is banned
|rule|HP Percentage Mod: HP is shown in percentages
|rule|Dynamax Clause: You cannot dynamax
|clearpoke
|poke|p1|Rillaboom, M|
|poke|p1|Heatran, F|
|poke|p1|Dragapult, M|
|poke|p1|Buzzwole|
|poke|p1|Blissey, F|
|poke|p1|Rotom-Wash|
|poke|p2|Magnezone|
|poke|p2|Blaziken, F|
|poke|p2|Landorus-Therian, M|
|poke|p2|Clefable, M|
|poke|p2|Rillaboom, F|
|poke|p2|Mandibuzz, F|
|teampreview
|inactive|Battle timer is ON: inactive players will automatically lose when time's up. (requested by Monsieur Eans)
|
|t:|1630883631
|start
|switch|p1a: Rotom|Rotom-Wash|100/100
|switch|p2a: Magnezone|Magnezone|100/100
|turn|1
|
|t:|1630883635
|switch|p1a: Blissey|Blissey, F|100/100
|move|p2a: Magnezone|Volt Switch|p1a: Blissey
|-damage|p1a: Blissey|78/100
|
|t:|1630883638
|switch|p2a: Blaziken|Blaziken, F|100/100|[from]move: Volt Switch
|
|upkeep
|turn|2
|
|t:|1630883643
|switch|p1a: Rotom|Rotom-Wash|100/100
|move|p2a: Blaziken|Close Combat|p1a: Rotom
|-damage|p1a: Rotom|29/100
|-unboost|p2a: Blaziken|def|1
|-unboost|p2a: Blaziken|spd|1
|-damage|p2a: Blaziken|91/100|[from] item: Life Orb
|
|-heal|p1a: Rotom|35/100|[from] item: Leftovers
|-ability|p2a: Blaziken|Speed Boost|boost
|-boost|p2a: Blaziken|spe|1
|upkeep
|turn|3
|
|t:|1630883649
|switch|p1a: Buzzwole|Buzzwole|100/100
|move|p2a: Blaziken|Flare Blitz|p1a: Buzzwole
|-supereffective|p1a: Buzzwole
|-damage|p1a: Buzzwole|25/100
|-damage|p2a: Blaziken|74/100|[from] item: Rocky Helmet|[of] p1a: Buzzwole
|-damage|p2a: Blaziken|39/100|[from] Recoil
|-damage|p2a: Blaziken|29/100|[from] item: Life Orb
|
|-ability|p2a: Blaziken|Speed Boost|boost
|-boost|p2a: Blaziken|spe|1
|upkeep
|turn|4
|
|t:|1630883657
|switch|p1a: Rotom|Rotom-Wash|35/100
|move|p2a: Blaziken|Close Combat|p1a: Rotom
|-damage|p1a: Rotom|0 fnt
|-unboost|p2a: Blaziken|def|1
|-unboost|p2a: Blaziken|spd|1
|faint|p1a: Rotom
|-damage|p2a: Blaziken|19/100|[from] item: Life Orb
|
|-ability|p2a: Blaziken|Speed Boost|boost
|-boost|p2a: Blaziken|spe|1
|upkeep
|
|t:|1630883660
|switch|p1a: Rillaboom|Rillaboom, M|100/100
|-fieldstart|move: Grassy Terrain|[from] ability: Grassy Surge|[of] p1a: Rillaboom
|turn|5
|
|t:|1630883662
|move|p1a: Rillaboom|Grassy Glide|p2a: Blaziken
|-resisted|p2a: Blaziken
|-damage|p2a: Blaziken|0 fnt
|faint|p2a: Blaziken
|
|upkeep
|
|t:|1630883666
|switch|p2a: Magnezone|Magnezone|100/100
|turn|6
|
|t:|1630883669
|switch|p1a: Blissey|Blissey, F|78/100
|move|p2a: Magnezone|Volt Switch|p1a: Blissey
|-damage|p1a: Blissey|55/100
|
|t:|1630883676
|switch|p2a: Rillaboom|Rillaboom, F|100/100|[from]move: Volt Switch
|
|-heal|p1a: Blissey|61/100|[from] Grassy Terrain
|upkeep
|turn|7
|
|t:|1630883683
|switch|p1a: Buzzwole|Buzzwole|25/100
|move|p2a: Rillaboom|Wood Hammer|p1a: Buzzwole
|-resisted|p1a: Buzzwole
|-damage|p1a: Buzzwole|0 fnt
|-damage|p2a: Rillaboom|84/100|[from] item: Rocky Helmet|[of] p1a: Buzzwole
|faint|p1a: Buzzwole
|-damage|p2a: Rillaboom|74/100|[from] Recoil
|
|-heal|p2a: Rillaboom|80/100|[from] Grassy Terrain
|upkeep
|
|t:|1630883691
|switch|p1a: Heatran|Heatran, F|100/100
|turn|8
|
|t:|1630883696
|switch|p2a: Mandibuzz|Mandibuzz, F|100/100
|move|p1a: Heatran|Magma Storm|p2a: Mandibuzz|[miss]
|-miss|p1a: Heatran|p2a: Mandibuzz
|
|upkeep
|turn|9
|
|t:|1630883702
|switch|p2a: Landorus|Landorus-Therian, M|100/100
|-ability|p2a: Landorus|Intimidate|boost
|-unboost|p1a: Heatran|atk|1
|move|p1a: Heatran|Magma Storm|p2a: Landorus
|-crit|p2a: Landorus
|-damage|p2a: Landorus|49/100
|-activate|p2a: Landorus|move: Magma Storm|[of] p1a: Heatran
|
|-heal|p2a: Landorus|55/100|[from] item: Leftovers
|-damage|p2a: Landorus|43/100|[from] move: Magma Storm|[partiallytrapped]
|-fieldend|move: Grassy Terrain
|upkeep
|turn|10
|
|t:|1630883708
|switch|p1a: Rillaboom|Rillaboom, M|100/100
|-fieldstart|move: Grassy Terrain|[from] ability: Grassy Surge|[of] p1a: Rillaboom
|move|p2a: Landorus|U-turn|p1a: Rillaboom
|-supereffective|p1a: Rillaboom
|-damage|p1a: Rillaboom|51/100
|
|t:|1630883719
|switch|p2a: Mandibuzz|Mandibuzz, F|100/100|[from]move: U-turn
|
|-heal|p1a: Rillaboom|57/100|[from] Grassy Terrain
|upkeep
|turn|11
|
|t:|1630883722
|move|p1a: Rillaboom|U-turn|p2a: Mandibuzz
|-damage|p2a: Mandibuzz|79/100
|
|t:|1630883724
|switch|p1a: Heatran|Heatran, F|100/100|[from]move: U-turn
|move|p2a: Mandibuzz|Foul Play|p1a: Heatran
|-damage|p1a: Heatran|82/100
|
|-heal|p1a: Heatran|88/100|[from] Grassy Terrain
|-heal|p1a: Heatran|94/100|[from] item: Leftovers
|upkeep
|turn|12
|
|t:|1630883738
|move|p1a: Heatran|Magma Storm|p2a: Mandibuzz|[miss]
|-miss|p1a: Heatran|p2a: Mandibuzz
|move|p2a: Mandibuzz|Taunt|p1a: Heatran
|-start|p1a: Heatran|move: Taunt
|
|-heal|p1a: Heatran|100/100|[from] Grassy Terrain
|upkeep
|turn|13
|
|t:|1630883764
|switch|p2a: Landorus|Landorus-Therian, M|43/100
|-ability|p2a: Landorus|Intimidate|boost
|-unboost|p1a: Heatran|atk|1
|move|p1a: Heatran|Magma Storm|p2a: Landorus
|-damage|p2a: Landorus|10/100
|-activate|p2a: Landorus|move: Magma Storm|[of] p1a: Heatran
|
|-heal|p2a: Landorus|16/100|[from] item: Leftovers
|-damage|p2a: Landorus|4/100|[from] move: Magma Storm|[partiallytrapped]
|upkeep
|turn|14
|
|t:|1630883776
|switch|p1a: Dragapult|Dragapult, M|100/100
|move|p2a: Landorus|Stealth Rock|p1a: Dragapult
|-sidestart|p1: Ddrakos|move: Stealth Rock
|
|-heal|p2a: Landorus|10/100|[from] item: Leftovers
|-end|p2a: Landorus|Magma Storm|[partiallytrapped]|[silent]
|-fieldend|move: Grassy Terrain
|upkeep
|turn|15
|
|t:|1630883783
|move|p1a: Dragapult|U-turn|p2a: Landorus
|-resisted|p2a: Landorus
|-damage|p2a: Landorus|1/100
|
|t:|1630883786
|switch|p1a: Rillaboom|Rillaboom, M|57/100|[from]move: U-turn
|-damage|p1a: Rillaboom|45/100|[from] Stealth Rock
|-fieldstart|move: Grassy Terrain|[from] ability: Grassy Surge|[of] p1a: Rillaboom
|move|p2a: Landorus|Earthquake|p1a: Rillaboom
|-resisted|p1a: Rillaboom
|-damage|p1a: Rillaboom|32/100
|
|-heal|p1a: Rillaboom|38/100|[from] Grassy Terrain
|-heal|p2a: Landorus|7/100|[from] item: Leftovers
|upkeep
|turn|16
|
|t:|1630883793
|move|p1a: Rillaboom|Grassy Glide|p2a: Landorus
|-damage|p2a: Landorus|0 fnt
|faint|p2a: Landorus
|
|-heal|p1a: Rillaboom|44/100|[from] Grassy Terrain
|upkeep
|
|t:|1630883795
|switch|p2a: Magnezone|Magnezone|100/100
|turn|17
|
|t:|1630883798
|switch|p1a: Blissey|Blissey, F|61/100
|move|p2a: Magnezone|Volt Switch|p1a: Blissey
|-damage|p1a: Blissey|40/100
|
|t:|1630883801
|switch|p2a: Rillaboom|Rillaboom, F|80/100|[from]move: Volt Switch
|
|-heal|p2a: Rillaboom|86/100|[from] Grassy Terrain
|-heal|p1a: Blissey|46/100|[from] Grassy Terrain
|upkeep
|turn|18
|
|t:|1630883807
|move|p2a: Rillaboom|Superpower|p1a: Blissey
|-supereffective|p1a: Blissey
|-damage|p1a: Blissey|0 fnt
|-unboost|p2a: Rillaboom|atk|1
|-unboost|p2a: Rillaboom|def|1
|faint|p1a: Blissey
|
|-heal|p2a: Rillaboom|93/100|[from] Grassy Terrain
|upkeep
|
|t:|1630883810
|switch|p1a: Dragapult|Dragapult, M|100/100
|-damage|p1a: Dragapult|88/100|[from] Stealth Rock
|turn|19
|
|t:|1630883813
|switch|p2a: Clefable|Clefable, M|100/100
|move|p1a: Dragapult|Draco Meteor|p2a: Clefable
|-immune|p2a: Clefable
|
|-heal|p1a: Dragapult|94/100|[from] Grassy Terrain
|-fieldend|move: Grassy Terrain
|upkeep
|turn|20
|
|t:|1630883818
|switch|p1a: Heatran|Heatran, F|100/100
|-damage|p1a: Heatran|88/100|[from] Stealth Rock
|move|p2a: Clefable|Thunderbolt|p1a: Heatran
|-damage|p1a: Heatran|72/100
|
|-heal|p1a: Heatran|78/100|[from] item: Leftovers
|upkeep
|turn|21
|
|t:|1630883832
|move|p1a: Heatran|Magma Storm|p2a: Clefable|[miss]
|-miss|p1a: Heatran|p2a: Clefable
|move|p2a: Clefable|Calm Mind|p2a: Clefable
|-boost|p2a: Clefable|spa|1
|-boost|p2a: Clefable|spd|1
|
|-heal|p1a: Heatran|84/100|[from] item: Leftovers
|upkeep
|turn|22
|
|t:|1630883838
|move|p1a: Heatran|Taunt|p2a: Clefable
|-start|p2a: Clefable|move: Taunt
|cant|p2a: Clefable|move: Taunt|Calm Mind
|
|-heal|p1a: Heatran|91/100|[from] item: Leftovers
|upkeep
|turn|23
|
|t:|1630883841
|move|p1a: Heatran|Magma Storm|p2a: Clefable|[miss]
|-miss|p1a: Heatran|p2a: Clefable
|move|p2a: Clefable|Thunderbolt|p1a: Heatran
|-damage|p1a: Heatran|67/100
|
|-heal|p1a: Heatran|73/100|[from] item: Leftovers
|upkeep
|turn|24
|
|t:|1630883843
|move|p1a: Heatran|Magma Storm|p2a: Clefable
|-damage|p2a: Clefable|74/100
|-activate|p2a: Clefable|move: Magma Storm|[of] p1a: Heatran
|move|p2a: Clefable|Thunderbolt|p1a: Heatran
|-damage|p1a: Heatran|50/100
|
|-heal|p1a: Heatran|57/100|[from] item: Leftovers
|-end|p2a: Clefable|move: Taunt
|upkeep
|turn|25
|
|t:|1630883846
|move|p1a: Heatran|Taunt|p2a: Clefable
|-start|p2a: Clefable|move: Taunt
|move|p2a: Clefable|Thunderbolt|p1a: Heatran
|-damage|p1a: Heatran|32/100
|
|-heal|p1a: Heatran|38/100|[from] item: Leftovers
|upkeep
|turn|26
|
|t:|1630883849
|move|p1a: Heatran|Earth Power|p2a: Clefable
|-damage|p2a: Clefable|57/100
|move|p2a: Clefable|Thunderbolt|p1a: Heatran
|-damage|p1a: Heatran|11/100
|
|-heal|p1a: Heatran|17/100|[from] item: Leftovers
|upkeep
|turn|27
|
|t:|1630883852
|move|p1a: Heatran|Protect|p1a: Heatran
|-singleturn|p1a: Heatran|Protect
|move|p2a: Clefable|Thunderbolt|p1a: Heatran
|-activate|p1a: Heatran|move: Protect
|
|-heal|p1a: Heatran|24/100|[from] item: Leftovers
|-end|p2a: Clefable|move: Taunt
|upkeep
|turn|28
|
|t:|1630883861
|move|p1a: Heatran|Earth Power|p2a: Clefable
|-damage|p2a: Clefable|40/100
|move|p2a: Clefable|Thunderbolt|p1a: Heatran
|-damage|p1a: Heatran|0 fnt
|faint|p1a: Heatran
|
|-end|p2a: Clefable|Magma Storm|[partiallytrapped]|[silent]
|upkeep
|
|t:|1630883866
|switch|p1a: Rillaboom|Rillaboom, M|44/100
|-damage|p1a: Rillaboom|32/100|[from] Stealth Rock
|-fieldstart|move: Grassy Terrain|[from] ability: Grassy Surge|[of] p1a: Rillaboom
|turn|29
|
|t:|1630883872
|move|p1a: Rillaboom|Grassy Glide|p2a: Clefable
|-damage|p2a: Clefable|0 fnt
|faint|p2a: Clefable
|
|-heal|p1a: Rillaboom|38/100|[from] Grassy Terrain
|upkeep
|
|t:|1630883877
|switch|p2a: Magnezone|Magnezone|100/100
|turn|30
|
|t:|1630883881
|move|p1a: Rillaboom|Grassy Glide|p2a: Magnezone
|-resisted|p2a: Magnezone
|-damage|p2a: Magnezone|66/100
|move|p2a: Magnezone|Flash Cannon|p1a: Rillaboom
|-damage|p1a: Rillaboom|0 fnt
|faint|p1a: Rillaboom
|
|-heal|p2a: Magnezone|72/100|[from] Grassy Terrain
|upkeep
|
|t:|1630883884
|switch|p1a: Dragapult|Dragapult, M|94/100
|-damage|p1a: Dragapult|82/100|[from] Stealth Rock
|turn|31
|
|t:|1630883890
|move|p1a: Dragapult|Draco Meteor|p2a: Magnezone
|-resisted|p2a: Magnezone
|-damage|p2a: Magnezone|15/100
|-unboost|p1a: Dragapult|spa|2
|move|p2a: Magnezone|Flash Cannon|p1a: Dragapult
|-damage|p1a: Dragapult|0 fnt
|faint|p1a: Dragapult
|
|win|Monsieur Eans
|raw|Ddrakos's rating: 1687 &rarr; <strong>1662</strong><br />(-25 for losing)
|raw|Monsieur Eans's rating: 1593 &rarr; <strong>1618</strong><br />(+25 for winning)
|c|☆Monsieur Eans|gg
|c|☆Ddrakos|gg
|l|☆Ddrakos
