|j|☆iopkj09
|j|☆minimax_ai
|t:|1662902691
|gametype|singles
|player|p1|iopkj09|nate|1491
|player|p2|minimax_ai|lusamine-nihilego|1475
|teamsize|p1|6
|teamsize|p2|6
|gen|8
|tier|[Gen 8] OU
|rated|
|rule|Sleep Clause Mod: Limit one foe put to sleep
|rule|Species Clause: Limit one of each Pokémon
|rule|OHKO Clause: OHKO moves are banned
|rule|Evasion Items Clause: Evasion items are banned
|rule|Evasion Moves Clause: Evasion moves are banned
|rule|Endless Battle Clause: Forcing endless battles is banned
|rule|HP Percentage Mod: HP is shown in percentages
|rule|Dynamax Clause: You cannot dynamax
|clearpoke
|poke|p1|Garchomp, M|
|poke|p1|Mamoswine, M|
|poke|p1|Zapdos|
|poke|p1|Rillaboom, M|
|poke|p1|Tapu Lele|
|poke|p1|Kartana|
|poke|p2|Rotom-Wash|
|poke|p2|Weavile, F|
|poke|p2|Landorus-Therian, M|
|poke|p2|Heatran, M|
|poke|p2|Tangrowth, F|
|poke|p2|Melmetal|
|teampreview
|inactive|Battle timer is ON: inactive players will automatically lose when time's up. (requested by iopkj09)
|c|☆minimax_ai|hf
|inactive|minimax_ai also wants the timer to be on.
|
|t:|1662902695
|start
|switch|p1a: Zapdos|Zapdos, shiny|100/100
|switch|p2a: Melmetal|Melmetal|100/100
|turn|1
|
|t:|1662902709
|move|p1a: Zapdos|Heat Wave|p2a: Melmetal
|-supereffective|p2a: Melmetal
|-damage|p2a: Melmetal|67/100
|move|p2a: Melmetal|Ice Punch|p1a: Zapdos
|-supereffective|p1a: Zapdos
|-damage|p1a: Zapdos|15/100
|
|upkeep
|turn|2
|
|t:|1662902712
|move|p1a: Zapdos|Heat Wave|p2a: Melmetal
|-supereffective|p2a: Melmetal
|-damage|p2a: Melmetal|32/100
|move|p2a: Melmetal|Ice Punch|p1a: Zapdos
|-supereffective|p1a: Zapdos
|-damage|p1a: Zapdos|0 fnt
|faint|p1a: Zapdos
|
|upkeep
|
|t:|1662902716
|switch|p1a: Kartana|Kartana, shiny|100/100
|turn|3
|
|t:|1662902718
|switch|p2a: Tangrowth|Tangrowth, F|100/100
|move|p1a: Kartana|Knock Off|p2a: Tangrowth
|-damage|p2a: Tangrowth|77/100
|-damage|p1a: Kartana|84/100|[from] item: Rocky Helmet|[of] p2a: Tangrowth
|-enditem|p2a: Tangrowth|Rocky Helmet|[from] move: Knock Off|[of] p1a: Kartana
|
|upkeep
|turn|4
|
|t:|1662902721
|switch|p1a: Tapu Lele|Tapu Lele|100/100
|-fieldstart|move: Psychic Terrain|[from] ability: Psychic Surge|[of] p1a: Tapu Lele
|move|p2a: Tangrowth|Giga Drain|p1a: Tapu Lele
|-damage|p1a: Tapu Lele|72/100
|-heal|p2a: Tangrowth|87/100|[from] drain|[of] p1a: Tapu Lele
|
|upkeep
|turn|5
|
|t:|1662902724
|switch|p2a: Melmetal|Melmetal|32/100
|move|p1a: Tapu Lele|Moonblast|p2a: Melmetal
|-resisted|p2a: Melmetal
|-crit|p2a: Melmetal
|-damage|p2a: Melmetal|0 fnt
|faint|p2a: Melmetal
|
|upkeep
|
|t:|1662902724
|switch|p2a: Weavile|Weavile, F|100/100
|-ability|p2a: Weavile|Pressure
|turn|6
|
|t:|1662902726
|move|p2a: Weavile|Knock Off|p1a: Tapu Lele
|-crit|p1a: Tapu Lele
|-damage|p1a: Tapu Lele|0 fnt
|-enditem|p1a: Tapu Lele|Choice Specs|[from] move: Knock Off|[of] p2a: Weavile
|faint|p1a: Tapu Lele
|
|upkeep
|
|t:|1662902729
|switch|p1a: Kartana|Kartana, shiny|84/100
|turn|7
|
|t:|1662902731
|switch|p2a: Tangrowth|Tangrowth, F|100/100
|move|p1a: Kartana|Leaf Blade|p2a: Tangrowth
|-resisted|p2a: Tangrowth
|-damage|p2a: Tangrowth|84/100
|
|upkeep
|turn|8
|
|t:|1662902735
|switch|p1a: Rillaboom|Rillaboom, M|100/100
|-fieldstart|move: Grassy Terrain|[from] ability: Grassy Surge|[of] p1a: Rillaboom
|move|p2a: Tangrowth|Giga Drain|p1a: Rillaboom
|-resisted|p1a: Rillaboom
|-damage|p1a: Rillaboom|75/100
|-heal|p2a: Tangrowth|95/100|[from] drain|[of] p1a: Rillaboom
|
|-heal|p1a: Rillaboom|81/100|[from] Grassy Terrain
|-heal|p2a: Tangrowth|100/100|[from] Grassy Terrain
|upkeep
|turn|9
|
|t:|1662902738
|move|p1a: Rillaboom|Swords Dance|p1a: Rillaboom
|-boost|p1a: Rillaboom|atk|2
|move|p2a: Tangrowth|Focus Blast|p1a: Rillaboom
|-damage|p1a: Rillaboom|39/100
|
|-heal|p1a: Rillaboom|46/100|[from] Grassy Terrain
|upkeep
|turn|10
|
|t:|1662902740
|move|p1a: Rillaboom|Superpower|p2a: Tangrowth
|-damage|p2a: Tangrowth|35/100
|-unboost|p1a: Rillaboom|atk|1
|-unboost|p1a: Rillaboom|def|1
|-damage|p1a: Rillaboom|36/100|[from] item: Life Orb
|move|p2a: Tangrowth|Giga Drain|p1a: Rillaboom
|-resisted|p1a: Rillaboom
|-damage|p1a: Rillaboom|12/100
|-heal|p2a: Tangrowth|45/100|[from] drain|[of] p1a: Rillaboom
|
|-heal|p1a: Rillaboom|18/100|[from] Grassy Terrain
|-heal|p2a: Tangrowth|51/100|[from] Grassy Terrain
|upkeep
|turn|11
|
|t:|1662902743
|move|p1a: Rillaboom|Superpower|p2a: Tangrowth
|-damage|p2a: Tangrowth|10/100
|-unboost|p1a: Rillaboom|atk|1
|-unboost|p1a: Rillaboom|def|1
|-damage|p1a: Rillaboom|8/100|[from] item: Life Orb
|move|p2a: Tangrowth|Giga Drain|p1a: Rillaboom
|-resisted|p1a: Rillaboom
|-damage|p1a: Rillaboom|0 fnt
|-heal|p2a: Tangrowth|13/100|[from] drain|[of] p1a: Rillaboom
|faint|p1a: Rillaboom
|
|-heal|p2a: Tangrowth|19/100|[from] Grassy Terrain
|upkeep
|
|t:|1662902746
|switch|p1a: Mamoswine|Mamoswine, M|100/100
|turn|12
|
|t:|1662902752
|switch|p2a: rotomwash|Rotom-Wash|100/100
|move|p1a: Mamoswine|Icicle Crash|p2a: rotomwash|[miss]
|-miss|p1a: Mamoswine|p2a: rotomwash
|
|-fieldend|move: Grassy Terrain
|upkeep
|turn|13
|
|t:|1662902766
|move|p2a: rotomwash|Hydro Pump|p1a: Mamoswine
|-supereffective|p1a: Mamoswine
|-enditem|p1a: Mamoswine|Focus Sash
|-damage|p1a: Mamoswine|1/100
|move|p1a: Mamoswine|Icicle Crash|p2a: rotomwash
|-resisted|p2a: rotomwash
|-damage|p2a: rotomwash|75/100
|
|-heal|p2a: rotomwash|81/100|[from] item: Leftovers
|upkeep
|turn|14
|
|t:|1662902770
|switch|p1a: Kartana|Kartana, shiny|84/100
|move|p2a: rotomwash|Hydro Pump|p1a: Kartana
|-resisted|p1a: Kartana
|-damage|p1a: Kartana|17/100
|
|-heal|p2a: rotomwash|87/100|[from] item: Leftovers
|upkeep
|turn|15
|
|t:|1662902773
|switch|p2a: Tangrowth|Tangrowth, F|52/100
|move|p1a: Kartana|Sacred Sword|p2a: Tangrowth
|-damage|p2a: Tangrowth|29/100
|
|upkeep
|turn|16
|
|t:|1662902776
|move|p1a: Kartana|Sacred Sword|p2a: Tangrowth
|-damage|p2a: Tangrowth|7/100
|move|p2a: Tangrowth|Giga Drain|p1a: Kartana
|-resisted|p1a: Kartana
|-damage|p1a: Kartana|0 fnt
|-heal|p2a: Tangrowth|12/100|[from] drain|[of] p1a: Kartana
|faint|p1a: Kartana
|
|upkeep
|
|t:|1662902779
|switch|p1a: Mamoswine|Mamoswine, M|1/100
|turn|17
|
|t:|1662902780
|switch|p2a: rotomwash|Rotom-Wash|87/100
|move|p1a: Mamoswine|Ice Shard|p2a: rotomwash
|-resisted|p2a: rotomwash
|-damage|p2a: rotomwash|76/100
|
|-heal|p2a: rotomwash|82/100|[from] item: Leftovers
|upkeep
|turn|18
|
|t:|1662902782
|switch|p1a: Garchomp|Garchomp, M, shiny|100/100
|move|p2a: rotomwash|Hydro Pump|p1a: Garchomp|[miss]
|-miss|p2a: rotomwash|p1a: Garchomp
|
|-heal|p2a: rotomwash|89/100|[from] item: Leftovers
|upkeep
|turn|19
|
|t:|1662902785
|switch|p2a: landorustherian|Landorus-Therian, M|100/100
|-ability|p2a: landorustherian|Intimidate|boost
|-unboost|p1a: Garchomp|atk|1
|move|p1a: Garchomp|Outrage|p2a: landorustherian
|-damage|p2a: landorustherian|60/100
|
|-heal|p2a: landorustherian|66/100|[from] item: Leftovers
|upkeep
|turn|20
|
|t:|1662902787
|move|p1a: Garchomp|Outrage|p2a: landorustherian|[from]lockedmove
|-damage|p2a: landorustherian|27/100
|move|p2a: landorustherian|U-turn|p1a: Garchomp
|-damage|p1a: Garchomp|80/100
|-damage|p2a: landorustherian|14/100|[from] ability: Rough Skin|[of] p1a: Garchomp
|
|t:|1662902788
|switch|p2a: Weavile|Weavile, F|100/100|[from]move: U-turn
|-ability|p2a: Weavile|Pressure
|
|upkeep
|turn|21
|-message|iopkj09 forfeited.
|
|win|minimax_ai
|raw|iopkj09's rating: 1472 &rarr; <strong>1452</strong><br />(-20 for losing)
|raw|minimax_ai's rating: 1475 &rarr; <strong>1495</strong><br />(+20 for winning)
|c|☆minimax_ai|gg
|l|☆iopkj09
