|j|☆Cowsrule247
|j|☆Stads
|t:|1668014354
|gametype|singles
|player|p1|Cowsrule247|skyla|1687
|player|p2|Stads|169|1868
|teamsize|p1|6
|teamsize|p2|6
|gen|8
|tier|[Gen 8] OU
|rated|
|rule|Sleep Clause Mod: Limit one foe put to sleep
|rule|Species Clause: Limit one of each Pokémon
|rule|OHKO Clause: OHKO moves are banned
|rule|Evasion Items Clause: Evasion items are banned
|rule|Evasion Moves Clause: Evasion moves are banned
|rule|Endless Battle Clause: Forcing endless battles is banned
|rule|HP Percentage Mod: HP is shown in percentages
|rule|Dynamax Clause: You cannot dynamax
|clearpoke
|poke|p1|Corviknight, M|
|poke|p1|Gastrodon-East, M|
|poke|p1|Toxapex, F|
|poke|p1|Buzzwole|
|poke|p1|Clefable, M|
|poke|p1|Blissey, F|
|poke|p2|Tornadus-Therian, M|
|poke|p2|Corviknight, M|
|poke|p2|Kartana|
|poke|p2|Toxapex, M|
|poke|p2|Hippowdon, M|
|poke|p2|Heatran, F|
|teampreview
|inactive|Battle timer is ON: inactive players will automatically lose when time's up. (requested by Cowsrule247)
|
|t:|1668014368
|start
|switch|p1a: HitEmFromTheEast|Gastrodon-East, M|100/100
|switch|p2a: Hippowdon|Hippowdon, M|100/100
|-weather|Sandstorm|[from] ability: Sand Stream|[of] p2a: Hippowdon
|turn|1
|
|t:|1668014373
|switch|p1a: Caw Bitch|Corviknight, M|100/100
|-ability|p1a: Caw Bitch|Pressure
|move|p2a: Hippowdon|Toxic|p1a: Caw Bitch
|-immune|p1a: Caw Bitch
|
|-weather|Sandstorm|[upkeep]
|upkeep
|turn|2
|
|t:|1668014395
|switch|p2a: Toxapex|Toxapex, M|100/100
|move|p1a: Caw Bitch|Body Press|p2a: Toxapex
|-resisted|p2a: Toxapex
|-damage|p2a: Toxapex|93/100
|
|-weather|Sandstorm|[upkeep]
|-damage|p2a: Toxapex|87/100|[from] Sandstorm
|upkeep
|turn|3
|inactive|Cowsrule247 has 120 seconds left.
|
|t:|1668014418
|switch|p1a: ;)|Toxapex, F|100/100
|switch|p2a: Corviknight|Corviknight, M|100/100
|-ability|p2a: Corviknight|Pressure
|
|-weather|Sandstorm|[upkeep]
|-damage|p1a: ;)|94/100|[from] Sandstorm
|upkeep
|turn|4
|
|t:|1668014424
|switch|p2a: Toxapex|Toxapex, M|100/100
|move|p1a: ;)|Scald|p2a: Toxapex
|-resisted|p2a: Toxapex
|-damage|p2a: Toxapex|94/100
|
|-weather|Sandstorm|[upkeep]
|-damage|p2a: Toxapex|87/100|[from] Sandstorm
|-damage|p1a: ;)|88/100|[from] Sandstorm
|upkeep
|turn|5
|
|t:|1668014433
|switch|p1a: HitEmFromTheEast|Gastrodon-East, M|100/100
|move|p2a: Toxapex|Knock Off|p1a: HitEmFromTheEast
|-damage|p1a: HitEmFromTheEast|85/100
|-activate|p1a: HitEmFromTheEast|ability: Sticky Hold
|
|-weather|none
|-heal|p1a: HitEmFromTheEast|91/100|[from] item: Leftovers
|upkeep
|turn|6
|
|t:|1668014439
|switch|p2a: Tornadus|Tornadus-Therian, M|100/100
|move|p1a: HitEmFromTheEast|Earthquake|p2a: Tornadus
|-immune|p2a: Tornadus
|
|-heal|p1a: HitEmFromTheEast|97/100|[from] item: Leftovers
|upkeep
|turn|7
|
|t:|1668014442
|switch|p2a: Toxapex|Toxapex, M|100/100
|move|p1a: HitEmFromTheEast|Toxic|p2a: Toxapex
|-immune|p2a: Toxapex
|
|-heal|p1a: HitEmFromTheEast|100/100|[from] item: Leftovers
|upkeep
|turn|8
|
|t:|1668014446
|switch|p2a: Corviknight|Corviknight, M|100/100
|-ability|p2a: Corviknight|Pressure
|move|p1a: HitEmFromTheEast|Scald|p2a: Corviknight
|-damage|p2a: Corviknight|79/100
|-status|p2a: Corviknight|brn
|
|-heal|p2a: Corviknight|85/100 brn|[from] item: Leftovers
|-damage|p2a: Corviknight|79/100 brn|[from] brn
|upkeep
|turn|9
|
|t:|1668014455
|switch|p2a: Toxapex|Toxapex, M|100/100
|switch|p1a: Caw Bitch|Corviknight, M|100/100
|-ability|p1a: Caw Bitch|Pressure
|
|upkeep
|turn|10
|
|t:|1668014458
|switch|p1a: HitEmFromTheEast|Gastrodon-East, M|100/100
|switch|p2a: Tornadus|Tornadus-Therian, M|100/100
|
|upkeep
|turn|11
|
|t:|1668014465
|switch|p2a: Toxapex|Toxapex, M|100/100
|switch|p1a: Caw Bitch|Corviknight, M|100/100
|-ability|p1a: Caw Bitch|Pressure
|
|upkeep
|turn|12
|
|t:|1668014468
|switch|p1a: thicc|Blissey, F|100/100
|switch|p2a: Tornadus|Tornadus-Therian, M|100/100
|
|upkeep
|turn|13
|
|t:|1668014471
|switch|p2a: Hippowdon|Hippowdon, M|100/100
|-weather|Sandstorm|[from] ability: Sand Stream|[of] p2a: Hippowdon
|move|p1a: thicc|Stealth Rock|p2a: Hippowdon
|-sidestart|p2: Stads|move: Stealth Rock
|
|-weather|Sandstorm|[upkeep]
|-damage|p1a: thicc|94/100|[from] Sandstorm
|upkeep
|turn|14
|
|t:|1668014473
|switch|p1a: Caw Bitch|Corviknight, M|100/100
|-ability|p1a: Caw Bitch|Pressure
|move|p2a: Hippowdon|Stealth Rock|p1a: Caw Bitch
|-sidestart|p1: Cowsrule247|move: Stealth Rock
|
|-weather|Sandstorm|[upkeep]
|upkeep
|turn|15
|
|t:|1668014479
|switch|p2a: Corviknight|Corviknight, M|79/100 brn
|-damage|p2a: Corviknight|66/100 brn|[from] Stealth Rock
|-ability|p2a: Corviknight|Pressure
|move|p1a: Caw Bitch|Defog|p2a: Corviknight
|-unboost|p2a: Corviknight|evasion|1
|-sideend|p2: Stads|Stealth Rock|[from] move: Defog|[of] p1a: Caw Bitch
|-sideend|p1: Cowsrule247|Stealth Rock|[from] move: Defog|[of] p1a: Caw Bitch
|
|-weather|Sandstorm|[upkeep]
|-heal|p2a: Corviknight|72/100 brn|[from] item: Leftovers
|-damage|p2a: Corviknight|66/100 brn|[from] brn
|upkeep
|turn|16
|
|t:|1668014495
|switch|p2a: Toxapex|Toxapex, M|100/100
|move|p1a: Caw Bitch|Body Press|p2a: Toxapex
|-resisted|p2a: Toxapex
|-damage|p2a: Toxapex|94/100
|
|-weather|Sandstorm|[upkeep]
|-damage|p2a: Toxapex|87/100|[from] Sandstorm
|upkeep
|turn|17
|
|t:|1668014498
|switch|p1a: HitEmFromTheEast|Gastrodon-East, M|100/100
|switch|p2a: Tornadus|Tornadus-Therian, M|100/100
|
|-weather|none
|upkeep
|turn|18
|
|t:|1668014504
|switch|p2a: Toxapex|Toxapex, M|100/100
|move|p1a: HitEmFromTheEast|Earthquake|p2a: Toxapex
|-supereffective|p2a: Toxapex
|-damage|p2a: Toxapex|63/100
|
|upkeep
|turn|19
|
|t:|1668014507
|switch|p2a: Tornadus|Tornadus-Therian, M|100/100
|move|p1a: HitEmFromTheEast|Toxic|p2a: Tornadus|[miss]
|-miss|p1a: HitEmFromTheEast|p2a: Tornadus
|
|upkeep
|turn|20
|
|t:|1668014518
|switch|p2a: Toxapex|Toxapex, M|96/100
|move|p1a: HitEmFromTheEast|Earthquake|p2a: Toxapex
|-supereffective|p2a: Toxapex
|-damage|p2a: Toxapex|63/100
|
|upkeep
|turn|21
|
|t:|1668014523
|switch|p2a: Corviknight|Corviknight, M|66/100 brn
|-ability|p2a: Corviknight|Pressure
|move|p1a: HitEmFromTheEast|Scald|p2a: Corviknight
|-damage|p2a: Corviknight|42/100 brn
|
|-heal|p2a: Corviknight|48/100 brn|[from] item: Leftovers
|-damage|p2a: Corviknight|42/100 brn|[from] brn
|upkeep
|turn|22
|
|t:|1668014528
|move|p2a: Corviknight|Roost|p2a: Corviknight
|-heal|p2a: Corviknight|92/100 brn
|-singleturn|p2a: Corviknight|move: Roost
|move|p1a: HitEmFromTheEast|Earthquake|p2a: Corviknight
|-supereffective|p2a: Corviknight
|-damage|p2a: Corviknight|53/100 brn
|
|-heal|p2a: Corviknight|59/100 brn|[from] item: Leftovers
|-damage|p2a: Corviknight|53/100 brn|[from] brn
|upkeep
|turn|23
|
|t:|1668014534
|switch|p2a: Tornadus|Tornadus-Therian, M|100/100
|switch|p1a: thicc|Blissey, F|94/100
|
|upkeep
|turn|24
|
|t:|1668014539
|move|p2a: Tornadus|Knock Off|p1a: thicc
|-damage|p1a: thicc|78/100
|-enditem|p1a: thicc|Heavy-Duty Boots|[from] move: Knock Off|[of] p2a: Tornadus
|move|p1a: thicc|Toxic|p2a: Tornadus
|-status|p2a: Tornadus|tox
|
|-damage|p2a: Tornadus|94/100 tox|[from] psn
|upkeep
|turn|25
|
|t:|1668014543
|move|p2a: Tornadus|U-turn|p1a: thicc
|-damage|p1a: thicc|65/100
|
|t:|1668014545
|switch|p2a: Heatran|Heatran, F|100/100|[from]move: U-turn
|move|p1a: thicc|Stealth Rock|p2a: Heatran
|-sidestart|p2: Stads|move: Stealth Rock
|
|upkeep
|turn|26
|
|t:|1668014549
|switch|p1a: ;)|Toxapex, F|100/100
|move|p2a: Heatran|Toxic|p1a: ;)
|-immune|p1a: ;)
|
|upkeep
|turn|27
|
|t:|1668014554
|switch|p2a: Toxapex|Toxapex, M|96/100
|-damage|p2a: Toxapex|83/100|[from] Stealth Rock
|move|p1a: ;)|Scald|p2a: Toxapex
|-resisted|p2a: Toxapex
|-damage|p2a: Toxapex|77/100
|-status|p2a: Toxapex|brn
|
|-damage|p2a: Toxapex|71/100 brn|[from] brn
|upkeep
|turn|28
|
|t:|1668014565
|switch|p2a: Hippowdon|Hippowdon, M|100/100
|-damage|p2a: Hippowdon|94/100|[from] Stealth Rock
|-weather|Sandstorm|[from] ability: Sand Stream|[of] p2a: Hippowdon
|move|p1a: ;)|Knock Off|p2a: Hippowdon
|-damage|p2a: Hippowdon|83/100
|-enditem|p2a: Hippowdon|Leftovers|[from] move: Knock Off|[of] p1a: ;)
|
|-weather|Sandstorm|[upkeep]
|-damage|p1a: ;)|94/100|[from] Sandstorm
|upkeep
|turn|29
|
|t:|1668014572
|switch|p1a: Caw Bitch|Corviknight, M|100/100
|-ability|p1a: Caw Bitch|Pressure
|move|p2a: Hippowdon|Stealth Rock|p1a: Caw Bitch
|-sidestart|p1: Cowsrule247|move: Stealth Rock
|
|-weather|Sandstorm|[upkeep]
|upkeep
|turn|30
|
|t:|1668014579
|switch|p2a: Toxapex|Toxapex, M|100/100 brn
|-damage|p2a: Toxapex|88/100 brn|[from] Stealth Rock
|move|p1a: Caw Bitch|Iron Defense|p1a: Caw Bitch
|-boost|p1a: Caw Bitch|def|2
|
|-weather|Sandstorm|[upkeep]
|-damage|p2a: Toxapex|82/100 brn|[from] Sandstorm
|-damage|p2a: Toxapex|75/100 brn|[from] brn
|upkeep
|turn|31
|
|t:|1668014585
|move|p1a: Caw Bitch|Defog|p2a: Toxapex
|-unboost|p2a: Toxapex|evasion|1
|-sideend|p2: Stads|Stealth Rock|[from] move: Defog|[of] p1a: Caw Bitch
|-sideend|p1: Cowsrule247|Stealth Rock|[from] move: Defog|[of] p1a: Caw Bitch
|move|p2a: Toxapex|Haze|p2a: Toxapex
|-clearallboost
|
|-weather|Sandstorm|[upkeep]
|-damage|p2a: Toxapex|69/100 brn|[from] Sandstorm
|-damage|p2a: Toxapex|63/100 brn|[from] brn
|upkeep
|turn|32
|
|t:|1668014597
|switch|p1a: thicc|Blissey, F|65/100
|switch|p2a: Tornadus|Tornadus-Therian, M|100/100 tox
|
|-weather|none
|-damage|p2a: Tornadus|94/100 tox|[from] psn
|upkeep
|turn|33
|
|t:|1668014606
|move|p2a: Tornadus|U-turn|p1a: thicc
|-damage|p1a: thicc|53/100
|
|t:|1668014609
|switch|p2a: Corviknight|Corviknight, M|53/100 brn|[from]move: U-turn
|-ability|p2a: Corviknight|Pressure
|move|p1a: thicc|Stealth Rock|p2a: Corviknight
|-sidestart|p2: Stads|move: Stealth Rock
|
|-heal|p2a: Corviknight|59/100 brn|[from] item: Leftovers
|-damage|p2a: Corviknight|53/100 brn|[from] brn
|upkeep
|turn|34
|
|t:|1668014614
|move|p2a: Corviknight|Defog|p1a: thicc
|-unboost|p1a: thicc|evasion|1
|-sideend|p2: Stads|Stealth Rock|[from] move: Defog|[of] p2a: Corviknight
|move|p1a: thicc|Soft-Boiled|p1a: thicc
|-heal|p1a: thicc|100/100
|
|-heal|p2a: Corviknight|59/100 brn|[from] item: Leftovers
|-damage|p2a: Corviknight|53/100 brn|[from] brn
|upkeep
|turn|35
|
|t:|1668014625
|move|p2a: Corviknight|Body Press|p1a: thicc
|-supereffective|p1a: thicc
|-crit|p1a: thicc
|-damage|p1a: thicc|70/100
|move|p1a: thicc|Stealth Rock|p2a: Corviknight
|-sidestart|p2: Stads|move: Stealth Rock
|
|-heal|p2a: Corviknight|59/100 brn|[from] item: Leftovers
|-damage|p2a: Corviknight|53/100 brn|[from] brn
|upkeep
|turn|36
|
|t:|1668014628
|switch|p1a: Caw Bitch|Corviknight, M|100/100
|-ability|p1a: Caw Bitch|Pressure
|move|p2a: Corviknight|Defog|p1a: Caw Bitch
|-unboost|p1a: Caw Bitch|evasion|1
|-sideend|p2: Stads|Stealth Rock|[from] move: Defog|[of] p2a: Corviknight
|
|-heal|p2a: Corviknight|59/100 brn|[from] item: Leftovers
|-damage|p2a: Corviknight|53/100 brn|[from] brn
|upkeep
|turn|37
|
|t:|1668014633
|move|p1a: Caw Bitch|Iron Defense|p1a: Caw Bitch
|-boost|p1a: Caw Bitch|def|2
|move|p2a: Corviknight|Roost|p2a: Corviknight
|-heal|p2a: Corviknight|100/100 brn
|-singleturn|p2a: Corviknight|move: Roost
|
|-damage|p2a: Corviknight|94/100 brn|[from] brn
|upkeep
|turn|38
|
|t:|1668014636
|switch|p2a: Toxapex|Toxapex, M|96/100 brn
|switch|p1a: thicc|Blissey, F|70/100
|
|-damage|p2a: Toxapex|90/100 brn|[from] brn
|upkeep
|turn|39
|
|t:|1668014641
|switch|p2a: Hippowdon|Hippowdon, M|83/100
|-weather|Sandstorm|[from] ability: Sand Stream|[of] p2a: Hippowdon
|move|p1a: thicc|Seismic Toss|p2a: Hippowdon
|-damage|p2a: Hippowdon|59/100
|
|-weather|Sandstorm|[upkeep]
|-damage|p1a: thicc|64/100|[from] Sandstorm
|upkeep
|turn|40
|
|t:|1668014645
|switch|p1a: Caw Bitch|Corviknight, M|100/100
|-ability|p1a: Caw Bitch|Pressure
|move|p2a: Hippowdon|Earthquake|p1a: Caw Bitch
|-immune|p1a: Caw Bitch
|
|-weather|Sandstorm|[upkeep]
|upkeep
|turn|41
|
|t:|1668014650
|switch|p1a: thicc|Blissey, F|64/100
|move|p2a: Hippowdon|Stealth Rock|p1a: thicc
|-sidestart|p1: Cowsrule247|move: Stealth Rock
|
|-weather|Sandstorm|[upkeep]
|-damage|p1a: thicc|58/100|[from] Sandstorm
|upkeep
|turn|42
|
|t:|1668014655
|move|p1a: thicc|Soft-Boiled|p1a: thicc
|-heal|p1a: thicc|100/100
|move|p2a: Hippowdon|Earthquake|p1a: thicc
|-damage|p1a: thicc|68/100
|
|-weather|Sandstorm|[upkeep]
|-damage|p1a: thicc|62/100|[from] Sandstorm
|upkeep
|turn|43
|
|t:|1668014661
|switch|p1a: Caw Bitch|Corviknight, M|100/100
|-damage|p1a: Caw Bitch|88/100|[from] Stealth Rock
|-ability|p1a: Caw Bitch|Pressure
|switch|p2a: Kartana|Kartana|100/100
|
|-weather|none
|-heal|p1a: Caw Bitch|94/100|[from] item: Leftovers
|upkeep
|turn|44
|
|t:|1668014664
|switch|p2a: Heatran|Heatran, F|100/100
|move|p1a: Caw Bitch|Iron Defense|p1a: Caw Bitch
|-boost|p1a: Caw Bitch|def|2
|
|-heal|p1a: Caw Bitch|100/100|[from] item: Leftovers
|upkeep
|turn|45
|
|t:|1668014669
|switch|p2a: Tornadus|Tornadus-Therian, M|100/100 tox
|switch|p1a: ;)|Toxapex, F|100/100
|-damage|p1a: ;)|88/100|[from] Stealth Rock
|
|-damage|p2a: Tornadus|94/100 tox|[from] psn
|upkeep
|turn|46
|
|t:|1668014672
|move|p2a: Tornadus|Knock Off|p1a: ;)
|-damage|p1a: ;)|76/100
|-enditem|p1a: ;)|Shed Shell|[from] move: Knock Off|[of] p2a: Tornadus
|move|p1a: ;)|Knock Off|p2a: Tornadus
|-damage|p2a: Tornadus|75/100 tox
|-enditem|p2a: Tornadus|Assault Vest|[from] move: Knock Off|[of] p1a: ;)
|
|-damage|p2a: Tornadus|63/100 tox|[from] psn
|upkeep
|turn|47
|
|t:|1668014678
|switch|p1a: Caw Bitch|Corviknight, M|100/100
|-damage|p1a: Caw Bitch|88/100|[from] Stealth Rock
|-ability|p1a: Caw Bitch|Pressure
|move|p2a: Tornadus|U-turn|p1a: Caw Bitch
|-resisted|p1a: Caw Bitch
|-damage|p1a: Caw Bitch|86/100
|
|t:|1668014680
|switch|p2a: Heatran|Heatran, F|100/100|[from]move: U-turn
|
|-heal|p1a: Caw Bitch|92/100|[from] item: Leftovers
|upkeep
|turn|48
|
|t:|1668014683
|switch|p1a: HitEmFromTheEast|Gastrodon-East, M|100/100
|-damage|p1a: HitEmFromTheEast|94/100|[from] Stealth Rock
|move|p2a: Heatran|Toxic|p1a: HitEmFromTheEast|[miss]
|-miss|p2a: Heatran|p1a: HitEmFromTheEast
|
|-heal|p1a: HitEmFromTheEast|100/100|[from] item: Leftovers
|upkeep
|turn|49
|
|t:|1668014689
|switch|p2a: Corviknight|Corviknight, M|94/100 brn
|-ability|p2a: Corviknight|Pressure
|move|p1a: HitEmFromTheEast|Scald|p2a: Corviknight
|-damage|p2a: Corviknight|73/100 brn
|
|-heal|p2a: Corviknight|79/100 brn|[from] item: Leftovers
|-damage|p2a: Corviknight|73/100 brn|[from] brn
|upkeep
|turn|50
|
|t:|1668014692
|switch|p2a: Tornadus|Tornadus-Therian, M|96/100 tox
|move|p1a: HitEmFromTheEast|Scald|p2a: Tornadus
|-damage|p2a: Tornadus|65/100 tox
|
|-damage|p2a: Tornadus|59/100 tox|[from] psn
|upkeep
|turn|51
|
|t:|1668014696
|switch|p2a: Toxapex|Toxapex, M|100/100 brn
|switch|p1a: Caw Bitch|Corviknight, M|92/100
|-damage|p1a: Caw Bitch|80/100|[from] Stealth Rock
|-ability|p1a: Caw Bitch|Pressure
|
|-heal|p1a: Caw Bitch|86/100|[from] item: Leftovers
|-damage|p2a: Toxapex|94/100 brn|[from] brn
|upkeep
|turn|52
|
|t:|1668014700
|switch|p2a: Corviknight|Corviknight, M|73/100 brn
|-ability|p2a: Corviknight|Pressure
|move|p1a: Caw Bitch|Defog|p2a: Corviknight
|-unboost|p2a: Corviknight|evasion|1
|-sideend|p1: Cowsrule247|Stealth Rock|[from] move: Defog|[of] p1a: Caw Bitch
|
|-heal|p2a: Corviknight|79/100 brn|[from] item: Leftovers
|-heal|p1a: Caw Bitch|92/100|[from] item: Leftovers
|-damage|p2a: Corviknight|73/100 brn|[from] brn
|upkeep
|turn|53
|j| TouchyFeelie
|j| Ran Kob
|
|t:|1668014710
|switch|p1a: ;)|Toxapex, F|100/100
|switch|p2a: Toxapex|Toxapex, M|100/100 brn
|
|-damage|p2a: Toxapex|94/100 brn|[from] brn
|upkeep
|turn|54
|
|t:|1668014716
|switch|p2a: Tornadus|Tornadus-Therian, M|92/100 tox
|move|p1a: ;)|Knock Off|p2a: Tornadus
|-damage|p2a: Tornadus|78/100 tox
|
|-damage|p2a: Tornadus|72/100 tox|[from] psn
|upkeep
|turn|55
|
|t:|1668014721
|switch|p2a: Toxapex|Toxapex, M|100/100 brn
|move|p1a: ;)|Knock Off|p2a: Toxapex
|-damage|p2a: Toxapex|92/100 brn
|-enditem|p2a: Toxapex|Shed Shell|[from] move: Knock Off|[of] p1a: ;)
|
|-damage|p2a: Toxapex|86/100 brn|[from] brn
|upkeep
|turn|56
|
|t:|1668014736
|switch|p2a: Tornadus|Tornadus-Therian, M|100/100 tox
|switch|p1a: thicc|Blissey, F|62/100
|
|-damage|p2a: Tornadus|94/100 tox|[from] psn
|upkeep
|turn|57
|
|t:|1668014739
|move|p2a: Tornadus|U-turn|p1a: thicc
|-damage|p1a: thicc|49/100
|
|t:|1668014741
|switch|p2a: Hippowdon|Hippowdon, M|59/100|[from]move: U-turn
|-weather|Sandstorm|[from] ability: Sand Stream|[of] p2a: Hippowdon
|move|p1a: thicc|Soft-Boiled|p1a: thicc
|-heal|p1a: thicc|99/100
|
|-weather|Sandstorm|[upkeep]
|-damage|p1a: thicc|93/100|[from] Sandstorm
|upkeep
|turn|58
|
|t:|1668014745
|switch|p2a: Heatran|Heatran, F|100/100
|move|p1a: thicc|Seismic Toss|p2a: Heatran
|-damage|p2a: Heatran|75/100
|
|-weather|Sandstorm|[upkeep]
|-damage|p1a: thicc|87/100|[from] Sandstorm
|-heal|p2a: Heatran|81/100|[from] item: Leftovers
|upkeep
|turn|59
|
|t:|1668014748
|switch|p1a: HitEmFromTheEast|Gastrodon-East, M|100/100
|move|p2a: Heatran|Magma Storm|p1a: HitEmFromTheEast
|-resisted|p1a: HitEmFromTheEast
|-damage|p1a: HitEmFromTheEast|87/100
|-activate|p1a: HitEmFromTheEast|move: Magma Storm|[of] p2a: Heatran
|
|-weather|Sandstorm|[upkeep]
|-heal|p2a: Heatran|87/100|[from] item: Leftovers
|-heal|p1a: HitEmFromTheEast|93/100|[from] item: Leftovers
|-damage|p1a: HitEmFromTheEast|81/100|[from] move: Magma Storm|[partiallytrapped]
|upkeep
|turn|60
|
|t:|1668014753
|move|p2a: Heatran|Protect|p2a: Heatran
|-singleturn|p2a: Heatran|Protect
|move|p1a: HitEmFromTheEast|Scald|p2a: Heatran
|-activate|p2a: Heatran|move: Protect
|
|-weather|Sandstorm|[upkeep]
|-heal|p2a: Heatran|93/100|[from] item: Leftovers
|-heal|p1a: HitEmFromTheEast|87/100|[from] item: Leftovers
|-damage|p1a: HitEmFromTheEast|74/100|[from] move: Magma Storm|[partiallytrapped]
|upkeep
|turn|61
|
|t:|1668014756
|move|p2a: Heatran|Toxic|p1a: HitEmFromTheEast
|-status|p1a: HitEmFromTheEast|tox
|move|p1a: HitEmFromTheEast|Earthquake|p2a: Heatran
|-supereffective|p2a: Heatran
|-damage|p2a: Heatran|0 fnt
|faint|p2a: Heatran
|
|-weather|none
|-heal|p1a: HitEmFromTheEast|81/100 tox|[from] item: Leftovers
|-damage|p1a: HitEmFromTheEast|74/100 tox|[from] psn
|-end|p1a: HitEmFromTheEast|Magma Storm|[partiallytrapped]|[silent]
|upkeep
|-message|Stads forfeited.
|
|win|Cowsrule247
|raw|Cowsrule247's rating: 1687 &rarr; <strong>1717</strong><br />(+30 for winning)
|raw|Stads's rating: 1868 &rarr; <strong>1838</strong><br />(-30 for losing)
|l|☆Stads
|l|☆Cowsrule247
||Ladder isn't responding, score probably updated but might not have (Request timeout).
|l| Ran Kob
|l| TouchyFeelie
|j|☆Cowsrule247
|player|p1|Cowsrule247|skyla
