|j|☆start fresh 4
|j|☆testotesto321
|player|p1|start fresh 4|170|1692
|player|p2|testotesto321|bellelba|1727
|teamsize|p1|6
|teamsize|p2|6
|gametype|singles
|gen|8
|tier|[Gen 8] OU
|rated|
|clearpoke
|poke|p1|Mew|
|poke|p1|Ninetales-Alola, F|
|poke|p1|Bisharp, F|
|poke|p1|Excadrill, F|
|poke|p1|Cloyster, F|
|poke|p1|Pangoro, F|
|poke|p2|Gengar, M|
|poke|p2|Zeraora|
|poke|p2|Clefable, F|
|poke|p2|Hippowdon, M|
|poke|p2|Corviknight, F|
|poke|p2|Toxapex, F|
|rule|Sleep Clause Mod: Limit one foe put to sleep
|rule|Species Clause: Limit one of each Pokémon
|rule|OHKO Clause: OHKO moves are banned
|rule|Evasion Moves Clause: Evasion moves are banned
|rule|Endless Battle Clause: Forcing endless battles is banned
|rule|HP Percentage Mod: HP is shown in percentages
|rule|Dynamax Clause: You cannot dynamax
|teampreview
|
|start
|switch|p1a: Excadrill|Excadrill, F|100/100
|switch|p2a: Gengar|Gengar, M|100/100
|-ability|p1a: Excadrill|Mold Breaker
|turn|1
|
|switch|p2a: Hippowdon|Hippowdon, M|100/100
|-weather|Sandstorm|[from] ability: Sand Stream|[of] p2a: Hippowdon
|move|p1a: Excadrill|Earthquake|p2a: Hippowdon
|-damage|p2a: Hippowdon|72/100
|
|-weather|Sandstorm|[upkeep]
|upkeep
|turn|2
|
|move|p1a: Excadrill|Stealth Rock|p2a: Hippowdon
|-sidestart|p2: testotesto321|move: Stealth Rock
|move|p2a: Hippowdon|Earthquake|p1a: Excadrill
|-supereffective|p1a: Excadrill
|-enditem|p1a: Excadrill|Focus Sash
|-damage|p1a: Excadrill|1/100
|
|-weather|Sandstorm|[upkeep]
|upkeep
|turn|3
|
|move|p1a: Excadrill|Earthquake|p2a: Hippowdon
|-damage|p2a: Hippowdon|45/100
|move|p2a: Hippowdon|Slack Off|p2a: Hippowdon
|-heal|p2a: Hippowdon|95/100
|
|-weather|Sandstorm|[upkeep]
|upkeep
|turn|4
|
|move|p1a: Excadrill|Iron Head|p2a: Hippowdon
|-damage|p2a: Hippowdon|73/100
|-damage|p1a: Excadrill|0 fnt|[from] item: Rocky Helmet|[of] p2a: Hippowdon
|faint|p1a: Excadrill
|cant|p2a: Hippowdon|flinch
|
|-weather|Sandstorm|[upkeep]
|upkeep
|
|switch|p1a: Cloyster|Cloyster, F|100/100
|turn|5
|
|move|p1a: Cloyster|Icicle Spear|p2a: Hippowdon
|-supereffective|p2a: Hippowdon
|-damage|p2a: Hippowdon|62/100
|-supereffective|p2a: Hippowdon
|-damage|p2a: Hippowdon|50/100
|-supereffective|p2a: Hippowdon
|-damage|p2a: Hippowdon|39/100
|-supereffective|p2a: Hippowdon
|-crit|p2a: Hippowdon
|-damage|p2a: Hippowdon|22/100
|-supereffective|p2a: Hippowdon
|-damage|p2a: Hippowdon|10/100
|-hitcount|p2a: Hippowdon|5
|cant|p2a: Hippowdon|flinch
|
|-weather|none
|upkeep
|turn|6
|
|move|p1a: Cloyster|Icicle Spear|p2a: Hippowdon
|-supereffective|p2a: Hippowdon
|-damage|p2a: Hippowdon|0 fnt
|-hitcount|p2a: Hippowdon|1
|faint|p2a: Hippowdon
|
|upkeep
|
|switch|p2a: Toxapex|Toxapex, F, shiny|100/100
|-damage|p2a: Toxapex|88/100|[from] Stealth Rock
|turn|7
|
|move|p1a: Cloyster|Shell Smash|p1a: Cloyster
|-unboost|p1a: Cloyster|def|1
|-unboost|p1a: Cloyster|spd|1
|-boost|p1a: Cloyster|atk|2
|-boost|p1a: Cloyster|spa|2
|-boost|p1a: Cloyster|spe|2
|move|p2a: Toxapex|Toxic|p1a: Cloyster
|-status|p1a: Cloyster|tox
|
|-heal|p2a: Toxapex|94/100|[from] item: Black Sludge
|-damage|p1a: Cloyster|94/100 tox|[from] psn
|upkeep
|turn|8
|
|move|p1a: Cloyster|Rock Blast|p2a: Toxapex
|-crit|p2a: Toxapex
|-damage|p2a: Toxapex|81/100
|-damage|p2a: Toxapex|73/100
|-damage|p2a: Toxapex|64/100
|-damage|p2a: Toxapex|54/100
|-damage|p2a: Toxapex|46/100
|-hitcount|p2a: Toxapex|5
|cant|p2a: Toxapex|flinch
|
|-heal|p2a: Toxapex|52/100|[from] item: Black Sludge
|-damage|p1a: Cloyster|82/100 tox|[from] psn
|upkeep
|turn|9
|
|move|p1a: Cloyster|Rock Blast|p2a: Toxapex
|-damage|p2a: Toxapex|44/100
|-damage|p2a: Toxapex|36/100
|-damage|p2a: Toxapex|27/100
|-damage|p2a: Toxapex|20/100
|-damage|p2a: Toxapex|11/100
|-hitcount|p2a: Toxapex|5
|cant|p2a: Toxapex|flinch
|
|-heal|p2a: Toxapex|17/100|[from] item: Black Sludge
|-damage|p1a: Cloyster|63/100 tox|[from] psn
|upkeep
|turn|10
|
|switch|p2a: Corviknight|Corviknight, F, shiny|100/100
|-damage|p2a: Corviknight|88/100|[from] Stealth Rock
|-ability|p2a: Corviknight|Pressure
|move|p1a: Cloyster|Icicle Spear|p2a: Corviknight
|-damage|p2a: Corviknight|71/100
|-damage|p2a: Corviknight|53/100
|-damage|p2a: Corviknight|35/100
|-damage|p2a: Corviknight|19/100
|-damage|p2a: Corviknight|3/100
|-hitcount|p2a: Corviknight|5
|
|-heal|p2a: Corviknight|9/100|[from] item: Leftovers
|-damage|p1a: Cloyster|38/100 tox|[from] psn
|upkeep
|turn|11
|
|move|p1a: Cloyster|Icicle Spear|p2a: Corviknight
|-crit|p2a: Corviknight
|-damage|p2a: Corviknight|0 fnt
|-hitcount|p2a: Corviknight|1
|faint|p2a: Corviknight
|
|-damage|p1a: Cloyster|7/100 tox|[from] psn
|upkeep
|
|switch|p2a: Clefable|Clefable, F, shiny|100/100
|turn|12
|
|move|p1a: Cloyster|Icicle Spear|p2a: Clefable
|-damage|p2a: Clefable|75/100
|-crit|p2a: Clefable
|-damage|p2a: Clefable|34/100
|-damage|p2a: Clefable|7/100
|-damage|p2a: Clefable|0 fnt
|-hitcount|p2a: Clefable|4
|faint|p2a: Clefable
|
|-damage|p1a: Cloyster|0 fnt|[from] psn
|faint|p1a: Cloyster
|upkeep
|
|switch|p1a: Ninetales|Ninetales-Alola, F|100/100
|switch|p2a: Zeraora|Zeraora|100/100
|-damage|p2a: Zeraora|88/100|[from] Stealth Rock
|-weather|Hail|[from] ability: Snow Warning|[of] p1a: Ninetales
|turn|13
|
|move|p2a: Zeraora|Close Combat|p1a: Ninetales
|-damage|p1a: Ninetales|54/100
|-unboost|p2a: Zeraora|def|1
|-unboost|p2a: Zeraora|spd|1
|move|p1a: Ninetales|Aurora Veil|p1a: Ninetales
|-sidestart|p1: start fresh 4|move: Aurora Veil
|
|-weather|Hail|[upkeep]
|-damage|p2a: Zeraora|82/100|[from] Hail
|upkeep
|turn|14
|
|switch|p2a: Gengar|Gengar, M|100/100
|-damage|p2a: Gengar|88/100|[from] Stealth Rock
|move|p1a: Ninetales|Freeze-Dry|p2a: Gengar
|-damage|p2a: Gengar|56/100
|-status|p2a: Gengar|frz
|
|-weather|Hail|[upkeep]
|-damage|p2a: Gengar|50/100 frz|[from] Hail
|upkeep
|turn|15
|
|switch|p2a: Zeraora|Zeraora|82/100
|-damage|p2a: Zeraora|70/100|[from] Stealth Rock
|move|p1a: Ninetales|Freeze-Dry|p2a: Zeraora
|-damage|p2a: Zeraora|44/100
|
|-weather|Hail|[upkeep]
|-damage|p2a: Zeraora|38/100|[from] Hail
|upkeep
|turn|16
|-message|testotesto321 forfeited.
|
|win|start fresh 4
|l|☆testotesto321
|raw|start fresh 4's rating: 1692 &rarr; <strong>1714</strong><br />(+22 for winning)
|raw|testotesto321's rating: 1727 &rarr; <strong>1705</strong><br />(-22 for losing)
