|j|☆StillV$VP
|j|☆A3720
|t:|1651294313
|gametype|singles
|player|p1|StillV$VP|emmet|1536
|player|p2|A3720|101|1600
|teamsize|p1|6
|teamsize|p2|6
|gen|8
|tier|[Gen 8] OU
|rated|
|rule|Sleep Clause Mod: Limit one foe put to sleep
|rule|Species Clause: Limit one of each Pokémon
|rule|OHKO Clause: OHKO moves are banned
|rule|Evasion Moves Clause: Evasion moves are banned
|rule|Endless Battle Clause: Forcing endless battles is banned
|rule|HP Percentage Mod: HP is shown in percentages
|rule|Dynamax Clause: You cannot dynamax
|clearpoke
|poke|p1|Garchomp, M|
|poke|p1|Volcanion|
|poke|p1|Nidoking, M|
|poke|p1|Chansey, F|
|poke|p1|Corviknight, F|
|poke|p1|Landorus-Therian, M|
|poke|p2|Hydreigon, M|
|poke|p2|Ferrothorn, F|
|poke|p2|Zeraora|
|poke|p2|Slowbro, M|
|poke|p2|Nihilego|
|poke|p2|Landorus-Therian, M|
|teampreview
|inactive|Battle timer is ON: inactive players will automatically lose when time's up. (requested by StillV$VP)
|j| Jewxlz
|
|t:|1651294330
|start
|switch|p1a: KGB|Volcanion|100/100
|switch|p2a: Hydreigon|Hydreigon, M|100/100
|turn|1
|
|t:|1651294343
|switch|p2a: Nihilego|Nihilego|100/100
|move|p1a: KGB|Steam Eruption|p2a: Nihilego
|-supereffective|p2a: Nihilego
|-damage|p2a: Nihilego|0 fnt
|faint|p2a: Nihilego
|
|upkeep
|
|t:|1651294349
|switch|p2a: Hydreigon|Hydreigon, M|100/100
|turn|2
|
|t:|1651294354
|switch|p1a: Tickle me|Chansey, F|100/100
|move|p2a: Hydreigon|Dark Pulse|p1a: Tickle me
|-damage|p1a: Tickle me|83/100
|-damage|p2a: Hydreigon|91/100|[from] item: Life Orb
|
|upkeep
|turn|3
|
|t:|1651294363
|move|p2a: Hydreigon|Nasty Plot|p2a: Hydreigon
|-boost|p2a: Hydreigon|spa|2
|move|p1a: Tickle me|Teleport|p1a: Tickle me
|c|☆StillV$VP|Sup j
|c|☆StillV$VP|If I spell out your full name I get locked lol
|inactive|StillV$VP has 120 seconds left.
|c| Jewxlz|its ok lol
|
|t:|1651294399
|switch|p1a: Hammer|Garchomp, M|100/100|[from]move: Teleport
|
|upkeep
|turn|4
|
|t:|1651294403
|move|p1a: Hammer|Dragon Rush|p2a: Hydreigon
|-supereffective|p2a: Hydreigon
|-damage|p2a: Hydreigon|0 fnt
|faint|p2a: Hydreigon
|
|upkeep
|c| Jewxlz|hey btw
|
|t:|1651294415
|switch|p2a: Landorus|Landorus-Therian, M|100/100
|-ability|p2a: Landorus|Intimidate|boost
|-unboost|p1a: Hammer|atk|1
|turn|5
|
|t:|1651294422
|switch|p1a: Rasheda|Corviknight, F|100/100
|-ability|p1a: Rasheda|Pressure
|move|p2a: Landorus|Knock Off|p1a: Rasheda
|-damage|p1a: Rasheda|76/100
|-damage|p2a: Landorus|84/100|[from] item: Rocky Helmet|[of] p1a: Rasheda
|-enditem|p1a: Rasheda|Rocky Helmet|[from] move: Knock Off|[of] p2a: Landorus
|
|-heal|p2a: Landorus|90/100|[from] item: Leftovers
|upkeep
|turn|6
|
|t:|1651294431
|move|p2a: Landorus|U-turn|p1a: Rasheda
|-resisted|p1a: Rasheda
|-damage|p1a: Rasheda|72/100
|
|t:|1651294433
|switch|p2a: Ferrothorn|Ferrothorn, F|100/100|[from]move: U-turn
|move|p1a: Rasheda|U-turn|p2a: Ferrothorn
|-damage|p2a: Ferrothorn|92/100
|-damage|p1a: Rasheda|59/100|[from] ability: Iron Barbs|[of] p2a: Ferrothorn
|-damage|p1a: Rasheda|43/100|[from] item: Rocky Helmet|[of] p2a: Ferrothorn
|
|t:|1651294441
|switch|p1a: KGB|Volcanion|100/100|[from]move: U-turn
|
|upkeep
|turn|7
|
|t:|1651294450
|switch|p2a: Slowbro|Slowbro, M|100/100
|move|p1a: KGB|Steam Eruption|p2a: Slowbro
|-resisted|p2a: Slowbro
|-damage|p2a: Slowbro|56/100
|
|upkeep
|turn|8
|
|t:|1651294456
|move|p1a: KGB|Steam Eruption|p2a: Slowbro
|-resisted|p2a: Slowbro
|-damage|p2a: Slowbro|12/100
|move|p2a: Slowbro|Teleport|p2a: Slowbro
|
|t:|1651294460
|switch|p2a: Zeraora|Zeraora|100/100|[from]move: Teleport
|
|upkeep
|turn|9
|
|t:|1651294468
|switch|p1a: 👑|Nidoking, M|100/100
|move|p2a: Zeraora|Knock Off|p1a: 👑
|-damage|p1a: 👑|59/100
|-enditem|p1a: 👑|Life Orb|[from] move: Knock Off|[of] p2a: Zeraora
|
|upkeep
|turn|10
|
|t:|1651294484
|switch|p2a: Slowbro|Slowbro, M|45/100
|move|p1a: 👑|Ice Beam|p2a: Slowbro
|-resisted|p2a: Slowbro
|-damage|p2a: Slowbro|29/100
|
|upkeep
|turn|11
|
|t:|1651294489
|move|p1a: 👑|Thunderbolt|p2a: Slowbro
|-supereffective|p2a: Slowbro
|-damage|p2a: Slowbro|0 fnt
|faint|p2a: Slowbro
|
|upkeep
|
|t:|1651294518
|switch|p2a: Landorus|Landorus-Therian, M|90/100
|-ability|p2a: Landorus|Intimidate|boost
|-unboost|p1a: 👑|atk|1
|turn|12
|
|t:|1651294527
|move|p1a: 👑|Ice Beam|p2a: Landorus
|-supereffective|p2a: Landorus
|-damage|p2a: Landorus|0 fnt
|faint|p2a: Landorus
|
|upkeep
|
|t:|1651294530
|switch|p2a: Ferrothorn|Ferrothorn, F|92/100
|turn|13
|
|t:|1651294535
|move|p1a: 👑|Earth Power|p2a: Ferrothorn
|-damage|p2a: Ferrothorn|50/100
|move|p2a: Ferrothorn|Gyro Ball|p1a: 👑
|-damage|p1a: 👑|0 fnt
|faint|p1a: 👑
|
|upkeep
|
|t:|1651294539
|switch|p1a: KGB|Volcanion|100/100
|turn|14
|
|t:|1651294546
|move|p1a: KGB|Fire Blast|p2a: Ferrothorn
|-supereffective|p2a: Ferrothorn
|-damage|p2a: Ferrothorn|0 fnt
|faint|p2a: Ferrothorn
|
|upkeep
|
|t:|1651294547
|switch|p2a: Zeraora|Zeraora|100/100
|turn|15
|
|t:|1651294553
|move|p2a: Zeraora|Bulk Up|p2a: Zeraora
|-boost|p2a: Zeraora|atk|1
|-boost|p2a: Zeraora|def|1
|move|p1a: KGB|Fire Blast|p2a: Zeraora
|-damage|p2a: Zeraora|0 fnt
|faint|p2a: Zeraora
|
|win|StillV$VP
|raw|StillV$VP's rating: 1536 &rarr; <strong>1560</strong><br />(+24 for winning)
|raw|A3720's rating: 1600 &rarr; <strong>1576</strong><br />(-24 for losing)
|l|☆A3720
|c|☆StillV$VP|Gg
