|j|☆GGeorgie
|j|☆mdnight sun
|t:|1662083599
|gametype|singles
|player|p1|GGeorgie|hiker-gen2|1676
|player|p2|mdnight sun|hilbert-masters|1694
|teamsize|p1|6
|teamsize|p2|6
|gen|8
|tier|[Gen 8] OU
|rated|
|rule|Sleep Clause Mod: Limit one foe put to sleep
|rule|Species Clause: Limit one of each Pokémon
|rule|OHKO Clause: OHKO moves are banned
|rule|Evasion Items Clause: Evasion items are banned
|rule|Evasion Moves Clause: Evasion moves are banned
|rule|Endless Battle Clause: Forcing endless battles is banned
|rule|HP Percentage Mod: HP is shown in percentages
|rule|Dynamax Clause: You cannot dynamax
|clearpoke
|poke|p1|Suicune|
|poke|p1|Tyranitar, M|
|poke|p1|Excadrill, F|
|poke|p1|Zapdos|
|poke|p1|Rillaboom, M|
|poke|p1|Ferrothorn, M|
|poke|p2|Mew|
|poke|p2|Victini|
|poke|p2|Landorus-Therian, M|
|poke|p2|Kartana|
|poke|p2|Dragonite, M|
|poke|p2|Nihilego|
|teampreview
|
|t:|1662083609
|start
|switch|p1a: FLY|Zapdos|100/100
|switch|p2a: Victini|Victini|100/100
|-ability|p1a: FLY|Pressure
|turn|1
|
|t:|1662083624
|switch|p1a: Gus🥶|Rillaboom, M|100/100
|-fieldstart|move: Grassy Terrain|[from] ability: Grassy Surge|[of] p1a: Gus🥶
|move|p2a: Victini|Final Gambit|p1a: Gus🥶
|-damage|p1a: Gus🥶|0 fnt
|faint|p2a: Victini
|faint|p1a: Gus🥶
|
|upkeep
|
|t:|1662083637
|switch|p2a: Landorus|Landorus-Therian, M|100/100
|switch|p1a: Suicune|Suicune|100/100
|-ability|p2a: Landorus|Intimidate|boost
|-unboost|p1a: Suicune|atk|1
|-ability|p1a: Suicune|Pressure
|turn|2
|
|t:|1662083656
|move|p2a: Landorus|Stealth Rock|p1a: Suicune
|-sidestart|p1: GGeorgie|move: Stealth Rock
|move|p1a: Suicune|Scald|p2a: Landorus
|-supereffective|p2a: Landorus
|-damage|p2a: Landorus|40/100
|
|upkeep
|turn|3
|
|t:|1662083661
|move|p2a: Landorus|Explosion|p1a: Suicune
|-damage|p1a: Suicune|48/100
|faint|p2a: Landorus
|move|p1a: Suicune|Rest|p1a: Suicune
|-status|p1a: Suicune|slp|[from] move: Rest
|-heal|p1a: Suicune|100/100 slp|[silent]
|
|upkeep
|
|t:|1662083673
|switch|p2a: Dragonite|Dragonite, M|100/100
|turn|4
|
|t:|1662083677
|switch|p1a: FLY|Zapdos|100/100
|-ability|p1a: FLY|Pressure
|move|p2a: Dragonite|Dragon Dance|p2a: Dragonite
|-boost|p2a: Dragonite|atk|1
|-boost|p2a: Dragonite|spe|1
|
|upkeep
|turn|5
|
|t:|1662083680
|move|p2a: Dragonite|Ice Punch|p1a: FLY
|-supereffective|p1a: FLY
|-damage|p1a: FLY|31/100
|-status|p1a: FLY|frz
|cant|p1a: FLY|frz
|
|-fieldend|move: Grassy Terrain
|upkeep
|turn|6
|
|t:|1662083690
|switch|p1a: Suicune|Suicune|100/100 slp
|-damage|p1a: Suicune|88/100 slp|[from] Stealth Rock
|-ability|p1a: Suicune|Pressure
|move|p2a: Dragonite|Dragon Dance|p2a: Dragonite
|-boost|p2a: Dragonite|atk|1
|-boost|p2a: Dragonite|spe|1
|
|upkeep
|turn|7
|
|t:|1662083702
|move|p2a: Dragonite|Dragon Dance|p2a: Dragonite
|-boost|p2a: Dragonite|atk|1
|-boost|p2a: Dragonite|spe|1
|cant|p1a: Suicune|slp
|move|p1a: Suicune|Sleep Talk|p1a: Suicune
|move|p1a: Suicune|Scald|p2a: Dragonite|[from]move: Sleep Talk
|-resisted|p2a: Dragonite
|-damage|p2a: Dragonite|94/100
|-status|p2a: Dragonite|brn
|
|-damage|p2a: Dragonite|87/100 brn|[from] brn
|upkeep
|turn|8
|
|t:|1662083717
|move|p2a: Dragonite|Dragon Dance|p2a: Dragonite
|-boost|p2a: Dragonite|atk|1
|-boost|p2a: Dragonite|spe|1
|cant|p1a: Suicune|slp
|move|p1a: Suicune|Sleep Talk|p1a: Suicune
|move|p1a: Suicune|Rest||[from]move: Sleep Talk|[still]
|-fail|p1a: Suicune
|
|-damage|p2a: Dragonite|81/100 brn|[from] brn
|upkeep
|turn|9
|
|t:|1662083731
|move|p2a: Dragonite|Dual Wingbeat|p1a: Suicune
|-damage|p1a: Suicune|69/100 slp
|-damage|p2a: Dragonite|65/100 brn|[from] item: Rocky Helmet|[of] p1a: Suicune
|-damage|p1a: Suicune|47/100 slp
|-damage|p2a: Dragonite|48/100 brn|[from] item: Rocky Helmet|[of] p1a: Suicune
|-hitcount|p1a: Suicune|2
|-curestatus|p1a: Suicune|slp|[msg]
|move|p1a: Suicune|Calm Mind|p1a: Suicune
|-boost|p1a: Suicune|spa|1
|-boost|p1a: Suicune|spd|1
|
|-damage|p2a: Dragonite|42/100 brn|[from] brn
|upkeep
|turn|10
|
|t:|1662083736
|move|p2a: Dragonite|Dragon Dance|p2a: Dragonite
|-boost|p2a: Dragonite|atk|1
|-boost|p2a: Dragonite|spe|1
|move|p1a: Suicune|Rest|p1a: Suicune
|-status|p1a: Suicune|slp|[from] move: Rest
|-heal|p1a: Suicune|100/100 slp|[silent]
|
|-damage|p2a: Dragonite|36/100 brn|[from] brn
|upkeep
|turn|11
|
|t:|1662083752
|move|p2a: Dragonite|Dragon Dance|p2a: Dragonite
|-boost|p2a: Dragonite|atk|1
|-boost|p2a: Dragonite|spe|1
|cant|p1a: Suicune|slp
|move|p1a: Suicune|Sleep Talk|p1a: Suicune
|move|p1a: Suicune|Scald|p2a: Dragonite|[from]move: Sleep Talk
|-resisted|p2a: Dragonite
|-damage|p2a: Dragonite|16/100 brn
|
|-damage|p2a: Dragonite|9/100 brn|[from] brn
|upkeep
|turn|12
|j| BabyPigsAreLaughin
|
|t:|1662083791
|move|p2a: Dragonite|Dual Wingbeat|p1a: Suicune
|-damage|p1a: Suicune|72/100 slp
|-damage|p2a: Dragonite|0 fnt|[from] item: Rocky Helmet|[of] p1a: Suicune
|faint|p2a: Dragonite
|-hitcount|p1a: Suicune|1
|cant|p1a: Suicune|slp
|move|p1a: Suicune|Sleep Talk|p1a: Suicune
|move|p1a: Suicune|Calm Mind|p1a: Suicune|[from]move: Sleep Talk
|-boost|p1a: Suicune|spa|1
|-boost|p1a: Suicune|spd|1
|
|upkeep
|
|t:|1662083795
|switch|p2a: Kartana|Kartana|100/100
|turn|13
|
|t:|1662083798
|move|p2a: Kartana|Swords Dance|p2a: Kartana
|-boost|p2a: Kartana|atk|2
|-curestatus|p1a: Suicune|slp|[msg]
|move|p1a: Suicune|Scald|p2a: Kartana
|-resisted|p2a: Kartana
|-damage|p2a: Kartana|31/100
|
|upkeep
|turn|14
|
|t:|1662083804
|switch|p1a: Heisenberg|Ferrothorn, M|100/100
|-damage|p1a: Heisenberg|95/100|[from] Stealth Rock
|move|p2a: Kartana|Leaf Blade|p1a: Heisenberg
|-resisted|p1a: Heisenberg
|-damage|p1a: Heisenberg|80/100
|-damage|p2a: Kartana|19/100|[from] ability: Iron Barbs|[of] p1a: Heisenberg
|-enditem|p1a: Heisenberg|Eject Button
|
|t:|1662083807
|switch|p1a: Schrader|Tyranitar, M|100/100
|-damage|p1a: Schrader|88/100|[from] Stealth Rock
|-weather|Sandstorm|[from] ability: Sand Stream|[of] p1a: Schrader
|
|-weather|Sandstorm|[upkeep]
|upkeep
|turn|15
|
|t:|1662083814
|switch|p1a: Heisenberg|Ferrothorn, M|80/100
|-damage|p1a: Heisenberg|74/100|[from] Stealth Rock
|move|p2a: Kartana|Sacred Sword|p1a: Heisenberg
|-supereffective|p1a: Heisenberg
|-damage|p1a: Heisenberg|0 fnt
|-damage|p2a: Kartana|6/100|[from] ability: Iron Barbs|[of] p1a: Heisenberg
|faint|p1a: Heisenberg
|-ability|p2a: Kartana|Beast Boost|boost
|-boost|p2a: Kartana|spe|1
|
|-weather|Sandstorm|[upkeep]
|upkeep
|
|t:|1662083818
|switch|p1a: GOMIE|Excadrill, F|100/100
|-damage|p1a: GOMIE|97/100|[from] Stealth Rock
|-item|p1a: GOMIE|Air Balloon
|turn|16
|
|t:|1662083823
|move|p1a: GOMIE|Iron Head|p2a: Kartana
|-resisted|p2a: Kartana
|-damage|p2a: Kartana|0 fnt
|faint|p2a: Kartana
|
|-weather|Sandstorm|[upkeep]
|upkeep
|-message|mdnight sun forfeited.
|
|win|GGeorgie
|raw|GGeorgie's rating: 1649 &rarr; <strong>1672</strong><br />(+23 for winning)
|raw|mdnight sun's rating: 1694 &rarr; <strong>1671</strong><br />(-23 for losing)
|l|☆mdnight sun
