|j|☆y4stherapist
|j|‽Cowsrule247
|t:|1667670811
|gametype|singles
|player|p1|y4stherapist|skier|1506
|player|p2|Cowsrule247|skyla|1458
|teamsize|p1|6
|teamsize|p2|6
|gen|8
|tier|[Gen 8] OU
|rated|
|rule|Sleep Clause Mod: Limit one foe put to sleep
|rule|Species Clause: Limit one of each Pokémon
|rule|OHKO Clause: OHKO moves are banned
|rule|Evasion Items Clause: Evasion items are banned
|rule|Evasion Moves Clause: Evasion moves are banned
|rule|Endless Battle Clause: Forcing endless battles is banned
|rule|HP Percentage Mod: HP is shown in percentages
|rule|Dynamax Clause: You cannot dynamax
|clearpoke
|poke|p1|Melmetal|
|poke|p1|Blaziken, F|
|poke|p1|Zapdos-Galar|
|poke|p1|Clefable, F|
|poke|p1|Swampert, M|
|poke|p1|Rillaboom, M|
|poke|p2|Corviknight, M|
|poke|p2|Gastrodon-East, F|
|poke|p2|Toxapex, F|
|poke|p2|Buzzwole|
|poke|p2|Clefable, M|
|poke|p2|Blissey, F|
|teampreview
|
|t:|1667670838
|start
|switch|p1a: Clefable|Clefable, F|100/100
|switch|p2a: Corviknight|Corviknight, M|100/100
|-ability|p2a: Corviknight|Pressure
|turn|1
|inactive|Battle timer is ON: inactive players will automatically lose when time's up. (requested by Cowsrule247)
|inactive|y4stherapist has 120 seconds left.
|
|t:|1667670884
|switch|p2a: Blissey|Blissey, F|100/100
|move|p1a: Clefable|Thunder Wave|p2a: Blissey|[miss]
|-miss|p1a: Clefable|p2a: Blissey
|
|upkeep
|turn|2
|
|t:|1667670895
|switch|p1a: Swampert|Swampert, M|100/100
|move|p2a: Blissey|Stealth Rock|p1a: Swampert
|-sidestart|p1: y4stherapist|move: Stealth Rock
|
|upkeep
|turn|3
|
|t:|1667670898
|switch|p2a: Corviknight|Corviknight, M|100/100
|-ability|p2a: Corviknight|Pressure
|move|p1a: Swampert|Stealth Rock|p2a: Corviknight
|-sidestart|p2: Cowsrule247|move: Stealth Rock
|
|upkeep
|turn|4
|
|t:|1667670904
|switch|p1a: Clefable|Clefable, F|100/100
|move|p2a: Corviknight|Defog|p1a: Clefable
|-unboost|p1a: Clefable|evasion|1
|-sideend|p1: y4stherapist|Stealth Rock|[from] move: Defog|[of] p2a: Corviknight
|-sideend|p2: Cowsrule247|Stealth Rock|[from] move: Defog|[of] p2a: Corviknight
|
|upkeep
|turn|5
|
|t:|1667670908
|switch|p2a: Blissey|Blissey, F|100/100
|move|p1a: Clefable|Thunder Wave|p2a: Blissey
|-status|p2a: Blissey|par
|
|upkeep
|turn|6
|
|t:|1667670912
|switch|p1a: Swampert|Swampert, M|100/100
|cant|p2a: Blissey|par
|
|upkeep
|turn|7
|
|t:|1667670916
|-curestatus|p2a: Blissey|par|[from] ability: Natural Cure
|switch|p2a: Corviknight|Corviknight, M|100/100
|-ability|p2a: Corviknight|Pressure
|move|p1a: Swampert|Stealth Rock|p2a: Corviknight
|-sidestart|p2: Cowsrule247|move: Stealth Rock
|
|upkeep
|turn|8
|
|t:|1667670923
|move|p2a: Corviknight|Defog|p1a: Swampert
|-unboost|p1a: Swampert|evasion|1
|-sideend|p2: Cowsrule247|Stealth Rock|[from] move: Defog|[of] p2a: Corviknight
|move|p1a: Swampert|Flip Turn|p2a: Corviknight
|-damage|p2a: Corviknight|86/100
|
|t:|1667670930
|switch|p1a: Blaziken|Blaziken, F|100/100|[from]move: Flip Turn
|
|-heal|p2a: Corviknight|92/100|[from] item: Leftovers
|upkeep
|turn|9
|
|t:|1667670941
|switch|p2a: Clefable|Clefable, M|100/100
|move|p1a: Blaziken|Flare Blitz|p2a: Clefable
|-damage|p2a: Clefable|19/100
|-damage|p1a: Blaziken|65/100|[from] Recoil
|
|-heal|p2a: Clefable|25/100|[from] item: Leftovers
|-ability|p1a: Blaziken|Speed Boost|boost
|-boost|p1a: Blaziken|spe|1
|upkeep
|turn|10
|
|t:|1667670945
|move|p2a: Clefable|Protect|p2a: Clefable
|-singleturn|p2a: Clefable|Protect
|move|p1a: Blaziken|Flare Blitz|p2a: Clefable
|-activate|p2a: Clefable|move: Protect
|
|-heal|p2a: Clefable|31/100|[from] item: Leftovers
|-ability|p1a: Blaziken|Speed Boost|boost
|-boost|p1a: Blaziken|spe|1
|upkeep
|turn|11
|
|t:|1667670949
|switch|p2a: Toxapex|Toxapex, F|100/100
|move|p1a: Blaziken|Flare Blitz|p2a: Toxapex
|-resisted|p2a: Toxapex
|-damage|p2a: Toxapex|71/100
|-damage|p1a: Blaziken|55/100|[from] Recoil
|
|-ability|p1a: Blaziken|Speed Boost|boost
|-boost|p1a: Blaziken|spe|1
|upkeep
|turn|12
|
|t:|1667670957
|switch|p1a: Clefable|Clefable, F|100/100
|move|p2a: Toxapex|Recover|p2a: Toxapex
|-heal|p2a: Toxapex|100/100
|
|upkeep
|turn|13
|
|t:|1667670962
|move|p1a: Clefable|Thunder Wave|p2a: Toxapex|[miss]
|-miss|p1a: Clefable|p2a: Toxapex
|move|p2a: Toxapex|Knock Off|p1a: Clefable
|-resisted|p1a: Clefable
|-damage|p1a: Clefable|95/100
|-enditem|p1a: Clefable|Leftovers|[from] move: Knock Off|[of] p2a: Toxapex
|
|upkeep
|turn|14
|
|t:|1667670969
|switch|p2a: Clefable|Clefable, M|31/100
|move|p1a: Clefable|Thunder Wave|p2a: Clefable
|-status|p2a: Clefable|par
|
|-heal|p2a: Clefable|37/100 par|[from] item: Leftovers
|upkeep
|turn|15
|
|t:|1667670974
|move|p1a: Clefable|Moonblast|p2a: Clefable
|-damage|p2a: Clefable|14/100 par
|-unboost|p2a: Clefable|spa|1
|move|p2a: Clefable|Wish|p2a: Clefable
|
|-heal|p2a: Clefable|20/100 par|[from] item: Leftovers
|upkeep
|turn|16
|
|t:|1667670980
|move|p2a: Clefable|Protect|p2a: Clefable
|-singleturn|p2a: Clefable|Protect
|move|p1a: Clefable|Moonblast|p2a: Clefable
|-activate|p2a: Clefable|move: Protect
|
|-heal|p2a: Clefable|70/100 par|[from] move: Wish|[wisher] Clefable
|-heal|p2a: Clefable|76/100 par|[from] item: Leftovers
|upkeep
|turn|17
|
|t:|1667670983
|switch|p1a: Swampert|Swampert, M|100/100
|move|p2a: Clefable|Wish|p2a: Clefable
|
|-heal|p2a: Clefable|82/100 par|[from] item: Leftovers
|upkeep
|turn|18
|
|t:|1667670987
|switch|p2a: Corviknight|Corviknight, M|92/100
|-ability|p2a: Corviknight|Pressure
|move|p1a: Swampert|Stealth Rock|p2a: Corviknight
|-sidestart|p2: Cowsrule247|move: Stealth Rock
|
|-heal|p2a: Corviknight|100/100|[from] move: Wish|[wisher] Clefable
|upkeep
|turn|19
|
|t:|1667670992
|switch|p1a: Zapdos|Zapdos-Galar|100/100
|move|p2a: Corviknight|Defog|p1a: Zapdos
|-unboost|p1a: Zapdos|evasion|1
|-ability|p1a: Zapdos|Defiant|boost
|-boost|p1a: Zapdos|atk|2
|-sideend|p2: Cowsrule247|Stealth Rock|[from] move: Defog|[of] p2a: Corviknight
|
|upkeep
|turn|20
|
|t:|1667671005
|switch|p2a: Clefable|Clefable, M|82/100 par
|move|p1a: Zapdos|Close Combat|p2a: Clefable
|-resisted|p2a: Clefable
|-damage|p2a: Clefable|57/100 par
|-unboost|p1a: Zapdos|def|1
|-unboost|p1a: Zapdos|spd|1
|
|-heal|p2a: Clefable|63/100 par|[from] item: Leftovers
|upkeep
|turn|21
|
|t:|1667671012
|switch|p1a: Swampert|Swampert, M|100/100
|cant|p2a: Clefable|par
|
|-heal|p2a: Clefable|69/100 par|[from] item: Leftovers
|upkeep
|turn|22
|
|t:|1667671017
|switch|p2a: Corviknight|Corviknight, M|100/100
|-ability|p2a: Corviknight|Pressure
|move|p1a: Swampert|Stealth Rock|p2a: Corviknight
|-sidestart|p2: Cowsrule247|move: Stealth Rock
|
|upkeep
|turn|23
|
|t:|1667671027
|move|p1a: Swampert|Protect|p1a: Swampert
|-singleturn|p1a: Swampert|Protect
|move|p2a: Corviknight|Defog|p1a: Swampert
|-activate|p1a: Swampert|move: Protect
|
|upkeep
|turn|24
|
|t:|1667671032
|switch|p1a: Zapdos|Zapdos-Galar|100/100
|move|p2a: Corviknight|Iron Defense|p2a: Corviknight
|-boost|p2a: Corviknight|def|2
|
|upkeep
|turn|25
|
|t:|1667671038
|move|p1a: Zapdos|U-turn|p2a: Corviknight
|-resisted|p2a: Corviknight
|-damage|p2a: Corviknight|98/100
|
|t:|1667671039
|switch|p1a: Clefable|Clefable, F|95/100|[from]move: U-turn
|move|p2a: Corviknight|Body Press|p1a: Clefable
|-resisted|p1a: Clefable
|-damage|p1a: Clefable|78/100
|
|-heal|p2a: Corviknight|100/100|[from] item: Leftovers
|upkeep
|turn|26
|
|t:|1667671044
|move|p2a: Corviknight|Defog|p1a: Clefable
|-unboost|p1a: Clefable|evasion|1
|-sideend|p2: Cowsrule247|Stealth Rock|[from] move: Defog|[of] p2a: Corviknight
|move|p1a: Clefable|Thunder Wave|p2a: Corviknight
|-status|p2a: Corviknight|par
|
|upkeep
|turn|27
|
|t:|1667671050
|switch|p1a: Swampert|Swampert, M|100/100
|switch|p2a: Clefable|Clefable, M|69/100 par
|
|-heal|p2a: Clefable|75/100 par|[from] item: Leftovers
|upkeep
|turn|28
|
|t:|1667671053
|switch|p2a: Corviknight|Corviknight, M|100/100 par
|-ability|p2a: Corviknight|Pressure
|move|p1a: Swampert|Stealth Rock|p2a: Corviknight
|-sidestart|p2: Cowsrule247|move: Stealth Rock
|
|upkeep
|turn|29
|
|t:|1667671060
|move|p1a: Swampert|Flip Turn|p2a: Corviknight
|-damage|p2a: Corviknight|85/100 par
|
|t:|1667671063
|switch|p1a: Zapdos|Zapdos-Galar|100/100|[from]move: Flip Turn
|move|p2a: Corviknight|Iron Defense|p2a: Corviknight
|-boost|p2a: Corviknight|def|2
|
|-heal|p2a: Corviknight|91/100 par|[from] item: Leftovers
|upkeep
|turn|30
|
|t:|1667671071
|move|p1a: Zapdos|Thunderous Kick|p2a: Corviknight
|-damage|p2a: Corviknight|77/100 par
|-unboost|p2a: Corviknight|def|1
|move|p2a: Corviknight|Body Press|p1a: Zapdos
|-resisted|p1a: Zapdos
|-damage|p1a: Zapdos|80/100
|
|-heal|p2a: Corviknight|83/100 par|[from] item: Leftovers
|upkeep
|turn|31
|
|t:|1667671077
|move|p1a: Zapdos|Thunderous Kick|p2a: Corviknight
|-damage|p2a: Corviknight|64/100 par
|-unboost|p2a: Corviknight|def|1
|move|p2a: Corviknight|Defog|p1a: Zapdos
|-unboost|p1a: Zapdos|evasion|1
|-ability|p1a: Zapdos|Defiant|boost
|-boost|p1a: Zapdos|atk|2
|-sideend|p2: Cowsrule247|Stealth Rock|[from] move: Defog|[of] p2a: Corviknight
|
|-heal|p2a: Corviknight|70/100 par|[from] item: Leftovers
|upkeep
|turn|32
|
|t:|1667671083
|switch|p2a: Clefable|Clefable, M|75/100 par
|move|p1a: Zapdos|Thunderous Kick|p2a: Clefable
|-resisted|p2a: Clefable
|-damage|p2a: Clefable|54/100 par
|-unboost|p2a: Clefable|def|1
|
|-heal|p2a: Clefable|60/100 par|[from] item: Leftovers
|upkeep
|turn|33
|
|t:|1667671091
|switch|p1a: Swampert|Swampert, M|100/100
|move|p2a: Clefable|Protect||[still]
|-fail|p2a: Clefable
|
|-heal|p2a: Clefable|66/100 par|[from] item: Leftovers
|upkeep
|turn|34
|
|t:|1667671095
|switch|p2a: Corviknight|Corviknight, M|70/100 par
|-ability|p2a: Corviknight|Pressure
|move|p1a: Swampert|Stealth Rock|p2a: Corviknight
|-sidestart|p2: Cowsrule247|move: Stealth Rock
|
|-heal|p2a: Corviknight|77/100 par|[from] item: Leftovers
|upkeep
|turn|35
|
|t:|1667671101
|move|p1a: Swampert|Flip Turn|p2a: Corviknight
|-damage|p2a: Corviknight|64/100 par
|
|t:|1667671105
|switch|p1a: Zapdos|Zapdos-Galar|80/100|[from]move: Flip Turn
|move|p2a: Corviknight|Iron Defense|p2a: Corviknight
|-boost|p2a: Corviknight|def|2
|
|-heal|p2a: Corviknight|70/100 par|[from] item: Leftovers
|upkeep
|turn|36
|
|t:|1667671108
|move|p1a: Zapdos|Thunderous Kick|p2a: Corviknight
|-damage|p2a: Corviknight|56/100 par
|-unboost|p2a: Corviknight|def|1
|move|p2a: Corviknight|Iron Defense|p2a: Corviknight
|-boost|p2a: Corviknight|def|2
|
|-heal|p2a: Corviknight|62/100 par|[from] item: Leftovers
|upkeep
|turn|37
|
|t:|1667671113
|move|p1a: Zapdos|Thunderous Kick|p2a: Corviknight
|-damage|p2a: Corviknight|50/100 par
|-unboost|p2a: Corviknight|def|1
|move|p2a: Corviknight|Roost|p2a: Corviknight
|-heal|p2a: Corviknight|99/100 par
|-singleturn|p2a: Corviknight|move: Roost
|
|-heal|p2a: Corviknight|100/100 par|[from] item: Leftovers
|upkeep
|turn|38
|
|t:|1667671116
|move|p1a: Zapdos|Thunderous Kick|p2a: Corviknight
|-damage|p2a: Corviknight|84/100 par
|-unboost|p2a: Corviknight|def|1
|move|p2a: Corviknight|Iron Defense|p2a: Corviknight
|-boost|p2a: Corviknight|def|2
|
|-heal|p2a: Corviknight|91/100 par|[from] item: Leftovers
|upkeep
|turn|39
|
|t:|1667671121
|move|p1a: Zapdos|Thunderous Kick|p2a: Corviknight
|-damage|p2a: Corviknight|79/100 par
|-unboost|p2a: Corviknight|def|1
|move|p2a: Corviknight|Defog|p1a: Zapdos
|-unboost|p1a: Zapdos|evasion|1
|-ability|p1a: Zapdos|Defiant|boost
|-boost|p1a: Zapdos|atk|2
|-sideend|p2: Cowsrule247|Stealth Rock|[from] move: Defog|[of] p2a: Corviknight
|
|-heal|p2a: Corviknight|86/100 par|[from] item: Leftovers
|upkeep
|turn|40
|
|t:|1667671125
|move|p1a: Zapdos|Thunderous Kick|p2a: Corviknight
|-damage|p2a: Corviknight|57/100 par
|-unboost|p2a: Corviknight|def|1
|move|p2a: Corviknight|Iron Defense|p2a: Corviknight
|-boost|p2a: Corviknight|def|2
|
|-heal|p2a: Corviknight|63/100 par|[from] item: Leftovers
|upkeep
|turn|41
|
|t:|1667671138
|switch|p1a: Swampert|Swampert, M|100/100
|move|p2a: Corviknight|Roost|p2a: Corviknight
|-heal|p2a: Corviknight|100/100 par
|-singleturn|p2a: Corviknight|move: Roost
|
|upkeep
|turn|42
|
|t:|1667671143
|move|p1a: Swampert|Stealth Rock|p2a: Corviknight
|-sidestart|p2: Cowsrule247|move: Stealth Rock
|cant|p2a: Corviknight|par
|
|upkeep
|turn|43
|
|t:|1667671146
|move|p1a: Swampert|Flip Turn|p2a: Corviknight
|-damage|p2a: Corviknight|94/100 par
|
|t:|1667671148
|switch|p1a: Clefable|Clefable, F|78/100|[from]move: Flip Turn
|cant|p2a: Corviknight|par
|
|-heal|p2a: Corviknight|100/100 par|[from] item: Leftovers
|upkeep
|turn|44
|
|t:|1667671152
|move|p1a: Clefable|Moonblast|p2a: Corviknight
|-resisted|p2a: Corviknight
|-damage|p2a: Corviknight|85/100 par
|move|p2a: Corviknight|Defog|p1a: Clefable
|-unboost|p1a: Clefable|evasion|1
|-sideend|p2: Cowsrule247|Stealth Rock|[from] move: Defog|[of] p2a: Corviknight
|
|-heal|p2a: Corviknight|92/100 par|[from] item: Leftovers
|upkeep
|turn|45
|
|t:|1667671157
|move|p1a: Clefable|Moonblast|p2a: Corviknight
|-resisted|p2a: Corviknight
|-damage|p2a: Corviknight|77/100 par
|-unboost|p2a: Corviknight|spa|1
|move|p2a: Corviknight|Body Press|p1a: Clefable
|-resisted|p1a: Clefable
|-damage|p1a: Clefable|53/100
|
|-heal|p2a: Corviknight|84/100 par|[from] item: Leftovers
|upkeep
|turn|46
|
|t:|1667671163
|move|p1a: Clefable|Moonblast|p2a: Corviknight
|-resisted|p2a: Corviknight
|-damage|p2a: Corviknight|70/100 par
|move|p2a: Corviknight|Iron Defense|p2a: Corviknight
|-boost|p2a: Corviknight|def|2
|
|-heal|p2a: Corviknight|76/100 par|[from] item: Leftovers
|upkeep
|turn|47
|
|t:|1667671167
|move|p1a: Clefable|Moonblast|p2a: Corviknight
|-resisted|p2a: Corviknight
|-damage|p2a: Corviknight|63/100 par
|-unboost|p2a: Corviknight|spa|1
|move|p2a: Corviknight|Body Press|p1a: Clefable
|-resisted|p1a: Clefable
|-damage|p1a: Clefable|21/100
|
|-heal|p2a: Corviknight|69/100 par|[from] item: Leftovers
|upkeep
|turn|48
|
|t:|1667671174
|move|p1a: Clefable|Soft-Boiled|p1a: Clefable
|-heal|p1a: Clefable|71/100
|move|p2a: Corviknight|Body Press|p1a: Clefable
|-resisted|p1a: Clefable
|-damage|p1a: Clefable|38/100
|
|-heal|p2a: Corviknight|75/100 par|[from] item: Leftovers
|upkeep
|turn|49
|
|t:|1667671177
|move|p1a: Clefable|Soft-Boiled|p1a: Clefable
|-heal|p1a: Clefable|88/100
|cant|p2a: Corviknight|par
|
|-heal|p2a: Corviknight|81/100 par|[from] item: Leftovers
|upkeep
|turn|50
|
|t:|1667671183
|move|p1a: Clefable|Thunder Wave|p2a: Corviknight
|-fail|p2a: Corviknight|par
|move|p2a: Corviknight|Iron Defense|p2a: Corviknight
|-boost|p2a: Corviknight|def|1
|
|-heal|p2a: Corviknight|88/100 par|[from] item: Leftovers
|upkeep
|turn|51
|
|t:|1667671185
|move|p1a: Clefable|Thunder Wave|p2a: Corviknight
|-fail|p2a: Corviknight|par
|cant|p2a: Corviknight|par
|
|-heal|p2a: Corviknight|94/100 par|[from] item: Leftovers
|upkeep
|turn|52
|
|t:|1667671188
|move|p1a: Clefable|Thunder Wave|p2a: Corviknight
|-fail|p2a: Corviknight|par
|cant|p2a: Corviknight|par
|
|-heal|p2a: Corviknight|99/100 par|[from] item: Leftovers
|upkeep
|turn|53
|
|t:|1667671190
|move|p1a: Clefable|Thunder Wave|p2a: Corviknight
|-fail|p2a: Corviknight|par
|move|p2a: Corviknight|Body Press|p1a: Clefable
|-resisted|p1a: Clefable
|-damage|p1a: Clefable|53/100
|
|-heal|p2a: Corviknight|100/100 par|[from] item: Leftovers
|upkeep
|turn|54
|
|t:|1667671195
|switch|p2a: Clefable|Clefable, M|66/100 par
|move|p1a: Clefable|Thunder Wave|p2a: Clefable
|-fail|p2a: Clefable|par
|
|-heal|p2a: Clefable|73/100 par|[from] item: Leftovers
|upkeep
|turn|55
|
|t:|1667671198
|move|p1a: Clefable|Soft-Boiled|p1a: Clefable
|-heal|p1a: Clefable|100/100
|cant|p2a: Clefable|par
|
|-heal|p2a: Clefable|79/100 par|[from] item: Leftovers
|upkeep
|turn|56
|
|t:|1667671200
|switch|p1a: Swampert|Swampert, M|100/100
|move|p2a: Clefable|Heal Bell|p2a: Clefable
|-activate|p2a: Clefable|move: Heal Bell
|-curestatus|p2a: Clefable|par|[msg]
|-curestatus|p2: Corviknight|par|[msg]
|
|-heal|p2a: Clefable|85/100|[from] item: Leftovers
|upkeep
|turn|57
|
|t:|1667671204
|switch|p2a: Corviknight|Corviknight, M|100/100
|-ability|p2a: Corviknight|Pressure
|move|p1a: Swampert|Stealth Rock|p2a: Corviknight
|-sidestart|p2: Cowsrule247|move: Stealth Rock
|
|upkeep
|turn|58
|
|t:|1667671211
|move|p2a: Corviknight|Iron Defense|p2a: Corviknight
|-boost|p2a: Corviknight|def|2
|move|p1a: Swampert|Flip Turn|p2a: Corviknight
|-damage|p2a: Corviknight|93/100
|
|t:|1667671213
|switch|p1a: Clefable|Clefable, F|100/100|[from]move: Flip Turn
|
|-heal|p2a: Corviknight|99/100|[from] item: Leftovers
|upkeep
|turn|59
|
|t:|1667671217
|move|p2a: Corviknight|Defog|p1a: Clefable
|-unboost|p1a: Clefable|evasion|1
|-sideend|p2: Cowsrule247|Stealth Rock|[from] move: Defog|[of] p2a: Corviknight
|move|p1a: Clefable|Thunder Wave|p2a: Corviknight
|-status|p2a: Corviknight|par
|
|-heal|p2a: Corviknight|100/100 par|[from] item: Leftovers
|upkeep
|turn|60
|
|t:|1667671222
|switch|p2a: Clefable|Clefable, M|85/100
|move|p1a: Clefable|Moonblast|p2a: Clefable
|-damage|p2a: Clefable|60/100
|
|-heal|p2a: Clefable|66/100|[from] item: Leftovers
|upkeep
|turn|61
|
|t:|1667671231
|switch|p1a: Swampert|Swampert, M|100/100
|move|p2a: Clefable|Heal Bell|p2a: Clefable
|-activate|p2a: Clefable|move: Heal Bell
|-curestatus|p2: Corviknight|par|[msg]
|
|-heal|p2a: Clefable|73/100|[from] item: Leftovers
|upkeep
|turn|62
|
|t:|1667671232
|switch|p2a: Corviknight|Corviknight, M|100/100
|-ability|p2a: Corviknight|Pressure
|move|p1a: Swampert|Toxic|p2a: Corviknight
|-immune|p2a: Corviknight
|
|upkeep
|turn|63
|
|t:|1667671239
|move|p2a: Corviknight|Iron Defense|p2a: Corviknight
|-boost|p2a: Corviknight|def|2
|move|p1a: Swampert|Stealth Rock|p2a: Corviknight
|-sidestart|p2: Cowsrule247|move: Stealth Rock
|
|upkeep
|turn|64
|
|t:|1667671245
|move|p2a: Corviknight|Defog|p1a: Swampert
|-unboost|p1a: Swampert|evasion|1
|-sideend|p2: Cowsrule247|Stealth Rock|[from] move: Defog|[of] p2a: Corviknight
|move|p1a: Swampert|Flip Turn|p2a: Corviknight
|-damage|p2a: Corviknight|93/100
|
|t:|1667671247
|switch|p1a: Clefable|Clefable, F|100/100|[from]move: Flip Turn
|
|-heal|p2a: Corviknight|99/100|[from] item: Leftovers
|upkeep
|turn|65
|
|t:|1667671253
|switch|p2a: Blissey|Blissey, F|100/100
|move|p1a: Clefable|Thunder Wave|p2a: Blissey
|-status|p2a: Blissey|par
|
|upkeep
|turn|66
|
|t:|1667671256
|switch|p1a: Swampert|Swampert, M|100/100
|cant|p2a: Blissey|par
|
|upkeep
|turn|67
|
|t:|1667671260
|-curestatus|p2a: Blissey|par|[from] ability: Natural Cure
|switch|p2a: Corviknight|Corviknight, M|99/100
|-ability|p2a: Corviknight|Pressure
|move|p1a: Swampert|Stealth Rock|p2a: Corviknight
|-sidestart|p2: Cowsrule247|move: Stealth Rock
|
|-heal|p2a: Corviknight|100/100|[from] item: Leftovers
|upkeep
|turn|68
|
|t:|1667671269
|switch|p1a: Zapdos|Zapdos-Galar|80/100
|move|p2a: Corviknight|Defog|p1a: Zapdos
|-unboost|p1a: Zapdos|evasion|1
|-ability|p1a: Zapdos|Defiant|boost
|-boost|p1a: Zapdos|atk|2
|-sideend|p2: Cowsrule247|Stealth Rock|[from] move: Defog|[of] p2a: Corviknight
|
|upkeep
|turn|69
|
|t:|1667671273
|move|p1a: Zapdos|Close Combat|p2a: Corviknight
|-damage|p2a: Corviknight|23/100
|-unboost|p1a: Zapdos|def|1
|-unboost|p1a: Zapdos|spd|1
|move|p2a: Corviknight|Iron Defense|p2a: Corviknight
|-boost|p2a: Corviknight|def|2
|
|-heal|p2a: Corviknight|29/100|[from] item: Leftovers
|upkeep
|turn|70
|
|t:|1667671282
|switch|p2a: Buzzwole|Buzzwole, shiny|100/100
|move|p1a: Zapdos|Close Combat|p2a: Buzzwole
|-resisted|p2a: Buzzwole
|-damage|p2a: Buzzwole|65/100
|-unboost|p1a: Zapdos|def|1
|-unboost|p1a: Zapdos|spd|1
|
|upkeep
|turn|71
|
|t:|1667671292
|switch|p1a: Clefable|Clefable, F|100/100
|move|p2a: Buzzwole|Roost|p2a: Buzzwole
|-heal|p2a: Buzzwole|100/100
|-singleturn|p2a: Buzzwole|move: Roost
|
|upkeep
|turn|72
|
|t:|1667671299
|switch|p2a: Blissey|Blissey, F|100/100
|switch|p1a: Blaziken|Blaziken, F|55/100
|
|upkeep
|turn|73
|
|t:|1667671313
|switch|p2a: Toxapex|Toxapex, F|100/100
|move|p1a: Blaziken|Thunder Punch|p2a: Toxapex
|-supereffective|p2a: Toxapex
|-damage|p2a: Toxapex|56/100
|
|-ability|p1a: Blaziken|Speed Boost|boost
|-boost|p1a: Blaziken|spe|1
|upkeep
|turn|74
|
|t:|1667671322
|move|p1a: Blaziken|Thunder Punch|p2a: Toxapex
|-supereffective|p2a: Toxapex
|-damage|p2a: Toxapex|6/100
|move|p2a: Toxapex|Recover|p2a: Toxapex
|-heal|p2a: Toxapex|56/100
|
|-ability|p1a: Blaziken|Speed Boost|boost
|-boost|p1a: Blaziken|spe|1
|upkeep
|turn|75
|
|t:|1667671327
|switch|p2a: Gastrodon|Gastrodon-East, F|100/100
|move|p1a: Blaziken|Thunder Punch|p2a: Gastrodon
|-immune|p2a: Gastrodon
|
|-ability|p1a: Blaziken|Speed Boost|boost
|-boost|p1a: Blaziken|spe|1
|upkeep
|turn|76
|
|t:|1667671330
|switch|p1a: Swampert|Swampert, M|100/100
|move|p2a: Gastrodon|Toxic|p1a: Swampert
|-status|p1a: Swampert|tox
|
|-damage|p1a: Swampert|94/100 tox|[from] psn
|upkeep
|turn|77
|
|t:|1667671334
|switch|p2a: Corviknight|Corviknight, M|29/100
|-ability|p2a: Corviknight|Pressure
|move|p1a: Swampert|Flip Turn|p2a: Corviknight
|-damage|p2a: Corviknight|15/100
|
|t:|1667671348
|switch|p1a: Blaziken|Blaziken, F|55/100|[from]move: Flip Turn
|
|-heal|p2a: Corviknight|21/100|[from] item: Leftovers
|upkeep
|turn|78
|
|t:|1667671351
|switch|p2a: Toxapex|Toxapex, F|90/100
|move|p1a: Blaziken|Knock Off|p2a: Toxapex
|-damage|p2a: Toxapex|60/100
|-enditem|p2a: Toxapex|Shed Shell|[from] move: Knock Off|[of] p1a: Blaziken
|
|-ability|p1a: Blaziken|Speed Boost|boost
|-boost|p1a: Blaziken|spe|1
|upkeep
|turn|79
|
|t:|1667671362
|switch|p1a: Rillaboom|Rillaboom, M|100/100
|-fieldstart|move: Grassy Terrain|[from] ability: Grassy Surge|[of] p1a: Rillaboom
|move|p2a: Toxapex|Scald|p1a: Rillaboom
|-resisted|p1a: Rillaboom
|-damage|p1a: Rillaboom|90/100
|
|-heal|p1a: Rillaboom|96/100|[from] Grassy Terrain
|-heal|p2a: Toxapex|67/100|[from] Grassy Terrain
|upkeep
|turn|80
|
|t:|1667671372
|switch|p1a: Clefable|Clefable, F|100/100
|switch|p2a: Buzzwole|Buzzwole, shiny|100/100
|
|upkeep
|turn|81
|
|t:|1667671378
|switch|p2a: Clefable|Clefable, M|73/100
|switch|p1a: Blaziken|Blaziken, F|55/100
|
|-heal|p1a: Blaziken|61/100|[from] Grassy Terrain
|-heal|p2a: Clefable|79/100|[from] Grassy Terrain
|-heal|p2a: Clefable|85/100|[from] item: Leftovers
|upkeep
|turn|82
|
|t:|1667671383
|move|p2a: Clefable|Protect|p2a: Clefable
|-singleturn|p2a: Clefable|Protect
|move|p1a: Blaziken|Flare Blitz|p2a: Clefable
|-activate|p2a: Clefable|move: Protect
|
|-heal|p1a: Blaziken|67/100|[from] Grassy Terrain
|-heal|p2a: Clefable|91/100|[from] Grassy Terrain
|-heal|p2a: Clefable|97/100|[from] item: Leftovers
|-ability|p1a: Blaziken|Speed Boost|boost
|-boost|p1a: Blaziken|spe|1
|upkeep
|turn|83
|
|t:|1667671392
|switch|p1a: Melmetal|Melmetal|100/100
|move|p2a: Clefable|Wish|p2a: Clefable
|
|-heal|p2a: Clefable|100/100|[from] Grassy Terrain
|-fieldend|move: Grassy Terrain
|upkeep
|turn|84
|
|t:|1667671397
|switch|p2a: Buzzwole|Buzzwole, shiny|100/100
|move|p1a: Melmetal|Superpower|p2a: Buzzwole
|-resisted|p2a: Buzzwole
|-damage|p2a: Buzzwole|88/100
|-unboost|p1a: Melmetal|atk|1
|-unboost|p1a: Melmetal|def|1
|
|-heal|p2a: Buzzwole|100/100|[from] move: Wish|[wisher] Clefable
|upkeep
|turn|85
|
|t:|1667671404
|switch|p2a: Corviknight|Corviknight, M|21/100
|-ability|p2a: Corviknight|Pressure
|switch|p1a: Clefable|Clefable, F|100/100
|
|-heal|p2a: Corviknight|27/100|[from] item: Leftovers
|upkeep
|turn|86
|inactive|Cowsrule247 has 120 seconds left.
|
|t:|1667671441
|move|p2a: Corviknight|Roost|p2a: Corviknight
|-heal|p2a: Corviknight|77/100
|-singleturn|p2a: Corviknight|move: Roost
|move|p1a: Clefable|Thunder Wave|p2a: Corviknight
|-status|p2a: Corviknight|par
|
|-heal|p2a: Corviknight|83/100 par|[from] item: Leftovers
|upkeep
|turn|87
|inactive|Cowsrule247 has 120 seconds left.
|
|t:|1667671448
|switch|p1a: Swampert|Swampert, M|94/100 tox
|switch|p2a: Clefable|Clefable, M|100/100
|
|-heal|p1a: Swampert|100/100 tox|[from] item: Leftovers
|-damage|p1a: Swampert|94/100 tox|[from] psn
|upkeep
|turn|88
|
|t:|1667671452
|switch|p2a: Corviknight|Corviknight, M|83/100 par
|-ability|p2a: Corviknight|Pressure
|move|p1a: Swampert|Toxic||[still]
|-fail|p1a: Swampert
|
|-heal|p1a: Swampert|100/100 tox|[from] item: Leftovers
|-heal|p2a: Corviknight|89/100 par|[from] item: Leftovers
|-damage|p1a: Swampert|88/100 tox|[from] psn
|upkeep
|turn|89
|inactive|Cowsrule247 has 120 seconds left.
|
|t:|1667671490
|move|p1a: Swampert|Stealth Rock|p2a: Corviknight
|-sidestart|p2: Cowsrule247|move: Stealth Rock
|move|p2a: Corviknight|Iron Defense|p2a: Corviknight
|-boost|p2a: Corviknight|def|2
|
|-heal|p1a: Swampert|94/100 tox|[from] item: Leftovers
|-heal|p2a: Corviknight|96/100 par|[from] item: Leftovers
|-damage|p1a: Swampert|76/100 tox|[from] psn
|upkeep
|turn|90
|
|t:|1667671495
|move|p1a: Swampert|Flip Turn|p2a: Corviknight
|-damage|p2a: Corviknight|89/100 par
|
|t:|1667671499
|switch|p1a: Clefable|Clefable, F|100/100|[from]move: Flip Turn
|move|p2a: Corviknight|Defog|p1a: Clefable
|-unboost|p1a: Clefable|evasion|1
|-sideend|p2: Cowsrule247|Stealth Rock|[from] move: Defog|[of] p2a: Corviknight
|
|-heal|p2a: Corviknight|95/100 par|[from] item: Leftovers
|upkeep
|turn|91
|inactive|Cowsrule247 has 120 seconds left.
|
|t:|1667671508
|switch|p2a: Blissey|Blissey, F|100/100
|move|p1a: Clefable|Moonblast|p2a: Blissey
|-damage|p2a: Blissey|90/100
|
|upkeep
|turn|92
|inactive|Cowsrule247 has 120 seconds left.
|
|t:|1667671513
|switch|p1a: Zapdos|Zapdos-Galar|80/100
|move|p2a: Blissey|Seismic Toss|p1a: Zapdos
|-damage|p1a: Zapdos|49/100
|
|upkeep
|turn|93
|inactive|Cowsrule247 has 120 seconds left.
|
|t:|1667671522
|switch|p2a: Toxapex|Toxapex, F|99/100
|move|p1a: Zapdos|U-turn|p2a: Toxapex
|-resisted|p2a: Toxapex
|-damage|p2a: Toxapex|93/100
|
|t:|1667671532
|switch|p1a: Rillaboom|Rillaboom, M|96/100|[from]move: U-turn
|-fieldstart|move: Grassy Terrain|[from] ability: Grassy Surge|[of] p1a: Rillaboom
|
|-heal|p1a: Rillaboom|100/100|[from] Grassy Terrain
|-heal|p2a: Toxapex|99/100|[from] Grassy Terrain
|upkeep
|turn|94
|
|t:|1667671537
|switch|p2a: Buzzwole|Buzzwole, shiny|100/100
|move|p1a: Rillaboom|Swords Dance|p1a: Rillaboom
|-boost|p1a: Rillaboom|atk|2
|
|upkeep
|turn|95
|
|t:|1667671544
|switch|p1a: Clefable|Clefable, F|100/100
|move|p2a: Buzzwole|Leech Life|p1a: Clefable
|-resisted|p1a: Clefable
|-damage|p1a: Clefable|84/100
|
|-heal|p1a: Clefable|90/100|[from] Grassy Terrain
|upkeep
|turn|96
|
|t:|1667671556
|switch|p2a: Clefable|Clefable, M|100/100
|switch|p1a: Melmetal|Melmetal|100/100
|
|upkeep
|turn|97
|
|t:|1667671563
|switch|p1a: Clefable|Clefable, F|90/100
|move|p2a: Clefable|Protect||[still]
|-fail|p2a: Clefable
|
|-heal|p1a: Clefable|96/100|[from] Grassy Terrain
|-fieldend|move: Grassy Terrain
|upkeep
|turn|98
|
|t:|1667671567
|switch|p1a: Melmetal|Melmetal|100/100
|move|p2a: Clefable|Heal Bell|p2a: Clefable
|-activate|p2a: Clefable|move: Heal Bell
|-curestatus|p2: Corviknight|par|[msg]
|
|upkeep
|turn|99
|
|t:|1667671571
|switch|p1a: Blaziken|Blaziken, F|67/100
|move|p2a: Clefable|Protect||[still]
|-fail|p2a: Clefable
|
|upkeep
|turn|100
|
|t:|1667671575
|switch|p1a: Melmetal|Melmetal|100/100
|move|p2a: Clefable|Protect||[still]
|-fail|p2a: Clefable
|
|upkeep
|turn|101
|
|t:|1667671581
|switch|p2a: Toxapex|Toxapex, F|100/100
|switch|p1a: Clefable|Clefable, F|96/100
|
|upkeep
|turn|102
|
|t:|1667671586
|switch|p1a: Rillaboom|Rillaboom, M|100/100
|-fieldstart|move: Grassy Terrain|[from] ability: Grassy Surge|[of] p1a: Rillaboom
|move|p2a: Toxapex|Scald|p1a: Rillaboom
|-resisted|p1a: Rillaboom
|-damage|p1a: Rillaboom|89/100
|-status|p1a: Rillaboom|brn
|
|-heal|p1a: Rillaboom|95/100 brn|[from] Grassy Terrain
|-damage|p1a: Rillaboom|89/100 brn|[from] brn
|upkeep
|turn|103
|
|t:|1667671592
|switch|p1a: Clefable|Clefable, F|96/100
|switch|p2a: Buzzwole|Buzzwole, shiny|100/100
|
|-heal|p1a: Clefable|100/100|[from] Grassy Terrain
|upkeep
|turn|104
|
|t:|1667671603
|switch|p2a: Corviknight|Corviknight, M|95/100
|-ability|p2a: Corviknight|Pressure
|move|p1a: Clefable|Moonblast|p2a: Corviknight
|-resisted|p2a: Corviknight
|-damage|p2a: Corviknight|80/100
|
|-heal|p2a: Corviknight|86/100|[from] item: Leftovers
|upkeep
|turn|105
|
|t:|1667671612
|switch|p2a: Blissey|Blissey, F|90/100
|switch|p1a: Melmetal|Melmetal|100/100
|
|-heal|p2a: Blissey|96/100|[from] Grassy Terrain
|upkeep
|turn|106
|
|t:|1667671616
|switch|p2a: Buzzwole|Buzzwole, shiny|100/100
|switch|p1a: Clefable|Clefable, F|100/100
|
|-fieldend|move: Grassy Terrain
|upkeep
|turn|107
|
|t:|1667671623
|switch|p2a: Corviknight|Corviknight, M|86/100
|-ability|p2a: Corviknight|Pressure
|switch|p1a: Swampert|Swampert, M|76/100 tox
|
|-heal|p2a: Corviknight|92/100|[from] item: Leftovers
|-heal|p1a: Swampert|82/100 tox|[from] item: Leftovers
|-damage|p1a: Swampert|76/100 tox|[from] psn
|upkeep
|turn|108
|inactive|Cowsrule247 has 120 seconds left.
|
|t:|1667671660
|switch|p1a: Rillaboom|Rillaboom, M|89/100 brn
|-fieldstart|move: Grassy Terrain|[from] ability: Grassy Surge|[of] p1a: Rillaboom
|move|p2a: Corviknight|Iron Defense|p2a: Corviknight
|-boost|p2a: Corviknight|def|2
|
|-heal|p1a: Rillaboom|95/100 brn|[from] Grassy Terrain
|-heal|p2a: Corviknight|99/100|[from] item: Leftovers
|-damage|p1a: Rillaboom|89/100 brn|[from] brn
|upkeep
|turn|109
|
|t:|1667671686
|switch|p1a: Clefable|Clefable, F|100/100
|move|p2a: Corviknight|Body Press|p1a: Clefable
|-resisted|p1a: Clefable
|-damage|p1a: Clefable|82/100
|
|-heal|p2a: Corviknight|100/100|[from] item: Leftovers
|-heal|p1a: Clefable|89/100|[from] Grassy Terrain
|upkeep
|turn|110
|
|t:|1667671692
|switch|p2a: Blissey|Blissey, F|96/100
|move|p1a: Clefable|Thunder Wave|p2a: Blissey
|-status|p2a: Blissey|par
|
|-heal|p1a: Clefable|95/100|[from] Grassy Terrain
|-heal|p2a: Blissey|100/100 par|[from] Grassy Terrain
|upkeep
|turn|111
|
|t:|1667671701
|switch|p1a: Melmetal|Melmetal|100/100
|move|p2a: Blissey|Stealth Rock|p1a: Melmetal
|-sidestart|p1: y4stherapist|move: Stealth Rock
|
|upkeep
|turn|112
|inactive|Cowsrule247 has 120 seconds left.
|inactive|Cowsrule247 has 90 seconds left.
|
|t:|1667671752
|switch|p1a: Swampert|Swampert, M|76/100 tox
|-damage|p1a: Swampert|70/100 tox|[from] Stealth Rock
|-curestatus|p2a: Blissey|par|[from] ability: Natural Cure
|switch|p2a: Buzzwole|Buzzwole, shiny|100/100
|
|-heal|p1a: Swampert|76/100 tox|[from] Grassy Terrain
|-heal|p1a: Swampert|82/100 tox|[from] item: Leftovers
|-damage|p1a: Swampert|76/100 tox|[from] psn
|-fieldend|move: Grassy Terrain
|upkeep
|turn|113
|
|t:|1667671760
|switch|p2a: Corviknight|Corviknight, M|100/100
|-ability|p2a: Corviknight|Pressure
|move|p1a: Swampert|Toxic|p2a: Corviknight
|-immune|p2a: Corviknight
|
|-heal|p1a: Swampert|82/100 tox|[from] item: Leftovers
|-damage|p1a: Swampert|70/100 tox|[from] psn
|upkeep
|turn|114
|
|t:|1667671766
|move|p2a: Corviknight|Iron Defense|p2a: Corviknight
|-boost|p2a: Corviknight|def|2
|move|p1a: Swampert|Stealth Rock|p2a: Corviknight
|-sidestart|p2: Cowsrule247|move: Stealth Rock
|
|-heal|p1a: Swampert|76/100 tox|[from] item: Leftovers
|-damage|p1a: Swampert|57/100 tox|[from] psn
|upkeep
|turn|115
|
|t:|1667671770
|switch|p1a: Clefable|Clefable, F|95/100
|move|p2a: Corviknight|Iron Defense|p2a: Corviknight
|-boost|p2a: Corviknight|def|2
|
|upkeep
|turn|116
|inactive|Cowsrule247 has 90 seconds left.
|
|t:|1667671783
|switch|p2a: Blissey|Blissey, F|100/100
|move|p1a: Clefable|Thunder Wave|p2a: Blissey
|-status|p2a: Blissey|par
|
|upkeep
|turn|117
|
|t:|1667671788
|switch|p1a: Melmetal|Melmetal|100/100
|-damage|p1a: Melmetal|94/100|[from] Stealth Rock
|move|p2a: Blissey|Seismic Toss|p1a: Melmetal
|-damage|p1a: Melmetal|73/100
|
|upkeep
|turn|118
|
|t:|1667671795
|-curestatus|p2a: Blissey|par|[from] ability: Natural Cure
|switch|p2a: Buzzwole|Buzzwole, shiny|100/100
|move|p1a: Melmetal|Ice Punch|p2a: Buzzwole
|-damage|p2a: Buzzwole|81/100
|
|upkeep
|turn|119
|
|t:|1667671802
|switch|p1a: Clefable|Clefable, F|95/100
|move|p2a: Buzzwole|Ice Punch|p1a: Clefable
|-damage|p1a: Clefable|76/100
|
|upkeep
|turn|120
|inactive|Cowsrule247 has 90 seconds left.
|
|t:|1667671818
|switch|p2a: Blissey|Blissey, F|100/100
|move|p1a: Clefable|Moonblast|p2a: Blissey
|-damage|p2a: Blissey|88/100
|
|upkeep
|turn|121
|
|t:|1667671825
|move|p1a: Clefable|Thunder Wave|p2a: Blissey
|-status|p2a: Blissey|par
|move|p2a: Blissey|Seismic Toss|p1a: Clefable
|-damage|p1a: Clefable|51/100
|
|upkeep
|turn|122
|
|t:|1667671831
|-curestatus|p2a: Blissey|par|[from] ability: Natural Cure
|switch|p2a: Corviknight|Corviknight, M|100/100
|-damage|p2a: Corviknight|88/100|[from] Stealth Rock
|-ability|p2a: Corviknight|Pressure
|move|p1a: Clefable|Soft-Boiled|p1a: Clefable
|-heal|p1a: Clefable|100/100
|
|-heal|p2a: Corviknight|94/100|[from] item: Leftovers
|upkeep
|turn|123
|
|t:|1667671835
|move|p2a: Corviknight|Defog|p1a: Clefable
|-unboost|p1a: Clefable|evasion|1
|-sideend|p1: y4stherapist|Stealth Rock|[from] move: Defog|[of] p2a: Corviknight
|-sideend|p2: Cowsrule247|Stealth Rock|[from] move: Defog|[of] p2a: Corviknight
|move|p1a: Clefable|Thunder Wave|p2a: Corviknight
|-status|p2a: Corviknight|par
|
|-heal|p2a: Corviknight|100/100 par|[from] item: Leftovers
|upkeep
|turn|124
|
|t:|1667671844
|switch|p1a: Blaziken|Blaziken, F|67/100
|switch|p2a: Clefable|Clefable, M|100/100
|
|upkeep
|turn|125
|
|t:|1667671849
|switch|p1a: Melmetal|Melmetal|73/100
|move|p2a: Clefable|Protect||[still]
|-fail|p2a: Clefable
|
|upkeep
|turn|126
|
|t:|1667671861
|switch|p2a: Buzzwole|Buzzwole, shiny|81/100
|move|p1a: Melmetal|Ice Punch|p2a: Buzzwole
|-damage|p2a: Buzzwole|62/100
|
|upkeep
|turn|127
|
|t:|1667671870
|move|p2a: Buzzwole|Roost|p2a: Buzzwole
|-heal|p2a: Buzzwole|100/100
|-singleturn|p2a: Buzzwole|move: Roost
|move|p1a: Melmetal|Double Iron Bash|p2a: Buzzwole
|-crit|p2a: Buzzwole
|-damage|p2a: Buzzwole|64/100
|-damage|p2a: Buzzwole|39/100
|-hitcount|p2a: Buzzwole|2
|
|upkeep
|turn|128
|
|t:|1667671876
|move|p2a: Buzzwole|Roost|p2a: Buzzwole
|-heal|p2a: Buzzwole|89/100
|-singleturn|p2a: Buzzwole|move: Roost
|move|p1a: Melmetal|Double Iron Bash|p2a: Buzzwole
|-damage|p2a: Buzzwole|63/100
|-damage|p2a: Buzzwole|39/100
|-hitcount|p2a: Buzzwole|2
|
|upkeep
|turn|129
|
|t:|1667671885
|move|p2a: Buzzwole|Roost|p2a: Buzzwole
|-heal|p2a: Buzzwole|89/100
|-singleturn|p2a: Buzzwole|move: Roost
|move|p1a: Melmetal|Double Iron Bash|p2a: Buzzwole
|-damage|p2a: Buzzwole|63/100
|-damage|p2a: Buzzwole|39/100
|-hitcount|p2a: Buzzwole|2
|
|upkeep
|turn|130
|
|t:|1667671892
|switch|p1a: Clefable|Clefable, F|100/100
|move|p2a: Buzzwole|Roost|p2a: Buzzwole
|-heal|p2a: Buzzwole|89/100
|-singleturn|p2a: Buzzwole|move: Roost
|
|upkeep
|turn|131
|
|t:|1667671899
|switch|p2a: Clefable|Clefable, M|100/100
|switch|p1a: Blaziken|Blaziken, F|67/100
|
|upkeep
|turn|132
|
|t:|1667671905
|switch|p1a: Melmetal|Melmetal|73/100
|move|p2a: Clefable|Heal Bell|p2a: Clefable
|-activate|p2a: Clefable|move: Heal Bell
|-curestatus|p2: Corviknight|par|[msg]
|
|upkeep
|turn|133
|
|t:|1667671912
|switch|p2a: Buzzwole|Buzzwole, shiny|89/100
|move|p1a: Melmetal|Ice Punch|p2a: Buzzwole
|-damage|p2a: Buzzwole|71/100
|
|upkeep
|turn|134
|
|t:|1667671921
|switch|p1a: Clefable|Clefable, F|100/100
|move|p2a: Buzzwole|Close Combat|p1a: Clefable
|-resisted|p1a: Clefable
|-damage|p1a: Clefable|79/100
|-unboost|p2a: Buzzwole|def|1
|-unboost|p2a: Buzzwole|spd|1
|
|upkeep
|turn|135
|
|t:|1667671929
|switch|p2a: Blissey|Blissey, F|88/100
|switch|p1a: Blaziken|Blaziken, F|67/100
|
|upkeep
|turn|136
|
|t:|1667671935
|switch|p2a: Toxapex|Toxapex, F|100/100
|move|p1a: Blaziken|Thunder Punch|p2a: Toxapex
|-supereffective|p2a: Toxapex
|-damage|p2a: Toxapex|47/100
|
|-ability|p1a: Blaziken|Speed Boost|boost
|-boost|p1a: Blaziken|spe|1
|upkeep
|turn|137
|
|t:|1667671953
|switch|p1a: Rillaboom|Rillaboom, M|89/100 brn
|-fieldstart|move: Grassy Terrain|[from] ability: Grassy Surge|[of] p1a: Rillaboom
|switch|p2a: Gastrodon|Gastrodon-East, F|100/100
|
|-heal|p1a: Rillaboom|95/100 brn|[from] Grassy Terrain
|-damage|p1a: Rillaboom|89/100 brn|[from] brn
|upkeep
|turn|138
|
|t:|1667671960
|switch|p1a: Blaziken|Blaziken, F|67/100
|switch|p2a: Buzzwole|Buzzwole, shiny|71/100
|
|-heal|p1a: Blaziken|73/100|[from] Grassy Terrain
|-heal|p2a: Buzzwole|77/100|[from] Grassy Terrain
|upkeep
|turn|139
|inactive|Cowsrule247 has 120 seconds left.
|
|t:|1667672000
|switch|p2a: Toxapex|Toxapex, F|80/100
|move|p1a: Blaziken|Flare Blitz|p2a: Toxapex
|-resisted|p2a: Toxapex
|-damage|p2a: Toxapex|49/100
|-status|p2a: Toxapex|brn
|-damage|p1a: Blaziken|63/100|[from] Recoil
|
|-heal|p1a: Blaziken|69/100|[from] Grassy Terrain
|-heal|p2a: Toxapex|55/100 brn|[from] Grassy Terrain
|-damage|p2a: Toxapex|49/100 brn|[from] brn
|-ability|p1a: Blaziken|Speed Boost|boost
|-boost|p1a: Blaziken|spe|1
|upkeep
|turn|140
|
|t:|1667672014
|switch|p1a: Clefable|Clefable, F|79/100
|move|p2a: Toxapex|Recover|p2a: Toxapex
|-heal|p2a: Toxapex|99/100 brn
|
|-heal|p1a: Clefable|85/100|[from] Grassy Terrain
|-heal|p2a: Toxapex|100/100 brn|[from] Grassy Terrain
|-damage|p2a: Toxapex|94/100 brn|[from] brn
|upkeep
|turn|141
|
|t:|1667672025
|switch|p1a: Swampert|Swampert, M|57/100 tox
|switch|p2a: Blissey|Blissey, F|88/100
|
|-heal|p1a: Swampert|63/100 tox|[from] Grassy Terrain
|-heal|p1a: Swampert|70/100 tox|[from] item: Leftovers
|-heal|p2a: Blissey|94/100|[from] Grassy Terrain
|-damage|p1a: Swampert|63/100 tox|[from] psn
|-fieldend|move: Grassy Terrain
|upkeep
|turn|142
|inactive|y4stherapist has 120 seconds left.
|
|t:|1667672039
|switch|p1a: Blaziken|Blaziken, F|69/100
|switch|p2a: Corviknight|Corviknight, M|100/100
|-ability|p2a: Corviknight|Pressure
|
|upkeep
|turn|143
|inactive|y4stherapist has 120 seconds left.
|
|t:|1667672044
|switch|p2a: Toxapex|Toxapex, F|100/100 brn
|move|p1a: Blaziken|Thunder Punch|p2a: Toxapex
|-supereffective|p2a: Toxapex
|-damage|p2a: Toxapex|55/100 brn
|
|-damage|p2a: Toxapex|49/100 brn|[from] brn
|-ability|p1a: Blaziken|Speed Boost|boost
|-boost|p1a: Blaziken|spe|1
|upkeep
|turn|144
|inactive|y4stherapist has 120 seconds left.
|
|t:|1667672052
|switch|p1a: Rillaboom|Rillaboom, M|89/100 brn
|-fieldstart|move: Grassy Terrain|[from] ability: Grassy Surge|[of] p1a: Rillaboom
|switch|p2a: Gastrodon|Gastrodon-East, F|100/100
|
|-heal|p1a: Rillaboom|95/100 brn|[from] Grassy Terrain
|-damage|p1a: Rillaboom|89/100 brn|[from] brn
|upkeep
|turn|145
|inactive|y4stherapist has 120 seconds left.
|
|t:|1667672057
|switch|p1a: Blaziken|Blaziken, F|69/100
|switch|p2a: Buzzwole|Buzzwole, shiny|77/100
|
|-heal|p1a: Blaziken|75/100|[from] Grassy Terrain
|-heal|p2a: Buzzwole|83/100|[from] Grassy Terrain
|upkeep
|turn|146
|inactive|y4stherapist has 120 seconds left.
|
|t:|1667672063
|switch|p2a: Toxapex|Toxapex, F|82/100 brn
|move|p1a: Blaziken|Thunder Punch|p2a: Toxapex
|-supereffective|p2a: Toxapex
|-damage|p2a: Toxapex|34/100 brn
|
|-heal|p1a: Blaziken|81/100|[from] Grassy Terrain
|-heal|p2a: Toxapex|40/100 brn|[from] Grassy Terrain
|-damage|p2a: Toxapex|34/100 brn|[from] brn
|-ability|p1a: Blaziken|Speed Boost|boost
|-boost|p1a: Blaziken|spe|1
|upkeep
|turn|147
|inactive|y4stherapist has 120 seconds left.
|
|t:|1667672070
|switch|p1a: Rillaboom|Rillaboom, M|89/100 brn
|switch|p2a: Gastrodon|Gastrodon-East, F|100/100
|
|-heal|p1a: Rillaboom|95/100 brn|[from] Grassy Terrain
|-damage|p1a: Rillaboom|89/100 brn|[from] brn
|upkeep
|turn|148
|
|t:|1667672075
|switch|p1a: Blaziken|Blaziken, F|81/100
|switch|p2a: Corviknight|Corviknight, M|100/100
|-ability|p2a: Corviknight|Pressure
|
|-heal|p1a: Blaziken|87/100|[from] Grassy Terrain
|-fieldend|move: Grassy Terrain
|upkeep
|turn|149
|inactive|Cowsrule247 has 120 seconds left.
|inactive|y4stherapist has 120 seconds left.
|
|t:|1667672094
|switch|p2a: Clefable|Clefable, M|100/100
|move|p1a: Blaziken|Flare Blitz|p2a: Clefable
|-damage|p2a: Clefable|8/100
|-status|p2a: Clefable|brn
|-damage|p1a: Blaziken|46/100|[from] Recoil
|
|-heal|p2a: Clefable|14/100 brn|[from] item: Leftovers
|-damage|p2a: Clefable|8/100 brn|[from] brn
|-ability|p1a: Blaziken|Speed Boost|boost
|-boost|p1a: Blaziken|spe|1
|upkeep
|turn|150
|inactive|Cowsrule247 has 120 seconds left.
|
|t:|1667672122
|switch|p1a: Rillaboom|Rillaboom, M|89/100 brn
|-fieldstart|move: Grassy Terrain|[from] ability: Grassy Surge|[of] p1a: Rillaboom
|switch|p2a: Toxapex|Toxapex, F|67/100 brn
|
|-heal|p1a: Rillaboom|95/100 brn|[from] Grassy Terrain
|-heal|p2a: Toxapex|74/100 brn|[from] Grassy Terrain
|-damage|p1a: Rillaboom|89/100 brn|[from] brn
|-damage|p2a: Toxapex|67/100 brn|[from] brn
|upkeep
|turn|151
|
|t:|1667672141
|switch|p1a: Swampert|Swampert, M|63/100 tox
|move|p2a: Toxapex|Recover|p2a: Toxapex
|-heal|p2a: Toxapex|100/100 brn
|
|-heal|p1a: Swampert|70/100 tox|[from] Grassy Terrain
|-heal|p1a: Swampert|76/100 tox|[from] item: Leftovers
|-damage|p1a: Swampert|70/100 tox|[from] psn
|-damage|p2a: Toxapex|94/100 brn|[from] brn
|upkeep
|turn|152
|
|t:|1667672155
|switch|p2a: Corviknight|Corviknight, M|100/100
|-ability|p2a: Corviknight|Pressure
|move|p1a: Swampert|Flip Turn|p2a: Corviknight
|-damage|p2a: Corviknight|87/100
|
|t:|1667672161
|switch|p1a: Blaziken|Blaziken, F|46/100|[from]move: Flip Turn
|
|-heal|p1a: Blaziken|52/100|[from] Grassy Terrain
|-heal|p2a: Corviknight|93/100|[from] item: Leftovers
|upkeep
|turn|153
|inactive|Cowsrule247 has 90 seconds left.
|
|t:|1667672188
|switch|p2a: Toxapex|Toxapex, F|100/100 brn
|move|p1a: Blaziken|Thunder Punch|p2a: Toxapex
|-supereffective|p2a: Toxapex
|-damage|p2a: Toxapex|49/100 brn
|
|-heal|p1a: Blaziken|58/100|[from] Grassy Terrain
|-heal|p2a: Toxapex|55/100 brn|[from] Grassy Terrain
|-damage|p2a: Toxapex|49/100 brn|[from] brn
|-ability|p1a: Blaziken|Speed Boost|boost
|-boost|p1a: Blaziken|spe|1
|upkeep
|turn|154
|
|t:|1667672203
|switch|p1a: Rillaboom|Rillaboom, M|89/100 brn
|switch|p2a: Gastrodon|Gastrodon-East, F|100/100
|
|-heal|p1a: Rillaboom|95/100 brn|[from] Grassy Terrain
|-damage|p1a: Rillaboom|89/100 brn|[from] brn
|-fieldend|move: Grassy Terrain
|upkeep
|turn|155
|
|t:|1667672210
|switch|p1a: Blaziken|Blaziken, F|58/100
|switch|p2a: Toxapex|Toxapex, F|82/100 brn
|
|-damage|p2a: Toxapex|76/100 brn|[from] brn
|upkeep
|turn|156
|
|t:|1667672220
|switch|p1a: Rillaboom|Rillaboom, M|89/100 brn
|-fieldstart|move: Grassy Terrain|[from] ability: Grassy Surge|[of] p1a: Rillaboom
|move|p2a: Toxapex|Recover|p2a: Toxapex
|-heal|p2a: Toxapex|100/100 brn
|
|-heal|p1a: Rillaboom|95/100 brn|[from] Grassy Terrain
|-damage|p1a: Rillaboom|89/100 brn|[from] brn
|-damage|p2a: Toxapex|94/100 brn|[from] brn
|upkeep
|turn|157
|
|t:|1667672229
|switch|p1a: Clefable|Clefable, F|85/100
|move|p2a: Toxapex|Scald|p1a: Clefable
|-damage|p1a: Clefable|69/100
|
|-heal|p1a: Clefable|75/100|[from] Grassy Terrain
|-heal|p2a: Toxapex|100/100 brn|[from] Grassy Terrain
|-damage|p2a: Toxapex|94/100 brn|[from] brn
|upkeep
|turn|158
|inactive|y4stherapist has 90 seconds left.
|
|t:|1667672241
|switch|p1a: Melmetal|Melmetal|73/100
|switch|p2a: Blissey|Blissey, F|94/100
|
|-heal|p2a: Blissey|99/100|[from] Grassy Terrain
|-heal|p1a: Melmetal|79/100|[from] Grassy Terrain
|upkeep
|turn|159
|inactive|y4stherapist has 90 seconds left.
|
|t:|1667672247
|switch|p2a: Buzzwole|Buzzwole, shiny|83/100
|switch|p1a: Blaziken|Blaziken, F|58/100
|
|-heal|p1a: Blaziken|64/100|[from] Grassy Terrain
|-heal|p2a: Buzzwole|89/100|[from] Grassy Terrain
|upkeep
|turn|160
|
|t:|1667672266
|switch|p2a: Toxapex|Toxapex, F|100/100 brn
|move|p1a: Blaziken|Thunder Punch|p2a: Toxapex
|-supereffective|p2a: Toxapex
|-damage|p2a: Toxapex|53/100 brn
|
|-heal|p1a: Blaziken|70/100|[from] Grassy Terrain
|-heal|p2a: Toxapex|59/100 brn|[from] Grassy Terrain
|-damage|p2a: Toxapex|53/100 brn|[from] brn
|-fieldend|move: Grassy Terrain
|-ability|p1a: Blaziken|Speed Boost|boost
|-boost|p1a: Blaziken|spe|1
|upkeep
|turn|161
|
|t:|1667672274
|move|p1a: Blaziken|Thunder Punch|p2a: Toxapex
|-supereffective|p2a: Toxapex
|-damage|p2a: Toxapex|2/100 brn
|move|p2a: Toxapex|Recover|p2a: Toxapex
|-heal|p2a: Toxapex|52/100 brn
|
|-damage|p2a: Toxapex|46/100 brn|[from] brn
|-ability|p1a: Blaziken|Speed Boost|boost
|-boost|p1a: Blaziken|spe|1
|upkeep
|turn|162
|inactive|y4stherapist has 90 seconds left.
|
|t:|1667672286
|switch|p1a: Rillaboom|Rillaboom, M|89/100 brn
|-fieldstart|move: Grassy Terrain|[from] ability: Grassy Surge|[of] p1a: Rillaboom
|switch|p2a: Gastrodon|Gastrodon-East, F|100/100
|
|-heal|p1a: Rillaboom|95/100 brn|[from] Grassy Terrain
|-damage|p1a: Rillaboom|89/100 brn|[from] brn
|upkeep
|turn|163
|inactive|y4stherapist has 90 seconds left.
|
|t:|1667672309
|switch|p2a: Corviknight|Corviknight, M|93/100
|-ability|p2a: Corviknight|Pressure
|move|p1a: Rillaboom|Swords Dance|p1a: Rillaboom
|-boost|p1a: Rillaboom|atk|2
|
|-heal|p1a: Rillaboom|95/100 brn|[from] Grassy Terrain
|-heal|p2a: Corviknight|99/100|[from] item: Leftovers
|-damage|p1a: Rillaboom|89/100 brn|[from] brn
|upkeep
|turn|164
|inactive|Cowsrule247 has 90 seconds left.
|
|t:|1667672342
|move|p1a: Rillaboom|Swords Dance|p1a: Rillaboom
|-boost|p1a: Rillaboom|atk|2
|move|p2a: Corviknight|Iron Defense|p2a: Corviknight
|-boost|p2a: Corviknight|def|2
|
|-heal|p1a: Rillaboom|95/100 brn|[from] Grassy Terrain
|-heal|p2a: Corviknight|100/100|[from] item: Leftovers
|-damage|p1a: Rillaboom|89/100 brn|[from] brn
|upkeep
|turn|165
|
|t:|1667672363
|switch|p1a: Clefable|Clefable, F|75/100
|move|p2a: Corviknight|Iron Defense|p2a: Corviknight
|-boost|p2a: Corviknight|def|2
|
|-heal|p1a: Clefable|81/100|[from] Grassy Terrain
|upkeep
|turn|166
|inactive|Cowsrule247 has 60 seconds left.
|inactive|Cowsrule247 has 30 seconds left.
|
|t:|1667672410
|switch|p2a: Toxapex|Toxapex, F|79/100 brn
|move|p1a: Clefable|Thunder Wave||[still]
|-fail|p1a: Clefable
|
|-heal|p1a: Clefable|87/100|[from] Grassy Terrain
|-heal|p2a: Toxapex|86/100 brn|[from] Grassy Terrain
|-damage|p2a: Toxapex|79/100 brn|[from] brn
|-fieldend|move: Grassy Terrain
|upkeep
|turn|167
|inactive|Cowsrule247 has 30 seconds left.
|inactive|Cowsrule247 has 20 seconds left.
|inactive|Cowsrule247 has 15 seconds left.
|
|t:|1667672431
|switch|p1a: Rillaboom|Rillaboom, M|89/100 brn
|-fieldstart|move: Grassy Terrain|[from] ability: Grassy Surge|[of] p1a: Rillaboom
|switch|p2a: Blissey|Blissey, F|99/100
|
|-heal|p1a: Rillaboom|95/100 brn|[from] Grassy Terrain
|-heal|p2a: Blissey|100/100|[from] Grassy Terrain
|-damage|p1a: Rillaboom|89/100 brn|[from] brn
|upkeep
|turn|168
|inactive|Cowsrule247 has 20 seconds left this turn.
|
|t:|1667672438
|switch|p1a: Swampert|Swampert, M|70/100 tox
|switch|p2a: Buzzwole|Buzzwole, shiny|89/100
|
|-heal|p2a: Buzzwole|96/100|[from] Grassy Terrain
|-heal|p1a: Swampert|76/100 tox|[from] Grassy Terrain
|-heal|p1a: Swampert|82/100 tox|[from] item: Leftovers
|-damage|p1a: Swampert|76/100 tox|[from] psn
|upkeep
|turn|169
|inactive|Cowsrule247 has 25 seconds left this turn.
|inactive|Cowsrule247 has 20 seconds left.
|inactive|Cowsrule247 has 15 seconds left.
|inactive|Cowsrule247 has 10 seconds left.
|inactive|Cowsrule247 has 5 seconds left.
|
|t:|1667672460
|switch|p1a: Blaziken|Blaziken, F|70/100
|move|p2a: Buzzwole|Close Combat|p1a: Blaziken
|-damage|p1a: Blaziken|0 fnt
|-unboost|p2a: Buzzwole|def|1
|-unboost|p2a: Buzzwole|spd|1
|faint|p1a: Blaziken
|-ability|p2a: Buzzwole|Beast Boost|boost
|-boost|p2a: Buzzwole|atk|1
|
|-heal|p2a: Buzzwole|100/100|[from] Grassy Terrain
|upkeep
|inactive|Cowsrule247 has 10 seconds left this turn.
|c|☆y4stherapist|wow
|c|☆y4stherapist|that wasnt very safe
|inactive|y4stherapist has 60 seconds left.
|-message|y4stherapist forfeited.
|
|win|Cowsrule247
|inactive|Cowsrule247 has 15 seconds left this turn.
|raw|y4stherapist's rating: 1506 &rarr; <strong>1483</strong><br />(-23 for losing)
|raw|Cowsrule247's rating: 1458 &rarr; <strong>1481</strong><br />(+23 for winning)
