|j|☆Koloina
|j|☆Arnaud senju vgc
|player|p1|Koloina|musician|
|player|p2|Arnaud senju vgc|alder|
|teamsize|p1|6
|teamsize|p2|6
|gametype|singles
|gen|8
|tier|[Gen 8] OU
|clearpoke
|poke|p1|Salazzle, F|
|poke|p1|Ferrothorn, F|
|poke|p1|Togekiss, M|
|poke|p1|Hawlucha, F|
|poke|p1|Grimmsnarl, M|
|poke|p1|Inteleon, F|
|poke|p2|Cinderace, F|
|poke|p2|Aegislash, M|
|poke|p2|Cloyster, F|
|poke|p2|Togekiss, M|
|poke|p2|Bisharp, F|
|poke|p2|Shuckle, M|
|rule|Sleep Clause Mod: Limit one foe put to sleep
|rule|Species Clause: Limit one of each Pokémon
|rule|OHKO Clause: OHKO moves are banned
|rule|Evasion Moves Clause: Evasion moves are banned
|rule|Endless Battle Clause: Forcing endless battles is banned
|rule|HP Percentage Mod: HP is shown in percentages
|rule|Dynamax Clause: You cannot dynamax
|teampreview
|inactive|Battle timer is ON: inactive players will automatically lose when time's up. (requested by Koloina)
|c|☆Koloina|Kez sensei a XD
|inactive|Koloina has 270 seconds left.
|
|start
|switch|p1a: Inteleon|Inteleon, F|100/100
|switch|p2a: Shuckle|Shuckle, M|100/100
|turn|1
|c|☆Arnaud senju vgc|Bon jeu less xd
|
|move|p1a: Inteleon|Substitute|p1a: Inteleon
|-start|p1a: Inteleon|Substitute
|-damage|p1a: Inteleon|76/100
|move|p2a: Shuckle|Sticky Web|p1a: Inteleon
|-sidestart|p1: Koloina|move: Sticky Web
|
|upkeep
|turn|2
|c|☆Koloina|XD
|j| tysir00
|
|move|p1a: Inteleon|Snipe Shot|p2a: Shuckle
|-supereffective|p2a: Shuckle
|-damage|p2a: Shuckle|49/100
|move|p2a: Shuckle|Final Gambit|p1a: Inteleon
|-end|p1a: Inteleon|Substitute
|faint|p2a: Shuckle
|
|upkeep
|inactive|Arnaud senju vgc has 270 seconds left.
|
|switch|p2a: Togekiss|Togekiss, M|100/100
|turn|3
|c| tysir00|kaiz
|
|move|p2a: Togekiss|Air Slash|p1a: Inteleon|[miss]
|-miss|p2a: Togekiss|p1a: Inteleon
|move|p1a: Inteleon|Snipe Shot|p2a: Togekiss
|-damage|p2a: Togekiss|63/100
|
|upkeep
|turn|4
|
|move|p2a: Togekiss|Air Slash|p1a: Inteleon
|-damage|p1a: Inteleon|12/100
|move|p1a: Inteleon|Substitute|p1a: Inteleon
|-fail|p1a: Inteleon|move: Substitute|[weak]
|
|upkeep
|turn|5
|c|☆Arnaud senju vgc|Had shady le
|
|move|p2a: Togekiss|Air Slash|p1a: Inteleon
|-damage|p1a: Inteleon|0 fnt
|faint|p1a: Inteleon
|
|upkeep
|
|switch|p1a: Grimmsnarl|Grimmsnarl, M|100/100
|-activate|p1a: Grimmsnarl|move: Sticky Web
|-unboost|p1a: Grimmsnarl|spe|1
|turn|6
|
|move|p1a: Grimmsnarl|Thunder Wave|p2a: Togekiss
|-status|p2a: Togekiss|par
|cant|p2a: Togekiss|par
|
|upkeep
|turn|7
|
|move|p1a: Grimmsnarl|Light Screen|p1a: Grimmsnarl
|-sidestart|p1: Koloina|move: Light Screen
|cant|p2a: Togekiss|par
|
|upkeep
|turn|8
|
|switch|p1a: Salazzle|Salazzle, F|100/100
|cant|p2a: Togekiss|par
|
|upkeep
|turn|9
|
|move|p1a: Salazzle|Sludge Wave|p2a: Togekiss
|-supereffective|p2a: Togekiss
|-damage|p2a: Togekiss|0 fnt
|faint|p2a: Togekiss
|
|upkeep
|
|switch|p2a: Cinderace|Cinderace, F|100/100
|turn|10
|
|move|p2a: Cinderace|Zen Headbutt|p1a: Salazzle
|-start|p2a: Cinderace|typechange|Psychic|[from] ability: Libero
|-supereffective|p1a: Salazzle
|-damage|p1a: Salazzle|0 fnt
|faint|p1a: Salazzle
|
|upkeep
|c| tysir00|lol
|
|switch|p1a: Grimmsnarl|Grimmsnarl, M|100/100
|-activate|p1a: Grimmsnarl|move: Sticky Web
|-unboost|p1a: Grimmsnarl|spe|1
|turn|11
|
|switch|p2a: Bisharp|Bisharp, F|100/100
|move|p1a: Grimmsnarl|Reflect|p1a: Grimmsnarl
|-sidestart|p1: Koloina|Reflect
|
|upkeep
|turn|12
|
|switch|p1a: Ferrothorn|Ferrothorn, F|100/100
|-activate|p1a: Ferrothorn|move: Sticky Web
|-unboost|p1a: Ferrothorn|spe|1
|move|p2a: Bisharp|Swords Dance|p2a: Bisharp
|-boost|p2a: Bisharp|atk|2
|
|upkeep
|turn|13
|
|move|p2a: Bisharp|Knock Off|p1a: Ferrothorn
|-damage|p1a: Ferrothorn|60/100
|-damage|p2a: Bisharp|88/100|[from] ability: Iron Barbs|[of] p1a: Ferrothorn
|-damage|p2a: Bisharp|71/100|[from] item: Rocky Helmet|[of] p1a: Ferrothorn
|-enditem|p1a: Ferrothorn|Rocky Helmet|[from] move: Knock Off|[of] p2a: Bisharp
|-damage|p2a: Bisharp|62/100|[from] item: Life Orb
|move|p1a: Ferrothorn|Leech Seed|p2a: Bisharp
|-start|p2a: Bisharp|move: Leech Seed
|
|-damage|p2a: Bisharp|49/100|[from] Leech Seed|[of] p1a: Ferrothorn
|-heal|p1a: Ferrothorn|70/100|[silent]
|upkeep
|turn|14
|
|switch|p2a: Cinderace|Cinderace, F|100/100
|move|p1a: Ferrothorn|Gyro Ball|p2a: Cinderace
|-resisted|p2a: Cinderace
|-damage|p2a: Cinderace|68/100
|
|-sideend|p1: Koloina|move: Light Screen
|upkeep
|turn|15
|
|move|p2a: Cinderace|Pyro Ball|p1a: Ferrothorn
|-supereffective|p1a: Ferrothorn
|-damage|p1a: Ferrothorn|2/100
|move|p1a: Ferrothorn|Leech Seed|p2a: Cinderace
|-start|p2a: Cinderace|move: Leech Seed
|
|-damage|p2a: Cinderace|56/100|[from] Leech Seed|[of] p1a: Ferrothorn
|-heal|p1a: Ferrothorn|12/100|[silent]
|upkeep
|turn|16
|
|move|p1a: Ferrothorn|Protect|p1a: Ferrothorn
|-singleturn|p1a: Ferrothorn|Protect
|move|p2a: Cinderace|Pyro Ball|p1a: Ferrothorn
|-activate|p1a: Ferrothorn|move: Protect
|
|-damage|p2a: Cinderace|44/100|[from] Leech Seed|[of] p1a: Ferrothorn
|-heal|p1a: Ferrothorn|23/100|[silent]
|upkeep
|turn|17
|
|move|p2a: Cinderace|Pyro Ball|p1a: Ferrothorn|[miss]
|-miss|p2a: Cinderace|p1a: Ferrothorn
|move|p1a: Ferrothorn|Gyro Ball|p2a: Cinderace
|-resisted|p2a: Cinderace
|-damage|p2a: Cinderace|11/100
|
|-damage|p2a: Cinderace|0 fnt|[from] Leech Seed|[of] p1a: Ferrothorn
|-heal|p1a: Ferrothorn|32/100|[silent]
|faint|p2a: Cinderace
|upkeep
|c| tysir00|XD
|inactive|Arnaud senju vgc has 270 seconds left.
|c|☆Koloina|Haha zan hax lr
|c|☆Arnaud senju vgc|Henjanq b zany hax zany
|
|switch|p2a: Bisharp|Bisharp, F|49/100
|turn|18
|
|move|p2a: Bisharp|Swords Dance|p2a: Bisharp
|-boost|p2a: Bisharp|atk|2
|move|p1a: Ferrothorn|Leech Seed|p2a: Bisharp
|-start|p2a: Bisharp|move: Leech Seed
|
|-damage|p2a: Bisharp|37/100|[from] Leech Seed|[of] p1a: Ferrothorn
|-heal|p1a: Ferrothorn|41/100|[silent]
|-sideend|p1: Koloina|Reflect
|upkeep
|turn|19
|inactive|Arnaud senju vgc has 270 seconds left.
|
|move|p2a: Bisharp|Knock Off|p1a: Ferrothorn
|-damage|p1a: Ferrothorn|0 fnt
|-damage|p2a: Bisharp|24/100|[from] ability: Iron Barbs|[of] p1a: Ferrothorn
|-damage|p2a: Bisharp|14/100|[from] item: Life Orb
|faint|p1a: Ferrothorn
|
|upkeep
|
|switch|p1a: Togekiss|Togekiss, M|100/100
|turn|20
|
|move|p2a: Bisharp|Sucker Punch||[still]
|-fail|p2a: Bisharp
|move|p1a: Togekiss|Substitute|p1a: Togekiss
|-start|p1a: Togekiss|Substitute
|-damage|p1a: Togekiss|75/100
|
|-heal|p1a: Togekiss|82/100|[from] item: Leftovers
|-damage|p2a: Bisharp|2/100|[from] Leech Seed|[of] p1a: Togekiss
|-heal|p1a: Togekiss|92/100|[silent]
|upkeep
|turn|21
|
|move|p1a: Togekiss|Flamethrower|p2a: Bisharp
|-supereffective|p2a: Bisharp
|-damage|p2a: Bisharp|0 fnt
|faint|p2a: Bisharp
|
|-heal|p1a: Togekiss|99/100|[from] item: Leftovers
|upkeep
|
|switch|p2a: Drako hely|Cloyster, F, shiny|100/100
|turn|22
|c| tysir00|HAX SISA
|
|move|p1a: Togekiss|Air Slash|p2a: Drako hely|[miss]
|-miss|p1a: Togekiss|p2a: Drako hely
|move|p2a: Drako hely|Icicle Spear|p1a: Togekiss
|-supereffective|p1a: Togekiss
|-end|p1a: Togekiss|Substitute
|-supereffective|p1a: Togekiss
|-damage|p1a: Togekiss|72/100
|-supereffective|p1a: Togekiss
|-damage|p1a: Togekiss|43/100
|-supereffective|p1a: Togekiss
|-damage|p1a: Togekiss|16/100
|-supereffective|p1a: Togekiss
|-crit|p1a: Togekiss
|-damage|p1a: Togekiss|0 fnt
|-hitcount|p1a: Togekiss|5
|faint|p1a: Togekiss
|
|upkeep
|c| tysir00|Karma
|
|switch|p1a: Grimmsnarl|Grimmsnarl, M|100/100
|-activate|p1a: Grimmsnarl|move: Sticky Web
|-unboost|p1a: Grimmsnarl|spe|1
|turn|23
|
|move|p1a: Grimmsnarl|Thunder Wave|p2a: Drako hely
|-status|p2a: Drako hely|par
|move|p2a: Drako hely|Shell Smash|p2a: Drako hely
|-unboost|p2a: Drako hely|def|1
|-unboost|p2a: Drako hely|spd|1
|-boost|p2a: Drako hely|atk|2
|-boost|p2a: Drako hely|spa|2
|-boost|p2a: Drako hely|spe|2
|
|upkeep
|turn|24
|
|move|p1a: Grimmsnarl|Reflect|p1a: Grimmsnarl
|-sidestart|p1: Koloina|Reflect
|move|p2a: Drako hely|Icicle Spear|p1a: Grimmsnarl
|-damage|p1a: Grimmsnarl|88/100
|-damage|p1a: Grimmsnarl|75/100
|-damage|p1a: Grimmsnarl|63/100
|-damage|p1a: Grimmsnarl|51/100
|-damage|p1a: Grimmsnarl|38/100
|-hitcount|p1a: Grimmsnarl|5
|
|upkeep
|turn|25
|
|cant|p2a: Drako hely|par
|move|p1a: Grimmsnarl|Spirit Break|p2a: Drako hely
|-damage|p2a: Drako hely|59/100 par
|-unboost|p2a: Drako hely|spa|1
|
|upkeep
|turn|26
|
|move|p1a: Grimmsnarl|Light Screen|p1a: Grimmsnarl
|-sidestart|p1: Koloina|move: Light Screen
|move|p2a: Drako hely|Icicle Spear|p1a: Grimmsnarl
|-damage|p1a: Grimmsnarl|25/100
|-damage|p1a: Grimmsnarl|12/100
|-damage|p1a: Grimmsnarl|0 fnt
|-hitcount|p1a: Grimmsnarl|3
|faint|p1a: Grimmsnarl
|
|upkeep
|c|☆Arnaud senju vgc|😂
|
|switch|p1a: Hawlucha|Hawlucha, F|100/100
|turn|27
|inactive|Koloina has 270 seconds left.
|c|☆Koloina|Tay be ty
|
|move|p2a: Drako hely|Ice Shard|p1a: Hawlucha
|-supereffective|p1a: Hawlucha
|-damage|p1a: Hawlucha|44/100
|move|p1a: Hawlucha|Close Combat|p2a: Drako hely
|-supereffective|p2a: Drako hely
|-damage|p2a: Drako hely|0 fnt
|-unboost|p1a: Hawlucha|def|1
|-unboost|p1a: Hawlucha|spd|1
|faint|p2a: Drako hely
|
|upkeep
|
|switch|p2a: Aegislash|Aegislash, M|100/100
|turn|28
|c|☆Arnaud senju vgc|Gg
|
|move|p1a: Hawlucha|Sky Attack||[still]
|-prepare|p1a: Hawlucha|Sky Attack|p2a: Aegislash
|-enditem|p1a: Hawlucha|Power Herb
|-anim|p1a: Hawlucha|Sky Attack|p2a: Aegislash
|-resisted|p2a: Aegislash
|-damage|p2a: Aegislash|72/100
|-formechange|p2a: Aegislash|Aegislash-Blade||[from] ability: Stance Change
|move|p2a: Aegislash|Shadow Ball|p1a: Hawlucha
|-damage|p1a: Hawlucha|0 fnt
|faint|p1a: Hawlucha
|
|win|Arnaud senju vgc
