|j|☆Plexis
|j|☆Down$hift
|t:|1664295893
|gametype|singles
|player|p1|Plexis|roughneck|1515
|player|p2|Down$hift|teamrocket|1630
|teamsize|p1|6
|teamsize|p2|6
|gen|8
|tier|[Gen 8] OU
|rated|
|rule|Sleep Clause Mod: Limit one foe put to sleep
|rule|Species Clause: Limit one of each Pokémon
|rule|OHKO Clause: OHKO moves are banned
|rule|Evasion Items Clause: Evasion items are banned
|rule|Evasion Moves Clause: Evasion moves are banned
|rule|Endless Battle Clause: Forcing endless battles is banned
|rule|HP Percentage Mod: HP is shown in percentages
|rule|Dynamax Clause: You cannot dynamax
|clearpoke
|poke|p1|Shuckle, M|
|poke|p1|Zapdos-Galar|
|poke|p1|Buzzwole|
|poke|p1|Volcanion|
|poke|p1|Zeraora|
|poke|p1|Dhelmise|
|poke|p2|Blaziken, F|
|poke|p2|Torkoal, F|
|poke|p2|Garchomp, F|
|poke|p2|Victini|
|poke|p2|Mandibuzz, F|
|poke|p2|Heatran, M|
|teampreview
|inactive|Battle timer is ON: inactive players will automatically lose when time's up. (requested by Plexis)
|c|☆Down$hift|hf
|
|t:|1664295899
|start
|switch|p1a: The Referee|Shuckle, M|100/100
|switch|p2a: Master Oogway|Torkoal, F|100/100
|-weather|SunnyDay|[from] ability: Drought|[of] p2a: Master Oogway
|turn|1
|
|t:|1664295910
|move|p2a: Master Oogway|Will-O-Wisp|p1a: The Referee
|-status|p1a: The Referee|brn
|move|p1a: The Referee|Sticky Web|p2a: Master Oogway
|-sidestart|p2: Down$hift|move: Sticky Web
|
|-weather|SunnyDay|[upkeep]
|-damage|p1a: The Referee|94/100 brn|[from] brn
|upkeep
|turn|2
|
|t:|1664295915
|move|p2a: Master Oogway|Rapid Spin|p1a: The Referee
|-resisted|p1a: The Referee
|-crit|p1a: The Referee
|-damage|p1a: The Referee|90/100 brn
|-boost|p2a: Master Oogway|spe|1
|-sideend|p2: Down$hift|Sticky Web|[from] move: Rapid Spin|[of] p2a: Master Oogway
|-enditem|p1a: The Referee|Red Card|[of] p2a: Master Oogway
|drag|p2a: To my tailfin|Garchomp, F|100/100
|move|p1a: The Referee|Stealth Rock|p2a: To my tailfin
|-sidestart|p2: Down$hift|move: Stealth Rock
|
|-weather|SunnyDay|[upkeep]
|-damage|p1a: The Referee|84/100 brn|[from] brn
|upkeep
|turn|3
|
|t:|1664295919
|move|p2a: To my tailfin|Stealth Rock|p1a: The Referee
|-sidestart|p1: Plexis|move: Stealth Rock
|move|p1a: The Referee|Sticky Web|p2a: To my tailfin
|-sidestart|p2: Down$hift|move: Sticky Web
|
|-weather|SunnyDay|[upkeep]
|-damage|p1a: The Referee|78/100 brn|[from] brn
|upkeep
|turn|4
|
|t:|1664295926
|move|p2a: To my tailfin|Earthquake|p1a: The Referee
|-damage|p1a: The Referee|46/100 brn
|-damage|p2a: To my tailfin|91/100|[from] item: Life Orb
|move|p1a: The Referee|Final Gambit|p2a: To my tailfin
|-damage|p2a: To my tailfin|60/100
|faint|p1a: The Referee
|
|-weather|SunnyDay|[upkeep]
|upkeep
|inactive|Plexis has 120 seconds left.
|inactive|Plexis has 90 seconds left.
|
|t:|1664295998
|switch|p1a: Barbossa|Dhelmise|100/100
|turn|5
|
|t:|1664296008
|move|p2a: To my tailfin|Fire Blast|p1a: Barbossa|[miss]
|-miss|p2a: To my tailfin|p1a: Barbossa
|move|p1a: Barbossa|Poltergeist|p2a: To my tailfin
|-activate|p2a: To my tailfin|move: Poltergeist|Life Orb
|-damage|p2a: To my tailfin|7/100
|
|-weather|SunnyDay|[upkeep]
|upkeep
|turn|6
|inactive|Plexis has 90 seconds left.
|
|t:|1664296018
|move|p2a: To my tailfin|Fire Blast|p1a: Barbossa
|-supereffective|p1a: Barbossa
|-damage|p1a: Barbossa|8/100
|-damage|p2a: To my tailfin|0 fnt|[from] item: Life Orb
|faint|p2a: To my tailfin
|move|p1a: Barbossa|Rapid Spin|p2: To my tailfin|[notarget]
|-fail|p1a: Barbossa
|
|-weather|SunnyDay|[upkeep]
|upkeep
|
|t:|1664296033
|switch|p2a: Boner|Mandibuzz, F|100/100
|turn|7
|
|t:|1664296044
|switch|p1a: Y DID U DEFOG|Zapdos-Galar|100/100
|-damage|p1a: Y DID U DEFOG|88/100|[from] Stealth Rock
|move|p2a: Boner|Foul Play|p1a: Y DID U DEFOG
|-resisted|p1a: Y DID U DEFOG
|-damage|p1a: Y DID U DEFOG|60/100
|
|-weather|SunnyDay|[upkeep]
|upkeep
|turn|8
|
|t:|1664296052
|move|p1a: Y DID U DEFOG|Thunderous Kick|p2a: Boner
|-damage|p2a: Boner|71/100
|-unboost|p2a: Boner|def|1
|move|p2a: Boner|Defog|p1a: Y DID U DEFOG
|-unboost|p1a: Y DID U DEFOG|evasion|1
|-ability|p1a: Y DID U DEFOG|Defiant
|-boost|p1a: Y DID U DEFOG|atk|2
|-sideend|p1: Plexis|Stealth Rock|[from] move: Defog|[of] p2a: Boner
|-sideend|p2: Down$hift|Stealth Rock|[from] move: Defog|[of] p2a: Boner
|-sideend|p2: Down$hift|Sticky Web|[from] move: Defog|[of] p2a: Boner
|
|-weather|none
|upkeep
|turn|9
|inactive|Plexis has 90 seconds left.
|j| YB is BETTER
|
|t:|1664296086
|move|p1a: Y DID U DEFOG|Thunderous Kick|p2a: Boner
|-damage|p2a: Boner|0 fnt
|faint|p2a: Boner
|
|upkeep
|
|t:|1664296093
|switch|p2a: Vector OH YEAH!!!|Victini|100/100
|turn|10
|inactive|Plexis has 90 seconds left.
|
|t:|1664296107
|switch|p1a: Barbossa|Dhelmise|8/100
|move|p2a: Vector OH YEAH!!!|Bolt Strike|p1a: Barbossa
|-resisted|p1a: Barbossa
|-damage|p1a: Barbossa|0 fnt
|faint|p1a: Barbossa
|
|upkeep
|inactive|Plexis has 60 seconds left.
|
|t:|1664296152
|switch|p1a: Weather God|Volcanion|100/100
|turn|11
|
|t:|1664296162
|switch|p2a: Master Oogway|Torkoal, F|100/100
|-weather|SunnyDay|[from] ability: Drought|[of] p2a: Master Oogway
|move|p1a: Weather God|Steam Eruption|p2a: Master Oogway
|-supereffective|p2a: Master Oogway
|-damage|p2a: Master Oogway|0 fnt
|faint|p2a: Master Oogway
|
|-weather|SunnyDay|[upkeep]
|upkeep
|
|t:|1664296167
|switch|p2a: Yeetran|Heatran, M|100/100
|-item|p2a: Yeetran|Air Balloon
|turn|12
|inactive|Plexis has 60 seconds left.
|
|t:|1664296178
|switch|p1a: Y DID U DEFOG|Zapdos-Galar|60/100
|move|p2a: Yeetran|Earth Power|p1a: Y DID U DEFOG
|-immune|p1a: Y DID U DEFOG
|
|-weather|SunnyDay|[upkeep]
|upkeep
|turn|13
|inactive|Plexis has 60 seconds left.
|
|t:|1664296186
|switch|p2a: Vector OH YEAH!!!|Victini|100/100
|move|p1a: Y DID U DEFOG|Thunderous Kick|p2a: Vector OH YEAH!!!
|-resisted|p2a: Vector OH YEAH!!!
|-damage|p2a: Vector OH YEAH!!!|78/100
|-unboost|p2a: Vector OH YEAH!!!|def|1
|
|-weather|SunnyDay|[upkeep]
|upkeep
|turn|14
|inactive|Plexis has 60 seconds left.
|
|t:|1664296198
|switch|p1a: I NEED ICE PUNCH|Zeraora|100/100
|move|p2a: Vector OH YEAH!!!|V-create|p1a: I NEED ICE PUNCH
|-damage|p1a: I NEED ICE PUNCH|0 fnt
|-unboost|p2a: Vector OH YEAH!!!|spe|1
|-unboost|p2a: Vector OH YEAH!!!|def|1
|-unboost|p2a: Vector OH YEAH!!!|spd|1
|faint|p1a: I NEED ICE PUNCH
|
|-weather|SunnyDay|[upkeep]
|upkeep
|inactive|Plexis has 60 seconds left.
|
|t:|1664296205
|switch|p1a: Weather God|Volcanion|100/100
|turn|15
|
|t:|1664296210
|switch|p2a: Yeetran|Heatran, M|100/100
|-item|p2a: Yeetran|Air Balloon
|move|p1a: Weather God|Steam Eruption|p2a: Yeetran
|-supereffective|p2a: Yeetran
|-damage|p2a: Yeetran|13/100
|-enditem|p2a: Yeetran|Air Balloon
|
|-weather|SunnyDay|[upkeep]
|upkeep
|turn|16
|
|t:|1664296220
|move|p2a: Yeetran|Magma Storm|p1a: Weather God
|-resisted|p1a: Weather God
|-damage|p1a: Weather God|77/100
|-activate|p1a: Weather God|move: Magma Storm|[of] p2a: Yeetran
|move|p1a: Weather God|Steam Eruption|p2a: Yeetran
|-supereffective|p2a: Yeetran
|-damage|p2a: Yeetran|0 fnt
|faint|p2a: Yeetran
|
|-weather|SunnyDay|[upkeep]
|-end|p1a: Weather God|Magma Storm|[partiallytrapped]|[silent]
|upkeep
|
|t:|1664296223
|switch|p2a: Vector OH YEAH!!!|Victini|78/100
|turn|17
|
|t:|1664296233
|move|p2a: Vector OH YEAH!!!|V-create|p1a: Weather God
|-resisted|p1a: Weather God
|-damage|p1a: Weather God|48/100
|-unboost|p2a: Vector OH YEAH!!!|spe|1
|-unboost|p2a: Vector OH YEAH!!!|def|1
|-unboost|p2a: Vector OH YEAH!!!|spd|1
|move|p1a: Weather God|Steam Eruption|p2a: Vector OH YEAH!!!
|-supereffective|p2a: Vector OH YEAH!!!
|-damage|p2a: Vector OH YEAH!!!|0 fnt
|faint|p2a: Vector OH YEAH!!!
|
|-weather|SunnyDay|[upkeep]
|upkeep
|
|t:|1664296236
|switch|p2a: Blaze Kickin’ Good|Blaziken, F|100/100
|turn|18
|
|t:|1664296238
|move|p2a: Blaze Kickin’ Good|Close Combat|p1a: Weather God
|-damage|p1a: Weather God|0 fnt
|-unboost|p2a: Blaze Kickin’ Good|def|1
|-unboost|p2a: Blaze Kickin’ Good|spd|1
|faint|p1a: Weather God
|-damage|p2a: Blaze Kickin’ Good|91/100|[from] item: Life Orb
|
|-weather|none
|-ability|p2a: Blaze Kickin’ Good|Speed Boost|boost
|-boost|p2a: Blaze Kickin’ Good|spe|1
|upkeep
|inactive|Plexis has 90 seconds left.
|
|t:|1664296252
|switch|p1a: On Steroids|Buzzwole|100/100
|turn|19
|
|t:|1664296255
|move|p2a: Blaze Kickin’ Good|Fire Blast|p1a: On Steroids
|-supereffective|p1a: On Steroids
|-damage|p1a: On Steroids|0 fnt
|faint|p1a: On Steroids
|-damage|p2a: Blaze Kickin’ Good|81/100|[from] item: Life Orb
|
|-ability|p2a: Blaze Kickin’ Good|Speed Boost|boost
|-boost|p2a: Blaze Kickin’ Good|spe|1
|upkeep
|
|t:|1664296257
|switch|p1a: Y DID U DEFOG|Zapdos-Galar|60/100
|turn|20
|
|t:|1664296261
|move|p2a: Blaze Kickin’ Good|Fire Blast|p1a: Y DID U DEFOG
|-damage|p1a: Y DID U DEFOG|0 fnt
|faint|p1a: Y DID U DEFOG
|-damage|p2a: Blaze Kickin’ Good|71/100|[from] item: Life Orb
|
|win|Down$hift
|raw|Plexis's rating: 1515 &rarr; <strong>1501</strong><br />(-14 for losing)
|raw|Down$hift's rating: 1630 &rarr; <strong>1644</strong><br />(+14 for winning)
|l|☆Plexis
|c|☆Down$hift|gg
|l| YB is BETTER
|l|☆Down$hift
