|raw|<div class="broadcast-blue"><strong>This battle is required to be public due to a player having a name starting with 'lt93oq'.</div>
|j|☆Mimikyu Stardust
|j|☆lt93oq im garbage
|t:|1660789312
|gametype|singles
|player|p1|Mimikyu Stardust|#wcop2022asia|1702
|player|p2|lt93oq im garbage|102|1929
|teamsize|p1|6
|teamsize|p2|6
|gen|8
|tier|[Gen 8] OU
|rated|
|rule|Sleep Clause Mod: Limit one foe put to sleep
|rule|Species Clause: Limit one of each Pokémon
|rule|OHKO Clause: OHKO moves are banned
|rule|Evasion Items Clause: Evasion items are banned
|rule|Evasion Moves Clause: Evasion moves are banned
|rule|Endless Battle Clause: Forcing endless battles is banned
|rule|HP Percentage Mod: HP is shown in percentages
|rule|Dynamax Clause: You cannot dynamax
|clearpoke
|poke|p1|Mew|
|poke|p1|Weavile, F|
|poke|p1|Celesteela|
|poke|p1|Garchomp, F|
|poke|p1|Blacephalon|
|poke|p1|Crawdaunt, F|
|poke|p2|Hippowdon, M|
|poke|p2|Corviknight, M|
|poke|p2|Toxapex, F|
|poke|p2|Clefable, F|
|poke|p2|Tornadus-Therian, M|
|poke|p2|Blissey, F|
|teampreview
|inactive|Battle timer is ON: inactive players will automatically lose when time's up. (requested by lt93oq im garbage)
|
|t:|1660789340
|start
|switch|p1a: Garchomp|Garchomp, F, shiny|100/100
|switch|p2a: Hippowdon|Hippowdon, M|100/100
|-weather|Sandstorm|[from] ability: Sand Stream|[of] p2a: Hippowdon
|turn|1
|
|t:|1660789351
|switch|p1a: Mew|Mew, shiny|100/100
|move|p2a: Hippowdon|Toxic|p1a: Mew
|-status|p1a: Mew|tox
|-activate|p1a: Mew|ability: Synchronize
|-status|p2a: Hippowdon|tox
|
|-weather|Sandstorm|[upkeep]
|-damage|p1a: Mew|94/100 tox|[from] Sandstorm
|-damage|p1a: Mew|88/100 tox|[from] psn
|-damage|p2a: Hippowdon|94/100 tox|[from] psn
|upkeep
|turn|2
|
|t:|1660789356
|move|p1a: Mew|Stealth Rock|p2a: Hippowdon
|-sidestart|p2: lt93oq im garbage|move: Stealth Rock
|move|p2a: Hippowdon|Earthquake|p1a: Mew
|-damage|p1a: Mew|57/100 tox
|
|-weather|Sandstorm|[upkeep]
|-damage|p1a: Mew|51/100 tox|[from] Sandstorm
|-heal|p2a: Hippowdon|100/100 tox|[from] item: Leftovers
|-damage|p1a: Mew|38/100 tox|[from] psn
|-damage|p2a: Hippowdon|88/100 tox|[from] psn
|upkeep
|turn|3
|
|t:|1660789359
|move|p1a: Mew|Spikes|p2a: Hippowdon
|-sidestart|p2: lt93oq im garbage|Spikes
|move|p2a: Hippowdon|Stealth Rock|p1a: Mew
|-sidestart|p1: Mimikyu Stardust|move: Stealth Rock
|
|-weather|Sandstorm|[upkeep]
|-damage|p1a: Mew|32/100 tox|[from] Sandstorm
|-heal|p2a: Hippowdon|94/100 tox|[from] item: Leftovers
|-damage|p1a: Mew|14/100 tox|[from] psn
|-damage|p2a: Hippowdon|76/100 tox|[from] psn
|upkeep
|turn|4
|
|t:|1660789368
|move|p1a: Mew|Spikes|p2a: Hippowdon
|-sidestart|p2: lt93oq im garbage|Spikes
|move|p2a: Hippowdon|Slack Off|p2a: Hippowdon
|-heal|p2a: Hippowdon|100/100 tox
|
|-weather|Sandstorm|[upkeep]
|-damage|p1a: Mew|7/100 tox|[from] Sandstorm
|-damage|p1a: Mew|0 fnt|[from] psn
|faint|p1a: Mew
|-damage|p2a: Hippowdon|76/100 tox|[from] psn
|upkeep
|
|t:|1660789373
|switch|p1a: Crawdaunt|Crawdaunt, F, shiny|100/100
|-damage|p1a: Crawdaunt|88/100|[from] Stealth Rock
|turn|5
|
|t:|1660789377
|move|p1a: Crawdaunt|Crabhammer|p2a: Hippowdon
|-supereffective|p2a: Hippowdon
|-damage|p2a: Hippowdon|0 fnt
|faint|p2a: Hippowdon
|-damage|p1a: Crawdaunt|78/100|[from] item: Life Orb
|
|-weather|none
|upkeep
|
|t:|1660789384
|switch|p2a: Tornadus|Tornadus-Therian, M, shiny|100/100
|turn|6
|j| LT93OQ Surispliff
|
|t:|1660789404
|switch|p1a: Garchomp|Garchomp, F, shiny|100/100
|-damage|p1a: Garchomp|94/100|[from] Stealth Rock
|move|p2a: Tornadus|Hurricane|p1a: Garchomp
|-damage|p1a: Garchomp|48/100
|
|upkeep
|turn|7
|j| d18l
|l| d18l
|
|t:|1660789418
|move|p2a: Tornadus|Hurricane|p1a: Garchomp|[miss]
|-miss|p2a: Tornadus|p1a: Garchomp
|move|p1a: Garchomp|Swords Dance|p1a: Garchomp
|-boost|p1a: Garchomp|atk|2
|
|upkeep
|turn|8
|
|t:|1660789430
|move|p2a: Tornadus|Hurricane|p1a: Garchomp|[miss]
|-miss|p2a: Tornadus|p1a: Garchomp
|move|p1a: Garchomp|Scale Shot|p2a: Tornadus
|-damage|p2a: Tornadus|75/100
|-damage|p2a: Tornadus|46/100
|-damage|p2a: Tornadus|19/100
|-damage|p2a: Tornadus|0 fnt
|faint|p2a: Tornadus
|-hitcount|p2: Tornadus|4
|-unboost|p1a: Garchomp|def|1
|-boost|p1a: Garchomp|spe|1
|
|upkeep
|
|t:|1660789447
|switch|p2a: Clefable|Clefable, F|100/100
|turn|9
|
|t:|1660789463
|switch|p2a: Corviknight|Corviknight, M|100/100
|-damage|p2a: Corviknight|88/100|[from] Stealth Rock
|-ability|p2a: Corviknight|Pressure
|move|p1a: Garchomp|Earthquake|p2a: Corviknight
|-immune|p2a: Corviknight
|
|-heal|p2a: Corviknight|94/100|[from] item: Leftovers
|upkeep
|turn|10
|
|t:|1660789488
|switch|p2a: Clefable|Clefable, F|100/100
|move|p1a: Garchomp|Fire Fang|p2a: Clefable|[miss]
|-miss|p1a: Garchomp|p2a: Clefable
|
|upkeep
|turn|11
|
|t:|1660789495
|switch|p2a: Corviknight|Corviknight, M|94/100
|-damage|p2a: Corviknight|82/100|[from] Stealth Rock
|-ability|p2a: Corviknight|Pressure
|move|p1a: Garchomp|Earthquake|p2a: Corviknight
|-immune|p2a: Corviknight
|
|-heal|p2a: Corviknight|88/100|[from] item: Leftovers
|upkeep
|turn|12
|
|t:|1660789508
|switch|p2a: Clefable|Clefable, F|100/100
|move|p1a: Garchomp|Fire Fang|p2a: Clefable
|-crit|p2a: Clefable
|-damage|p2a: Clefable|73/100
|
|upkeep
|turn|13
|
|t:|1660789511
|move|p1a: Garchomp|Earthquake|p2a: Clefable
|-damage|p2a: Clefable|27/100
|move|p2a: Clefable|Soft-Boiled|p2a: Clefable
|-heal|p2a: Clefable|77/100
|
|upkeep
|turn|14
|
|t:|1660789515
|move|p1a: Garchomp|Earthquake|p2a: Clefable
|-damage|p2a: Clefable|36/100
|move|p2a: Clefable|Soft-Boiled|p2a: Clefable
|-heal|p2a: Clefable|86/100
|
|upkeep
|turn|15
|
|t:|1660789520
|switch|p1a: Blacephalon|Blacephalon, shiny|100/100
|-damage|p1a: Blacephalon|76/100|[from] Stealth Rock
|move|p2a: Clefable|Soft-Boiled|p2a: Clefable
|-heal|p2a: Clefable|100/100
|
|upkeep
|turn|16
|
|t:|1660789527
|switch|p2a: Toxapex|Toxapex, F|100/100
|-damage|p2a: Toxapex|88/100|[from] Stealth Rock
|-damage|p2a: Toxapex|72/100|[from] Spikes
|move|p1a: Blacephalon|Flamethrower|p2a: Toxapex
|-resisted|p2a: Toxapex
|-damage|p2a: Toxapex|50/100
|
|upkeep
|turn|17
|
|t:|1660789532
|switch|p1a: Garchomp|Garchomp, F, shiny|48/100
|-damage|p1a: Garchomp|42/100|[from] Stealth Rock
|move|p2a: Toxapex|Recover|p2a: Toxapex
|-heal|p2a: Toxapex|99/100
|
|upkeep
|turn|18
|
|t:|1660789537
|move|p1a: Garchomp|Earthquake|p2a: Toxapex
|-supereffective|p2a: Toxapex
|-damage|p2a: Toxapex|34/100
|move|p2a: Toxapex|Toxic|p1a: Garchomp
|-status|p1a: Garchomp|tox
|-enditem|p1a: Garchomp|Lum Berry|[eat]
|-curestatus|p1a: Garchomp|tox|[msg]
|
|upkeep
|turn|19
|
|t:|1660789543
|switch|p1a: Crawdaunt|Crawdaunt, F, shiny|78/100
|-damage|p1a: Crawdaunt|66/100|[from] Stealth Rock
|switch|p2a: Corviknight|Corviknight, M|88/100
|-damage|p2a: Corviknight|75/100|[from] Stealth Rock
|-ability|p2a: Corviknight|Pressure
|
|-heal|p2a: Corviknight|82/100|[from] item: Leftovers
|upkeep
|turn|20
|
|t:|1660789547
|move|p1a: Crawdaunt|Knock Off|p2a: Corviknight
|-damage|p2a: Corviknight|22/100
|-enditem|p2a: Corviknight|Leftovers|[from] move: Knock Off|[of] p1a: Crawdaunt
|-damage|p1a: Crawdaunt|56/100|[from] item: Life Orb
|move|p2a: Corviknight|Body Press|p1a: Crawdaunt
|-supereffective|p1a: Crawdaunt
|-damage|p1a: Crawdaunt|0 fnt
|faint|p1a: Crawdaunt
|
|upkeep
|
|t:|1660789561
|switch|p1a: Blacephalon|Blacephalon, shiny|76/100
|-damage|p1a: Blacephalon|51/100|[from] Stealth Rock
|turn|21
|
|t:|1660789571
|switch|p2a: Blissey|Blissey, F|100/100
|move|p1a: Blacephalon|Trick|p2a: Blissey
|-activate|p1a: Blacephalon|move: Trick|[of] p2a: Blissey
|-item|p2a: Blissey|Choice Scarf|[from] move: Trick
|-item|p1a: Blacephalon|Heavy-Duty Boots|[from] move: Trick
|
|upkeep
|turn|22
|c|☆lt93oq im garbage|ur
|c|☆lt93oq im garbage|so
|c|☆lt93oq im garbage|weird
|c|☆Mimikyu Stardust|wdym
|c|☆lt93oq im garbage|u had
|inactive|Mimikyu Stardust has 120 seconds left.
|
|t:|1660789610
|move|p1a: Blacephalon|Taunt|p2a: Blissey
|-start|p2a: Blissey|move: Taunt
|cant|p2a: Blissey|move: Taunt|Toxic
|
|upkeep
|turn|23
|
|t:|1660789616
|switch|p2a: Toxapex|Toxapex, F|67/100
|-damage|p2a: Toxapex|55/100|[from] Stealth Rock
|-damage|p2a: Toxapex|39/100|[from] Spikes
|move|p1a: Blacephalon|Shadow Ball|p2a: Toxapex
|-damage|p2a: Toxapex|0 fnt
|faint|p2a: Toxapex
|-ability|p1a: Blacephalon|Beast Boost|boost
|-boost|p1a: Blacephalon|spa|1
|
|upkeep
|-message|lt93oq im garbage forfeited.
|
|win|Mimikyu Stardust
|raw|Mimikyu Stardust's rating: 1711 &rarr; <strong>1742</strong><br />(+31 for winning)
|raw|lt93oq im garbage's rating: 1929 &rarr; <strong>1898</strong><br />(-31 for losing)
|l|☆lt93oq im garbage
|l|☆Mimikyu Stardust
||Ladder isn't responding, score probably updated but might not have (Request timeout).
|j|☆Mimikyu Stardust
|player|p1|Mimikyu Stardust|#wcop2022asia
