|j|☆Sww-Suwa
|j|☆superstar
|inactive|Battle timer is ON: inactive players will automatically lose when time's up.
|t:|1658939573
|gametype|singles
|player|p1|Sww-Suwa|lisia|
|player|p2|superstar|scientist|
|teamsize|p1|6
|teamsize|p2|6
|gen|8
|tier|[Gen 8] OU
|rated|Tournament battle
|rule|Sleep Clause Mod: Limit one foe put to sleep
|rule|Species Clause: Limit one of each Pokémon
|rule|OHKO Clause: OHKO moves are banned
|rule|Evasion Moves Clause: Evasion moves are banned
|rule|Endless Battle Clause: Forcing endless battles is banned
|rule|HP Percentage Mod: HP is shown in percentages
|rule|Dynamax Clause: You cannot dynamax
|clearpoke
|poke|p1|Chansey, F|
|poke|p1|Tangela, M|
|poke|p1|Mareanie, F|
|poke|p1|Vullaby, F|
|poke|p1|Piloswine, M|
|poke|p1|Combusken, M|
|poke|p2|Landorus-Therian, M|
|poke|p2|Ninetales-Alola, F|
|poke|p2|Barbaracle, F|
|poke|p2|Blastoise, M|
|poke|p2|Polteageist|
|poke|p2|Kommo-o, M|
|teampreview
|j|+h moment
|c|☆Sww-Suwa|hf
|j| LT91BB someidiot19
|j| Gen1exists
|j| CoffinFan.-
|c|☆superstar|u2
|c|+h moment|im gonna leak suwa's team
|
|t:|1658939583
|start
|switch|p1a: Piloswine|Piloswine, M|100/100
|switch|p2a: Landorus|Landorus-Therian, M|100/100
|-ability|p2a: Landorus|Intimidate|boost
|-unboost|p1a: Piloswine|atk|1
|turn|1
|c|☆superstar|team babby
|c| Gen1exists|Oh god.
|
|t:|1658939589
|move|p2a: Landorus|Stealth Rock|p1a: Piloswine
|-sidestart|p1: Sww-Suwa|move: Stealth Rock
|move|p1a: Piloswine|Icicle Crash|p2a: Landorus
|-supereffective|p2a: Landorus
|-enditem|p2a: Landorus|Focus Sash
|-damage|p2a: Landorus|1/100
|
|upkeep
|turn|2
|c|+h moment|her chansey?
|c|+h moment|eviolite.
|
|t:|1658939595
|move|p1a: Piloswine|Ice Shard|p2a: Landorus
|-supereffective|p2a: Landorus
|-damage|p2a: Landorus|0 fnt
|faint|p2a: Landorus
|
|upkeep
|
|t:|1658939601
|switch|p2a: Ninetales|Ninetales-Alola, F|100/100
|-weather|Hail|[from] ability: Snow Warning|[of] p2a: Ninetales
|turn|3
|j| Drapi123
|j| drop a wooper
|c| LT91BB someidiot19|:o
|
|t:|1658939605
|move|p2a: Ninetales|Aurora Veil|p2a: Ninetales
|-sidestart|p2: superstar|move: Aurora Veil
|move|p1a: Piloswine|Stealth Rock|p2a: Ninetales
|-sidestart|p2: superstar|move: Stealth Rock
|
|-weather|Hail|[upkeep]
|upkeep
|turn|4
|
|t:|1658939612
|switch|p1a: Chansey|Chansey, F|100/100
|-damage|p1a: Chansey|88/100|[from] Stealth Rock
|move|p2a: Ninetales|Safeguard|p2a: Ninetales
|-sidestart|p2: superstar|Safeguard
|
|-weather|Hail|[upkeep]
|-damage|p1a: Chansey|82/100|[from] Hail
|upkeep
|turn|5
|c| drop a wooper|nfe stall is ballin fr
|l| Drapi123
|
|t:|1658939619
|switch|p2a: Barbaracle|Barbaracle, F|100/100
|-damage|p2a: Barbaracle|88/100|[from] Stealth Rock
|switch|p1a: Mareanie|Mareanie, F|100/100
|-damage|p1a: Mareanie|88/100|[from] Stealth Rock
|
|-weather|Hail|[upkeep]
|-damage|p2a: Barbaracle|82/100|[from] Hail
|-damage|p1a: Mareanie|82/100|[from] Hail
|upkeep
|turn|6
|
|t:|1658939626
|move|p2a: Barbaracle|Shell Smash|p2a: Barbaracle
|-unboost|p2a: Barbaracle|def|1
|-unboost|p2a: Barbaracle|spd|1
|-boost|p2a: Barbaracle|atk|2
|-boost|p2a: Barbaracle|spa|2
|-boost|p2a: Barbaracle|spe|2
|move|p1a: Mareanie|Haze|p1a: Mareanie
|-clearallboost
|
|-weather|Hail|[upkeep]
|-damage|p2a: Barbaracle|76/100|[from] Hail
|-damage|p1a: Mareanie|75/100|[from] Hail
|upkeep
|turn|7
|
|t:|1658939636
|move|p2a: Barbaracle|Shell Smash|p2a: Barbaracle
|-unboost|p2a: Barbaracle|def|1
|-unboost|p2a: Barbaracle|spd|1
|-boost|p2a: Barbaracle|atk|2
|-boost|p2a: Barbaracle|spa|2
|-boost|p2a: Barbaracle|spe|2
|move|p1a: Mareanie|Haze|p1a: Mareanie
|-clearallboost
|
|-weather|none
|upkeep
|turn|8
|
|t:|1658939641
|move|p2a: Barbaracle|Shell Smash|p2a: Barbaracle
|-unboost|p2a: Barbaracle|def|1
|-unboost|p2a: Barbaracle|spd|1
|-boost|p2a: Barbaracle|atk|2
|-boost|p2a: Barbaracle|spa|2
|-boost|p2a: Barbaracle|spe|2
|move|p1a: Mareanie|Toxic Spikes|p2a: Barbaracle
|-sidestart|p2: superstar|move: Toxic Spikes
|
|-sideend|p2: superstar|Safeguard
|upkeep
|turn|9
|c| drop a wooper|shell smash ninetales is the tech fr
|
|t:|1658939644
|move|p2a: Barbaracle|Stone Edge|p1a: Mareanie
|-damage|p1a: Mareanie|7/100
|move|p1a: Mareanie|Haze|p1a: Mareanie
|-clearallboost
|
|upkeep
|turn|10
|c|☆Sww-Suwa|wait
|c|☆Sww-Suwa|i thought it was blastoise
|c|☆Sww-Suwa|x.x
|c| drop a wooper|nope its barbaracle
|c|☆superstar|ahaha
|c| drop a wooper|LOL
|
|t:|1658939660
|move|p2a: Barbaracle|Shell Smash|p2a: Barbaracle
|-unboost|p2a: Barbaracle|def|1
|-unboost|p2a: Barbaracle|spd|1
|-boost|p2a: Barbaracle|atk|2
|-boost|p2a: Barbaracle|spa|2
|-boost|p2a: Barbaracle|spe|2
|move|p1a: Mareanie|Haze|p1a: Mareanie
|-clearallboost
|
|-sideend|p2: superstar|move: Aurora Veil
|upkeep
|turn|11
|
|t:|1658939670
|switch|p1a: Tangela|Tangela, M|100/100
|-damage|p1a: Tangela|88/100|[from] Stealth Rock
|move|p2a: Barbaracle|Shell Smash|p2a: Barbaracle
|-unboost|p2a: Barbaracle|def|1
|-unboost|p2a: Barbaracle|spd|1
|-boost|p2a: Barbaracle|atk|2
|-boost|p2a: Barbaracle|spa|2
|-boost|p2a: Barbaracle|spe|2
|
|upkeep
|turn|12
|c| drop a wooper|tangela has red hp,,
|c|☆superstar|crit pls
|
|t:|1658939681
|move|p2a: Barbaracle|Cross Chop|p1a: Tangela|[miss]
|-miss|p2a: Barbaracle|p1a: Tangela
|move|p1a: Tangela|Giga Drain|p2a: Barbaracle
|-supereffective|p2a: Barbaracle
|-damage|p2a: Barbaracle|0 fnt
|-heal|p1a: Tangela|100/100|[from] drain|[of] p2a: Barbaracle
|faint|p2a: Barbaracle
|
|upkeep
|c|☆Sww-Suwa|big tang
|j| HazamaKazama
|
|t:|1658939693
|switch|p2a: Ninetales|Ninetales-Alola, F|100/100
|-damage|p2a: Ninetales|76/100|[from] Stealth Rock
|-status|p2a: Ninetales|psn
|-weather|Hail|[from] ability: Snow Warning|[of] p2a: Ninetales
|turn|13
|
|t:|1658939700
|switch|p1a: Mareanie|Mareanie, F|40/100
|-damage|p1a: Mareanie|28/100|[from] Stealth Rock
|move|p2a: Ninetales|Safeguard|p2a: Ninetales
|-sidestart|p2: superstar|Safeguard
|
|-weather|Hail|[upkeep]
|-damage|p1a: Mareanie|22/100|[from] Hail
|-damage|p2a: Ninetales|63/100 psn|[from] psn
|upkeep
|turn|14
|
|t:|1658939704
|switch|p1a: Piloswine|Piloswine, M|100/100
|-damage|p1a: Piloswine|88/100|[from] Stealth Rock
|move|p2a: Ninetales|Freeze-Dry|p1a: Piloswine
|-damage|p1a: Piloswine|79/100
|
|-weather|Hail|[upkeep]
|-damage|p2a: Ninetales|51/100 psn|[from] psn
|upkeep
|turn|15
|c| drop a wooper|piloswine is still out lmao,
|
|t:|1658939715
|switch|p1a: Mareanie|Mareanie, F|55/100
|-damage|p1a: Mareanie|42/100|[from] Stealth Rock
|move|p2a: Ninetales|Aurora Veil|p2a: Ninetales
|-sidestart|p2: superstar|move: Aurora Veil
|
|-weather|Hail|[upkeep]
|-damage|p1a: Mareanie|36/100|[from] Hail
|-damage|p2a: Ninetales|39/100 psn|[from] psn
|upkeep
|turn|16
|
|t:|1658939737
|switch|p2a: Polteageist|Polteageist|100/100
|-damage|p2a: Polteageist|88/100|[from] Stealth Rock
|switch|p1a: Combusken|Combusken, M|100/100
|-damage|p1a: Combusken|88/100|[from] Stealth Rock
|
|-weather|Hail|[upkeep]
|-damage|p2a: Polteageist|82/100|[from] Hail
|-damage|p1a: Combusken|82/100|[from] Hail
|-heal|p1a: Combusken|88/100|[from] item: Leftovers
|upkeep
|turn|17
|c| drop a wooper|lol when you switch the mons heal lmao
|c|☆superstar|don't even know what this thing does
|
|t:|1658939753
|switch|p1a: Vullaby|Vullaby, F|100/100
|move|p2a: Polteageist|Shell Smash|p2a: Polteageist
|-unboost|p2a: Polteageist|def|1
|-unboost|p2a: Polteageist|spd|1
|-boost|p2a: Polteageist|atk|2
|-boost|p2a: Polteageist|spa|2
|-boost|p2a: Polteageist|spe|2
|
|-weather|none
|-sideend|p2: superstar|Safeguard
|upkeep
|turn|18
|c|☆superstar|shit who's in
|c|☆superstar|arrg
|c| drop a wooper|IDK
|
|t:|1658939765
|move|p2a: Polteageist|Shell Smash|p2a: Polteageist
|-unboost|p2a: Polteageist|def|1
|-unboost|p2a: Polteageist|spd|1
|-boost|p2a: Polteageist|atk|2
|-boost|p2a: Polteageist|spa|2
|-boost|p2a: Polteageist|spe|2
|move|p1a: Vullaby|Foul Play|p2a: Polteageist
|-supereffective|p2a: Polteageist
|-damage|p2a: Polteageist|0 fnt
|faint|p2a: Polteageist
|
|upkeep
|c|☆Sww-Suwa|zzzzzz
|c|☆superstar|ah man
|c|☆superstar|thought it was chansey
|c| drop a wooper|oh its vull
|c|☆superstar|lol
|c| drop a wooper|lmao
|
|t:|1658939776
|switch|p2a: Ninetales|Ninetales-Alola, F|39/100 psn
|-damage|p2a: Ninetales|14/100 psn|[from] Stealth Rock
|-weather|Hail|[from] ability: Snow Warning|[of] p2a: Ninetales
|turn|19
|c| drop a wooper|this is so dumb LOL
|
|t:|1658939784
|switch|p1a: Mareanie|Mareanie, F|69/100
|-damage|p1a: Mareanie|57/100|[from] Stealth Rock
|move|p2a: Ninetales|Safeguard|p2a: Ninetales
|-sidestart|p2: superstar|Safeguard
|
|-weather|Hail|[upkeep]
|-damage|p1a: Mareanie|50/100|[from] Hail
|-damage|p2a: Ninetales|2/100 psn|[from] psn
|upkeep
|turn|20
|
|t:|1658939786
|move|p2a: Ninetales|Freeze-Dry|p1a: Mareanie
|-supereffective|p1a: Mareanie
|-crit|p1a: Mareanie
|-damage|p1a: Mareanie|0 fnt
|faint|p1a: Mareanie
|
|-weather|Hail|[upkeep]
|-damage|p2a: Ninetales|0 fnt|[from] psn
|faint|p2a: Ninetales
|upkeep
|c| drop a wooper|ma renie
|c|☆Sww-Suwa|yo
|c|☆Sww-Suwa|why you crit me
|c|☆Sww-Suwa|now i lose
|c|☆superstar|idk if you do
|c| drop a wooper|piloswine,,,
|inactive|Sww-Suwa has 120 seconds left.
|c|☆Sww-Suwa|i actually do lmao
|
|t:|1658939820
|switch|p2a: Kommo-o|Kommo-o, M|100/100
|switch|p1a: Tangela|Tangela, M|100/100
|-damage|p2a: Kommo-o|94/100|[from] Stealth Rock
|-damage|p1a: Tangela|88/100|[from] Stealth Rock
|turn|21
|
|t:|1658939824
|move|p2a: Kommo-o|Belly Drum|p2a: Kommo-o
|-damage|p2a: Kommo-o|44/100
|-setboost|p2a: Kommo-o|atk|6|[from] move: Belly Drum
|-enditem|p2a: Kommo-o|Sitrus Berry|[eat]
|-heal|p2a: Kommo-o|69/100|[from] item: Sitrus Berry
|move|p1a: Tangela|Leech Seed|p2a: Kommo-o
|-start|p2a: Kommo-o|move: Leech Seed
|
|-weather|Hail|[upkeep]
|-damage|p2a: Kommo-o|63/100|[from] Hail
|-damage|p1a: Tangela|82/100|[from] Hail
|-damage|p2a: Kommo-o|51/100|[from] Leech Seed|[of] p1a: Tangela
|-heal|p1a: Tangela|93/100|[silent]
|upkeep
|turn|22
|c| drop a wooper|eat
|c| drop a wooper|fr
|c|☆Sww-Suwa|personally i would ff
|c|☆Sww-Suwa|out of respect
|inactive|Sww-Suwa has 120 seconds left.
|
|t:|1658939851
|move|p2a: Kommo-o|Drain Punch|p1a: Tangela
|-damage|p1a: Tangela|34/100
|-heal|p2a: Kommo-o|85/100|[from] drain|[of] p1a: Tangela
|move|p1a: Tangela|Giga Drain|p2a: Kommo-o
|-resisted|p2a: Kommo-o
|-crit|p2a: Kommo-o
|-damage|p2a: Kommo-o|64/100
|-heal|p1a: Tangela|43/100|[from] drain|[of] p2a: Kommo-o
|
|-weather|Hail|[upkeep]
|-damage|p2a: Kommo-o|58/100|[from] Hail
|-damage|p1a: Tangela|37/100|[from] Hail
|-damage|p2a: Kommo-o|46/100|[from] Leech Seed|[of] p1a: Tangela
|-heal|p1a: Tangela|48/100|[silent]
|-sideend|p2: superstar|move: Aurora Veil
|upkeep
|turn|23
|c| drop a wooper|ate
|c| Gen1exists|Absolute madlad
|
|t:|1658939857
|move|p2a: Kommo-o|Drain Punch|p1a: Tangela
|-damage|p1a: Tangela|0 fnt
|-heal|p2a: Kommo-o|73/100|[from] drain|[of] p1a: Tangela
|faint|p1a: Tangela
|
|-weather|none
|-sideend|p2: superstar|Safeguard
|upkeep
|inactive|Sww-Suwa has 120 seconds left.
|
|t:|1658939870
|switch|p1a: Combusken|Combusken, M|88/100
|-damage|p1a: Combusken|76/100|[from] Stealth Rock
|turn|24
|c| drop a wooper|combusken time
|c|☆superstar|i did miss my cross chop xd
|
|t:|1658939876
|move|p1a: Combusken|Protect|p1a: Combusken
|-singleturn|p1a: Combusken|Protect
|move|p2a: Kommo-o|Scale Shot|p1a: Combusken
|-activate|p1a: Combusken|move: Protect
|
|-heal|p1a: Combusken|82/100|[from] item: Leftovers
|-damage|p2a: Kommo-o|60/100|[from] Leech Seed|[of] p1a: Combusken
|-heal|p1a: Combusken|96/100|[silent]
|-ability|p1a: Combusken|Speed Boost|boost
|-boost|p1a: Combusken|spe|1
|upkeep
|turn|25
|c|☆Sww-Suwa|bro tangela wasnt dying
|c|☆Sww-Suwa|not even to the crit
|
|t:|1658939888
|move|p1a: Combusken|Toxic|p2a: Kommo-o
|-status|p2a: Kommo-o|tox
|move|p2a: Kommo-o|Drain Punch|p1a: Combusken
|-damage|p1a: Combusken|0 fnt
|-heal|p2a: Kommo-o|100/100 tox|[from] drain|[of] p1a: Combusken
|faint|p1a: Combusken
|
|-damage|p2a: Kommo-o|94/100 tox|[from] psn
|upkeep
|c| drop a wooper|tang is stupid bulky lmao
|c| drop a wooper|wait is mare actually dead
|c| Gen1exists|Kommo-o clutch?
|inactive|Sww-Suwa has 120 seconds left.
|
|t:|1658939903
|switch|p1a: Vullaby|Vullaby, F|100/100
|turn|26
|c|☆Sww-Suwa|yes
|c| drop a wooper|or did something else die
|c|☆Sww-Suwa|marie got crit
|c| drop a wooper|pensive
|j| BT89
|c|☆Sww-Suwa|what kommo clutch?
|inactive|Sww-Suwa has 120 seconds left.
|c|☆Sww-Suwa|marie got crit x.x
|c| drop a wooper|crit freeze dry
|c|☆superstar|komo hax more like
|
|t:|1658939921
|move|p2a: Kommo-o|Drain Punch|p1a: Vullaby
|-damage|p1a: Vullaby|0 fnt
|-heal|p2a: Kommo-o|100/100 tox|[from] drain|[of] p1a: Vullaby
|faint|p1a: Vullaby
|
|-damage|p2a: Kommo-o|88/100 tox|[from] psn
|upkeep
|c| drop a wooper|mare won fr
|
|t:|1658939924
|switch|p1a: Piloswine|Piloswine, M|79/100
|-damage|p1a: Piloswine|67/100|[from] Stealth Rock
|turn|27
|
|t:|1658939928
|move|p1a: Piloswine|Ice Shard|p2a: Kommo-o
|-supereffective|p2a: Kommo-o
|-damage|p2a: Kommo-o|53/100 tox
|move|p2a: Kommo-o|Drain Punch|p1a: Piloswine
|-supereffective|p1a: Piloswine
|-damage|p1a: Piloswine|0 fnt
|-heal|p2a: Kommo-o|99/100 tox|[from] drain|[of] p1a: Piloswine
|faint|p1a: Piloswine
|
|-damage|p2a: Kommo-o|81/100 tox|[from] psn
|upkeep
|
|t:|1658939931
|switch|p1a: Chansey|Chansey, F|82/100
|-damage|p1a: Chansey|70/100|[from] Stealth Rock
|turn|28
|
|t:|1658939933
|move|p2a: Kommo-o|Drain Punch|p1a: Chansey
|-supereffective|p1a: Chansey
|-damage|p1a: Chansey|0 fnt
|-heal|p2a: Kommo-o|100/100 tox|[from] drain|[of] p1a: Chansey
|faint|p1a: Chansey
|
|win|superstar
|n|☆Sww-Suwa|swwsuwa
|n|☆superstar|superstar
|n| h moment|hmoment
|n| LT91BB someidiot19|lt91bbsomeidiot19
|n| Gen1exists|gen1exists
|n| CoffinFan.-|coffinfan
|n| drop a wooper|dropawooper
|n| HazamaKazama|hazamakazama
|n| BT89|bt89
|c|☆Sww-Suwa|zzzzz
|c| BT89|ggez
|l| BT89
