|j|☆vagmak
|j|‽hOmer iS dEad '_>'
|t:|1613313570
|player|p1|vagmak|brawly|1649
|player|p2|hOmer iS dEad '_>'|burglar-gen1|1589
|teamsize|p1|6
|teamsize|p2|6
|gametype|singles
|gen|8
|tier|[Gen 8] OU
|rated|
|clearpoke
|poke|p1|Azumarill, F|
|poke|p1|Garchomp, M|
|poke|p1|Melmetal|
|poke|p1|Kartana|
|poke|p1|Landorus-Therian, M|
|poke|p1|Toxapex, F|
|poke|p2|Kyurem|
|poke|p2|Swampert, M|
|poke|p2|Magearna|
|poke|p2|Rillaboom, M|
|poke|p2|Mandibuzz, F|
|poke|p2|Dragapult, M|
|rule|Sleep Clause Mod: Limit one foe put to sleep
|rule|Species Clause: Limit one of each Pokémon
|rule|OHKO Clause: OHKO moves are banned
|rule|Evasion Moves Clause: Evasion moves are banned
|rule|Endless Battle Clause: Forcing endless battles is banned
|rule|HP Percentage Mod: HP is shown in percentages
|rule|Dynamax Clause: You cannot dynamax
|teampreview
|
|t:|1613313576
|start
|switch|p1a: Kartana|Kartana|100/100
|switch|p2a: Kyurem|Kyurem|100/100
|-ability|p2a: Kyurem|Pressure
|turn|1
|inactive|Battle timer is ON: inactive players will automatically lose when time's up. (requested by vagmak)
|
|t:|1613313583
|switch|p2a: Mandibuzz|Mandibuzz, F|100/100
|move|p1a: Kartana|Smart Strike|p2a: Mandibuzz
|-damage|p2a: Mandibuzz|63/100
|-damage|p1a: Kartana|91/100|[from] item: Life Orb
|
|upkeep
|turn|2
|
|t:|1613313591
|move|p1a: Kartana|Smart Strike|p2a: Mandibuzz
|-damage|p2a: Mandibuzz|27/100
|-damage|p1a: Kartana|81/100|[from] item: Life Orb
|move|p2a: Mandibuzz|Roost|p2a: Mandibuzz
|-heal|p2a: Mandibuzz|77/100
|-singleturn|p2a: Mandibuzz|move: Roost
|
|upkeep
|turn|3
|j| Nuzzload
|j| jianzhang106舰长
|
|t:|1613313600
|switch|p1a: Toxapex|Toxapex, F|100/100
|move|p2a: Mandibuzz|Foul Play|p1a: Toxapex
|-damage|p1a: Toxapex|84/100
|
|-heal|p1a: Toxapex|91/100|[from] item: Black Sludge
|upkeep
|turn|4
|
|t:|1613313608
|switch|p2a: Swampert|Swampert, M|100/100
|move|p1a: Toxapex|Toxic|p2a: Swampert
|-status|p2a: Swampert|tox
|
|-heal|p1a: Toxapex|97/100|[from] item: Black Sludge
|-damage|p2a: Swampert|94/100 tox|[from] psn
|upkeep
|turn|5
|
|t:|1613313625
|switch|p1a: Kartana|Kartana|81/100
|move|p2a: Swampert|Stealth Rock|p1a: Kartana
|-sidestart|p1: vagmak|move: Stealth Rock
|
|-heal|p2a: Swampert|100/100 tox|[from] item: Leftovers
|-damage|p2a: Swampert|88/100 tox|[from] psn
|upkeep
|turn|6
|
|t:|1613313636
|move|p1a: Kartana|Smart Strike|p2a: Swampert
|-resisted|p2a: Swampert
|-damage|p2a: Swampert|60/100 tox
|-damage|p1a: Kartana|72/100|[from] item: Life Orb
|move|p2a: Swampert|Flip Turn|p1a: Kartana
|-resisted|p1a: Kartana
|-damage|p1a: Kartana|60/100
|
|t:|1613313639
|switch|p2a: Dragapult|Dragapult, M|100/100|[from]move: Flip Turn
|
|upkeep
|turn|7
|
|t:|1613313647
|switch|p1a: Toxapex|Toxapex, F|100/100
|-damage|p1a: Toxapex|88/100|[from] Stealth Rock
|move|p2a: Dragapult|Hex|p1a: Toxapex
|-damage|p1a: Toxapex|66/100
|
|-heal|p1a: Toxapex|73/100|[from] item: Black Sludge
|upkeep
|turn|8
|
|t:|1613313657
|move|p2a: Dragapult|Thunder Wave|p1a: Toxapex
|-status|p1a: Toxapex|par
|move|p1a: Toxapex|Toxic|p2a: Dragapult
|-status|p2a: Dragapult|tox
|
|-heal|p1a: Toxapex|79/100 par|[from] item: Black Sludge
|-damage|p2a: Dragapult|95/100 tox|[from] psn
|upkeep
|turn|9
|
|t:|1613313666
|move|p2a: Dragapult|Hex|p1a: Toxapex
|-damage|p1a: Toxapex|37/100 par
|cant|p1a: Toxapex|par
|
|-heal|p1a: Toxapex|43/100 par|[from] item: Black Sludge
|-damage|p2a: Dragapult|83/100 tox|[from] psn
|upkeep
|turn|10
|
|t:|1613313674
|move|p1a: Toxapex|Baneful Bunker|p1a: Toxapex
|-singleturn|p1a: Toxapex|move: Protect
|move|p2a: Dragapult|U-turn|p1a: Toxapex
|-activate|p1a: Toxapex|move: Protect
|
|-heal|p1a: Toxapex|49/100 par|[from] item: Black Sludge
|-damage|p2a: Dragapult|65/100 tox|[from] psn
|upkeep
|turn|11
|
|t:|1613313689
|switch|p1a: Landorus|Landorus-Therian, M|100/100
|-damage|p1a: Landorus|88/100|[from] Stealth Rock
|-ability|p1a: Landorus|Intimidate|boost
|-unboost|p2a: Dragapult|atk|1
|move|p2a: Dragapult|U-turn|p1a: Landorus
|-resisted|p1a: Landorus
|-damage|p1a: Landorus|80/100
|
|t:|1613313697
|switch|p2a: Kyurem|Kyurem|100/100|[from]move: U-turn
|-ability|p2a: Kyurem|Pressure
|
|upkeep
|turn|12
|
|t:|1613313704
|move|p1a: Landorus|U-turn|p2a: Kyurem
|-damage|p2a: Kyurem|73/100
|
|t:|1613313710
|switch|p1a: Melmetal|Melmetal|100/100|[from]move: U-turn
|-damage|p1a: Melmetal|94/100|[from] Stealth Rock
|move|p2a: Kyurem|Freeze-Dry|p1a: Melmetal
|-resisted|p1a: Melmetal
|-damage|p1a: Melmetal|78/100
|
|upkeep
|turn|13
|
|t:|1613313718
|switch|p2a: Swampert|Swampert, M|60/100 tox
|move|p1a: Melmetal|Double Iron Bash|p2a: Swampert
|-resisted|p2a: Swampert
|-damage|p2a: Swampert|40/100 tox
|-resisted|p2a: Swampert
|-damage|p2a: Swampert|20/100 tox
|-hitcount|p2a: Swampert|2
|
|-heal|p2a: Swampert|26/100 tox|[from] item: Leftovers
|-damage|p2a: Swampert|20/100 tox|[from] psn
|upkeep
|turn|14
|
|t:|1613313732
|switch|p1a: Landorus|Landorus-Therian, M|80/100
|-damage|p1a: Landorus|68/100|[from] Stealth Rock
|-ability|p1a: Landorus|Intimidate|boost
|-unboost|p2a: Swampert|atk|1
|move|p2a: Swampert|High Horsepower|p1a: Landorus
|-immune|p1a: Landorus
|
|-heal|p2a: Swampert|26/100 tox|[from] item: Leftovers
|-damage|p2a: Swampert|13/100 tox|[from] psn
|upkeep
|turn|15
|
|t:|1613313751
|switch|p2a: Mandibuzz|Mandibuzz, F|77/100
|move|p1a: Landorus|U-turn|p2a: Mandibuzz
|-damage|p2a: Mandibuzz|61/100
|j| chwnvv
|inactive|vagmak has 120 seconds left.
|
|t:|1613313771
|switch|p1a: Toxapex|Toxapex, F|82/100 par|[from]move: U-turn
|-damage|p1a: Toxapex|70/100 par|[from] Stealth Rock
|
|-heal|p1a: Toxapex|76/100 par|[from] item: Black Sludge
|upkeep
|turn|16
|
|t:|1613313778
|switch|p2a: Magearna|Magearna|100/100
|move|p1a: Toxapex|Toxic|p2a: Magearna
|-immune|p2a: Magearna
|
|-heal|p1a: Toxapex|82/100 par|[from] item: Black Sludge
|upkeep
|turn|17
|l| chwnvv
|
|t:|1613313786
|switch|p1a: Melmetal|Melmetal|78/100
|-damage|p1a: Melmetal|72/100|[from] Stealth Rock
|move|p2a: Magearna|Volt Switch|p1a: Melmetal
|-damage|p1a: Melmetal|48/100
|
|t:|1613313794
|switch|p2a: Kyurem|Kyurem|73/100|[from]move: Volt Switch
|-ability|p2a: Kyurem|Pressure
|
|upkeep
|turn|18
|
|t:|1613313799
|move|p2a: Kyurem|Earth Power|p1a: Melmetal
|-supereffective|p1a: Melmetal
|-damage|p1a: Melmetal|0 fnt
|faint|p1a: Melmetal
|
|upkeep
|c| Nuzzload|maybe a dumb question but why use high horsepower instead of earthquake?
|
|t:|1613313809
|switch|p1a: Kartana|Kartana|60/100
|-damage|p1a: Kartana|54/100|[from] Stealth Rock
|turn|19
|
|t:|1613313815
|switch|p2a: Swampert|Swampert, M|13/100 tox
|move|p1a: Kartana|Smart Strike|p2a: Swampert
|-resisted|p2a: Swampert
|-damage|p2a: Swampert|0 fnt
|-damage|p1a: Kartana|44/100|[from] item: Life Orb
|faint|p2a: Swampert
|-ability|p1a: Kartana|Beast Boost|boost
|-boost|p1a: Kartana|atk|1
|
|upkeep
|c| Nuzzload|on swampert I mean
|
|t:|1613313820
|switch|p2a: Dragapult|Dragapult, M|65/100 tox
|turn|20
|
|t:|1613313832
|switch|p1a: Azumarill|Azumarill, F|100/100
|-damage|p1a: Azumarill|88/100|[from] Stealth Rock
|move|p2a: Dragapult|Hex|p1a: Azumarill
|-damage|p1a: Azumarill|60/100
|
|-damage|p2a: Dragapult|59/100 tox|[from] psn
|upkeep
|turn|21
|
|t:|1613313844
|move|p2a: Dragapult|U-turn|p1a: Azumarill
|-resisted|p1a: Azumarill
|-damage|p1a: Azumarill|49/100
|-enditem|p1a: Azumarill|Sitrus Berry|[eat]
|-heal|p1a: Azumarill|74/100|[from] item: Sitrus Berry
|
|t:|1613313847
|switch|p2a: Mandibuzz|Mandibuzz, F|61/100|[from]move: U-turn
|move|p1a: Azumarill|Play Rough|p2a: Mandibuzz
|-supereffective|p2a: Mandibuzz
|-damage|p2a: Mandibuzz|1/100
|
|upkeep
|turn|22
|
|t:|1613313854
|switch|p2a: Rillaboom|Rillaboom, M|100/100
|-fieldstart|move: Grassy Terrain|[from] ability: Grassy Surge|[of] p2a: Rillaboom
|move|p1a: Azumarill|Aqua Jet|p2a: Rillaboom
|-resisted|p2a: Rillaboom
|-damage|p2a: Rillaboom|86/100
|
|-heal|p2a: Rillaboom|92/100|[from] Grassy Terrain
|-heal|p1a: Azumarill|80/100|[from] Grassy Terrain
|upkeep
|turn|23
|
|t:|1613313866
|switch|p1a: Kartana|Kartana|44/100
|-damage|p1a: Kartana|38/100|[from] Stealth Rock
|move|p2a: Rillaboom|Grassy Glide|p1a: Kartana
|-resisted|p1a: Kartana
|-damage|p1a: Kartana|19/100
|
|-heal|p1a: Kartana|25/100|[from] Grassy Terrain
|-heal|p2a: Rillaboom|98/100|[from] Grassy Terrain
|upkeep
|turn|24
|
|t:|1613313876
|switch|p2a: Mandibuzz|Mandibuzz, F|1/100
|move|p1a: Kartana|Smart Strike|p2a: Mandibuzz
|-damage|p2a: Mandibuzz|0 fnt
|-damage|p1a: Kartana|15/100|[from] item: Life Orb
|faint|p2a: Mandibuzz
|-ability|p1a: Kartana|Beast Boost|boost
|-boost|p1a: Kartana|atk|1
|
|-heal|p1a: Kartana|21/100|[from] Grassy Terrain
|upkeep
|
|t:|1613313880
|switch|p2a: Dragapult|Dragapult, M|59/100 tox
|turn|25
|
|t:|1613313898
|switch|p1a: Azumarill|Azumarill, F|80/100
|-damage|p1a: Azumarill|67/100|[from] Stealth Rock
|move|p2a: Dragapult|Hex|p1a: Azumarill
|-damage|p1a: Azumarill|38/100
|
|-heal|p2a: Dragapult|65/100 tox|[from] Grassy Terrain
|-heal|p1a: Azumarill|45/100|[from] Grassy Terrain
|-damage|p2a: Dragapult|59/100 tox|[from] psn
|upkeep
|turn|26
|
|t:|1613313911
|move|p2a: Dragapult|Hex|p1a: Azumarill
|-damage|p1a: Azumarill|17/100
|move|p1a: Azumarill|Play Rough|p2a: Dragapult
|-supereffective|p2a: Dragapult
|-damage|p2a: Dragapult|0 fnt
|faint|p2a: Dragapult
|
|-heal|p1a: Azumarill|23/100|[from] Grassy Terrain
|-fieldend|move: Grassy Terrain
|upkeep
|
|t:|1613313918
|switch|p2a: Rillaboom|Rillaboom, M|98/100
|-fieldstart|move: Grassy Terrain|[from] ability: Grassy Surge|[of] p2a: Rillaboom
|turn|27
|
|t:|1613313923
|move|p2a: Rillaboom|Grassy Glide|p1a: Azumarill
|-supereffective|p1a: Azumarill
|-damage|p1a: Azumarill|0 fnt
|faint|p1a: Azumarill
|
|-heal|p2a: Rillaboom|100/100|[from] Grassy Terrain
|upkeep
|l| Nuzzload
|
|t:|1613313950
|switch|p1a: Toxapex|Toxapex, F|100/100 par
|-damage|p1a: Toxapex|88/100 par|[from] Stealth Rock
|turn|28
|
|t:|1613313955
|switch|p2a: Kyurem|Kyurem|73/100
|-ability|p2a: Kyurem|Pressure
|move|p1a: Toxapex|Toxic|p2a: Kyurem
|-status|p2a: Kyurem|tox
|
|-heal|p2a: Kyurem|79/100 tox|[from] Grassy Terrain
|-heal|p1a: Toxapex|94/100 par|[from] Grassy Terrain
|-heal|p1a: Toxapex|100/100 par|[from] item: Black Sludge
|-damage|p2a: Kyurem|73/100 tox|[from] psn
|upkeep
|turn|29
|
|t:|1613313968
|cant|p1a: Toxapex|par
|move|p2a: Kyurem|Freeze-Dry|p1a: Toxapex
|-supereffective|p1a: Toxapex
|-damage|p1a: Toxapex|0 fnt
|faint|p1a: Toxapex
|
|-heal|p2a: Kyurem|79/100 tox|[from] Grassy Terrain
|-damage|p2a: Kyurem|67/100 tox|[from] psn
|upkeep
|
|t:|1613313977
|switch|p1a: Kartana|Kartana|21/100
|-damage|p1a: Kartana|15/100|[from] Stealth Rock
|turn|30
|
|t:|1613313981
|move|p1a: Kartana|Smart Strike|p2a: Kyurem
|-supereffective|p2a: Kyurem
|-damage|p2a: Kyurem|0 fnt
|-damage|p1a: Kartana|6/100|[from] item: Life Orb
|faint|p2a: Kyurem
|-ability|p1a: Kartana|Beast Boost|boost
|-boost|p1a: Kartana|atk|1
|
|-heal|p1a: Kartana|12/100|[from] Grassy Terrain
|upkeep
|
|t:|1613313983
|switch|p2a: Rillaboom|Rillaboom, M|100/100
|turn|31
|
|t:|1613313993
|move|p2a: Rillaboom|Grassy Glide|p1a: Kartana
|-resisted|p1a: Kartana
|-damage|p1a: Kartana|0 fnt
|faint|p1a: Kartana
|
|-fieldend|move: Grassy Terrain
|upkeep
|
|t:|1613314011
|switch|p1a: Garchomp|Garchomp, M|100/100
|-damage|p1a: Garchomp|94/100|[from] Stealth Rock
|turn|32
|
|t:|1613314016
|switch|p2a: Magearna|Magearna|100/100
|move|p1a: Garchomp|Poison Jab|p2a: Magearna
|-immune|p2a: Magearna
|
|upkeep
|turn|33
|
|t:|1613314025
|move|p1a: Garchomp|Earthquake|p2a: Magearna
|-supereffective|p2a: Magearna
|-damage|p2a: Magearna|0 fnt
|-damage|p1a: Garchomp|85/100|[from] item: Life Orb
|faint|p2a: Magearna
|
|upkeep
|
|t:|1613314028
|switch|p2a: Rillaboom|Rillaboom, M|100/100
|-fieldstart|move: Grassy Terrain|[from] ability: Grassy Surge|[of] p2a: Rillaboom
|turn|34
|
|t:|1613314035
|move|p2a: Rillaboom|Grassy Glide|p1a: Garchomp
|-damage|p1a: Garchomp|2/100
|-damage|p2a: Rillaboom|88/100|[from] ability: Rough Skin|[of] p1a: Garchomp
|move|p1a: Garchomp|Poison Jab|p2a: Rillaboom
|-supereffective|p2a: Rillaboom
|-damage|p2a: Rillaboom|7/100
|-damage|p1a: Garchomp|0 fnt|[from] item: Life Orb
|faint|p1a: Garchomp
|
|-heal|p2a: Rillaboom|13/100|[from] Grassy Terrain
|upkeep
|
|t:|1613314046
|switch|p1a: Landorus|Landorus-Therian, M|68/100
|-damage|p1a: Landorus|55/100|[from] Stealth Rock
|-ability|p1a: Landorus|Intimidate|boost
|-unboost|p2a: Rillaboom|atk|1
|turn|35
|
|t:|1613314052
|move|p2a: Rillaboom|Grassy Glide|p1a: Landorus
|-damage|p1a: Landorus|1/100
|move|p1a: Landorus|U-turn|p2a: Rillaboom
|-supereffective|p2a: Rillaboom
|-damage|p2a: Rillaboom|0 fnt
|faint|p2a: Rillaboom
|
|win|vagmak
|l|‽hOmer iS dEad '_>'
|raw|vagmak's rating: 1667 &rarr; <strong>1682</strong><br />(+15 for winning)
|raw|hOmer iS dEad &apos;_&gt;&apos;'s rating: 1589 &rarr; <strong>1574</strong><br />(-15 for losing)
