|raw|<div class="broadcast-blue"><strong>This battle is required to be public due to a player having a name starting with 'lt93oq'.</div>
|j|‽antarctozolt
|j|☆LT93OQ Vegeto
|t:|1660643927
|gametype|singles
|player|p1|antarctozolt|skier|1877
|player|p2|LT93OQ Vegeto|ethan|1902
|teamsize|p1|6
|teamsize|p2|6
|gen|8
|tier|[Gen 8] OU
|rated|
|rule|Sleep Clause Mod: Limit one foe put to sleep
|rule|Species Clause: Limit one of each Pokémon
|rule|OHKO Clause: OHKO moves are banned
|rule|Evasion Items Clause: Evasion items are banned
|rule|Evasion Moves Clause: Evasion moves are banned
|rule|Endless Battle Clause: Forcing endless battles is banned
|rule|HP Percentage Mod: HP is shown in percentages
|rule|Dynamax Clause: You cannot dynamax
|clearpoke
|poke|p1|Kartana|
|poke|p1|Toxtricity, F|
|poke|p1|Celesteela|
|poke|p1|Dragapult, F|
|poke|p1|Mew|
|poke|p1|Zeraora|
|poke|p2|Garchomp, F|
|poke|p2|Zapdos|
|poke|p2|Clefable, F|
|poke|p2|Ferrothorn, M|
|poke|p2|Weavile, F|
|poke|p2|Tapu Lele|
|teampreview
|inactive|Battle timer is ON: inactive players will automatically lose when time's up. (requested by LT93OQ Vegeto)
|inactive|LT93OQ Vegeto has 120 seconds left.
|
|t:|1660643972
|start
|switch|p1a: Mew|Mew|100/100
|switch|p2a: Garchomp|Garchomp, F|100/100
|turn|1
|
|t:|1660643975
|move|p1a: Mew|Stealth Rock|p2a: Garchomp
|-sidestart|p2: LT93OQ Vegeto|move: Stealth Rock
|move|p2a: Garchomp|Scale Shot|p1a: Mew
|-damage|p1a: Mew|89/100
|-damage|p1a: Mew|78/100
|-hitcount|p1a: Mew|2
|-unboost|p2a: Garchomp|def|1
|-boost|p2a: Garchomp|spe|1
|
|upkeep
|turn|2
|
|t:|1660643980
|switch|p1a: Kartana|Kartana|100/100
|move|p2a: Garchomp|Swords Dance|p2a: Garchomp
|-boost|p2a: Garchomp|atk|2
|
|upkeep
|turn|3
|
|t:|1660643985
|switch|p2a: Zapdos|Zapdos|100/100
|move|p1a: Kartana|Leaf Blade|p2a: Zapdos
|-resisted|p2a: Zapdos
|-damage|p2a: Zapdos|69/100
|
|upkeep
|turn|4
|
|t:|1660643992
|switch|p1a: Mew|Mew|78/100
|move|p2a: Zapdos|Defog|p1a: Mew
|-unboost|p1a: Mew|evasion|1
|-sideend|p2: LT93OQ Vegeto|Stealth Rock|[from] move: Defog|[of] p2a: Zapdos
|
|upkeep
|turn|5
|
|t:|1660643996
|move|p1a: Mew|Stealth Rock|p2a: Zapdos
|-sidestart|p2: LT93OQ Vegeto|move: Stealth Rock
|move|p2a: Zapdos|Hurricane|p1a: Mew|[miss]
|-miss|p2a: Zapdos|p1a: Mew
|
|upkeep
|turn|6
|
|t:|1660644000
|move|p1a: Mew|Taunt|p2a: Zapdos
|-start|p2a: Zapdos|move: Taunt
|cant|p2a: Zapdos|move: Taunt|Defog
|
|upkeep
|turn|7
|
|t:|1660644001
|move|p1a: Mew|Spikes|p2a: Zapdos
|-sidestart|p2: LT93OQ Vegeto|Spikes
|move|p2a: Zapdos|Hurricane|p1a: Mew
|-damage|p1a: Mew|24/100
|
|upkeep
|turn|8
|
|t:|1660644005
|move|p1a: Mew|Spikes|p2a: Zapdos
|-sidestart|p2: LT93OQ Vegeto|Spikes
|move|p2a: Zapdos|Volt Switch|p1a: Mew
|-damage|p1a: Mew|0 fnt
|faint|p1a: Mew
|
|t:|1660644011
|switch|p2a: Clefable|Clefable, F|100/100|[from]move: Volt Switch
|
|upkeep
|
|t:|1660644013
|switch|p1a: Toxtricity|Toxtricity, F|100/100
|turn|9
|
|t:|1660644020
|switch|p2a: Ferrothorn|Ferrothorn, M|100/100
|-damage|p2a: Ferrothorn|94/100|[from] Stealth Rock
|-damage|p2a: Ferrothorn|78/100|[from] Spikes
|move|p1a: Toxtricity|Shift Gear|p1a: Toxtricity
|-boost|p1a: Toxtricity|spe|2
|-boost|p1a: Toxtricity|atk|1
|
|-heal|p2a: Ferrothorn|84/100|[from] item: Leftovers
|upkeep
|turn|10
|
|t:|1660644028
|move|p1a: Toxtricity|Shift Gear|p1a: Toxtricity
|-boost|p1a: Toxtricity|spe|2
|-boost|p1a: Toxtricity|atk|1
|move|p2a: Ferrothorn|Leech Seed|p1a: Toxtricity
|-start|p1a: Toxtricity|move: Leech Seed
|
|-heal|p2a: Ferrothorn|90/100|[from] item: Leftovers
|-damage|p1a: Toxtricity|88/100|[from] Leech Seed|[of] p2a: Ferrothorn
|-heal|p2a: Ferrothorn|100/100|[silent]
|upkeep
|turn|11
|
|t:|1660644037
|move|p1a: Toxtricity|Shift Gear|p1a: Toxtricity
|-boost|p1a: Toxtricity|spe|2
|-boost|p1a: Toxtricity|atk|1
|move|p2a: Ferrothorn|Gyro Ball|p1a: Toxtricity
|-resisted|p1a: Toxtricity
|-damage|p1a: Toxtricity|49/100
|
|-damage|p1a: Toxtricity|37/100|[from] Leech Seed|[of] p2a: Ferrothorn
|upkeep
|turn|12
|
|t:|1660644046
|switch|p2a: Clefable|Clefable, F|100/100
|move|p1a: Toxtricity|Drain Punch|p2a: Clefable
|-resisted|p2a: Clefable
|-damage|p2a: Clefable|79/100
|-heal|p1a: Toxtricity|51/100|[from] drain|[of] p2a: Clefable
|-damage|p1a: Toxtricity|41/100|[from] item: Life Orb
|
|-heal|p2a: Clefable|85/100|[from] item: Leftovers
|-damage|p1a: Toxtricity|29/100|[from] Leech Seed|[of] p2a: Clefable
|-heal|p2a: Clefable|94/100|[silent]
|upkeep
|turn|13
|
|t:|1660644056
|move|p1a: Toxtricity|Drain Punch|p2a: Clefable
|-resisted|p2a: Clefable
|-damage|p2a: Clefable|73/100
|-heal|p1a: Toxtricity|43/100|[from] drain|[of] p2a: Clefable
|-damage|p1a: Toxtricity|33/100|[from] item: Life Orb
|move|p2a: Clefable|Soft-Boiled|p2a: Clefable
|-heal|p2a: Clefable|100/100
|
|-damage|p1a: Toxtricity|21/100|[from] Leech Seed|[of] p2a: Clefable
|upkeep
|turn|14
|
|t:|1660644059
|move|p1a: Toxtricity|Boomburst|p2a: Clefable
|-damage|p2a: Clefable|27/100
|-damage|p1a: Toxtricity|11/100|[from] item: Life Orb
|move|p2a: Clefable|Soft-Boiled|p2a: Clefable
|-heal|p2a: Clefable|77/100
|
|-heal|p2a: Clefable|83/100|[from] item: Leftovers
|-damage|p1a: Toxtricity|0 fnt|[from] Leech Seed|[of] p2a: Clefable
|-heal|p2a: Clefable|91/100|[silent]
|faint|p1a: Toxtricity
|upkeep
|
|t:|1660644064
|switch|p1a: Kartana|Kartana|100/100
|turn|15
|
|t:|1660644069
|move|p1a: Kartana|Knock Off|p2a: Clefable
|-resisted|p2a: Clefable
|-damage|p2a: Clefable|76/100
|-enditem|p2a: Clefable|Leftovers|[from] move: Knock Off|[of] p1a: Kartana
|move|p2a: Clefable|Thunder Wave|p1a: Kartana
|-status|p1a: Kartana|par
|
|upkeep
|turn|16
|
|t:|1660644073
|switch|p1a: Dragapult|Dragapult, F|100/100
|move|p2a: Clefable|Stealth Rock|p1a: Dragapult
|-sidestart|p1: antarctozolt|move: Stealth Rock
|
|upkeep
|turn|17
|
|t:|1660644075
|move|p1a: Dragapult|Shadow Ball|p2a: Clefable
|-damage|p2a: Clefable|31/100
|move|p2a: Clefable|Moonblast|p1a: Dragapult
|-supereffective|p1a: Dragapult
|-damage|p1a: Dragapult|13/100
|
|upkeep
|turn|18
|
|t:|1660644082
|move|p1a: Dragapult|Shadow Ball|p2a: Clefable
|-damage|p2a: Clefable|0 fnt
|faint|p2a: Clefable
|
|upkeep
|
|t:|1660644084
|switch|p2a: Weavile|Weavile, F|100/100
|-ability|p2a: Weavile|Pressure
|turn|19
|j| pls send team
|
|t:|1660644086
|move|p2a: Weavile|Ice Shard|p1a: Dragapult
|-supereffective|p1a: Dragapult
|-damage|p1a: Dragapult|0 fnt
|faint|p1a: Dragapult
|
|upkeep
|l| pls send team
|
|t:|1660644089
|switch|p1a: Zeraora|Zeraora|100/100
|-damage|p1a: Zeraora|88/100|[from] Stealth Rock
|turn|20
|
|t:|1660644095
|switch|p2a: Ferrothorn|Ferrothorn, M|100/100
|-damage|p2a: Ferrothorn|94/100|[from] Stealth Rock
|-damage|p2a: Ferrothorn|78/100|[from] Spikes
|move|p1a: Zeraora|Bulk Up|p1a: Zeraora
|-boost|p1a: Zeraora|atk|1
|-boost|p1a: Zeraora|def|1
|
|-heal|p2a: Ferrothorn|84/100|[from] item: Leftovers
|upkeep
|turn|21
|
|t:|1660644099
|move|p1a: Zeraora|Close Combat|p2a: Ferrothorn
|-supereffective|p2a: Ferrothorn
|-damage|p2a: Ferrothorn|0 fnt
|-unboost|p1a: Zeraora|def|1
|-unboost|p1a: Zeraora|spd|1
|-enditem|p1a: Zeraora|Eject Pack
|-damage|p1a: Zeraora|76/100|[from] ability: Iron Barbs|[of] p2a: Ferrothorn
|faint|p2a: Ferrothorn
|
|t:|1660644106
|switch|p1a: Celesteela|Celesteela|100/100
|-damage|p1a: Celesteela|88/100|[from] Stealth Rock
|
|upkeep
|
|t:|1660644111
|switch|p2a: Garchomp|Garchomp, F|100/100
|-damage|p2a: Garchomp|94/100|[from] Stealth Rock
|-damage|p2a: Garchomp|78/100|[from] Spikes
|turn|22
|
|t:|1660644118
|move|p2a: Garchomp|Swords Dance|p2a: Garchomp
|-boost|p2a: Garchomp|atk|2
|move|p1a: Celesteela|Autotomize|p1a: Celesteela
|-boost|p1a: Celesteela|spe|2
|-start|p1a: Celesteela|Autotomize
|
|-heal|p2a: Garchomp|84/100|[from] item: Leftovers
|upkeep
|turn|23
|
|t:|1660644121
|move|p1a: Celesteela|Air Slash|p2a: Garchomp
|-damage|p2a: Garchomp|48/100
|cant|p2a: Garchomp|flinch
|
|-heal|p2a: Garchomp|54/100|[from] item: Leftovers
|upkeep
|turn|24
|j| batdiaer
|
|t:|1660644125
|move|p1a: Celesteela|Air Slash|p2a: Garchomp
|-damage|p2a: Garchomp|18/100
|move|p2a: Garchomp|Fire Fang|p1a: Celesteela
|-supereffective|p1a: Celesteela
|-damage|p1a: Celesteela|2/100
|
|-heal|p2a: Garchomp|25/100|[from] item: Leftovers
|upkeep
|turn|25
|
|t:|1660644133
|move|p1a: Celesteela|Meteor Beam||[still]
|-prepare|p1a: Celesteela|Meteor Beam
|-boost|p1a: Celesteela|spa|1
|-enditem|p1a: Celesteela|Power Herb
|-anim|p1a: Celesteela|Meteor Beam|p2a: Garchomp
|-resisted|p2a: Garchomp
|-damage|p2a: Garchomp|0 fnt
|faint|p2a: Garchomp
|-ability|p1a: Celesteela|Beast Boost|boost
|-boost|p1a: Celesteela|spa|1
|
|upkeep
|
|t:|1660644135
|switch|p2a: Weavile|Weavile, F|100/100
|-ability|p2a: Weavile|Pressure
|turn|26
|
|t:|1660644139
|switch|p1a: Kartana|Kartana|100/100 par
|-damage|p1a: Kartana|94/100 par|[from] Stealth Rock
|move|p2a: Weavile|Ice Shard|p1a: Kartana
|-damage|p1a: Kartana|72/100 par
|
|upkeep
|turn|27
|
|t:|1660644143
|switch|p2a: Zapdos|Zapdos|69/100
|move|p1a: Kartana|Knock Off|p2a: Zapdos
|-damage|p2a: Zapdos|19/100
|-enditem|p2a: Zapdos|Heavy-Duty Boots|[from] move: Knock Off|[of] p1a: Kartana
|
|upkeep
|turn|28
|
|t:|1660644150
|switch|p1a: Zeraora|Zeraora|76/100
|-damage|p1a: Zeraora|64/100|[from] Stealth Rock
|move|p2a: Zapdos|Roost|p2a: Zapdos
|-heal|p2a: Zapdos|69/100
|-singleturn|p2a: Zapdos|move: Roost
|
|upkeep
|turn|29
|
|t:|1660644153
|move|p1a: Zeraora|Bulk Up|p1a: Zeraora
|-boost|p1a: Zeraora|atk|1
|-boost|p1a: Zeraora|def|1
|move|p2a: Zapdos|Hurricane|p1a: Zeraora
|-resisted|p1a: Zeraora
|-damage|p1a: Zeraora|25/100
|
|upkeep
|turn|30
|
|t:|1660644155
|move|p1a: Zeraora|Plasma Fists|p2a: Zapdos
|-damage|p2a: Zapdos|0 fnt
|-fieldactivate|move: Ion Deluge
|-hint|Normal-type moves become Electric-type after using Plasma Fists.
|faint|p2a: Zapdos
|
|upkeep
|j| lilanimegirl
|
|t:|1660644161
|switch|p2a: Weavile|Weavile, F|100/100
|-ability|p2a: Weavile|Pressure
|turn|31
|
|t:|1660644164
|switch|p2a: Tapu Lele|Tapu Lele|100/100
|-damage|p2a: Tapu Lele|88/100|[from] Stealth Rock
|-damage|p2a: Tapu Lele|72/100|[from] Spikes
|-fieldstart|move: Psychic Terrain|[from] ability: Psychic Surge|[of] p2a: Tapu Lele
|move|p1a: Zeraora|Close Combat|p2a: Tapu Lele
|-resisted|p2a: Tapu Lele
|-damage|p2a: Tapu Lele|49/100
|-unboost|p1a: Zeraora|def|1
|-unboost|p1a: Zeraora|spd|1
|
|upkeep
|turn|32
|
|t:|1660644174
|move|p1a: Zeraora|Plasma Fists|p2a: Tapu Lele
|-damage|p2a: Tapu Lele|0 fnt
|-fieldactivate|move: Ion Deluge
|-hint|Normal-type moves become Electric-type after using Plasma Fists.
|faint|p2a: Tapu Lele
|
|upkeep
|-message|LT93OQ Vegeto forfeited.
|
|win|antarctozolt
|raw|antarctozolt's rating: 1877 &rarr; <strong>1898</strong><br />(+21 for winning)
|raw|LT93OQ Vegeto's rating: 1902 &rarr; <strong>1881</strong><br />(-21 for losing)
|l|☆LT93OQ Vegeto
|j| LT93OQ rej?
||Ladder isn't responding, score probably updated but might not have (Request timeout).
