|j|☆Archerdagoat
|j|☆comradesquidwar
|t:|1629405234
|gametype|singles
|player|p1|Archerdagoat|hoopster|1793
|player|p2|comradesquidwar|janitor|1822
|teamsize|p1|6
|teamsize|p2|6
|gen|8
|tier|[Gen 8] OU
|rated|
|rule|Sleep Clause Mod: Limit one foe put to sleep
|rule|Species Clause: Limit one of each Pokémon
|rule|OHKO Clause: OHKO moves are banned
|rule|Evasion Moves Clause: Evasion moves are banned
|rule|Endless Battle Clause: Forcing endless battles is banned
|rule|HP Percentage Mod: HP is shown in percentages
|rule|Dynamax Clause: You cannot dynamax
|clearpoke
|poke|p1|Dracozolt|
|poke|p1|Urshifu-*, F|
|poke|p1|Hippowdon, M|
|poke|p1|Clefable, M|
|poke|p1|Melmetal|
|poke|p1|Zapdos|
|poke|p2|Clefable, F|
|poke|p2|Volcarona, F|
|poke|p2|Tapu Fini|
|poke|p2|Corviknight, M|
|poke|p2|Hippowdon, F|
|poke|p2|Slowbro, M|
|teampreview
|inactive|Battle timer is ON: inactive players will automatically lose when time's up. (requested by comradesquidwar)
|j| Wiiiqi
|j| malibou
|j| Blue Jeand
|l| Blue Jeand
|
|t:|1629405254
|start
|switch|p1a: Method Man|Melmetal|100/100
|switch|p2a: Slowbro|Slowbro, M, shiny|100/100
|turn|1
|l|☆Archerdagoat
|inactive|Archerdagoat disconnected and has a minute to reconnect!
|player|p1|
|j|☆Archerdagoat
|inactive|Archerdagoat reconnected and has 125 seconds left.
|player|p1|Archerdagoat|hoopster
|
|t:|1629405284
|switch|p1a: Rza|Hippowdon, M|100/100
|-weather|Sandstorm|[from] ability: Sand Stream|[of] p1a: Rza
|move|p2a: Slowbro|Scald|p1a: Rza
|-supereffective|p1a: Rza
|-damage|p1a: Rza|46/100
|-status|p1a: Rza|brn
|
|-weather|Sandstorm|[upkeep]
|-damage|p2a: Slowbro|94/100|[from] Sandstorm
|-damage|p1a: Rza|40/100 brn|[from] brn
|upkeep
|turn|2
|
|t:|1629405289
|move|p1a: Rza|Slack Off|p1a: Rza
|-heal|p1a: Rza|90/100 brn
|move|p2a: Slowbro|Whirlpool|p1a: Rza
|-supereffective|p1a: Rza
|-damage|p1a: Rza|65/100 brn
|-activate|p1a: Rza|move: Whirlpool|[of] p2a: Slowbro
|
|-weather|Sandstorm|[upkeep]
|-damage|p2a: Slowbro|88/100|[from] Sandstorm
|-damage|p1a: Rza|59/100 brn|[from] brn
|-damage|p1a: Rza|47/100 brn|[from] move: Whirlpool|[partiallytrapped]
|upkeep
|turn|3
|
|t:|1629405293
|move|p1a: Rza|Toxic|p2a: Slowbro
|-status|p2a: Slowbro|tox
|move|p2a: Slowbro|Scald|p1a: Rza
|-supereffective|p1a: Rza
|-damage|p1a: Rza|0 fnt
|faint|p1a: Rza
|
|-weather|Sandstorm|[upkeep]
|-damage|p2a: Slowbro|82/100 tox|[from] Sandstorm
|-damage|p2a: Slowbro|76/100 tox|[from] psn
|upkeep
|
|t:|1629405295
|switch|p1a: Gza|Dracozolt|100/100
|turn|4
|
|t:|1629405298
|switch|p1a: Raekwon|Urshifu-Rapid-Strike, F|100/100
|switch|p2a: Hippowdon|Hippowdon, F|100/100
|
|-weather|Sandstorm|[upkeep]
|-damage|p1a: Raekwon|94/100|[from] Sandstorm
|upkeep
|turn|5
|j| AirOneee
|
|t:|1629405305
|switch|p2a: Slowbro|Slowbro, M, shiny|100/100 tox
|move|p1a: Raekwon|U-turn|p2a: Slowbro
|-supereffective|p2a: Slowbro
|-damage|p2a: Slowbro|60/100 tox
|
|t:|1629405307
|switch|p1a: Gza|Dracozolt|100/100|[from]move: U-turn
|
|-weather|Sandstorm|[upkeep]
|-damage|p2a: Slowbro|54/100 tox|[from] Sandstorm
|-damage|p2a: Slowbro|48/100 tox|[from] psn
|upkeep
|turn|6
|
|t:|1629405309
|switch|p2a: Hippowdon|Hippowdon, F|100/100
|move|p1a: Gza|Dragon Claw|p2a: Hippowdon
|-damage|p2a: Hippowdon|67/100
|-damage|p1a: Gza|91/100|[from] item: Life Orb
|
|-weather|Sandstorm|[upkeep]
|-heal|p2a: Hippowdon|73/100|[from] item: Leftovers
|upkeep
|turn|7
|
|t:|1629405313
|switch|p1a: Raekwon|Urshifu-Rapid-Strike, F|94/100
|move|p2a: Hippowdon|Slack Off|p2a: Hippowdon
|-heal|p2a: Hippowdon|100/100
|
|-weather|Sandstorm|[upkeep]
|-damage|p1a: Raekwon|88/100|[from] Sandstorm
|upkeep
|turn|8
|
|t:|1629405318
|switch|p2a: Corviknight|Corviknight, M, shiny|100/100
|-ability|p2a: Corviknight|Pressure
|move|p1a: Raekwon|Surging Strikes|p2a: Corviknight
|-crit|p2a: Corviknight
|-damage|p2a: Corviknight|82/100
|-damage|p1a: Raekwon|72/100|[from] item: Rocky Helmet|[of] p2a: Corviknight
|-crit|p2a: Corviknight
|-damage|p2a: Corviknight|63/100
|-damage|p1a: Raekwon|55/100|[from] item: Rocky Helmet|[of] p2a: Corviknight
|-crit|p2a: Corviknight
|-damage|p2a: Corviknight|46/100
|-damage|p1a: Raekwon|39/100|[from] item: Rocky Helmet|[of] p2a: Corviknight
|-hitcount|p2a: Corviknight|3
|
|-weather|none
|upkeep
|turn|9
|
|t:|1629405321
|move|p1a: Raekwon|Surging Strikes|p2a: Corviknight
|-crit|p2a: Corviknight
|-damage|p2a: Corviknight|27/100
|-damage|p1a: Raekwon|22/100|[from] item: Rocky Helmet|[of] p2a: Corviknight
|-crit|p2a: Corviknight
|-damage|p2a: Corviknight|8/100
|-damage|p1a: Raekwon|6/100|[from] item: Rocky Helmet|[of] p2a: Corviknight
|-crit|p2a: Corviknight
|-damage|p2a: Corviknight|0 fnt
|-damage|p1a: Raekwon|0 fnt|[from] item: Rocky Helmet|[of] p2a: Corviknight
|faint|p2a: Corviknight
|faint|p1a: Raekwon
|-hitcount|p2: Corviknight|3
|
|upkeep
|
|t:|1629405324
|switch|p1a: Method Man|Melmetal|100/100
|switch|p2a: Tapu Fini|Tapu Fini|100/100
|-fieldstart|move: Misty Terrain|[from] ability: Misty Surge|[of] p2a: Tapu Fini
|turn|10
|
|t:|1629405328
|switch|p2a: Volcarona|Volcarona, F, shiny|100/100
|move|p1a: Method Man|Double Iron Bash|p2a: Volcarona
|-resisted|p2a: Volcarona
|-damage|p2a: Volcarona|72/100
|-resisted|p2a: Volcarona
|-damage|p2a: Volcarona|45/100
|-hitcount|p2a: Volcarona|2
|
|upkeep
|turn|11
|
|t:|1629405332
|switch|p1a: Inspectah Deck|Clefable, M|100/100
|move|p2a: Volcarona|Roost|p2a: Volcarona
|-heal|p2a: Volcarona|95/100
|-singleturn|p2a: Volcarona|move: Roost
|
|upkeep
|turn|12
|
|t:|1629405337
|switch|p2a: Tapu Fini|Tapu Fini|100/100
|move|p1a: Inspectah Deck|Wish|p1a: Inspectah Deck
|
|upkeep
|turn|13
|
|t:|1629405343
|switch|p1a: Method Man|Melmetal|100/100
|move|p2a: Tapu Fini|Moonblast|p1a: Method Man
|-resisted|p1a: Method Man
|-damage|p1a: Method Man|80/100
|
|-heal|p1a: Method Man|100/100|[from] move: Wish|[wisher] Inspectah Deck
|upkeep
|turn|14
|
|t:|1629405349
|switch|p2a: Slowbro|Slowbro, M, shiny|81/100 tox
|move|p1a: Method Man|Double Iron Bash|p2a: Slowbro
|-resisted|p2a: Slowbro
|-damage|p2a: Slowbro|61/100 tox
|-resisted|p2a: Slowbro
|-damage|p2a: Slowbro|42/100 tox
|-hitcount|p2a: Slowbro|2
|
|-damage|p2a: Slowbro|36/100 tox|[from] psn
|-fieldend|Misty Terrain
|upkeep
|turn|15
|
|t:|1629405355
|switch|p2a: Volcarona|Volcarona, F, shiny|95/100
|move|p1a: Method Man|Double Iron Bash|p2a: Volcarona
|-resisted|p2a: Volcarona
|-damage|p2a: Volcarona|64/100
|-resisted|p2a: Volcarona
|-damage|p2a: Volcarona|35/100
|-hitcount|p2a: Volcarona|2
|
|upkeep
|turn|16
|
|t:|1629405360
|move|p2a: Volcarona|Roost|p2a: Volcarona
|-heal|p2a: Volcarona|85/100
|-singleturn|p2a: Volcarona|move: Roost
|move|p1a: Method Man|Double Iron Bash|p2a: Volcarona
|-resisted|p2a: Volcarona
|-damage|p2a: Volcarona|57/100
|-resisted|p2a: Volcarona
|-damage|p2a: Volcarona|25/100
|-hitcount|p2a: Volcarona|2
|
|upkeep
|turn|17
|
|t:|1629405365
|switch|p1a: Inspectah Deck|Clefable, M|100/100
|move|p2a: Volcarona|Roost|p2a: Volcarona
|-heal|p2a: Volcarona|75/100
|-singleturn|p2a: Volcarona|move: Roost
|
|upkeep
|turn|18
|
|t:|1629405368
|move|p2a: Volcarona|Quiver Dance|p2a: Volcarona
|-boost|p2a: Volcarona|spa|1
|-boost|p2a: Volcarona|spd|1
|-boost|p2a: Volcarona|spe|1
|move|p1a: Inspectah Deck|Wish|p1a: Inspectah Deck
|
|upkeep
|turn|19
|
|t:|1629405372
|move|p2a: Volcarona|Psychic|p1a: Inspectah Deck
|-damage|p1a: Inspectah Deck|73/100
|move|p1a: Inspectah Deck|Calm Mind|p1a: Inspectah Deck
|-boost|p1a: Inspectah Deck|spa|1
|-boost|p1a: Inspectah Deck|spd|1
|
|-heal|p1a: Inspectah Deck|100/100|[from] move: Wish|[wisher] Inspectah Deck
|upkeep
|turn|20
|
|t:|1629405376
|switch|p2a: Tapu Fini|Tapu Fini|100/100
|-fieldstart|move: Misty Terrain|[from] ability: Misty Surge|[of] p2a: Tapu Fini
|move|p1a: Inspectah Deck|Moonblast|p2a: Tapu Fini
|-damage|p2a: Tapu Fini|57/100
|
|upkeep
|turn|21
|
|t:|1629405380
|move|p2a: Tapu Fini|Trick|p1a: Inspectah Deck
|-activate|p2a: Tapu Fini|move: Trick|[of] p1a: Inspectah Deck
|-item|p1a: Inspectah Deck|Choice Scarf|[from] move: Trick
|-item|p2a: Tapu Fini|Leftovers|[from] move: Trick
|move|p1a: Inspectah Deck|Moonblast|p2a: Tapu Fini
|-damage|p2a: Tapu Fini|9/100
|-unboost|p2a: Tapu Fini|spa|1
|
|-heal|p2a: Tapu Fini|15/100|[from] item: Leftovers
|upkeep
|turn|22
|
|t:|1629405387
|switch|p2a: Volcarona|Volcarona, F, shiny|75/100
|move|p1a: Inspectah Deck|Moonblast|p2a: Volcarona
|-resisted|p2a: Volcarona
|-damage|p2a: Volcarona|55/100
|-unboost|p2a: Volcarona|spa|1
|
|upkeep
|turn|23
|
|t:|1629405389
|move|p2a: Volcarona|Roost|p2a: Volcarona
|-heal|p2a: Volcarona|100/100
|-singleturn|p2a: Volcarona|move: Roost
|move|p1a: Inspectah Deck|Moonblast|p2a: Volcarona
|-resisted|p2a: Volcarona
|-damage|p2a: Volcarona|77/100
|-unboost|p2a: Volcarona|spa|1
|
|upkeep
|turn|24
|
|t:|1629405392
|move|p2a: Volcarona|Quiver Dance|p2a: Volcarona
|-boost|p2a: Volcarona|spa|1
|-boost|p2a: Volcarona|spd|1
|-boost|p2a: Volcarona|spe|1
|move|p1a: Inspectah Deck|Moonblast|p2a: Volcarona
|-resisted|p2a: Volcarona
|-damage|p2a: Volcarona|57/100
|-unboost|p2a: Volcarona|spa|1
|
|-fieldend|Misty Terrain
|upkeep
|turn|25
|
|t:|1629405394
|move|p2a: Volcarona|Roost|p2a: Volcarona
|-heal|p2a: Volcarona|100/100
|-singleturn|p2a: Volcarona|move: Roost
|move|p1a: Inspectah Deck|Moonblast|p2a: Volcarona
|-resisted|p2a: Volcarona
|-damage|p2a: Volcarona|80/100
|-unboost|p2a: Volcarona|spa|1
|
|upkeep
|turn|26
|
|t:|1629405397
|switch|p1a: Method Man|Melmetal|100/100
|move|p2a: Volcarona|Psychic|p1a: Method Man
|-resisted|p1a: Method Man
|-damage|p1a: Method Man|95/100
|-unboost|p1a: Method Man|spd|1
|
|upkeep
|turn|27
|j| TakeItEZFren
|
|t:|1629405401
|switch|p1a: Inspectah Deck|Clefable, M|100/100
|move|p2a: Volcarona|Flamethrower|p1a: Inspectah Deck
|-damage|p1a: Inspectah Deck|60/100
|
|upkeep
|turn|28
|
|t:|1629405404
|move|p2a: Volcarona|Flamethrower|p1a: Inspectah Deck
|-damage|p1a: Inspectah Deck|23/100
|move|p1a: Inspectah Deck|Wish|p1a: Inspectah Deck
|
|upkeep
|turn|29
|
|t:|1629405409
|switch|p1a: Gza|Dracozolt|91/100
|move|p2a: Volcarona|Flamethrower|p1a: Gza
|-resisted|p1a: Gza
|-damage|p1a: Gza|79/100
|
|-heal|p1a: Gza|100/100|[from] move: Wish|[wisher] Inspectah Deck
|upkeep
|turn|30
|
|t:|1629405414
|switch|p2a: Hippowdon|Hippowdon, F|100/100
|-weather|Sandstorm|[from] ability: Sand Stream|[of] p2a: Hippowdon
|switch|p1a: Method Man|Melmetal|95/100
|
|-weather|Sandstorm|[upkeep]
|upkeep
|turn|31
|
|t:|1629405419
|switch|p2a: Slowbro|Slowbro, M, shiny|69/100 tox
|move|p1a: Method Man|Earthquake|p2a: Slowbro
|-damage|p2a: Slowbro|30/100 tox
|
|-weather|Sandstorm|[upkeep]
|-damage|p2a: Slowbro|24/100 tox|[from] Sandstorm
|-damage|p2a: Slowbro|18/100 tox|[from] psn
|upkeep
|turn|32
|
|t:|1629405422
|switch|p2a: Clefable|Clefable, F, shiny|100/100
|move|p1a: Method Man|Earthquake|p2a: Clefable
|-damage|p2a: Clefable|44/100
|
|-weather|Sandstorm|[upkeep]
|upkeep
|turn|33
|
|t:|1629405425
|move|p2a: Clefable|Focus Blast|p1a: Method Man
|-supereffective|p1a: Method Man
|-damage|p1a: Method Man|18/100
|move|p1a: Method Man|Earthquake|p2a: Clefable
|-damage|p2a: Clefable|0 fnt
|faint|p2a: Clefable
|
|-weather|Sandstorm|[upkeep]
|upkeep
|
|t:|1629405428
|switch|p2a: Volcarona|Volcarona, F, shiny|80/100
|turn|34
|
|t:|1629405432
|switch|p1a: Ghostface Killah|Zapdos|100/100
|move|p2a: Volcarona|Flamethrower|p1a: Ghostface Killah
|-damage|p1a: Ghostface Killah|60/100
|
|-weather|none
|-heal|p1a: Ghostface Killah|66/100|[from] item: Leftovers
|upkeep
|turn|35
|
|t:|1629405437
|switch|p1a: Gza|Dracozolt|100/100
|move|p2a: Volcarona|Quiver Dance|p2a: Volcarona
|-boost|p2a: Volcarona|spa|1
|-boost|p2a: Volcarona|spd|1
|-boost|p2a: Volcarona|spe|1
|
|upkeep
|turn|36
|
|t:|1629405441
|move|p2a: Volcarona|Psychic|p1a: Gza
|-damage|p1a: Gza|41/100
|move|p1a: Gza|Bolt Beak|p2a: Volcarona
|-damage|p2a: Volcarona|29/100
|-status|p1a: Gza|brn|[from] ability: Flame Body|[of] p2a: Volcarona
|-damage|p1a: Gza|31/100 brn|[from] item: Life Orb
|
|-damage|p1a: Gza|25/100 brn|[from] brn
|upkeep
|turn|37
|
|t:|1629405449
|switch|p1a: Ghostface Killah|Zapdos|66/100
|move|p2a: Volcarona|Roost|p2a: Volcarona
|-heal|p2a: Volcarona|79/100
|-singleturn|p2a: Volcarona|move: Roost
|
|-heal|p1a: Ghostface Killah|72/100|[from] item: Leftovers
|upkeep
|turn|38
|-message|Archerdagoat forfeited.
|
|win|comradesquidwar
|l|☆Archerdagoat
|raw|Archerdagoat's rating: 1793 &rarr; <strong>1775</strong><br />(-18 for losing)
|raw|comradesquidwar's rating: 1823 &rarr; <strong>1841</strong><br />(+18 for winning)
|c|☆comradesquidwar|gg
