|html|<div class="broadcast-blue"><strong>[Gen 8] OU is currently suspecting Melmetal! For information on how to participate check out the <a href="https://www.smogon.com/forums/threads/np-ss-ou-suspect-process-round-12-monster-mash.3709234/">suspect thread</a>.</strong></div>
|j|☆minimax_ai
|j|☆Forwards
|t:|1666427844
|gametype|singles
|player|p1|minimax_ai|lusamine-nihilego|1505
|player|p2|Forwards|rollerskater|1583
|teamsize|p1|6
|teamsize|p2|6
|gen|8
|tier|[Gen 8] OU
|rated|
|rule|Sleep Clause Mod: Limit one foe put to sleep
|rule|Species Clause: Limit one of each Pokémon
|rule|OHKO Clause: OHKO moves are banned
|rule|Evasion Items Clause: Evasion items are banned
|rule|Evasion Moves Clause: Evasion moves are banned
|rule|Endless Battle Clause: Forcing endless battles is banned
|rule|HP Percentage Mod: HP is shown in percentages
|rule|Dynamax Clause: You cannot dynamax
|clearpoke
|poke|p1|Rotom-Wash|
|poke|p1|Weavile, F|
|poke|p1|Landorus-Therian, M|
|poke|p1|Heatran, M|
|poke|p1|Tangrowth, M|
|poke|p1|Melmetal|
|poke|p2|Swampert, F|
|poke|p2|Raikou|
|poke|p2|Zapdos|
|poke|p2|Urshifu-*, M|
|poke|p2|Melmetal|
|poke|p2|Dragonite, F|
|teampreview
|c|☆minimax_ai|hf
|inactive|Battle timer is ON: inactive players will automatically lose when time's up. (requested by minimax_ai)
|c|☆Forwards|gl
|
|t:|1666427861
|start
|switch|p1a: landorustherian|Landorus-Therian, M|100/100
|switch|p2a: Swampert|Swampert, F|100/100
|-ability|p1a: landorustherian|Intimidate|boost
|-unboost|p2a: Swampert|atk|1
|turn|1
|
|t:|1666427868
|move|p1a: landorustherian|U-turn|p2a: Swampert
|-damage|p2a: Swampert|83/100
|
|t:|1666427870
|switch|p1a: rotomwash|Rotom-Wash|100/100|[from]move: U-turn
|move|p2a: Swampert|Toxic|p1a: rotomwash|[miss]
|-miss|p2a: Swampert|p1a: rotomwash
|
|-heal|p2a: Swampert|89/100|[from] item: Leftovers
|upkeep
|turn|2
|
|t:|1666427872
|move|p1a: rotomwash|Nasty Plot|p1a: rotomwash
|-boost|p1a: rotomwash|spa|2
|move|p2a: Swampert|Toxic|p1a: rotomwash
|-status|p1a: rotomwash|tox
|
|-heal|p2a: Swampert|96/100|[from] item: Leftovers
|-damage|p1a: rotomwash|94/100 tox|[from] psn
|upkeep
|turn|3
|
|t:|1666427874
|move|p1a: rotomwash|Hydro Pump|p2a: Swampert
|-damage|p2a: Swampert|28/100
|move|p2a: Swampert|Stealth Rock|p1a: rotomwash
|-sidestart|p1: minimax_ai|move: Stealth Rock
|
|-heal|p1a: rotomwash|100/100 tox|[from] item: Leftovers
|-heal|p2a: Swampert|35/100|[from] item: Leftovers
|-damage|p1a: rotomwash|88/100 tox|[from] psn
|upkeep
|turn|4
|
|t:|1666427877
|move|p1a: rotomwash|Hydro Pump|p2a: Swampert
|-damage|p2a: Swampert|0 fnt
|faint|p2a: Swampert
|
|-heal|p1a: rotomwash|94/100 tox|[from] item: Leftovers
|-damage|p1a: rotomwash|75/100 tox|[from] psn
|upkeep
|
|t:|1666427887
|switch|p2a: Raikou|Raikou|100/100
|-ability|p2a: Raikou|Pressure
|turn|5
|
|t:|1666427893
|switch|p1a: Melmetal|Melmetal|100/100
|-damage|p1a: Melmetal|94/100|[from] Stealth Rock
|move|p2a: Raikou|Thunderbolt|p1a: Melmetal
|-damage|p1a: Melmetal|58/100
|
|upkeep
|turn|6
|
|t:|1666427896
|switch|p2a: Urshifu|Urshifu-Rapid-Strike, M|100/100
|move|p1a: Melmetal|Double Iron Bash|p2a: Urshifu
|-resisted|p2a: Urshifu
|-damage|p2a: Urshifu|82/100
|-resisted|p2a: Urshifu
|-damage|p2a: Urshifu|63/100
|-hitcount|p2a: Urshifu|2
|
|upkeep
|turn|7
|
|t:|1666427900
|switch|p1a: Tangrowth|Tangrowth, M|100/100
|-damage|p1a: Tangrowth|88/100|[from] Stealth Rock
|move|p2a: Urshifu|U-turn|p1a: Tangrowth
|-supereffective|p1a: Tangrowth
|-damage|p1a: Tangrowth|60/100
|
|t:|1666427903
|switch|p2a: Zapdos|Zapdos|100/100|[from]move: U-turn
|
|upkeep
|turn|8
|
|t:|1666427907
|switch|p1a: landorustherian|Landorus-Therian, M|100/100
|-damage|p1a: landorustherian|88/100|[from] Stealth Rock
|-ability|p1a: landorustherian|Intimidate|boost
|-unboost|p2a: Zapdos|atk|1
|move|p2a: Zapdos|Hurricane|p1a: landorustherian
|-crit|p1a: landorustherian
|-damage|p1a: landorustherian|19/100
|
|-heal|p1a: landorustherian|25/100|[from] item: Leftovers
|upkeep
|turn|9
|
|t:|1666427909
|move|p2a: Zapdos|Heat Wave|p1a: landorustherian
|-damage|p1a: landorustherian|0 fnt
|faint|p1a: landorustherian
|
|upkeep
|
|t:|1666427909
|switch|p1a: Melmetal|Melmetal|58/100
|-damage|p1a: Melmetal|52/100|[from] Stealth Rock
|turn|10
|
|t:|1666427912
|move|p2a: Zapdos|Heat Wave|p1a: Melmetal
|-supereffective|p1a: Melmetal
|-damage|p1a: Melmetal|13/100
|-status|p1a: Melmetal|brn
|move|p1a: Melmetal|Double Iron Bash|p2a: Zapdos
|-resisted|p2a: Zapdos
|-damage|p2a: Zapdos|88/100
|-resisted|p2a: Zapdos
|-damage|p2a: Zapdos|76/100
|-hitcount|p2a: Zapdos|2
|
|-damage|p1a: Melmetal|6/100 brn|[from] brn
|upkeep
|turn|11
|
|t:|1666427915
|move|p2a: Zapdos|Roost|p2a: Zapdos
|-heal|p2a: Zapdos|100/100
|-singleturn|p2a: Zapdos|move: Roost
|move|p1a: Melmetal|Ice Punch|p2a: Zapdos
|-damage|p2a: Zapdos|80/100
|
|-damage|p1a: Melmetal|0 fnt|[from] brn
|faint|p1a: Melmetal
|upkeep
|
|t:|1666427915
|switch|p1a: Heatran|Heatran, M|100/100
|-damage|p1a: Heatran|88/100|[from] Stealth Rock
|-item|p1a: Heatran|Air Balloon
|turn|12
|
|t:|1666427917
|move|p2a: Zapdos|Volt Switch|p1a: Heatran
|-damage|p1a: Heatran|47/100
|-enditem|p1a: Heatran|Air Balloon
|
|t:|1666427919
|switch|p2a: Urshifu|Urshifu-Rapid-Strike, M|63/100|[from]move: Volt Switch
|move|p1a: Heatran|Eruption|p2a: Urshifu
|-resisted|p2a: Urshifu
|-damage|p2a: Urshifu|35/100
|
|upkeep
|turn|13
|
|t:|1666427923
|switch|p1a: Tangrowth|Tangrowth, M|94/100
|-damage|p1a: Tangrowth|81/100|[from] Stealth Rock
|move|p2a: Urshifu|Close Combat|p1a: Tangrowth
|-damage|p1a: Tangrowth|48/100
|-unboost|p2a: Urshifu|def|1
|-unboost|p2a: Urshifu|spd|1
|
|upkeep
|turn|14
|
|t:|1666427925
|move|p2a: Urshifu|Taunt|p1a: Tangrowth
|-start|p1a: Tangrowth|move: Taunt
|cant|p1a: Tangrowth|move: Taunt|Sleep Powder
|
|upkeep
|turn|15
|
|t:|1666427927
|move|p2a: Urshifu|U-turn|p1a: Tangrowth
|-supereffective|p1a: Tangrowth
|-damage|p1a: Tangrowth|20/100
|
|t:|1666427929
|switch|p2a: Zapdos|Zapdos|80/100|[from]move: U-turn
|move|p1a: Tangrowth|Knock Off|p2a: Zapdos
|-damage|p2a: Zapdos|55/100
|-status|p1a: Tangrowth|par|[from] ability: Static|[of] p2a: Zapdos
|-enditem|p2a: Zapdos|Heavy-Duty Boots|[from] move: Knock Off|[of] p1a: Tangrowth
|
|upkeep
|turn|16
|
|t:|1666427931
|move|p2a: Zapdos|Volt Switch|p1a: Tangrowth
|-resisted|p1a: Tangrowth
|-damage|p1a: Tangrowth|0 fnt
|faint|p1a: Tangrowth
|
|t:|1666427935
|switch|p2a: Dragonite|Dragonite, F|100/100|[from]move: Volt Switch
|
|upkeep
|
|t:|1666427936
|switch|p1a: Weavile|Weavile, F|100/100
|-damage|p1a: Weavile|76/100|[from] Stealth Rock
|-ability|p1a: Weavile|Pressure
|turn|17
|
|t:|1666427939
|move|p1a: Weavile|Triple Axel|p2a: Dragonite
|-supereffective|p2a: Dragonite
|-damage|p2a: Dragonite|72/100
|-supereffective|p2a: Dragonite
|-damage|p2a: Dragonite|0 fnt
|faint|p2a: Dragonite
|-hitcount|p2: Dragonite|2
|
|upkeep
|
|t:|1666427941
|switch|p2a: Melmetal|Melmetal|100/100
|turn|18
|
|t:|1666427944
|switch|p1a: Heatran|Heatran, M|47/100
|-damage|p1a: Heatran|35/100|[from] Stealth Rock
|switch|p2a: Zapdos|Zapdos|55/100
|
|upkeep
|turn|19
|
|t:|1666427946
|move|p2a: Zapdos|Volt Switch|p1a: Heatran
|-damage|p1a: Heatran|0 fnt
|faint|p1a: Heatran
|
|t:|1666427949
|switch|p2a: Raikou|Raikou|100/100|[from]move: Volt Switch
|-ability|p2a: Raikou|Pressure
|
|upkeep
|
|t:|1666427949
|switch|p1a: Weavile|Weavile, F|76/100
|-damage|p1a: Weavile|51/100|[from] Stealth Rock
|-ability|p1a: Weavile|Pressure
|turn|20
|
|t:|1666427951
|move|p1a: Weavile|Knock Off|p2a: Raikou
|-damage|p2a: Raikou|3/100
|-enditem|p2a: Raikou|Choice Specs|[from] move: Knock Off|[of] p1a: Weavile
|move|p2a: Raikou|Volt Switch|p1a: Weavile
|-damage|p1a: Weavile|2/100
|
|t:|1666427957
|switch|p2a: Melmetal|Melmetal|100/100|[from]move: Volt Switch
|
|upkeep
|turn|21
|
|t:|1666427958
|move|p1a: Weavile|Knock Off|p2a: Melmetal
|-damage|p2a: Melmetal|60/100
|-enditem|p2a: Melmetal|Leftovers|[from] move: Knock Off|[of] p1a: Weavile
|move|p2a: Melmetal|Double Iron Bash|p1a: Weavile
|-supereffective|p1a: Weavile
|-damage|p1a: Weavile|0 fnt
|faint|p1a: Weavile
|-hitcount|p1: Weavile|1
|
|upkeep
|
|t:|1666427958
|switch|p1a: rotomwash|Rotom-Wash|75/100 tox
|-damage|p1a: rotomwash|63/100 tox|[from] Stealth Rock
|turn|22
|
|t:|1666427960
|move|p1a: rotomwash|Thunderbolt|p2a: Melmetal
|-damage|p2a: Melmetal|27/100
|move|p2a: Melmetal|Double Iron Bash|p1a: rotomwash
|-resisted|p1a: rotomwash
|-damage|p1a: rotomwash|51/100 tox
|-resisted|p1a: rotomwash
|-damage|p1a: rotomwash|40/100 tox
|-hitcount|p1a: rotomwash|2
|
|-heal|p1a: rotomwash|46/100 tox|[from] item: Leftovers
|-damage|p1a: rotomwash|40/100 tox|[from] psn
|upkeep
|turn|23
|
|t:|1666427962
|move|p2a: Melmetal|Protect|p2a: Melmetal
|-singleturn|p2a: Melmetal|Protect
|move|p1a: rotomwash|Thunderbolt|p2a: Melmetal
|-activate|p2a: Melmetal|move: Protect
|
|-heal|p1a: rotomwash|46/100 tox|[from] item: Leftovers
|-damage|p1a: rotomwash|34/100 tox|[from] psn
|upkeep
|turn|24
|
|t:|1666427964
|move|p1a: rotomwash|Thunderbolt|p2a: Melmetal
|-damage|p2a: Melmetal|0 fnt
|faint|p2a: Melmetal
|
|-heal|p1a: rotomwash|40/100 tox|[from] item: Leftovers
|-damage|p1a: rotomwash|21/100 tox|[from] psn
|upkeep
|
|t:|1666427966
|switch|p2a: Zapdos|Zapdos|55/100
|turn|25
|
|t:|1666427967
|move|p2a: Zapdos|Volt Switch|p1a: rotomwash
|-damage|p1a: rotomwash|0 fnt
|faint|p1a: rotomwash
|
|win|Forwards
|raw|minimax_ai's rating: 1505 &rarr; <strong>1489</strong><br />(-16 for losing)
|raw|Forwards's rating: 1583 &rarr; <strong>1599</strong><br />(+16 for winning)
|c|☆minimax_ai|gg
