|j|☆Tinquench
|j|☆wsdfg
|t:|1606924183
|player|p1|Tinquench|youngathlete|1698
|player|p2|wsdfg|burglar|1679
|teamsize|p1|6
|teamsize|p2|6
|gametype|singles
|gen|8
|tier|[Gen 8] OU
|rated|
|clearpoke
|poke|p1|Magearna|
|poke|p1|Vanilluxe, M|
|poke|p1|Arctozolt|
|poke|p1|Garchomp, M|
|poke|p1|Volcanion|
|poke|p1|Moltres|
|poke|p2|Rillaboom, M|
|poke|p2|Slowbro, M|
|poke|p2|Swampert, M|
|poke|p2|Clefable, M|
|poke|p2|Hydreigon, F|
|poke|p2|Toxapex, M|
|rule|Sleep Clause Mod: Limit one foe put to sleep
|rule|Species Clause: Limit one of each Pokémon
|rule|OHKO Clause: OHKO moves are banned
|rule|Evasion Moves Clause: Evasion moves are banned
|rule|Endless Battle Clause: Forcing endless battles is banned
|rule|HP Percentage Mod: HP is shown in percentages
|rule|Dynamax Clause: You cannot dynamax
|teampreview
|
|t:|1606924196
|start
|switch|p1a: Vanilluxe|Vanilluxe, M, shiny|100/100
|switch|p2a: Swampert|Swampert, M|100/100
|-weather|Hail|[from] ability: Snow Warning|[of] p1a: Vanilluxe
|turn|1
|
|t:|1606924203
|switch|p2a: Clefable|Clefable, M|100/100
|move|p1a: Vanilluxe|Freeze-Dry|p2a: Clefable
|-damage|p2a: Clefable|49/100
|
|-weather|Hail|[upkeep]
|-heal|p2a: Clefable|55/100|[from] item: Leftovers
|upkeep
|turn|2
|
|t:|1606924214
|switch|p1a: Moltres|Moltres|100/100
|move|p2a: Clefable|Wish|p2a: Clefable
|
|-weather|Hail|[upkeep]
|-damage|p1a: Moltres|94/100|[from] Hail
|-heal|p2a: Clefable|61/100|[from] item: Leftovers
|upkeep
|turn|3
|
|t:|1606924218
|switch|p2a: Swampert|Swampert, M|100/100
|move|p1a: Moltres|U-turn|p2a: Swampert
|-damage|p2a: Swampert|85/100
|
|t:|1606924223
|switch|p1a: Vanilluxe|Vanilluxe, M, shiny|100/100|[from]move: U-turn
|
|-weather|Hail|[upkeep]
|-damage|p2a: Swampert|79/100|[from] Hail
|-heal|p2a: Swampert|100/100|[from] move: Wish|[wisher] Clefable
|upkeep
|turn|4
|
|t:|1606924235
|switch|p2a: Hydreigon|Hydreigon, F|100/100
|move|p1a: Vanilluxe|Freeze-Dry|p2a: Hydreigon
|-supereffective|p2a: Hydreigon
|-damage|p2a: Hydreigon|0 fnt
|faint|p2a: Hydreigon
|
|-weather|Hail|[upkeep]
|upkeep
|
|t:|1606924238
|switch|p2a: Rillaboom|Rillaboom, M|100/100
|-fieldstart|move: Grassy Terrain|[from] ability: Grassy Surge|[of] p2a: Rillaboom
|turn|5
|
|t:|1606924244
|switch|p1a: Moltres|Moltres|94/100
|move|p2a: Rillaboom|Knock Off|p1a: Moltres
|-damage|p1a: Moltres|61/100
|-enditem|p1a: Moltres|Heavy-Duty Boots|[from] move: Knock Off|[of] p2a: Rillaboom
|-damage|p2a: Rillaboom|91/100|[from] item: Life Orb
|
|-weather|none
|-heal|p2a: Rillaboom|97/100|[from] Grassy Terrain
|upkeep
|turn|6
|
|t:|1606924251
|move|p2a: Rillaboom|Swords Dance|p2a: Rillaboom
|-boost|p2a: Rillaboom|atk|2
|move|p1a: Moltres|Roost|p1a: Moltres
|-heal|p1a: Moltres|100/100
|-singleturn|p1a: Moltres|move: Roost
|
|-heal|p2a: Rillaboom|100/100|[from] Grassy Terrain
|upkeep
|turn|7
|
|t:|1606924255
|switch|p2a: Swampert|Swampert, M|100/100
|move|p1a: Moltres|Flamethrower|p2a: Swampert
|-resisted|p2a: Swampert
|-damage|p2a: Swampert|88/100
|
|-heal|p2a: Swampert|94/100|[from] item: Leftovers
|-heal|p2a: Swampert|99/100|[from] Grassy Terrain
|upkeep
|turn|8
|
|t:|1606924277
|switch|p1a: Garchomp|Garchomp, M|100/100
|move|p2a: Swampert|Stealth Rock|p1a: Garchomp
|-sidestart|p1: Tinquench|move: Stealth Rock
|
|-heal|p2a: Swampert|100/100|[from] item: Leftovers
|upkeep
|turn|9
|
|t:|1606924285
|move|p1a: Garchomp|Stealth Rock|p2a: Swampert
|-sidestart|p2: wsdfg|move: Stealth Rock
|move|p2a: Swampert|Toxic|p1a: Garchomp
|-status|p1a: Garchomp|tox
|
|-fieldend|move: Grassy Terrain
|-damage|p1a: Garchomp|94/100 tox|[from] psn
|upkeep
|turn|10
|
|t:|1606924290
|move|p1a: Garchomp|Swords Dance|p1a: Garchomp
|-boost|p1a: Garchomp|atk|2
|move|p2a: Swampert|Flip Turn|p1a: Garchomp
|-damage|p1a: Garchomp|72/100 tox
|-damage|p2a: Swampert|88/100|[from] ability: Rough Skin|[of] p1a: Garchomp
|
|t:|1606924303
|switch|p2a: Slowbro|Slowbro, M|100/100|[from]move: Flip Turn
|
|-damage|p1a: Garchomp|60/100 tox|[from] psn
|upkeep
|turn|11
|
|t:|1606924310
|move|p1a: Garchomp|Earthquake|p2a: Slowbro
|-damage|p2a: Slowbro|18/100
|-damage|p1a: Garchomp|50/100 tox|[from] item: Life Orb
|move|p2a: Slowbro|Slack Off|p2a: Slowbro
|-heal|p2a: Slowbro|68/100
|
|-damage|p1a: Garchomp|32/100 tox|[from] psn
|upkeep
|turn|12
|
|t:|1606924319
|switch|p2a: Clefable|Clefable, M|61/100
|move|p1a: Garchomp|Earthquake|p2a: Clefable
|-damage|p2a: Clefable|0 fnt
|-damage|p1a: Garchomp|22/100 tox|[from] item: Life Orb
|faint|p2a: Clefable
|
|-damage|p1a: Garchomp|0 fnt|[from] psn
|faint|p1a: Garchomp
|upkeep
|
|t:|1606924330
|switch|p1a: Moltres|Moltres|100/100
|switch|p2a: Rillaboom|Rillaboom, M|100/100
|-damage|p2a: Rillaboom|88/100|[from] Stealth Rock
|-fieldstart|move: Grassy Terrain|[from] ability: Grassy Surge|[of] p2a: Rillaboom
|-damage|p1a: Moltres|50/100|[from] Stealth Rock
|turn|13
|
|t:|1606924334
|switch|p2a: Toxapex|Toxapex, M|100/100
|-damage|p2a: Toxapex|88/100|[from] Stealth Rock
|move|p1a: Moltres|Defog|p2a: Toxapex
|-unboost|p2a: Toxapex|evasion|1
|-sideend|p2: wsdfg|Stealth Rock|[from] move: Defog|[of] p1a: Moltres
|-sideend|p1: Tinquench|Stealth Rock|[from] move: Defog|[of] p1a: Moltres
|-fieldend|move: Grassy Terrain
|
|-heal|p2a: Toxapex|94/100|[from] item: Black Sludge
|upkeep
|turn|14
|
|t:|1606924339
|move|p1a: Moltres|Roost|p1a: Moltres
|-heal|p1a: Moltres|100/100
|-singleturn|p1a: Moltres|move: Roost
|move|p2a: Toxapex|Toxic Spikes|p1a: Moltres
|-sidestart|p1: Tinquench|move: Toxic Spikes
|
|-heal|p2a: Toxapex|100/100|[from] item: Black Sludge
|upkeep
|turn|15
|
|t:|1606924345
|switch|p2a: Swampert|Swampert, M|88/100
|move|p1a: Moltres|Defog|p2a: Swampert
|-unboost|p2a: Swampert|evasion|1
|-sideend|p1: Tinquench|Toxic Spikes|[from] move: Defog|[of] p1a: Moltres
|
|-heal|p2a: Swampert|94/100|[from] item: Leftovers
|upkeep
|turn|16
|
|t:|1606924352
|move|p1a: Moltres|U-turn|p2a: Swampert
|-damage|p2a: Swampert|78/100
|
|t:|1606924354
|switch|p1a: Vanilluxe|Vanilluxe, M, shiny|100/100|[from]move: U-turn
|-weather|Hail|[from] ability: Snow Warning|[of] p1a: Vanilluxe
|move|p2a: Swampert|Flip Turn|p1a: Vanilluxe
|-damage|p1a: Vanilluxe|69/100
|
|t:|1606924360
|switch|p2a: Rillaboom|Rillaboom, M|88/100|[from]move: Flip Turn
|-fieldstart|move: Grassy Terrain|[from] ability: Grassy Surge|[of] p2a: Rillaboom
|
|-weather|Hail|[upkeep]
|-damage|p2a: Rillaboom|82/100|[from] Hail
|-heal|p2a: Rillaboom|88/100|[from] Grassy Terrain
|-heal|p1a: Vanilluxe|75/100|[from] Grassy Terrain
|upkeep
|turn|17
|
|t:|1606924363
|switch|p2a: Swampert|Swampert, M|78/100
|switch|p1a: Moltres|Moltres|100/100
|
|-weather|Hail|[upkeep]
|-damage|p1a: Moltres|94/100|[from] Hail
|-damage|p2a: Swampert|72/100|[from] Hail
|-heal|p2a: Swampert|78/100|[from] item: Leftovers
|-heal|p2a: Swampert|85/100|[from] Grassy Terrain
|upkeep
|turn|18
|
|t:|1606924368
|move|p1a: Moltres|U-turn|p2a: Swampert
|-damage|p2a: Swampert|71/100
|
|t:|1606924372
|switch|p1a: Volcanion|Volcanion|100/100|[from]move: U-turn
|move|p2a: Swampert|Stealth Rock|p1a: Volcanion
|-sidestart|p1: Tinquench|move: Stealth Rock
|
|-weather|Hail|[upkeep]
|-damage|p1a: Volcanion|95/100|[from] Hail
|-damage|p2a: Swampert|65/100|[from] Hail
|-heal|p1a: Volcanion|100/100|[from] Grassy Terrain
|-heal|p2a: Swampert|71/100|[from] item: Leftovers
|-heal|p2a: Swampert|77/100|[from] Grassy Terrain
|upkeep
|turn|19
|
|t:|1606924381
|move|p1a: Volcanion|Steam Eruption|p2a: Swampert
|-damage|p2a: Swampert|40/100
|-status|p2a: Swampert|brn
|move|p2a: Swampert|Toxic|p1a: Volcanion
|-status|p1a: Volcanion|tox
|
|-weather|Hail|[upkeep]
|-damage|p1a: Volcanion|95/100 tox|[from] Hail
|-damage|p2a: Swampert|33/100 brn|[from] Hail
|-heal|p1a: Volcanion|100/100 tox|[from] Grassy Terrain
|-heal|p2a: Swampert|40/100 brn|[from] item: Leftovers
|-heal|p2a: Swampert|46/100 brn|[from] Grassy Terrain
|-damage|p1a: Volcanion|95/100 tox|[from] psn
|-damage|p2a: Swampert|40/100 brn|[from] brn
|upkeep
|turn|20
|
|t:|1606924388
|switch|p2a: Toxapex|Toxapex, M|100/100
|move|p1a: Volcanion|Steam Eruption|p2a: Toxapex
|-resisted|p2a: Toxapex
|-damage|p2a: Toxapex|83/100
|-status|p2a: Toxapex|brn
|
|-weather|none
|-heal|p1a: Volcanion|100/100 tox|[from] Grassy Terrain
|-heal|p2a: Toxapex|90/100 brn|[from] item: Black Sludge
|-heal|p2a: Toxapex|96/100 brn|[from] Grassy Terrain
|-fieldend|move: Grassy Terrain
|-damage|p1a: Volcanion|89/100 tox|[from] psn
|-damage|p2a: Toxapex|90/100 brn|[from] brn
|upkeep
|turn|21
|
|t:|1606924395
|switch|p1a: Moltres|Moltres|94/100
|-damage|p1a: Moltres|44/100|[from] Stealth Rock
|switch|p2a: Slowbro|Slowbro, M|100/100
|
|upkeep
|turn|22
|
|t:|1606924401
|move|p1a: Moltres|Defog|p2a: Slowbro
|-unboost|p2a: Slowbro|evasion|1
|-sideend|p1: Tinquench|Stealth Rock|[from] move: Defog|[of] p1a: Moltres
|move|p2a: Slowbro|Scald|p1a: Moltres
|-supereffective|p1a: Moltres
|-damage|p1a: Moltres|0 fnt
|faint|p1a: Moltres
|
|upkeep
|
|t:|1606924407
|switch|p1a: Vanilluxe|Vanilluxe, M, shiny|75/100
|-weather|Hail|[from] ability: Snow Warning|[of] p1a: Vanilluxe
|turn|23
|
|t:|1606924410
|move|p1a: Vanilluxe|Freeze-Dry|p2a: Slowbro
|-supereffective|p2a: Slowbro
|-damage|p2a: Slowbro|0 fnt
|faint|p2a: Slowbro
|
|-weather|Hail|[upkeep]
|upkeep
|
|t:|1606924413
|switch|p2a: Rillaboom|Rillaboom, M|88/100
|-fieldstart|move: Grassy Terrain|[from] ability: Grassy Surge|[of] p2a: Rillaboom
|turn|24
|
|t:|1606924418
|move|p2a: Rillaboom|Grassy Glide|p1a: Vanilluxe
|-damage|p1a: Vanilluxe|0 fnt
|-damage|p2a: Rillaboom|78/100|[from] item: Life Orb
|faint|p1a: Vanilluxe
|
|-weather|Hail|[upkeep]
|-damage|p2a: Rillaboom|72/100|[from] Hail
|-heal|p2a: Rillaboom|78/100|[from] Grassy Terrain
|upkeep
|
|t:|1606924431
|switch|p1a: Magearna|Magearna|100/100
|turn|25
|
|t:|1606924435
|switch|p2a: Swampert|Swampert, M|40/100 brn
|move|p1a: Magearna|Calm Mind|p1a: Magearna
|-boost|p1a: Magearna|spa|1
|-boost|p1a: Magearna|spd|1
|
|-weather|Hail|[upkeep]
|-damage|p1a: Magearna|95/100|[from] Hail
|-damage|p2a: Swampert|33/100 brn|[from] Hail
|-heal|p1a: Magearna|100/100|[from] Grassy Terrain
|-heal|p2a: Swampert|40/100 brn|[from] item: Leftovers
|-heal|p2a: Swampert|46/100 brn|[from] Grassy Terrain
|-damage|p2a: Swampert|40/100 brn|[from] brn
|upkeep
|turn|26
|
|t:|1606924440
|move|p1a: Magearna|Shift Gear|p1a: Magearna
|-boost|p1a: Magearna|spe|2
|-boost|p1a: Magearna|atk|1
|move|p2a: Swampert|Stealth Rock|p1a: Magearna
|-sidestart|p1: Tinquench|move: Stealth Rock
|
|-weather|Hail|[upkeep]
|-damage|p1a: Magearna|95/100|[from] Hail
|-damage|p2a: Swampert|33/100 brn|[from] Hail
|-heal|p1a: Magearna|100/100|[from] Grassy Terrain
|-heal|p2a: Swampert|40/100 brn|[from] item: Leftovers
|-heal|p2a: Swampert|46/100 brn|[from] Grassy Terrain
|-damage|p2a: Swampert|40/100 brn|[from] brn
|upkeep
|turn|27
|
|t:|1606924444
|switch|p2a: Toxapex|Toxapex, M|100/100 brn
|move|p1a: Magearna|Stored Power|p2a: Toxapex
|-supereffective|p2a: Toxapex
|-damage|p2a: Toxapex|14/100 brn
|
|-weather|none
|-heal|p2a: Toxapex|21/100 brn|[from] item: Black Sludge
|-heal|p2a: Toxapex|27/100 brn|[from] Grassy Terrain
|-damage|p2a: Toxapex|21/100 brn|[from] brn
|upkeep
|turn|28
|
|t:|1606924450
|switch|p2a: Swampert|Swampert, M|40/100 brn
|move|p1a: Magearna|Stored Power|p2a: Swampert
|-damage|p2a: Swampert|0 fnt
|faint|p2a: Swampert
|-ability|p1a: Magearna|Soul-Heart|boost
|-boost|p1a: Magearna|spa|1
|
|-fieldend|move: Grassy Terrain
|upkeep
|-message|wsdfg forfeited.
|
|win|Tinquench
|l|☆wsdfg
|l|☆Tinquench
||Ladder (probably) updated, but score could not be retrieved (Request timeout).
|j|☆Tinquench
|player|p1|Tinquench|youngathlete
