|j|☆minimax_ai
|j|☆Allelaja
|t:|1667813373
|gametype|singles
|player|p1|minimax_ai|169|1534
|player|p2|Allelaja|tuber|1564
|teamsize|p1|6
|teamsize|p2|6
|gen|8
|tier|[Gen 8] OU
|rated|
|rule|Sleep Clause Mod: Limit one foe put to sleep
|rule|Species Clause: Limit one of each Pokémon
|rule|OHKO Clause: OHKO moves are banned
|rule|Evasion Items Clause: Evasion items are banned
|rule|Evasion Moves Clause: Evasion moves are banned
|rule|Endless Battle Clause: Forcing endless battles is banned
|rule|HP Percentage Mod: HP is shown in percentages
|rule|Dynamax Clause: You cannot dynamax
|clearpoke
|poke|p1|Rotom-Wash|
|poke|p1|Weavile, F|
|poke|p1|Landorus-Therian, M|
|poke|p1|Heatran, M|
|poke|p1|Tangrowth, F|
|poke|p1|Melmetal|
|poke|p2|Magnezone|
|poke|p2|Tapu Lele|
|poke|p2|Kartana|
|poke|p2|Zapdos|
|poke|p2|Landorus-Therian, M|
|poke|p2|Toxapex, F|
|teampreview
|inactive|Battle timer is ON: inactive players will automatically lose when time's up. (requested by Allelaja)
|c|☆minimax_ai|hf
|inactive|minimax_ai also wants the timer to be on.
|
|t:|1667813378
|start
|switch|p1a: landorustherian|Landorus-Therian, M|100/100
|switch|p2a: Bello Bello|Kartana|100/100
|-ability|p1a: landorustherian|Intimidate|boost
|-unboost|p2a: Bello Bello|atk|1
|turn|1
|
|t:|1667813381
|switch|p1a: Tangrowth|Tangrowth, F|100/100
|move|p2a: Bello Bello|Leaf Blade|p1a: Tangrowth
|-resisted|p1a: Tangrowth
|-crit|p1a: Tangrowth
|-damage|p1a: Tangrowth|68/100
|-damage|p2a: Bello Bello|84/100|[from] item: Rocky Helmet|[of] p1a: Tangrowth
|
|upkeep
|turn|2
|
|t:|1667813386
|switch|p2a: Me want banana|Zapdos|100/100
|move|p1a: Tangrowth|Sleep Powder|p2a: Me want banana
|-status|p2a: Me want banana|slp|[from] move: Sleep Powder
|
|upkeep
|turn|3
|
|t:|1667813390
|switch|p1a: Heatran|Heatran, M|100/100
|-item|p1a: Heatran|Air Balloon
|cant|p2a: Me want banana|slp
|
|upkeep
|turn|4
|
|t:|1667813393
|switch|p2a: Kampai|Landorus-Therian, M|100/100
|-ability|p2a: Kampai|Intimidate|boost
|-unboost|p1a: Heatran|atk|1
|move|p1a: Heatran|Magma Storm|p2a: Kampai
|-damage|p2a: Kampai|65/100
|-activate|p2a: Kampai|move: Magma Storm|[of] p1a: Heatran
|
|-heal|p2a: Kampai|71/100|[from] item: Leftovers
|-damage|p2a: Kampai|59/100|[from] move: Magma Storm|[partiallytrapped]
|upkeep
|turn|5
|
|t:|1667813395
|move|p1a: Heatran|Magma Storm|p2a: Kampai
|-damage|p2a: Kampai|19/100
|move|p2a: Kampai|Stealth Rock|p1a: Heatran
|-sidestart|p1: minimax_ai|move: Stealth Rock
|
|-heal|p2a: Kampai|25/100|[from] item: Leftovers
|-damage|p2a: Kampai|12/100|[from] move: Magma Storm|[partiallytrapped]
|upkeep
|turn|6
|
|t:|1667813397
|move|p1a: Heatran|Magma Storm|p2a: Kampai|[miss]
|-miss|p1a: Heatran|p2a: Kampai
|move|p2a: Kampai|Earthquake|p1a: Heatran
|-immune|p1a: Heatran
|
|-heal|p2a: Kampai|18/100|[from] item: Leftovers
|-damage|p2a: Kampai|6/100|[from] move: Magma Storm|[partiallytrapped]
|upkeep
|turn|7
|
|t:|1667813400
|move|p1a: Heatran|Magma Storm|p2a: Kampai
|-damage|p2a: Kampai|0 fnt
|faint|p2a: Kampai
|
|upkeep
|
|t:|1667813405
|switch|p2a: Tatata bala tu|Toxapex, F|100/100
|turn|8
|
|t:|1667813407
|move|p1a: Heatran|Earth Power|p2a: Tatata bala tu
|-supereffective|p2a: Tatata bala tu
|-damage|p2a: Tatata bala tu|49/100
|-enditem|p2a: Tatata bala tu|Eject Button
|
|t:|1667813409
|switch|p2a: Me want banana|Zapdos|100/100 slp
|
|upkeep
|turn|9
|
|t:|1667813411
|switch|p2a: Tatata bala tu|Toxapex, F|82/100
|move|p1a: Heatran|Eruption|p2a: Tatata bala tu
|-resisted|p2a: Tatata bala tu
|-damage|p2a: Tatata bala tu|52/100
|
|upkeep
|turn|10
|
|t:|1667813412
|move|p1a: Heatran|Earth Power|p2a: Tatata bala tu
|-supereffective|p2a: Tatata bala tu
|-crit|p2a: Tatata bala tu
|-damage|p2a: Tatata bala tu|0 fnt
|faint|p2a: Tatata bala tu
|
|upkeep
|
|t:|1667813415
|switch|p2a: Bello Bello|Kartana|84/100
|turn|11
|
|t:|1667813417
|move|p2a: Bello Bello|Sacred Sword|p1a: Heatran
|-supereffective|p1a: Heatran
|-damage|p1a: Heatran|0 fnt
|-enditem|p1a: Heatran|Air Balloon
|faint|p1a: Heatran
|-ability|p2a: Bello Bello|Beast Boost|boost
|-boost|p2a: Bello Bello|atk|1
|
|upkeep
|
|t:|1667813417
|switch|p1a: landorustherian|Landorus-Therian, M|100/100
|-damage|p1a: landorustherian|88/100|[from] Stealth Rock
|-ability|p1a: landorustherian|Intimidate|boost
|-unboost|p2a: Bello Bello|atk|1
|turn|12
|
|t:|1667813422
|switch|p2a: Me want banana|Zapdos|100/100 slp
|move|p1a: landorustherian|Earthquake|p2a: Me want banana
|-immune|p2a: Me want banana
|
|-heal|p1a: landorustherian|94/100|[from] item: Leftovers
|upkeep
|turn|13
|
|t:|1667813425
|switch|p2a: Bello Bello|Kartana|84/100
|move|p1a: landorustherian|Defog|p2a: Bello Bello
|-unboost|p2a: Bello Bello|evasion|1
|-sideend|p1: minimax_ai|Stealth Rock|[from] move: Defog|[of] p1a: landorustherian
|
|-heal|p1a: landorustherian|99/100|[from] item: Leftovers
|upkeep
|turn|14
|
|t:|1667813429
|move|p2a: Bello Bello|Knock Off|p1a: landorustherian
|-damage|p1a: landorustherian|35/100
|-enditem|p1a: landorustherian|Leftovers|[from] move: Knock Off|[of] p2a: Bello Bello
|move|p1a: landorustherian|Earthquake|p2a: Bello Bello
|-damage|p2a: Bello Bello|34/100
|
|upkeep
|turn|15
|
|t:|1667813434
|switch|p1a: Melmetal|Melmetal|100/100
|move|p2a: Bello Bello|Knock Off|p1a: Melmetal
|-damage|p1a: Melmetal|64/100
|-enditem|p1a: Melmetal|Assault Vest|[from] move: Knock Off|[of] p2a: Bello Bello
|
|upkeep
|turn|16
|
|t:|1667813437
|switch|p2a: Me want banana|Zapdos|100/100 slp
|move|p1a: Melmetal|Earthquake|p2a: Me want banana
|-immune|p2a: Me want banana
|
|upkeep
|turn|17
|
|t:|1667813442
|switch|p2a: Tank yu|Magnezone|100/100
|move|p1a: Melmetal|Ice Punch|p2a: Tank yu
|-resisted|p2a: Tank yu
|-damage|p2a: Tank yu|85/100
|-status|p2a: Tank yu|frz
|
|-heal|p2a: Tank yu|91/100 frz|[from] item: Leftovers
|upkeep
|turn|18
|
|t:|1667813447
|-curestatus|p2a: Tank yu|frz|[msg]
|move|p2a: Tank yu|Iron Defense|p2a: Tank yu
|-boost|p2a: Tank yu|def|2
|move|p1a: Melmetal|Earthquake|p2a: Tank yu
|-supereffective|p2a: Tank yu
|-damage|p2a: Tank yu|28/100
|
|-heal|p2a: Tank yu|34/100|[from] item: Leftovers
|upkeep
|turn|19
|
|t:|1667813453
|move|p2a: Tank yu|Body Press|p1a: Melmetal
|-supereffective|p1a: Melmetal
|-damage|p1a: Melmetal|8/100
|move|p1a: Melmetal|Earthquake|p2a: Tank yu
|-supereffective|p2a: Tank yu
|-damage|p2a: Tank yu|0 fnt
|faint|p2a: Tank yu
|
|upkeep
|
|t:|1667813457
|switch|p2a: Poopaye|Tapu Lele|100/100
|-fieldstart|move: Psychic Terrain|[from] ability: Psychic Surge|[of] p2a: Poopaye
|turn|20
|
|t:|1667813459
|move|p2a: Poopaye|Moonblast|p1a: Melmetal
|-resisted|p1a: Melmetal
|-damage|p1a: Melmetal|0 fnt
|faint|p1a: Melmetal
|
|upkeep
|
|t:|1667813459
|switch|p1a: Weavile|Weavile, F|100/100
|-ability|p1a: Weavile|Pressure
|turn|21
|
|t:|1667813461
|move|p2a: Poopaye|Moonblast|p1a: Weavile
|-supereffective|p1a: Weavile
|-damage|p1a: Weavile|0 fnt
|faint|p1a: Weavile
|
|upkeep
|
|t:|1667813461
|switch|p1a: rotomwash|Rotom-Wash|100/100
|turn|22
|
|t:|1667813464
|move|p2a: Poopaye|Moonblast|p1a: rotomwash
|-damage|p1a: rotomwash|43/100
|move|p1a: rotomwash|Pain Split|p2a: Poopaye
|-sethp|p2a: Poopaye|73/100|[from] move: Pain Split|[silent]
|-sethp|p1a: rotomwash|68/100|[from] move: Pain Split
|
|-heal|p1a: rotomwash|74/100|[from] item: Leftovers
|upkeep
|turn|23
|
|t:|1667813468
|move|p2a: Poopaye|Moonblast|p1a: rotomwash
|-damage|p1a: rotomwash|21/100
|-unboost|p1a: rotomwash|spa|1
|move|p1a: rotomwash|Pain Split|p2a: Poopaye
|-sethp|p2a: Poopaye|48/100|[from] move: Pain Split|[silent]
|-sethp|p1a: rotomwash|44/100|[from] move: Pain Split
|
|-heal|p1a: rotomwash|50/100|[from] item: Leftovers
|upkeep
|turn|24
|
|t:|1667813470
|switch|p1a: landorustherian|Landorus-Therian, M|35/100
|-ability|p1a: landorustherian|Intimidate|boost
|-unboost|p2a: Poopaye|atk|1
|move|p2a: Poopaye|Moonblast|p1a: landorustherian
|-damage|p1a: landorustherian|0 fnt
|faint|p1a: landorustherian
|
|-fieldend|move: Psychic Terrain
|upkeep
|
|t:|1667813470
|switch|p1a: Tangrowth|Tangrowth, F|100/100
|turn|25
|
|t:|1667813475
|switch|p2a: Me want banana|Zapdos|100/100 slp
|switch|p1a: rotomwash|Rotom-Wash|50/100
|
|-heal|p1a: rotomwash|57/100|[from] item: Leftovers
|upkeep
|turn|26
|
|t:|1667813478
|move|p1a: rotomwash|Pain Split|p2a: Me want banana
|-sethp|p2a: Me want banana|73/100 slp|[from] move: Pain Split|[silent]
|-sethp|p1a: rotomwash|92/100|[from] move: Pain Split
|cant|p2a: Me want banana|slp
|
|-heal|p1a: rotomwash|98/100|[from] item: Leftovers
|upkeep
|turn|27
|
|t:|1667813480
|move|p1a: rotomwash|Thunderbolt|p2a: Me want banana
|-damage|p2a: Me want banana|37/100 slp
|-curestatus|p2a: Me want banana|slp|[msg]
|move|p2a: Me want banana|Toxic|p1a: rotomwash
|-status|p1a: rotomwash|tox
|
|-heal|p1a: rotomwash|100/100 tox|[from] item: Leftovers
|-damage|p1a: rotomwash|94/100 tox|[from] psn
|upkeep
|turn|28
|
|t:|1667813483
|move|p1a: rotomwash|Hydro Pump|p2a: Me want banana|[miss]
|-miss|p1a: rotomwash|p2a: Me want banana
|move|p2a: Me want banana|Roost|p2a: Me want banana
|-heal|p2a: Me want banana|87/100
|-singleturn|p2a: Me want banana|move: Roost
|
|-heal|p1a: rotomwash|100/100 tox|[from] item: Leftovers
|-damage|p1a: rotomwash|88/100 tox|[from] psn
|upkeep
|turn|29
|
|t:|1667813485
|move|p1a: rotomwash|Thunderbolt|p2a: Me want banana
|-damage|p2a: Me want banana|51/100
|move|p2a: Me want banana|Roost|p2a: Me want banana
|-heal|p2a: Me want banana|100/100
|-singleturn|p2a: Me want banana|move: Roost
|
|-heal|p1a: rotomwash|94/100 tox|[from] item: Leftovers
|-damage|p1a: rotomwash|75/100 tox|[from] psn
|upkeep
|turn|30
|
|t:|1667813486
|switch|p1a: Tangrowth|Tangrowth, F|100/100
|move|p2a: Me want banana|Roost||[still]
|-fail|p2a: Me want banana|heal
|
|upkeep
|turn|31
|
|t:|1667813488
|move|p2a: Me want banana|Toxic|p1a: Tangrowth
|-status|p1a: Tangrowth|tox
|move|p1a: Tangrowth|Sleep Powder|p2a: Me want banana
|-status|p2a: Me want banana|slp|[from] move: Sleep Powder
|
|-damage|p1a: Tangrowth|94/100 tox|[from] psn
|upkeep
|turn|32
|
|t:|1667813490
|cant|p2a: Me want banana|slp
|move|p1a: Tangrowth|Knock Off|p2a: Me want banana
|-damage|p2a: Me want banana|86/100 slp
|-enditem|p2a: Me want banana|Heavy-Duty Boots|[from] move: Knock Off|[of] p1a: Tangrowth
|
|-damage|p1a: Tangrowth|82/100 tox|[from] psn
|upkeep
|turn|33
|
|t:|1667813491
|switch|p1a: rotomwash|Rotom-Wash|75/100 tox
|-curestatus|p2a: Me want banana|slp|[msg]
|move|p2a: Me want banana|Roost|p2a: Me want banana
|-heal|p2a: Me want banana|100/100
|-singleturn|p2a: Me want banana|move: Roost
|
|-heal|p1a: rotomwash|82/100 tox|[from] item: Leftovers
|-damage|p1a: rotomwash|75/100 tox|[from] psn
|upkeep
|turn|34
|
|t:|1667813494
|move|p1a: rotomwash|Thunderbolt|p2a: Me want banana
|-damage|p2a: Me want banana|64/100
|move|p2a: Me want banana|Volt Switch|p1a: rotomwash
|-damage|p1a: rotomwash|46/100 tox
|
|t:|1667813496
|switch|p2a: Poopaye|Tapu Lele|48/100|[from]move: Volt Switch
|-fieldstart|move: Psychic Terrain|[from] ability: Psychic Surge|[of] p2a: Poopaye
|
|-heal|p1a: rotomwash|52/100 tox|[from] item: Leftovers
|-damage|p1a: rotomwash|40/100 tox|[from] psn
|upkeep
|turn|35
|
|t:|1667813497
|move|p2a: Poopaye|Psychic|p1a: rotomwash
|-damage|p1a: rotomwash|0 fnt
|faint|p1a: rotomwash
|
|upkeep
|
|t:|1667813497
|switch|p1a: Tangrowth|Tangrowth, F|100/100 tox
|turn|36
|
|t:|1667813499
|move|p2a: Poopaye|Psychic|p1a: Tangrowth
|-damage|p1a: Tangrowth|1/100 tox
|move|p1a: Tangrowth|Knock Off|p2a: Poopaye
|-damage|p2a: Poopaye|14/100
|-enditem|p2a: Poopaye|Choice Scarf|[from] move: Knock Off|[of] p1a: Tangrowth
|
|-damage|p1a: Tangrowth|0 fnt|[from] psn
|faint|p1a: Tangrowth
|
|win|Allelaja
|upkeep
|raw|minimax_ai's rating: 1534 &rarr; <strong>1516</strong><br />(-18 for losing)
|raw|Allelaja's rating: 1564 &rarr; <strong>1582</strong><br />(+18 for winning)
|c|☆minimax_ai|gg
