|j|‽Cubielubie
|j|☆yungtoasterbread
|t:|1627950051
|gametype|singles
|player|p1|Cubielubie|lucas|1551
|player|p2|yungtoasterbread|byron|1596
|teamsize|p1|6
|teamsize|p2|6
|gen|8
|tier|[Gen 8] OU
|rated|
|rule|Sleep Clause Mod: Limit one foe put to sleep
|rule|Species Clause: Limit one of each Pokémon
|rule|OHKO Clause: OHKO moves are banned
|rule|Evasion Moves Clause: Evasion moves are banned
|rule|Endless Battle Clause: Forcing endless battles is banned
|rule|HP Percentage Mod: HP is shown in percentages
|rule|Dynamax Clause: You cannot dynamax
|clearpoke
|poke|p1|Zweilous, M|
|poke|p1|Blacephalon|
|poke|p1|Slowbro, M|
|poke|p1|Mamoswine, M|
|poke|p1|Corviknight, M|
|poke|p1|Clefable, F|
|poke|p2|Blaziken, F|
|poke|p2|Bisharp, M|
|poke|p2|Landorus-Therian, M|
|poke|p2|Accelgor, M|
|poke|p2|Dragonite, M|
|poke|p2|Tapu Koko|
|teampreview
|
|t:|1627950068
|start
|switch|p1a: Mamoswine|Mamoswine, M|100/100
|switch|p2a: Tapu Koko|Tapu Koko|100/100
|-fieldstart|move: Electric Terrain|[from] ability: Electric Surge|[of] p2a: Tapu Koko
|turn|1
|
|t:|1627950075
|move|p2a: Tapu Koko|U-turn|p1a: Mamoswine
|-damage|p1a: Mamoswine|83/100
|
|t:|1627950077
|switch|p2a: Accelgor|Accelgor, M|100/100|[from]move: U-turn
|move|p1a: Mamoswine|Icicle Crash|p2a: Accelgor|[miss]
|-miss|p1a: Mamoswine|p2a: Accelgor
|
|upkeep
|turn|2
|
|t:|1627950083
|move|p2a: Accelgor|Spikes|p1a: Mamoswine
|-sidestart|p1: Cubielubie|Spikes
|move|p1a: Mamoswine|Icicle Crash|p2a: Accelgor
|-damage|p2a: Accelgor|12/100
|
|upkeep
|turn|3
|
|t:|1627950097
|move|p1a: Mamoswine|Ice Shard|p2a: Accelgor
|-damage|p2a: Accelgor|0 fnt
|faint|p2a: Accelgor
|
|upkeep
|
|t:|1627950100
|switch|p2a: Blaziken|Blaziken, F|100/100
|turn|4
|
|t:|1627950105
|switch|p1a: Slowbro|Slowbro, M|100/100
|-damage|p1a: Slowbro|88/100|[from] Spikes
|move|p2a: Blaziken|Protect||[still]
|-fail|p2a: Blaziken
|
|-ability|p2a: Blaziken|Speed Boost|boost
|-boost|p2a: Blaziken|spe|1
|upkeep
|turn|5
|
|t:|1627950108
|move|p2a: Blaziken|Knock Off|p1a: Slowbro
|-supereffective|p1a: Slowbro
|-damage|p1a: Slowbro|35/100
|-enditem|p1a: Slowbro|Assault Vest|[from] move: Knock Off|[of] p2a: Blaziken
|-damage|p2a: Blaziken|91/100|[from] item: Life Orb
|move|p1a: Slowbro|Scald|p2a: Blaziken
|-supereffective|p2a: Blaziken
|-damage|p2a: Blaziken|0 fnt
|faint|p2a: Blaziken
|
|-fieldend|move: Electric Terrain
|upkeep
|
|t:|1627950123
|switch|p2a: Bisharp|Bisharp, M|100/100
|turn|6
|
|t:|1627950126
|switch|p1a: Corviknight|Corviknight, M, shiny|100/100
|-ability|p1a: Corviknight|Pressure
|move|p2a: Bisharp|Swords Dance|p2a: Bisharp
|-boost|p2a: Bisharp|atk|2
|
|upkeep
|turn|7
|
|t:|1627950133
|move|p2a: Bisharp|Knock Off|p1a: Corviknight
|-damage|p1a: Corviknight|28/100
|-damage|p2a: Bisharp|84/100|[from] item: Rocky Helmet|[of] p1a: Corviknight
|-enditem|p1a: Corviknight|Rocky Helmet|[from] move: Knock Off|[of] p2a: Bisharp
|move|p1a: Corviknight|Body Press|p2a: Bisharp
|-supereffective|p2a: Bisharp
|-damage|p2a: Bisharp|0 fnt
|faint|p2a: Bisharp
|
|upkeep
|
|t:|1627950139
|switch|p2a: Tapu Koko|Tapu Koko|100/100
|-fieldstart|move: Electric Terrain|[from] ability: Electric Surge|[of] p2a: Tapu Koko
|turn|8
|
|t:|1627950149
|switch|p1a: Clefable|Clefable, F|100/100
|move|p2a: Tapu Koko|Thunderbolt|p1a: Clefable
|-damage|p1a: Clefable|70/100
|
|upkeep
|turn|9
|
|t:|1627950152
|move|p2a: Tapu Koko|Taunt|p1a: Clefable
|-start|p1a: Clefable|move: Taunt
|cant|p1a: Clefable|move: Taunt|Soft-Boiled
|
|upkeep
|turn|10
|
|t:|1627950155
|move|p2a: Tapu Koko|Thunderbolt|p1a: Clefable
|-damage|p1a: Clefable|39/100
|move|p1a: Clefable|Moonblast|p2a: Tapu Koko
|-damage|p2a: Tapu Koko|49/100
|
|upkeep
|turn|11
|
|t:|1627950167
|move|p2a: Tapu Koko|U-turn|p1a: Clefable
|-resisted|p1a: Clefable
|-damage|p1a: Clefable|30/100
|
|t:|1627950168
|switch|p2a: Landorus|Landorus-Therian, M|100/100|[from]move: U-turn
|-ability|p2a: Landorus|Intimidate|boost
|-unboost|p1a: Clefable|atk|1
|move|p1a: Clefable|Moonblast|p2a: Landorus
|-damage|p2a: Landorus|66/100
|
|-end|p1a: Clefable|move: Taunt
|upkeep
|turn|12
|
|t:|1627950179
|switch|p1a: Corviknight|Corviknight, M, shiny|28/100
|-ability|p1a: Corviknight|Pressure
|move|p2a: Landorus|Stealth Rock|p1a: Corviknight
|-sidestart|p1: Cubielubie|move: Stealth Rock
|
|-fieldend|move: Electric Terrain
|upkeep
|turn|13
|
|t:|1627950181
|move|p2a: Landorus|U-turn|p1a: Corviknight
|-resisted|p1a: Corviknight
|-damage|p1a: Corviknight|25/100
|
|t:|1627950183
|switch|p2a: Tapu Koko|Tapu Koko|49/100|[from]move: U-turn
|-fieldstart|move: Electric Terrain|[from] ability: Electric Surge|[of] p2a: Tapu Koko
|move|p1a: Corviknight|Roost|p1a: Corviknight
|-heal|p1a: Corviknight|75/100
|-singleturn|p1a: Corviknight|move: Roost
|
|upkeep
|turn|14
|
|t:|1627950195
|switch|p1a: Clefable|Clefable, F|30/100
|move|p2a: Tapu Koko|Thunderbolt|p1a: Clefable
|-damage|p1a: Clefable|0 fnt
|faint|p1a: Clefable
|
|upkeep
|
|t:|1627950198
|switch|p1a: Mamoswine|Mamoswine, M|83/100
|-damage|p1a: Mamoswine|71/100|[from] Stealth Rock
|-damage|p1a: Mamoswine|59/100|[from] Spikes
|turn|15
|
|t:|1627950200
|move|p2a: Tapu Koko|Grass Knot|p1a: Mamoswine
|-supereffective|p1a: Mamoswine
|-damage|p1a: Mamoswine|3/100
|move|p1a: Mamoswine|Icicle Crash|p2a: Tapu Koko
|-damage|p2a: Tapu Koko|0 fnt
|faint|p2a: Tapu Koko
|
|upkeep
|
|t:|1627950219
|switch|p2a: Dragonite|Dragonite, M, shiny|100/100
|turn|16
|
|t:|1627950224
|switch|p1a: Corviknight|Corviknight, M, shiny|75/100
|-damage|p1a: Corviknight|63/100|[from] Stealth Rock
|-ability|p1a: Corviknight|Pressure
|move|p2a: Dragonite|Ice Punch|p1a: Corviknight
|-damage|p1a: Corviknight|47/100
|
|upkeep
|turn|17
|
|t:|1627950227
|move|p2a: Dragonite|Dragon Dance|p2a: Dragonite
|-boost|p2a: Dragonite|atk|1
|-boost|p2a: Dragonite|spe|1
|move|p1a: Corviknight|Roost|p1a: Corviknight
|-heal|p1a: Corviknight|97/100
|-singleturn|p1a: Corviknight|move: Roost
|
|-fieldend|move: Electric Terrain
|upkeep
|turn|18
|
|t:|1627950235
|move|p2a: Dragonite|Dragon Dance|p2a: Dragonite
|-boost|p2a: Dragonite|atk|1
|-boost|p2a: Dragonite|spe|1
|move|p1a: Corviknight|Defog|p2a: Dragonite
|-unboost|p2a: Dragonite|evasion|1
|-sideend|p1: Cubielubie|Spikes|[from] move: Defog|[of] p1a: Corviknight
|-sideend|p1: Cubielubie|Stealth Rock|[from] move: Defog|[of] p1a: Corviknight
|
|upkeep
|turn|19
|
|t:|1627950237
|move|p2a: Dragonite|Ice Punch|p1a: Corviknight
|-damage|p1a: Corviknight|61/100
|move|p1a: Corviknight|Brave Bird|p2a: Dragonite
|-damage|p2a: Dragonite|81/100
|-damage|p1a: Corviknight|56/100|[from] Recoil
|
|upkeep
|turn|20
|
|t:|1627950240
|move|p2a: Dragonite|Dragon Dance|p2a: Dragonite
|-boost|p2a: Dragonite|atk|1
|-boost|p2a: Dragonite|spe|1
|move|p1a: Corviknight|Roost|p1a: Corviknight
|-heal|p1a: Corviknight|100/100
|-singleturn|p1a: Corviknight|move: Roost
|
|upkeep
|turn|21
|
|t:|1627950243
|move|p2a: Dragonite|Ice Punch|p1a: Corviknight
|-damage|p1a: Corviknight|62/100
|move|p1a: Corviknight|Brave Bird|p2a: Dragonite
|-damage|p2a: Dragonite|36/100
|-damage|p1a: Corviknight|50/100|[from] Recoil
|
|upkeep
|turn|22
|-message|yungtoasterbread forfeited.
|
|win|Cubielubie
|l|☆yungtoasterbread
|raw|Cubielubie's rating: 1551 &rarr; <strong>1573</strong><br />(+22 for winning)
|raw|yungtoasterbread's rating: 1594 &rarr; <strong>1572</strong><br />(-22 for losing)
||Ladder isn't responding, score probably updated but might not have (Request timeout).
