|j|☆mimilimi
|j|☆SrKalopsia
|inactive|Battle timer is ON: inactive players will automatically lose when time's up.
|t:|1666955942
|gametype|singles
|player|p1|mimilimi|preschooler|
|player|p2|SrKalopsia|leon-masters|
|teamsize|p1|6
|teamsize|p2|6
|gen|8
|tier|[Gen 8] OU
|rated|Tournament battle
|rule|Sleep Clause Mod: Limit one foe put to sleep
|rule|Species Clause: Limit one of each Pokémon
|rule|OHKO Clause: OHKO moves are banned
|rule|Evasion Items Clause: Evasion items are banned
|rule|Evasion Moves Clause: Evasion moves are banned
|rule|Endless Battle Clause: Forcing endless battles is banned
|rule|HP Percentage Mod: HP is shown in percentages
|rule|Dynamax Clause: You cannot dynamax
|clearpoke
|poke|p1|Zapdos|
|poke|p1|Landorus-Therian, M|
|poke|p1|Vanilluxe, M|
|poke|p1|Melmetal|
|poke|p1|Slowking, F|
|poke|p1|Urshifu-*, F|
|poke|p2|Pelipper, F|
|poke|p2|Seismitoad, M|
|poke|p2|Zapdos|
|poke|p2|Ferrothorn, F|
|poke|p2|Barraskewda, M|
|poke|p2|Crawdaunt, F|
|teampreview
|inactive|SrKalopsia also wants the timer to be on.
|j|%moondazing
|c|☆mimilimi|gl
|j| deskeedee(alt)
|j| Fogoit
|
|t:|1666955959
|start
|switch|p1a: young sheldon|Slowking, F, shiny|100/100
|switch|p2a: Shinichi Kuda|Barraskewda, M, shiny|100/100
|turn|1
|j|@Sww-Suwa
|
|t:|1666955967
|move|p2a: Shinichi Kuda|Crunch|p1a: young sheldon
|-supereffective|p1a: young sheldon
|-damage|p1a: young sheldon|32/100
|move|p1a: young sheldon|Teleport|p1a: young sheldon
|
|t:|1666955971
|switch|p1a: alberto basalm|Urshifu-Rapid-Strike, F|100/100|[from]move: Teleport
|
|upkeep
|turn|2
|
|t:|1666955977
|switch|p2a: Big Mouth|Pelipper, F, shiny|100/100
|-weather|RainDance|[from] ability: Drizzle|[of] p2a: Big Mouth
|move|p1a: alberto basalm|U-turn|p2a: Big Mouth
|-resisted|p2a: Big Mouth
|-damage|p2a: Big Mouth|86/100
|
|t:|1666955980
|switch|p1a: icy wiener|Vanilluxe, M, shiny|100/100|[from]move: U-turn
|-weather|Hail|[from] ability: Snow Warning|[of] p1a: icy wiener
|
|-weather|Hail|[upkeep]
|-damage|p2a: Big Mouth|80/100|[from] Hail
|upkeep
|turn|3
|
|t:|1666955982
|switch|p2a: Shiny Pot|Ferrothorn, F, shiny|100/100
|move|p1a: icy wiener|Blizzard|p2a: Shiny Pot
|-damage|p2a: Shiny Pot|33/100
|-status|p2a: Shiny Pot|frz
|
|-weather|Hail|[upkeep]
|-damage|p2a: Shiny Pot|27/100 frz|[from] Hail
|-heal|p2a: Shiny Pot|33/100 frz|[from] item: Leftovers
|upkeep
|turn|4
|j| Aftx
|
|t:|1666955990
|move|p1a: icy wiener|Blizzard|p2a: Shiny Pot
|-damage|p2a: Shiny Pot|0 fnt
|faint|p2a: Shiny Pot
|
|-weather|Hail|[upkeep]
|upkeep
|c| Fogoit|holy shit
|
|t:|1666956008
|switch|p2a: Big Mouth|Pelipper, F, shiny|80/100
|-weather|RainDance|[from] ability: Drizzle|[of] p2a: Big Mouth
|turn|5
|
|t:|1666956015
|switch|p2a: Donatello|Seismitoad, M, shiny|100/100
|move|p1a: icy wiener|Blizzard|p2a: Donatello
|-damage|p2a: Donatello|0 fnt
|faint|p2a: Donatello
|
|-weather|RainDance|[upkeep]
|upkeep
|c| Fogoit|thats def thorn or vanilluxe is actually pog?
|
|t:|1666956020
|switch|p2a: Shinichi Kuda|Barraskewda, M, shiny|100/100
|turn|6
|
|t:|1666956031
|switch|p1a: dorian electra|Zapdos|100/100
|move|p2a: Shinichi Kuda|Liquidation|p1a: dorian electra
|-damage|p1a: dorian electra|18/100
|
|-weather|RainDance|[upkeep]
|upkeep
|turn|7
|
|t:|1666956036
|move|p2a: Shinichi Kuda|Liquidation|p1a: dorian electra
|-damage|p1a: dorian electra|0 fnt
|faint|p1a: dorian electra
|
|-weather|RainDance|[upkeep]
|upkeep
|
|t:|1666956063
|switch|p1a: alberto basalm|Urshifu-Rapid-Strike, F|100/100
|turn|8
|
|t:|1666956073
|switch|p2a: Fried Chicken|Zapdos, shiny|100/100
|move|p1a: alberto basalm|U-turn|p2a: Fried Chicken
|-resisted|p2a: Fried Chicken
|-crit|p2a: Fried Chicken
|-damage|p2a: Fried Chicken|76/100
|-status|p1a: alberto basalm|par|[from] ability: Static|[of] p2a: Fried Chicken
|
|t:|1666956076
|switch|p1a: icy wiener|Vanilluxe, M, shiny|100/100|[from]move: U-turn
|-weather|Hail|[from] ability: Snow Warning|[of] p1a: icy wiener
|
|-weather|Hail|[upkeep]
|-damage|p2a: Fried Chicken|70/100|[from] Hail
|upkeep
|turn|9
|c|☆mimilimi|:(
|
|t:|1666956085
|move|p2a: Fried Chicken|Thunder|p1a: icy wiener
|-damage|p1a: icy wiener|33/100
|-status|p1a: icy wiener|par
|move|p1a: icy wiener|Freeze-Dry|p2a: Fried Chicken
|-supereffective|p2a: Fried Chicken
|-damage|p2a: Fried Chicken|0 fnt
|faint|p2a: Fried Chicken
|
|-weather|Hail|[upkeep]
|upkeep
|
|t:|1666956090
|switch|p2a: Shinichi Kuda|Barraskewda, M, shiny|100/100
|turn|10
|c|☆mimilimi|stop para :(
|
|t:|1666956101
|move|p2a: Shinichi Kuda|Liquidation|p1a: icy wiener
|-damage|p1a: icy wiener|0 fnt
|faint|p1a: icy wiener
|
|-weather|Hail|[upkeep]
|-damage|p2a: Shinichi Kuda|94/100|[from] Hail
|upkeep
|
|t:|1666956115
|switch|p1a: metal auf metal|Melmetal|100/100
|turn|11
|
|t:|1666956118
|switch|p2a: Big Mouth|Pelipper, F, shiny|80/100
|-weather|RainDance|[from] ability: Drizzle|[of] p2a: Big Mouth
|move|p1a: metal auf metal|Toxic|p2a: Big Mouth
|-status|p2a: Big Mouth|tox
|
|-weather|RainDance|[upkeep]
|-damage|p2a: Big Mouth|74/100 tox|[from] psn
|upkeep
|turn|12
|
|t:|1666956135
|move|p2a: Big Mouth|U-turn|p1a: metal auf metal
|-resisted|p1a: metal auf metal
|-damage|p1a: metal auf metal|98/100
|
|t:|1666956140
|switch|p2a: Cangreburger|Crawdaunt, F, shiny|100/100|[from]move: U-turn
|move|p1a: metal auf metal|Double Iron Bash|p2a: Cangreburger
|-resisted|p2a: Cangreburger
|-damage|p2a: Cangreburger|70/100
|-resisted|p2a: Cangreburger
|-damage|p2a: Cangreburger|40/100
|-hitcount|p2a: Cangreburger|2
|
|-weather|RainDance|[upkeep]
|-heal|p1a: metal auf metal|100/100|[from] item: Leftovers
|upkeep
|turn|13
|
|t:|1666956146
|switch|p1a: damo suzuki|Landorus-Therian, M, shiny|100/100
|-ability|p1a: damo suzuki|Intimidate|boost
|-unboost|p2a: Cangreburger|atk|1
|move|p2a: Cangreburger|Liquidation|p1a: damo suzuki
|-supereffective|p1a: damo suzuki
|-damage|p1a: damo suzuki|0 fnt
|faint|p1a: damo suzuki
|-damage|p2a: Cangreburger|30/100|[from] item: Life Orb
|
|-weather|RainDance|[upkeep]
|upkeep
|
|t:|1666956152
|switch|p1a: alberto basalm|Urshifu-Rapid-Strike, F|100/100 par
|turn|14
|
|t:|1666956157
|switch|p2a: Big Mouth|Pelipper, F, shiny|74/100 tox
|move|p1a: alberto basalm|U-turn|p2a: Big Mouth
|-resisted|p2a: Big Mouth
|-damage|p2a: Big Mouth|59/100 tox
|
|t:|1666956159
|switch|p1a: metal auf metal|Melmetal|100/100|[from]move: U-turn
|
|-weather|RainDance|[upkeep]
|-damage|p2a: Big Mouth|53/100 tox|[from] psn
|upkeep
|turn|15
|
|t:|1666956172
|move|p1a: metal auf metal|Protect|p1a: metal auf metal
|-singleturn|p1a: metal auf metal|Protect
|move|p2a: Big Mouth|Roost|p2a: Big Mouth
|-heal|p2a: Big Mouth|100/100 tox
|-singleturn|p2a: Big Mouth|move: Roost
|
|-weather|RainDance|[upkeep]
|-damage|p2a: Big Mouth|88/100 tox|[from] psn
|upkeep
|turn|16
|
|t:|1666956183
|move|p2a: Big Mouth|Hurricane|p1a: metal auf metal
|-resisted|p1a: metal auf metal
|-damage|p1a: metal auf metal|84/100
|move|p1a: metal auf metal|Double Iron Bash|p2a: Big Mouth
|-resisted|p2a: Big Mouth
|-damage|p2a: Big Mouth|65/100 tox
|-resisted|p2a: Big Mouth
|-damage|p2a: Big Mouth|43/100 tox
|-hitcount|p2a: Big Mouth|2
|
|-weather|RainDance|[upkeep]
|-heal|p1a: metal auf metal|91/100|[from] item: Leftovers
|-damage|p2a: Big Mouth|24/100 tox|[from] psn
|upkeep
|turn|17
|
|t:|1666956192
|move|p2a: Big Mouth|U-turn|p1a: metal auf metal
|-resisted|p1a: metal auf metal
|-damage|p1a: metal auf metal|88/100
|
|t:|1666956193
|switch|p2a: Cangreburger|Crawdaunt, F, shiny|30/100|[from]move: U-turn
|move|p1a: metal auf metal|Earthquake|p2a: Cangreburger
|-damage|p2a: Cangreburger|0 fnt
|faint|p2a: Cangreburger
|
|-weather|RainDance|[upkeep]
|-heal|p1a: metal auf metal|94/100|[from] item: Leftovers
|upkeep
|
|t:|1666956195
|switch|p2a: Shinichi Kuda|Barraskewda, M, shiny|94/100
|turn|18
|
|t:|1666956198
|move|p1a: metal auf metal|Protect|p1a: metal auf metal
|-singleturn|p1a: metal auf metal|Protect
|move|p2a: Shinichi Kuda|Close Combat|p1a: metal auf metal
|-activate|p1a: metal auf metal|move: Protect
|
|-weather|none
|-heal|p1a: metal auf metal|99/100|[from] item: Leftovers
|upkeep
|turn|19
|
|t:|1666956205
|switch|p2a: Big Mouth|Pelipper, F, shiny|24/100 tox
|-weather|RainDance|[from] ability: Drizzle|[of] p2a: Big Mouth
|move|p1a: metal auf metal|Double Iron Bash|p2a: Big Mouth
|-resisted|p2a: Big Mouth
|-damage|p2a: Big Mouth|0 fnt
|faint|p2a: Big Mouth
|-hitcount|p2: Big Mouth|1
|
|-weather|RainDance|[upkeep]
|-heal|p1a: metal auf metal|100/100|[from] item: Leftovers
|upkeep
|
|t:|1666956207
|switch|p2a: Shinichi Kuda|Barraskewda, M, shiny|94/100
|turn|20
|c|☆mimilimi|gg?
|
|t:|1666956211
|move|p1a: metal auf metal|Protect|p1a: metal auf metal
|-singleturn|p1a: metal auf metal|Protect
|move|p2a: Shinichi Kuda|Liquidation|p1a: metal auf metal
|-activate|p1a: metal auf metal|move: Protect
|
|-weather|RainDance|[upkeep]
|upkeep
|turn|21
|
|t:|1666956222
|move|p2a: Shinichi Kuda|Liquidation|p1a: metal auf metal
|-damage|p1a: metal auf metal|39/100
|-unboost|p1a: metal auf metal|def|1
|move|p1a: metal auf metal|Double Iron Bash|p2a: Shinichi Kuda
|-resisted|p2a: Shinichi Kuda
|-damage|p2a: Shinichi Kuda|48/100
|-resisted|p2a: Shinichi Kuda
|-damage|p2a: Shinichi Kuda|6/100
|-hitcount|p2a: Shinichi Kuda|2
|
|-weather|RainDance|[upkeep]
|-heal|p1a: metal auf metal|45/100|[from] item: Leftovers
|upkeep
|turn|22
|
|t:|1666956228
|move|p1a: metal auf metal|Protect|p1a: metal auf metal
|-singleturn|p1a: metal auf metal|Protect
|move|p2a: Shinichi Kuda|Liquidation|p1a: metal auf metal
|-activate|p1a: metal auf metal|move: Protect
|
|-weather|RainDance|[upkeep]
|-heal|p1a: metal auf metal|51/100|[from] item: Leftovers
|upkeep
|turn|23
|
|t:|1666956230
|move|p1a: metal auf metal|Protect||[still]
|-fail|p1a: metal auf metal
|move|p2a: Shinichi Kuda|Liquidation|p1a: metal auf metal
|-damage|p1a: metal auf metal|0 fnt
|faint|p1a: metal auf metal
|
|-weather|RainDance|[upkeep]
|upkeep
|
|t:|1666956233
|switch|p1a: young sheldon|Slowking, F, shiny|66/100
|turn|24
|
|t:|1666956239
|move|p2a: Shinichi Kuda|Liquidation|p1a: young sheldon
|-resisted|p1a: young sheldon
|-damage|p1a: young sheldon|30/100
|move|p1a: young sheldon|Scald|p2a: Shinichi Kuda
|-resisted|p2a: Shinichi Kuda
|-damage|p2a: Shinichi Kuda|0 fnt
|faint|p2a: Shinichi Kuda
|
|win|mimilimi
|n|☆mimilimi|mimilimi
|n|☆SrKalopsia|srkalopsia
|n|+moondazing|moondazing
|n| deskeedee(alt)|deskeedeealt
|n| Fogoit|fogoit
|n| Sww-Suwa|swwsuwa
|n| Aftx|aftx
|l|☆SrKalopsia
