|j|☆branquigne v6
|j|☆Sombra Diurna
|t:|1644849786
|gametype|singles
|player|p1|branquigne v6|2|1848
|player|p2|Sombra Diurna|chili|1768
|teamsize|p1|6
|teamsize|p2|6
|gen|8
|tier|[Gen 8] OU
|rated|
|rule|Sleep Clause Mod: Limit one foe put to sleep
|rule|Species Clause: Limit one of each Pokémon
|rule|OHKO Clause: OHKO moves are banned
|rule|Evasion Moves Clause: Evasion moves are banned
|rule|Endless Battle Clause: Forcing endless battles is banned
|rule|HP Percentage Mod: HP is shown in percentages
|rule|Dynamax Clause: You cannot dynamax
|clearpoke
|poke|p1|Dragapult, F|
|poke|p1|Ferrothorn, F|
|poke|p1|Heatran, F|
|poke|p1|Nidoking, M|
|poke|p1|Tapu Lele|
|poke|p1|Landorus-Therian, M|
|poke|p2|Slowbro, F|
|poke|p2|Hatterene, F|
|poke|p2|Marowak-Alola, F|
|poke|p2|Ferrothorn, M|
|poke|p2|Garchomp, M|
|poke|p2|Drampa, F|
|teampreview
|inactive|Battle timer is ON: inactive players will automatically lose when time's up. (requested by Sombra Diurna)
|
|t:|1644849810
|start
|switch|p1a: Heatran|Heatran, F|100/100
|switch|p2a: Sharpo|Garchomp, M|100/100
|-item|p1a: Heatran|Air Balloon
|turn|1
|
|t:|1644849817
|move|p2a: Sharpo|Swords Dance|p2a: Sharpo
|-boost|p2a: Sharpo|atk|2
|move|p1a: Heatran|Toxic|p2a: Sharpo
|-status|p2a: Sharpo|tox
|
|-damage|p2a: Sharpo|94/100 tox|[from] psn
|upkeep
|turn|2
|
|t:|1644849825
|move|p2a: Sharpo|Swords Dance|p2a: Sharpo
|-boost|p2a: Sharpo|atk|2
|move|p1a: Heatran|Stealth Rock|p2a: Sharpo
|-sidestart|p2: Sombra Diurna|move: Stealth Rock
|
|-heal|p2a: Sharpo|100/100 tox|[from] item: Leftovers
|-damage|p2a: Sharpo|88/100 tox|[from] psn
|upkeep
|turn|3
|j| crackpipealt
|
|t:|1644849835
|switch|p1a: Ferrothorn|Ferrothorn, F|100/100
|move|p2a: Sharpo|Scale Shot|p1a: Ferrothorn
|-resisted|p1a: Ferrothorn
|-damage|p1a: Ferrothorn|89/100
|-resisted|p1a: Ferrothorn
|-damage|p1a: Ferrothorn|77/100
|-hitcount|p1a: Ferrothorn|2
|-unboost|p2a: Sharpo|def|1
|-boost|p2a: Sharpo|spe|1
|
|-heal|p2a: Sharpo|94/100 tox|[from] item: Leftovers
|-heal|p1a: Ferrothorn|84/100|[from] item: Leftovers
|-damage|p2a: Sharpo|76/100 tox|[from] psn
|upkeep
|turn|4
|
|t:|1644849848
|move|p1a: Ferrothorn|Protect|p1a: Ferrothorn
|-singleturn|p1a: Ferrothorn|Protect
|move|p2a: Sharpo|Earthquake|p1a: Ferrothorn
|-activate|p1a: Ferrothorn|move: Protect
|
|-heal|p2a: Sharpo|82/100 tox|[from] item: Leftovers
|-heal|p1a: Ferrothorn|90/100|[from] item: Leftovers
|-damage|p2a: Sharpo|57/100 tox|[from] psn
|upkeep
|turn|5
|
|t:|1644849861
|switch|p1a: Tapu Lele|Tapu Lele|100/100
|-fieldstart|move: Psychic Terrain|[from] ability: Psychic Surge|[of] p1a: Tapu Lele
|move|p2a: Sharpo|Earthquake|p1a: Tapu Lele
|-crit|p1a: Tapu Lele
|-damage|p1a: Tapu Lele|0 fnt
|faint|p1a: Tapu Lele
|
|-heal|p2a: Sharpo|64/100 tox|[from] item: Leftovers
|-damage|p2a: Sharpo|33/100 tox|[from] psn
|upkeep
|
|t:|1644849870
|switch|p1a: Ferrothorn|Ferrothorn, F|90/100
|turn|6
|
|t:|1644849874
|switch|p2a: Thorns|Ferrothorn, M|100/100
|-damage|p2a: Thorns|94/100|[from] Stealth Rock
|move|p1a: Ferrothorn|Protect||[still]
|-fail|p1a: Ferrothorn
|
|-heal|p1a: Ferrothorn|96/100|[from] item: Leftovers
|-heal|p2a: Thorns|100/100|[from] item: Leftovers
|upkeep
|turn|7
|
|t:|1644849882
|move|p1a: Ferrothorn|Knock Off|p2a: Thorns
|-damage|p2a: Thorns|85/100
|-damage|p1a: Ferrothorn|84/100|[from] ability: Iron Barbs|[of] p2a: Thorns
|-enditem|p2a: Thorns|Leftovers|[from] move: Knock Off|[of] p1a: Ferrothorn
|move|p2a: Thorns|Stealth Rock|p1a: Ferrothorn
|-sidestart|p1: branquigne v6|move: Stealth Rock
|
|-heal|p1a: Ferrothorn|90/100|[from] item: Leftovers
|upkeep
|turn|8
|
|t:|1644849895
|switch|p2a: Sonso|Slowbro, F|100/100
|-damage|p2a: Sonso|88/100|[from] Stealth Rock
|move|p1a: Ferrothorn|Knock Off|p2a: Sonso
|-supereffective|p2a: Sonso
|-enditem|p2a: Sonso|Colbur Berry|[eat]
|-enditem|p2a: Sonso|Colbur Berry|[weaken]
|-damage|p2a: Sonso|75/100
|
|-heal|p1a: Ferrothorn|96/100|[from] item: Leftovers
|upkeep
|turn|9
|
|t:|1644849904
|move|p1a: Ferrothorn|Spikes|p2a: Sonso
|-sidestart|p2: Sombra Diurna|Spikes
|move|p2a: Sonso|Scald|p1a: Ferrothorn
|-resisted|p1a: Ferrothorn
|-damage|p1a: Ferrothorn|84/100
|
|-heal|p1a: Ferrothorn|90/100|[from] item: Leftovers
|-fieldend|move: Psychic Terrain
|upkeep
|turn|10
|
|t:|1644849912
|switch|p2a: Hatterene|Hatterene, F|100/100
|-damage|p2a: Hatterene|88/100|[from] Stealth Rock
|-damage|p2a: Hatterene|76/100|[from] Spikes
|move|p1a: Ferrothorn|Knock Off|p2a: Hatterene
|-damage|p2a: Hatterene|50/100
|-enditem|p2a: Hatterene|Kasib Berry|[from] move: Knock Off|[of] p1a: Ferrothorn
|
|-heal|p1a: Ferrothorn|96/100|[from] item: Leftovers
|upkeep
|turn|11
|
|t:|1644849927
|switch|p1a: Heatran|Heatran, F|100/100
|-damage|p1a: Heatran|88/100|[from] Stealth Rock
|-item|p1a: Heatran|Air Balloon
|move|p2a: Hatterene|Trick Room|p2a: Hatterene
|-fieldstart|move: Trick Room|[of] p2a: Hatterene
|
|upkeep
|turn|12
|j| ggrrrgf
|
|t:|1644849936
|move|p2a: Hatterene|Healing Wish|p2a: Hatterene
|faint|p2a: Hatterene
|move|p1a: Heatran|Magma Storm|p2: Hatterene|[notarget]
|-fail|p1a: Heatran
|
|upkeep
|
|t:|1644849940
|switch|p2a: Billy B.|Marowak-Alola, F|100/100
|-damage|p2a: Billy B.|76/100|[from] Stealth Rock
|-damage|p2a: Billy B.|63/100|[from] Spikes
|turn|13
|
|t:|1644849950
|switch|p1a: Landorus|Landorus-Therian, M|100/100
|-damage|p1a: Landorus|88/100|[from] Stealth Rock
|-ability|p1a: Landorus|Intimidate|boost
|-unboost|p2a: Billy B.|atk|1
|move|p2a: Billy B.|Poltergeist|p1a: Landorus
|-activate|p1a: Landorus|move: Poltergeist|Rocky Helmet
|-damage|p1a: Landorus|44/100
|
|upkeep
|turn|14
|
|t:|1644849961
|move|p2a: Billy B.|Flare Blitz|p1a: Landorus
|-damage|p1a: Landorus|0 fnt
|-damage|p2a: Billy B.|47/100|[from] item: Rocky Helmet|[of] p1a: Landorus
|faint|p1a: Landorus
|
|upkeep
|
|t:|1644849973
|switch|p1a: Ferrothorn|Ferrothorn, F|96/100
|-damage|p1a: Ferrothorn|90/100|[from] Stealth Rock
|turn|15
|j| kamiomaple01
|inactive|Sombra Diurna has 120 seconds left.
|
|t:|1644850012
|move|p1a: Ferrothorn|Knock Off|p2a: Billy B.
|-supereffective|p2a: Billy B.
|-damage|p2a: Billy B.|8/100
|-enditem|p2a: Billy B.|Thick Club|[from] move: Knock Off|[of] p1a: Ferrothorn
|move|p2a: Billy B.|Substitute|p2a: Billy B.
|-fail|p2a: Billy B.|move: Substitute|[weak]
|
|-heal|p1a: Ferrothorn|96/100|[from] item: Leftovers
|-fieldend|move: Trick Room
|upkeep
|turn|16
|inactive|Sombra Diurna has 120 seconds left.
|
|t:|1644850028
|switch|p1a: Heatran|Heatran, F|88/100
|-damage|p1a: Heatran|76/100|[from] Stealth Rock
|-item|p1a: Heatran|Air Balloon
|move|p2a: Billy B.|Flare Blitz|p1a: Heatran
|-start|p1a: Heatran|ability: Flash Fire
|
|upkeep
|turn|17
|j| AlIoutdragadarts
|inactive|Sombra Diurna has 120 seconds left.
|
|t:|1644850046
|move|p1a: Heatran|Earth Power|p2a: Billy B.
|-supereffective|p2a: Billy B.
|-damage|p2a: Billy B.|0 fnt
|faint|p2a: Billy B.
|
|upkeep
|
|t:|1644850056
|switch|p2a: Falko|Drampa, F|100/100
|-damage|p2a: Falko|88/100|[from] Stealth Rock
|-damage|p2a: Falko|76/100|[from] Spikes
|turn|18
|
|t:|1644850089
|move|p1a: Heatran|Magma Storm|p2a: Falko
|-resisted|p2a: Falko
|-damage|p2a: Falko|43/100
|-activate|p2a: Falko|move: Magma Storm|[of] p1a: Heatran
|-ability|p2a: Falko|Berserk|boost
|-boost|p2a: Falko|spa|1
|move|p2a: Falko|Ice Beam|p1a: Heatran
|-resisted|p1a: Heatran
|-damage|p1a: Heatran|64/100
|-enditem|p1a: Heatran|Air Balloon
|-damage|p2a: Falko|33/100|[from] item: Life Orb
|
|-damage|p2a: Falko|21/100|[from] move: Magma Storm|[partiallytrapped]
|upkeep
|turn|19
|
|t:|1644850102
|move|p1a: Heatran|Earth Power|p2a: Falko
|-damage|p2a: Falko|0 fnt
|faint|p2a: Falko
|
|upkeep
|
|t:|1644850106
|switch|p2a: Sharpo|Garchomp, M|33/100 tox
|-heal|p2a: Sharpo|100/100|[from] move: Healing Wish
|-damage|p2a: Sharpo|88/100|[from] Spikes
|-damage|p2a: Sharpo|82/100|[from] Stealth Rock
|turn|20
|
|t:|1644850117
|move|p2a: Sharpo|Earthquake|p1a: Heatran
|-supereffective|p1a: Heatran
|-damage|p1a: Heatran|0 fnt
|faint|p1a: Heatran
|
|-heal|p2a: Sharpo|88/100|[from] item: Leftovers
|upkeep
|
|t:|1644850120
|switch|p1a: Dragapult|Dragapult, F|100/100
|-damage|p1a: Dragapult|88/100|[from] Stealth Rock
|turn|21
|
|t:|1644850129
|switch|p2a: Thorns|Ferrothorn, M|85/100
|-damage|p2a: Thorns|72/100|[from] Spikes
|-damage|p2a: Thorns|66/100|[from] Stealth Rock
|move|p1a: Dragapult|Dragon Darts|p2a: Thorns
|-resisted|p2a: Thorns
|-damage|p2a: Thorns|52/100
|-anim|p1a: Dragapult|Dragon Darts|p2a: Thorns
|-resisted|p2a: Thorns
|-damage|p2a: Thorns|38/100
|-damage|p1a: Dragapult|78/100|[from] item: Life Orb
|
|upkeep
|turn|22
|
|t:|1644850142
|switch|p2a: Sonso|Slowbro, F|100/100
|-damage|p2a: Sonso|88/100|[from] Spikes
|-damage|p2a: Sonso|76/100|[from] Stealth Rock
|move|p1a: Dragapult|Fire Blast|p2a: Sonso
|-resisted|p2a: Sonso
|-damage|p2a: Sonso|58/100
|-damage|p1a: Dragapult|69/100|[from] item: Life Orb
|
|upkeep
|turn|23
|
|t:|1644850153
|move|p1a: Dragapult|Dragon Darts|p2a: Sonso
|-damage|p2a: Sonso|36/100
|-anim|p1a: Dragapult|Dragon Darts|p2a: Sonso
|-damage|p2a: Sonso|14/100
|-damage|p1a: Dragapult|59/100|[from] item: Life Orb
|move|p2a: Sonso|Trick Room|p2a: Sonso
|-fieldstart|move: Trick Room|[of] p2a: Sonso
|
|upkeep
|turn|24
|
|t:|1644850162
|switch|p1a: Ferrothorn|Ferrothorn, F|96/100
|-damage|p1a: Ferrothorn|90/100|[from] Stealth Rock
|move|p2a: Sonso|Slack Off|p2a: Sonso
|-heal|p2a: Sonso|64/100
|
|-heal|p1a: Ferrothorn|96/100|[from] item: Leftovers
|upkeep
|turn|25
|inactive|Sombra Diurna has 120 seconds left.
|
|t:|1644850170
|move|p2a: Sonso|Scald|p1a: Ferrothorn
|-resisted|p1a: Ferrothorn
|-damage|p1a: Ferrothorn|85/100
|-status|p1a: Ferrothorn|brn
|move|p1a: Ferrothorn|Spikes|p2a: Sonso
|-sidestart|p2: Sombra Diurna|Spikes
|
|-heal|p1a: Ferrothorn|91/100 brn|[from] item: Leftovers
|-damage|p1a: Ferrothorn|85/100 brn|[from] brn
|upkeep
|turn|26
|
|t:|1644850182
|move|p2a: Sonso|Body Press|p1a: Ferrothorn
|-supereffective|p1a: Ferrothorn
|-damage|p1a: Ferrothorn|53/100 brn
|-damage|p2a: Sonso|51/100|[from] ability: Iron Barbs|[of] p1a: Ferrothorn
|move|p1a: Ferrothorn|Leech Seed|p2a: Sonso
|-start|p2a: Sonso|move: Leech Seed
|
|-heal|p1a: Ferrothorn|60/100 brn|[from] item: Leftovers
|-damage|p2a: Sonso|39/100|[from] Leech Seed|[of] p1a: Ferrothorn
|-heal|p1a: Ferrothorn|74/100 brn|[silent]
|-damage|p1a: Ferrothorn|67/100 brn|[from] brn
|upkeep
|turn|27
|
|t:|1644850193
|switch|p1a: Dragapult|Dragapult, F|59/100
|-damage|p1a: Dragapult|47/100|[from] Stealth Rock
|move|p2a: Sonso|Slack Off|p2a: Sonso
|-heal|p2a: Sonso|89/100
|
|-damage|p2a: Sonso|76/100|[from] Leech Seed|[of] p1a: Dragapult
|-heal|p1a: Dragapult|62/100|[silent]
|-fieldend|move: Trick Room
|upkeep
|turn|28
|inactive|Sombra Diurna has 120 seconds left.
|
|t:|1644850218
|move|p1a: Dragapult|Dragon Dance|p1a: Dragapult
|-boost|p1a: Dragapult|atk|1
|-boost|p1a: Dragapult|spe|1
|move|p2a: Sonso|Trick Room|p2a: Sonso
|-fieldstart|move: Trick Room|[of] p2a: Sonso
|
|-damage|p2a: Sonso|64/100|[from] Leech Seed|[of] p1a: Dragapult
|-heal|p1a: Dragapult|77/100|[silent]
|upkeep
|turn|29
|inactive|Sombra Diurna has 120 seconds left.
|
|t:|1644850226
|switch|p2a: Thorns|Ferrothorn, M|38/100
|-damage|p2a: Thorns|32/100|[from] Stealth Rock
|-damage|p2a: Thorns|15/100|[from] Spikes
|move|p1a: Dragapult|Dragon Dance|p1a: Dragapult
|-boost|p1a: Dragapult|atk|1
|-boost|p1a: Dragapult|spe|1
|
|upkeep
|turn|30
|
|t:|1644850235
|move|p2a: Thorns|Gyro Ball|p1a: Dragapult
|-damage|p1a: Dragapult|2/100
|move|p1a: Dragapult|Phantom Force||[still]
|-prepare|p1a: Dragapult|Phantom Force
|
|upkeep
|turn|31
|
|t:|1644850248
|move|p2a: Thorns|Leech Seed|p1a: Dragapult|[miss]
|-miss|p2a: Thorns|p1a: Dragapult
|move|p1a: Dragapult|Phantom Force|p2a: Thorns|[from]lockedmove
|-damage|p2a: Thorns|0 fnt
|-damage|p1a: Dragapult|0 fnt|[from] ability: Iron Barbs|[of] p2a: Thorns
|faint|p2a: Thorns
|faint|p1a: Dragapult
|
|upkeep
|
|t:|1644850256
|switch|p2a: Sonso|Slowbro, F|97/100
|switch|p1a: Nidoking|Nidoking, M|100/100
|-damage|p2a: Sonso|85/100|[from] Stealth Rock
|-damage|p2a: Sonso|68/100|[from] Spikes
|-damage|p1a: Nidoking|95/100|[from] Stealth Rock
|turn|32
|
|t:|1644850264
|move|p2a: Sonso|Scald|p1a: Nidoking
|-supereffective|p1a: Nidoking
|-damage|p1a: Nidoking|23/100
|move|p1a: Nidoking|Earth Power|p2a: Sonso
|-damage|p2a: Sonso|16/100
|
|-fieldend|move: Trick Room
|upkeep
|turn|33
|
|t:|1644850271
|move|p1a: Nidoking|Earth Power|p2a: Sonso
|-damage|p2a: Sonso|0 fnt
|faint|p2a: Sonso
|
|upkeep
|
|t:|1644850275
|switch|p2a: Sharpo|Garchomp, M|88/100
|-damage|p2a: Sharpo|72/100|[from] Spikes
|-damage|p2a: Sharpo|65/100|[from] Stealth Rock
|turn|34
|
|t:|1644850280
|switch|p1a: Ferrothorn|Ferrothorn, F|67/100 brn
|-damage|p1a: Ferrothorn|61/100 brn|[from] Stealth Rock
|move|p2a: Sharpo|Earthquake|p1a: Ferrothorn
|-damage|p1a: Ferrothorn|29/100 brn
|
|-heal|p2a: Sharpo|72/100|[from] item: Leftovers
|-heal|p1a: Ferrothorn|35/100 brn|[from] item: Leftovers
|-damage|p1a: Ferrothorn|29/100 brn|[from] brn
|upkeep
|turn|35
|j| DcMarvelAnimeFan
|
|t:|1644850294
|move|p2a: Sharpo|Scale Shot|p1a: Ferrothorn
|-resisted|p1a: Ferrothorn
|-damage|p1a: Ferrothorn|25/100 brn
|-resisted|p1a: Ferrothorn
|-damage|p1a: Ferrothorn|21/100 brn
|-resisted|p1a: Ferrothorn
|-damage|p1a: Ferrothorn|18/100 brn
|-hitcount|p1a: Ferrothorn|3
|-unboost|p2a: Sharpo|def|1
|-boost|p2a: Sharpo|spe|1
|move|p1a: Ferrothorn|Leech Seed|p2a: Sharpo|[miss]
|-miss|p1a: Ferrothorn|p2a: Sharpo
|
|-heal|p2a: Sharpo|78/100|[from] item: Leftovers
|-heal|p1a: Ferrothorn|24/100 brn|[from] item: Leftovers
|-damage|p1a: Ferrothorn|18/100 brn|[from] brn
|upkeep
|turn|36
|-message|branquigne v6 forfeited.
|
|win|Sombra Diurna
|raw|branquigne v6's rating: 1848 &rarr; <strong>1823</strong><br />(-25 for losing)
|raw|Sombra Diurna's rating: 1768 &rarr; <strong>1793</strong><br />(+25 for winning)
|l|☆branquigne v6
|l| ggrrrgf
|l| crackpipealt
|l| kamiomaple01
||Ladder isn't responding, score probably updated but might not have (Request timeout).
