|j|☆Pokefreak77
|j|‽asdadqawdq
|player|p1|Pokefreak77|1|1720
|player|p2|asdadqawdq|lady-gen3|1685
|teamsize|p1|6
|teamsize|p2|6
|gametype|singles
|gen|8
|tier|[Gen 8] OU
|rated|
|clearpoke
|poke|p1|Reuniclus, M|
|poke|p1|Toxapex, M|
|poke|p1|Skarmory, F|
|poke|p1|Chansey, F|
|poke|p1|Ditto|
|poke|p1|Weezing-Galar, F|
|poke|p2|Ribombee, M|
|poke|p2|Terrakion|
|poke|p2|Diggersby, M|
|poke|p2|Magearna|
|poke|p2|Cinderace, M|
|poke|p2|Azumarill, M|
|rule|Sleep Clause Mod: Limit one foe put to sleep
|rule|Species Clause: Limit one of each Pokémon
|rule|OHKO Clause: OHKO moves are banned
|rule|Evasion Moves Clause: Evasion moves are banned
|rule|Endless Battle Clause: Forcing endless battles is banned
|rule|HP Percentage Mod: HP is shown in percentages
|rule|Dynamax Clause: You cannot dynamax
|teampreview
|
|start
|switch|p1a: Toxapex|Toxapex, M|100/100
|switch|p2a: Terrakion|Terrakion|100/100
|turn|1
|
|move|p2a: Terrakion|Stealth Rock|p1a: Toxapex
|-sidestart|p1: Pokefreak77|move: Stealth Rock
|move|p1a: Toxapex|Scald|p2a: Terrakion
|-supereffective|p2a: Terrakion
|-damage|p2a: Terrakion|65/100
|
|upkeep
|turn|2
|
|switch|p2a: Ribombee|Ribombee, M|100/100
|move|p1a: Toxapex|Scald|p2a: Ribombee
|-damage|p2a: Ribombee|69/100
|
|upkeep
|turn|3
|
|move|p2a: Ribombee|Stun Spore|p1a: Toxapex
|-status|p1a: Toxapex|par
|cant|p1a: Toxapex|par
|
|upkeep
|turn|4
|
|move|p2a: Ribombee|Sticky Web|p1a: Toxapex
|-sidestart|p1: Pokefreak77|move: Sticky Web
|move|p1a: Toxapex|Toxic Spikes|p2a: Ribombee
|-sidestart|p2: asdadqawdq|move: Toxic Spikes
|
|upkeep
|turn|5
|
|switch|p2a: Diggersby|Diggersby, M, shiny|100/100
|-status|p2a: Diggersby|psn
|move|p1a: Toxapex|Knock Off|p2a: Diggersby
|-damage|p2a: Diggersby|82/100 psn
|-enditem|p2a: Diggersby|Blunder Policy|[from] move: Knock Off|[of] p1a: Toxapex
|
|-damage|p2a: Diggersby|70/100 psn|[from] psn
|upkeep
|turn|6
|
|move|p2a: Diggersby|Swords Dance|p2a: Diggersby
|-boost|p2a: Diggersby|atk|2
|move|p1a: Toxapex|Scald|p2a: Diggersby
|-supereffective|p2a: Diggersby
|-damage|p2a: Diggersby|23/100 psn
|
|-damage|p2a: Diggersby|11/100 psn|[from] psn
|upkeep
|turn|7
|
|switch|p1a: Skarmory|Skarmory, F|100/100
|-damage|p1a: Skarmory|88/100|[from] Stealth Rock
|move|p2a: Diggersby|Fire Punch|p1a: Skarmory
|-supereffective|p1a: Skarmory
|-damage|p1a: Skarmory|8/100
|
|-damage|p2a: Diggersby|0 fnt|[from] psn
|faint|p2a: Diggersby
|upkeep
|
|switch|p2a: Cinderace|Cinderace, M|100/100
|turn|8
|
|move|p2a: Cinderace|Bulk Up|p2a: Cinderace
|-start|p2a: Cinderace|typechange|Fighting|[from] ability: Libero
|-boost|p2a: Cinderace|atk|1
|-boost|p2a: Cinderace|def|1
|move|p1a: Skarmory|Roost|p1a: Skarmory
|-heal|p1a: Skarmory|58/100
|-singleturn|p1a: Skarmory|move: Roost
|
|upkeep
|turn|9
|
|move|p2a: Cinderace|Pyro Ball|p1a: Skarmory
|-start|p2a: Cinderace|typechange|Fire|[from] ability: Libero
|-supereffective|p1a: Skarmory
|-damage|p1a: Skarmory|0 fnt
|faint|p1a: Skarmory
|
|upkeep
|
|switch|p1a: Toxapex|Toxapex, M|100/100 par
|-activate|p1a: Toxapex|move: Sticky Web
|-unboost|p1a: Toxapex|spe|1
|-damage|p1a: Toxapex|88/100 par|[from] Stealth Rock
|turn|10
|
|move|p2a: Cinderace|Zen Headbutt|p1a: Toxapex
|-start|p2a: Cinderace|typechange|Psychic|[from] ability: Libero
|-supereffective|p1a: Toxapex
|-damage|p1a: Toxapex|16/100 par
|move|p1a: Toxapex|Knock Off|p2a: Cinderace
|-supereffective|p2a: Cinderace
|-damage|p2a: Cinderace|71/100
|-enditem|p2a: Cinderace|Heavy-Duty Boots|[from] move: Knock Off|[of] p1a: Toxapex
|
|-heal|p1a: Toxapex|22/100 par|[from] item: Black Sludge
|upkeep
|turn|11
|
|switch|p1a: Weezing|Weezing-Galar, F|100/100
|-ability|p1a: Weezing|Neutralizing Gas
|-damage|p1a: Weezing|88/100|[from] Stealth Rock
|-activate|p1a: Weezing|move: Sticky Web
|-unboost|p1a: Weezing|spe|1
|move|p2a: Cinderace|Pyro Ball|p1a: Weezing
|-damage|p1a: Weezing|48/100
|
|-heal|p1a: Weezing|54/100|[from] item: Black Sludge
|upkeep
|turn|12
|
|move|p2a: Cinderace|Zen Headbutt|p1a: Weezing
|-supereffective|p1a: Weezing
|-damage|p1a: Weezing|0 fnt
|faint|p1a: Weezing
|
|upkeep
|
|switch|p1a: Ditto|Ditto|100/100
|-damage|p1a: Ditto|88/100|[from] Stealth Rock
|-activate|p1a: Ditto|move: Sticky Web
|-unboost|p1a: Ditto|spe|1
|-transform|p1a: Ditto|p2a: Cinderace|[from] ability: Imposter
|turn|13
|
|move|p1a: Ditto|Pyro Ball|p2a: Cinderace
|-start|p1a: Ditto|typechange|Fire|[from] ability: Libero
|-damage|p2a: Cinderace|0 fnt
|faint|p2a: Cinderace
|
|upkeep
|
|switch|p2a: Terrakion|Terrakion|65/100
|-status|p2a: Terrakion|psn
|turn|14
|
|move|p1a: Ditto|Pyro Ball|p2a: Terrakion
|-resisted|p2a: Terrakion
|-damage|p2a: Terrakion|17/100 psn
|move|p2a: Terrakion|Rock Tomb|p1a: Ditto
|-supereffective|p1a: Ditto
|-damage|p1a: Ditto|24/100
|-unboost|p1a: Ditto|spe|1
|
|-damage|p2a: Terrakion|5/100 psn|[from] psn
|upkeep
|turn|15
|
|switch|p1a: Toxapex|Toxapex, M|56/100 par
|-activate|p1a: Toxapex|move: Sticky Web
|-unboost|p1a: Toxapex|spe|1
|-damage|p1a: Toxapex|43/100 par|[from] Stealth Rock
|move|p2a: Terrakion|Close Combat|p1a: Toxapex
|-resisted|p1a: Toxapex
|-damage|p1a: Toxapex|26/100 par
|-unboost|p2a: Terrakion|def|1
|-unboost|p2a: Terrakion|spd|1
|
|-heal|p1a: Toxapex|32/100 par|[from] item: Black Sludge
|-damage|p2a: Terrakion|0 fnt|[from] psn
|faint|p2a: Terrakion
|upkeep
|
|switch|p2a: Magearna|Magearna|100/100
|turn|16
|
|switch|p1a: Reuniclus|Reuniclus, M|100/100
|-activate|p1a: Reuniclus|move: Sticky Web
|-unboost|p1a: Reuniclus|spe|1
|move|p2a: Magearna|Electro Ball|p1a: Reuniclus
|-damage|p1a: Reuniclus|60/100
|
|upkeep
|turn|17
|
|move|p2a: Magearna|Flash Cannon|p1a: Reuniclus
|-damage|p1a: Reuniclus|18/100
|-unboost|p1a: Reuniclus|spd|1
|move|p1a: Reuniclus|Recover|p1a: Reuniclus
|-heal|p1a: Reuniclus|68/100
|
|upkeep
|turn|18
|
|switch|p1a: Chansey|Chansey, F|100/100
|-activate|p1a: Chansey|move: Sticky Web
|-unboost|p1a: Chansey|spe|1
|-damage|p1a: Chansey|88/100|[from] Stealth Rock
|move|p2a: Magearna|Flash Cannon|p1a: Chansey
|-damage|p1a: Chansey|74/100
|
|upkeep
|turn|19
|
|switch|p2a: Ribombee|Ribombee, M|69/100
|-status|p2a: Ribombee|psn
|move|p1a: Chansey|Seismic Toss|p2a: Ribombee
|-damage|p2a: Ribombee|31/100 psn
|
|-damage|p2a: Ribombee|19/100 psn|[from] psn
|upkeep
|turn|20
|
|move|p2a: Ribombee|Stun Spore|p1a: Chansey
|-status|p1a: Chansey|par
|move|p1a: Chansey|Stealth Rock|p2a: Ribombee
|-sidestart|p2: asdadqawdq|move: Stealth Rock
|
|-damage|p2a: Ribombee|7/100 psn|[from] psn
|upkeep
|turn|21
|
|switch|p1a: Toxapex|Toxapex, M|65/100 par
|-activate|p1a: Toxapex|move: Sticky Web
|-unboost|p1a: Toxapex|spe|1
|-damage|p1a: Toxapex|53/100 par|[from] Stealth Rock
|move|p2a: Ribombee|Skill Swap|p1a: Toxapex
|-activate|p2a: Ribombee|move: Skill Swap|Regenerator|Shield Dust|[of] p1a: Toxapex
|
|-heal|p1a: Toxapex|59/100 par|[from] item: Black Sludge
|-damage|p2a: Ribombee|0 fnt|[from] psn
|faint|p2a: Ribombee
|upkeep
|
|switch|p2a: Azumarill|Azumarill, M, shiny|100/100
|-damage|p2a: Azumarill|88/100|[from] Stealth Rock
|-status|p2a: Azumarill|psn
|turn|22
|
|move|p2a: Azumarill|Belly Drum|p2a: Azumarill
|-damage|p2a: Azumarill|38/100 psn
|-setboost|p2a: Azumarill|atk|6|[from] move: Belly Drum
|-enditem|p2a: Azumarill|Sitrus Berry|[eat]
|-heal|p2a: Azumarill|63/100 psn|[from] item: Sitrus Berry
|move|p1a: Toxapex|Scald|p2a: Azumarill
|-resisted|p2a: Azumarill
|-damage|p2a: Azumarill|53/100 psn
|
|-heal|p1a: Toxapex|65/100 par|[from] item: Black Sludge
|-damage|p2a: Azumarill|41/100 psn|[from] psn
|upkeep
|turn|23
|
|move|p2a: Azumarill|Knock Off|p1a: Toxapex
|-crit|p1a: Toxapex
|-damage|p1a: Toxapex|0 fnt
|-enditem|p1a: Toxapex|Black Sludge|[from] move: Knock Off|[of] p2a: Azumarill
|faint|p1a: Toxapex
|
|-damage|p2a: Azumarill|29/100 psn|[from] psn
|upkeep
|
|switch|p1a: Ditto|Ditto|24/100
|-activate|p1a: Ditto|move: Sticky Web
|-unboost|p1a: Ditto|spe|1
|-damage|p1a: Ditto|12/100|[from] Stealth Rock
|-transform|p1a: Ditto|p2a: Azumarill|[from] ability: Imposter
|turn|24
|
|move|p1a: Ditto|Aqua Jet|p2a: Azumarill
|-resisted|p2a: Azumarill
|-damage|p2a: Azumarill|0 fnt
|faint|p2a: Azumarill
|
|upkeep
|
|switch|p2a: Magearna|Magearna|100/100
|-damage|p2a: Magearna|95/100|[from] Stealth Rock
|turn|25
|
|move|p1a: Ditto|Aqua Jet|p2a: Magearna
|-damage|p2a: Magearna|0 fnt
|faint|p2a: Magearna
|
|win|Pokefreak77
|l|‽asdadqawdq
||Ladder (probably) updated, but score could not be retrieved (Request timeout).
