|j|☆BlackBlunder
|j|☆Flashybee
|player|p1|BlackBlunder|silver|1284
|player|p2|Flashybee|70|1267
|teamsize|p1|6
|teamsize|p2|6
|gametype|singles
|gen|8
|tier|[Gen 8] OU
|rated|
|rule|Sleep Clause Mod: Limit one foe put to sleep
|rule|Species Clause: Limit one of each Pokémon
|rule|OHKO Clause: OHKO moves are banned
|rule|Evasion Moves Clause: Evasion moves are banned
|rule|Endless Battle Clause: Forcing endless battles is banned
|rule|HP Percentage Mod: HP is shown in percentages
|clearpoke
|poke|p1|Dugtrio, M|
|poke|p1|Grimmsnarl, M|
|poke|p1|Pincurchin, F|
|poke|p1|Hawlucha, F|
|poke|p1|Duraludon, F|
|poke|p1|Dragapult, F|
|poke|p2|Grimmsnarl, M|
|poke|p2|Haxorus, M|
|poke|p2|Ditto|
|poke|p2|Dracovish|
|poke|p2|Corviknight, M|
|poke|p2|Dugtrio, M|
|teampreview
|
|start
|switch|p1a: Dugtrio|Dugtrio, M|100/100
|switch|p2a: Grimmsnarl|Grimmsnarl, M|100/100
|turn|1
|
|move|p2a: Grimmsnarl|Reflect|p2a: Grimmsnarl
|-sidestart|p2: Flashybee|Reflect
|move|p1a: Dugtrio|Earthquake|p2a: Grimmsnarl
|-damage|p2a: Grimmsnarl|74/100
|-enditem|p2a: Grimmsnarl|Eject Button
|
|switch|p2a: Haxorus|Haxorus, M|100/100
|-ability|p2a: Haxorus|Mold Breaker
|
|upkeep
|turn|2
|
|move|p1a: Dugtrio|Stealth Rock|p2a: Haxorus
|-sidestart|p2: Flashybee|move: Stealth Rock
|move|p2a: Haxorus|Dragon Dance|p2a: Haxorus
|-boost|p2a: Haxorus|atk|1
|-boost|p2a: Haxorus|spe|1
|
|upkeep
|turn|3
|
|move|p2a: Haxorus|Dragon Dance|p2a: Haxorus
|-boost|p2a: Haxorus|atk|1
|-boost|p2a: Haxorus|spe|1
|move|p1a: Dugtrio|Memento|p2a: Haxorus
|-unboost|p2a: Haxorus|atk|2
|-unboost|p2a: Haxorus|spa|2
|faint|p1a: Dugtrio
|
|upkeep
|
|switch|p1a: Pincurchin|Pincurchin, F|100/100
|-fieldstart|move: Electric Terrain|[from] ability: Electric Surge|[of] p1a: Pincurchin
|turn|4
|
|move|p2a: Haxorus|Dragon Dance|p2a: Haxorus
|-boost|p2a: Haxorus|atk|1
|-boost|p2a: Haxorus|spe|1
|move|p1a: Pincurchin|Memento|p2a: Haxorus
|-unboost|p2a: Haxorus|atk|2
|-unboost|p2a: Haxorus|spa|2
|faint|p1a: Pincurchin
|
|upkeep
|
|switch|p1a: Hawlucha|Hawlucha, F, shiny|100/100
|-enditem|p1a: Hawlucha|Electric Seed
|-boost|p1a: Hawlucha|def|1
|turn|5
|
|move|p2a: Haxorus|Dragon Dance|p2a: Haxorus
|-boost|p2a: Haxorus|atk|1
|-boost|p2a: Haxorus|spe|1
|move|p1a: Hawlucha|Swords Dance|p1a: Hawlucha
|-boost|p1a: Hawlucha|atk|2
|
|-sideend|p2: Flashybee|Reflect
|upkeep
|turn|6
|
|-start|p2a: Haxorus|Dynamax
|-heal|p2a: Haxorus|100/100|[silent]
|-start|p1a: Hawlucha|Dynamax
|-heal|p1a: Hawlucha|100/100|[silent]
|move|p2a: Haxorus|Max Wyrmwind|p1a: Hawlucha
|-damage|p1a: Hawlucha|65/100
|-unboost|p1a: Hawlucha|atk|1
|move|p1a: Hawlucha|Max Airstream|p2a: Haxorus
|-damage|p2a: Haxorus|50/100
|-boost|p1a: Hawlucha|spe|1
|
|upkeep
|turn|7
|
|move|p1a: Hawlucha|Max Airstream|p2a: Haxorus
|-damage|p2a: Haxorus|7/100
|-boost|p1a: Hawlucha|spe|1
|move|p2a: Haxorus|Max Wyrmwind|p1a: Hawlucha
|-damage|p1a: Hawlucha|24/100
|-unboost|p1a: Hawlucha|atk|1
|
|upkeep
|turn|8
|
|move|p1a: Hawlucha|Max Knuckle|p2a: Haxorus
|-damage|p2a: Haxorus|0 fnt
|-boost|p1a: Hawlucha|atk|1
|faint|p2a: Haxorus
|
|-fieldend|move: Electric Terrain
|-end|p1a: Hawlucha|Dynamax
|-heal|p1a: Hawlucha|24/100|[silent]
|upkeep
|
|switch|p2a: Grimmsnarl|Grimmsnarl, M|74/100
|-damage|p2a: Grimmsnarl|62/100|[from] Stealth Rock
|turn|9
|
|move|p2a: Grimmsnarl|Reflect|p2a: Grimmsnarl
|-sidestart|p2: Flashybee|Reflect
|move|p1a: Hawlucha|Close Combat|p2a: Grimmsnarl
|-damage|p2a: Grimmsnarl|9/100
|-unboost|p1a: Hawlucha|def|1
|-unboost|p1a: Hawlucha|spd|1
|
|upkeep
|turn|10
|
|move|p2a: Grimmsnarl|Thunder Wave|p1a: Hawlucha
|-status|p1a: Hawlucha|par
|move|p1a: Hawlucha|Acrobatics|p2a: Grimmsnarl
|-damage|p2a: Grimmsnarl|0 fnt
|faint|p2a: Grimmsnarl
|
|upkeep
|
|switch|p2a: Ditto|Ditto|100/100
|-damage|p2a: Ditto|88/100|[from] Stealth Rock
|-transform|p2a: Ditto|p1a: Hawlucha|[from] ability: Imposter
|turn|11
|
|move|p2a: Ditto|Acrobatics|p1a: Hawlucha
|-supereffective|p1a: Hawlucha
|-damage|p1a: Hawlucha|0 fnt
|faint|p1a: Hawlucha
|
|upkeep
|
|switch|p1a: Duraludon|Duraludon, F|100/100
|turn|12
|
|switch|p2a: Corviknight|Corviknight, M|100/100
|-damage|p2a: Corviknight|88/100|[from] Stealth Rock
|move|p1a: Duraludon|Thunderbolt|p2a: Corviknight
|-supereffective|p2a: Corviknight
|-damage|p2a: Corviknight|29/100
|
|-heal|p2a: Corviknight|36/100|[from] item: Leftovers
|upkeep
|turn|13
|
|move|p1a: Duraludon|Substitute|p1a: Duraludon
|-start|p1a: Duraludon|Substitute
|-damage|p1a: Duraludon|76/100
|move|p2a: Corviknight|U-turn|p1a: Duraludon
|-resisted|p1a: Duraludon
|-activate|p1a: Duraludon|move: Substitute|[damage]
|
|switch|p2a: Dracovish|Dracovish|100/100|[from]move: U-turn
|-damage|p2a: Dracovish|88/100|[from] Stealth Rock
|
|-heal|p1a: Duraludon|82/100|[from] item: Leftovers
|-sideend|p2: Flashybee|Reflect
|upkeep
|turn|14
|
|move|p1a: Duraludon|Dragon Pulse|p2a: Dracovish
|-supereffective|p2a: Dracovish
|-damage|p2a: Dracovish|0 fnt
|faint|p2a: Dracovish
|
|-heal|p1a: Duraludon|88/100|[from] item: Leftovers
|upkeep
|
|switch|p2a: Dugtrio|Dugtrio, M|100/100
|-damage|p2a: Dugtrio|94/100|[from] Stealth Rock
|turn|15
|inactive|Battle timer is ON: inactive players will automatically lose when time's up. (requested by BlackBlunder)
|
|move|p2a: Dugtrio|Earthquake|p1a: Duraludon
|-supereffective|p1a: Duraludon
|-end|p1a: Duraludon|Substitute
|move|p1a: Duraludon|Dragon Pulse|p2a: Dugtrio
|-damage|p2a: Dugtrio|8/100
|
|-heal|p1a: Duraludon|94/100|[from] item: Leftovers
|upkeep
|turn|16
|
|move|p2a: Dugtrio|Earthquake|p1a: Duraludon
|-supereffective|p1a: Duraludon
|-damage|p1a: Duraludon|0 fnt
|faint|p1a: Duraludon
|
|upkeep
|
|switch|p1a: Dragapult|Dragapult, F, shiny|100/100
|turn|17
|
|move|p2a: Dugtrio|Earthquake|p1a: Dragapult
|-damage|p1a: Dragapult|34/100
|move|p1a: Dragapult|Dragon Darts|p2a: Dugtrio
|-damage|p2a: Dugtrio|0 fnt
|-hitcount|p2a: Dugtrio|1
|-damage|p1a: Dragapult|24/100|[from] item: Life Orb
|faint|p2a: Dugtrio
|
|upkeep
|
|switch|p2a: Ditto|Ditto|88/100
|-damage|p2a: Ditto|76/100|[from] Stealth Rock
|-transform|p2a: Ditto|p1a: Dragapult|[from] ability: Imposter
|turn|18
|
|switch|p1a: Reuniculus|Grimmsnarl, M|100/100
|move|p2a: Ditto|Dragon Darts|p1a: Reuniculus
|-immune|p1a: Reuniculus
|
|upkeep
|turn|19
|
|switch|p2a: Corviknight|Corviknight, M|36/100
|-damage|p2a: Corviknight|23/100|[from] Stealth Rock
|switch|p1a: Dragapult|Dragapult, F, shiny|24/100
|
|-heal|p2a: Corviknight|29/100|[from] item: Leftovers
|upkeep
|turn|20
|
|move|p1a: Dragapult|Fire Blast|p2a: Corviknight
|-supereffective|p2a: Corviknight
|-damage|p2a: Corviknight|0 fnt
|-damage|p1a: Dragapult|14/100|[from] item: Life Orb
|faint|p2a: Corviknight
|
|upkeep
|
|switch|p2a: Ditto|Ditto|76/100
|-damage|p2a: Ditto|63/100|[from] Stealth Rock
|-transform|p2a: Ditto|p1a: Dragapult|[from] ability: Imposter
|turn|21
|
|move|p2a: Ditto|Fire Blast|p1a: Dragapult
|-resisted|p1a: Dragapult
|-damage|p1a: Dragapult|0 fnt
|faint|p1a: Dragapult
|
|upkeep
|
|switch|p1a: Reuniculus|Grimmsnarl, M|100/100
|turn|22
|
|move|p1a: Reuniculus|Sucker Punch|p2a: Ditto
|-supereffective|p2a: Ditto
|-crit|p2a: Ditto
|-damage|p2a: Ditto|0 fnt
|faint|p2a: Ditto
|
|win|BlackBlunder
|l|☆Flashybee
