|j|☆Vessev
|j|☆Gurtrant
|t:|1629575428
|gametype|singles
|player|p1|Vessev|2|1553
|player|p2|Gurtrant|238|1650
|teamsize|p1|6
|teamsize|p2|6
|gen|8
|tier|[Gen 8] OU
|rated|
|rule|Sleep Clause Mod: Limit one foe put to sleep
|rule|Species Clause: Limit one of each Pokémon
|rule|OHKO Clause: OHKO moves are banned
|rule|Evasion Moves Clause: Evasion moves are banned
|rule|Endless Battle Clause: Forcing endless battles is banned
|rule|HP Percentage Mod: HP is shown in percentages
|rule|Dynamax Clause: You cannot dynamax
|clearpoke
|poke|p1|Registeel|
|poke|p1|Mew|
|poke|p1|Regieleki|
|poke|p1|Zapdos-Galar|
|poke|p1|Lopunny, M|
|poke|p1|Xatu, M|
|poke|p2|Pelipper, M|
|poke|p2|Heliolisk, F|
|poke|p2|Seismitoad, M|
|poke|p2|Barraskewda, M|
|poke|p2|Ferrothorn, M|
|poke|p2|Zapdos|
|teampreview
|inactive|Battle timer is ON: inactive players will automatically lose when time's up. (requested by Gurtrant)
|inactive|Gurtrant has 120 seconds left.
|
|t:|1629575460
|start
|switch|p1a: Regieleki|Regieleki|100/100
|switch|p2a: Pelipper|Pelipper, M|100/100
|-weather|RainDance|[from] ability: Drizzle|[of] p2a: Pelipper
|turn|1
|
|t:|1629575480
|switch|p2a: Ferrothorn|Ferrothorn, M|100/100
|move|p1a: Regieleki|Reflect|p1a: Regieleki
|-sidestart|p1: Vessev|Reflect
|
|-weather|RainDance|[upkeep]
|upkeep
|turn|2
|
|t:|1629575484
|move|p1a: Regieleki|Light Screen|p1a: Regieleki
|-sidestart|p1: Vessev|move: Light Screen
|move|p2a: Ferrothorn|Knock Off|p1a: Regieleki
|-crit|p1a: Regieleki
|-damage|p1a: Regieleki|36/100
|-enditem|p1a: Regieleki|Light Clay|[from] move: Knock Off|[of] p2a: Ferrothorn
|
|-weather|RainDance|[upkeep]
|upkeep
|turn|3
|
|t:|1629575492
|switch|p1a: Xatu|Xatu, M|100/100
|move|p2a: Ferrothorn|Knock Off|p1a: Xatu
|-supereffective|p1a: Xatu
|-damage|p1a: Xatu|65/100
|-enditem|p1a: Xatu|Choice Scarf|[from] move: Knock Off|[of] p2a: Ferrothorn
|
|-weather|RainDance|[upkeep]
|upkeep
|turn|4
|
|t:|1629575508
|switch|p2a: Heliolisk|Heliolisk, F, shiny|100/100
|move|p1a: Xatu|Teleport|p1a: Xatu
|
|t:|1629575515
|switch|p1a: Registeel|Registeel|100/100|[from]move: Teleport
|
|-weather|RainDance|[upkeep]
|upkeep
|turn|5
|
|t:|1629575522
|move|p2a: Heliolisk|Volt Switch|p1a: Registeel
|-damage|p1a: Registeel|87/100
|-damage|p2a: Heliolisk|91/100|[from] item: Life Orb
|
|t:|1629575542
|switch|p2a: Ferrothorn|Ferrothorn, M|100/100|[from]move: Volt Switch
|move|p1a: Registeel|Amnesia|p1a: Registeel
|-boost|p1a: Registeel|spd|2
|
|-weather|RainDance|[upkeep]
|-heal|p1a: Registeel|93/100|[from] item: Leftovers
|upkeep
|turn|6
|
|t:|1629575554
|move|p1a: Registeel|Iron Defense|p1a: Registeel
|-boost|p1a: Registeel|def|2
|move|p2a: Ferrothorn|Knock Off|p1a: Registeel
|-damage|p1a: Registeel|90/100
|-enditem|p1a: Registeel|Leftovers|[from] move: Knock Off|[of] p2a: Ferrothorn
|
|-weather|RainDance|[upkeep]
|upkeep
|turn|7
|
|t:|1629575560
|move|p1a: Registeel|Iron Defense|p1a: Registeel
|-boost|p1a: Registeel|def|2
|move|p2a: Ferrothorn|Leech Seed|p1a: Registeel
|-start|p1a: Registeel|move: Leech Seed
|
|-weather|RainDance|[upkeep]
|-damage|p1a: Registeel|78/100|[from] Leech Seed|[of] p2a: Ferrothorn
|upkeep
|turn|8
|
|t:|1629575565
|move|p1a: Registeel|Body Press|p2a: Ferrothorn
|-supereffective|p2a: Ferrothorn
|-damage|p2a: Ferrothorn|0 fnt
|-damage|p1a: Registeel|66/100|[from] ability: Iron Barbs|[of] p2a: Ferrothorn
|faint|p2a: Ferrothorn
|
|-weather|none
|-sideend|p1: Vessev|Reflect
|upkeep
|
|t:|1629575573
|switch|p2a: Pelipper|Pelipper, M|100/100
|-weather|RainDance|[from] ability: Drizzle|[of] p2a: Pelipper
|turn|9
|
|t:|1629575579
|switch|p2a: Zapdos|Zapdos|100/100
|move|p1a: Registeel|Body Press|p2a: Zapdos
|-resisted|p2a: Zapdos
|-damage|p2a: Zapdos|63/100
|
|-weather|RainDance|[upkeep]
|-damage|p1a: Registeel|53/100|[from] Leech Seed|[of] p2a: Zapdos
|-heal|p2a: Zapdos|75/100|[silent]
|-sideend|p1: Vessev|move: Light Screen
|upkeep
|turn|10
|
|t:|1629575586
|switch|p1a: Xatu|Xatu, M|65/100
|move|p2a: Zapdos|Thunder|p1a: Xatu
|-supereffective|p1a: Xatu
|-damage|p1a: Xatu|0 fnt
|faint|p1a: Xatu
|
|-weather|RainDance|[upkeep]
|upkeep
|
|t:|1629575591
|switch|p1a: Regieleki|Regieleki|36/100
|turn|11
|
|t:|1629575596
|move|p1a: Regieleki|Light Screen|p1a: Regieleki
|-sidestart|p1: Vessev|move: Light Screen
|move|p2a: Zapdos|U-turn|p1a: Regieleki
|-damage|p1a: Regieleki|10/100
|
|t:|1629575599
|switch|p2a: Barraskewda|Barraskewda, M|100/100|[from]move: U-turn
|
|-weather|RainDance|[upkeep]
|upkeep
|turn|12
|
|t:|1629575604
|switch|p1a: Zapdos|Zapdos-Galar|100/100
|move|p2a: Barraskewda|Liquidation|p1a: Zapdos
|-damage|p1a: Zapdos|0 fnt
|faint|p1a: Zapdos
|
|-weather|RainDance|[upkeep]
|upkeep
|
|t:|1629575610
|switch|p1a: Lopunny|Lopunny, M|100/100
|turn|13
|
|t:|1629575617
|switch|p2a: Zapdos|Zapdos|75/100
|move|p1a: Lopunny|Switcheroo|p2a: Zapdos
|-activate|p1a: Lopunny|move: Trick|[of] p2a: Zapdos
|-item|p2a: Zapdos|Choice Scarf|[from] move: Switcheroo
|-item|p1a: Lopunny|Heavy-Duty Boots|[from] move: Switcheroo
|
|-weather|RainDance|[upkeep]
|upkeep
|turn|14
|
|t:|1629575626
|move|p1a: Lopunny|Protect|p1a: Lopunny
|-singleturn|p1a: Lopunny|Protect
|move|p2a: Zapdos|Thunder|p1a: Lopunny
|-activate|p1a: Lopunny|move: Protect
|
|-weather|RainDance|[upkeep]
|upkeep
|turn|15
|
|t:|1629575634
|move|p2a: Zapdos|Thunder|p1a: Lopunny
|-damage|p1a: Lopunny|75/100
|move|p1a: Lopunny|Healing Wish|p1a: Lopunny
|faint|p1a: Lopunny
|
|-weather|RainDance|[upkeep]
|-sideend|p1: Vessev|move: Light Screen
|upkeep
|
|t:|1629575642
|switch|p1a: Registeel|Registeel|53/100
|-heal|p1a: Registeel|100/100|[from] move: Healing Wish
|turn|16
|
|t:|1629575648
|move|p2a: Zapdos|Thunder|p1a: Registeel
|-damage|p1a: Registeel|69/100
|-status|p1a: Registeel|par
|cant|p1a: Registeel|par
|
|-weather|none
|upkeep
|turn|17
|
|t:|1629575652
|switch|p2a: Pelipper|Pelipper, M|100/100
|-weather|RainDance|[from] ability: Drizzle|[of] p2a: Pelipper
|move|p1a: Registeel|Iron Defense|p1a: Registeel
|-boost|p1a: Registeel|def|2
|
|-weather|RainDance|[upkeep]
|upkeep
|turn|18
|
|t:|1629575659
|move|p2a: Pelipper|U-turn|p1a: Registeel
|-resisted|p1a: Registeel
|-damage|p1a: Registeel|68/100 par
|
|t:|1629575662
|switch|p2a: Seismitoad|Seismitoad, M|100/100|[from]move: U-turn
|move|p1a: Registeel|Amnesia|p1a: Registeel
|-boost|p1a: Registeel|spd|2
|
|-weather|RainDance|[upkeep]
|upkeep
|turn|19
|
|t:|1629575668
|move|p2a: Seismitoad|Earth Power|p1a: Registeel
|-supereffective|p1a: Registeel
|-damage|p1a: Registeel|32/100 par
|-damage|p2a: Seismitoad|91/100|[from] item: Life Orb
|move|p1a: Registeel|Rest|p1a: Registeel
|-status|p1a: Registeel|slp|[from] move: Rest
|-heal|p1a: Registeel|100/100 slp|[silent]
|
|-weather|RainDance|[upkeep]
|upkeep
|turn|20
|
|t:|1629575679
|move|p2a: Seismitoad|Earth Power|p1a: Registeel
|-supereffective|p1a: Registeel
|-damage|p1a: Registeel|68/100 slp
|-damage|p2a: Seismitoad|81/100|[from] item: Life Orb
|cant|p1a: Registeel|slp
|
|-weather|RainDance|[upkeep]
|upkeep
|turn|21
|
|t:|1629575683
|move|p2a: Seismitoad|Earth Power|p1a: Registeel
|-supereffective|p1a: Registeel
|-damage|p1a: Registeel|33/100 slp
|-damage|p2a: Seismitoad|71/100|[from] item: Life Orb
|cant|p1a: Registeel|slp
|
|-weather|RainDance|[upkeep]
|upkeep
|turn|22
|
|t:|1629575687
|move|p2a: Seismitoad|Earth Power|p1a: Registeel
|-supereffective|p1a: Registeel
|-damage|p1a: Registeel|0 fnt
|faint|p1a: Registeel
|-damage|p2a: Seismitoad|61/100|[from] item: Life Orb
|
|-weather|RainDance|[upkeep]
|upkeep
|
|t:|1629575692
|switch|p1a: Regieleki|Regieleki|10/100
|turn|23
|
|t:|1629575697
|move|p1a: Regieleki|Light Screen|p1a: Regieleki
|-sidestart|p1: Vessev|move: Light Screen
|move|p2a: Seismitoad|Earth Power|p1a: Regieleki
|-supereffective|p1a: Regieleki
|-damage|p1a: Regieleki|0 fnt
|faint|p1a: Regieleki
|-damage|p2a: Seismitoad|51/100|[from] item: Life Orb
|
|-weather|RainDance|[upkeep]
|upkeep
|
|t:|1629575700
|switch|p1a: Mew|Mew|100/100
|turn|24
|
|t:|1629575707
|move|p2a: Seismitoad|Weather Ball|p1a: Mew
|-damage|p1a: Mew|66/100
|-damage|p2a: Seismitoad|41/100|[from] item: Life Orb
|move|p1a: Mew|Cosmic Power|p1a: Mew
|-boost|p1a: Mew|def|1
|-boost|p1a: Mew|spd|1
|
|-weather|none
|upkeep
|turn|25
|
|t:|1629575711
|switch|p2a: Pelipper|Pelipper, M|100/100
|-weather|RainDance|[from] ability: Drizzle|[of] p2a: Pelipper
|move|p1a: Mew|Cosmic Power|p1a: Mew
|-boost|p1a: Mew|def|1
|-boost|p1a: Mew|spd|1
|
|-weather|RainDance|[upkeep]
|upkeep
|turn|26
|
|t:|1629575717
|move|p1a: Mew|Cosmic Power|p1a: Mew
|-boost|p1a: Mew|def|1
|-boost|p1a: Mew|spd|1
|move|p2a: Pelipper|U-turn|p1a: Mew
|-supereffective|p1a: Mew
|-damage|p1a: Mew|60/100
|-enditem|p1a: Mew|Weakness Policy
|-boost|p1a: Mew|atk|2|[from] item: Weakness Policy
|-boost|p1a: Mew|spa|2|[from] item: Weakness Policy
|
|t:|1629575735
|switch|p2a: Seismitoad|Seismitoad, M|41/100|[from]move: U-turn
|
|-weather|RainDance|[upkeep]
|upkeep
|turn|27
|
|t:|1629575741
|move|p2a: Seismitoad|Weather Ball|p1a: Mew
|-damage|p1a: Mew|44/100
|-damage|p2a: Seismitoad|31/100|[from] item: Life Orb
|move|p1a: Mew|Soft-Boiled|p1a: Mew
|-heal|p1a: Mew|94/100
|
|-weather|RainDance|[upkeep]
|-sideend|p1: Vessev|move: Light Screen
|upkeep
|turn|28
|
|t:|1629575751
|move|p2a: Seismitoad|Weather Ball|p1a: Mew
|-damage|p1a: Mew|64/100
|-damage|p2a: Seismitoad|21/100|[from] item: Life Orb
|move|p1a: Mew|Cosmic Power|p1a: Mew
|-boost|p1a: Mew|def|1
|-boost|p1a: Mew|spd|1
|
|-weather|RainDance|[upkeep]
|upkeep
|turn|29
|
|t:|1629575754
|move|p2a: Seismitoad|Weather Ball|p1a: Mew
|-damage|p1a: Mew|38/100
|-damage|p2a: Seismitoad|11/100|[from] item: Life Orb
|move|p1a: Mew|Soft-Boiled|p1a: Mew
|-heal|p1a: Mew|88/100
|
|-weather|RainDance|[upkeep]
|upkeep
|turn|30
|
|t:|1629575757
|move|p2a: Seismitoad|Weather Ball|p1a: Mew
|-damage|p1a: Mew|66/100
|-damage|p2a: Seismitoad|1/100|[from] item: Life Orb
|move|p1a: Mew|Soft-Boiled|p1a: Mew
|-heal|p1a: Mew|100/100
|
|-weather|RainDance|[upkeep]
|upkeep
|turn|31
|
|t:|1629575762
|move|p2a: Seismitoad|Weather Ball|p1a: Mew
|-damage|p1a: Mew|76/100
|-damage|p2a: Seismitoad|0 fnt|[from] item: Life Orb
|faint|p2a: Seismitoad
|move|p1a: Mew|Soft-Boiled|p1a: Mew
|-heal|p1a: Mew|100/100
|
|-weather|RainDance|[upkeep]
|upkeep
|
|t:|1629575766
|switch|p2a: Heliolisk|Heliolisk, F, shiny|91/100
|turn|32
|
|t:|1629575769
|move|p2a: Heliolisk|Thunder|p1a: Mew
|-damage|p1a: Mew|81/100
|-damage|p2a: Heliolisk|81/100|[from] item: Life Orb
|move|p1a: Mew|Stored Power|p2a: Heliolisk
|-damage|p2a: Heliolisk|0 fnt
|faint|p2a: Heliolisk
|
|-weather|none
|upkeep
|
|t:|1629575773
|switch|p2a: Pelipper|Pelipper, M|100/100
|-weather|RainDance|[from] ability: Drizzle|[of] p2a: Pelipper
|turn|33
|
|t:|1629575776
|move|p1a: Mew|Stored Power|p2a: Pelipper
|-damage|p2a: Pelipper|0 fnt
|faint|p2a: Pelipper
|
|-weather|RainDance|[upkeep]
|upkeep
|
|t:|1629575778
|switch|p2a: Zapdos|Zapdos|75/100
|turn|34
|
|t:|1629575779
|move|p2a: Zapdos|Thunder|p1a: Mew
|-damage|p1a: Mew|68/100
|-status|p1a: Mew|par
|-activate|p1a: Mew|ability: Synchronize
|-immune|p2a: Zapdos
|cant|p1a: Mew|par
|
|-weather|RainDance|[upkeep]
|upkeep
|turn|35
|
|t:|1629575782
|move|p2a: Zapdos|Thunder|p1a: Mew
|-damage|p1a: Mew|55/100 par
|move|p1a: Mew|Stored Power|p2a: Zapdos
|-damage|p2a: Zapdos|0 fnt
|faint|p2a: Zapdos
|
|-weather|RainDance|[upkeep]
|upkeep
|
|t:|1629575785
|switch|p2a: Barraskewda|Barraskewda, M|100/100
|turn|36
|
|t:|1629575787
|move|p2a: Barraskewda|Liquidation|p1a: Mew
|-damage|p1a: Mew|27/100 par
|move|p1a: Mew|Stored Power|p2a: Barraskewda
|-damage|p2a: Barraskewda|0 fnt
|faint|p2a: Barraskewda
|
|win|Vessev
|raw|Vessev's rating: 1553 &rarr; <strong>1578</strong><br />(+25 for winning)
|raw|Gurtrant's rating: 1650 &rarr; <strong>1625</strong><br />(-25 for losing)
