|j|☆eelektrik funeral
|j|☆Delibird Heart
|inactive|Battle timer is ON: inactive players will automatically lose when time's up.
|t:|1666646657
|gametype|singles
|player|p1|eelektrik funeral|workerice|
|player|p2|Delibird Heart|guitarist-gen4|
|teamsize|p1|6
|teamsize|p2|6
|gen|8
|tier|[Gen 8] OU
|rated|Tournament battle
|rule|Sleep Clause Mod: Limit one foe put to sleep
|rule|Species Clause: Limit one of each Pokémon
|rule|OHKO Clause: OHKO moves are banned
|rule|Evasion Items Clause: Evasion items are banned
|rule|Evasion Moves Clause: Evasion moves are banned
|rule|Endless Battle Clause: Forcing endless battles is banned
|rule|HP Percentage Mod: HP is shown in percentages
|rule|Dynamax Clause: You cannot dynamax
|rule|Inverse Mod: Weaknesses become resistances, while resistances and immunities become weaknesses.
|
|t:|1666646657
|start
|switch|p1a: The Raven|Corviknight, M|100/100
|switch|p2a: Mew|Mew|100/100
|-ability|p1a: The Raven|Pressure
|turn|1
|inactive|Delibird Heart also wants the timer to be on.
|
|t:|1666646666
|move|p2a: Mew|Nasty Plot|p2a: Mew
|-boost|p2a: Mew|spa|2
|move|p1a: The Raven|U-turn|p2a: Mew
|-resisted|p2a: Mew
|-damage|p2a: Mew|87/100
|replace|p2a: Zoroark|Zoroark, F
|-end|p2a: Zoroark|Illusion
|
|t:|1666646681
|switch|p1a: It’s just a phase|Keldeo-Resolute|100/100|[from]move: U-turn
|
|upkeep
|turn|2
|j| ThisIsntHilarious
|
|t:|1666646688
|move|p1a: It’s just a phase|Scald|p2a: Zoroark
|-damage|p2a: Zoroark|0 fnt
|faint|p2a: Zoroark
|
|upkeep
|
|t:|1666646694
|switch|p2a: Ditto|Ditto|100/100
|-transform|p2a: Ditto|p1a: It’s just a phase|[from] ability: Imposter
|turn|3
|
|t:|1666646720
|switch|p1a: Lucky|Landorus-Therian, M|100/100
|-ability|p1a: Lucky|Intimidate|boost
|-unboost|p2a: Ditto|atk|1
|move|p2a: Ditto|Scald|p1a: Lucky
|-resisted|p1a: Lucky
|-damage|p1a: Lucky|84/100
|-status|p1a: Lucky|brn
|
|-heal|p1a: Lucky|90/100 brn|[from] item: Leftovers
|-damage|p1a: Lucky|84/100 brn|[from] brn
|upkeep
|turn|4
|
|t:|1666646733
|switch|p2a: Zeraora|Zeraora|100/100
|move|p1a: Lucky|Stealth Rock|p2a: Zeraora
|-sidestart|p2: Delibird Heart|move: Stealth Rock
|
|-heal|p1a: Lucky|90/100 brn|[from] item: Leftovers
|-damage|p1a: Lucky|84/100 brn|[from] brn
|upkeep
|turn|5
|j|%moondazing
|
|t:|1666646751
|switch|p1a: The Raven|Corviknight, M|100/100
|-ability|p1a: The Raven|Pressure
|move|p2a: Zeraora|Bulk Up|p2a: Zeraora
|-boost|p2a: Zeraora|atk|1
|-boost|p2a: Zeraora|def|1
|
|upkeep
|turn|6
|l|☆eelektrik funeral
|inactive|eelektrik funeral disconnected and has a minute to reconnect!
|player|p1|
|j| sufy512
|j| Stryfe4
|inactive|eelektrik funeral has 30 seconds to reconnect!
|l| Stryfe4
|inactive|eelektrik funeral has 20 seconds to reconnect!
|inactive|eelektrik funeral has 15 seconds to reconnect!
|inactive|eelektrik funeral has 10 seconds to reconnect!
|j|☆eelektrik funeral
|inactive|eelektrik funeral reconnected and has 90 seconds left.
|player|p1|eelektrik funeral|workerice
|
|t:|1666646811
|move|p2a: Zeraora|Bulk Up|p2a: Zeraora
|-boost|p2a: Zeraora|atk|1
|-boost|p2a: Zeraora|def|1
|move|p1a: The Raven|Brave Bird|p2a: Zeraora
|-supereffective|p2a: Zeraora
|-damage|p2a: Zeraora|51/100
|-damage|p1a: The Raven|88/100|[from] Recoil
|
|upkeep
|turn|7
|
|t:|1666646827
|move|p2a: Zeraora|Knock Off|p1a: The Raven
|-damage|p1a: The Raven|33/100
|-damage|p2a: Zeraora|35/100|[from] item: Rocky Helmet|[of] p1a: The Raven
|-enditem|p1a: The Raven|Rocky Helmet|[from] move: Knock Off|[of] p2a: Zeraora
|-damage|p2a: Zeraora|25/100|[from] item: Life Orb
|move|p1a: The Raven|Brave Bird|p2a: Zeraora
|-supereffective|p2a: Zeraora
|-damage|p2a: Zeraora|0 fnt
|faint|p2a: Zeraora
|-damage|p1a: The Raven|27/100|[from] Recoil
|
|upkeep
|c|☆Delibird Heart|full attack corv ???
|
|t:|1666646838
|switch|p2a: Ditto|Ditto|100/100
|-damage|p2a: Ditto|88/100|[from] Stealth Rock
|-transform|p2a: Ditto|p1a: The Raven|[from] ability: Imposter
|-ability|p2a: Ditto|Pressure
|turn|8
|
|t:|1666646846
|switch|p1a: It’s just a phase|Keldeo-Resolute|100/100
|move|p2a: Ditto|Defog|p1a: It’s just a phase
|-unboost|p1a: It’s just a phase|evasion|1
|-sideend|p2: Delibird Heart|Stealth Rock|[from] move: Defog|[of] p2a: Ditto
|
|upkeep
|turn|9
|
|t:|1666646869
|switch|p2a: Durant|Durant, M|100/100
|move|p1a: It’s just a phase|Scald|p2a: Durant
|-damage|p2a: Durant|0 fnt
|faint|p2a: Durant
|
|upkeep
|
|t:|1666646874
|switch|p2a: Ninjask|Ninjask, M|100/100
|turn|10
|inactive|eelektrik funeral has 120 seconds left.
|
|t:|1666646881
|move|p2a: Ninjask|Swords Dance|p2a: Ninjask
|-boost|p2a: Ninjask|atk|2
|move|p1a: It’s just a phase|Scald|p2a: Ninjask
|-enditem|p2a: Ninjask|Focus Sash
|-damage|p2a: Ninjask|1/100
|
|-ability|p2a: Ninjask|Speed Boost|boost
|-boost|p2a: Ninjask|spe|1
|upkeep
|turn|11
|inactive|eelektrik funeral has 120 seconds left.
|
|t:|1666646891
|switch|p1a: The Raven|Corviknight, M|27/100
|-ability|p1a: The Raven|Pressure
|move|p2a: Ninjask|Leech Life|p1a: The Raven
|-supereffective|p1a: The Raven
|-damage|p1a: The Raven|0 fnt
|-heal|p2a: Ninjask|21/100|[from] drain|[of] p1a: The Raven
|faint|p1a: The Raven
|
|-ability|p2a: Ninjask|Speed Boost|boost
|-boost|p2a: Ninjask|spe|1
|upkeep
|inactive|eelektrik funeral has 120 seconds left.
|
|t:|1666646910
|switch|p1a: Monkeynomics|Zarude|100/100
|turn|12
|
|t:|1666646915
|move|p2a: Ninjask|Night Slash|p1a: Monkeynomics
|-supereffective|p1a: Monkeynomics
|-crit|p1a: Monkeynomics
|-damage|p1a: Monkeynomics|0 fnt
|faint|p1a: Monkeynomics
|
|-ability|p2a: Ninjask|Speed Boost|boost
|-boost|p2a: Ninjask|spe|1
|upkeep
|inactive|eelektrik funeral has 120 seconds left.
|c| sufy512|nah there's no way
|
|t:|1666646924
|switch|p1a: Lucky|Landorus-Therian, M|84/100 brn
|-ability|p1a: Lucky|Intimidate|boost
|-unboost|p2a: Ninjask|atk|1
|turn|13
|
|t:|1666646930
|move|p2a: Ninjask|Leech Life|p1a: Lucky
|-supereffective|p1a: Lucky
|-damage|p1a: Lucky|0 fnt
|-heal|p2a: Ninjask|81/100|[from] drain|[of] p1a: Lucky
|faint|p1a: Lucky
|
|-ability|p2a: Ninjask|Speed Boost|boost
|-boost|p2a: Ninjask|spe|1
|upkeep
|inactive|eelektrik funeral has 120 seconds left.
|
|t:|1666646941
|switch|p1a: Catdog|Luxray, F|100/100
|turn|14
|
|t:|1666646944
|move|p2a: Ninjask|Acrobatics|p1a: Catdog
|-supereffective|p1a: Catdog
|-damage|p1a: Catdog|0 fnt
|faint|p1a: Catdog
|
|-ability|p2a: Ninjask|Speed Boost|boost
|-boost|p2a: Ninjask|spe|1
|upkeep
|
|t:|1666646952
|switch|p1a: $2.50|Rotom-Wash|100/100
|turn|15
|l| sufy512
|
|t:|1666646958
|move|p2a: Ninjask|Acrobatics|p1a: $2.50
|-supereffective|p1a: $2.50
|-damage|p1a: $2.50|0 fnt
|faint|p1a: $2.50
|
|-ability|p2a: Ninjask|Speed Boost|boost
|-boost|p2a: Ninjask|spe|1
|upkeep
|
|t:|1666646965
|switch|p1a: It’s just a phase|Keldeo-Resolute|100/100
|turn|16
|
|t:|1666646971
|move|p2a: Ninjask|Leech Life|p1a: It’s just a phase
|-supereffective|p1a: It’s just a phase
|-damage|p1a: It’s just a phase|0 fnt
|-heal|p2a: Ninjask|100/100|[from] drain|[of] p1a: It’s just a phase
|faint|p1a: It’s just a phase
|
|win|Delibird Heart
|n|☆Delibird Heart|delibirdheart
|n| ThisIsntHilarious|thisisnthilarious
|n|+moondazing|moondazing
|n|☆eelektrik funeral|eelektrikfuneral
|c|☆eelektrik funeral|gg
|l| ThisIsntHilarious
|c|☆Delibird Heart|gg
|l|☆eelektrik funeral
