|j|☆damorush
|j|☆BUMBACLAAT
|t:|1636218756
|gametype|singles
|player|p1|damorush|alder|1527
|player|p2|BUMBACLAAT|169|1539
|teamsize|p1|6
|teamsize|p2|6
|gen|8
|tier|[Gen 8] OU
|rated|
|rule|Sleep Clause Mod: Limit one foe put to sleep
|rule|Species Clause: Limit one of each Pokémon
|rule|OHKO Clause: OHKO moves are banned
|rule|Evasion Moves Clause: Evasion moves are banned
|rule|Endless Battle Clause: Forcing endless battles is banned
|rule|HP Percentage Mod: HP is shown in percentages
|rule|Dynamax Clause: You cannot dynamax
|clearpoke
|poke|p1|Dragapult, F|
|poke|p1|Urshifu-*, F|
|poke|p1|Weavile, F|
|poke|p1|Shuckle, F|
|poke|p1|Blacephalon|
|poke|p1|Kartana|
|poke|p2|Cloyster, F|
|poke|p2|Garchomp, M|
|poke|p2|Togekiss, M|
|poke|p2|Tyranitar, M|
|poke|p2|Gengar, F|
|poke|p2|Skarmory, F|
|teampreview
|
|t:|1636218799
|start
|switch|p1a: Shuckle|Shuckle, F|100/100
|switch|p2a: Gengar|Gengar, F|100/100
|turn|1
|
|t:|1636218807
|move|p2a: Gengar|Trick|p1a: Shuckle
|-activate|p2a: Gengar|move: Trick|[of] p1a: Shuckle
|-item|p1a: Shuckle|Choice Specs|[from] move: Trick
|-item|p2a: Gengar|Red Card|[from] move: Trick
|move|p1a: Shuckle|Sticky Web|p2a: Gengar
|-sidestart|p2: BUMBACLAAT|move: Sticky Web
|
|upkeep
|turn|2
|
|t:|1636218834
|switch|p1a: Weavile|Weavile, F|100/100
|-ability|p1a: Weavile|Pressure
|move|p2a: Gengar|Sludge Wave|p1a: Weavile
|-damage|p1a: Weavile|28/100
|
|upkeep
|turn|3
|inactive|Battle timer is ON: inactive players will automatically lose when time's up. (requested by BUMBACLAAT)
|inactive|BUMBACLAAT has 120 seconds left.
|
|t:|1636218875
|switch|p2a: Skarmory|Skarmory, F|100/100
|move|p1a: Weavile|Knock Off|p2a: Skarmory
|-damage|p2a: Skarmory|70/100
|-enditem|p2a: Skarmory|Shed Shell|[from] move: Knock Off|[of] p1a: Weavile
|
|upkeep
|turn|4
|
|t:|1636218887
|switch|p1a: Blacephalon|Blacephalon|100/100
|move|p2a: Skarmory|Roost|p2a: Skarmory
|-heal|p2a: Skarmory|100/100
|-singleturn|p2a: Skarmory|move: Roost
|
|upkeep
|turn|5
|
|t:|1636218895
|move|p1a: Blacephalon|Flamethrower|p2a: Skarmory
|-supereffective|p2a: Skarmory
|-ability|p2a: Skarmory|Sturdy
|-damage|p2a: Skarmory|1/100
|move|p2a: Skarmory|Spikes|p1a: Blacephalon
|-sidestart|p1: damorush|Spikes
|
|upkeep
|turn|6
|
|t:|1636218902
|switch|p2a: Tyranitar|Tyranitar, M|100/100
|-activate|p2a: Tyranitar|move: Sticky Web
|-unboost|p2a: Tyranitar|spe|1
|-weather|Sandstorm|[from] ability: Sand Stream|[of] p2a: Tyranitar
|move|p1a: Blacephalon|Flamethrower|p2a: Tyranitar
|-resisted|p2a: Tyranitar
|-damage|p2a: Tyranitar|84/100
|
|-weather|Sandstorm|[upkeep]
|-damage|p1a: Blacephalon|94/100|[from] Sandstorm
|-heal|p2a: Tyranitar|90/100|[from] item: Leftovers
|upkeep
|turn|7
|
|t:|1636218914
|switch|p1a: Urshifu|Urshifu-Rapid-Strike, F|100/100
|-damage|p1a: Urshifu|88/100|[from] Spikes
|move|p2a: Tyranitar|Stealth Rock|p1a: Urshifu
|-sidestart|p1: damorush|move: Stealth Rock
|
|-weather|Sandstorm|[upkeep]
|-damage|p1a: Urshifu|82/100|[from] Sandstorm
|-heal|p2a: Tyranitar|96/100|[from] item: Leftovers
|upkeep
|turn|8
|
|t:|1636218927
|switch|p2a: Skarmory|Skarmory, F|1/100
|move|p1a: Urshifu|Close Combat|p2a: Skarmory
|-damage|p2a: Skarmory|0 fnt
|-unboost|p1a: Urshifu|def|1
|-unboost|p1a: Urshifu|spd|1
|faint|p2a: Skarmory
|
|-weather|Sandstorm|[upkeep]
|-damage|p1a: Urshifu|76/100|[from] Sandstorm
|upkeep
|
|t:|1636218949
|switch|p2a: KISS OF DEATH|Togekiss, M|100/100
|turn|9
|
|t:|1636218957
|switch|p1a: Shuckle|Shuckle, F|100/100
|-damage|p1a: Shuckle|88/100|[from] Spikes
|-damage|p1a: Shuckle|63/100|[from] Stealth Rock
|move|p2a: KISS OF DEATH|Air Slash|p1a: Shuckle
|-damage|p1a: Shuckle|47/100
|
|-weather|Sandstorm|[upkeep]
|-damage|p2a: KISS OF DEATH|94/100|[from] Sandstorm
|upkeep
|turn|10
|inactive|BUMBACLAAT has 120 seconds left.
|
|t:|1636218983
|move|p2a: KISS OF DEATH|Air Slash|p1a: Shuckle
|-damage|p1a: Shuckle|31/100
|cant|p1a: Shuckle|flinch
|
|-weather|none
|upkeep
|turn|11
|
|t:|1636218988
|move|p2a: KISS OF DEATH|Air Slash|p1a: Shuckle
|-damage|p1a: Shuckle|8/100
|cant|p1a: Shuckle|flinch
|
|upkeep
|turn|12
|
|t:|1636218992
|move|p2a: KISS OF DEATH|Air Slash|p1a: Shuckle
|-damage|p1a: Shuckle|0 fnt
|faint|p1a: Shuckle
|
|upkeep
|
|t:|1636219009
|switch|p1a: Weavile|Weavile, F|28/100
|-ability|p1a: Weavile|Pressure
|turn|13
|
|t:|1636219014
|move|p1a: Weavile|Ice Shard|p2a: KISS OF DEATH
|-supereffective|p2a: KISS OF DEATH
|-damage|p2a: KISS OF DEATH|52/100
|move|p2a: KISS OF DEATH|Air Slash|p1a: Weavile
|-damage|p1a: Weavile|0 fnt
|faint|p1a: Weavile
|
|upkeep
|
|t:|1636219022
|switch|p1a: Kartana|Kartana|100/100
|-damage|p1a: Kartana|88/100|[from] Spikes
|-damage|p1a: Kartana|82/100|[from] Stealth Rock
|turn|14
|
|t:|1636219037
|move|p1a: Kartana|Smart Strike|p2a: KISS OF DEATH
|-supereffective|p2a: KISS OF DEATH
|-damage|p2a: KISS OF DEATH|0 fnt
|faint|p2a: KISS OF DEATH
|-ability|p1a: Kartana|Beast Boost|boost
|-boost|p1a: Kartana|atk|1
|
|upkeep
|
|t:|1636219058
|switch|p2a: Garchomp|Garchomp, M|100/100
|-activate|p2a: Garchomp|move: Sticky Web
|-unboost|p2a: Garchomp|spe|1
|turn|15
|
|t:|1636219065
|move|p1a: Kartana|Smart Strike|p2a: Garchomp
|-damage|p2a: Garchomp|51/100
|-damage|p1a: Kartana|70/100|[from] ability: Rough Skin|[of] p2a: Garchomp
|-damage|p1a: Kartana|53/100|[from] item: Rocky Helmet|[of] p2a: Garchomp
|move|p2a: Garchomp|Earthquake|p1a: Kartana
|-damage|p1a: Kartana|2/100
|
|upkeep
|turn|16
|
|t:|1636219075
|move|p1a: Kartana|Smart Strike|p2a: Garchomp
|-damage|p2a: Garchomp|0 fnt
|-damage|p1a: Kartana|0 fnt|[from] ability: Rough Skin|[of] p2a: Garchomp
|faint|p2a: Garchomp
|faint|p1a: Kartana
|
|upkeep
|
|t:|1636219087
|switch|p1a: Blacephalon|Blacephalon|94/100
|switch|p2a: Cloyster|Cloyster, F, shiny|100/100
|-damage|p1a: Blacephalon|82/100|[from] Spikes
|-damage|p1a: Blacephalon|58/100|[from] Stealth Rock
|turn|17
|
|t:|1636219098
|switch|p2a: Tyranitar|Tyranitar, M|96/100
|-activate|p2a: Tyranitar|move: Sticky Web
|-unboost|p2a: Tyranitar|spe|1
|-weather|Sandstorm|[from] ability: Sand Stream|[of] p2a: Tyranitar
|move|p1a: Blacephalon|Overheat|p2a: Tyranitar
|-resisted|p2a: Tyranitar
|-damage|p2a: Tyranitar|74/100
|-unboost|p1a: Blacephalon|spa|2
|
|-weather|Sandstorm|[upkeep]
|-damage|p1a: Blacephalon|52/100|[from] Sandstorm
|-heal|p2a: Tyranitar|80/100|[from] item: Leftovers
|upkeep
|turn|18
|
|t:|1636219111
|move|p1a: Blacephalon|Overheat|p2a: Tyranitar|[miss]
|-miss|p1a: Blacephalon|p2a: Tyranitar
|move|p2a: Tyranitar|Thunder Wave|p1a: Blacephalon
|-status|p1a: Blacephalon|par
|
|-weather|Sandstorm|[upkeep]
|-damage|p1a: Blacephalon|45/100 par|[from] Sandstorm
|-heal|p2a: Tyranitar|86/100|[from] item: Leftovers
|upkeep
|turn|19
|
|t:|1636219122
|switch|p1a: Urshifu|Urshifu-Rapid-Strike, F|76/100
|-damage|p1a: Urshifu|70/100|[from] Stealth Rock
|-damage|p1a: Urshifu|57/100|[from] Spikes
|move|p2a: Tyranitar|Rock Slide|p1a: Urshifu
|-resisted|p1a: Urshifu
|-damage|p1a: Urshifu|39/100
|
|-weather|Sandstorm|[upkeep]
|-damage|p1a: Urshifu|33/100|[from] Sandstorm
|-heal|p2a: Tyranitar|92/100|[from] item: Leftovers
|upkeep
|turn|20
|
|t:|1636219146
|switch|p2a: Gengar|Gengar, F|100/100
|-activate|p2a: Gengar|move: Sticky Web
|-unboost|p2a: Gengar|spe|1
|move|p1a: Urshifu|Surging Strikes|p2a: Gengar
|-crit|p2a: Gengar
|-damage|p2a: Gengar|45/100
|-crit|p2a: Gengar
|-damage|p2a: Gengar|0 fnt
|faint|p2a: Gengar
|-hitcount|p2: Gengar|2
|
|-weather|Sandstorm|[upkeep]
|-damage|p1a: Urshifu|27/100|[from] Sandstorm
|upkeep
|
|t:|1636219158
|switch|p2a: Cloyster|Cloyster, F, shiny|100/100
|turn|21
|
|t:|1636219167
|switch|p1a: Blacephalon|Blacephalon|45/100 par
|-damage|p1a: Blacephalon|21/100 par|[from] Stealth Rock
|-damage|p1a: Blacephalon|9/100 par|[from] Spikes
|move|p2a: Cloyster|Shell Smash|p2a: Cloyster
|-unboost|p2a: Cloyster|def|1
|-unboost|p2a: Cloyster|spd|1
|-boost|p2a: Cloyster|atk|2
|-boost|p2a: Cloyster|spa|2
|-boost|p2a: Cloyster|spe|2
|
|-weather|none
|upkeep
|turn|22
|
|t:|1636219182
|move|p2a: Cloyster|Icicle Spear|p1a: Blacephalon
|-resisted|p1a: Blacephalon
|-damage|p1a: Blacephalon|0 fnt
|faint|p1a: Blacephalon
|-hitcount|p1: Blacephalon|1
|
|upkeep
|
|t:|1636219187
|switch|p1a: Dragapult|Dragapult, F|100/100
|-damage|p1a: Dragapult|88/100|[from] Stealth Rock
|-damage|p1a: Dragapult|76/100|[from] Spikes
|turn|23
|
|t:|1636219192
|move|p2a: Cloyster|Icicle Spear|p1a: Dragapult
|-supereffective|p1a: Dragapult
|-damage|p1a: Dragapult|12/100
|-supereffective|p1a: Dragapult
|-damage|p1a: Dragapult|0 fnt
|faint|p1a: Dragapult
|-hitcount|p1: Dragapult|2
|
|upkeep
|-message|damorush forfeited.
|
|win|BUMBACLAAT
|raw|damorush's rating: 1527 &rarr; <strong>1508</strong><br />(-19 for losing)
|raw|BUMBACLAAT's rating: 1539 &rarr; <strong>1558</strong><br />(+19 for winning)
|l|☆damorush
||Ladder isn't responding, score probably updated but might not have (Request timeout).
