|j|☆csmosley5885
|j|☆early_human
|player|p1|csmosley5885|170|1529
|player|p2|early_human|2|1571
|teamsize|p1|6
|teamsize|p2|6
|gametype|singles
|gen|8
|tier|[Gen 8] OU
|rated|
|html|<div class="broadcast-red"><strong>OU is currently suspecting Arena Trap! For information on how to participate check out the <a href="https://www.smogon.com/forums/threads/3661134/">suspect thread</a>.</strong></div>
|clearpoke
|poke|p1|Dracovish|
|poke|p1|Pelipper, F|
|poke|p1|Barraskewda, M|
|poke|p1|Ferrothorn, M|
|poke|p1|Dragapult, F|
|poke|p1|Excadrill, M|
|poke|p2|Weezing-Galar, F|
|poke|p2|Aegislash, F|
|poke|p2|Haxorus, M|
|poke|p2|Hawlucha, M|
|poke|p2|Cloyster, M|
|poke|p2|Bisharp, M|
|rule|Sleep Clause Mod: Limit one foe put to sleep
|rule|Species Clause: Limit one of each Pokémon
|rule|OHKO Clause: OHKO moves are banned
|rule|Evasion Moves Clause: Evasion moves are banned
|rule|Endless Battle Clause: Forcing endless battles is banned
|rule|HP Percentage Mod: HP is shown in percentages
|rule|Dynamax Clause: You cannot dynamax
|teampreview
|inactive|Battle timer is ON: inactive players will automatically lose when time's up. (requested by early_human)
|
|start
|switch|p1a: Pelipper|Pelipper, F, shiny|100/100
|switch|p2a: Cloyster|Cloyster, M, shiny|100/100
|-weather|RainDance|[from] ability: Drizzle|[of] p1a: Pelipper
|turn|1
|
|move|p2a: Cloyster|Rock Blast|p1a: Pelipper
|-supereffective|p1a: Pelipper
|-damage|p1a: Pelipper|89/100
|-supereffective|p1a: Pelipper
|-damage|p1a: Pelipper|79/100
|-supereffective|p1a: Pelipper
|-damage|p1a: Pelipper|67/100
|-supereffective|p1a: Pelipper
|-damage|p1a: Pelipper|56/100
|-supereffective|p1a: Pelipper
|-damage|p1a: Pelipper|46/100
|-hitcount|p1a: Pelipper|5
|cant|p1a: Pelipper|flinch
|
|-weather|RainDance|[upkeep]
|upkeep
|turn|2
|
|switch|p1a: Ferrothorn|Ferrothorn, M, shiny|100/100
|move|p2a: Cloyster|Shell Smash|p2a: Cloyster
|-unboost|p2a: Cloyster|def|1
|-unboost|p2a: Cloyster|spd|1
|-boost|p2a: Cloyster|atk|2
|-boost|p2a: Cloyster|spa|2
|-boost|p2a: Cloyster|spe|2
|
|-weather|RainDance|[upkeep]
|upkeep
|turn|3
|
|move|p2a: Cloyster|Icicle Spear|p1a: Ferrothorn
|-damage|p1a: Ferrothorn|86/100
|-damage|p1a: Ferrothorn|69/100
|-damage|p1a: Ferrothorn|51/100
|-damage|p1a: Ferrothorn|36/100
|-damage|p1a: Ferrothorn|20/100
|-hitcount|p1a: Ferrothorn|5
|move|p1a: Ferrothorn|Power Whip|p2a: Cloyster
|-supereffective|p2a: Cloyster
|-damage|p2a: Cloyster|0 fnt
|faint|p2a: Cloyster
|
|-weather|RainDance|[upkeep]
|-heal|p1a: Ferrothorn|26/100|[from] item: Leftovers
|upkeep
|
|switch|p2a: Bisharp|Bisharp, M, shiny|100/100
|turn|4
|inactive|csmosley5885 has 120 seconds left.
|
|switch|p1a: Excadrill|Excadrill, M, shiny|100/100
|-ability|p1a: Excadrill|Mold Breaker
|move|p2a: Bisharp|Knock Off|p1a: Excadrill
|-damage|p1a: Excadrill|10/100
|-enditem|p1a: Excadrill|Leftovers|[from] move: Knock Off|[of] p2a: Bisharp
|
|-weather|RainDance|[upkeep]
|upkeep
|turn|5
|
|move|p1a: Excadrill|Earthquake|p2a: Bisharp
|-supereffective|p2a: Bisharp
|-damage|p2a: Bisharp|0 fnt
|faint|p2a: Bisharp
|
|-weather|RainDance|[upkeep]
|upkeep
|
|switch|p2a: Hawlucha|Hawlucha, M, shiny|100/100
|turn|6
|inactive|csmosley5885 has 90 seconds left.
|
|move|p2a: Hawlucha|Acrobatics|p1a: Excadrill
|-resisted|p1a: Excadrill
|-damage|p1a: Excadrill|0 fnt
|faint|p1a: Excadrill
|
|-weather|RainDance|[upkeep]
|upkeep
|
|switch|p1a: Dracovish|Dracovish, shiny|100/100
|turn|7
|
|switch|p2a: Weezing|Weezing-Galar, F|100/100
|-fieldstart|move: Misty Terrain|[from] ability: Misty Surge|[of] p2a: Weezing
|move|p1a: Dracovish|Fishious Rend|p2a: Weezing
|-damage|p2a: Weezing|0 fnt
|faint|p2a: Weezing
|
|-weather|RainDance|[upkeep]
|upkeep
|
|switch|p2a: Aegislash|Aegislash, F, shiny|100/100
|-item|p2a: Aegislash|Air Balloon
|turn|8
|
|-formechange|p2a: Aegislash|Aegislash-Blade||[from] ability: Stance Change
|move|p2a: Aegislash|Shadow Sneak|p1a: Dracovish
|-damage|p1a: Dracovish|75/100
|move|p1a: Dracovish|Fishious Rend|p2a: Aegislash
|-damage|p2a: Aegislash|0 fnt
|-enditem|p2a: Aegislash|Air Balloon
|faint|p2a: Aegislash
|
|-weather|none
|upkeep
|
|switch|p2a: Haxorus|Haxorus, M, shiny|100/100
|-ability|p2a: Haxorus|Mold Breaker
|turn|9
|inactive|csmosley5885 has 90 seconds left.
|
|switch|p1a: Pelipper|Pelipper, F, shiny|46/100
|-weather|RainDance|[from] ability: Drizzle|[of] p1a: Pelipper
|move|p2a: Haxorus|Dragon Dance|p2a: Haxorus
|-boost|p2a: Haxorus|atk|1
|-boost|p2a: Haxorus|spe|1
|
|-weather|RainDance|[upkeep]
|upkeep
|turn|10
|
|move|p2a: Haxorus|Dragon Dance|p2a: Haxorus
|-boost|p2a: Haxorus|atk|1
|-boost|p2a: Haxorus|spe|1
|move|p1a: Pelipper|U-turn|p2a: Haxorus
|-damage|p2a: Haxorus|90/100
|
|switch|p1a: Barraskewda|Barraskewda, M, shiny|100/100|[from]move: U-turn
|
|-weather|RainDance|[upkeep]
|upkeep
|turn|11
|
|move|p1a: Barraskewda|Close Combat|p2a: Haxorus
|-damage|p2a: Haxorus|9/100
|-unboost|p1a: Barraskewda|def|1
|-unboost|p1a: Barraskewda|spd|1
|move|p2a: Haxorus|Earthquake|p1a: Barraskewda
|-damage|p1a: Barraskewda|0 fnt
|-damage|p2a: Haxorus|0 fnt|[from] item: Life Orb
|faint|p1a: Barraskewda
|faint|p2a: Haxorus
|
|-weather|RainDance|[upkeep]
|upkeep
|
|switch|p1a: Dracovish|Dracovish, shiny|75/100
|switch|p2a: Hawlucha|Hawlucha, M, shiny|100/100
|-enditem|p2a: Hawlucha|Misty Seed
|-boost|p2a: Hawlucha|spd|1|[from] item: Misty Seed
|turn|12
|
|move|p2a: Hawlucha|Swords Dance|p2a: Hawlucha
|-boost|p2a: Hawlucha|atk|2
|move|p1a: Dracovish|Fishious Rend|p2a: Hawlucha
|-damage|p2a: Hawlucha|0 fnt
|faint|p2a: Hawlucha
|
|win|csmosley5885
|l|☆early_human
||Ladder (probably) updated, but score could not be retrieved (Response not received).
