|j|☆testotesto321
|j|☆clail
|player|p1|testotesto321|bellelba|1746
|player|p2|clail|170|1692
|teamsize|p1|6
|teamsize|p2|6
|gametype|singles
|gen|8
|tier|[Gen 8] OU
|rated|
|html|<div class="broadcast-blue"><strong>OU is currently suspecting Dracovish! For information on how to participate check out the <a href="https://www.smogon.com/forums/threads/3664521/">suspect thread</a>.</strong></div>
|clearpoke
|poke|p1|Gengar, F|
|poke|p1|Zeraora|
|poke|p1|Clefable, F|
|poke|p1|Kommo-o, F|
|poke|p1|Corviknight, F|
|poke|p1|Toxapex, F|
|poke|p2|Bisharp, M|
|poke|p2|Crawdaunt, F|
|poke|p2|Conkeldurr, F|
|poke|p2|Toxtricity, F|
|poke|p2|Corviknight, M|
|poke|p2|Terrakion|
|rule|Sleep Clause Mod: Limit one foe put to sleep
|rule|Species Clause: Limit one of each Pokémon
|rule|OHKO Clause: OHKO moves are banned
|rule|Evasion Moves Clause: Evasion moves are banned
|rule|Endless Battle Clause: Forcing endless battles is banned
|rule|HP Percentage Mod: HP is shown in percentages
|rule|Dynamax Clause: You cannot dynamax
|teampreview
|
|start
|switch|p1a: Zeraora|Zeraora|100/100
|switch|p2a: Toxtricity|Toxtricity, F|100/100
|turn|1
|
|move|p1a: Zeraora|Plasma Fists|p2a: Toxtricity
|-resisted|p2a: Toxtricity
|-damage|p2a: Toxtricity|64/100
|-fieldactivate|move: Ion Deluge
|move|p2a: Toxtricity|Sludge Wave|p1a: Zeraora
|-damage|p1a: Zeraora|9/100
|
|upkeep
|turn|2
|j| IDHB
|
|switch|p1a: Corviknight|Corviknight, F, shiny|100/100
|-ability|p1a: Corviknight|Pressure
|switch|p2a: Conkeldurr|Conkeldurr, F|100/100
|
|-status|p2a: Conkeldurr|brn|[from] item: Flame Orb
|upkeep
|turn|3
|j| nmsl1997
|
|switch|p2a: Toxtricity|Toxtricity, F|64/100
|move|p1a: Corviknight|U-turn|p2a: Toxtricity
|-resisted|p2a: Toxtricity
|-damage|p2a: Toxtricity|53/100
|
|switch|p1a: Gengar|Gengar, F|100/100|[from]move: U-turn
|
|upkeep
|turn|4
|
|move|p1a: Gengar|Shadow Ball|p2a: Toxtricity
|-crit|p2a: Toxtricity
|-damage|p2a: Toxtricity|0 fnt
|faint|p2a: Toxtricity
|
|upkeep
|l| nmsl1997
|
|switch|p2a: Crawdaunt|Crawdaunt, F|100/100
|turn|5
|
|switch|p1a: Kommo-o|Kommo-o, F|100/100
|move|p2a: Crawdaunt|Swords Dance|p2a: Crawdaunt
|-boost|p2a: Crawdaunt|atk|2
|
|upkeep
|turn|6
|
|move|p2a: Crawdaunt|Knock Off|p1a: Kommo-o
|-resisted|p1a: Kommo-o
|-damage|p1a: Kommo-o|59/100
|-enditem|p1a: Kommo-o|Leftovers|[from] move: Knock Off|[of] p2a: Crawdaunt
|move|p1a: Kommo-o|Body Press|p2a: Crawdaunt
|-supereffective|p2a: Crawdaunt
|-enditem|p2a: Crawdaunt|Focus Sash
|-damage|p2a: Crawdaunt|1/100
|
|upkeep
|turn|7
|
|move|p2a: Crawdaunt|Crabhammer|p1a: Kommo-o
|-resisted|p1a: Kommo-o
|-damage|p1a: Kommo-o|15/100
|move|p1a: Kommo-o|Body Press|p2a: Crawdaunt
|-supereffective|p2a: Crawdaunt
|-damage|p2a: Crawdaunt|0 fnt
|faint|p2a: Crawdaunt
|
|upkeep
|
|switch|p2a: Corviknight|Corviknight, M|100/100
|-ability|p2a: Corviknight|Pressure
|turn|8
|
|switch|p1a: Corviknight|Corviknight, F, shiny|100/100
|-ability|p1a: Corviknight|Pressure
|move|p2a: Corviknight|Agility|p2a: Corviknight
|-boost|p2a: Corviknight|spe|2
|
|upkeep
|turn|9
|
|move|p2a: Corviknight|Bulk Up|p2a: Corviknight
|-boost|p2a: Corviknight|atk|1
|-boost|p2a: Corviknight|def|1
|move|p1a: Corviknight|U-turn|p2a: Corviknight
|-resisted|p2a: Corviknight
|-damage|p2a: Corviknight|98/100
|
|switch|p1a: Toxapex|Toxapex, F, shiny|100/100|[from]move: U-turn
|
|-heal|p2a: Corviknight|100/100|[from] item: Leftovers
|upkeep
|turn|10
|
|move|p2a: Corviknight|Bulk Up|p2a: Corviknight
|-boost|p2a: Corviknight|atk|1
|-boost|p2a: Corviknight|def|1
|move|p1a: Toxapex|Haze|p1a: Toxapex
|-clearallboost
|
|upkeep
|turn|11
|
|switch|p2a: Conkeldurr|Conkeldurr, F|100/100 brn
|move|p1a: Toxapex|Scald|p2a: Conkeldurr
|-damage|p2a: Conkeldurr|77/100 brn
|
|-damage|p2a: Conkeldurr|71/100 brn|[from] brn
|upkeep
|turn|12
|
|move|p2a: Conkeldurr|Knock Off|p1a: Toxapex
|-damage|p1a: Toxapex|65/100
|-enditem|p1a: Toxapex|Black Sludge|[from] move: Knock Off|[of] p2a: Conkeldurr
|move|p1a: Toxapex|Recover|p1a: Toxapex
|-heal|p1a: Toxapex|100/100
|
|-damage|p2a: Conkeldurr|65/100 brn|[from] brn
|upkeep
|turn|13
|
|move|p2a: Conkeldurr|Facade|p1a: Toxapex
|-damage|p1a: Toxapex|48/100
|move|p1a: Toxapex|Recover|p1a: Toxapex
|-heal|p1a: Toxapex|98/100
|
|-damage|p2a: Conkeldurr|59/100 brn|[from] brn
|upkeep
|turn|14
|
|switch|p2a: Terrakion|Terrakion|100/100
|move|p1a: Toxapex|Recover|p1a: Toxapex
|-heal|p1a: Toxapex|100/100
|
|upkeep
|turn|15
|
|move|p2a: Terrakion|Stone Edge|p1a: Toxapex
|-damage|p1a: Toxapex|51/100
|move|p1a: Toxapex|Scald|p2a: Terrakion
|-supereffective|p2a: Terrakion
|-damage|p2a: Terrakion|61/100
|
|upkeep
|turn|16
|j| gg4gg
|
|switch|p1a: Corviknight|Corviknight, F, shiny|100/100
|-ability|p1a: Corviknight|Pressure
|move|p2a: Terrakion|Stone Edge|p1a: Corviknight
|-damage|p1a: Corviknight|34/100
|
|-heal|p1a: Corviknight|40/100|[from] item: Leftovers
|upkeep
|turn|17
|
|move|p2a: Terrakion|Stone Edge|p1a: Corviknight
|-damage|p1a: Corviknight|0 fnt
|faint|p1a: Corviknight
|
|upkeep
|
|switch|p1a: Gengar|Gengar, F|100/100
|turn|18
|
|move|p1a: Gengar|Focus Blast|p2a: Terrakion
|-supereffective|p2a: Terrakion
|-damage|p2a: Terrakion|0 fnt
|faint|p2a: Terrakion
|
|upkeep
|
|switch|p2a: Conkeldurr|Conkeldurr, F|59/100 brn
|turn|19
|
|switch|p1a: Kommo-o|Kommo-o, F|15/100
|move|p2a: Conkeldurr|Facade|p1a: Kommo-o
|-crit|p1a: Kommo-o
|-damage|p1a: Kommo-o|0 fnt
|faint|p1a: Kommo-o
|
|-damage|p2a: Conkeldurr|53/100 brn|[from] brn
|upkeep
|
|switch|p1a: Clefable|Clefable, F, shiny|100/100
|turn|20
|
|switch|p2a: Bisharp|Bisharp, M|100/100
|move|p1a: Clefable|Moonblast|p2a: Bisharp
|-crit|p2a: Bisharp
|-damage|p2a: Bisharp|0 fnt
|faint|p2a: Bisharp
|
|upkeep
|c|☆clail|gg
|-message|clail forfeited.
|
|win|testotesto321
|l|☆clail
|raw|testotesto321's rating: 1746 &rarr; <strong>1763</strong><br />(+17 for winning)
|raw|clail's rating: 1692 &rarr; <strong>1675</strong><br />(-17 for losing)
|c|☆testotesto321|gg
|l| gg4gg
|l|☆testotesto321
