|j|☆Chucky plays
|j|☆Arnaud senju vgc
|player|p1|Chucky plays|petrel|1832
|player|p2|Arnaud senju vgc|alder|1813
|teamsize|p1|6
|teamsize|p2|6
|gametype|singles
|gen|8
|tier|[Gen 8] OU
|rated|
|clearpoke
|poke|p1|Clefable, F|
|poke|p1|Corsola-Galar, F|
|poke|p1|Corviknight, F|
|poke|p1|Toxapex, F|
|poke|p1|Rotom-Heat|
|poke|p1|Stunfisk, M|
|poke|p2|Venusaur, M|
|poke|p2|Torkoal, F|
|poke|p2|Rillaboom, M|
|poke|p2|Hawlucha, M|
|poke|p2|Dragapult, M|
|poke|p2|Cinderace, M|
|rule|Sleep Clause Mod: Limit one foe put to sleep
|rule|Species Clause: Limit one of each Pokémon
|rule|OHKO Clause: OHKO moves are banned
|rule|Evasion Moves Clause: Evasion moves are banned
|rule|Endless Battle Clause: Forcing endless battles is banned
|rule|HP Percentage Mod: HP is shown in percentages
|rule|Dynamax Clause: You cannot dynamax
|teampreview
|inactive|Battle timer is ON: inactive players will automatically lose when time's up. (requested by Chucky plays)
|
|start
|switch|p1a: Pekapeka|Toxapex, F, shiny|100/100
|switch|p2a: Torkoal|Torkoal, F|100/100
|-weather|SunnyDay|[from] ability: Drought|[of] p2a: Torkoal
|turn|1
|
|move|p1a: Pekapeka|Knock Off|p2a: Torkoal
|-damage|p2a: Torkoal|91/100
|-enditem|p2a: Torkoal|Heat Rock|[from] move: Knock Off|[of] p1a: Pekapeka
|move|p2a: Torkoal|Stealth Rock|p1a: Pekapeka
|-sidestart|p1: Chucky plays|move: Stealth Rock
|
|-weather|SunnyDay|[upkeep]
|upkeep
|turn|2
|j| DJEMBA01
|
|switch|p1a: Inferno|Rotom-Heat, shiny|100/100
|switch|p2a: Venusaur|Venusaur, M|100/100
|
|-weather|SunnyDay|[upkeep]
|upkeep
|turn|3
|
|switch|p2a: Dragapult|Dragapult, M|100/100
|move|p1a: Inferno|Overheat|p2a: Dragapult
|-resisted|p2a: Dragapult
|-damage|p2a: Dragapult|59/100
|-unboost|p1a: Inferno|spa|2
|
|-weather|SunnyDay|[upkeep]
|-heal|p2a: Dragapult|65/100|[from] item: Leftovers
|upkeep
|turn|4
|
|switch|p2a: Venusaur|Venusaur, M|100/100
|switch|p1a: Zeze|Stunfisk, M, shiny|100/100
|-damage|p1a: Zeze|94/100|[from] Stealth Rock
|
|-weather|SunnyDay|[upkeep]
|-heal|p1a: Zeze|100/100|[from] item: Leftovers
|upkeep
|turn|5
|
|switch|p1a: Mary|Corsola-Galar, F, shiny|100/100
|-damage|p1a: Mary|88/100|[from] Stealth Rock
|move|p2a: Venusaur|Growth|p2a: Venusaur
|-boost|p2a: Venusaur|atk|2
|-boost|p2a: Venusaur|spa|2
|
|-weather|SunnyDay|[upkeep]
|upkeep
|turn|6
|
|move|p2a: Venusaur|Weather Ball|p1a: Mary
|-damage|p1a: Mary|10/100
|-damage|p2a: Venusaur|91/100|[from] item: Life Orb
|move|p1a: Mary|Mirror Coat|p2a: Venusaur
|-damage|p2a: Venusaur|0 fnt
|faint|p2a: Venusaur
|
|-weather|SunnyDay|[upkeep]
|upkeep
|
|switch|p2a: Cinderace|Cinderace, M|100/100
|turn|7
|
|switch|p1a: Pekapeka|Toxapex, F, shiny|100/100
|-damage|p1a: Pekapeka|88/100|[from] Stealth Rock
|move|p2a: Cinderace|Pyro Ball|p1a: Pekapeka
|-resisted|p1a: Pekapeka
|-damage|p1a: Pekapeka|61/100
|
|-weather|SunnyDay|[upkeep]
|-heal|p1a: Pekapeka|68/100|[from] item: Black Sludge
|upkeep
|turn|8
|
|move|p2a: Cinderace|Zen Headbutt|p1a: Pekapeka
|-start|p2a: Cinderace|typechange|Psychic|[from] ability: Libero
|-supereffective|p1a: Pekapeka
|-damage|p1a: Pekapeka|22/100
|move|p1a: Pekapeka|Toxic Spikes|p2a: Cinderace
|-sidestart|p2: Arnaud senju vgc|move: Toxic Spikes
|
|-weather|none
|-heal|p1a: Pekapeka|28/100|[from] item: Black Sludge
|upkeep
|turn|9
|
|switch|p1a: Mary|Corsola-Galar, F, shiny|10/100
|-damage|p1a: Mary|0 fnt|[from] Stealth Rock
|faint|p1a: Mary
|move|p2a: Cinderace|Pyro Ball|p1: Mary|[notarget]
|-fail|p2a: Cinderace
|
|upkeep
|
|switch|p1a: Inferno|Rotom-Heat, shiny|100/100
|turn|10
|
|move|p2a: Cinderace|Zen Headbutt|p1a: Inferno
|-damage|p1a: Inferno|59/100
|move|p1a: Inferno|Discharge|p2a: Cinderace
|-damage|p2a: Cinderace|56/100
|
|upkeep
|turn|11
|
|move|p2a: Cinderace|Zen Headbutt|p1a: Inferno
|-damage|p1a: Inferno|18/100
|move|p1a: Inferno|Discharge|p2a: Cinderace
|-damage|p2a: Cinderace|13/100
|-status|p2a: Cinderace|par
|
|upkeep
|turn|12
|
|switch|p1a: Pekapeka|Toxapex, F, shiny|61/100
|-damage|p1a: Pekapeka|49/100|[from] Stealth Rock
|move|p2a: Cinderace|Sucker Punch||[still]
|-start|p2a: Cinderace|typechange|Dark|[from] ability: Libero
|-fail|p2a: Cinderace
|
|-heal|p1a: Pekapeka|55/100|[from] item: Black Sludge
|upkeep
|turn|13
|
|move|p2a: Cinderace|Zen Headbutt|p1a: Pekapeka
|-start|p2a: Cinderace|typechange|Psychic|[from] ability: Libero
|-supereffective|p1a: Pekapeka
|-damage|p1a: Pekapeka|9/100
|move|p1a: Pekapeka|Recover|p1a: Pekapeka
|-heal|p1a: Pekapeka|59/100
|
|-heal|p1a: Pekapeka|65/100|[from] item: Black Sludge
|upkeep
|turn|14
|j| Caloominum
|
|move|p2a: Cinderace|Zen Headbutt|p1a: Pekapeka
|-supereffective|p1a: Pekapeka
|-crit|p1a: Pekapeka
|-damage|p1a: Pekapeka|0 fnt
|faint|p1a: Pekapeka
|
|upkeep
|
|switch|p1a: Xaninha|Clefable, F, shiny|100/100
|-damage|p1a: Xaninha|88/100|[from] Stealth Rock
|turn|15
|j| testinnattydex
|
|switch|p2a: Torkoal|Torkoal, F|91/100
|-status|p2a: Torkoal|psn
|-weather|SunnyDay|[from] ability: Drought|[of] p2a: Torkoal
|move|p1a: Xaninha|Moonblast|p2a: Torkoal
|-resisted|p2a: Torkoal
|-damage|p2a: Torkoal|71/100 psn
|-unboost|p2a: Torkoal|spa|1
|
|-weather|SunnyDay|[upkeep]
|-heal|p1a: Xaninha|94/100|[from] item: Leftovers
|-damage|p2a: Torkoal|58/100 psn|[from] psn
|upkeep
|turn|16
|j| miguelSoJ
|
|move|p1a: Xaninha|Protect|p1a: Xaninha
|-singleturn|p1a: Xaninha|Protect
|move|p2a: Torkoal|Rapid Spin|p1a: Xaninha
|-activate|p1a: Xaninha|move: Protect
|
|-weather|SunnyDay|[upkeep]
|-heal|p1a: Xaninha|99/100|[from] item: Leftovers
|-damage|p2a: Torkoal|46/100 psn|[from] psn
|upkeep
|turn|17
|j| Tenbr
|l| miguelSoJ
|
|switch|p1a: Zeze|Stunfisk, M, shiny|100/100
|-damage|p1a: Zeze|94/100|[from] Stealth Rock
|move|p2a: Torkoal|Toxic|p1a: Zeze
|-status|p1a: Zeze|tox
|
|-weather|SunnyDay|[upkeep]
|-heal|p1a: Zeze|100/100 tox|[from] item: Leftovers
|-damage|p1a: Zeze|94/100 tox|[from] psn
|-damage|p2a: Torkoal|33/100 psn|[from] psn
|upkeep
|turn|18
|
|move|p1a: Zeze|Earth Power|p2a: Torkoal
|-supereffective|p2a: Torkoal
|-damage|p2a: Torkoal|0 fnt
|faint|p2a: Torkoal
|
|-weather|SunnyDay|[upkeep]
|-heal|p1a: Zeze|100/100 tox|[from] item: Leftovers
|-damage|p1a: Zeze|88/100 tox|[from] psn
|upkeep
|j| stormorax
|
|switch|p2a: Cinderace|Cinderace, M|13/100 par
|turn|19
|
|move|p2a: Cinderace|Court Change|p2a: Cinderace
|-start|p2a: Cinderace|typechange|Normal|[from] ability: Libero
|-sideend|p2: Arnaud senju vgc|Toxic Spikes|[silent]
|-sidestart|p1: Chucky plays|Toxic Spikes|[silent]
|-sideend|p1: Chucky plays|Stealth Rock|[silent]
|-sidestart|p2: Arnaud senju vgc|Stealth Rock|[silent]
|-activate|p2a: Cinderace|move: Court Change
|move|p1a: Zeze|Stealth Rock||[still]
|-fail|p1a: Zeze
|
|-weather|none
|-heal|p1a: Zeze|94/100 tox|[from] item: Leftovers
|-damage|p1a: Zeze|76/100 tox|[from] psn
|upkeep
|turn|20
|j| moves that miss
|j| Rororara
|
|switch|p2a: Rillaboom|Rillaboom, M|100/100
|-damage|p2a: Rillaboom|88/100|[from] Stealth Rock
|-fieldstart|move: Grassy Terrain|[from] ability: Grassy Surge|[of] p2a: Rillaboom
|move|p1a: Zeze|Earth Power|p2a: Rillaboom
|-resisted|p2a: Rillaboom
|-damage|p2a: Rillaboom|70/100
|
|-heal|p2a: Rillaboom|76/100|[from] Grassy Terrain
|-heal|p1a: Zeze|82/100 tox|[from] item: Leftovers
|-heal|p1a: Zeze|88/100 tox|[from] Grassy Terrain
|-damage|p1a: Zeze|64/100 tox|[from] psn
|upkeep
|turn|21
|l| moves that miss
|
|switch|p1a: Corvanus|Corviknight, F, shiny|100/100
|-ability|p1a: Corvanus|Pressure
|move|p2a: Rillaboom|U-turn|p1a: Corvanus
|-resisted|p1a: Corvanus
|-damage|p1a: Corvanus|93/100
|j| Mitchellenwebb
|
|switch|p2a: Cinderace|Cinderace, M|13/100 par|[from]move: U-turn
|
|-heal|p2a: Cinderace|19/100 par|[from] Grassy Terrain
|-heal|p1a: Corvanus|99/100|[from] item: Leftovers
|upkeep
|turn|22
|j| rickywang
|
|move|p2a: Cinderace|Pyro Ball|p1a: Corvanus
|-supereffective|p1a: Corvanus
|-damage|p1a: Corvanus|9/100
|move|p1a: Corvanus|Brave Bird|p2a: Cinderace
|-damage|p2a: Cinderace|0 fnt
|-damage|p1a: Corvanus|4/100|[from] Recoil
|faint|p2a: Cinderace
|
|-heal|p1a: Corvanus|11/100|[from] item: Leftovers
|upkeep
|
|switch|p2a: Hawlucha|Hawlucha, M|100/100
|-damage|p2a: Hawlucha|88/100|[from] Stealth Rock
|-enditem|p2a: Hawlucha|Grassy Seed
|-boost|p2a: Hawlucha|def|1|[from] item: Grassy Seed
|turn|23
|
|move|p2a: Hawlucha|Close Combat|p1a: Corvanus
|-damage|p1a: Corvanus|0 fnt
|-unboost|p2a: Hawlucha|def|1
|-unboost|p2a: Hawlucha|spd|1
|faint|p1a: Corvanus
|
|upkeep
|
|switch|p1a: Xaninha|Clefable, F, shiny|99/100
|-status|p1a: Xaninha|psn
|turn|24
|j| DevilishGreg
|
|switch|p2a: Rillaboom|Rillaboom, M|76/100
|-damage|p2a: Rillaboom|64/100|[from] Stealth Rock
|move|p1a: Xaninha|Aromatherapy|p1a: Xaninha
|-activate|p1a: Xaninha|move: Aromatherapy
|-curestatus|p1a: Xaninha|psn|[msg]
|-curestatus|p1: Zeze|tox|[msg]
|
|-heal|p2a: Rillaboom|70/100|[from] Grassy Terrain
|-heal|p1a: Xaninha|100/100|[from] item: Leftovers
|-fieldend|move: Grassy Terrain
|upkeep
|turn|25
|
|move|p2a: Rillaboom|Wood Hammer|p1a: Xaninha
|-damage|p1a: Xaninha|28/100
|-damage|p2a: Rillaboom|42/100|[from] Recoil
|move|p1a: Xaninha|Wish|p1a: Xaninha
|
|-heal|p1a: Xaninha|34/100|[from] item: Leftovers
|upkeep
|turn|26
|
|switch|p2a: Dragapult|Dragapult, M|65/100
|-damage|p2a: Dragapult|53/100|[from] Stealth Rock
|move|p1a: Xaninha|Protect||[still]
|-fail|p1a: Xaninha
|
|-heal|p1a: Xaninha|84/100|[from] move: Wish|[wisher] Xaninha
|-heal|p2a: Dragapult|59/100|[from] item: Leftovers
|-heal|p1a: Xaninha|90/100|[from] item: Leftovers
|upkeep
|turn|27
|l| testinnattydex
|
|move|p2a: Dragapult|Substitute|p2a: Dragapult
|-start|p2a: Dragapult|Substitute
|-damage|p2a: Dragapult|34/100
|move|p1a: Xaninha|Wish|p1a: Xaninha
|
|-heal|p2a: Dragapult|40/100|[from] item: Leftovers
|-heal|p1a: Xaninha|96/100|[from] item: Leftovers
|upkeep
|turn|28
|
|move|p2a: Dragapult|Dragon Dance|p2a: Dragapult
|-boost|p2a: Dragapult|atk|1
|-boost|p2a: Dragapult|spe|1
|move|p1a: Xaninha|Moonblast|p2a: Dragapult
|-supereffective|p2a: Dragapult
|-end|p2a: Dragapult|Substitute
|
|-heal|p1a: Xaninha|100/100|[from] move: Wish|[wisher] Xaninha
|-heal|p2a: Dragapult|46/100|[from] item: Leftovers
|upkeep
|turn|29
|
|move|p2a: Dragapult|Disable|p1a: Xaninha
|-start|p1a: Xaninha|Disable|Moonblast
|cant|p1a: Xaninha|Disable|Moonblast
|
|-heal|p2a: Dragapult|52/100|[from] item: Leftovers
|upkeep
|turn|30
|
|move|p2a: Dragapult|Dragon Dance|p2a: Dragapult
|-boost|p2a: Dragapult|atk|1
|-boost|p2a: Dragapult|spe|1
|move|p1a: Xaninha|Wish|p1a: Xaninha
|
|-heal|p2a: Dragapult|58/100|[from] item: Leftovers
|upkeep
|turn|31
|
|move|p1a: Xaninha|Protect|p1a: Xaninha
|-singleturn|p1a: Xaninha|Protect
|move|p2a: Dragapult|Phantom Force||[still]
|-prepare|p2a: Dragapult|Phantom Force|p1a: Xaninha
|
|-heal|p2a: Dragapult|64/100|[from] item: Leftovers
|upkeep
|turn|32
|
|move|p2a: Dragapult|Phantom Force|p1a: Xaninha|[from]lockedmove
|-crit|p1a: Xaninha
|-damage|p1a: Xaninha|61/100
|move|p1a: Xaninha|Wish|p1a: Xaninha
|
|-heal|p2a: Dragapult|70/100|[from] item: Leftovers
|-heal|p1a: Xaninha|68/100|[from] item: Leftovers
|-end|p1a: Xaninha|Disable
|upkeep
|turn|33
|l| stormorax
|
|move|p2a: Dragapult|Substitute|p2a: Dragapult
|-start|p2a: Dragapult|Substitute
|-damage|p2a: Dragapult|45/100
|move|p1a: Xaninha|Moonblast|p2a: Dragapult
|-supereffective|p2a: Dragapult
|-end|p2a: Dragapult|Substitute
|
|-heal|p1a: Xaninha|100/100|[from] move: Wish|[wisher] Xaninha
|-heal|p2a: Dragapult|52/100|[from] item: Leftovers
|upkeep
|turn|34
|
|move|p1a: Xaninha|Protect|p1a: Xaninha
|-singleturn|p1a: Xaninha|Protect
|move|p2a: Dragapult|Disable|p1a: Xaninha
|-activate|p1a: Xaninha|move: Protect
|
|-heal|p2a: Dragapult|58/100|[from] item: Leftovers
|upkeep
|turn|35
|l| Rororara
|
|move|p2a: Dragapult|Substitute|p2a: Dragapult
|-start|p2a: Dragapult|Substitute
|-damage|p2a: Dragapult|33/100
|move|p1a: Xaninha|Moonblast|p2a: Dragapult
|-supereffective|p2a: Dragapult
|-end|p2a: Dragapult|Substitute
|
|-heal|p2a: Dragapult|39/100|[from] item: Leftovers
|upkeep
|turn|36
|
|move|p1a: Xaninha|Protect|p1a: Xaninha
|-singleturn|p1a: Xaninha|Protect
|move|p2a: Dragapult|Substitute|p2a: Dragapult
|-start|p2a: Dragapult|Substitute
|-damage|p2a: Dragapult|14/100
|
|-heal|p2a: Dragapult|20/100|[from] item: Leftovers
|upkeep
|turn|37
|
|move|p2a: Dragapult|Dragon Dance|p2a: Dragapult
|-boost|p2a: Dragapult|atk|1
|-boost|p2a: Dragapult|spe|1
|move|p1a: Xaninha|Moonblast|p2a: Dragapult
|-supereffective|p2a: Dragapult
|-crit|p2a: Dragapult
|-end|p2a: Dragapult|Substitute
|
|-heal|p2a: Dragapult|26/100|[from] item: Leftovers
|upkeep
|turn|38
|
|move|p2a: Dragapult|Disable|p1a: Xaninha
|-start|p1a: Xaninha|Disable|Moonblast
|cant|p1a: Xaninha|Disable|Moonblast
|
|-heal|p2a: Dragapult|32/100|[from] item: Leftovers
|upkeep
|turn|39
|
|move|p1a: Xaninha|Protect|p1a: Xaninha
|-singleturn|p1a: Xaninha|Protect
|move|p2a: Dragapult|Substitute|p2a: Dragapult
|-start|p2a: Dragapult|Substitute
|-damage|p2a: Dragapult|7/100
|
|-heal|p2a: Dragapult|13/100|[from] item: Leftovers
|upkeep
|turn|40
|
|move|p2a: Dragapult|Dragon Dance|p2a: Dragapult
|-boost|p2a: Dragapult|atk|1
|-boost|p2a: Dragapult|spe|1
|move|p1a: Xaninha|Wish|p1a: Xaninha
|
|-heal|p2a: Dragapult|19/100|[from] item: Leftovers
|upkeep
|turn|41
|
|move|p2a: Dragapult|Dragon Dance|p2a: Dragapult
|-boost|p2a: Dragapult|atk|1
|-boost|p2a: Dragapult|spe|1
|move|p1a: Xaninha|Aromatherapy||[still]
|-activate|p1a: Xaninha|move: Aromatherapy
|-fail|p1a: Xaninha
|
|-heal|p2a: Dragapult|25/100|[from] item: Leftovers
|-end|p1a: Xaninha|Disable
|upkeep
|turn|42
|l| Mitchellenwebb
|
|move|p2a: Dragapult|Phantom Force||[still]
|-prepare|p2a: Dragapult|Phantom Force|p1a: Xaninha
|move|p1a: Xaninha|Moonblast|p2a: Dragapult|[miss]
|-miss|p1a: Xaninha|p2a: Dragapult
|
|-heal|p2a: Dragapult|31/100|[from] item: Leftovers
|upkeep
|turn|43
|
|move|p2a: Dragapult|Phantom Force|p1a: Xaninha|[from]lockedmove
|-damage|p1a: Xaninha|72/100
|move|p1a: Xaninha|Moonblast|p2a: Dragapult
|-supereffective|p2a: Dragapult
|-end|p2a: Dragapult|Substitute
|
|-heal|p2a: Dragapult|37/100|[from] item: Leftovers
|-heal|p1a: Xaninha|78/100|[from] item: Leftovers
|upkeep
|turn|44
|
|move|p1a: Xaninha|Protect|p1a: Xaninha
|-singleturn|p1a: Xaninha|Protect
|move|p2a: Dragapult|Disable|p1a: Xaninha
|-activate|p1a: Xaninha|move: Protect
|
|-heal|p2a: Dragapult|43/100|[from] item: Leftovers
|-heal|p1a: Xaninha|85/100|[from] item: Leftovers
|upkeep
|turn|45
|
|switch|p2a: Hawlucha|Hawlucha, M|88/100
|-damage|p2a: Hawlucha|76/100|[from] Stealth Rock
|move|p1a: Xaninha|Moonblast|p2a: Hawlucha
|-supereffective|p2a: Hawlucha
|-damage|p2a: Hawlucha|0 fnt
|faint|p2a: Hawlucha
|
|-heal|p1a: Xaninha|91/100|[from] item: Leftovers
|upkeep
|l| Tenbr
|
|switch|p2a: Rillaboom|Rillaboom, M|42/100
|-damage|p2a: Rillaboom|30/100|[from] Stealth Rock
|-fieldstart|move: Grassy Terrain|[from] ability: Grassy Surge|[of] p2a: Rillaboom
|turn|46
|
|move|p1a: Xaninha|Protect|p1a: Xaninha
|-singleturn|p1a: Xaninha|Protect
|move|p2a: Rillaboom|Wood Hammer|p1a: Xaninha
|-activate|p1a: Xaninha|move: Protect
|
|-heal|p2a: Rillaboom|36/100|[from] Grassy Terrain
|-heal|p1a: Xaninha|97/100|[from] item: Leftovers
|-heal|p1a: Xaninha|100/100|[from] Grassy Terrain
|upkeep
|turn|47
|
|switch|p1a: Zeze|Stunfisk, M, shiny|64/100
|-status|p1a: Zeze|psn
|move|p2a: Rillaboom|Wood Hammer|p1a: Zeze
|-supereffective|p1a: Zeze
|-damage|p1a: Zeze|0 fnt
|-damage|p2a: Rillaboom|10/100|[from] Recoil
|faint|p1a: Zeze
|
|-heal|p2a: Rillaboom|17/100|[from] Grassy Terrain
|upkeep
|
|switch|p1a: Inferno|Rotom-Heat, shiny|18/100
|turn|48
|
|move|p2a: Rillaboom|Wood Hammer|p1a: Inferno
|-resisted|p1a: Inferno
|-damage|p1a: Inferno|0 fnt
|-damage|p2a: Rillaboom|12/100|[from] Recoil
|faint|p1a: Inferno
|
|-heal|p2a: Rillaboom|18/100|[from] Grassy Terrain
|upkeep
|
|switch|p1a: Xaninha|Clefable, F, shiny|100/100
|-status|p1a: Xaninha|psn
|turn|49
|
|move|p2a: Rillaboom|Wood Hammer|p1a: Xaninha
|-damage|p1a: Xaninha|7/100 psn
|-damage|p2a: Rillaboom|0 fnt|[from] Recoil
|faint|p2a: Rillaboom
|move|p1a: Xaninha|Aromatherapy|p1a: Xaninha
|-activate|p1a: Xaninha|move: Aromatherapy
|-curestatus|p1a: Xaninha|psn|[msg]
|
|-heal|p1a: Xaninha|13/100|[from] item: Leftovers
|-heal|p1a: Xaninha|20/100|[from] Grassy Terrain
|upkeep
|
|switch|p2a: Dragapult|Dragapult, M|43/100
|-damage|p2a: Dragapult|31/100|[from] Stealth Rock
|turn|50
|
|move|p2a: Dragapult|Phantom Force||[still]
|-prepare|p2a: Dragapult|Phantom Force|p1a: Xaninha
|move|p1a: Xaninha|Wish|p1a: Xaninha
|
|-heal|p2a: Dragapult|37/100|[from] item: Leftovers
|-heal|p1a: Xaninha|26/100|[from] item: Leftovers
|-heal|p1a: Xaninha|32/100|[from] Grassy Terrain
|-fieldend|move: Grassy Terrain
|upkeep
|turn|51
|
|move|p2a: Dragapult|Phantom Force|p1a: Xaninha|[from]lockedmove
|-damage|p1a: Xaninha|5/100
|move|p1a: Xaninha|Moonblast|p2a: Dragapult
|-supereffective|p2a: Dragapult
|-damage|p2a: Dragapult|0 fnt
|faint|p2a: Dragapult
|
|win|Chucky plays
|l| Caloominum
|l|☆Arnaud senju vgc
|j|☆Arnaud senju vgc
|player|p2|Arnaud senju vgc|alder
||Ladder (probably) updated, but score could not be retrieved (Request timeout).
|l|☆Arnaud senju vgc
|player|p2|
|l| DJEMBA01
