|html|<div class="broadcast-blue"><strong>[Gen 8] OU is currently suspecting Melmetal! For information on how to participate check out the <a href="https://www.smogon.com/forums/threads/np-ss-ou-suspect-process-round-12-monster-mash.3709234/">suspect thread</a>.</strong></div>
|j|☆Steez Ibanez
|j|☆whocanunravelme
|t:|1665838109
|gametype|singles
|player|p1|Steez Ibanez|acetrainer-gen7|1629
|player|p2|whocanunravelme|steven|1620
|teamsize|p1|6
|teamsize|p2|6
|gen|8
|tier|[Gen 8] OU
|rated|
|rule|Sleep Clause Mod: Limit one foe put to sleep
|rule|Species Clause: Limit one of each Pokémon
|rule|OHKO Clause: OHKO moves are banned
|rule|Evasion Items Clause: Evasion items are banned
|rule|Evasion Moves Clause: Evasion moves are banned
|rule|Endless Battle Clause: Forcing endless battles is banned
|rule|HP Percentage Mod: HP is shown in percentages
|rule|Dynamax Clause: You cannot dynamax
|clearpoke
|poke|p1|Clefable, M|
|poke|p1|Zapdos-Galar|
|poke|p1|Tapu Koko|
|poke|p1|Melmetal|
|poke|p1|Garchomp, M|
|poke|p1|Ferrothorn, M|
|poke|p2|Clefable, M|
|poke|p2|Reuniclus, M|
|poke|p2|Scizor, F|
|poke|p2|Skarmory, M|
|poke|p2|Toxapex, F|
|poke|p2|Zeraora|
|teampreview
|inactive|Battle timer is ON: inactive players will automatically lose when time's up. (requested by whocanunravelme)
|
|t:|1665838116
|start
|switch|p1a: Luke Cage|Melmetal|100/100
|switch|p2a: Clefable|Clefable, M|100/100
|turn|1
|
|t:|1665838127
|switch|p2a: Scizor|Scizor, F|100/100
|move|p1a: Luke Cage|Thunder Wave|p2a: Scizor
|-status|p2a: Scizor|par
|
|upkeep
|turn|2
|
|t:|1665838140
|switch|p2a: Skarmory|Skarmory, M|100/100
|move|p1a: Luke Cage|Double Iron Bash|p2a: Skarmory
|-resisted|p2a: Skarmory
|-damage|p2a: Skarmory|88/100
|-resisted|p2a: Skarmory
|-damage|p2a: Skarmory|74/100
|-hitcount|p2a: Skarmory|2
|
|upkeep
|turn|3
|
|t:|1665838149
|move|p2a: Skarmory|Body Press|p1a: Luke Cage
|-supereffective|p1a: Luke Cage
|-damage|p1a: Luke Cage|62/100
|move|p1a: Luke Cage|Thunder Wave|p2a: Skarmory
|-status|p2a: Skarmory|par
|
|upkeep
|turn|4
|
|t:|1665838166
|move|p1a: Luke Cage|Thunder Punch|p2a: Skarmory
|-supereffective|p2a: Skarmory
|-damage|p2a: Skarmory|28/100 par
|move|p2a: Skarmory|Roost|p2a: Skarmory
|-heal|p2a: Skarmory|78/100 par
|-singleturn|p2a: Skarmory|move: Roost
|
|upkeep
|turn|5
|
|t:|1665838179
|switch|p2a: Zeraora|Zeraora|100/100
|move|p1a: Luke Cage|Thunder Punch|p2a: Zeraora
|-immune|p2a: Zeraora|[from] ability: Volt Absorb
|
|upkeep
|turn|6
|
|t:|1665838184
|switch|p1a: Abomination|Ferrothorn, M|100/100
|move|p2a: Zeraora|Knock Off|p1a: Abomination
|-crit|p1a: Abomination
|-damage|p1a: Abomination|75/100
|-damage|p2a: Zeraora|88/100|[from] ability: Iron Barbs|[of] p1a: Abomination
|-damage|p2a: Zeraora|72/100|[from] item: Rocky Helmet|[of] p1a: Abomination
|-enditem|p1a: Abomination|Rocky Helmet|[from] move: Knock Off|[of] p2a: Zeraora
|
|upkeep
|turn|7
|
|t:|1665838196
|switch|p2a: Clefable|Clefable, M|100/100
|move|p1a: Abomination|Leech Seed|p2a: Clefable
|-start|p2a: Clefable|move: Leech Seed
|
|-damage|p2a: Clefable|88/100|[from] Leech Seed|[of] p1a: Abomination
|-heal|p1a: Abomination|89/100|[silent]
|upkeep
|turn|8
|
|t:|1665838203
|move|p2a: Clefable|Heal Bell|p2a: Clefable
|-activate|p2a: Clefable|move: Heal Bell
|-curestatus|p2: Scizor|par|[msg]
|-curestatus|p2: Skarmory|par|[msg]
|move|p1a: Abomination|Spikes|p2a: Clefable
|-sidestart|p2: whocanunravelme|Spikes
|
|-damage|p2a: Clefable|76/100|[from] Leech Seed|[of] p1a: Abomination
|-heal|p1a: Abomination|100/100|[silent]
|upkeep
|turn|9
|
|t:|1665838210
|move|p2a: Clefable|Stealth Rock|p1a: Abomination
|-sidestart|p1: Steez Ibanez|move: Stealth Rock
|move|p1a: Abomination|Knock Off|p2a: Clefable
|-resisted|p2a: Clefable
|-damage|p2a: Clefable|68/100
|-enditem|p2a: Clefable|Heavy-Duty Boots|[from] move: Knock Off|[of] p1a: Abomination
|
|-damage|p2a: Clefable|55/100|[from] Leech Seed|[of] p1a: Abomination
|upkeep
|turn|10
|
|t:|1665838213
|move|p2a: Clefable|Soft-Boiled|p2a: Clefable
|-heal|p2a: Clefable|100/100
|move|p1a: Abomination|Spikes|p2a: Clefable
|-sidestart|p2: whocanunravelme|Spikes
|
|-damage|p2a: Clefable|88/100|[from] Leech Seed|[of] p1a: Abomination
|upkeep
|turn|11
|
|t:|1665838221
|switch|p2a: Reuniclus|Reuniclus, M|100/100
|move|p1a: Abomination|Leech Seed|p2a: Reuniclus
|-start|p2a: Reuniclus|move: Leech Seed
|
|upkeep
|turn|12
|
|t:|1665838229
|move|p2a: Reuniclus|Focus Blast|p1a: Abomination|[miss]
|-miss|p2a: Reuniclus|p1a: Abomination
|move|p1a: Abomination|Knock Off|p2a: Reuniclus
|-supereffective|p2a: Reuniclus
|-damage|p2a: Reuniclus|63/100
|-enditem|p2a: Reuniclus|Life Orb|[from] move: Knock Off|[of] p1a: Abomination
|
|upkeep
|turn|13
|
|t:|1665838237
|switch|p1a: Samehada|Garchomp, M|100/100
|-damage|p1a: Samehada|94/100|[from] Stealth Rock
|move|p2a: Reuniclus|Recover|p2a: Reuniclus
|-heal|p2a: Reuniclus|100/100
|
|-heal|p1a: Samehada|100/100|[from] item: Leftovers
|upkeep
|turn|14
|
|t:|1665838248
|switch|p2a: Clefable|Clefable, M|88/100
|-damage|p2a: Clefable|72/100|[from] Spikes
|move|p1a: Samehada|Stealth Rock|p2a: Clefable
|-sidestart|p2: whocanunravelme|move: Stealth Rock
|
|upkeep
|turn|15
|
|t:|1665838272
|switch|p2a: Scizor|Scizor, F|100/100
|move|p1a: Samehada|Toxic|p2a: Scizor
|-immune|p2a: Scizor
|
|upkeep
|turn|16
|
|t:|1665838278
|move|p1a: Samehada|Earthquake|p2a: Scizor
|-damage|p2a: Scizor|59/100
|move|p2a: Scizor|Knock Off|p1a: Samehada
|-damage|p1a: Samehada|80/100
|-damage|p2a: Scizor|47/100|[from] ability: Rough Skin|[of] p1a: Samehada
|-enditem|p1a: Samehada|Leftovers|[from] move: Knock Off|[of] p2a: Scizor
|
|upkeep
|turn|17
|
|t:|1665838285
|move|p1a: Samehada|Earthquake|p2a: Scizor
|-damage|p2a: Scizor|2/100
|move|p2a: Scizor|Roost|p2a: Scizor
|-heal|p2a: Scizor|52/100
|-singleturn|p2a: Scizor|move: Roost
|
|upkeep
|turn|18
|
|t:|1665838288
|move|p1a: Samehada|Earthquake|p2a: Scizor
|-damage|p2a: Scizor|7/100
|move|p2a: Scizor|Roost|p2a: Scizor
|-heal|p2a: Scizor|58/100
|-singleturn|p2a: Scizor|move: Roost
|
|upkeep
|turn|19
|
|t:|1665838305
|move|p1a: Samehada|Earthquake|p2a: Scizor
|-damage|p2a: Scizor|16/100
|move|p2a: Scizor|Roost|p2a: Scizor
|-heal|p2a: Scizor|66/100
|-singleturn|p2a: Scizor|move: Roost
|
|upkeep
|turn|20
|
|t:|1665838311
|switch|p1a: Kenny Omega|Zapdos-Galar|100/100
|-damage|p1a: Kenny Omega|88/100|[from] Stealth Rock
|move|p2a: Scizor|Roost|p2a: Scizor
|-heal|p2a: Scizor|100/100
|-singleturn|p2a: Scizor|move: Roost
|
|upkeep
|turn|21
|
|t:|1665838322
|switch|p2a: Skarmory|Skarmory, M|78/100
|-damage|p2a: Skarmory|65/100|[from] Stealth Rock
|move|p1a: Kenny Omega|Thunderous Kick|p2a: Skarmory
|-crit|p2a: Skarmory
|-damage|p2a: Skarmory|5/100
|-unboost|p2a: Skarmory|def|1
|-damage|p1a: Kenny Omega|72/100|[from] item: Rocky Helmet|[of] p2a: Skarmory
|
|upkeep
|turn|22
|
|t:|1665838329
|move|p1a: Kenny Omega|Thunderous Kick|p2a: Skarmory
|-damage|p2a: Skarmory|0 fnt
|-damage|p1a: Kenny Omega|55/100|[from] item: Rocky Helmet|[of] p2a: Skarmory
|faint|p2a: Skarmory
|
|upkeep
|
|t:|1665838334
|switch|p2a: Zeraora|Zeraora|72/100
|turn|23
|
|t:|1665838338
|switch|p1a: Abomination|Ferrothorn, M|100/100
|-damage|p1a: Abomination|95/100|[from] Stealth Rock
|move|p2a: Zeraora|Knock Off|p1a: Abomination
|-damage|p1a: Abomination|83/100
|-damage|p2a: Zeraora|59/100|[from] ability: Iron Barbs|[of] p1a: Abomination
|
|upkeep
|turn|24
|
|t:|1665838347
|switch|p2a: Reuniclus|Reuniclus, M|100/100
|switch|p1a: Luke Cage|Melmetal|62/100
|-damage|p1a: Luke Cage|56/100|[from] Stealth Rock
|
|upkeep
|turn|25
|
|t:|1665838354
|switch|p2a: Scizor|Scizor, F|100/100
|move|p1a: Luke Cage|Double Iron Bash|p2a: Scizor
|-resisted|p2a: Scizor
|-damage|p2a: Scizor|80/100
|-resisted|p2a: Scizor
|-damage|p2a: Scizor|57/100
|-hitcount|p2a: Scizor|2
|
|upkeep
|turn|26
|
|t:|1665838361
|move|p2a: Scizor|Knock Off|p1a: Luke Cage
|-damage|p1a: Luke Cage|39/100
|-enditem|p1a: Luke Cage|Protective Pads|[from] move: Knock Off|[of] p2a: Scizor
|move|p1a: Luke Cage|Thunder Wave|p2a: Scizor
|-status|p2a: Scizor|par
|
|upkeep
|turn|27
|
|t:|1665838376
|switch|p2a: Toxapex|Toxapex, F|100/100
|-damage|p2a: Toxapex|84/100|[from] Spikes
|-damage|p2a: Toxapex|72/100|[from] Stealth Rock
|move|p1a: Luke Cage|Double Iron Bash|p2a: Toxapex
|-resisted|p2a: Toxapex
|-damage|p2a: Toxapex|58/100
|-resisted|p2a: Toxapex
|-damage|p2a: Toxapex|43/100
|-hitcount|p2a: Toxapex|2
|
|upkeep
|turn|28
|
|t:|1665838382
|switch|p2a: Zeraora|Zeraora|59/100
|move|p1a: Luke Cage|Thunder Wave|p2a: Zeraora
|-heal|p2a: Zeraora|84/100|[from] ability: Volt Absorb|[of] p1a: Luke Cage
|
|upkeep
|turn|29
|
|t:|1665838387
|switch|p1a: Majinn|Clefable, M|100/100
|move|p2a: Zeraora|Close Combat|p1a: Majinn
|-resisted|p1a: Majinn
|-damage|p1a: Majinn|85/100
|-unboost|p2a: Zeraora|def|1
|-unboost|p2a: Zeraora|spd|1
|
|upkeep
|turn|30
|
|t:|1665838390
|switch|p2a: Reuniclus|Reuniclus, M|100/100
|move|p1a: Majinn|Moonblast|p2a: Reuniclus
|-damage|p2a: Reuniclus|80/100
|
|upkeep
|turn|31
|
|t:|1665838393
|move|p1a: Majinn|Thunder Wave|p2a: Reuniclus
|-status|p2a: Reuniclus|par
|cant|p2a: Reuniclus|par
|
|upkeep
|turn|32
|
|t:|1665838401
|move|p1a: Majinn|Moonblast|p2a: Reuniclus
|-damage|p2a: Reuniclus|57/100 par
|move|p2a: Reuniclus|Focus Blast|p1a: Majinn
|-resisted|p1a: Majinn
|-damage|p1a: Majinn|71/100
|
|upkeep
|turn|33
|
|t:|1665838407
|switch|p1a: Luke Cage|Melmetal|39/100
|-damage|p1a: Luke Cage|33/100|[from] Stealth Rock
|move|p2a: Reuniclus|Focus Blast|p1a: Luke Cage
|-supereffective|p1a: Luke Cage
|-damage|p1a: Luke Cage|0 fnt
|faint|p1a: Luke Cage
|
|upkeep
|
|t:|1665838410
|switch|p1a: Birdman|Tapu Koko|100/100
|-damage|p1a: Birdman|88/100|[from] Stealth Rock
|-fieldstart|move: Electric Terrain|[from] ability: Electric Surge|[of] p1a: Birdman
|turn|34
|
|t:|1665838420
|move|p1a: Birdman|Thunderbolt|p2a: Reuniclus
|-damage|p2a: Reuniclus|1/100 par
|move|p2a: Reuniclus|Recover|p2a: Reuniclus
|-heal|p2a: Reuniclus|51/100 par
|
|upkeep
|turn|35
|
|t:|1665838424
|switch|p1a: Samehada|Garchomp, M|80/100
|-damage|p1a: Samehada|74/100|[from] Stealth Rock
|switch|p2a: Scizor|Scizor, F|57/100 par
|
|upkeep
|turn|36
|
|t:|1665838443
|switch|p2a: Toxapex|Toxapex, F|76/100
|-damage|p2a: Toxapex|60/100|[from] Spikes
|-damage|p2a: Toxapex|48/100|[from] Stealth Rock
|move|p1a: Samehada|Earthquake|p2a: Toxapex
|-supereffective|p2a: Toxapex
|-damage|p2a: Toxapex|0 fnt
|faint|p2a: Toxapex
|
|upkeep
|
|t:|1665838444
|switch|p2a: Clefable|Clefable, M|72/100
|-damage|p2a: Clefable|55/100|[from] Spikes
|-damage|p2a: Clefable|43/100|[from] Stealth Rock
|turn|37
|
|t:|1665838457
|move|p1a: Samehada|Earthquake|p2a: Clefable
|-damage|p2a: Clefable|7/100
|move|p2a: Clefable|Soft-Boiled|p2a: Clefable
|-heal|p2a: Clefable|57/100
|
|upkeep
|turn|38
|
|t:|1665838462
|move|p1a: Samehada|Toxic|p2a: Clefable
|-status|p2a: Clefable|tox
|move|p2a: Clefable|Soft-Boiled|p2a: Clefable
|-heal|p2a: Clefable|100/100 tox
|
|-damage|p2a: Clefable|94/100 tox|[from] psn
|-fieldend|move: Electric Terrain
|upkeep
|turn|39
|
|t:|1665838469
|switch|p1a: Abomination|Ferrothorn, M|83/100
|-damage|p1a: Abomination|77/100|[from] Stealth Rock
|move|p2a: Clefable|Heal Bell|p2a: Clefable
|-activate|p2a: Clefable|move: Heal Bell
|-curestatus|p2a: Clefable|tox|[msg]
|-curestatus|p2: Scizor|par|[msg]
|-curestatus|p2: Reuniclus|par|[msg]
|
|upkeep
|turn|40
|
|t:|1665838491
|move|p2a: Clefable|Moonblast|p1a: Abomination
|-resisted|p1a: Abomination
|-damage|p1a: Abomination|63/100
|-unboost|p1a: Abomination|spa|1
|move|p1a: Abomination|Gyro Ball|p2a: Clefable
|-supereffective|p2a: Clefable
|-damage|p2a: Clefable|42/100
|
|upkeep
|turn|41
|
|t:|1665838496
|move|p2a: Clefable|Soft-Boiled|p2a: Clefable
|-heal|p2a: Clefable|92/100
|move|p1a: Abomination|Gyro Ball|p2a: Clefable
|-supereffective|p2a: Clefable
|-damage|p2a: Clefable|42/100
|
|upkeep
|turn|42
|
|t:|1665838511
|switch|p2a: Reuniclus|Reuniclus, M|51/100
|move|p1a: Abomination|Gyro Ball|p2a: Reuniclus
|-damage|p2a: Reuniclus|32/100
|
|upkeep
|turn|43
|
|t:|1665838515
|switch|p1a: Kenny Omega|Zapdos-Galar|55/100
|-damage|p1a: Kenny Omega|43/100|[from] Stealth Rock
|move|p2a: Reuniclus|Recover|p2a: Reuniclus
|-heal|p2a: Reuniclus|82/100
|
|upkeep
|turn|44
|
|t:|1665838521
|switch|p2a: Clefable|Clefable, M|42/100
|-damage|p2a: Clefable|25/100|[from] Spikes
|-damage|p2a: Clefable|13/100|[from] Stealth Rock
|move|p1a: Kenny Omega|Drill Peck|p2a: Clefable
|-damage|p2a: Clefable|0 fnt
|faint|p2a: Clefable
|
|upkeep
|
|t:|1665838523
|switch|p2a: Zeraora|Zeraora|84/100
|turn|45
|
|t:|1665838527
|move|p2a: Zeraora|Plasma Fists|p1a: Kenny Omega
|-supereffective|p1a: Kenny Omega
|-damage|p1a: Kenny Omega|0 fnt
|-fieldactivate|move: Ion Deluge
|-hint|Normal-type moves become Electric-type after using Plasma Fists.
|faint|p1a: Kenny Omega
|
|upkeep
|
|t:|1665838528
|switch|p1a: Samehada|Garchomp, M|74/100
|-damage|p1a: Samehada|67/100|[from] Stealth Rock
|turn|46
|
|t:|1665838539
|move|p2a: Zeraora|Close Combat|p1a: Samehada
|-damage|p1a: Samehada|41/100
|-unboost|p2a: Zeraora|def|1
|-unboost|p2a: Zeraora|spd|1
|-damage|p2a: Zeraora|72/100|[from] ability: Rough Skin|[of] p1a: Samehada
|move|p1a: Samehada|Earthquake|p2a: Zeraora
|-supereffective|p2a: Zeraora
|-damage|p2a: Zeraora|0 fnt
|faint|p2a: Zeraora
|
|upkeep
|
|t:|1665838540
|switch|p2a: Scizor|Scizor, F|57/100
|turn|47
|j| Ran Kob
|
|t:|1665838551
|switch|p1a: Majinn|Clefable, M|71/100
|move|p2a: Scizor|Roost|p2a: Scizor
|-heal|p2a: Scizor|100/100
|-singleturn|p2a: Scizor|move: Roost
|
|upkeep
|turn|48
|
|t:|1665838558
|move|p2a: Scizor|U-turn|p1a: Majinn
|-resisted|p1a: Majinn
|-damage|p1a: Majinn|57/100
|
|t:|1665838560
|switch|p2a: Reuniclus|Reuniclus, M|82/100|[from]move: U-turn
|move|p1a: Majinn|Thunder Wave|p2a: Reuniclus
|-status|p2a: Reuniclus|par
|
|upkeep
|turn|49
|j| Uso l arco x
|
|t:|1665838573
|move|p1a: Majinn|Moonblast|p2a: Reuniclus
|-damage|p2a: Reuniclus|60/100 par
|cant|p2a: Reuniclus|par
|
|upkeep
|turn|50
|
|t:|1665838577
|move|p1a: Majinn|Moonblast|p2a: Reuniclus
|-damage|p2a: Reuniclus|37/100 par
|move|p2a: Reuniclus|Recover|p2a: Reuniclus
|-heal|p2a: Reuniclus|87/100 par
|
|upkeep
|turn|51
|
|t:|1665838586
|move|p1a: Majinn|Moonblast|p2a: Reuniclus
|-damage|p2a: Reuniclus|64/100 par
|move|p2a: Reuniclus|Calm Mind|p2a: Reuniclus
|-boost|p2a: Reuniclus|spa|1
|-boost|p2a: Reuniclus|spd|1
|
|upkeep
|turn|52
|
|t:|1665838589
|move|p1a: Majinn|Moonblast|p2a: Reuniclus
|-damage|p2a: Reuniclus|50/100 par
|move|p2a: Reuniclus|Recover|p2a: Reuniclus
|-heal|p2a: Reuniclus|99/100 par
|
|upkeep
|turn|53
|l| Uso l arco x
|
|t:|1665838593
|move|p1a: Majinn|Moonblast|p2a: Reuniclus
|-damage|p2a: Reuniclus|85/100 par
|move|p2a: Reuniclus|Calm Mind|p2a: Reuniclus
|-boost|p2a: Reuniclus|spa|1
|-boost|p2a: Reuniclus|spd|1
|
|upkeep
|turn|54
|
|t:|1665838596
|switch|p1a: Samehada|Garchomp, M|41/100
|-damage|p1a: Samehada|35/100|[from] Stealth Rock
|move|p2a: Reuniclus|Calm Mind|p2a: Reuniclus
|-boost|p2a: Reuniclus|spa|1
|-boost|p2a: Reuniclus|spd|1
|
|upkeep
|turn|55
|
|t:|1665838598
|move|p1a: Samehada|Earthquake|p2a: Reuniclus
|-damage|p2a: Reuniclus|43/100 par
|cant|p2a: Reuniclus|par
|
|upkeep
|turn|56
|
|t:|1665838605
|move|p1a: Samehada|Earthquake|p2a: Reuniclus
|-damage|p2a: Reuniclus|4/100 par
|move|p2a: Reuniclus|Recover|p2a: Reuniclus
|-heal|p2a: Reuniclus|54/100 par
|
|upkeep
|turn|57
|
|t:|1665838607
|move|p1a: Samehada|Earthquake|p2a: Reuniclus
|-damage|p2a: Reuniclus|17/100 par
|cant|p2a: Reuniclus|par
|
|upkeep
|turn|58
|-message|whocanunravelme forfeited.
|
|win|Steez Ibanez
|raw|Steez Ibanez's rating: 1649 &rarr; <strong>1667</strong><br />(+18 for winning)
|raw|whocanunravelme's rating: 1620 &rarr; <strong>1602</strong><br />(-18 for losing)
