|j|☆drop a baby
|j|☆cump8
|t:|1663618802
|gametype|singles
|player|p1|drop a baby|chase|1664
|player|p2|cump8|schoolkid-gen4|1728
|teamsize|p1|6
|teamsize|p2|6
|gen|8
|tier|[Gen 8] OU
|rated|
|rule|Sleep Clause Mod: Limit one foe put to sleep
|rule|Species Clause: Limit one of each Pokémon
|rule|OHKO Clause: OHKO moves are banned
|rule|Evasion Items Clause: Evasion items are banned
|rule|Evasion Moves Clause: Evasion moves are banned
|rule|Endless Battle Clause: Forcing endless battles is banned
|rule|HP Percentage Mod: HP is shown in percentages
|rule|Dynamax Clause: You cannot dynamax
|clearpoke
|poke|p1|Terrakion|
|poke|p1|Landorus-Therian, M|
|poke|p1|Dragapult, M|
|poke|p1|Umbreon, M|
|poke|p1|Heatran, F|
|poke|p1|Slowbro, F|
|poke|p2|Swampert, M|
|poke|p2|Mandibuzz, F|
|poke|p2|Rillaboom, M|
|poke|p2|Magnezone|
|poke|p2|Tapu Lele|
|poke|p2|Dragapult, F|
|teampreview
|c|☆cump8|hf
|j| meemoomeemoo
|inactive|Battle timer is ON: inactive players will automatically lose when time's up. (requested by drop a baby)
|c|☆drop a baby|U2 bro
|
|t:|1663618850
|start
|switch|p1a: Landorus|Landorus-Therian, M|100/100
|switch|p2a: Rillaboom|Rillaboom, M|100/100
|-fieldstart|move: Grassy Terrain|[from] ability: Grassy Surge|[of] p2a: Rillaboom
|-ability|p1a: Landorus|Intimidate|boost
|-unboost|p2a: Rillaboom|atk|1
|turn|1
|
|t:|1663618864
|move|p2a: Rillaboom|U-turn|p1a: Landorus
|-resisted|p1a: Landorus
|-damage|p1a: Landorus|87/100
|
|t:|1663618867
|switch|p2a: Magnezone|Magnezone, shiny|100/100|[from]move: U-turn
|move|p1a: Landorus|U-turn|p2a: Magnezone
|-resisted|p2a: Magnezone
|-damage|p2a: Magnezone|93/100
|-damage|p1a: Landorus|71/100|[from] item: Rocky Helmet|[of] p2a: Magnezone
|
|t:|1663618873
|switch|p1a: Terrakion|Terrakion|100/100|[from]move: U-turn
|
|-heal|p2a: Magnezone|99/100|[from] Grassy Terrain
|upkeep
|turn|2
|
|t:|1663618878
|move|p1a: Terrakion|Swords Dance|p1a: Terrakion
|-boost|p1a: Terrakion|atk|2
|move|p2a: Magnezone|Body Press|p1a: Terrakion
|-supereffective|p1a: Terrakion
|-damage|p1a: Terrakion|38/100
|
|-heal|p1a: Terrakion|44/100|[from] Grassy Terrain
|-heal|p2a: Magnezone|100/100|[from] Grassy Terrain
|upkeep
|turn|3
|
|t:|1663618886
|switch|p2a: Dragapult|Dragapult, F|100/100
|move|p1a: Terrakion|Stone Edge|p2a: Dragapult
|-damage|p2a: Dragapult|0 fnt
|faint|p2a: Dragapult
|-damage|p1a: Terrakion|34/100|[from] item: Life Orb
|
|-heal|p1a: Terrakion|40/100|[from] Grassy Terrain
|upkeep
|j| KappaHalo
|
|t:|1663618893
|switch|p2a: Rillaboom|Rillaboom, M|100/100
|turn|4
|
|t:|1663618897
|switch|p1a: Heatran|Heatran, F|100/100
|move|p2a: Rillaboom|U-turn|p1a: Heatran
|-resisted|p1a: Heatran
|-damage|p1a: Heatran|94/100
|
|t:|1663618900
|switch|p2a: Swampert|Swampert, M|100/100|[from]move: U-turn
|
|-heal|p1a: Heatran|99/100|[from] Grassy Terrain
|-heal|p1a: Heatran|100/100|[from] item: Leftovers
|upkeep
|turn|5
|
|t:|1663618906
|switch|p1a: Landorus|Landorus-Therian, M|71/100
|-ability|p1a: Landorus|Intimidate|boost
|-unboost|p2a: Swampert|atk|1
|move|p2a: Swampert|High Horsepower|p1a: Landorus
|-immune|p1a: Landorus
|
|-heal|p1a: Landorus|77/100|[from] item: Leftovers
|-fieldend|move: Grassy Terrain
|upkeep
|turn|6
|
|t:|1663618910
|move|p1a: Landorus|Toxic|p2a: Swampert
|-status|p2a: Swampert|tox
|move|p2a: Swampert|Stealth Rock|p1a: Landorus
|-sidestart|p1: drop a baby|move: Stealth Rock
|
|-heal|p1a: Landorus|83/100|[from] item: Leftovers
|-damage|p2a: Swampert|94/100 tox|[from] psn
|upkeep
|turn|7
|
|t:|1663618914
|move|p1a: Landorus|Defog|p2a: Swampert
|-unboost|p2a: Swampert|evasion|1
|-sideend|p1: drop a baby|Stealth Rock|[from] move: Defog|[of] p1a: Landorus
|move|p2a: Swampert|Flip Turn|p1a: Landorus
|-supereffective|p1a: Landorus
|-damage|p1a: Landorus|54/100
|
|t:|1663618916
|switch|p2a: Tapu Lele|Tapu Lele, shiny|100/100|[from]move: Flip Turn
|-fieldstart|move: Psychic Terrain|[from] ability: Psychic Surge|[of] p2a: Tapu Lele
|
|-heal|p1a: Landorus|60/100|[from] item: Leftovers
|upkeep
|turn|8
|
|t:|1663618923
|switch|p1a: Slowbro|Slowbro, F|100/100
|move|p2a: Tapu Lele|Focus Blast|p1a: Slowbro
|-resisted|p1a: Slowbro
|-damage|p1a: Slowbro|75/100
|
|upkeep
|turn|9
|
|t:|1663618928
|switch|p2a: Mandibuzz|Mandibuzz, F|100/100
|move|p1a: Slowbro|Teleport|p1a: Slowbro
|j| BlackAliss2
|
|t:|1663618930
|switch|p1a: Terrakion|Terrakion|40/100|[from]move: Teleport
|
|upkeep
|turn|10
|
|t:|1663618934
|move|p1a: Terrakion|Stone Edge|p2a: Mandibuzz
|-supereffective|p2a: Mandibuzz
|-damage|p2a: Mandibuzz|15/100
|-damage|p1a: Terrakion|31/100|[from] item: Life Orb
|move|p2a: Mandibuzz|U-turn|p1a: Terrakion
|-resisted|p1a: Terrakion
|-damage|p1a: Terrakion|23/100
|
|t:|1663618938
|switch|p2a: Rillaboom|Rillaboom, M|100/100|[from]move: U-turn
|-fieldstart|move: Grassy Terrain|[from] ability: Grassy Surge|[of] p2a: Rillaboom
|
|-heal|p1a: Terrakion|30/100|[from] Grassy Terrain
|upkeep
|turn|11
|
|t:|1663618941
|switch|p1a: Heatran|Heatran, F|100/100
|move|p2a: Rillaboom|Grassy Glide|p1a: Heatran
|-resisted|p1a: Heatran
|-damage|p1a: Heatran|89/100
|
|-heal|p1a: Heatran|95/100|[from] Grassy Terrain
|-heal|p1a: Heatran|100/100|[from] item: Leftovers
|upkeep
|turn|12
|
|t:|1663618947
|switch|p2a: Swampert|Swampert, M|94/100 tox
|move|p1a: Heatran|Stealth Rock|p2a: Swampert
|-sidestart|p2: cump8|move: Stealth Rock
|
|-heal|p2a: Swampert|100/100 tox|[from] Grassy Terrain
|-damage|p2a: Swampert|94/100 tox|[from] psn
|upkeep
|turn|13
|
|t:|1663618952
|switch|p1a: Slowbro|Slowbro, F|100/100
|move|p2a: Swampert|Flip Turn|p1a: Slowbro
|-resisted|p1a: Slowbro
|-damage|p1a: Slowbro|91/100
|
|t:|1663618954
|switch|p2a: Mandibuzz|Mandibuzz, F|15/100|[from]move: Flip Turn
|
|-heal|p1a: Slowbro|97/100|[from] Grassy Terrain
|upkeep
|turn|14
|
|t:|1663618960
|move|p2a: Mandibuzz|Roost|p2a: Mandibuzz
|-heal|p2a: Mandibuzz|65/100
|-singleturn|p2a: Mandibuzz|move: Roost
|move|p1a: Slowbro|Teleport|p1a: Slowbro
|
|t:|1663618962
|switch|p1a: Terrakion|Terrakion|30/100|[from]move: Teleport
|
|-heal|p1a: Terrakion|36/100|[from] Grassy Terrain
|-heal|p2a: Mandibuzz|71/100|[from] Grassy Terrain
|-fieldend|move: Grassy Terrain
|upkeep
|turn|15
|
|t:|1663618967
|move|p1a: Terrakion|Stone Edge|p2a: Mandibuzz
|-supereffective|p2a: Mandibuzz
|-damage|p2a: Mandibuzz|0 fnt
|faint|p2a: Mandibuzz
|-damage|p1a: Terrakion|26/100|[from] item: Life Orb
|
|upkeep
|
|t:|1663618972
|switch|p2a: Rillaboom|Rillaboom, M|100/100
|-damage|p2a: Rillaboom|88/100|[from] Stealth Rock
|-fieldstart|move: Grassy Terrain|[from] ability: Grassy Surge|[of] p2a: Rillaboom
|turn|16
|
|t:|1663618976
|move|p1a: Terrakion|Close Combat|p2a: Rillaboom
|-damage|p2a: Rillaboom|0 fnt
|-unboost|p1a: Terrakion|def|1
|-unboost|p1a: Terrakion|spd|1
|faint|p2a: Rillaboom
|-damage|p1a: Terrakion|16/100|[from] item: Life Orb
|
|-heal|p1a: Terrakion|22/100|[from] Grassy Terrain
|upkeep
|c|☆cump8|gg
|-message|cump8 forfeited.
|
|win|drop a baby
|raw|drop a baby's rating: 1664 &rarr; <strong>1688</strong><br />(+24 for winning)
|raw|cump8's rating: 1728 &rarr; <strong>1704</strong><br />(-24 for losing)
|l|☆cump8
