|j|☆Bunch24
|j|☆jushu1
|t:|1654024432
|gametype|singles
|player|p1|Bunch24|170|1806
|player|p2|jushu1|cyrus|1899
|teamsize|p1|6
|teamsize|p2|6
|gen|8
|tier|[Gen 8] OU
|rated|
|rule|Sleep Clause Mod: Limit one foe put to sleep
|rule|Species Clause: Limit one of each Pokémon
|rule|OHKO Clause: OHKO moves are banned
|rule|Evasion Moves Clause: Evasion moves are banned
|rule|Endless Battle Clause: Forcing endless battles is banned
|rule|HP Percentage Mod: HP is shown in percentages
|rule|Dynamax Clause: You cannot dynamax
|clearpoke
|poke|p1|Raboot, M|
|poke|p1|Blacephalon|
|poke|p1|Blissey, F|
|poke|p1|Shiftry, F|
|poke|p1|Seismitoad, F|
|poke|p1|Tapu Lele|
|poke|p2|Gengar, F|
|poke|p2|Cloyster, M|
|poke|p2|Mew|
|poke|p2|Bisharp, M|
|poke|p2|Rillaboom, M|
|poke|p2|Hawlucha, M|
|teampreview
|inactive|Battle timer is ON: inactive players will automatically lose when time's up. (requested by jushu1)
|
|t:|1654024438
|start
|switch|p1a: Raboot|Raboot, M|100/100
|switch|p2a: Mew|Mew, shiny|100/100
|turn|1
|
|t:|1654024441
|move|p2a: Mew|Stealth Rock|p1a: Raboot
|-sidestart|p1: Bunch24|move: Stealth Rock
|move|p1a: Raboot|U-turn|p2a: Mew
|-start|p1a: Raboot|typechange|Bug|[from] ability: Libero
|-supereffective|p2a: Mew
|-damage|p2a: Mew|50/100
|-enditem|p2a: Mew|Red Card|[of] p1a: Raboot
|drag|p1a: Seismitoad|Seismitoad, F|100/100
|-damage|p1a: Seismitoad|94/100|[from] Stealth Rock
|
|-heal|p1a: Seismitoad|100/100|[from] item: Leftovers
|upkeep
|turn|2
|
|t:|1654024448
|switch|p1a: Blissey|Blissey, F|100/100
|-damage|p1a: Blissey|88/100|[from] Stealth Rock
|move|p2a: Mew|Spikes|p1a: Blissey
|-sidestart|p1: Bunch24|Spikes
|
|upkeep
|turn|3
|
|t:|1654024452
|move|p2a: Mew|Taunt|p1a: Blissey
|-start|p1a: Blissey|move: Taunt
|cant|p1a: Blissey|move: Taunt|Sunny Day
|
|upkeep
|turn|4
|
|t:|1654024456
|move|p2a: Mew|Spikes|p1a: Blissey
|-sidestart|p1: Bunch24|Spikes
|move|p1a: Blissey|Seismic Toss|p2a: Mew
|-damage|p2a: Mew|25/100
|
|upkeep
|turn|5
|
|t:|1654024464
|switch|p1a: Raboot|Raboot, M|100/100
|move|p2a: Mew|Spikes|p1a: Raboot
|-sidestart|p1: Bunch24|Spikes
|
|upkeep
|turn|6
|
|t:|1654024471
|move|p2a: Mew|Taunt|p1a: Raboot
|-start|p1a: Raboot|move: Taunt
|move|p1a: Raboot|Flare Blitz|p2a: Mew
|-damage|p2a: Mew|0 fnt
|faint|p2a: Mew
|-damage|p1a: Raboot|88/100|[from] Recoil
|
|upkeep
|
|t:|1654024482
|switch|p2a: Cloyster|Cloyster, M, shiny|100/100
|turn|7
|
|t:|1654024485
|move|p1a: Raboot|High Jump Kick|p2a: Cloyster
|-start|p1a: Raboot|typechange|Fighting|[from] ability: Libero
|-supereffective|p2a: Cloyster
|-damage|p2a: Cloyster|18/100
|move|p2a: Cloyster|Shell Smash|p2a: Cloyster
|-unboost|p2a: Cloyster|def|1
|-unboost|p2a: Cloyster|spd|1
|-boost|p2a: Cloyster|atk|2
|-boost|p2a: Cloyster|spa|2
|-boost|p2a: Cloyster|spe|2
|
|upkeep
|turn|8
|j| CoronavirusEUW
|
|t:|1654024493
|switch|p1a: Blissey|Blissey, F|88/100
|-damage|p1a: Blissey|76/100|[from] Stealth Rock
|-damage|p1a: Blissey|51/100|[from] Spikes
|move|p2a: Cloyster|Ice Shard|p1a: Blissey
|-damage|p1a: Blissey|17/100
|
|upkeep
|turn|9
|
|t:|1654024496
|move|p2a: Cloyster|Ice Shard|p1a: Blissey
|-damage|p1a: Blissey|0 fnt
|faint|p1a: Blissey
|
|upkeep
|j| 33FLYGON33
|
|t:|1654024502
|switch|p1a: Raboot|Raboot, M|88/100
|turn|10
|
|t:|1654024506
|move|p2a: Cloyster|Ice Shard|p1a: Raboot
|-resisted|p1a: Raboot
|-damage|p1a: Raboot|52/100
|move|p1a: Raboot|U-turn|p2a: Cloyster
|-start|p1a: Raboot|typechange|Bug|[from] ability: Libero
|-damage|p2a: Cloyster|0 fnt
|faint|p2a: Cloyster
|
|t:|1654024517
|switch|p1a: Shiftry|Shiftry, F|100/100|[from]move: U-turn
|-damage|p1a: Shiftry|88/100|[from] Stealth Rock
|-damage|p1a: Shiftry|63/100|[from] Spikes
|
|upkeep
|
|t:|1654024524
|switch|p2a: Hawlucha|Hawlucha, M, shiny|100/100
|turn|11
|
|t:|1654024531
|move|p2a: Hawlucha|Acrobatics|p1a: Shiftry
|-supereffective|p1a: Shiftry
|-damage|p1a: Shiftry|0 fnt
|faint|p1a: Shiftry
|
|upkeep
|
|t:|1654024534
|switch|p1a: Tapu Lele|Tapu Lele|100/100
|-damage|p1a: Tapu Lele|88/100|[from] Stealth Rock
|-damage|p1a: Tapu Lele|63/100|[from] Spikes
|-fieldstart|move: Psychic Terrain|[from] ability: Psychic Surge|[of] p1a: Tapu Lele
|turn|12
|
|t:|1654024537
|switch|p2a: Rillaboom|Rillaboom, M, shiny|100/100
|-fieldstart|move: Grassy Terrain|[from] ability: Grassy Surge|[of] p2a: Rillaboom
|move|p1a: Tapu Lele|Moonblast|p2a: Rillaboom
|-damage|p2a: Rillaboom|38/100
|-unboost|p2a: Rillaboom|spa|1
|
|-heal|p1a: Tapu Lele|69/100|[from] Grassy Terrain
|-heal|p2a: Rillaboom|44/100|[from] Grassy Terrain
|upkeep
|turn|13
|l| CoronavirusEUW
|
|t:|1654024544
|switch|p1a: Raboot|Raboot, M|52/100
|move|p2a: Rillaboom|Grassy Glide|p1a: Raboot
|-resisted|p1a: Raboot
|-damage|p1a: Raboot|0 fnt
|faint|p1a: Raboot
|-damage|p2a: Rillaboom|34/100|[from] item: Life Orb
|
|-heal|p2a: Rillaboom|40/100|[from] Grassy Terrain
|upkeep
|
|t:|1654024546
|switch|p1a: Tapu Lele|Tapu Lele|69/100
|-damage|p1a: Tapu Lele|57/100|[from] Stealth Rock
|-damage|p1a: Tapu Lele|32/100|[from] Spikes
|-fieldstart|move: Psychic Terrain|[from] ability: Psychic Surge|[of] p1a: Tapu Lele
|turn|14
|
|t:|1654024551
|switch|p2a: Gengar|Gengar, F, shiny|100/100
|move|p1a: Tapu Lele|Moonblast|p2a: Gengar
|-resisted|p2a: Gengar
|-damage|p2a: Gengar|62/100
|-start|p1a: Tapu Lele|Disable|Moonblast|[from] ability: Cursed Body|[of] p2a: Gengar
|
|upkeep
|turn|15
|
|t:|1654024554
|switch|p1a: Seismitoad|Seismitoad, F|100/100
|-damage|p1a: Seismitoad|94/100|[from] Stealth Rock
|-damage|p1a: Seismitoad|70/100|[from] Spikes
|move|p2a: Gengar|Shadow Ball|p1a: Seismitoad
|-damage|p1a: Seismitoad|28/100
|-unboost|p1a: Seismitoad|spd|1
|
|-heal|p1a: Seismitoad|34/100|[from] item: Leftovers
|upkeep
|turn|16
|
|t:|1654024556
|move|p2a: Gengar|Shadow Ball|p1a: Seismitoad
|-damage|p1a: Seismitoad|0 fnt
|faint|p1a: Seismitoad
|
|upkeep
|
|t:|1654024558
|switch|p1a: Blacephalon|Blacephalon|100/100
|-damage|p1a: Blacephalon|76/100|[from] Stealth Rock
|-damage|p1a: Blacephalon|51/100|[from] Spikes
|turn|17
|l| 33FLYGON33
|
|t:|1654024560
|move|p2a: Gengar|Shadow Ball|p1a: Blacephalon
|-supereffective|p1a: Blacephalon
|-damage|p1a: Blacephalon|0 fnt
|faint|p1a: Blacephalon
|
|upkeep
|-message|Bunch24 forfeited.
|
|win|jushu1
|raw|Bunch24's rating: 1806 &rarr; <strong>1791</strong><br />(-15 for losing)
|raw|jushu1's rating: 1899 &rarr; <strong>1914</strong><br />(+15 for winning)
|l|☆Bunch24
||Ladder isn't responding, score probably updated but might not have (Request timeout).
|l|☆jushu1
|j|☆jushu1
|player|p2|jushu1|cyrus
|l|☆jushu1
|player|p2|
|j|☆jushu1
|player|p2|jushu1|cyrus
