|j|☆Cubielubie
|j|☆Daunzu
|t:|1605220382
|player|p1|Cubielubie|170|1459
|player|p2|Daunzu|ingo|1423
|teamsize|p1|6
|teamsize|p2|6
|gametype|singles
|gen|8
|tier|[Gen 8] OU
|rated|
|clearpoke
|poke|p1|Klefki, F|
|poke|p1|Zoroark, M|
|poke|p1|Regieleki|
|poke|p1|Tapu Koko|
|poke|p1|Melmetal|
|poke|p1|Kyurem-Black|
|poke|p2|Tyranitar, F|
|poke|p2|Nidoking, M|
|poke|p2|Corviknight, M|
|poke|p2|Melmetal|
|poke|p2|Alakazam, M|
|poke|p2|Tapu Koko|
|rule|Sleep Clause Mod: Limit one foe put to sleep
|rule|Species Clause: Limit one of each Pokémon
|rule|OHKO Clause: OHKO moves are banned
|rule|Evasion Moves Clause: Evasion moves are banned
|rule|Endless Battle Clause: Forcing endless battles is banned
|rule|HP Percentage Mod: HP is shown in percentages
|rule|Dynamax Clause: You cannot dynamax
|teampreview
|
|t:|1605220391
|start
|switch|p1a: Regieleki|Regieleki|100/100
|switch|p2a: Nidoking|Nidoking, M|100/100
|turn|1
|inactive|Battle timer is ON: inactive players will automatically lose when time's up. (requested by Daunzu)
|
|t:|1605220413
|move|p1a: Regieleki|Trick|p2a: Nidoking
|-activate|p1a: Regieleki|move: Trick|[of] p2a: Nidoking
|-item|p2a: Nidoking|Ring Target|[from] move: Trick
|-item|p1a: Regieleki|Life Orb|[from] move: Trick
|move|p2a: Nidoking|Earth Power|p1a: Regieleki
|-damage|p1a: Regieleki|6/100
|replace|p1a: Zoroark|Zoroark, M
|-end|p1a: Zoroark|Illusion
|
|upkeep
|turn|2
|
|t:|1605220423
|move|p1a: Zoroark|Dark Pulse|p2a: Nidoking
|-damage|p2a: Nidoking|27/100
|-damage|p1a: Zoroark|0 fnt|[from] item: Life Orb
|faint|p1a: Zoroark
|move|p2a: Nidoking|Sludge Wave|p1: Zoroark|[notarget]
|-fail|p2a: Nidoking
|
|upkeep
|
|t:|1605220430
|switch|p1a: Regieleki|Regieleki|100/100
|turn|3
|
|t:|1605220435
|switch|p2a: Tyranitar|Tyranitar, F|100/100
|-weather|Sandstorm|[from] ability: Sand Stream|[of] p2a: Tyranitar
|move|p1a: Regieleki|Volt Switch|p2a: Tyranitar
|-damage|p2a: Tyranitar|62/100
|
|t:|1605220439
|switch|p1a: Melmetal|Melmetal|100/100|[from]move: Volt Switch
|
|-weather|Sandstorm|[upkeep]
|-heal|p2a: Tyranitar|68/100|[from] item: Leftovers
|upkeep
|turn|4
|
|t:|1605220442
|switch|p2a: Corviknight|Corviknight, M|100/100
|switch|p1a: Tapu Koko|Tapu Koko|100/100
|-fieldstart|move: Electric Terrain|[from] ability: Electric Surge|[of] p1a: Tapu Koko
|
|-weather|Sandstorm|[upkeep]
|-damage|p1a: Tapu Koko|94/100|[from] Sandstorm
|upkeep
|turn|5
|
|t:|1605220450
|switch|p2a: Tapu Koko|Tapu Koko|100/100
|move|p1a: Tapu Koko|Volt Switch|p2a: Tapu Koko
|-resisted|p2a: Tapu Koko
|-damage|p2a: Tapu Koko|74/100
|
|t:|1605220455
|switch|p1a: Regieleki|Regieleki|100/100|[from]move: Volt Switch
|
|-weather|Sandstorm|[upkeep]
|-damage|p1a: Regieleki|94/100|[from] Sandstorm
|-damage|p2a: Tapu Koko|68/100|[from] Sandstorm
|upkeep
|turn|6
|
|t:|1605220458
|move|p1a: Regieleki|Rising Voltage|p2a: Tapu Koko
|-resisted|p2a: Tapu Koko
|-damage|p2a: Tapu Koko|0 fnt
|faint|p2a: Tapu Koko
|
|-weather|Sandstorm|[upkeep]
|-damage|p1a: Regieleki|88/100|[from] Sandstorm
|upkeep
|
|t:|1605220461
|switch|p2a: Tyranitar|Tyranitar, F|68/100
|turn|7
|inactive|Cubielubie has 120 seconds left.
|inactive|Cubielubie has 90 seconds left.
|
|t:|1605220540
|move|p1a: Regieleki|Rising Voltage|p2a: Tyranitar
|-damage|p2a: Tyranitar|0 fnt
|faint|p2a: Tyranitar
|
|-weather|none
|upkeep
|
|t:|1605220544
|switch|p2a: Alakazam|Alakazam, M|100/100
|turn|8
|
|t:|1605220551
|switch|p1a: Klefki|Klefki, F|100/100
|move|p2a: Alakazam|Psyshock|p1a: Klefki
|-resisted|p1a: Klefki
|-damage|p1a: Klefki|82/100
|
|upkeep
|turn|9
|
|t:|1605220556
|switch|p2a: Melmetal|Melmetal|100/100
|move|p1a: Klefki|Foul Play|p2a: Melmetal
|-damage|p2a: Melmetal|80/100
|
|upkeep
|turn|10
|
|t:|1605220565
|switch|p1a: Melmetal|Melmetal|100/100
|move|p2a: Melmetal|Double Iron Bash|p1a: Melmetal
|-resisted|p1a: Melmetal
|-damage|p1a: Melmetal|87/100
|-resisted|p1a: Melmetal
|-damage|p1a: Melmetal|73/100
|-hitcount|p1a: Melmetal|2
|
|upkeep
|turn|11
|
|t:|1605220569
|switch|p2a: Corviknight|Corviknight, M|100/100
|move|p1a: Melmetal|Earthquake|p2a: Corviknight
|-immune|p2a: Corviknight
|
|-fieldend|move: Electric Terrain
|upkeep
|turn|12
|
|t:|1605220571
|switch|p1a: Tapu Koko|Tapu Koko|94/100
|-fieldstart|move: Electric Terrain|[from] ability: Electric Surge|[of] p1a: Tapu Koko
|move|p2a: Corviknight|Body Press|p1a: Tapu Koko
|-resisted|p1a: Tapu Koko
|-damage|p1a: Tapu Koko|79/100
|
|upkeep
|turn|13
|
|t:|1605220574
|move|p1a: Tapu Koko|Volt Switch|p2a: Corviknight
|-supereffective|p2a: Corviknight
|-damage|p2a: Corviknight|32/100
|
|t:|1605220581
|switch|p1a: Melmetal|Melmetal|73/100|[from]move: Volt Switch
|move|p2a: Corviknight|U-turn|p1a: Melmetal
|-resisted|p1a: Melmetal
|-damage|p1a: Melmetal|69/100
|
|t:|1605220584
|switch|p2a: Nidoking|Nidoking, M|27/100|[from]move: U-turn
|
|upkeep
|turn|14
|
|t:|1605220590
|move|p2a: Nidoking|Earth Power|p1a: Melmetal
|-supereffective|p1a: Melmetal
|-damage|p1a: Melmetal|18/100
|move|p1a: Melmetal|Earthquake|p2a: Nidoking
|-supereffective|p2a: Nidoking
|-damage|p2a: Nidoking|0 fnt
|faint|p2a: Nidoking
|
|upkeep
|
|t:|1605220598
|switch|p2a: Alakazam|Alakazam, M|100/100
|turn|15
|
|t:|1605220601
|switch|p1a: Klefki|Klefki, F|82/100
|move|p2a: Alakazam|Shadow Ball|p1a: Klefki
|-damage|p1a: Klefki|45/100
|
|upkeep
|turn|16
|
|t:|1605220609
|switch|p2a: Corviknight|Corviknight, M|32/100
|move|p1a: Klefki|Foul Play|p2a: Corviknight
|-damage|p2a: Corviknight|20/100
|
|-heal|p2a: Corviknight|26/100|[from] item: Leftovers
|upkeep
|turn|17
|
|t:|1605220613
|switch|p1a: Tapu Koko|Tapu Koko|79/100
|move|p2a: Corviknight|Roost|p2a: Corviknight
|-heal|p2a: Corviknight|76/100
|-singleturn|p2a: Corviknight|move: Roost
|
|-heal|p2a: Corviknight|83/100|[from] item: Leftovers
|upkeep
|turn|18
|
|t:|1605220616
|move|p1a: Tapu Koko|Volt Switch|p2a: Corviknight
|-supereffective|p2a: Corviknight
|-damage|p2a: Corviknight|19/100
|
|t:|1605220619
|switch|p1a: Melmetal|Melmetal|18/100|[from]move: Volt Switch
|move|p2a: Corviknight|U-turn|p1a: Melmetal
|-resisted|p1a: Melmetal
|-damage|p1a: Melmetal|14/100
|
|t:|1605220623
|switch|p2a: Alakazam|Alakazam, M|100/100|[from]move: U-turn
|
|upkeep
|turn|19
|
|t:|1605220625
|move|p2a: Alakazam|Shadow Ball|p1a: Melmetal
|-damage|p1a: Melmetal|0 fnt
|faint|p1a: Melmetal
|
|-fieldend|move: Electric Terrain
|upkeep
|
|t:|1605220628
|switch|p1a: Regieleki|Regieleki|88/100
|turn|20
|
|t:|1605220632
|move|p1a: Regieleki|Volt Switch|p2a: Alakazam
|-enditem|p2a: Alakazam|Focus Sash
|-damage|p2a: Alakazam|1/100
|
|t:|1605220639
|switch|p1a: Klefki|Klefki, F|45/100|[from]move: Volt Switch
|move|p2a: Alakazam|Psyshock|p1a: Klefki
|-resisted|p1a: Klefki
|-damage|p1a: Klefki|27/100
|
|upkeep
|turn|21
|
|t:|1605220650
|move|p1a: Klefki|Spikes|p2a: Alakazam
|-sidestart|p2: Daunzu|Spikes
|move|p2a: Alakazam|Shadow Ball|p1a: Klefki
|-crit|p1a: Klefki
|-damage|p1a: Klefki|0 fnt
|faint|p1a: Klefki
|
|upkeep
|
|t:|1605220657
|switch|p1a: Tapu Koko|Tapu Koko|79/100
|-fieldstart|move: Electric Terrain|[from] ability: Electric Surge|[of] p1a: Tapu Koko
|turn|22
|
|t:|1605220660
|move|p1a: Tapu Koko|Volt Switch|p2a: Alakazam
|-damage|p2a: Alakazam|0 fnt
|faint|p2a: Alakazam
|
|t:|1605220663
|switch|p1a: Regieleki|Regieleki|88/100|[from]move: Volt Switch
|
|upkeep
|
|t:|1605220666
|switch|p2a: Melmetal|Melmetal|80/100
|-damage|p2a: Melmetal|68/100|[from] Spikes
|turn|23
|
|t:|1605220668
|move|p1a: Regieleki|Rising Voltage|p2a: Melmetal
|-damage|p2a: Melmetal|0 fnt
|faint|p2a: Melmetal
|
|upkeep
|-message|Daunzu forfeited.
|
|win|Cubielubie
|l|☆Daunzu
||Ladder (probably) updated, but score could not be retrieved (Request timeout).
