|j|☆RealGabilo
|j|☆DJ CRIB DEF
|player|p1|RealGabilo|will|1188
|player|p2|DJ CRIB DEF|101|1162
|teamsize|p1|6
|teamsize|p2|6
|gametype|singles
|gen|8
|tier|[Gen 8] OU
|rated|
|rule|Sleep Clause Mod: Limit one foe put to sleep
|rule|Species Clause: Limit one of each Pokémon
|rule|OHKO Clause: OHKO moves are banned
|rule|Evasion Moves Clause: Evasion moves are banned
|rule|Endless Battle Clause: Forcing endless battles is banned
|rule|HP Percentage Mod: HP is shown in percentages
|clearpoke
|poke|p1|Ditto|item
|poke|p1|Tyranitar, F|item
|poke|p1|Sylveon, M|item
|poke|p1|Malamar, F|item
|poke|p1|Aegislash, M|item
|poke|p1|Hydreigon, F|item
|poke|p2|Darmanitan-Galar, M|item
|poke|p2|Rotom-Wash|item
|poke|p2|Excadrill, F|item
|poke|p2|Gyarados, F|item
|poke|p2|Dragapult, F|item
|poke|p2|Grimmsnarl, M|item
|teampreview
|
|start
|switch|p1a: Malamar|Malamar, F, shiny|100/100
|switch|p2a: Grimmsnarl|Grimmsnarl, M|100/100
|turn|1
|
|move|p1a: Malamar|Superpower|p2a: Grimmsnarl
|-damage|p2a: Grimmsnarl|61/100
|-boost|p1a: Malamar|atk|1
|-boost|p1a: Malamar|def|1
|move|p2a: Grimmsnarl|Spirit Break|p1a: Malamar
|-supereffective|p1a: Malamar
|-damage|p1a: Malamar|31/100
|-boost|p1a: Malamar|spa|1
|
|-heal|p2a: Grimmsnarl|67/100|[from] item: Leftovers
|upkeep
|turn|2
|
|move|p1a: Malamar|Superpower|p2a: Grimmsnarl
|-damage|p2a: Grimmsnarl|4/100
|-boost|p1a: Malamar|atk|1
|-boost|p1a: Malamar|def|1
|move|p2a: Grimmsnarl|Spirit Break|p1a: Malamar
|-supereffective|p1a: Malamar
|-damage|p1a: Malamar|0 fnt
|faint|p1a: Malamar
|
|-heal|p2a: Grimmsnarl|10/100|[from] item: Leftovers
|upkeep
|
|switch|p1a: Sylveon|Sylveon, M|100/100
|turn|3
|
|switch|p2a: Excadrill|Excadrill, F|100/100
|-ability|p2a: Excadrill|Mold Breaker
|move|p1a: Sylveon|Calm Mind|p1a: Sylveon
|-boost|p1a: Sylveon|spa|1
|-boost|p1a: Sylveon|spd|1
|
|upkeep
|turn|4
|
|move|p2a: Excadrill|Iron Head|p1a: Sylveon
|-supereffective|p1a: Sylveon
|-damage|p1a: Sylveon|0 fnt
|faint|p1a: Sylveon
|
|upkeep
|
|switch|p1a: Aegislash|Aegislash, M|100/100
|turn|5
|inactive|Battle timer is ON: inactive players will automatically lose when time's up. (requested by RealGabilo)
|
|switch|p2a: Dragapult|Dragapult, F|100/100
|move|p1a: Aegislash|Swords Dance|p1a: Aegislash
|-boost|p1a: Aegislash|atk|2
|
|upkeep
|turn|6
|
|move|p1a: Aegislash|King's Shield|p1a: Aegislash
|-singleturn|p1a: Aegislash|Protect
|move|p2a: Dragapult|Shadow Ball|p1a: Aegislash
|-activate|p1a: Aegislash|move: Protect
|
|upkeep
|turn|7
|l|☆RealGabilo
|inactive|RealGabilo disconnected and has a minute to reconnect!
|player|p1|
|j|☆RealGabilo
|inactive|RealGabilo reconnected and has 130 seconds left.
|player|p1|RealGabilo|will
|inactive|RealGabilo has 120 seconds left.
|inactive|DJ CRIB DEF has 120 seconds left.
|inactive|DJ CRIB DEF has 90 seconds left.
|
|-formechange|p1a: Aegislash|Aegislash-Blade||[from] ability: Stance Change
|move|p1a: Aegislash|Shadow Sneak|p2a: Dragapult
|-supereffective|p2a: Dragapult
|-damage|p2a: Dragapult|0 fnt
|faint|p2a: Dragapult
|
|upkeep
|
|switch|p2a: Excadrill|Excadrill, F|100/100
|-ability|p2a: Excadrill|Mold Breaker
|turn|8
|inactive|DJ CRIB DEF has 90 seconds left.
|
|-formechange|p1a: Aegislash|Aegislash||[from] ability: Stance Change
|move|p1a: Aegislash|King's Shield|p1a: Aegislash
|-singleturn|p1a: Aegislash|Protect
|move|p2a: Excadrill|Stealth Rock|p1a: Aegislash
|-sidestart|p1: RealGabilo|move: Stealth Rock
|
|upkeep
|turn|9
|inactive|RealGabilo has 120 seconds left.
|
|-start|p2a: Excadrill|Dynamax
|-heal|p2a: Excadrill|100/100|[silent]
|move|p2a: Excadrill|Max Quake|p1a: Aegislash
|-supereffective|p1a: Aegislash
|-damage|p1a: Aegislash|0 fnt
|-boost|p2a: Excadrill|spd|1
|faint|p1a: Aegislash
|
|upkeep
|inactive|RealGabilo has 120 seconds left.
|
|switch|p1a: Ditto|Ditto|100/100
|-damage|p1a: Ditto|88/100|[from] Stealth Rock
|-transform|p1a: Ditto|p2a: Excadrill|[from] ability: Imposter
|-ability|p1a: Ditto|Mold Breaker
|turn|10
|inactive|DJ CRIB DEF has 90 seconds left.
|inactive|DJ CRIB DEF has 60 seconds left.
|
|move|p2a: Excadrill|Max Guard|p2a: Excadrill
|-singleturn|p2a: Excadrill|Max Guard
|move|p1a: Ditto|Earthquake|p2a: Excadrill
|-activate|p2a: Excadrill|move: Max Guard
|
|upkeep
|turn|11
|
|-hint|Dynamax ended.
|switch|p2a: Gyarados|Gyarados, F|100/100
|move|p1a: Ditto|Earthquake|p2a: Gyarados
|-immune|p2a: Gyarados
|
|upkeep
|turn|12
|
|switch|p1a: Tyranitar|Tyranitar, F|100/100
|-damage|p1a: Tyranitar|88/100|[from] Stealth Rock
|-weather|Sandstorm|[from] ability: Sand Stream|[of] p1a: Tyranitar
|move|p2a: Gyarados|Dragon Dance|p2a: Gyarados
|-boost|p2a: Gyarados|atk|1
|-boost|p2a: Gyarados|spe|1
|
|-weather|Sandstorm|[upkeep]
|-damage|p2a: Gyarados|94/100|[from] Sandstorm
|upkeep
|turn|13
|
|move|p2a: Gyarados|Waterfall|p1a: Tyranitar
|-supereffective|p1a: Tyranitar
|-damage|p1a: Tyranitar|0 fnt
|faint|p1a: Tyranitar
|-ability|p2a: Gyarados|Moxie|boost
|-boost|p2a: Gyarados|atk|1
|
|-weather|Sandstorm|[upkeep]
|-damage|p2a: Gyarados|88/100|[from] Sandstorm
|upkeep
|
|switch|p1a: Hydreigon|Hydreigon, F|100/100
|-damage|p1a: Hydreigon|88/100|[from] Stealth Rock
|turn|14
|
|move|p2a: Gyarados|Bounce||[still]
|-prepare|p2a: Gyarados|Bounce|p1a: Hydreigon
|move|p1a: Hydreigon|Draco Meteor|p2a: Gyarados|[miss]
|-miss|p1a: Hydreigon|p2a: Gyarados
|
|-weather|Sandstorm|[upkeep]
|-damage|p2a: Gyarados|82/100|[from] Sandstorm
|-damage|p1a: Hydreigon|82/100|[from] Sandstorm
|upkeep
|turn|15
|
|move|p2a: Gyarados|Bounce|p1a: Hydreigon|[from]lockedmove
|-damage|p1a: Hydreigon|0 fnt
|faint|p1a: Hydreigon
|-ability|p2a: Gyarados|Moxie|boost
|-boost|p2a: Gyarados|atk|1
|
|-weather|Sandstorm|[upkeep]
|-damage|p2a: Gyarados|76/100|[from] Sandstorm
|upkeep
|
|switch|p1a: Ditto|Ditto|88/100
|-damage|p1a: Ditto|76/100|[from] Stealth Rock
|-transform|p1a: Ditto|p2a: Gyarados|[from] ability: Imposter
|turn|16
|
|move|p1a: Ditto|Power Whip|p2a: Gyarados
|-damage|p2a: Gyarados|0 fnt
|faint|p2a: Gyarados
|-ability|p1a: Ditto|Moxie|boost
|-boost|p1a: Ditto|atk|1
|
|-weather|none
|upkeep
|
|switch|p2a: Rotom|Rotom-Wash|100/100
|turn|17
|
|-start|p1a: Ditto|Dynamax
|-heal|p1a: Ditto|76/100|[silent]
|move|p1a: Ditto|Max Overgrowth|p2a: Rotom
|-supereffective|p2a: Rotom
|-enditem|p2a: Rotom|Rindo Berry|[eat]
|-enditem|p2a: Rotom|Rindo Berry|[weaken]
|-damage|p2a: Rotom|0 fnt
|-fieldstart|move: Grassy Terrain
|faint|p2a: Rotom
|-ability|p1a: Ditto|Moxie|boost
|-boost|p1a: Ditto|atk|1
|
|upkeep
|
|switch|p2a: Darmanitan|Darmanitan-Galar, M|100/100
|turn|18
|
|move|p2a: Darmanitan|U-turn|p1a: Ditto
|-resisted|p1a: Ditto
|-damage|p1a: Ditto|62/100
|inactive|DJ CRIB DEF has 90 seconds left.
|
|switch|p2a: Excadrill|Excadrill, F|100/100|[from]move: U-turn
|-ability|p2a: Excadrill|Mold Breaker
|move|p1a: Ditto|Max Airstream|p2a: Excadrill
|-resisted|p2a: Excadrill
|-damage|p2a: Excadrill|0 fnt
|-boost|p1a: Ditto|spe|1
|faint|p2a: Excadrill
|-ability|p1a: Ditto|Moxie|boost
|-boost|p1a: Ditto|atk|1
|
|upkeep
|
|switch|p2a: Grimmsnarl|Grimmsnarl, M|10/100
|turn|19
|inactive|RealGabilo has 90 seconds left.
|
|move|p2a: Grimmsnarl|Thunder Wave|p1a: Ditto
|-status|p1a: Ditto|par
|move|p1a: Ditto|Max Airstream|p2a: Grimmsnarl
|-damage|p2a: Grimmsnarl|0 fnt
|-boost|p1a: Ditto|spe|1
|faint|p2a: Grimmsnarl
|
|-end|p1a: Ditto|Dynamax
|-heal|p1a: Ditto|62/100 par|[silent]
|upkeep
|
|switch|p2a: Darmanitan|Darmanitan-Galar, M|100/100
|turn|20
|
|move|p1a: Ditto|Power Whip|p2a: Darmanitan
|-damage|p2a: Darmanitan|0 fnt
|faint|p2a: Darmanitan
|
|win|RealGabilo
|raw|RealGabilo's rating: 1188 &rarr; <strong>1210</strong><br />(+22 for winning)
|raw|DJ CRIB DEF's rating: 1143 &rarr; <strong>1121</strong><br />(-22 for losing)
|l|☆DJ CRIB DEF
|c|☆RealGabilo|Bro ditto
