|j|☆House Fancy
|j|‽GORAN EL DRACO
|player|p1|House Fancy|101|1832
|player|p2|GORAN EL DRACO|n|1786
|teamsize|p1|6
|teamsize|p2|6
|gametype|singles
|gen|8
|tier|[Gen 8] OU
|rated|
|html|<div class="broadcast-blue"><strong>OU is currently suspecting Dracovish! For information on how to participate check out the <a href="https://www.smogon.com/forums/threads/3664521/">suspect thread</a>.</strong></div>
|clearpoke
|poke|p1|Excadrill, F|
|poke|p1|Salazzle, F|
|poke|p1|Mandibuzz, F|
|poke|p1|Ferrothorn, F|
|poke|p1|Hippowdon, M|
|poke|p1|Primarina, F|
|poke|p2|Obstagoon, M|
|poke|p2|Clefable, F|
|poke|p2|Salazzle, F|
|poke|p2|Conkeldurr, M|
|poke|p2|Kommo-o, F|
|poke|p2|Primarina, F|
|rule|Sleep Clause Mod: Limit one foe put to sleep
|rule|Species Clause: Limit one of each Pokémon
|rule|OHKO Clause: OHKO moves are banned
|rule|Evasion Moves Clause: Evasion moves are banned
|rule|Endless Battle Clause: Forcing endless battles is banned
|rule|HP Percentage Mod: HP is shown in percentages
|rule|Dynamax Clause: You cannot dynamax
|teampreview
|inactive|Battle timer is ON: inactive players will automatically lose when time's up. (requested by GORAN EL DRACO)
|
|start
|switch|p1a: Salazzle|Salazzle, F|100/100
|switch|p2a: Kommo-o|Kommo-o, F|100/100
|turn|1
|
|switch|p1a: Primarina|Primarina, F|100/100
|move|p2a: Kommo-o|Stealth Rock|p1a: Primarina
|-sidestart|p1: House Fancy|move: Stealth Rock
|
|upkeep
|turn|2
|j| Lou 0)
|
|switch|p2a: Clefable|Clefable, F|100/100
|move|p1a: Primarina|Substitute|p1a: Primarina
|-start|p1a: Primarina|Substitute
|-damage|p1a: Primarina|76/100
|
|-heal|p1a: Primarina|82/100|[from] item: Leftovers
|upkeep
|turn|3
|
|move|p1a: Primarina|Calm Mind|p1a: Primarina
|-boost|p1a: Primarina|spa|1
|-boost|p1a: Primarina|spd|1
|move|p2a: Clefable|Moonblast|p1a: Primarina
|-activate|p1a: Primarina|move: Substitute|[damage]
|
|-heal|p1a: Primarina|88/100|[from] item: Leftovers
|upkeep
|turn|4
|
|move|p1a: Primarina|Calm Mind|p1a: Primarina
|-boost|p1a: Primarina|spa|1
|-boost|p1a: Primarina|spd|1
|move|p2a: Clefable|Moonblast|p1a: Primarina
|-end|p1a: Primarina|Substitute
|
|-heal|p1a: Primarina|94/100|[from] item: Leftovers
|upkeep
|turn|5
|
|move|p1a: Primarina|Substitute|p1a: Primarina
|-start|p1a: Primarina|Substitute
|-damage|p1a: Primarina|69/100
|move|p2a: Clefable|Teleport|p2a: Clefable
|
|switch|p2a: Salazzle|Salazzle, F|100/100|[from]move: Teleport
|
|-heal|p1a: Primarina|75/100|[from] item: Leftovers
|upkeep
|turn|6
|
|move|p2a: Salazzle|Sludge Wave|p1a: Primarina
|-supereffective|p1a: Primarina
|-end|p1a: Primarina|Substitute
|move|p1a: Primarina|Scald|p2a: Salazzle
|-supereffective|p2a: Salazzle
|-damage|p2a: Salazzle|0 fnt
|faint|p2a: Salazzle
|
|-heal|p1a: Primarina|81/100|[from] item: Leftovers
|upkeep
|
|switch|p2a: Obstagoon|Obstagoon, M|100/100
|turn|7
|j| Le Austin
|
|move|p2a: Obstagoon|Switcheroo|p1a: Primarina
|-activate|p2a: Obstagoon|move: Trick|[of] p1a: Primarina
|-item|p1a: Primarina|Flame Orb|[from] move: Switcheroo
|-item|p2a: Obstagoon|Leftovers|[from] move: Switcheroo
|move|p1a: Primarina|Moonblast|p2a: Obstagoon
|-supereffective|p2a: Obstagoon
|-damage|p2a: Obstagoon|0 fnt
|faint|p2a: Obstagoon
|
|-status|p1a: Primarina|brn|[from] item: Flame Orb
|upkeep
|
|switch|p2a: Clefable|Clefable, F|100/100
|turn|8
|
|move|p1a: Primarina|Substitute|p1a: Primarina
|-start|p1a: Primarina|Substitute
|-damage|p1a: Primarina|56/100 brn
|move|p2a: Clefable|Wish|p2a: Clefable
|
|-damage|p1a: Primarina|50/100 brn|[from] brn
|upkeep
|turn|9
|
|move|p1a: Primarina|Moonblast|p2a: Clefable
|-damage|p2a: Clefable|41/100
|-unboost|p2a: Clefable|spa|1
|move|p2a: Clefable|Moonblast|p1a: Primarina
|-activate|p1a: Primarina|move: Substitute|[damage]
|
|-heal|p2a: Clefable|91/100|[from] move: Wish|[wisher] Clefable
|-heal|p2a: Clefable|97/100|[from] item: Leftovers
|-damage|p1a: Primarina|44/100 brn|[from] brn
|upkeep
|turn|10
|
|move|p1a: Primarina|Moonblast|p2a: Clefable
|-damage|p2a: Clefable|38/100
|move|p2a: Clefable|Wish|p2a: Clefable
|
|-heal|p2a: Clefable|44/100|[from] item: Leftovers
|-damage|p1a: Primarina|38/100 brn|[from] brn
|upkeep
|turn|11
|
|move|p2a: Clefable|Protect|p2a: Clefable
|-singleturn|p2a: Clefable|Protect
|move|p1a: Primarina|Calm Mind|p1a: Primarina
|-boost|p1a: Primarina|spa|1
|-boost|p1a: Primarina|spd|1
|
|-heal|p2a: Clefable|94/100|[from] move: Wish|[wisher] Clefable
|-heal|p2a: Clefable|100/100|[from] item: Leftovers
|-damage|p1a: Primarina|32/100 brn|[from] brn
|upkeep
|turn|12
|
|move|p1a: Primarina|Moonblast|p2a: Clefable
|-damage|p2a: Clefable|27/100
|move|p2a: Clefable|Wish|p2a: Clefable
|
|-heal|p2a: Clefable|33/100|[from] item: Leftovers
|-damage|p1a: Primarina|26/100 brn|[from] brn
|upkeep
|turn|13
|
|move|p2a: Clefable|Protect|p2a: Clefable
|-singleturn|p2a: Clefable|Protect
|move|p1a: Primarina|Calm Mind|p1a: Primarina
|-boost|p1a: Primarina|spa|1
|-boost|p1a: Primarina|spd|1
|
|-heal|p2a: Clefable|83/100|[from] move: Wish|[wisher] Clefable
|-heal|p2a: Clefable|89/100|[from] item: Leftovers
|-damage|p1a: Primarina|20/100 brn|[from] brn
|upkeep
|turn|14
|
|move|p1a: Primarina|Moonblast|p2a: Clefable
|-damage|p2a: Clefable|7/100
|move|p2a: Clefable|Wish|p2a: Clefable
|
|-heal|p2a: Clefable|13/100|[from] item: Leftovers
|-damage|p1a: Primarina|14/100 brn|[from] brn
|upkeep
|turn|15
|
|move|p2a: Clefable|Protect|p2a: Clefable
|-singleturn|p2a: Clefable|Protect
|move|p1a: Primarina|Moonblast|p2a: Clefable
|-activate|p2a: Clefable|move: Protect
|
|-heal|p2a: Clefable|63/100|[from] move: Wish|[wisher] Clefable
|-heal|p2a: Clefable|70/100|[from] item: Leftovers
|-damage|p1a: Primarina|8/100 brn|[from] brn
|upkeep
|turn|16
|
|move|p2a: Clefable|Protect||[still]
|-fail|p2a: Clefable
|move|p1a: Primarina|Moonblast|p2a: Clefable
|-damage|p2a: Clefable|0 fnt
|faint|p2a: Clefable
|
|-damage|p1a: Primarina|2/100 brn|[from] brn
|upkeep
|
|switch|p2a: Conkeldurr|Conkeldurr, M|100/100
|turn|17
|
|move|p2a: Conkeldurr|Mach Punch|p1a: Primarina
|-resisted|p1a: Primarina
|-activate|p1a: Primarina|move: Substitute|[damage]
|move|p1a: Primarina|Moonblast|p2a: Conkeldurr
|-supereffective|p2a: Conkeldurr
|-damage|p2a: Conkeldurr|0 fnt
|faint|p2a: Conkeldurr
|
|-damage|p1a: Primarina|0 fnt|[from] brn
|faint|p1a: Primarina
|upkeep
|
|switch|p1a: Salazzle|Salazzle, F|100/100
|switch|p2a: Primarina|Primarina, F|100/100
|turn|18
|
|move|p1a: Salazzle|Toxic|p2a: Primarina
|-status|p2a: Primarina|tox
|move|p2a: Primarina|Psychic|p1a: Salazzle
|-supereffective|p1a: Salazzle
|-damage|p1a: Salazzle|0 fnt
|faint|p1a: Salazzle
|
|-damage|p2a: Primarina|94/100 tox|[from] psn
|upkeep
|l| Le Austin
|
|switch|p1a: Mandibuzz|Mandibuzz, F|100/100
|turn|19
|
|move|p1a: Mandibuzz|Defog|p2a: Primarina
|-unboost|p2a: Primarina|evasion|1
|-sideend|p1: House Fancy|Stealth Rock|[from] move: Defog|[of] p1a: Mandibuzz
|move|p2a: Primarina|Calm Mind|p2a: Primarina
|-boost|p2a: Primarina|spa|1
|-boost|p2a: Primarina|spd|1
|
|-heal|p2a: Primarina|100/100 tox|[from] item: Leftovers
|-damage|p2a: Primarina|88/100 tox|[from] psn
|upkeep
|turn|20
|
|switch|p1a: Ferrothorn|Ferrothorn, F|100/100
|move|p2a: Primarina|Scald|p1a: Ferrothorn
|-resisted|p1a: Ferrothorn
|-damage|p1a: Ferrothorn|71/100
|
|-heal|p2a: Primarina|94/100 tox|[from] item: Leftovers
|-damage|p2a: Primarina|76/100 tox|[from] psn
|upkeep
|turn|21
|
|move|p2a: Primarina|Scald|p1a: Ferrothorn
|-resisted|p1a: Ferrothorn
|-damage|p1a: Ferrothorn|42/100
|move|p1a: Ferrothorn|Leech Seed|p2a: Primarina
|-start|p2a: Primarina|move: Leech Seed
|
|-heal|p2a: Primarina|82/100 tox|[from] item: Leftovers
|-damage|p2a: Primarina|70/100 tox|[from] Leech Seed|[of] p1a: Ferrothorn
|-heal|p1a: Ferrothorn|53/100|[silent]
|-damage|p2a: Primarina|46/100 tox|[from] psn
|upkeep
|turn|22
|
|move|p2a: Primarina|Scald|p1a: Ferrothorn
|-resisted|p1a: Ferrothorn
|-damage|p1a: Ferrothorn|23/100
|-status|p1a: Ferrothorn|brn
|move|p1a: Ferrothorn|Knock Off|p2a: Primarina
|-resisted|p2a: Primarina
|-damage|p2a: Primarina|39/100 tox
|-enditem|p2a: Primarina|Leftovers|[from] move: Knock Off|[of] p1a: Ferrothorn
|
|-damage|p2a: Primarina|27/100 tox|[from] Leech Seed|[of] p1a: Ferrothorn
|-heal|p1a: Ferrothorn|34/100 brn|[silent]
|-damage|p2a: Primarina|0 fnt|[from] psn
|faint|p2a: Primarina
|-damage|p1a: Ferrothorn|28/100 brn|[from] brn
|upkeep
|
|switch|p2a: Kommo-o|Kommo-o, F|100/100
|turn|23
|
|move|p2a: Kommo-o|Iron Defense|p2a: Kommo-o
|-boost|p2a: Kommo-o|def|2
|move|p1a: Ferrothorn|Leech Seed|p2a: Kommo-o
|-start|p2a: Kommo-o|move: Leech Seed
|
|-damage|p2a: Kommo-o|88/100|[from] Leech Seed|[of] p1a: Ferrothorn
|-heal|p1a: Ferrothorn|41/100 brn|[silent]
|-damage|p1a: Ferrothorn|34/100 brn|[from] brn
|upkeep
|turn|24
|
|move|p2a: Kommo-o|Body Press|p1a: Ferrothorn
|-supereffective|p1a: Ferrothorn
|-damage|p1a: Ferrothorn|0 fnt
|-damage|p2a: Kommo-o|76/100|[from] ability: Iron Barbs|[of] p1a: Ferrothorn
|-damage|p2a: Kommo-o|59/100|[from] item: Rocky Helmet|[of] p1a: Ferrothorn
|faint|p1a: Ferrothorn
|
|-heal|p2a: Kommo-o|65/100|[from] item: Leftovers
|upkeep
|
|switch|p1a: Hippowdon|Hippowdon, M|100/100
|-weather|Sandstorm|[from] ability: Sand Stream|[of] p1a: Hippowdon
|turn|25
|
|move|p2a: Kommo-o|Toxic|p1a: Hippowdon
|-status|p1a: Hippowdon|tox
|move|p1a: Hippowdon|Slack Off||[still]
|-fail|p1a: Hippowdon|heal
|
|-weather|Sandstorm|[upkeep]
|-damage|p2a: Kommo-o|59/100|[from] Sandstorm
|-heal|p2a: Kommo-o|65/100|[from] item: Leftovers
|-damage|p2a: Kommo-o|53/100|[from] Leech Seed|[of] p1a: Hippowdon
|-damage|p1a: Hippowdon|94/100 tox|[from] psn
|upkeep
|turn|26
|
|move|p2a: Kommo-o|Iron Defense|p2a: Kommo-o
|-boost|p2a: Kommo-o|def|2
|move|p1a: Hippowdon|Earthquake|p2a: Kommo-o
|-damage|p2a: Kommo-o|45/100
|
|-weather|Sandstorm|[upkeep]
|-damage|p2a: Kommo-o|39/100|[from] Sandstorm
|-heal|p2a: Kommo-o|45/100|[from] item: Leftovers
|-heal|p1a: Hippowdon|100/100 tox|[from] item: Leftovers
|-damage|p2a: Kommo-o|33/100|[from] Leech Seed|[of] p1a: Hippowdon
|-damage|p1a: Hippowdon|88/100 tox|[from] psn
|upkeep
|turn|27
|
|move|p2a: Kommo-o|Iron Defense|p2a: Kommo-o
|-boost|p2a: Kommo-o|def|2
|move|p1a: Hippowdon|Slack Off|p1a: Hippowdon
|-heal|p1a: Hippowdon|100/100 tox
|
|-weather|Sandstorm|[upkeep]
|-damage|p2a: Kommo-o|26/100|[from] Sandstorm
|-heal|p2a: Kommo-o|33/100|[from] item: Leftovers
|-damage|p2a: Kommo-o|20/100|[from] Leech Seed|[of] p1a: Hippowdon
|-damage|p1a: Hippowdon|82/100 tox|[from] psn
|upkeep
|turn|28
|
|move|p2a: Kommo-o|Body Press|p1a: Hippowdon
|-damage|p1a: Hippowdon|0 fnt
|faint|p1a: Hippowdon
|
|-weather|Sandstorm|[upkeep]
|-damage|p2a: Kommo-o|14/100|[from] Sandstorm
|-heal|p2a: Kommo-o|20/100|[from] item: Leftovers
|upkeep
|
|switch|p1a: Excadrill|Excadrill, F|100/100
|turn|29
|
|move|p1a: Excadrill|Earthquake|p2a: Kommo-o
|-damage|p2a: Kommo-o|9/100
|-damage|p1a: Excadrill|91/100|[from] item: Life Orb
|move|p2a: Kommo-o|Body Press|p1a: Excadrill
|-supereffective|p1a: Excadrill
|-damage|p1a: Excadrill|0 fnt
|faint|p1a: Excadrill
|
|-weather|none
|-heal|p2a: Kommo-o|15/100|[from] item: Leftovers
|upkeep
|
|switch|p1a: Mandibuzz|Mandibuzz, F|100/100
|turn|30
|
|move|p1a: Mandibuzz|Foul Play|p2a: Kommo-o
|-resisted|p2a: Kommo-o
|-damage|p2a: Kommo-o|13/100
|move|p2a: Kommo-o|Body Press|p1a: Mandibuzz
|-damage|p1a: Mandibuzz|0 fnt
|faint|p1a: Mandibuzz
|
|win|GORAN EL DRACO
|l|‽GORAN EL DRACO
|raw|House Fancy's rating: 1832 &rarr; <strong>1808</strong><br />(-24 for losing)
|raw|GORAN EL DRACO's rating: 1758 &rarr; <strong>1782</strong><br />(+24 for winning)
