|j|☆IIIodyne
|j|☆mathtass
|inactive|Battle timer is ON: inactive players will automatically lose when time's up.
|t:|1665716885
|gametype|singles
|player|p1|IIIodyne|266|
|player|p2|mathtass|265|
|teamsize|p1|6
|teamsize|p2|6
|gen|8
|tier|[Gen 8] OU
|rated|Tournament battle
|rule|Sleep Clause Mod: Limit one foe put to sleep
|rule|Species Clause: Limit one of each Pokémon
|rule|OHKO Clause: OHKO moves are banned
|rule|Evasion Items Clause: Evasion items are banned
|rule|Evasion Moves Clause: Evasion moves are banned
|rule|Endless Battle Clause: Forcing endless battles is banned
|rule|HP Percentage Mod: HP is shown in percentages
|rule|Dynamax Clause: You cannot dynamax
|
|t:|1665716885
|start
|switch|p1a: Gastrodon|Gastrodon, M|100/100
|switch|p2a: Toxapex|Toxapex, F|100/100
|turn|1
|j| scarier-suwa
|c|☆IIIodyne|hf
|
|t:|1665716895
|move|p1a: Gastrodon|Earth Power|p2a: Toxapex
|-supereffective|p2a: Toxapex
|-damage|p2a: Toxapex|51/100
|move|p2a: Toxapex|Toxic|p1a: Gastrodon
|-status|p1a: Gastrodon|tox
|
|-heal|p2a: Toxapex|57/100|[from] item: Black Sludge
|-damage|p1a: Gastrodon|94/100 tox|[from] psn
|upkeep
|turn|2
|j| outd brnk
|
|t:|1665716908
|switch|p2a: Zapdos|Zapdos|100/100
|-ability|p2a: Zapdos|Pressure
|move|p1a: Gastrodon|Scald|p2a: Zapdos
|-damage|p2a: Zapdos|84/100
|
|-heal|p1a: Gastrodon|100/100 tox|[from] item: Leftovers
|-damage|p1a: Gastrodon|88/100 tox|[from] psn
|upkeep
|turn|3
|j| pelotonian
|c| outd brnk|u guys are just using standard teams
|j| Begin Testing
|c| outd brnk|zzzzzzzzzzzzzzzzzzzzzzzzzzzzzz
|c| outd brnk|not a single zoroark
|j| CherN0ble
|c| scarier-suwa|zoroark is bugged anyway
|c| outd brnk|bugged????
|inactive|IIIodyne has 120 seconds left.
|c| scarier-suwa|(i think)
|c| outd brnk|how
|
|t:|1665716944
|switch|p2a: Toxapex|Toxapex, F|91/100
|switch|p1a: Snorlax|Snorlax, M|100/100
|
|-heal|p2a: Toxapex|97/100|[from] item: Black Sludge
|upkeep
|turn|4
|inactive|IIIodyne has 120 seconds left.
|
|t:|1665716961
|move|p2a: Toxapex|Toxic|p1a: Snorlax
|-status|p1a: Snorlax|tox
|move|p1a: Snorlax|Body Slam|p2a: Toxapex
|-damage|p2a: Toxapex|78/100
|
|-heal|p2a: Toxapex|84/100|[from] item: Black Sludge
|-damage|p1a: Snorlax|94/100 tox|[from] psn
|upkeep
|turn|5
|
|t:|1665716969
|move|p2a: Toxapex|Scald|p1a: Snorlax
|-damage|p1a: Snorlax|87/100 tox
|move|p1a: Snorlax|Body Slam|p2a: Toxapex
|-damage|p2a: Toxapex|66/100
|-status|p2a: Toxapex|par
|
|-heal|p1a: Snorlax|93/100 tox|[from] item: Leftovers
|-heal|p2a: Toxapex|73/100 par|[from] item: Black Sludge
|-damage|p1a: Snorlax|81/100 tox|[from] psn
|upkeep
|turn|6
|c| outd brnk|how is it bugged
|inactive|mathtass has 120 seconds left.
|
|t:|1665716997
|move|p1a: Snorlax|Curse|p1a: Snorlax
|-unboost|p1a: Snorlax|spe|1
|-boost|p1a: Snorlax|atk|1
|-boost|p1a: Snorlax|def|1
|cant|p2a: Toxapex|par
|
|-heal|p1a: Snorlax|87/100 tox|[from] item: Leftovers
|-heal|p2a: Toxapex|79/100 par|[from] item: Black Sludge
|-damage|p1a: Snorlax|69/100 tox|[from] psn
|upkeep
|turn|7
|inactive|mathtass has 120 seconds left.
|j| imcool77798
|l| scarier-suwa
|inactive|mathtass has 90 seconds left.
|c| outd brnk|ah yes i love it when people say random shit and then don't explain
|
|t:|1665717046
|move|p1a: Snorlax|Body Slam|p2a: Toxapex
|-damage|p2a: Toxapex|53/100 par
|move|p2a: Toxapex|Recover|p2a: Toxapex
|-heal|p2a: Toxapex|100/100 par
|
|-heal|p1a: Snorlax|75/100 tox|[from] item: Leftovers
|-damage|p1a: Snorlax|51/100 tox|[from] psn
|upkeep
|turn|8
|inactive|mathtass has 90 seconds left.
|l| imcool77798
|inactive|mathtass has 60 seconds left.
|
|t:|1665717090
|move|p1a: Snorlax|Rest|p1a: Snorlax
|-status|p1a: Snorlax|slp|[from] move: Rest
|-heal|p1a: Snorlax|100/100 slp|[silent]
|move|p2a: Toxapex|Recover||[still]
|-fail|p2a: Toxapex|heal
|
|upkeep
|turn|9
|inactive|mathtass has 60 seconds left.
|
|t:|1665717099
|switch|p2a: Blacephalon|Blacephalon|100/100
|cant|p1a: Snorlax|slp
|
|upkeep
|turn|10
|
|t:|1665717105
|move|p2a: Blacephalon|Trick|p1a: Snorlax
|-activate|p2a: Blacephalon|move: Trick|[of] p1a: Snorlax
|-item|p1a: Snorlax|Choice Scarf|[from] move: Trick
|-item|p2a: Blacephalon|Leftovers|[from] move: Trick
|cant|p1a: Snorlax|slp
|
|upkeep
|turn|11
|
|t:|1665717118
|switch|p2a: Toxapex|Toxapex, F|100/100 par
|-curestatus|p1a: Snorlax|slp|[msg]
|move|p1a: Snorlax|Darkest Lariat|p2a: Toxapex
|-damage|p2a: Toxapex|80/100 par
|
|-heal|p2a: Toxapex|87/100 par|[from] item: Black Sludge
|upkeep
|turn|12
|
|t:|1665717131
|switch|p1a: Rotom|Rotom-Heat|100/100
|move|p2a: Toxapex|Toxic|p1a: Rotom
|-status|p1a: Rotom|tox
|
|-heal|p2a: Toxapex|93/100 par|[from] item: Black Sludge
|-damage|p1a: Rotom|94/100 tox|[from] psn
|upkeep
|turn|13
|
|t:|1665717141
|switch|p2a: Chansey|Chansey, F|100/100
|move|p1a: Rotom|Will-O-Wisp|p2a: Chansey
|-status|p2a: Chansey|brn
|
|-damage|p1a: Rotom|82/100 tox|[from] psn
|-damage|p2a: Chansey|94/100 brn|[from] brn
|upkeep
|turn|14
|inactive|mathtass has 60 seconds left.
|
|t:|1665717169
|move|p1a: Rotom|Volt Switch|p2a: Chansey
|-damage|p2a: Chansey|88/100 brn
|
|t:|1665717189
|switch|p1a: Bronzong|Bronzong|100/100|[from]move: Volt Switch
|move|p2a: Chansey|Stealth Rock|p1a: Bronzong
|-sidestart|p1: IIIodyne|move: Stealth Rock
|
|-damage|p2a: Chansey|82/100 brn|[from] brn
|upkeep
|turn|15
|inactive|mathtass has 60 seconds left.
|j| Pikablu007
|l| outd brnk
|l| Pikablu007
|
|t:|1665717231
|-curestatus|p2a: Chansey|brn|[from] ability: Natural Cure
|switch|p2a: Rillaboom|Rillaboom, M, shiny|100/100
|-fieldstart|move: Grassy Terrain|[from] ability: Grassy Surge|[of] p2a: Rillaboom
|move|p1a: Bronzong|Iron Head|p2a: Rillaboom
|-damage|p2a: Rillaboom|70/100
|
|-heal|p2a: Rillaboom|76/100|[from] Grassy Terrain
|-heal|p2a: Rillaboom|82/100|[from] item: Leftovers
|upkeep
|turn|16
|inactive|mathtass has 30 seconds left.
|
|t:|1665717255
|switch|p1a: Weezing|Weezing-Galar, F|100/100
|-damage|p1a: Weezing|88/100|[from] Stealth Rock
|move|p2a: Rillaboom|Knock Off|p1a: Weezing
|-resisted|p1a: Weezing
|-damage|p1a: Weezing|76/100
|-damage|p2a: Rillaboom|66/100|[from] item: Rocky Helmet|[of] p1a: Weezing
|-enditem|p1a: Weezing|Rocky Helmet|[from] move: Knock Off|[of] p2a: Rillaboom
|
|-heal|p2a: Rillaboom|72/100|[from] Grassy Terrain
|-heal|p2a: Rillaboom|78/100|[from] item: Leftovers
|upkeep
|turn|17
|inactive|mathtass has 30 seconds left.
|inactive|mathtass has 20 seconds left.
|inactive|mathtass has 15 seconds left.
|inactive|mathtass has 10 seconds left.
|
|t:|1665717283
|switch|p2a: Chansey|Chansey, F|82/100
|move|p1a: Weezing|Flamethrower|p2a: Chansey
|-damage|p2a: Chansey|77/100
|
|-heal|p2a: Chansey|83/100|[from] Grassy Terrain
|upkeep
|turn|18
|inactive|mathtass has 20 seconds left this turn.
|inactive|mathtass has 15 seconds left.
|
|t:|1665717291
|switch|p1a: Bronzong|Bronzong|100/100
|-damage|p1a: Bronzong|94/100|[from] Stealth Rock
|move|p2a: Chansey|Seismic Toss|p1a: Bronzong
|-damage|p1a: Bronzong|65/100
|
|-heal|p2a: Chansey|90/100|[from] Grassy Terrain
|-heal|p1a: Bronzong|71/100|[from] Grassy Terrain
|upkeep
|turn|19
|inactive|mathtass has 25 seconds left this turn.
|inactive|mathtass has 20 seconds left.
|inactive|mathtass has 15 seconds left.
|
|t:|1665717305
|switch|p2a: Toxapex|Toxapex, F|100/100 par
|move|p1a: Bronzong|Rock Slide|p2a: Toxapex
|-crit|p2a: Toxapex
|-damage|p2a: Toxapex|82/100 par
|
|-heal|p1a: Bronzong|77/100|[from] Grassy Terrain
|-heal|p2a: Toxapex|89/100 par|[from] Grassy Terrain
|-heal|p2a: Toxapex|95/100 par|[from] item: Black Sludge
|-fieldend|move: Grassy Terrain
|upkeep
|turn|20
|inactive|mathtass has 25 seconds left this turn.
|inactive|mathtass has 20 seconds left.
|inactive|mathtass has 15 seconds left.
|
|t:|1665717315
|move|p1a: Bronzong|Zen Headbutt|p2a: Toxapex
|-supereffective|p2a: Toxapex
|-damage|p2a: Toxapex|57/100 par
|move|p2a: Toxapex|Scald|p1a: Bronzong
|-damage|p1a: Bronzong|67/100
|
|-heal|p2a: Toxapex|64/100 par|[from] item: Black Sludge
|upkeep
|turn|21
|inactive|mathtass has 25 seconds left this turn.
|inactive|mathtass has 20 seconds left.
|inactive|mathtass has 15 seconds left.
|
|t:|1665717326
|move|p1a: Bronzong|Zen Headbutt|p2a: Toxapex
|-supereffective|p2a: Toxapex
|-damage|p2a: Toxapex|24/100 par
|move|p2a: Toxapex|Scald|p1a: Bronzong
|-damage|p1a: Bronzong|58/100
|
|-heal|p2a: Toxapex|30/100 par|[from] item: Black Sludge
|upkeep
|turn|22
|inactive|mathtass has 25 seconds left this turn.
|j| LEAGUEPLAYERXD
|inactive|mathtass has 20 seconds left.
|
|t:|1665717334
|switch|p2a: Garchomp|Garchomp, F|100/100
|move|p1a: Bronzong|Earthquake|p2a: Garchomp
|-damage|p2a: Garchomp|72/100
|
|-heal|p2a: Garchomp|79/100|[from] item: Leftovers
|upkeep
|turn|23
|inactive|mathtass has 30 seconds left this turn.
|c| LEAGUEPLAYERXD|bitch im a cowb
|
|t:|1665717343
|switch|p1a: Weezing|Weezing-Galar, F|76/100
|-damage|p1a: Weezing|64/100|[from] Stealth Rock
|move|p2a: Garchomp|Fire Fang|p1a: Weezing
|-crit|p1a: Weezing
|-damage|p1a: Weezing|43/100
|
|-heal|p2a: Garchomp|85/100|[from] item: Leftovers
|upkeep
|turn|24
|c| LEAGUEPLAYERXD|bitch im a cow
|c| LEAGUEPLAYERXD|bitch im a cow
|inactive|mathtass has 30 seconds left.
|c| LEAGUEPLAYERXD|i go moooooooooooooooooooooooooooooooooo
|c| LEAGUEPLAYERXD|mooooooooooooooooooooooooooooo
|c| LEAGUEPLAYERXD|mooooooooooooooooooooooooooooooooooooooooooom
|
|t:|1665717356
|switch|p2a: Chansey|Chansey, F|90/100
|move|p1a: Weezing|Strange Steam|p2a: Chansey
|-damage|p2a: Chansey|83/100
|
|upkeep
|turn|25
|inactive|mathtass has 30 seconds left.
|c| Begin Testing|bro's a cow
|
|t:|1665717372
|switch|p1a: Gastrodon|Gastrodon, M|88/100 tox
|-damage|p1a: Gastrodon|82/100 tox|[from] Stealth Rock
|move|p2a: Chansey|Seismic Toss|p1a: Gastrodon
|-damage|p1a: Gastrodon|59/100 tox
|
|-heal|p1a: Gastrodon|65/100 tox|[from] item: Leftovers
|-damage|p1a: Gastrodon|59/100 tox|[from] psn
|upkeep
|turn|26
|inactive|mathtass has 30 seconds left.
|inactive|mathtass has 20 seconds left.
|
|t:|1665717394
|move|p2a: Chansey|Seismic Toss|p1a: Gastrodon
|-damage|p1a: Gastrodon|35/100 tox
|move|p1a: Gastrodon|Scald|p2a: Chansey
|-damage|p2a: Chansey|77/100
|
|-heal|p1a: Gastrodon|41/100 tox|[from] item: Leftovers
|-damage|p1a: Gastrodon|29/100 tox|[from] psn
|upkeep
|turn|27
|inactive|mathtass has 30 seconds left this turn.
|
|t:|1665717404
|move|p2a: Chansey|Seismic Toss|p1a: Gastrodon
|-damage|p1a: Gastrodon|6/100 tox
|move|p1a: Gastrodon|Recover|p1a: Gastrodon
|-heal|p1a: Gastrodon|56/100 tox
|
|-heal|p1a: Gastrodon|62/100 tox|[from] item: Leftovers
|-damage|p1a: Gastrodon|43/100 tox|[from] psn
|upkeep
|turn|28
|inactive|mathtass has 30 seconds left.
|j| Pinecoishot
|l| Pinecoishot
|
|t:|1665717419
|switch|p1a: Snorlax|Snorlax, M|100/100
|-damage|p1a: Snorlax|88/100|[from] Stealth Rock
|move|p2a: Chansey|Seismic Toss|p1a: Snorlax
|-damage|p1a: Snorlax|69/100
|
|upkeep
|turn|29
|j| Pinecoishot
|inactive|mathtass has 30 seconds left.
|
|t:|1665717432
|switch|p2a: Toxapex|Toxapex, F|64/100 par
|move|p1a: Snorlax|Body Slam|p2a: Toxapex
|-damage|p2a: Toxapex|44/100 par
|
|-heal|p2a: Toxapex|50/100 par|[from] item: Black Sludge
|upkeep
|turn|30
|
|t:|1665717440
|move|p1a: Snorlax|Body Slam|p2a: Toxapex
|-damage|p2a: Toxapex|31/100 par
|move|p2a: Toxapex|Recover|p2a: Toxapex
|-heal|p2a: Toxapex|81/100 par
|
|-heal|p2a: Toxapex|87/100 par|[from] item: Black Sludge
|upkeep
|turn|31
|
|t:|1665717451
|switch|p1a: Gastrodon|Gastrodon, M|43/100 tox
|-damage|p1a: Gastrodon|37/100 tox|[from] Stealth Rock
|move|p2a: Toxapex|Scald|p1a: Gastrodon
|-ability|p1a: Gastrodon|Storm Drain|boost
|-boost|p1a: Gastrodon|spa|1
|
|-heal|p1a: Gastrodon|43/100 tox|[from] item: Leftovers
|-heal|p2a: Toxapex|94/100 par|[from] item: Black Sludge
|-damage|p1a: Gastrodon|37/100 tox|[from] psn
|upkeep
|turn|32
|
|t:|1665717463
|switch|p2a: Chansey|Chansey, F|77/100
|move|p1a: Gastrodon|Recover|p1a: Gastrodon
|-heal|p1a: Gastrodon|87/100 tox
|
|-heal|p1a: Gastrodon|93/100 tox|[from] item: Leftovers
|-damage|p1a: Gastrodon|81/100 tox|[from] psn
|upkeep
|turn|33
|
|t:|1665717471
|move|p2a: Chansey|Seismic Toss|p1a: Gastrodon
|-damage|p1a: Gastrodon|58/100 tox
|move|p1a: Gastrodon|Earth Power|p2a: Chansey
|-damage|p2a: Chansey|65/100
|
|-heal|p1a: Gastrodon|64/100 tox|[from] item: Leftovers
|-damage|p1a: Gastrodon|46/100 tox|[from] psn
|upkeep
|turn|34
|
|t:|1665717493
|switch|p1a: Rillaboom|Rillaboom, F|100/100
|-damage|p1a: Rillaboom|88/100|[from] Stealth Rock
|-fieldstart|move: Grassy Terrain|[from] ability: Grassy Surge|[of] p1a: Rillaboom
|move|p2a: Chansey|Seismic Toss|p1a: Rillaboom
|-damage|p1a: Rillaboom|59/100
|
|-heal|p1a: Rillaboom|65/100|[from] Grassy Terrain
|-heal|p2a: Chansey|71/100|[from] Grassy Terrain
|upkeep
|turn|35
|
|t:|1665717512
|switch|p2a: Zapdos|Zapdos|84/100
|-ability|p2a: Zapdos|Pressure
|move|p1a: Rillaboom|Knock Off|p2a: Zapdos
|-damage|p2a: Zapdos|38/100
|-enditem|p2a: Zapdos|Heavy-Duty Boots|[from] move: Knock Off|[of] p1a: Rillaboom
|
|-heal|p1a: Rillaboom|71/100|[from] Grassy Terrain
|upkeep
|turn|36
|
|t:|1665717522
|switch|p1a: Gastrodon|Gastrodon, M|46/100 tox
|-damage|p1a: Gastrodon|39/100 tox|[from] Stealth Rock
|move|p2a: Zapdos|Roost|p2a: Zapdos
|-heal|p2a: Zapdos|88/100
|-singleturn|p2a: Zapdos|move: Roost
|
|-heal|p2a: Zapdos|94/100|[from] Grassy Terrain
|-heal|p1a: Gastrodon|46/100 tox|[from] Grassy Terrain
|-heal|p1a: Gastrodon|52/100 tox|[from] item: Leftovers
|-damage|p1a: Gastrodon|46/100 tox|[from] psn
|upkeep
|turn|37
|
|t:|1665717535
|switch|p2a: Rillaboom|Rillaboom, M, shiny|78/100
|move|p1a: Gastrodon|Recover|p1a: Gastrodon
|-heal|p1a: Gastrodon|96/100 tox
|
|-heal|p2a: Rillaboom|84/100|[from] Grassy Terrain
|-heal|p2a: Rillaboom|91/100|[from] item: Leftovers
|-heal|p1a: Gastrodon|100/100 tox|[from] Grassy Terrain
|-damage|p1a: Gastrodon|88/100 tox|[from] psn
|upkeep
|turn|38
|l| LEAGUEPLAYERXD
|
|t:|1665717546
|move|p2a: Rillaboom|Knock Off|p1a: Gastrodon
|-damage|p1a: Gastrodon|61/100 tox
|-enditem|p1a: Gastrodon|Leftovers|[from] move: Knock Off|[of] p2a: Rillaboom
|move|p1a: Gastrodon|Ice Beam|p2a: Rillaboom
|-supereffective|p2a: Rillaboom
|-damage|p2a: Rillaboom|44/100
|
|-heal|p2a: Rillaboom|50/100|[from] Grassy Terrain
|-heal|p2a: Rillaboom|56/100|[from] item: Leftovers
|-heal|p1a: Gastrodon|67/100 tox|[from] Grassy Terrain
|-damage|p1a: Gastrodon|48/100 tox|[from] psn
|-fieldend|move: Grassy Terrain
|upkeep
|turn|39
|
|t:|1665717559
|move|p2a: Rillaboom|Grassy Glide|p1a: Gastrodon
|-supereffective|p1a: Gastrodon
|-damage|p1a: Gastrodon|0 fnt
|faint|p1a: Gastrodon
|
|-heal|p2a: Rillaboom|63/100|[from] item: Leftovers
|upkeep
|
|t:|1665717583
|switch|p1a: Rotom|Rotom-Heat|82/100 tox
|turn|40
|
|t:|1665717602
|switch|p2a: Chansey|Chansey, F|71/100
|move|p1a: Rotom|Foul Play|p2a: Chansey
|-damage|p2a: Chansey|69/100
|
|-damage|p1a: Rotom|76/100 tox|[from] psn
|upkeep
|turn|41
|
|t:|1665717611
|move|p1a: Rotom|Volt Switch|p2a: Chansey
|-damage|p2a: Chansey|63/100
|
|t:|1665717616
|switch|p1a: Bronzong|Bronzong|58/100|[from]move: Volt Switch
|-damage|p1a: Bronzong|52/100|[from] Stealth Rock
|move|p2a: Chansey|Seismic Toss|p1a: Bronzong
|-damage|p1a: Bronzong|22/100
|
|upkeep
|turn|42
|inactive|mathtass has 60 seconds left.
|
|t:|1665717627
|switch|p2a: Garchomp|Garchomp, F|85/100
|move|p1a: Bronzong|Iron Head|p2a: Garchomp
|-damage|p2a: Garchomp|54/100
|-damage|p1a: Bronzong|10/100|[from] ability: Rough Skin|[of] p2a: Garchomp
|
|-heal|p2a: Garchomp|60/100|[from] item: Leftovers
|upkeep
|turn|43
|inactive|mathtass has 60 seconds left.
|
|t:|1665717636
|move|p2a: Garchomp|Fire Fang|p1a: Bronzong
|-supereffective|p1a: Bronzong
|-damage|p1a: Bronzong|0 fnt
|faint|p1a: Bronzong
|
|-heal|p2a: Garchomp|66/100|[from] item: Leftovers
|upkeep
|
|t:|1665717647
|switch|p1a: Weezing|Weezing-Galar, F|43/100
|-damage|p1a: Weezing|31/100|[from] Stealth Rock
|turn|44
|
|t:|1665717652
|switch|p2a: Chansey|Chansey, F|63/100
|move|p1a: Weezing|Strange Steam|p2a: Chansey
|-damage|p2a: Chansey|56/100
|
|upkeep
|turn|45
|c|☆IIIodyne|gg
|-message|IIIodyne forfeited.
|
|win|mathtass
|n|☆IIIodyne|iiiodyne
|n|☆mathtass|mathtass
|n| pelotonian|pelotonian
|n| Begin Testing|begintesting
|n| CherN0ble|chern0ble
|n| Pinecoishot|pinecoishot
