|html|<div class="broadcast-blue"><strong>[Gen 8] OU is currently suspecting Melmetal! For information on how to participate check out the <a href="https://www.smogon.com/forums/threads/np-ss-ou-suspect-process-round-12-monster-mash.3709234/">suspect thread</a>.</strong></div>
|j|☆bizarman
|j|☆knexhawk2
|t:|1666804113
|gametype|singles
|player|p1|bizarman|scientist-gen4|1755
|player|p2|knexhawk2|red-masters|1832
|teamsize|p1|6
|teamsize|p2|6
|gen|8
|tier|[Gen 8] OU
|rated|
|rule|Sleep Clause Mod: Limit one foe put to sleep
|rule|Species Clause: Limit one of each Pokémon
|rule|OHKO Clause: OHKO moves are banned
|rule|Evasion Items Clause: Evasion items are banned
|rule|Evasion Moves Clause: Evasion moves are banned
|rule|Endless Battle Clause: Forcing endless battles is banned
|rule|HP Percentage Mod: HP is shown in percentages
|rule|Dynamax Clause: You cannot dynamax
|clearpoke
|poke|p1|Nidoking, M|
|poke|p1|Slowbro, F|
|poke|p1|Dragapult, M|
|poke|p1|Heatran, M|
|poke|p1|Buzzwole|
|poke|p1|Landorus-Therian, M|
|poke|p2|Hippowdon, M|
|poke|p2|Blissey, F|
|poke|p2|Corviknight, F|
|poke|p2|Quagsire, F|
|poke|p2|Toxapex, F|
|poke|p2|Tornadus-Therian, M|
|teampreview
|j| 0zorcNecropHADES
|inactive|Battle timer is ON: inactive players will automatically lose when time's up. (requested by bizarman)
|
|t:|1666804130
|start
|switch|p1a: Apeas|Heatran, M|100/100
|switch|p2a: Hippowdon|Hippowdon, M|100/100
|-weather|Sandstorm|[from] ability: Sand Stream|[of] p2a: Hippowdon
|turn|1
|
|t:|1666804153
|switch|p1a: Hiling|Slowbro, F|100/100
|move|p2a: Hippowdon|Stealth Rock|p1a: Hiling
|-sidestart|p1: bizarman|move: Stealth Rock
|
|-weather|Sandstorm|[upkeep]
|-damage|p1a: Hiling|94/100|[from] Sandstorm
|upkeep
|turn|2
|
|t:|1666804159
|switch|p2a: Toxapex|Toxapex, F|100/100
|move|p1a: Hiling|Future Sight|p2a: Toxapex
|-start|p1a: Hiling|move: Future Sight
|
|-weather|Sandstorm|[upkeep]
|-damage|p2a: Toxapex|94/100|[from] Sandstorm
|-damage|p1a: Hiling|88/100|[from] Sandstorm
|upkeep
|turn|3
|
|t:|1666804167
|move|p2a: Toxapex|Light Screen|p2a: Toxapex
|-sidestart|p2: knexhawk2|move: Light Screen
|move|p1a: Hiling|Teleport|p1a: Hiling
|
|t:|1666804174
|switch|p1a: Boji|Nidoking, M|100/100|[from]move: Teleport
|-damage|p1a: Boji|95/100|[from] Stealth Rock
|
|-weather|Sandstorm|[upkeep]
|-damage|p2a: Toxapex|88/100|[from] Sandstorm
|upkeep
|turn|4
|
|t:|1666804188
|switch|p2a: Tornadus|Tornadus-Therian, M|100/100
|move|p1a: Boji|Earth Power|p2a: Tornadus
|-immune|p2a: Tornadus
|
|-weather|Sandstorm|[upkeep]
|-damage|p2a: Tornadus|94/100|[from] Sandstorm
|-end|p2a: Tornadus|move: Future Sight
|-damage|p2a: Tornadus|74/100
|upkeep
|turn|5
|
|t:|1666804198
|switch|p1a: Apeas|Heatran, M|100/100
|-damage|p1a: Apeas|88/100|[from] Stealth Rock
|move|p2a: Tornadus|Knock Off|p1a: Apeas
|-crit|p1a: Apeas
|-damage|p1a: Apeas|62/100
|-enditem|p1a: Apeas|Leftovers|[from] move: Knock Off|[of] p2a: Tornadus
|
|-weather|none
|upkeep
|turn|6
|
|t:|1666804206
|move|p2a: Tornadus|U-turn|p1a: Apeas
|-resisted|p1a: Apeas
|-damage|p1a: Apeas|59/100
|
|t:|1666804214
|switch|p2a: Blissey|Blissey, F|100/100|[from]move: U-turn
|move|p1a: Apeas|Stealth Rock|p2a: Blissey
|-sidestart|p2: knexhawk2|move: Stealth Rock
|
|upkeep
|turn|7
|
|t:|1666804223
|switch|p1a: Domas|Landorus-Therian, M|100/100
|-damage|p1a: Domas|88/100|[from] Stealth Rock
|-ability|p1a: Domas|Intimidate|boost
|-unboost|p2a: Blissey|atk|1
|move|p2a: Blissey|Seismic Toss|p1a: Domas
|-damage|p1a: Domas|62/100
|
|-heal|p1a: Domas|68/100|[from] item: Leftovers
|-sideend|p2: knexhawk2|move: Light Screen
|upkeep
|turn|8
|
|t:|1666804233
|switch|p2a: Corviknight|Corviknight, F|100/100
|-damage|p2a: Corviknight|88/100|[from] Stealth Rock
|-ability|p2a: Corviknight|Pressure
|move|p1a: Domas|Knock Off|p2a: Corviknight
|-damage|p2a: Corviknight|68/100
|-enditem|p2a: Corviknight|Leftovers|[from] move: Knock Off|[of] p1a: Domas
|
|-heal|p1a: Domas|74/100|[from] item: Leftovers
|upkeep
|turn|9
|
|t:|1666804243
|move|p1a: Domas|U-turn|p2a: Corviknight
|-resisted|p2a: Corviknight
|-damage|p2a: Corviknight|65/100
|
|t:|1666804249
|switch|p1a: Bebin|Dragapult, M|100/100|[from]move: U-turn
|-damage|p1a: Bebin|88/100|[from] Stealth Rock
|move|p2a: Corviknight|Defog|p1a: Bebin
|-unboost|p1a: Bebin|evasion|1
|-sideend|p1: bizarman|Stealth Rock|[from] move: Defog|[of] p2a: Corviknight
|-sideend|p2: knexhawk2|Stealth Rock|[from] move: Defog|[of] p2a: Corviknight
|
|upkeep
|turn|10
|
|t:|1666804256
|switch|p2a: Toxapex|Toxapex, F|100/100
|move|p1a: Bebin|U-turn|p2a: Toxapex
|-resisted|p2a: Toxapex
|-damage|p2a: Toxapex|95/100
|-damage|p1a: Bebin|72/100|[from] item: Rocky Helmet|[of] p2a: Toxapex
|
|t:|1666804263
|switch|p1a: Boji|Nidoking, M|95/100|[from]move: U-turn
|
|upkeep
|turn|11
|
|t:|1666804267
|switch|p2a: Blissey|Blissey, F|100/100
|-singleturn|p1a: Boji|move: Focus Punch
|move|p1a: Boji|Focus Punch|p2a: Blissey
|-supereffective|p2a: Blissey
|-damage|p2a: Blissey|22/100
|-damage|p1a: Boji|85/100|[from] item: Life Orb
|
|-heal|p2a: Blissey|28/100|[from] item: Leftovers
|upkeep
|turn|12
|
|t:|1666804277
|move|p1a: Boji|Sludge Wave|p2a: Blissey
|-damage|p2a: Blissey|7/100
|move|p2a: Blissey|Seismic Toss|p1a: Boji
|-damage|p1a: Boji|52/100
|
|-heal|p2a: Blissey|13/100|[from] item: Leftovers
|upkeep
|turn|13
|
|t:|1666804285
|switch|p2a: Corviknight|Corviknight, F|65/100
|-ability|p2a: Corviknight|Pressure
|move|p1a: Boji|Sludge Wave|p2a: Corviknight
|-immune|p2a: Corviknight
|
|upkeep
|turn|14
|
|t:|1666804292
|switch|p2a: Toxapex|Toxapex, F|100/100
|move|p1a: Boji|Ice Beam|p2a: Toxapex
|-resisted|p2a: Toxapex
|-damage|p2a: Toxapex|86/100
|
|upkeep
|turn|15
|
|t:|1666804299
|switch|p2a: Tornadus|Tornadus-Therian, M|100/100
|move|p1a: Boji|Earth Power|p2a: Tornadus
|-immune|p2a: Tornadus
|
|upkeep
|turn|16
|
|t:|1666804310
|switch|p1a: Apeas|Heatran, M|59/100
|move|p2a: Tornadus|Knock Off|p1a: Apeas
|-damage|p1a: Apeas|48/100
|
|upkeep
|turn|17
|
|t:|1666804316
|move|p2a: Tornadus|Knock Off|p1a: Apeas
|-damage|p1a: Apeas|36/100
|move|p1a: Apeas|Toxic|p2a: Tornadus
|-status|p2a: Tornadus|tox
|
|-damage|p2a: Tornadus|94/100 tox|[from] psn
|upkeep
|turn|18
|
|t:|1666804322
|move|p2a: Tornadus|Knock Off|p1a: Apeas
|-damage|p1a: Apeas|25/100
|move|p1a: Apeas|Stealth Rock|p2a: Tornadus
|-sidestart|p2: knexhawk2|move: Stealth Rock
|
|-damage|p2a: Tornadus|82/100 tox|[from] psn
|upkeep
|turn|19
|
|t:|1666804328
|move|p2a: Tornadus|Defog|p1a: Apeas
|-unboost|p1a: Apeas|evasion|1
|-sideend|p2: knexhawk2|Stealth Rock|[from] move: Defog|[of] p2a: Tornadus
|move|p1a: Apeas|Magma Storm|p2a: Tornadus|[miss]
|-miss|p1a: Apeas|p2a: Tornadus
|
|-damage|p2a: Tornadus|64/100 tox|[from] psn
|upkeep
|turn|20
|
|t:|1666804336
|move|p2a: Tornadus|U-turn|p1a: Apeas
|-resisted|p1a: Apeas
|-damage|p1a: Apeas|22/100
|
|t:|1666804340
|switch|p2a: Hippowdon|Hippowdon, M|100/100|[from]move: U-turn
|-weather|Sandstorm|[from] ability: Sand Stream|[of] p2a: Hippowdon
|move|p1a: Apeas|Stealth Rock|p2a: Hippowdon
|-sidestart|p2: knexhawk2|move: Stealth Rock
|
|-weather|Sandstorm|[upkeep]
|upkeep
|turn|21
|
|t:|1666804347
|move|p1a: Apeas|Toxic|p2a: Hippowdon
|-status|p2a: Hippowdon|tox
|move|p2a: Hippowdon|Stealth Rock|p1a: Apeas
|-sidestart|p1: bizarman|move: Stealth Rock
|
|-weather|Sandstorm|[upkeep]
|-damage|p2a: Hippowdon|94/100 tox|[from] psn
|upkeep
|turn|22
|j| Miscojones99
|
|t:|1666804361
|switch|p1a: Hiling|Slowbro, F|100/100
|-damage|p1a: Hiling|88/100|[from] Stealth Rock
|move|p2a: Hippowdon|Earthquake|p1a: Hiling
|-damage|p1a: Hiling|64/100
|
|-weather|Sandstorm|[upkeep]
|-damage|p1a: Hiling|58/100|[from] Sandstorm
|-heal|p2a: Hippowdon|100/100 tox|[from] item: Leftovers
|-damage|p2a: Hippowdon|88/100 tox|[from] psn
|upkeep
|turn|23
|
|t:|1666804372
|switch|p2a: Toxapex|Toxapex, F|100/100
|-damage|p2a: Toxapex|88/100|[from] Stealth Rock
|move|p1a: Hiling|Teleport|p1a: Hiling
|j| Quagshi
|
|t:|1666804377
|switch|p1a: Boji|Nidoking, M|52/100|[from]move: Teleport
|-damage|p1a: Boji|46/100|[from] Stealth Rock
|
|-weather|Sandstorm|[upkeep]
|-damage|p2a: Toxapex|82/100|[from] Sandstorm
|upkeep
|turn|24
|
|t:|1666804393
|switch|p2a: Blissey|Blissey, F|13/100
|-damage|p2a: Blissey|0 fnt|[from] Stealth Rock
|faint|p2a: Blissey
|move|p1a: Boji|Ice Beam|p2: Blissey|[notarget]
|-fail|p1a: Boji
|
|-weather|none
|upkeep
|
|t:|1666804395
|switch|p2a: Corviknight|Corviknight, F|65/100
|-damage|p2a: Corviknight|52/100|[from] Stealth Rock
|-ability|p2a: Corviknight|Pressure
|turn|25
|
|t:|1666804405
|move|p1a: Boji|Ice Beam|p2a: Corviknight
|-damage|p2a: Corviknight|19/100
|move|p2a: Corviknight|Roost|p2a: Corviknight
|-heal|p2a: Corviknight|69/100
|-singleturn|p2a: Corviknight|move: Roost
|
|upkeep
|turn|26
|
|t:|1666804414
|switch|p1a: Bebin|Dragapult, M|72/100
|-damage|p1a: Bebin|59/100|[from] Stealth Rock
|move|p2a: Corviknight|Roost|p2a: Corviknight
|-heal|p2a: Corviknight|100/100
|-singleturn|p2a: Corviknight|move: Roost
|
|upkeep
|turn|27
|
|t:|1666804421
|switch|p2a: Toxapex|Toxapex, F|100/100
|-damage|p2a: Toxapex|88/100|[from] Stealth Rock
|move|p1a: Bebin|Shadow Ball|p2a: Toxapex
|-damage|p2a: Toxapex|49/100
|
|upkeep
|turn|28
|l| Miscojones99
|j| Pachismo
|
|t:|1666804442
|switch|p1a: Boji|Nidoking, M|46/100
|-damage|p1a: Boji|40/100|[from] Stealth Rock
|move|p2a: Toxapex|Light Screen|p2a: Toxapex
|-sidestart|p2: knexhawk2|move: Light Screen
|
|upkeep
|turn|29
|
|t:|1666804447
|switch|p2a: Corviknight|Corviknight, F|100/100
|-damage|p2a: Corviknight|88/100|[from] Stealth Rock
|-ability|p2a: Corviknight|Pressure
|move|p1a: Boji|Earth Power|p2a: Corviknight
|-immune|p2a: Corviknight
|
|upkeep
|turn|30
|
|t:|1666804456
|switch|p1a: Bebin|Dragapult, M|59/100
|-damage|p1a: Bebin|47/100|[from] Stealth Rock
|move|p2a: Corviknight|Brave Bird|p1a: Bebin
|-damage|p1a: Bebin|0 fnt
|faint|p1a: Bebin
|-damage|p2a: Corviknight|76/100|[from] Recoil
|
|upkeep
|j| Jongruenwald
|
|t:|1666804465
|switch|p1a: Apeas|Heatran, M|22/100
|-damage|p1a: Apeas|10/100|[from] Stealth Rock
|turn|31
|
|t:|1666804469
|switch|p2a: God|Quagsire, F|100/100
|-damage|p2a: God|94/100|[from] Stealth Rock
|move|p1a: Apeas|Magma Storm|p2a: God
|-resisted|p2a: God
|-damage|p2a: God|81/100
|-activate|p2a: God|move: Magma Storm|[of] p1a: Apeas
|
|-heal|p2a: God|87/100|[from] item: Leftovers
|-damage|p2a: God|74/100|[from] move: Magma Storm|[partiallytrapped]
|upkeep
|turn|32
|
|t:|1666804479
|move|p1a: Apeas|Toxic|p2a: God
|-status|p2a: God|tox
|move|p2a: God|Earthquake|p1a: Apeas
|-supereffective|p1a: Apeas
|-damage|p1a: Apeas|0 fnt
|faint|p1a: Apeas
|
|-heal|p2a: God|80/100 tox|[from] item: Leftovers
|-damage|p2a: God|74/100 tox|[from] psn
|-end|p2a: God|Magma Storm|[partiallytrapped]|[silent]
|-sideend|p2: knexhawk2|move: Light Screen
|upkeep
|
|t:|1666804489
|switch|p1a: Domas|Landorus-Therian, M|74/100
|-damage|p1a: Domas|62/100|[from] Stealth Rock
|-ability|p1a: Domas|Intimidate|boost
|-unboost|p2a: God|atk|1
|turn|33
|
|t:|1666804495
|move|p1a: Domas|Earthquake|p2a: God
|-damage|p2a: God|44/100 tox
|move|p2a: God|Toxic|p1a: Domas
|-status|p1a: Domas|tox
|
|-heal|p1a: Domas|68/100 tox|[from] item: Leftovers
|-heal|p2a: God|50/100 tox|[from] item: Leftovers
|-damage|p1a: Domas|62/100 tox|[from] psn
|-damage|p2a: God|38/100 tox|[from] psn
|upkeep
|turn|34
|
|t:|1666804504
|switch|p2a: Tornadus|Tornadus-Therian, M|97/100 tox
|move|p1a: Domas|Knock Off|p2a: Tornadus
|-damage|p2a: Tornadus|64/100 tox
|-enditem|p2a: Tornadus|Heavy-Duty Boots|[from] move: Knock Off|[of] p1a: Domas
|
|-heal|p1a: Domas|68/100 tox|[from] item: Leftovers
|-damage|p2a: Tornadus|58/100 tox|[from] psn
|-damage|p1a: Domas|56/100 tox|[from] psn
|upkeep
|turn|35
|
|t:|1666804514
|move|p2a: Tornadus|Defog|p1a: Domas
|-unboost|p1a: Domas|evasion|1
|-sideend|p1: bizarman|Stealth Rock|[from] move: Defog|[of] p2a: Tornadus
|-sideend|p2: knexhawk2|Stealth Rock|[from] move: Defog|[of] p2a: Tornadus
|move|p1a: Domas|Knock Off|p2a: Tornadus
|-damage|p2a: Tornadus|38/100 tox
|
|-heal|p1a: Domas|62/100 tox|[from] item: Leftovers
|-damage|p2a: Tornadus|26/100 tox|[from] psn
|-damage|p1a: Domas|44/100 tox|[from] psn
|upkeep
|turn|36
|
|t:|1666804523
|move|p2a: Tornadus|U-turn|p1a: Domas
|-resisted|p1a: Domas
|-damage|p1a: Domas|37/100 tox
|
|t:|1666804526
|switch|p2a: Corviknight|Corviknight, F|76/100|[from]move: U-turn
|-ability|p2a: Corviknight|Pressure
|move|p1a: Domas|U-turn|p2a: Corviknight
|-resisted|p2a: Corviknight
|-damage|p2a: Corviknight|72/100
|
|t:|1666804537
|switch|p1a: Hiling|Slowbro, F|92/100|[from]move: U-turn
|
|upkeep
|turn|37
|
|t:|1666804545
|switch|p2a: Toxapex|Toxapex, F|82/100
|move|p1a: Hiling|Future Sight|p2a: Toxapex
|-start|p1a: Hiling|move: Future Sight
|
|upkeep
|turn|38
|
|t:|1666804550
|move|p2a: Toxapex|Light Screen|p2a: Toxapex
|-sidestart|p2: knexhawk2|move: Light Screen
|move|p1a: Hiling|Teleport|p1a: Hiling
|
|t:|1666804559
|switch|p1a: Boji|Nidoking, M|40/100|[from]move: Teleport
|
|upkeep
|turn|39
|
|t:|1666804562
|switch|p2a: Corviknight|Corviknight, F|72/100
|-ability|p2a: Corviknight|Pressure
|move|p1a: Boji|Earth Power|p2a: Corviknight
|-immune|p2a: Corviknight
|
|-end|p2a: Corviknight|move: Future Sight
|-resisted|p2a: Corviknight
|-damage|p2a: Corviknight|62/100
|upkeep
|turn|40
|
|t:|1666804574
|switch|p1a: Hiling|Slowbro, F|100/100
|move|p2a: Corviknight|Brave Bird|p1a: Hiling
|-damage|p1a: Hiling|77/100
|-damage|p2a: Corviknight|46/100|[from] item: Rocky Helmet|[of] p1a: Hiling
|-damage|p2a: Corviknight|38/100|[from] Recoil
|
|upkeep
|turn|41
|
|t:|1666804582
|move|p2a: Corviknight|Roost|p2a: Corviknight
|-heal|p2a: Corviknight|88/100
|-singleturn|p2a: Corviknight|move: Roost
|move|p1a: Hiling|Future Sight|p2a: Corviknight
|-start|p1a: Hiling|move: Future Sight
|
|upkeep
|turn|42
|j| BabyPigsAreLaughin
|
|t:|1666804589
|switch|p2a: Toxapex|Toxapex, F|100/100
|move|p1a: Hiling|Teleport|p1a: Hiling
|
|t:|1666804593
|switch|p1a: Boji|Nidoking, M|40/100|[from]move: Teleport
|
|-sideend|p2: knexhawk2|move: Light Screen
|upkeep
|turn|43
|
|t:|1666804609
|switch|p2a: God|Quagsire, F|38/100 tox
|move|p1a: Boji|Earth Power|p2a: God
|-damage|p2a: God|0 fnt
|faint|p2a: God
|
|-hint|Future Sight did not hit because the target is fainted.
|upkeep
|
|t:|1666804611
|switch|p2a: Hippowdon|Hippowdon, M|88/100 tox
|-weather|Sandstorm|[from] ability: Sand Stream|[of] p2a: Hippowdon
|turn|44
|
|t:|1666804628
|switch|p1a: Hiling|Slowbro, F|100/100
|move|p2a: Hippowdon|Stealth Rock|p1a: Hiling
|-sidestart|p1: bizarman|move: Stealth Rock
|
|-weather|Sandstorm|[upkeep]
|-damage|p1a: Hiling|94/100|[from] Sandstorm
|-heal|p2a: Hippowdon|94/100 tox|[from] item: Leftovers
|-damage|p2a: Hippowdon|88/100 tox|[from] psn
|upkeep
|turn|45
|
|t:|1666804636
|switch|p2a: Toxapex|Toxapex, F|100/100
|move|p1a: Hiling|Future Sight|p2a: Toxapex
|-start|p1a: Hiling|move: Future Sight
|
|-weather|Sandstorm|[upkeep]
|-damage|p2a: Toxapex|94/100|[from] Sandstorm
|-damage|p1a: Hiling|88/100|[from] Sandstorm
|upkeep
|turn|46
|
|t:|1666804642
|move|p2a: Toxapex|Light Screen|p2a: Toxapex
|-sidestart|p2: knexhawk2|move: Light Screen
|move|p1a: Hiling|Teleport|p1a: Hiling
|
|t:|1666804646
|switch|p1a: Domas|Landorus-Therian, M|37/100 tox|[from]move: Teleport
|-damage|p1a: Domas|25/100 tox|[from] Stealth Rock
|-ability|p1a: Domas|Intimidate|boost
|-unboost|p2a: Toxapex|atk|1
|
|-weather|Sandstorm|[upkeep]
|-damage|p2a: Toxapex|88/100|[from] Sandstorm
|-heal|p1a: Domas|31/100 tox|[from] item: Leftovers
|-damage|p1a: Domas|25/100 tox|[from] psn
|upkeep
|turn|47
|
|t:|1666804656
|switch|p2a: Corviknight|Corviknight, F|88/100
|-ability|p2a: Corviknight|Pressure
|move|p1a: Domas|Defog|p2a: Corviknight
|-unboost|p2a: Corviknight|evasion|1
|-sideend|p2: knexhawk2|move: Light Screen
|-sideend|p1: bizarman|Stealth Rock|[from] move: Defog|[of] p1a: Domas
|
|-weather|Sandstorm|[upkeep]
|-end|p2a: Corviknight|move: Future Sight
|-resisted|p2a: Corviknight
|-damage|p2a: Corviknight|70/100
|-heal|p1a: Domas|31/100 tox|[from] item: Leftovers
|-damage|p1a: Domas|19/100 tox|[from] psn
|upkeep
|turn|48
|
|t:|1666804669
|switch|p2a: Toxapex|Toxapex, F|100/100
|move|p1a: Domas|U-turn|p2a: Toxapex
|-resisted|p2a: Toxapex
|-damage|p2a: Toxapex|93/100
|-damage|p1a: Domas|2/100 tox|[from] item: Rocky Helmet|[of] p2a: Toxapex
|
|t:|1666804675
|switch|p1a: Boji|Nidoking, M|40/100|[from]move: U-turn
|
|-weather|none
|upkeep
|turn|49
|
|t:|1666804679
|switch|p2a: Corviknight|Corviknight, F|70/100
|-ability|p2a: Corviknight|Pressure
|move|p1a: Boji|Ice Beam|p2a: Corviknight
|-damage|p2a: Corviknight|34/100
|
|upkeep
|turn|50
|
|t:|1666804686
|switch|p2a: Toxapex|Toxapex, F|100/100
|move|p1a: Boji|Ice Beam|p2a: Toxapex
|-resisted|p2a: Toxapex
|-damage|p2a: Toxapex|85/100
|
|upkeep
|turn|51
|
|t:|1666804691
|switch|p2a: Tornadus|Tornadus-Therian, M|59/100 tox
|move|p1a: Boji|Ice Beam|p2a: Tornadus
|-supereffective|p2a: Tornadus
|-damage|p2a: Tornadus|0 fnt
|faint|p2a: Tornadus
|
|upkeep
|
|t:|1666804694
|switch|p2a: Hippowdon|Hippowdon, M|88/100 tox
|-weather|Sandstorm|[from] ability: Sand Stream|[of] p2a: Hippowdon
|turn|52
|
|t:|1666804703
|switch|p1a: Hiling|Slowbro, F|100/100
|move|p2a: Hippowdon|Earthquake|p1a: Hiling
|-damage|p1a: Hiling|79/100
|
|-weather|Sandstorm|[upkeep]
|-damage|p1a: Hiling|73/100|[from] Sandstorm
|-heal|p2a: Hippowdon|94/100 tox|[from] item: Leftovers
|-damage|p2a: Hippowdon|88/100 tox|[from] psn
|upkeep
|turn|53
|
|t:|1666804713
|switch|p2a: Corviknight|Corviknight, F|34/100
|-ability|p2a: Corviknight|Pressure
|move|p1a: Hiling|Teleport|p1a: Hiling
|
|t:|1666804717
|switch|p1a: Boji|Nidoking, M|40/100|[from]move: Teleport
|
|-weather|Sandstorm|[upkeep]
|upkeep
|turn|54
|
|t:|1666804721
|switch|p2a: Toxapex|Toxapex, F|100/100
|move|p1a: Boji|Ice Beam|p2a: Toxapex
|-resisted|p2a: Toxapex
|-crit|p2a: Toxapex
|-damage|p2a: Toxapex|79/100
|
|-weather|Sandstorm|[upkeep]
|-damage|p2a: Toxapex|73/100|[from] Sandstorm
|upkeep
|turn|55
|
|t:|1666804731
|switch|p2a: Corviknight|Corviknight, F|34/100
|-ability|p2a: Corviknight|Pressure
|move|p1a: Boji|Earth Power|p2a: Corviknight
|-immune|p2a: Corviknight
|
|-weather|Sandstorm|[upkeep]
|upkeep
|turn|56
|
|t:|1666804745
|move|p1a: Boji|Ice Beam|p2a: Corviknight
|-damage|p2a: Corviknight|0 fnt
|faint|p2a: Corviknight
|
|-weather|none
|upkeep
|
|t:|1666804746
|switch|p2a: Hippowdon|Hippowdon, M|88/100 tox
|-weather|Sandstorm|[from] ability: Sand Stream|[of] p2a: Hippowdon
|turn|57
|-message|knexhawk2 forfeited.
|
|win|bizarman
|raw|bizarman's rating: 1755 &rarr; <strong>1779</strong><br />(+24 for winning)
|raw|knexhawk2's rating: 1832 &rarr; <strong>1808</strong><br />(-24 for losing)
|l|☆knexhawk2
|c|☆bizarman|gg
