|j|☆A30n1c
|j|☆GGeorgie◕‿◕
|t:|1661811477
|gametype|singles
|player|p1|A30n1c|265|1751
|player|p2|GGeorgie◕‿◕|hiker-gen2|1713
|teamsize|p1|6
|teamsize|p2|6
|gen|8
|tier|[Gen 8] OU
|rated|
|rule|Sleep Clause Mod: Limit one foe put to sleep
|rule|Species Clause: Limit one of each Pokémon
|rule|OHKO Clause: OHKO moves are banned
|rule|Evasion Items Clause: Evasion items are banned
|rule|Evasion Moves Clause: Evasion moves are banned
|rule|Endless Battle Clause: Forcing endless battles is banned
|rule|HP Percentage Mod: HP is shown in percentages
|rule|Dynamax Clause: You cannot dynamax
|clearpoke
|poke|p1|Melmetal|
|poke|p1|Pelipper, M|
|poke|p1|Volcanion|
|poke|p1|Barraskewda, M|
|poke|p1|Zapdos|
|poke|p1|Seismitoad, M|
|poke|p2|Suicune|
|poke|p2|Tyranitar, F|
|poke|p2|Excadrill, M|
|poke|p2|Zapdos|
|poke|p2|Rillaboom, F|
|poke|p2|Ferrothorn, F|
|teampreview
|inactive|Battle timer is ON: inactive players will automatically lose when time's up. (requested by A30n1c)
|
|t:|1661811495
|start
|switch|p1a: Melmetal|Melmetal, shiny|100/100
|switch|p2a: Schrader|Tyranitar, F|100/100
|-weather|Sandstorm|[from] ability: Sand Stream|[of] p2a: Schrader
|turn|1
|
|t:|1661811507
|switch|p2a: Ferrothorn|Ferrothorn, F|100/100
|switch|p1a: Volcanion|Volcanion|100/100
|
|-weather|Sandstorm|[upkeep]
|-damage|p1a: Volcanion|95/100|[from] Sandstorm
|upkeep
|turn|2
|j| Olaho
|
|t:|1661811512
|switch|p1a: Pelipper|Pelipper, M, shiny|100/100
|-weather|RainDance|[from] ability: Drizzle|[of] p1a: Pelipper
|switch|p2a: Suicune|Suicune|100/100
|-ability|p2a: Suicune|Pressure
|
|-weather|RainDance|[upkeep]
|upkeep
|turn|3
|
|t:|1661811518
|move|p2a: Suicune|Calm Mind|p2a: Suicune
|-boost|p2a: Suicune|spa|1
|-boost|p2a: Suicune|spd|1
|move|p1a: Pelipper|U-turn|p2a: Suicune
|-damage|p2a: Suicune|95/100
|-damage|p1a: Pelipper|84/100|[from] item: Rocky Helmet|[of] p2a: Suicune
|
|t:|1661811525
|switch|p1a: heat wave|Zapdos, shiny|100/100|[from]move: U-turn
|
|-weather|RainDance|[upkeep]
|upkeep
|turn|4
|
|t:|1661811527
|move|p1a: heat wave|Thunder|p2a: Suicune
|-supereffective|p2a: Suicune
|-damage|p2a: Suicune|38/100
|move|p2a: Suicune|Scald|p1a: heat wave
|-damage|p1a: heat wave|43/100
|
|-weather|RainDance|[upkeep]
|upkeep
|turn|5
|
|t:|1661811536
|switch|p2a: Schrader|Tyranitar, F|100/100
|-weather|Sandstorm|[from] ability: Sand Stream|[of] p2a: Schrader
|move|p1a: heat wave|Thunder|p2a: Schrader
|-damage|p2a: Schrader|66/100
|-status|p2a: Schrader|par
|
|-weather|Sandstorm|[upkeep]
|-damage|p1a: heat wave|37/100|[from] Sandstorm
|upkeep
|turn|6
|
|t:|1661811541
|move|p1a: heat wave|Roost|p1a: heat wave
|-heal|p1a: heat wave|87/100
|-singleturn|p1a: heat wave|move: Roost
|move|p2a: Schrader|High Horsepower|p1a: heat wave
|-supereffective|p1a: heat wave
|-crit|p1a: heat wave
|-damage|p1a: heat wave|0 fnt
|faint|p1a: heat wave
|
|-weather|Sandstorm|[upkeep]
|upkeep
|
|t:|1661811547
|switch|p1a: Volcanion|Volcanion|95/100
|turn|7
|
|t:|1661811550
|switch|p2a: Ferrothorn|Ferrothorn, F|100/100
|move|p1a: Volcanion|Steam Eruption|p2a: Ferrothorn|[miss]
|-miss|p1a: Volcanion|p2a: Ferrothorn
|
|-weather|Sandstorm|[upkeep]
|-damage|p1a: Volcanion|89/100|[from] Sandstorm
|upkeep
|turn|8
|-message|A30n1c forfeited.
|
|win|GGeorgie◕‿◕
|raw|A30n1c's rating: 1751 &rarr; <strong>1729</strong><br />(-22 for losing)
|raw|GGeorgie◕‿◕'s rating: 1713 &rarr; <strong>1735</strong><br />(+22 for winning)
