|html|<div class="broadcast-blue"><strong>[Gen 8] OU is currently suspecting Melmetal! For information on how to participate check out the <a href="https://www.smogon.com/forums/threads/np-ss-ou-suspect-process-round-12-monster-mash.3709234/">suspect thread</a>.</strong></div>
|j|☆ThePale
|j|☆toon arctozolt
|t:|1666762907
|gametype|singles
|player|p1|ThePale|wallace|1670
|player|p2|toon arctozolt|harlequin|1806
|teamsize|p1|6
|teamsize|p2|6
|gen|8
|tier|[Gen 8] OU
|rated|
|rule|Sleep Clause Mod: Limit one foe put to sleep
|rule|Species Clause: Limit one of each Pokémon
|rule|OHKO Clause: OHKO moves are banned
|rule|Evasion Items Clause: Evasion items are banned
|rule|Evasion Moves Clause: Evasion moves are banned
|rule|Endless Battle Clause: Forcing endless battles is banned
|rule|HP Percentage Mod: HP is shown in percentages
|rule|Dynamax Clause: You cannot dynamax
|clearpoke
|poke|p1|Crawdaunt, M|
|poke|p1|Slowbro, M|
|poke|p1|Gengar, F|
|poke|p1|Landorus-Therian, M|
|poke|p1|Zeraora|
|poke|p1|Corviknight, M|
|poke|p2|Pelipper, M|
|poke|p2|Corviknight, M|
|poke|p2|Inteleon, M|
|poke|p2|Ferrothorn, F|
|poke|p2|Barraskewda, M|
|poke|p2|Seismitoad, M|
|teampreview
|inactive|Battle timer is ON: inactive players will automatically lose when time's up. (requested by toon arctozolt)
|inactive|ThePale also wants the timer to be on.
|
|t:|1666762915
|start
|switch|p1a: Zeraora|Zeraora|100/100
|switch|p2a: Pelipper|Pelipper, M|100/100
|-weather|RainDance|[from] ability: Drizzle|[of] p2a: Pelipper
|turn|1
|j| Jongruenwald
|
|t:|1666762927
|switch|p2a: Corviknight|Corviknight, M|100/100
|-ability|p2a: Corviknight|Pressure
|move|p1a: Zeraora|Knock Off|p2a: Corviknight
|-damage|p2a: Corviknight|72/100
|-damage|p1a: Zeraora|84/100|[from] item: Rocky Helmet|[of] p2a: Corviknight
|-enditem|p2a: Corviknight|Rocky Helmet|[from] move: Knock Off|[of] p1a: Zeraora
|
|-weather|RainDance|[upkeep]
|upkeep
|turn|2
|
|t:|1666762939
|switch|p1a: Corviknight|Corviknight, M|100/100
|move|p2a: Corviknight|U-turn|p1a: Corviknight
|-resisted|p1a: Corviknight
|-damage|p1a: Corviknight|97/100
|-damage|p2a: Corviknight|56/100|[from] item: Rocky Helmet|[of] p1a: Corviknight
|
|t:|1666762942
|switch|p2a: Inteleon|Inteleon, M|100/100|[from]move: U-turn
|
|-weather|RainDance|[upkeep]
|upkeep
|turn|3
|
|t:|1666762947
|move|p2a: Inteleon|Snipe Shot|p1a: Corviknight
|-damage|p1a: Corviknight|55/100
|move|p1a: Corviknight|Brave Bird|p2a: Inteleon
|-damage|p2a: Inteleon|35/100
|-damage|p1a: Corviknight|40/100|[from] Recoil
|
|-weather|RainDance|[upkeep]
|upkeep
|turn|4
|
|t:|1666762953
|switch|p1a: Slowbro|Slowbro, M|100/100
|move|p2a: Inteleon|Snipe Shot|p1a: Slowbro
|-resisted|p1a: Slowbro
|-damage|p1a: Slowbro|68/100
|
|-weather|RainDance|[upkeep]
|upkeep
|turn|5
|
|t:|1666762955
|move|p2a: Inteleon|Snipe Shot|p1a: Slowbro
|-resisted|p1a: Slowbro
|-crit|p1a: Slowbro
|-damage|p1a: Slowbro|0 fnt
|faint|p1a: Slowbro
|
|-weather|RainDance|[upkeep]
|upkeep
|
|t:|1666762960
|switch|p1a: Crawdaunt|Crawdaunt, M|100/100
|turn|6
|
|t:|1666762964
|move|p2a: Inteleon|Snipe Shot|p1a: Crawdaunt
|-resisted|p1a: Crawdaunt
|-crit|p1a: Crawdaunt
|-damage|p1a: Crawdaunt|0 fnt
|faint|p1a: Crawdaunt
|
|-weather|RainDance|[upkeep]
|upkeep
|
|t:|1666762968
|switch|p1a: Zeraora|Zeraora|84/100
|turn|7
|
|t:|1666762973
|switch|p2a: Corviknight|Corviknight, M|56/100
|-ability|p2a: Corviknight|Pressure
|move|p1a: Zeraora|Close Combat|p2a: Corviknight
|-damage|p2a: Corviknight|19/100
|-unboost|p1a: Zeraora|def|1
|-unboost|p1a: Zeraora|spd|1
|
|-weather|RainDance|[upkeep]
|upkeep
|turn|8
|
|t:|1666762981
|move|p1a: Zeraora|Close Combat|p2a: Corviknight
|-damage|p2a: Corviknight|0 fnt
|-unboost|p1a: Zeraora|def|1
|-unboost|p1a: Zeraora|spd|1
|faint|p2a: Corviknight
|
|-weather|none
|upkeep
|
|t:|1666762983
|switch|p2a: Pelipper|Pelipper, M|100/100
|-weather|RainDance|[from] ability: Drizzle|[of] p2a: Pelipper
|turn|9
|
|t:|1666762986
|switch|p1a: Landorus|Landorus-Therian, M|100/100
|-ability|p1a: Landorus|Intimidate|boost
|-unboost|p2a: Pelipper|atk|1
|move|p2a: Pelipper|Scald|p1a: Landorus
|-supereffective|p1a: Landorus
|-damage|p1a: Landorus|0 fnt
|faint|p1a: Landorus
|
|-weather|RainDance|[upkeep]
|upkeep
|
|t:|1666762989
|switch|p1a: Zeraora|Zeraora|84/100
|turn|10
|
|t:|1666762993
|move|p1a: Zeraora|Close Combat|p2a: Pelipper
|-resisted|p2a: Pelipper
|-damage|p2a: Pelipper|79/100
|-unboost|p1a: Zeraora|def|1
|-unboost|p1a: Zeraora|spd|1
|move|p2a: Pelipper|U-turn|p1a: Zeraora
|-damage|p1a: Zeraora|72/100
|-message|ThePale forfeited.
|
|win|toon arctozolt
|raw|ThePale's rating: 1670 &rarr; <strong>1657</strong><br />(-13 for losing)
|raw|toon arctozolt's rating: 1806 &rarr; <strong>1819</strong><br />(+13 for winning)
|l|☆ThePale
