|j|☆rthtfhngy
|j|‽minimax_ai
|t:|1662624396
|gametype|singles
|player|p1|rthtfhngy|rosa|1593
|player|p2|minimax_ai|101|1503
|teamsize|p1|6
|teamsize|p2|6
|gen|8
|tier|[Gen 8] OU
|rated|
|rule|Sleep Clause Mod: Limit one foe put to sleep
|rule|Species Clause: Limit one of each Pokémon
|rule|OHKO Clause: OHKO moves are banned
|rule|Evasion Items Clause: Evasion items are banned
|rule|Evasion Moves Clause: Evasion moves are banned
|rule|Endless Battle Clause: Forcing endless battles is banned
|rule|HP Percentage Mod: HP is shown in percentages
|rule|Dynamax Clause: You cannot dynamax
|clearpoke
|poke|p1|Latias, F|
|poke|p1|Hawlucha, F|
|poke|p1|Tapu Fini|
|poke|p1|Bisharp, M|
|poke|p1|Kartana|
|poke|p1|Volcarona, F|
|poke|p2|Rotom-Wash|
|poke|p2|Weavile, F|
|poke|p2|Landorus-Therian, M|
|poke|p2|Heatran, M|
|poke|p2|Tangrowth, M|
|poke|p2|Melmetal|
|teampreview
|inactive|Battle timer is ON: inactive players will automatically lose when time's up. (requested by minimax_ai)
|
|t:|1662624404
|start
|switch|p1a: Tapu Fini|Tapu Fini|100/100
|switch|p2a: Weavile|Weavile, F|100/100
|-ability|p2a: Weavile|Pressure
|-fieldstart|move: Misty Terrain|[from] ability: Misty Surge|[of] p1a: Tapu Fini
|turn|1
|
|t:|1662624412
|switch|p2a: Melmetal|Melmetal|100/100
|move|p1a: Tapu Fini|Reflect|p1a: Tapu Fini
|-sidestart|p1: rthtfhngy|Reflect
|
|upkeep
|turn|2
|
|t:|1662624417
|move|p1a: Tapu Fini|Nature's Madness|p2a: Melmetal
|-damage|p2a: Melmetal|51/100
|move|p2a: Melmetal|Double Iron Bash|p1a: Tapu Fini
|-damage|p1a: Tapu Fini|87/100
|-damage|p1a: Tapu Fini|72/100
|-hitcount|p1a: Tapu Fini|2
|
|upkeep
|turn|3
|
|t:|1662624426
|move|p1a: Tapu Fini|Light Screen|p1a: Tapu Fini
|-sidestart|p1: rthtfhngy|move: Light Screen
|move|p2a: Melmetal|Double Iron Bash|p1a: Tapu Fini
|-damage|p1a: Tapu Fini|57/100
|-damage|p1a: Tapu Fini|41/100
|-hitcount|p1a: Tapu Fini|2
|
|upkeep
|turn|4
|
|t:|1662624433
|switch|p1a: Kartana|Kartana|100/100
|move|p2a: Melmetal|Double Iron Bash|p1a: Kartana
|-resisted|p1a: Kartana
|-damage|p1a: Kartana|92/100
|-resisted|p1a: Kartana
|-damage|p1a: Kartana|84/100
|-hitcount|p1a: Kartana|2
|
|upkeep
|turn|5
|
|t:|1662624440
|switch|p2a: Tangrowth|Tangrowth, M|100/100
|move|p1a: Kartana|Swords Dance|p1a: Kartana
|-boost|p1a: Kartana|atk|2
|
|-fieldend|Misty Terrain
|upkeep
|turn|6
|
|t:|1662624446
|move|p1a: Kartana|Knock Off|p2a: Tangrowth
|-crit|p2a: Tangrowth
|-damage|p2a: Tangrowth|51/100
|-damage|p1a: Kartana|68/100|[from] item: Rocky Helmet|[of] p2a: Tangrowth
|-enditem|p2a: Tangrowth|Rocky Helmet|[from] move: Knock Off|[of] p1a: Kartana
|move|p2a: Tangrowth|Focus Blast|p1a: Kartana
|-supereffective|p1a: Kartana
|-damage|p1a: Kartana|0 fnt
|faint|p1a: Kartana
|
|upkeep
|
|t:|1662624456
|switch|p1a: Volcarona|Volcarona, F|100/100
|turn|7
|j| 5555faiz
|
|t:|1662624461
|switch|p2a: Landorus|Landorus-Therian, M|100/100
|-ability|p2a: Landorus|Intimidate|boost
|-unboost|p1a: Volcarona|atk|1
|move|p1a: Volcarona|Quiver Dance|p1a: Volcarona
|-boost|p1a: Volcarona|spa|1
|-boost|p1a: Volcarona|spd|1
|-boost|p1a: Volcarona|spe|1
|
|upkeep
|turn|8
|
|t:|1662624469
|switch|p2a: Heatran|Heatran, M|100/100
|-item|p2a: Heatran|Air Balloon
|move|p1a: Volcarona|Fiery Dance|p2a: Heatran
|-start|p2a: Heatran|ability: Flash Fire
|
|-sideend|p1: rthtfhngy|Reflect
|upkeep
|turn|9
|
|t:|1662624477
|move|p1a: Volcarona|Psychic|p2a: Heatran
|-resisted|p2a: Heatran
|-damage|p2a: Heatran|74/100
|-enditem|p2a: Heatran|Air Balloon
|move|p2a: Heatran|Magma Storm|p1a: Volcarona
|-damage|p1a: Volcarona|74/100
|-activate|p1a: Volcarona|move: Magma Storm|[of] p2a: Heatran
|
|-damage|p1a: Volcarona|62/100|[from] move: Magma Storm|[partiallytrapped]
|upkeep
|turn|10
|
|t:|1662624485
|move|p1a: Volcarona|Psychic|p2a: Heatran
|-resisted|p2a: Heatran
|-damage|p2a: Heatran|48/100
|-unboost|p2a: Heatran|spd|1
|move|p2a: Heatran|Magma Storm|p1a: Volcarona
|-damage|p1a: Volcarona|40/100
|
|-damage|p1a: Volcarona|28/100|[from] move: Magma Storm|[partiallytrapped]
|-sideend|p1: rthtfhngy|move: Light Screen
|upkeep
|turn|11
|
|t:|1662624495
|move|p1a: Volcarona|Psychic|p2a: Heatran
|-resisted|p2a: Heatran
|-damage|p2a: Heatran|10/100
|move|p2a: Heatran|Magma Storm|p1a: Volcarona
|-damage|p1a: Volcarona|0 fnt
|faint|p1a: Volcarona
|
|upkeep
|
|t:|1662624506
|switch|p1a: Latias|Latias, F|100/100
|turn|12
|
|t:|1662624508
|-end|p2a: Heatran|ability: Flash Fire|[silent]
|switch|p2a: Landorus|Landorus-Therian, M|100/100
|-ability|p2a: Landorus|Intimidate|boost
|-unboost|p1a: Latias|atk|1
|move|p1a: Latias|Aura Sphere|p2a: Landorus
|-resisted|p2a: Landorus
|-damage|p2a: Landorus|93/100
|
|-heal|p2a: Landorus|99/100|[from] item: Leftovers
|upkeep
|turn|13
|j| usserrnnamme
|
|t:|1662624517
|switch|p1a: Tapu Fini|Tapu Fini|41/100
|-fieldstart|move: Misty Terrain|[from] ability: Misty Surge|[of] p1a: Tapu Fini
|move|p2a: Landorus|U-turn|p1a: Tapu Fini
|-resisted|p1a: Tapu Fini
|-damage|p1a: Tapu Fini|34/100
|
|t:|1662624517
|switch|p2a: Melmetal|Melmetal|51/100|[from]move: U-turn
|
|upkeep
|turn|14
|
|t:|1662624526
|move|p1a: Tapu Fini|Reflect|p1a: Tapu Fini
|-sidestart|p1: rthtfhngy|Reflect
|move|p2a: Melmetal|Double Iron Bash|p1a: Tapu Fini
|-damage|p1a: Tapu Fini|18/100
|-damage|p1a: Tapu Fini|2/100
|-hitcount|p1a: Tapu Fini|2
|
|upkeep
|turn|15
|
|t:|1662624532
|move|p1a: Tapu Fini|Light Screen|p1a: Tapu Fini
|-sidestart|p1: rthtfhngy|move: Light Screen
|move|p2a: Melmetal|Double Iron Bash|p1a: Tapu Fini
|-damage|p1a: Tapu Fini|0 fnt
|faint|p1a: Tapu Fini
|-hitcount|p1: Tapu Fini|1
|
|upkeep
|
|t:|1662624536
|switch|p1a: Hawlucha|Hawlucha, F|100/100
|-enditem|p1a: Hawlucha|Misty Seed
|-boost|p1a: Hawlucha|spd|1|[from] item: Misty Seed
|turn|16
|
|t:|1662624542
|switch|p2a: Landorus|Landorus-Therian, M|99/100
|-ability|p2a: Landorus|Intimidate|boost
|-unboost|p1a: Hawlucha|atk|1
|move|p1a: Hawlucha|Close Combat|p2a: Landorus
|-resisted|p2a: Landorus
|-damage|p2a: Landorus|81/100
|-unboost|p1a: Hawlucha|def|1
|-unboost|p1a: Hawlucha|spd|1
|
|-heal|p2a: Landorus|87/100|[from] item: Leftovers
|upkeep
|turn|17
|
|t:|1662624552
|move|p1a: Hawlucha|Substitute|p1a: Hawlucha
|-start|p1a: Hawlucha|Substitute
|-damage|p1a: Hawlucha|76/100
|move|p2a: Landorus|Toxic||[still]
|-fail|p2a: Landorus
|
|-heal|p2a: Landorus|93/100|[from] item: Leftovers
|-fieldend|Misty Terrain
|upkeep
|turn|18
|
|t:|1662624559
|move|p1a: Hawlucha|Swords Dance|p1a: Hawlucha
|-boost|p1a: Hawlucha|atk|2
|move|p2a: Landorus|Defog||[still]
|-sideend|p1: rthtfhngy|Reflect
|-sideend|p1: rthtfhngy|move: Light Screen
|-fail|p2a: Landorus
|
|-heal|p2a: Landorus|99/100|[from] item: Leftovers
|upkeep
|turn|19
|
|t:|1662624566
|switch|p2a: Tangrowth|Tangrowth, M|84/100
|move|p1a: Hawlucha|Swords Dance|p1a: Hawlucha
|-boost|p1a: Hawlucha|atk|2
|
|upkeep
|turn|20
|
|t:|1662624572
|switch|p2a: Heatran|Heatran, M|10/100
|move|p1a: Hawlucha|Acrobatics|p2a: Heatran
|-resisted|p2a: Heatran
|-damage|p2a: Heatran|0 fnt
|faint|p2a: Heatran
|
|upkeep
|
|t:|1662624572
|switch|p2a: Landorus|Landorus-Therian, M|99/100
|-ability|p2a: Landorus|Intimidate|boost
|-immune|p1a: Hawlucha
|turn|21
|
|t:|1662624584
|switch|p2a: Melmetal|Melmetal|51/100
|move|p1a: Hawlucha|Swords Dance|p1a: Hawlucha
|-boost|p1a: Hawlucha|atk|2
|
|upkeep
|turn|22
|
|t:|1662624590
|move|p1a: Hawlucha|Close Combat|p2a: Melmetal
|-supereffective|p2a: Melmetal
|-damage|p2a: Melmetal|0 fnt
|-unboost|p1a: Hawlucha|def|1
|-unboost|p1a: Hawlucha|spd|1
|faint|p2a: Melmetal
|
|upkeep
|
|t:|1662624590
|switch|p2a: Weavile|Weavile, F|100/100
|-ability|p2a: Weavile|Pressure
|turn|23
|
|t:|1662624599
|move|p2a: Weavile|Ice Shard|p1a: Hawlucha
|-supereffective|p1a: Hawlucha
|-end|p1a: Hawlucha|Substitute
|move|p1a: Hawlucha|Close Combat|p2a: Weavile
|-supereffective|p2a: Weavile
|-damage|p2a: Weavile|0 fnt
|-unboost|p1a: Hawlucha|def|1
|-unboost|p1a: Hawlucha|spd|1
|faint|p2a: Weavile
|
|upkeep
|
|t:|1662624599
|switch|p2a: Landorus|Landorus-Therian, M|99/100
|-ability|p2a: Landorus|Intimidate|boost
|-unboost|p1a: Hawlucha|atk|1
|turn|24
|
|t:|1662624610
|move|p1a: Hawlucha|Acrobatics|p2a: Landorus
|-damage|p2a: Landorus|0 fnt
|faint|p2a: Landorus
|
|upkeep
|
|t:|1662624610
|switch|p2a: Rotom|Rotom-Wash|100/100
|turn|25
|
|t:|1662624615
|move|p1a: Hawlucha|Close Combat|p2a: Rotom
|-damage|p2a: Rotom|0 fnt
|-unboost|p1a: Hawlucha|def|1
|-unboost|p1a: Hawlucha|spd|1
|faint|p2a: Rotom
|
|upkeep
|
|t:|1662624616
|switch|p2a: Tangrowth|Tangrowth, M|100/100
|turn|26
|
|t:|1662624622
|move|p1a: Hawlucha|Acrobatics|p2a: Tangrowth
|-supereffective|p2a: Tangrowth
|-damage|p2a: Tangrowth|0 fnt
|faint|p2a: Tangrowth
|
|win|rthtfhngy
|raw|rthtfhngy's rating: 1593 &rarr; <strong>1608</strong><br />(+15 for winning)
|raw|minimax_ai's rating: 1503 &rarr; <strong>1488</strong><br />(-15 for losing)
|l|‽minimax_ai
