|j|☆bizarman
|j|☆Stads
|t:|1663792849
|gametype|singles
|player|p1|bizarman|scientist-gen4|1780
|player|p2|Stads|2|1717
|teamsize|p1|6
|teamsize|p2|6
|gen|8
|tier|[Gen 8] OU
|rated|
|rule|Sleep Clause Mod: Limit one foe put to sleep
|rule|Species Clause: Limit one of each Pokémon
|rule|OHKO Clause: OHKO moves are banned
|rule|Evasion Items Clause: Evasion items are banned
|rule|Evasion Moves Clause: Evasion moves are banned
|rule|Endless Battle Clause: Forcing endless battles is banned
|rule|HP Percentage Mod: HP is shown in percentages
|rule|Dynamax Clause: You cannot dynamax
|clearpoke
|poke|p1|Garchomp, F|
|poke|p1|Heatran, M|
|poke|p1|Corviknight, F|
|poke|p1|Zeraora|
|poke|p1|Tapu Lele|
|poke|p1|Rotom-Wash|
|poke|p2|Tornadus-Therian, M|
|poke|p2|Corviknight, M|
|poke|p2|Kartana|
|poke|p2|Toxapex, M|
|poke|p2|Hippowdon, F|
|poke|p2|Heatran, F|
|teampreview
|
|t:|1663792853
|start
|switch|p1a: Garchomp|Garchomp, F|100/100
|switch|p2a: Hippowdon|Hippowdon, F|100/100
|-weather|Sandstorm|[from] ability: Sand Stream|[of] p2a: Hippowdon
|turn|1
|inactive|Battle timer is ON: inactive players will automatically lose when time's up. (requested by bizarman)
|
|t:|1663792860
|move|p1a: Garchomp|Swords Dance|p1a: Garchomp
|-boost|p1a: Garchomp|atk|2
|move|p2a: Hippowdon|Toxic|p1a: Garchomp
|-status|p1a: Garchomp|tox
|
|-weather|Sandstorm|[upkeep]
|-damage|p1a: Garchomp|94/100 tox|[from] psn
|upkeep
|turn|2
|
|t:|1663792869
|switch|p2a: Corviknight|Corviknight, M|100/100
|-ability|p2a: Corviknight|Pressure
|move|p1a: Garchomp|Aqua Tail|p2a: Corviknight
|-damage|p2a: Corviknight|59/100
|
|-weather|Sandstorm|[upkeep]
|-heal|p1a: Garchomp|100/100 tox|[from] item: Leftovers
|-heal|p2a: Corviknight|65/100|[from] item: Leftovers
|-damage|p1a: Garchomp|88/100 tox|[from] psn
|upkeep
|turn|3
|j| 5poos
|
|t:|1663792880
|switch|p1a: Heatran|Heatran, M|100/100
|move|p2a: Corviknight|Roost|p2a: Corviknight
|-heal|p2a: Corviknight|100/100
|-singleturn|p2a: Corviknight|move: Roost
|
|-weather|Sandstorm|[upkeep]
|upkeep
|turn|4
|
|t:|1663792887
|switch|p2a: Toxapex|Toxapex, M|100/100
|move|p1a: Heatran|Stealth Rock|p2a: Toxapex
|-sidestart|p2: Stads|move: Stealth Rock
|
|-weather|Sandstorm|[upkeep]
|-damage|p2a: Toxapex|94/100|[from] Sandstorm
|upkeep
|turn|5
|
|t:|1663792893
|move|p1a: Heatran|Magma Storm|p2a: Toxapex|[miss]
|-miss|p1a: Heatran|p2a: Toxapex
|move|p2a: Toxapex|Knock Off|p1a: Heatran
|-crit|p1a: Heatran
|-damage|p1a: Heatran|84/100
|-enditem|p1a: Heatran|Leftovers|[from] move: Knock Off|[of] p2a: Toxapex
|
|-weather|none
|upkeep
|turn|6
|
|t:|1663792901
|move|p1a: Heatran|Magma Storm|p2a: Toxapex
|-resisted|p2a: Toxapex
|-damage|p2a: Toxapex|76/100
|-activate|p2a: Toxapex|move: Magma Storm|[of] p1a: Heatran
|move|p2a: Toxapex|Scald|p1a: Heatran
|-supereffective|p1a: Heatran
|-damage|p1a: Heatran|62/100
|
|-damage|p2a: Toxapex|63/100|[from] move: Magma Storm|[partiallytrapped]
|upkeep
|turn|7
|
|t:|1663792909
|switch|p2a: Hippowdon|Hippowdon, F|100/100
|-damage|p2a: Hippowdon|94/100|[from] Stealth Rock
|-weather|Sandstorm|[from] ability: Sand Stream|[of] p2a: Hippowdon
|move|p1a: Heatran|Earth Power|p2a: Hippowdon
|-damage|p2a: Hippowdon|77/100
|
|-weather|Sandstorm|[upkeep]
|-heal|p2a: Hippowdon|83/100|[from] item: Leftovers
|upkeep
|turn|8
|
|t:|1663792919
|move|p1a: Heatran|Toxic|p2a: Hippowdon
|-status|p2a: Hippowdon|tox
|move|p2a: Hippowdon|Earthquake|p1a: Heatran
|-supereffective|p1a: Heatran
|-damage|p1a: Heatran|0 fnt
|faint|p1a: Heatran
|
|-weather|Sandstorm|[upkeep]
|-heal|p2a: Hippowdon|89/100 tox|[from] item: Leftovers
|-damage|p2a: Hippowdon|83/100 tox|[from] psn
|upkeep
|j| born with smaids
|
|t:|1663792928
|switch|p1a: Rotom|Rotom-Wash|100/100
|turn|9
|
|t:|1663792934
|switch|p2a: Toxapex|Toxapex, M|97/100
|-damage|p2a: Toxapex|84/100|[from] Stealth Rock
|move|p1a: Rotom|Hydro Pump|p2a: Toxapex
|-resisted|p2a: Toxapex
|-damage|p2a: Toxapex|67/100
|
|-weather|Sandstorm|[upkeep]
|-damage|p1a: Rotom|94/100|[from] Sandstorm
|-damage|p2a: Toxapex|60/100|[from] Sandstorm
|-heal|p1a: Rotom|100/100|[from] item: Leftovers
|upkeep
|turn|10
|
|t:|1663792943
|move|p1a: Rotom|Volt Switch|p2a: Toxapex
|-supereffective|p2a: Toxapex
|-damage|p2a: Toxapex|17/100
|
|t:|1663792947
|switch|p1a: Garchomp|Garchomp, F|88/100 tox|[from]move: Volt Switch
|move|p2a: Toxapex|Recover|p2a: Toxapex
|-heal|p2a: Toxapex|67/100
|
|-weather|Sandstorm|[upkeep]
|-damage|p2a: Toxapex|61/100|[from] Sandstorm
|-heal|p1a: Garchomp|94/100 tox|[from] item: Leftovers
|-damage|p1a: Garchomp|88/100 tox|[from] psn
|upkeep
|turn|11
|
|t:|1663792957
|switch|p1a: Rotom|Rotom-Wash|100/100
|move|p2a: Toxapex|Knock Off|p1a: Rotom
|-damage|p1a: Rotom|90/100
|-enditem|p1a: Rotom|Leftovers|[from] move: Knock Off|[of] p2a: Toxapex
|
|-weather|none
|upkeep
|turn|12
|
|t:|1663792964
|move|p1a: Rotom|Will-O-Wisp|p2a: Toxapex
|-status|p2a: Toxapex|brn
|move|p2a: Toxapex|Recover|p2a: Toxapex
|-heal|p2a: Toxapex|100/100 brn
|
|-damage|p2a: Toxapex|94/100 brn|[from] brn
|upkeep
|turn|13
|
|t:|1663792971
|move|p1a: Rotom|Volt Switch|p2a: Toxapex
|-supereffective|p2a: Toxapex
|-damage|p2a: Toxapex|52/100 brn
|
|t:|1663792977
|switch|p1a: Garchomp|Garchomp, F|88/100 tox|[from]move: Volt Switch
|move|p2a: Toxapex|Scald|p1a: Garchomp
|-damage|p1a: Garchomp|70/100 tox
|
|-heal|p1a: Garchomp|76/100 tox|[from] item: Leftovers
|-damage|p1a: Garchomp|70/100 tox|[from] psn
|-damage|p2a: Toxapex|46/100 brn|[from] brn
|upkeep
|turn|14
|
|t:|1663792992
|switch|p2a: Tornadus|Tornadus-Therian, M|100/100
|-damage|p2a: Tornadus|75/100|[from] Stealth Rock
|move|p1a: Garchomp|Earthquake|p2a: Tornadus
|-immune|p2a: Tornadus
|
|-heal|p1a: Garchomp|76/100 tox|[from] item: Leftovers
|-damage|p1a: Garchomp|64/100 tox|[from] psn
|upkeep
|turn|15
|
|t:|1663793002
|move|p2a: Tornadus|U-turn|p1a: Garchomp
|-damage|p1a: Garchomp|48/100 tox
|-damage|p2a: Tornadus|63/100|[from] ability: Rough Skin|[of] p1a: Garchomp
|
|t:|1663793004
|switch|p2a: Corviknight|Corviknight, M|100/100|[from]move: U-turn
|-damage|p2a: Corviknight|88/100|[from] Stealth Rock
|-ability|p2a: Corviknight|Pressure
|move|p1a: Garchomp|Scale Shot|p2a: Corviknight
|-resisted|p2a: Corviknight
|-crit|p2a: Corviknight
|-damage|p2a: Corviknight|82/100
|-resisted|p2a: Corviknight
|-damage|p2a: Corviknight|78/100
|-hitcount|p2a: Corviknight|2
|-unboost|p1a: Garchomp|def|1
|-boost|p1a: Garchomp|spe|1
|
|-heal|p1a: Garchomp|54/100 tox|[from] item: Leftovers
|-heal|p2a: Corviknight|84/100|[from] item: Leftovers
|-damage|p1a: Garchomp|36/100 tox|[from] psn
|upkeep
|turn|16
|
|t:|1663793022
|switch|p1a: Rotom|Rotom-Wash|90/100
|move|p2a: Corviknight|Defog|p1a: Rotom
|-unboost|p1a: Rotom|evasion|1
|-sideend|p2: Stads|Stealth Rock|[from] move: Defog|[of] p2a: Corviknight
|
|-heal|p2a: Corviknight|90/100|[from] item: Leftovers
|upkeep
|turn|17
|
|t:|1663793029
|switch|p2a: Heatran|Heatran, F|100/100
|move|p1a: Rotom|Volt Switch|p2a: Heatran
|-damage|p2a: Heatran|86/100
|
|t:|1663793035
|switch|p1a: Garchomp|Garchomp, F|36/100 tox|[from]move: Volt Switch
|
|-heal|p1a: Garchomp|42/100 tox|[from] item: Leftovers
|-heal|p2a: Heatran|92/100|[from] item: Leftovers
|-damage|p1a: Garchomp|36/100 tox|[from] psn
|upkeep
|turn|18
|l| born with smaids
|
|t:|1663793043
|switch|p1a: Rotom|Rotom-Wash|90/100
|move|p2a: Heatran|Protect||[still]
|-fail|p2a: Heatran
|
|-heal|p2a: Heatran|98/100|[from] item: Leftovers
|upkeep
|turn|19
|
|t:|1663793049
|move|p2a: Heatran|Protect|p2a: Heatran
|-singleturn|p2a: Heatran|Protect
|move|p1a: Rotom|Hydro Pump|p2a: Heatran
|-activate|p2a: Heatran|move: Protect
|
|-heal|p2a: Heatran|100/100|[from] item: Leftovers
|upkeep
|turn|20
|
|t:|1663793056
|move|p1a: Rotom|Hydro Pump|p2a: Heatran
|-supereffective|p2a: Heatran
|-damage|p2a: Heatran|51/100
|move|p2a: Heatran|Toxic|p1a: Rotom|[miss]
|-miss|p2a: Heatran|p1a: Rotom
|
|-heal|p2a: Heatran|57/100|[from] item: Leftovers
|upkeep
|turn|21
|
|t:|1663793064
|move|p2a: Heatran|Protect|p2a: Heatran
|-singleturn|p2a: Heatran|Protect
|move|p1a: Rotom|Volt Switch|p2a: Heatran
|-activate|p2a: Heatran|move: Protect
|
|-heal|p2a: Heatran|63/100|[from] item: Leftovers
|upkeep
|turn|22
|
|t:|1663793071
|move|p1a: Rotom|Volt Switch|p2a: Heatran
|-damage|p2a: Heatran|46/100
|
|t:|1663793077
|switch|p1a: Garchomp|Garchomp, F|36/100 tox|[from]move: Volt Switch
|move|p2a: Heatran|Toxic|p1a: Garchomp
|-fail|p1a: Garchomp|tox
|
|-heal|p1a: Garchomp|42/100 tox|[from] item: Leftovers
|-heal|p2a: Heatran|52/100|[from] item: Leftovers
|-damage|p1a: Garchomp|36/100 tox|[from] psn
|upkeep
|turn|23
|
|t:|1663793089
|switch|p1a: Zeraora|Zeraora|100/100
|move|p2a: Heatran|Protect||[still]
|-fail|p2a: Heatran
|
|-heal|p2a: Heatran|59/100|[from] item: Leftovers
|upkeep
|turn|24
|
|t:|1663793097
|switch|p2a: Hippowdon|Hippowdon, F|83/100 tox
|-weather|Sandstorm|[from] ability: Sand Stream|[of] p2a: Hippowdon
|move|p1a: Zeraora|Knock Off|p2a: Hippowdon
|-damage|p2a: Hippowdon|62/100 tox
|-enditem|p2a: Hippowdon|Leftovers|[from] move: Knock Off|[of] p1a: Zeraora
|
|-weather|Sandstorm|[upkeep]
|-damage|p1a: Zeraora|95/100|[from] Sandstorm
|-damage|p2a: Hippowdon|56/100 tox|[from] psn
|upkeep
|turn|25
|
|t:|1663793108
|switch|p1a: Tapu Lele|Tapu Lele|100/100
|-fieldstart|move: Psychic Terrain|[from] ability: Psychic Surge|[of] p1a: Tapu Lele
|move|p2a: Hippowdon|Slack Off|p2a: Hippowdon
|-heal|p2a: Hippowdon|100/100 tox
|
|-weather|Sandstorm|[upkeep]
|-damage|p1a: Tapu Lele|94/100|[from] Sandstorm
|-damage|p2a: Hippowdon|88/100 tox|[from] psn
|upkeep
|turn|26
|
|t:|1663793118
|switch|p1a: Rotom|Rotom-Wash|90/100
|switch|p2a: Corviknight|Corviknight, M|90/100
|-ability|p2a: Corviknight|Pressure
|
|-weather|Sandstorm|[upkeep]
|-damage|p1a: Rotom|84/100|[from] Sandstorm
|-heal|p2a: Corviknight|96/100|[from] item: Leftovers
|upkeep
|turn|27
|
|t:|1663793127
|switch|p2a: Toxapex|Toxapex, M|79/100 brn
|move|p1a: Rotom|Volt Switch|p2a: Toxapex
|-supereffective|p2a: Toxapex
|-damage|p2a: Toxapex|36/100 brn
|
|t:|1663793132
|switch|p1a: Zeraora|Zeraora|95/100|[from]move: Volt Switch
|
|-weather|Sandstorm|[upkeep]
|-damage|p1a: Zeraora|89/100|[from] Sandstorm
|-damage|p2a: Toxapex|29/100 brn|[from] Sandstorm
|-damage|p2a: Toxapex|23/100 brn|[from] brn
|upkeep
|turn|28
|
|t:|1663793143
|switch|p1a: Rotom|Rotom-Wash|84/100
|switch|p2a: Tornadus|Tornadus-Therian, M|96/100
|
|-weather|none
|upkeep
|turn|29
|
|t:|1663793151
|move|p2a: Tornadus|U-turn|p1a: Rotom
|-damage|p1a: Rotom|73/100
|
|t:|1663793157
|switch|p2a: Toxapex|Toxapex, M|56/100 brn|[from]move: U-turn
|move|p1a: Rotom|Volt Switch|p2a: Toxapex
|-supereffective|p2a: Toxapex
|-crit|p2a: Toxapex
|-damage|p2a: Toxapex|0 fnt
|faint|p2a: Toxapex
|
|t:|1663793171
|switch|p1a: Zeraora|Zeraora|89/100|[from]move: Volt Switch
|
|-fieldend|move: Psychic Terrain
|upkeep
|
|t:|1663793173
|switch|p2a: Hippowdon|Hippowdon, F|88/100 tox
|-weather|Sandstorm|[from] ability: Sand Stream|[of] p2a: Hippowdon
|turn|30
|
|t:|1663793186
|switch|p1a: Garchomp|Garchomp, F|36/100 tox
|move|p2a: Hippowdon|Stealth Rock|p1a: Garchomp
|-sidestart|p1: bizarman|move: Stealth Rock
|
|-weather|Sandstorm|[upkeep]
|-heal|p1a: Garchomp|42/100 tox|[from] item: Leftovers
|-damage|p1a: Garchomp|36/100 tox|[from] psn
|-damage|p2a: Hippowdon|82/100 tox|[from] psn
|upkeep
|turn|31
|
|t:|1663793193
|switch|p2a: Corviknight|Corviknight, M|96/100
|-ability|p2a: Corviknight|Pressure
|move|p1a: Garchomp|Aqua Tail|p2a: Corviknight
|-damage|p2a: Corviknight|76/100
|
|-weather|Sandstorm|[upkeep]
|-heal|p1a: Garchomp|42/100 tox|[from] item: Leftovers
|-heal|p2a: Corviknight|82/100|[from] item: Leftovers
|-damage|p1a: Garchomp|30/100 tox|[from] psn
|upkeep
|turn|32
|
|t:|1663793204
|switch|p1a: Corviknight|Corviknight, F|100/100
|-damage|p1a: Corviknight|88/100|[from] Stealth Rock
|-ability|p1a: Corviknight|Pressure
|move|p2a: Corviknight|U-turn|p1a: Corviknight
|-resisted|p1a: Corviknight
|-damage|p1a: Corviknight|86/100
|-damage|p2a: Corviknight|65/100|[from] item: Rocky Helmet|[of] p1a: Corviknight
|
|t:|1663793206
|switch|p2a: Heatran|Heatran, F|59/100|[from]move: U-turn
|
|-weather|Sandstorm|[upkeep]
|-heal|p2a: Heatran|65/100|[from] item: Leftovers
|upkeep
|turn|33
|
|t:|1663793221
|switch|p1a: Rotom|Rotom-Wash|73/100
|-damage|p1a: Rotom|61/100|[from] Stealth Rock
|move|p2a: Heatran|Magma Storm|p1a: Rotom
|-resisted|p1a: Rotom
|-damage|p1a: Rotom|37/100
|-activate|p1a: Rotom|move: Magma Storm|[of] p2a: Heatran
|
|-weather|Sandstorm|[upkeep]
|-damage|p1a: Rotom|31/100|[from] Sandstorm
|-heal|p2a: Heatran|71/100|[from] item: Leftovers
|-damage|p1a: Rotom|19/100|[from] move: Magma Storm|[partiallytrapped]
|upkeep
|turn|34
|
|t:|1663793232
|move|p1a: Rotom|Pain Split|p2a: Heatran
|-sethp|p2a: Heatran|43/100|[from] move: Pain Split|[silent]
|-sethp|p1a: Rotom|54/100|[from] move: Pain Split
|move|p2a: Heatran|Toxic|p1a: Rotom|[miss]
|-miss|p2a: Heatran|p1a: Rotom
|
|-weather|none
|-heal|p2a: Heatran|49/100|[from] item: Leftovers
|-damage|p1a: Rotom|42/100|[from] move: Magma Storm|[partiallytrapped]
|upkeep
|turn|35
|c|☆Stads|Brightpowder Rotom
|c|☆Stads|Smh
|
|t:|1663793246
|move|p2a: Heatran|Protect|p2a: Heatran
|-singleturn|p2a: Heatran|Protect
|move|p1a: Rotom|Hydro Pump|p2a: Heatran
|-activate|p2a: Heatran|move: Protect
|
|-heal|p2a: Heatran|55/100|[from] item: Leftovers
|-damage|p1a: Rotom|29/100|[from] move: Magma Storm|[partiallytrapped]
|upkeep
|turn|36
|
|t:|1663793254
|move|p1a: Rotom|Hydro Pump|p2a: Heatran
|-supereffective|p2a: Heatran
|-damage|p2a: Heatran|7/100
|move|p2a: Heatran|Magma Storm|p1a: Rotom|[miss]
|-miss|p2a: Heatran|p1a: Rotom
|
|-heal|p2a: Heatran|13/100|[from] item: Leftovers
|-damage|p1a: Rotom|17/100|[from] move: Magma Storm|[partiallytrapped]
|upkeep
|turn|37
|
|t:|1663793262
|move|p2a: Heatran|Protect|p2a: Heatran
|-singleturn|p2a: Heatran|Protect
|move|p1a: Rotom|Volt Switch|p2a: Heatran
|-activate|p2a: Heatran|move: Protect
|
|-heal|p2a: Heatran|19/100|[from] item: Leftovers
|-end|p1a: Rotom|Magma Storm|[partiallytrapped]
|upkeep
|turn|38
|j| Dmorgan86
|
|t:|1663793274
|move|p1a: Rotom|Hydro Pump|p2a: Heatran
|-supereffective|p2a: Heatran
|-damage|p2a: Heatran|0 fnt
|faint|p2a: Heatran
|
|upkeep
|
|t:|1663793276
|switch|p2a: Tornadus|Tornadus-Therian, M|100/100
|turn|39
|
|t:|1663793292
|switch|p1a: Garchomp|Garchomp, F|30/100 tox
|-damage|p1a: Garchomp|23/100 tox|[from] Stealth Rock
|move|p2a: Tornadus|Hurricane|p1a: Garchomp
|-damage|p1a: Garchomp|0 fnt
|faint|p1a: Garchomp
|
|upkeep
|
|t:|1663793299
|switch|p1a: Zeraora|Zeraora|89/100
|turn|40
|
|t:|1663793307
|move|p1a: Zeraora|Knock Off|p2a: Tornadus
|-damage|p2a: Tornadus|58/100
|-enditem|p2a: Tornadus|Assault Vest|[from] move: Knock Off|[of] p1a: Zeraora
|move|p2a: Tornadus|U-turn|p1a: Zeraora
|-damage|p1a: Zeraora|68/100
|
|t:|1663793310
|switch|p2a: Hippowdon|Hippowdon, F|82/100 tox|[from]move: U-turn
|-weather|Sandstorm|[from] ability: Sand Stream|[of] p2a: Hippowdon
|
|-weather|Sandstorm|[upkeep]
|-damage|p1a: Zeraora|62/100|[from] Sandstorm
|-damage|p2a: Hippowdon|76/100 tox|[from] psn
|upkeep
|turn|41
|
|t:|1663793326
|switch|p1a: Tapu Lele|Tapu Lele|94/100
|-damage|p1a: Tapu Lele|82/100|[from] Stealth Rock
|-fieldstart|move: Psychic Terrain|[from] ability: Psychic Surge|[of] p1a: Tapu Lele
|switch|p2a: Tornadus|Tornadus-Therian, M|91/100
|
|-weather|Sandstorm|[upkeep]
|-damage|p1a: Tapu Lele|76/100|[from] Sandstorm
|-damage|p2a: Tornadus|85/100|[from] Sandstorm
|upkeep
|turn|42
|j| FunkyTeam
|
|t:|1663793336
|switch|p2a: Corviknight|Corviknight, M|65/100
|-ability|p2a: Corviknight|Pressure
|move|p1a: Tapu Lele|Psyshock|p2a: Corviknight
|-resisted|p2a: Corviknight
|-damage|p2a: Corviknight|48/100
|
|-weather|Sandstorm|[upkeep]
|-damage|p1a: Tapu Lele|70/100|[from] Sandstorm
|-heal|p2a: Corviknight|55/100|[from] item: Leftovers
|upkeep
|turn|43
|
|t:|1663793347
|switch|p1a: Zeraora|Zeraora|62/100
|move|p2a: Corviknight|U-turn|p1a: Zeraora
|-damage|p1a: Zeraora|43/100
|
|t:|1663793349
|switch|p2a: Kartana|Kartana|100/100|[from]move: U-turn
|
|-weather|Sandstorm|[upkeep]
|-damage|p1a: Zeraora|37/100|[from] Sandstorm
|upkeep
|turn|44
|
|t:|1663793358
|switch|p2a: Tornadus|Tornadus-Therian, M|100/100
|switch|p1a: Corviknight|Corviknight, F|86/100
|-damage|p1a: Corviknight|74/100|[from] Stealth Rock
|-ability|p1a: Corviknight|Pressure
|
|-weather|none
|upkeep
|turn|45
|j| HereForFrens
|
|t:|1663793366
|move|p2a: Tornadus|Heat Wave|p1a: Corviknight
|-supereffective|p1a: Corviknight
|-damage|p1a: Corviknight|26/100
|move|p1a: Corviknight|Defog|p2a: Tornadus
|-unboost|p2a: Tornadus|evasion|1
|-sideend|p1: bizarman|Stealth Rock|[from] move: Defog|[of] p1a: Corviknight
|-fieldend|move: Psychic Terrain
|
|upkeep
|turn|46
|l| HereForFrens
|
|t:|1663793373
|switch|p1a: Tapu Lele|Tapu Lele|70/100
|-fieldstart|move: Psychic Terrain|[from] ability: Psychic Surge|[of] p1a: Tapu Lele
|move|p2a: Tornadus|Heat Wave|p1a: Tapu Lele
|-damage|p1a: Tapu Lele|39/100
|
|upkeep
|turn|47
|
|t:|1663793380
|move|p1a: Tapu Lele|Focus Blast|p2a: Tornadus
|-resisted|p2a: Tornadus
|-damage|p2a: Tornadus|76/100
|move|p2a: Tornadus|Knock Off|p1a: Tapu Lele
|-damage|p1a: Tapu Lele|6/100
|-enditem|p1a: Tapu Lele|Choice Scarf|[from] move: Knock Off|[of] p2a: Tornadus
|
|upkeep
|turn|48
|
|t:|1663793392
|move|p2a: Tornadus|Knock Off|p1a: Tapu Lele
|-damage|p1a: Tapu Lele|0 fnt
|faint|p1a: Tapu Lele
|
|upkeep
|
|t:|1663793396
|switch|p1a: Zeraora|Zeraora|37/100
|turn|49
|
|t:|1663793400
|switch|p1a: Rotom|Rotom-Wash|17/100
|switch|p2a: Hippowdon|Hippowdon, F|76/100 tox
|-weather|Sandstorm|[from] ability: Sand Stream|[of] p2a: Hippowdon
|
|-weather|Sandstorm|[upkeep]
|-damage|p1a: Rotom|10/100|[from] Sandstorm
|-damage|p2a: Hippowdon|70/100 tox|[from] psn
|upkeep
|turn|50
|
|t:|1663793409
|move|p1a: Rotom|Pain Split|p2a: Hippowdon
|-sethp|p2a: Hippowdon|39/100 tox|[from] move: Pain Split|[silent]
|-sethp|p1a: Rotom|53/100|[from] move: Pain Split
|move|p2a: Hippowdon|Stealth Rock|p1a: Rotom
|-sidestart|p1: bizarman|move: Stealth Rock
|
|-weather|Sandstorm|[upkeep]
|-damage|p1a: Rotom|47/100|[from] Sandstorm
|-damage|p2a: Hippowdon|26/100 tox|[from] psn
|-fieldend|move: Psychic Terrain
|upkeep
|turn|51
|
|t:|1663793418
|switch|p1a: Corviknight|Corviknight, F|26/100
|-damage|p1a: Corviknight|14/100|[from] Stealth Rock
|-ability|p1a: Corviknight|Pressure
|move|p2a: Hippowdon|Toxic|p1a: Corviknight
|-immune|p1a: Corviknight
|
|-weather|Sandstorm|[upkeep]
|-damage|p2a: Hippowdon|8/100 tox|[from] psn
|upkeep
|turn|52
|
|t:|1663793428
|switch|p2a: Tornadus|Tornadus-Therian, M|100/100
|move|p1a: Corviknight|Roost|p1a: Corviknight
|-heal|p1a: Corviknight|64/100
|-singleturn|p1a: Corviknight|move: Roost
|
|-weather|Sandstorm|[upkeep]
|-damage|p2a: Tornadus|94/100|[from] Sandstorm
|upkeep
|turn|53
|
|t:|1663793437
|switch|p1a: Rotom|Rotom-Wash|47/100
|-damage|p1a: Rotom|34/100|[from] Stealth Rock
|move|p2a: Tornadus|Heat Wave|p1a: Rotom
|-resisted|p1a: Rotom
|-damage|p1a: Rotom|20/100
|
|-weather|none
|upkeep
|turn|54
|
|t:|1663793447
|move|p2a: Tornadus|U-turn|p1a: Rotom
|-damage|p1a: Rotom|8/100
|
|t:|1663793449
|switch|p2a: Hippowdon|Hippowdon, F|8/100 tox|[from]move: U-turn
|-weather|Sandstorm|[from] ability: Sand Stream|[of] p2a: Hippowdon
|move|p1a: Rotom|Volt Switch|p2a: Hippowdon
|-immune|p2a: Hippowdon
|
|-weather|Sandstorm|[upkeep]
|-damage|p1a: Rotom|2/100|[from] Sandstorm
|-damage|p2a: Hippowdon|1/100 tox|[from] psn
|upkeep
|turn|55
|
|t:|1663793463
|move|p1a: Rotom|Hydro Pump|p2a: Hippowdon
|-supereffective|p2a: Hippowdon
|-damage|p2a: Hippowdon|0 fnt
|faint|p2a: Hippowdon
|
|-weather|Sandstorm|[upkeep]
|-damage|p1a: Rotom|0 fnt|[from] Sandstorm
|faint|p1a: Rotom
|upkeep
|
|t:|1663793478
|switch|p1a: Zeraora|Zeraora|37/100
|switch|p2a: Kartana|Kartana|100/100
|turn|56
|
|t:|1663793482
|switch|p1a: Corviknight|Corviknight, F|64/100
|-damage|p1a: Corviknight|52/100|[from] Stealth Rock
|-ability|p1a: Corviknight|Pressure
|move|p2a: Kartana|Sacred Sword|p1a: Corviknight
|-damage|p1a: Corviknight|27/100
|-damage|p2a: Kartana|84/100|[from] item: Rocky Helmet|[of] p1a: Corviknight
|
|-weather|Sandstorm|[upkeep]
|upkeep
|turn|57
|
|t:|1663793492
|move|p2a: Kartana|Sacred Sword|p1a: Corviknight
|-damage|p1a: Corviknight|3/100
|-damage|p2a: Kartana|67/100|[from] item: Rocky Helmet|[of] p1a: Corviknight
|move|p1a: Corviknight|Roost|p1a: Corviknight
|-heal|p1a: Corviknight|53/100
|-singleturn|p1a: Corviknight|move: Roost
|
|-weather|Sandstorm|[upkeep]
|upkeep
|turn|58
|
|t:|1663793501
|switch|p2a: Corviknight|Corviknight, M|55/100
|-ability|p2a: Corviknight|Pressure
|move|p1a: Corviknight|U-turn|p2a: Corviknight
|-resisted|p2a: Corviknight
|-damage|p2a: Corviknight|52/100
|
|t:|1663793507
|switch|p1a: Zeraora|Zeraora|37/100|[from]move: U-turn
|
|-weather|none
|-heal|p2a: Corviknight|58/100|[from] item: Leftovers
|upkeep
|turn|59
|
|t:|1663793512
|move|p1a: Zeraora|Plasma Fists|p2a: Corviknight
|-supereffective|p2a: Corviknight
|-damage|p2a: Corviknight|4/100
|-fieldactivate|move: Ion Deluge
|-hint|Normal-type moves become Electric-type after using Plasma Fists.
|move|p2a: Corviknight|U-turn|p1a: Zeraora
|-damage|p1a: Zeraora|19/100
|
|t:|1663793514
|switch|p2a: Kartana|Kartana|67/100|[from]move: U-turn
|
|upkeep
|turn|60
|
|t:|1663793523
|switch|p1a: Corviknight|Corviknight, F|53/100
|-damage|p1a: Corviknight|40/100|[from] Stealth Rock
|-ability|p1a: Corviknight|Pressure
|move|p2a: Kartana|Sacred Sword|p1a: Corviknight
|-damage|p1a: Corviknight|14/100
|-damage|p2a: Kartana|51/100|[from] item: Rocky Helmet|[of] p1a: Corviknight
|
|upkeep
|turn|61
|c|☆bizarman|gg
|
|t:|1663793532
|move|p2a: Kartana|Sacred Sword|p1a: Corviknight
|-damage|p1a: Corviknight|0 fnt
|-damage|p2a: Kartana|34/100|[from] item: Rocky Helmet|[of] p1a: Corviknight
|faint|p1a: Corviknight
|-ability|p2a: Kartana|Beast Boost|boost
|-boost|p2a: Kartana|atk|1
|
|upkeep
|
|t:|1663793538
|switch|p1a: Zeraora|Zeraora|19/100
|turn|62
|
|t:|1663793542
|move|p2a: Kartana|Sacred Sword|p1a: Zeraora
|-damage|p1a: Zeraora|0 fnt
|faint|p1a: Zeraora
|
|win|Stads
|raw|bizarman's rating: 1780 &rarr; <strong>1756</strong><br />(-24 for losing)
|raw|Stads's rating: 1717 &rarr; <strong>1741</strong><br />(+24 for winning)
|l| Dmorgan86
