|j|☆Gotmyvanson
|j|☆OUTJ 0IQ
|player|p1|Gotmyvanson|101|1574
|player|p2|OUTJ 0IQ|169|1574
|teamsize|p1|6
|teamsize|p2|6
|gametype|singles
|gen|8
|tier|[Gen 8] OU
|rated|
|html|<div class="broadcast-red"><strong>OU is currently suspecting Melmetal! For information on how to participate check out the <a href="https://www.smogon.com/forums/threads/3662190/">suspect thread</a>.</strong></div>
|clearpoke
|poke|p1|Dragapult, M|
|poke|p1|Clefable, M|
|poke|p1|Excadrill, M|
|poke|p1|Kommo-o, M|
|poke|p1|Bisharp, M|
|poke|p1|Cloyster, M|
|poke|p2|Melmetal|
|poke|p2|Clefable, M|
|poke|p2|Clefairy, F|
|poke|p2|Mandibuzz, F|
|poke|p2|Toxapex, M|
|poke|p2|Quagsire, M|
|rule|Sleep Clause Mod: Limit one foe put to sleep
|rule|Species Clause: Limit one of each Pokémon
|rule|OHKO Clause: OHKO moves are banned
|rule|Evasion Moves Clause: Evasion moves are banned
|rule|Endless Battle Clause: Forcing endless battles is banned
|rule|HP Percentage Mod: HP is shown in percentages
|rule|Dynamax Clause: You cannot dynamax
|teampreview
|
|start
|switch|p1a: Excadrill|Excadrill, M|100/100
|switch|p2a: Quagsire|Quagsire, M|100/100
|-ability|p1a: Excadrill|Mold Breaker
|turn|1
|j| wyhfo
|
|switch|p1a: Clefable|Clefable, M|100/100
|move|p2a: Quagsire|Scald|p1a: Clefable
|-damage|p1a: Clefable|82/100
|
|upkeep
|turn|2
|
|switch|p2a: Clefable|Clefable, M|100/100
|move|p1a: Clefable|Flamethrower|p2a: Clefable
|-damage|p2a: Clefable|75/100
|
|-heal|p2a: Clefable|81/100|[from] item: Leftovers
|upkeep
|turn|3
|
|move|p1a: Clefable|Moonblast|p2a: Clefable
|-damage|p2a: Clefable|41/100
|move|p2a: Clefable|Wish|p2a: Clefable
|
|-heal|p2a: Clefable|47/100|[from] item: Leftovers
|upkeep
|turn|4
|
|move|p1a: Clefable|Moonblast|p2a: Clefable
|-damage|p2a: Clefable|12/100
|-unboost|p2a: Clefable|spa|1
|move|p2a: Clefable|Moonblast|p1a: Clefable
|-damage|p1a: Clefable|60/100
|
|-heal|p2a: Clefable|62/100|[from] move: Wish|[wisher] Clefable
|-heal|p2a: Clefable|68/100|[from] item: Leftovers
|upkeep
|turn|5
|
|move|p1a: Clefable|Moonblast|p2a: Clefable
|-damage|p2a: Clefable|28/100
|move|p2a: Clefable|Wish|p2a: Clefable
|
|-heal|p2a: Clefable|34/100|[from] item: Leftovers
|upkeep
|turn|6
|j| sceptile rain
|
|switch|p1a: Excadrill|Excadrill, M|100/100
|-ability|p1a: Excadrill|Mold Breaker
|move|p2a: Clefable|Protect||[still]
|-fail|p2a: Clefable
|
|-heal|p2a: Clefable|84/100|[from] move: Wish|[wisher] Clefable
|-heal|p2a: Clefable|90/100|[from] item: Leftovers
|upkeep
|turn|7
|
|switch|p2a: Mandibuzz|Mandibuzz, F|100/100
|move|p1a: Excadrill|Stealth Rock|p2a: Mandibuzz
|-sidestart|p2: OUTJ 0IQ|move: Stealth Rock
|
|upkeep
|turn|8
|
|switch|p1a: Bisharp|Bisharp, M|100/100
|move|p2a: Mandibuzz|Defog|p1a: Bisharp
|-unboost|p1a: Bisharp|evasion|1
|-ability|p1a: Bisharp|Defiant
|-boost|p1a: Bisharp|atk|2
|-sideend|p2: OUTJ 0IQ|Stealth Rock|[from] move: Defog|[of] p2a: Mandibuzz
|
|upkeep
|turn|9
|
|switch|p2a: Quagsire|Quagsire, M|100/100
|move|p1a: Bisharp|Knock Off|p2a: Quagsire
|-damage|p2a: Quagsire|57/100
|-enditem|p2a: Quagsire|Leftovers|[from] move: Knock Off|[of] p1a: Bisharp
|
|upkeep
|turn|10
|
|switch|p1a: Clefable|Clefable, M|60/100
|move|p2a: Quagsire|Recover|p2a: Quagsire
|-heal|p2a: Quagsire|100/100
|
|upkeep
|turn|11
|
|switch|p2a: Clefairy|Clefairy, F|100/100
|move|p1a: Clefable|Moonlight|p1a: Clefable
|-heal|p1a: Clefable|100/100
|
|upkeep
|turn|12
|
|move|p1a: Clefable|Moonblast|p2a: Clefairy
|-damage|p2a: Clefairy|62/100
|move|p2a: Clefairy|Thunder Wave|p1a: Clefable
|-status|p1a: Clefable|par
|
|upkeep
|turn|13
|
|move|p2a: Clefairy|Stealth Rock|p1a: Clefable
|-sidestart|p1: Gotmyvanson|move: Stealth Rock
|move|p1a: Clefable|Moonblast|p2a: Clefairy
|-damage|p2a: Clefairy|23/100
|-unboost|p2a: Clefairy|spa|1
|
|upkeep
|turn|14
|
|switch|p1a: Excadrill|Excadrill, M|100/100
|-damage|p1a: Excadrill|97/100|[from] Stealth Rock
|-ability|p1a: Excadrill|Mold Breaker
|move|p2a: Clefairy|Soft-Boiled|p2a: Clefairy
|-heal|p2a: Clefairy|73/100
|
|upkeep
|turn|15
|
|switch|p2a: Mandibuzz|Mandibuzz, F|100/100
|move|p1a: Excadrill|Rapid Spin|p2a: Mandibuzz
|-damage|p2a: Mandibuzz|89/100
|-boost|p1a: Excadrill|spe|1
|-sideend|p1: Gotmyvanson|Stealth Rock|[from] move: Rapid Spin|[of] p1a: Excadrill
|
|upkeep
|turn|16
|
|move|p1a: Excadrill|Stealth Rock|p2a: Mandibuzz
|-sidestart|p2: OUTJ 0IQ|move: Stealth Rock
|move|p2a: Mandibuzz|Knock Off|p1a: Excadrill
|-damage|p1a: Excadrill|63/100
|-enditem|p1a: Excadrill|Focus Sash|[from] move: Knock Off|[of] p2a: Mandibuzz
|
|upkeep
|turn|17
|
|move|p1a: Excadrill|Iron Head|p2a: Mandibuzz
|-damage|p2a: Mandibuzz|61/100
|move|p2a: Mandibuzz|Defog|p1a: Excadrill
|-unboost|p1a: Excadrill|evasion|1
|-sideend|p2: OUTJ 0IQ|Stealth Rock|[from] move: Defog|[of] p2a: Mandibuzz
|
|upkeep
|turn|18
|
|move|p1a: Excadrill|Stealth Rock|p2a: Mandibuzz
|-sidestart|p2: OUTJ 0IQ|move: Stealth Rock
|move|p2a: Mandibuzz|Roost|p2a: Mandibuzz
|-heal|p2a: Mandibuzz|100/100
|-singleturn|p2a: Mandibuzz|move: Roost
|
|upkeep
|turn|19
|
|switch|p1a: Bisharp|Bisharp, M|100/100
|move|p2a: Mandibuzz|Defog|p1a: Bisharp
|-unboost|p1a: Bisharp|evasion|1
|-ability|p1a: Bisharp|Defiant
|-boost|p1a: Bisharp|atk|2
|-sideend|p2: OUTJ 0IQ|Stealth Rock|[from] move: Defog|[of] p2a: Mandibuzz
|
|upkeep
|turn|20
|
|switch|p2a: Quagsire|Quagsire, M|100/100
|move|p1a: Bisharp|Iron Head|p2a: Quagsire
|-resisted|p2a: Quagsire
|-damage|p2a: Quagsire|86/100
|
|upkeep
|turn|21
|
|move|p1a: Bisharp|Knock Off|p2a: Quagsire
|-damage|p2a: Quagsire|57/100
|move|p2a: Quagsire|Scald|p1a: Bisharp
|-damage|p1a: Bisharp|68/100
|
|upkeep
|turn|22
|
|switch|p1a: Clefable|Clefable, M|100/100 par
|move|p2a: Quagsire|Recover|p2a: Quagsire
|-heal|p2a: Quagsire|100/100
|
|upkeep
|turn|23
|
|switch|p2a: Clefairy|Clefairy, F|73/100
|cant|p1a: Clefable|par
|
|upkeep
|turn|24
|
|switch|p1a: Excadrill|Excadrill, M|63/100
|-ability|p1a: Excadrill|Mold Breaker
|move|p2a: Clefairy|Stealth Rock|p1a: Excadrill
|-sidestart|p1: Gotmyvanson|move: Stealth Rock
|
|upkeep
|turn|25
|
|switch|p2a: Mandibuzz|Mandibuzz, F|100/100
|move|p1a: Excadrill|Rapid Spin|p2a: Mandibuzz
|-damage|p2a: Mandibuzz|88/100
|-boost|p1a: Excadrill|spe|1
|-sideend|p1: Gotmyvanson|Stealth Rock|[from] move: Rapid Spin|[of] p1a: Excadrill
|
|upkeep
|turn|26
|
|move|p1a: Excadrill|Stealth Rock|p2a: Mandibuzz
|-sidestart|p2: OUTJ 0IQ|move: Stealth Rock
|move|p2a: Mandibuzz|Knock Off|p1a: Excadrill
|-damage|p1a: Excadrill|41/100
|
|upkeep
|turn|27
|
|switch|p1a: Cloyster|Cloyster, M|100/100
|move|p2a: Mandibuzz|Defog|p1a: Cloyster
|-unboost|p1a: Cloyster|evasion|1
|-sideend|p2: OUTJ 0IQ|Stealth Rock|[from] move: Defog|[of] p2a: Mandibuzz
|-enditem|p1a: Cloyster|White Herb
|-clearnegativeboost|p1a: Cloyster|[silent]
|
|upkeep
|turn|28
|
|switch|p2a: Melmetal|Melmetal|100/100
|move|p1a: Cloyster|Shell Smash|p1a: Cloyster
|-unboost|p1a: Cloyster|def|1
|-unboost|p1a: Cloyster|spd|1
|-boost|p1a: Cloyster|atk|2
|-boost|p1a: Cloyster|spa|2
|-boost|p1a: Cloyster|spe|2
|
|upkeep
|turn|29
|
|move|p1a: Cloyster|Liquidation|p2a: Melmetal
|-damage|p2a: Melmetal|70/100
|move|p2a: Melmetal|Body Press|p1a: Cloyster
|-supereffective|p1a: Cloyster
|-damage|p1a: Cloyster|24/100
|
|-heal|p2a: Melmetal|76/100|[from] item: Leftovers
|upkeep
|turn|30
|
|move|p1a: Cloyster|Icicle Spear|p2a: Melmetal
|-resisted|p2a: Melmetal
|-damage|p2a: Melmetal|72/100
|-resisted|p2a: Melmetal
|-damage|p2a: Melmetal|67/100
|-resisted|p2a: Melmetal
|-damage|p2a: Melmetal|62/100
|-resisted|p2a: Melmetal
|-damage|p2a: Melmetal|58/100
|-resisted|p2a: Melmetal
|-damage|p2a: Melmetal|53/100
|-hitcount|p2a: Melmetal|5
|move|p2a: Melmetal|Body Press|p1a: Cloyster
|-supereffective|p1a: Cloyster
|-damage|p1a: Cloyster|0 fnt
|faint|p1a: Cloyster
|
|-heal|p2a: Melmetal|59/100|[from] item: Leftovers
|upkeep
|
|switch|p1a: Bisharp|Bisharp, M|68/100
|turn|31
|
|switch|p1a: Clefable|Clefable, M|100/100 par
|switch|p2a: Quagsire|Quagsire, M|100/100
|
|upkeep
|turn|32
|j| HeavenStar
|
|switch|p2a: Clefairy|Clefairy, F|73/100
|cant|p1a: Clefable|par
|
|upkeep
|turn|33
|
|move|p2a: Clefairy|Stealth Rock|p1a: Clefable
|-sidestart|p1: Gotmyvanson|move: Stealth Rock
|move|p1a: Clefable|Moonblast|p2a: Clefairy
|-damage|p2a: Clefairy|30/100
|-unboost|p2a: Clefairy|spa|1
|
|upkeep
|turn|34
|
|move|p2a: Clefairy|Soft-Boiled|p2a: Clefairy
|-heal|p2a: Clefairy|80/100
|cant|p1a: Clefable|par
|
|upkeep
|turn|35
|
|move|p2a: Clefairy|Seismic Toss|p1a: Clefable
|-damage|p1a: Clefable|74/100 par
|move|p1a: Clefable|Moonblast|p2a: Clefairy
|-damage|p2a: Clefairy|41/100
|
|upkeep
|turn|36
|
|switch|p1a: Excadrill|Excadrill, M|41/100
|-damage|p1a: Excadrill|38/100|[from] Stealth Rock
|-ability|p1a: Excadrill|Mold Breaker
|move|p2a: Clefairy|Soft-Boiled|p2a: Clefairy
|-heal|p2a: Clefairy|91/100
|
|upkeep
|turn|37
|
|switch|p2a: Mandibuzz|Mandibuzz, F|88/100
|move|p1a: Excadrill|Rapid Spin|p2a: Mandibuzz
|-damage|p2a: Mandibuzz|76/100
|-boost|p1a: Excadrill|spe|1
|-sideend|p1: Gotmyvanson|Stealth Rock|[from] move: Rapid Spin|[of] p1a: Excadrill
|
|upkeep
|turn|38
|
|move|p1a: Excadrill|Stealth Rock|p2a: Mandibuzz
|-sidestart|p2: OUTJ 0IQ|move: Stealth Rock
|move|p2a: Mandibuzz|Knock Off|p1a: Excadrill
|-damage|p1a: Excadrill|16/100
|
|upkeep
|turn|39
|
|move|p1a: Excadrill|Iron Head|p2a: Mandibuzz
|-damage|p2a: Mandibuzz|47/100
|move|p2a: Mandibuzz|Defog|p1a: Excadrill
|-unboost|p1a: Excadrill|evasion|1
|-sideend|p2: OUTJ 0IQ|Stealth Rock|[from] move: Defog|[of] p2a: Mandibuzz
|
|upkeep
|turn|40
|
|move|p1a: Excadrill|Stealth Rock|p2a: Mandibuzz
|-sidestart|p2: OUTJ 0IQ|move: Stealth Rock
|move|p2a: Mandibuzz|Roost|p2a: Mandibuzz
|-heal|p2a: Mandibuzz|97/100
|-singleturn|p2a: Mandibuzz|move: Roost
|
|upkeep
|turn|41
|
|move|p1a: Excadrill|Iron Head|p2a: Mandibuzz
|-crit|p2a: Mandibuzz
|-damage|p2a: Mandibuzz|57/100
|cant|p2a: Mandibuzz|flinch
|
|upkeep
|turn|42
|
|move|p1a: Excadrill|Iron Head|p2a: Mandibuzz
|-damage|p2a: Mandibuzz|30/100
|move|p2a: Mandibuzz|Roost|p2a: Mandibuzz
|-heal|p2a: Mandibuzz|80/100
|-singleturn|p2a: Mandibuzz|move: Roost
|
|upkeep
|turn|43
|
|move|p1a: Excadrill|Iron Head|p2a: Mandibuzz
|-damage|p2a: Mandibuzz|52/100
|move|p2a: Mandibuzz|Roost|p2a: Mandibuzz
|-heal|p2a: Mandibuzz|100/100
|-singleturn|p2a: Mandibuzz|move: Roost
|
|upkeep
|turn|44
|
|move|p1a: Excadrill|Iron Head|p2a: Mandibuzz
|-damage|p2a: Mandibuzz|75/100
|move|p2a: Mandibuzz|Knock Off|p1a: Excadrill
|-damage|p1a: Excadrill|0 fnt
|faint|p1a: Excadrill
|
|upkeep
|
|switch|p1a: Kommo-o|Kommo-o, M|100/100
|turn|45
|
|move|p1a: Kommo-o|Clangorous Soul|p1a: Kommo-o
|-boost|p1a: Kommo-o|atk|1
|-boost|p1a: Kommo-o|def|1
|-boost|p1a: Kommo-o|spa|1
|-boost|p1a: Kommo-o|spd|1
|-boost|p1a: Kommo-o|spe|1
|-damage|p1a: Kommo-o|67/100
|-enditem|p1a: Kommo-o|Throat Spray
|-boost|p1a: Kommo-o|spa|1|[from] item: Throat Spray
|move|p2a: Mandibuzz|Brave Bird|p1a: Kommo-o
|-supereffective|p1a: Kommo-o
|-damage|p1a: Kommo-o|31/100
|-damage|p2a: Mandibuzz|67/100|[from] Recoil
|
|upkeep
|turn|46
|
|move|p1a: Kommo-o|Clanging Scales|p2a: Mandibuzz
|-damage|p2a: Mandibuzz|0 fnt
|-unboost|p1a: Kommo-o|def|1
|faint|p2a: Mandibuzz
|
|upkeep
|
|switch|p2a: Clefable|Clefable, M|90/100
|turn|47
|
|move|p1a: Kommo-o|Flash Cannon|p2a: Clefable
|-supereffective|p2a: Clefable
|-damage|p2a: Clefable|30/100
|move|p2a: Clefable|Moonblast|p1a: Kommo-o
|-supereffective|p1a: Kommo-o
|-damage|p1a: Kommo-o|0 fnt
|faint|p1a: Kommo-o
|
|-heal|p2a: Clefable|36/100|[from] item: Leftovers
|upkeep
|
|switch|p1a: Bisharp|Bisharp, M|68/100
|turn|48
|
|switch|p2a: Quagsire|Quagsire, M|100/100
|-damage|p2a: Quagsire|94/100|[from] Stealth Rock
|move|p1a: Bisharp|Swords Dance|p1a: Bisharp
|-boost|p1a: Bisharp|atk|2
|
|upkeep
|turn|49
|
|move|p1a: Bisharp|Knock Off|p2a: Quagsire
|-damage|p2a: Quagsire|64/100
|move|p2a: Quagsire|Scald|p1a: Bisharp
|-crit|p1a: Bisharp
|-damage|p1a: Bisharp|20/100
|-status|p1a: Bisharp|brn
|
|-damage|p1a: Bisharp|14/100 brn|[from] brn
|upkeep
|turn|50
|
|move|p1a: Bisharp|Knock Off|p2a: Quagsire
|-crit|p2a: Quagsire
|-damage|p2a: Quagsire|42/100
|move|p2a: Quagsire|Recover|p2a: Quagsire
|-heal|p2a: Quagsire|92/100
|
|-damage|p1a: Bisharp|8/100 brn|[from] brn
|upkeep
|turn|51
|
|move|p1a: Bisharp|Knock Off|p2a: Quagsire
|-crit|p2a: Quagsire
|-damage|p2a: Quagsire|69/100
|move|p2a: Quagsire|Recover|p2a: Quagsire
|-heal|p2a: Quagsire|100/100
|
|-damage|p1a: Bisharp|2/100 brn|[from] brn
|upkeep
|turn|52
|
|move|p1a: Bisharp|Knock Off|p2a: Quagsire
|-damage|p2a: Quagsire|86/100
|move|p2a: Quagsire|Recover|p2a: Quagsire
|-heal|p2a: Quagsire|100/100
|
|-damage|p1a: Bisharp|0 fnt|[from] brn
|faint|p1a: Bisharp
|upkeep
|
|switch|p1a: Dragapult|Dragapult, M|100/100
|turn|53
|
|move|p1a: Dragapult|Draco Meteor|p2a: Quagsire
|-damage|p2a: Quagsire|11/100
|-unboost|p1a: Dragapult|spa|2
|-damage|p1a: Dragapult|91/100|[from] item: Life Orb
|move|p2a: Quagsire|Toxic|p1a: Dragapult
|-status|p1a: Dragapult|tox
|
|-damage|p1a: Dragapult|85/100 tox|[from] psn
|upkeep
|turn|54
|
|move|p1a: Dragapult|U-turn|p2a: Quagsire
|-damage|p2a: Quagsire|0 fnt
|-damage|p1a: Dragapult|75/100 tox|[from] item: Life Orb
|faint|p2a: Quagsire
|
|switch|p1a: Clefable|Clefable, M|74/100 par|[from]move: U-turn
|
|upkeep
|
|switch|p2a: Clefable|Clefable, M|36/100
|turn|55
|
|move|p2a: Clefable|Protect|p2a: Clefable
|-singleturn|p2a: Clefable|Protect
|cant|p1a: Clefable|par
|
|-heal|p2a: Clefable|42/100|[from] item: Leftovers
|upkeep
|turn|56
|
|switch|p2a: Clefairy|Clefairy, F|91/100
|move|p1a: Clefable|Moonblast|p2a: Clefairy
|-damage|p2a: Clefairy|54/100
|-unboost|p2a: Clefairy|spa|1
|
|upkeep
|turn|57
|
|move|p2a: Clefairy|Soft-Boiled|p2a: Clefairy
|-heal|p2a: Clefairy|100/100
|move|p1a: Clefable|Moonlight|p1a: Clefable
|-heal|p1a: Clefable|100/100 par
|
|upkeep
|turn|58
|
|switch|p1a: Dragapult|Dragapult, M|75/100 tox
|move|p2a: Clefairy|Seismic Toss|p1a: Dragapult
|-immune|p1a: Dragapult
|
|-damage|p1a: Dragapult|69/100 tox|[from] psn
|upkeep
|turn|59
|
|move|p1a: Dragapult|Shadow Ball|p2a: Clefairy
|-damage|p2a: Clefairy|72/100
|-unboost|p2a: Clefairy|spd|1
|-damage|p1a: Dragapult|59/100 tox|[from] item: Life Orb
|move|p2a: Clefairy|Soft-Boiled|p2a: Clefairy
|-heal|p2a: Clefairy|100/100
|
|-damage|p1a: Dragapult|47/100 tox|[from] psn
|upkeep
|turn|60
|
|move|p1a: Dragapult|U-turn|p2a: Clefairy
|-resisted|p2a: Clefairy
|-damage|p2a: Clefairy|87/100
|-damage|p1a: Dragapult|37/100 tox|[from] item: Life Orb
|
|switch|p1a: Clefable|Clefable, M|100/100 par|[from]move: U-turn
|move|p2a: Clefairy|Soft-Boiled|p2a: Clefairy
|-heal|p2a: Clefairy|100/100
|
|upkeep
|turn|61
|
|move|p2a: Clefairy|Seismic Toss|p1a: Clefable
|-damage|p1a: Clefable|74/100 par
|cant|p1a: Clefable|par
|
|upkeep
|turn|62
|
|move|p2a: Clefairy|Seismic Toss|p1a: Clefable
|-damage|p1a: Clefable|48/100 par
|move|p1a: Clefable|Moonblast|p2a: Clefairy
|-damage|p2a: Clefairy|47/100
|
|upkeep
|turn|63
|
|move|p2a: Clefairy|Soft-Boiled|p2a: Clefairy
|-heal|p2a: Clefairy|97/100
|move|p1a: Clefable|Moonlight|p1a: Clefable
|-heal|p1a: Clefable|98/100 par
|
|upkeep
|turn|64
|
|move|p2a: Clefairy|Seismic Toss|p1a: Clefable
|-damage|p1a: Clefable|72/100 par
|move|p1a: Clefable|Moonblast|p2a: Clefairy
|-damage|p2a: Clefairy|39/100
|-unboost|p2a: Clefairy|spa|1
|
|upkeep
|turn|65
|
|move|p2a: Clefairy|Soft-Boiled|p2a: Clefairy
|-heal|p2a: Clefairy|89/100
|cant|p1a: Clefable|par
|
|upkeep
|turn|66
|
|switch|p2a: Toxapex|Toxapex, M|100/100
|-damage|p2a: Toxapex|88/100|[from] Stealth Rock
|move|p1a: Clefable|Moonblast|p2a: Toxapex
|-resisted|p2a: Toxapex
|-damage|p2a: Toxapex|65/100
|
|-heal|p2a: Toxapex|71/100|[from] item: Black Sludge
|upkeep
|turn|67
|
|move|p2a: Toxapex|Recover|p2a: Toxapex
|-heal|p2a: Toxapex|100/100
|move|p1a: Clefable|Thunderbolt|p2a: Toxapex
|-supereffective|p2a: Toxapex
|-damage|p2a: Toxapex|43/100
|
|-heal|p2a: Toxapex|49/100|[from] item: Black Sludge
|upkeep
|turn|68
|
|move|p2a: Toxapex|Recover|p2a: Toxapex
|-heal|p2a: Toxapex|99/100
|cant|p1a: Clefable|par
|
|-heal|p2a: Toxapex|100/100|[from] item: Black Sludge
|upkeep
|turn|69
|
|move|p2a: Toxapex|Spite|p1a: Clefable
|-activate|p1a: Clefable|move: Spite|Thunderbolt|4
|move|p1a: Clefable|Moonlight|p1a: Clefable
|-heal|p1a: Clefable|100/100 par
|
|upkeep
|turn|70
|
|move|p2a: Toxapex|Spite|p1a: Clefable
|-activate|p1a: Clefable|move: Spite|Moonlight|4
|move|p1a: Clefable|Thunderbolt|p2a: Toxapex
|-supereffective|p2a: Toxapex
|-damage|p2a: Toxapex|35/100
|
|-heal|p2a: Toxapex|41/100|[from] item: Black Sludge
|upkeep
|turn|71
|c|☆Gotmyvanson|Ive never seen stall work
|l| wyhfo
|c|☆Gotmyvanson|how does stall work in gen 8
|c|☆OUTJ 0IQ|just does
|
|move|p2a: Toxapex|Scald|p1a: Clefable
|-damage|p1a: Clefable|83/100 par
|move|p1a: Clefable|Thunderbolt|p2a: Toxapex
|-supereffective|p2a: Toxapex
|-damage|p2a: Toxapex|0 fnt
|faint|p2a: Toxapex
|
|upkeep
|inactive|Battle timer is ON: inactive players will automatically lose when time's up. (requested by Gotmyvanson)
|
|switch|p2a: Melmetal|Melmetal|59/100
|-damage|p2a: Melmetal|53/100|[from] Stealth Rock
|turn|72
|inactiveoff|Battle timer is now OFF.
|inactive|Battle timer is ON: inactive players will automatically lose when time's up. (requested by OUTJ 0IQ)
|c|☆Gotmyvanson|I thoight stall gen 8 was dead
|
|move|p2a: Melmetal|Double Iron Bash|p1a: Clefable
|-supereffective|p1a: Clefable
|-damage|p1a: Clefable|8/100 par
|-supereffective|p1a: Clefable
|-damage|p1a: Clefable|0 fnt
|-hitcount|p1a: Clefable|2
|faint|p1a: Clefable
|
|-heal|p2a: Melmetal|59/100|[from] item: Leftovers
|upkeep
|
|switch|p1a: Dragapult|Dragapult, M|37/100 tox
|turn|73
|
|move|p1a: Dragapult|Fire Blast|p2a: Melmetal
|-supereffective|p2a: Melmetal
|-damage|p2a: Melmetal|0 fnt
|-damage|p1a: Dragapult|28/100 tox|[from] item: Life Orb
|faint|p2a: Melmetal
|
|-damage|p1a: Dragapult|22/100 tox|[from] psn
|upkeep
|
|switch|p2a: Clefable|Clefable, M|42/100
|turn|74
|
|move|p1a: Dragapult|Shadow Ball|p2a: Clefable
|-damage|p2a: Clefable|12/100
|-damage|p1a: Dragapult|12/100 tox|[from] item: Life Orb
|move|p2a: Clefable|Moonblast|p1a: Dragapult
|-supereffective|p1a: Dragapult
|-damage|p1a: Dragapult|0 fnt
|faint|p1a: Dragapult
|
|win|OUTJ 0IQ
|c|☆OUTJ 0IQ|gg
|raw|Gotmyvanson's rating: 1562 &rarr; <strong>1542</strong><br />(-20 for losing)
|raw|OUTJ 0IQ's rating: 1574 &rarr; <strong>1594</strong><br />(+20 for winning)
|c|☆Gotmyvanson|Gg
|l|☆OUTJ 0IQ
|l|☆Gotmyvanson
|l| sceptile rain
