|j|☆Navys_1
|j|☆triple6underground
|t:|1631999417
|gametype|singles
|player|p1|Navys_1|pokemaniac|1209
|player|p2|triple6underground|ash-capbackward|1197
|teamsize|p1|6
|teamsize|p2|6
|gen|8
|tier|[Gen 8] OU
|rated|
|rule|Sleep Clause Mod: Limit one foe put to sleep
|rule|Species Clause: Limit one of each Pokémon
|rule|OHKO Clause: OHKO moves are banned
|rule|Evasion Moves Clause: Evasion moves are banned
|rule|Endless Battle Clause: Forcing endless battles is banned
|rule|HP Percentage Mod: HP is shown in percentages
|rule|Dynamax Clause: You cannot dynamax
|clearpoke
|poke|p1|Gengar, M|
|poke|p1|Ferrothorn, M|
|poke|p1|Toxapex, F|
|poke|p1|Jirachi|
|poke|p1|Whimsicott, M|
|poke|p1|Clefable, F|
|poke|p2|Togekiss, M|
|poke|p2|Dragapult, M|
|poke|p2|Scizor, F|
|poke|p2|Kartana|
|poke|p2|Zeraora|
|poke|p2|Urshifu-*, F|
|teampreview
|
|t:|1631999425
|start
|switch|p1a: Jepikelecu|Ferrothorn, M|100/100
|switch|p2a: Togekiss|Togekiss, M, shiny|100/100
|turn|1
|
|t:|1631999434
|move|p2a: Togekiss|Fire Blast|p1a: Jepikelecu
|-supereffective|p1a: Jepikelecu
|-damage|p1a: Jepikelecu|0 fnt
|faint|p1a: Jepikelecu
|
|upkeep
|
|t:|1631999444
|switch|p1a: Jefétrépeurre|Jirachi, shiny|100/100
|turn|2
|
|t:|1631999447
|move|p1a: Jefétrépeurre|Iron Head|p2a: Togekiss
|-supereffective|p2a: Togekiss
|-damage|p2a: Togekiss|23/100
|cant|p2a: Togekiss|flinch
|
|upkeep
|turn|3
|
|t:|1631999454
|switch|p2a: Scizor|Scizor, F, shiny|100/100
|move|p1a: Jefétrépeurre|Iron Head|p2a: Scizor
|-resisted|p2a: Scizor
|-damage|p2a: Scizor|85/100
|
|upkeep
|turn|4
|
|t:|1631999463
|switch|p1a: Jémelavi|Clefable, F, shiny|100/100
|move|p2a: Scizor|Superpower|p1a: Jémelavi
|-resisted|p1a: Jémelavi
|-damage|p1a: Jémelavi|69/100
|-unboost|p2a: Scizor|atk|1
|-unboost|p2a: Scizor|def|1
|-damage|p2a: Scizor|75/100|[from] item: Life Orb
|
|-heal|p1a: Jémelavi|75/100|[from] item: Leftovers
|upkeep
|turn|5
|
|t:|1631999474
|switch|p1a: Toxicomane|Toxapex, F, shiny|100/100
|move|p2a: Scizor|Bullet Punch|p1a: Toxicomane
|-resisted|p1a: Toxicomane
|-damage|p1a: Toxicomane|92/100
|-damage|p2a: Scizor|65/100|[from] item: Life Orb
|
|-heal|p1a: Toxicomane|98/100|[from] item: Black Sludge
|upkeep
|turn|6
|
|t:|1631999484
|switch|p2a: Kartana|Kartana|100/100
|move|p1a: Toxicomane|Liquidation|p2a: Kartana
|-resisted|p2a: Kartana
|-damage|p2a: Kartana|90/100
|
|-heal|p1a: Toxicomane|100/100|[from] item: Black Sludge
|upkeep
|turn|7
|
|t:|1631999494
|switch|p1a: Jémelavi|Clefable, F, shiny|75/100
|move|p2a: Kartana|Leaf Blade|p1a: Jémelavi
|-damage|p1a: Jémelavi|0 fnt
|faint|p1a: Jémelavi
|-ability|p2a: Kartana|Beast Boost|boost
|-boost|p2a: Kartana|atk|1
|-damage|p2a: Kartana|80/100|[from] item: Life Orb
|
|upkeep
|
|t:|1631999504
|switch|p1a: Jefétrépeurre|Jirachi, shiny|100/100
|turn|8
|
|t:|1631999512
|move|p1a: Jefétrépeurre|Fire Punch|p2a: Kartana
|-supereffective|p2a: Kartana
|-damage|p2a: Kartana|0 fnt
|faint|p2a: Kartana
|
|upkeep
|
|t:|1631999518
|switch|p2a: Togekiss|Togekiss, M, shiny|23/100
|turn|9
|
|t:|1631999521
|move|p1a: Jefétrépeurre|Fire Punch|p2a: Togekiss
|-damage|p2a: Togekiss|0 fnt
|faint|p2a: Togekiss
|
|upkeep
|
|t:|1631999527
|switch|p2a: Zeraora|Zeraora, shiny|100/100
|turn|10
|
|t:|1631999530
|move|p1a: Jefétrépeurre|Fire Punch|p2a: Zeraora
|-damage|p2a: Zeraora|69/100
|move|p2a: Zeraora|Blaze Kick|p1a: Jefétrépeurre
|-supereffective|p1a: Jefétrépeurre
|-damage|p1a: Jefétrépeurre|25/100
|-damage|p2a: Zeraora|59/100|[from] item: Life Orb
|
|upkeep
|turn|11
|
|t:|1631999537
|switch|p1a: Toxicomane|Toxapex, F, shiny|100/100
|move|p2a: Zeraora|Blaze Kick|p1a: Toxicomane
|-resisted|p1a: Toxicomane
|-damage|p1a: Toxicomane|89/100
|-damage|p2a: Zeraora|49/100|[from] item: Life Orb
|
|-heal|p1a: Toxicomane|96/100|[from] item: Black Sludge
|upkeep
|turn|12
|
|t:|1631999546
|switch|p1a: Reloulito|Whimsicott, M, shiny|100/100
|move|p2a: Zeraora|Plasma Fists|p1a: Reloulito
|-resisted|p1a: Reloulito
|-damage|p1a: Reloulito|77/100
|-damage|p2a: Zeraora|39/100|[from] item: Life Orb
|
|-heal|p1a: Reloulito|83/100|[from] item: Leftovers
|upkeep
|turn|13
|
|t:|1631999557
|move|p1a: Reloulito|Encore|p2a: Zeraora
|-start|p2a: Zeraora|Encore
|move|p2a: Zeraora|Plasma Fists|p1a: Reloulito
|-resisted|p1a: Reloulito
|-damage|p1a: Reloulito|59/100
|-damage|p2a: Zeraora|30/100|[from] item: Life Orb
|
|-heal|p1a: Reloulito|65/100|[from] item: Leftovers
|upkeep
|turn|14
|
|t:|1631999569
|switch|p2a: Urshifu|Urshifu-Rapid-Strike, F, shiny|100/100
|move|p1a: Reloulito|Moonblast|p2a: Urshifu
|-supereffective|p2a: Urshifu
|-damage|p2a: Urshifu|21/100
|
|-heal|p1a: Reloulito|71/100|[from] item: Leftovers
|upkeep
|turn|15
|
|t:|1631999582
|move|p1a: Reloulito|Stun Spore|p2a: Urshifu|[miss]
|-miss|p1a: Reloulito|p2a: Urshifu
|move|p2a: Urshifu|Fire Punch|p1a: Reloulito
|-supereffective|p1a: Reloulito
|-damage|p1a: Reloulito|12/100
|-damage|p2a: Urshifu|11/100|[from] item: Life Orb
|
|-heal|p1a: Reloulito|18/100|[from] item: Leftovers
|upkeep
|turn|16
|
|t:|1631999591
|switch|p2a: Scizor|Scizor, F, shiny|65/100
|move|p1a: Reloulito|Stun Spore|p2a: Scizor
|-status|p2a: Scizor|par
|
|-heal|p1a: Reloulito|24/100|[from] item: Leftovers
|upkeep
|turn|17
|
|t:|1631999600
|cant|p2a: Scizor|par
|move|p1a: Reloulito|U-turn|p2a: Scizor
|-resisted|p2a: Scizor
|-damage|p2a: Scizor|60/100 par
|
|t:|1631999605
|switch|p1a: Jefétrépeurre|Jirachi, shiny|25/100|[from]move: U-turn
|
|upkeep
|turn|18
|
|t:|1631999609
|move|p2a: Scizor|Bullet Punch|p1a: Jefétrépeurre
|-resisted|p1a: Jefétrépeurre
|-damage|p1a: Jefétrépeurre|1/100
|-damage|p2a: Scizor|50/100 par|[from] item: Life Orb
|move|p1a: Jefétrépeurre|Fire Punch|p2a: Scizor
|-supereffective|p2a: Scizor
|-damage|p2a: Scizor|0 fnt
|faint|p2a: Scizor
|
|upkeep
|
|t:|1631999617
|switch|p2a: Urshifu|Urshifu-Rapid-Strike, F, shiny|11/100
|turn|19
|
|t:|1631999620
|move|p1a: Jefétrépeurre|Fire Punch|p2a: Urshifu
|-resisted|p2a: Urshifu
|-damage|p2a: Urshifu|0 fnt
|faint|p2a: Urshifu
|
|upkeep
|
|t:|1631999625
|switch|p2a: Zeraora|Zeraora, shiny|30/100
|turn|20
|
|t:|1631999628
|move|p1a: Jefétrépeurre|Fire Punch|p2a: Zeraora
|-damage|p2a: Zeraora|2/100
|move|p2a: Zeraora|Blaze Kick|p1a: Jefétrépeurre
|-supereffective|p1a: Jefétrépeurre
|-damage|p1a: Jefétrépeurre|0 fnt
|faint|p1a: Jefétrépeurre
|-damage|p2a: Zeraora|0 fnt|[from] item: Life Orb
|faint|p2a: Zeraora
|
|upkeep
|
|t:|1631999637
|switch|p2a: Dragapult|Dragapult, M, shiny|100/100
|switch|p1a: Toxicomane|Toxapex, F, shiny|100/100
|turn|21
|c|☆Navys_1|Gg
|
|t:|1631999643
|move|p2a: Dragapult|Thunderbolt|p1a: Toxicomane
|-supereffective|p1a: Toxicomane
|-damage|p1a: Toxicomane|42/100
|-damage|p2a: Dragapult|91/100|[from] item: Life Orb
|move|p1a: Toxicomane|Toxic|p2a: Dragapult
|-status|p2a: Dragapult|tox
|
|-heal|p1a: Toxicomane|49/100|[from] item: Black Sludge
|-damage|p2a: Dragapult|85/100 tox|[from] psn
|upkeep
|turn|22
|
|t:|1631999652
|move|p1a: Toxicomane|Protect|p1a: Toxicomane
|-singleturn|p1a: Toxicomane|Protect
|move|p2a: Dragapult|Thunderbolt|p1a: Toxicomane
|-activate|p1a: Toxicomane|move: Protect
|
|-heal|p1a: Toxicomane|55/100|[from] item: Black Sludge
|-damage|p2a: Dragapult|73/100 tox|[from] psn
|upkeep
|turn|23
|
|t:|1631999661
|move|p2a: Dragapult|Thunderbolt|p1a: Toxicomane
|-supereffective|p1a: Toxicomane
|-damage|p1a: Toxicomane|0 fnt
|faint|p1a: Toxicomane
|-damage|p2a: Dragapult|63/100 tox|[from] item: Life Orb
|
|-damage|p2a: Dragapult|45/100 tox|[from] psn
|upkeep
|
|t:|1631999668
|switch|p1a: Reloulito|Whimsicott, M, shiny|24/100
|turn|24
|
|t:|1631999671
|move|p2a: Dragapult|Fire Blast|p1a: Reloulito
|-supereffective|p1a: Reloulito
|-damage|p1a: Reloulito|0 fnt
|faint|p1a: Reloulito
|-damage|p2a: Dragapult|35/100 tox|[from] item: Life Orb
|
|-damage|p2a: Dragapult|12/100 tox|[from] psn
|upkeep
|
|t:|1631999679
|switch|p1a: Jteléche|Gengar, M, shiny|100/100
|turn|25
|
|t:|1631999690
|move|p1a: Jteléche|Substitute|p1a: Jteléche
|-start|p1a: Jteléche|Substitute
|-damage|p1a: Jteléche|76/100
|move|p2a: Dragapult|Fire Blast|p1a: Jteléche
|-damage|p1a: Jteléche|0 fnt
|faint|p1a: Jteléche
|-damage|p2a: Dragapult|2/100 tox|[from] item: Life Orb
|
|win|triple6underground
|raw|Navys_1's rating: 1209 &rarr; <strong>1183</strong><br />(-26 for losing)
|raw|triple6underground's rating: 1197 &rarr; <strong>1223</strong><br />(+26 for winning)
|c|☆triple6underground|gg
|l|☆Navys_1
