|j|☆cump3
|j|☆FENDINI
|t:|1663452738
|gametype|singles
|player|p1|cump3|schoolkid-gen4|1713
|player|p2|FENDINI|ethan-masters|1649
|teamsize|p1|6
|teamsize|p2|6
|gen|8
|tier|[Gen 8] OU
|rated|
|rule|Sleep Clause Mod: Limit one foe put to sleep
|rule|Species Clause: Limit one of each Pokémon
|rule|OHKO Clause: OHKO moves are banned
|rule|Evasion Items Clause: Evasion items are banned
|rule|Evasion Moves Clause: Evasion moves are banned
|rule|Endless Battle Clause: Forcing endless battles is banned
|rule|HP Percentage Mod: HP is shown in percentages
|rule|Dynamax Clause: You cannot dynamax
|clearpoke
|poke|p1|Skarmory, F|
|poke|p1|Tapu Koko|
|poke|p1|Hawlucha, F|
|poke|p1|Moltres-Galar|
|poke|p1|Latias, F|
|poke|p1|Jirachi|
|poke|p2|Garchomp, F|
|poke|p2|Tornadus-Therian, M|
|poke|p2|Aegislash, F|
|poke|p2|Toxapex, M|
|poke|p2|Rillaboom, F|
|poke|p2|Dragapult, M|
|teampreview
|inactive|Battle timer is ON: inactive players will automatically lose when time's up. (requested by FENDINI)
|c|☆cump3|hf
|c|☆FENDINI|hf
|
|t:|1663452773
|start
|switch|p1a: Skarmory|Skarmory, F, shiny|100/100
|switch|p2a: Dragapult|Dragapult, M|100/100
|turn|1
|
|t:|1663452776
|move|p2a: Dragapult|Shadow Ball|p1a: Skarmory
|-damage|p1a: Skarmory|8/100
|move|p1a: Skarmory|Stealth Rock|p2a: Dragapult
|-sidestart|p2: FENDINI|move: Stealth Rock
|
|upkeep
|turn|2
|-enditem|p1a: Skarmory|Custap Berry|[eat]
|-activate|p1a: Skarmory|item: Custap Berry|[consumed]
|
|t:|1663452780
|move|p1a: Skarmory|Spikes|p2a: Dragapult
|-sidestart|p2: FENDINI|Spikes
|move|p2a: Dragapult|Shadow Ball|p1a: Skarmory
|-damage|p1a: Skarmory|0 fnt
|faint|p1a: Skarmory
|
|upkeep
|
|t:|1663452787
|switch|p1a: Moltres|Moltres-Galar|100/100
|turn|3
|
|t:|1663452790
|switch|p2a: Garchomp|Garchomp, F|100/100
|-damage|p2a: Garchomp|94/100|[from] Stealth Rock
|-damage|p2a: Garchomp|82/100|[from] Spikes
|move|p1a: Moltres|Agility|p1a: Moltres
|-boost|p1a: Moltres|spe|2
|
|-heal|p2a: Garchomp|88/100|[from] item: Leftovers
|upkeep
|turn|4
|
|t:|1663452792
|move|p1a: Moltres|Nasty Plot|p1a: Moltres
|-boost|p1a: Moltres|spa|2
|move|p2a: Garchomp|Toxic|p1a: Moltres
|-status|p1a: Moltres|tox
|
|-heal|p2a: Garchomp|94/100|[from] item: Leftovers
|-damage|p1a: Moltres|94/100 tox|[from] psn
|upkeep
|turn|5
|
|t:|1663452802
|move|p2a: Garchomp|Protect|p2a: Garchomp
|-singleturn|p2a: Garchomp|Protect
|move|p1a: Moltres|Nasty Plot|p1a: Moltres
|-boost|p1a: Moltres|spa|2
|
|-heal|p2a: Garchomp|100/100|[from] item: Leftovers
|-damage|p1a: Moltres|82/100 tox|[from] psn
|upkeep
|turn|6
|
|t:|1663452809
|switch|p2a: Tornadus|Tornadus-Therian, M|100/100
|move|p1a: Moltres|Fiery Wrath|p2a: Tornadus
|-damage|p2a: Tornadus|0 fnt
|faint|p2a: Tornadus
|
|-damage|p1a: Moltres|63/100 tox|[from] psn
|upkeep
|
|t:|1663452823
|switch|p2a: Garchomp|Garchomp, F|100/100
|-damage|p2a: Garchomp|94/100|[from] Stealth Rock
|-damage|p2a: Garchomp|82/100|[from] Spikes
|turn|7
|
|t:|1663452829
|move|p1a: Moltres|Rest|p1a: Moltres
|-status|p1a: Moltres|slp|[from] move: Rest
|-heal|p1a: Moltres|100/100 slp|[silent]
|-enditem|p1a: Moltres|Chesto Berry|[eat]
|-curestatus|p1a: Moltres|slp|[msg]
|move|p2a: Garchomp|Stealth Rock|p1a: Moltres
|-sidestart|p1: cump3|move: Stealth Rock
|
|-heal|p2a: Garchomp|88/100|[from] item: Leftovers
|upkeep
|turn|8
|
|t:|1663452832
|move|p1a: Moltres|Fiery Wrath|p2a: Garchomp
|-damage|p2a: Garchomp|9/100
|move|p2a: Garchomp|Toxic|p1a: Moltres
|-status|p1a: Moltres|tox
|
|-heal|p2a: Garchomp|15/100|[from] item: Leftovers
|-damage|p1a: Moltres|94/100 tox|[from] psn
|upkeep
|turn|9
|
|t:|1663452840
|move|p2a: Garchomp|Protect|p2a: Garchomp
|-singleturn|p2a: Garchomp|Protect
|move|p1a: Moltres|Fiery Wrath|p2a: Garchomp
|-activate|p2a: Garchomp|move: Protect
|
|-heal|p2a: Garchomp|21/100|[from] item: Leftovers
|-damage|p1a: Moltres|82/100 tox|[from] psn
|upkeep
|turn|10
|
|t:|1663452847
|move|p2a: Garchomp|Protect||[still]
|-fail|p2a: Garchomp
|move|p1a: Moltres|Fiery Wrath|p2a: Garchomp
|-damage|p2a: Garchomp|0 fnt
|faint|p2a: Garchomp
|
|-damage|p1a: Moltres|63/100 tox|[from] psn
|upkeep
|
|t:|1663452854
|switch|p2a: Toxapex|Toxapex, M|100/100
|-damage|p2a: Toxapex|88/100|[from] Stealth Rock
|-damage|p2a: Toxapex|75/100|[from] Spikes
|turn|11
|
|t:|1663452857
|move|p1a: Moltres|Fiery Wrath|p2a: Toxapex
|-damage|p2a: Toxapex|0 fnt
|faint|p2a: Toxapex
|
|-damage|p1a: Moltres|38/100 tox|[from] psn
|upkeep
|
|t:|1663452861
|switch|p2a: Rillaboom|Rillaboom, F|100/100
|-damage|p2a: Rillaboom|88/100|[from] Stealth Rock
|-damage|p2a: Rillaboom|76/100|[from] Spikes
|-fieldstart|move: Grassy Terrain|[from] ability: Grassy Surge|[of] p2a: Rillaboom
|turn|12
|
|t:|1663452863
|move|p2a: Rillaboom|Grassy Glide|p1a: Moltres
|-resisted|p1a: Moltres
|-damage|p1a: Moltres|11/100 tox
|move|p1a: Moltres|Fiery Wrath|p2a: Rillaboom
|-damage|p2a: Rillaboom|0 fnt
|faint|p2a: Rillaboom
|
|-damage|p1a: Moltres|0 fnt|[from] psn
|faint|p1a: Moltres
|upkeep
|
|t:|1663452871
|switch|p1a: Tapu Koko|Tapu Koko, shiny|100/100
|switch|p2a: Dragapult|Dragapult, M|100/100
|-damage|p1a: Tapu Koko|88/100|[from] Stealth Rock
|-fieldstart|move: Electric Terrain|[from] ability: Electric Surge|[of] p1a: Tapu Koko
|-damage|p2a: Dragapult|88/100|[from] Stealth Rock
|-damage|p2a: Dragapult|76/100|[from] Spikes
|turn|13
|
|t:|1663452877
|move|p1a: Tapu Koko|Light Screen|p1a: Tapu Koko
|-sidestart|p1: cump3|move: Light Screen
|move|p2a: Dragapult|Shadow Ball|p1a: Tapu Koko
|-damage|p1a: Tapu Koko|11/100
|-unboost|p1a: Tapu Koko|spd|1
|
|upkeep
|turn|14
|
|t:|1663452882
|move|p1a: Tapu Koko|Reflect|p1a: Tapu Koko
|-sidestart|p1: cump3|Reflect
|move|p2a: Dragapult|Shadow Ball|p1a: Tapu Koko
|-damage|p1a: Tapu Koko|0 fnt
|faint|p1a: Tapu Koko
|
|upkeep
|
|t:|1663452899
|switch|p1a: Jirachi|Jirachi|100/100
|-damage|p1a: Jirachi|94/100|[from] Stealth Rock
|turn|15
|
|t:|1663452901
|move|p1a: Jirachi|Iron Head|p2a: Dragapult
|-damage|p2a: Dragapult|31/100
|move|p2a: Dragapult|Shadow Ball|p1a: Jirachi
|-supereffective|p1a: Jirachi
|-damage|p1a: Jirachi|0 fnt
|faint|p1a: Jirachi
|
|upkeep
|
|t:|1663452906
|switch|p1a: Latias|Latias, F|100/100
|-damage|p1a: Latias|88/100|[from] Stealth Rock
|turn|16
|
|t:|1663452913
|move|p2a: Dragapult|Shadow Ball|p1a: Latias
|-supereffective|p1a: Latias
|-damage|p1a: Latias|4/100
|-enditem|p1a: Latias|Weakness Policy
|-boost|p1a: Latias|atk|2|[from] item: Weakness Policy
|-boost|p1a: Latias|spa|2|[from] item: Weakness Policy
|move|p1a: Latias|Agility|p1a: Latias
|-boost|p1a: Latias|spe|2
|
|upkeep
|turn|17
|
|t:|1663452920
|move|p1a: Latias|Stored Power|p2a: Dragapult
|-damage|p2a: Dragapult|0 fnt
|faint|p2a: Dragapult
|
|-fieldend|move: Electric Terrain
|upkeep
|
|t:|1663452922
|switch|p2a: Aegislash|Aegislash, F|100/100
|-damage|p2a: Aegislash|94/100|[from] Stealth Rock
|-damage|p2a: Aegislash|82/100|[from] Spikes
|turn|18
|
|t:|1663452924
|-formechange|p2a: Aegislash|Aegislash-Blade||[from] ability: Stance Change
|move|p2a: Aegislash|Shadow Sneak|p1a: Latias
|-supereffective|p1a: Latias
|-damage|p1a: Latias|0 fnt
|faint|p1a: Latias
|
|upkeep
|
|t:|1663452926
|switch|p1a: Hawlucha|Hawlucha, F|100/100
|-damage|p1a: Hawlucha|88/100|[from] Stealth Rock
|turn|19
|
|t:|1663452930
|move|p1a: Hawlucha|Swords Dance|p1a: Hawlucha
|-boost|p1a: Hawlucha|atk|2
|move|p2a: Aegislash|Shadow Ball|p1a: Hawlucha
|-damage|p1a: Hawlucha|50/100
|
|upkeep
|turn|20
|
|t:|1663452937
|move|p1a: Hawlucha|Acrobatics|p2a: Aegislash
|-resisted|p2a: Aegislash
|-damage|p2a: Aegislash|15/100
|move|p2a: Aegislash|Shadow Ball|p1a: Hawlucha
|-damage|p1a: Hawlucha|8/100
|
|-sideend|p1: cump3|move: Light Screen
|upkeep
|turn|21
|
|t:|1663452940
|move|p2a: Aegislash|Shadow Sneak|p1a: Hawlucha
|-damage|p1a: Hawlucha|0 fnt
|faint|p1a: Hawlucha
|
|win|FENDINI
|raw|cump3's rating: 1713 &rarr; <strong>1689</strong><br />(-24 for losing)
|raw|FENDINI's rating: 1649 &rarr; <strong>1673</strong><br />(+24 for winning)
|l|☆cump3
