|j|☆Kaleor
|j|☆minimax_ai
|t:|1661317833
|gametype|singles
|player|p1|Kaleor|swimmer-gen4dp|1562
|player|p2|minimax_ai|lusamine-nihilego|1518
|teamsize|p1|6
|teamsize|p2|6
|gen|8
|tier|[Gen 8] OU
|rated|
|rule|Sleep Clause Mod: Limit one foe put to sleep
|rule|Species Clause: Limit one of each Pokémon
|rule|OHKO Clause: OHKO moves are banned
|rule|Evasion Items Clause: Evasion items are banned
|rule|Evasion Moves Clause: Evasion moves are banned
|rule|Endless Battle Clause: Forcing endless battles is banned
|rule|HP Percentage Mod: HP is shown in percentages
|rule|Dynamax Clause: You cannot dynamax
|clearpoke
|poke|p1|Rillaboom, M|
|poke|p1|Garchomp, F|
|poke|p1|Moltres|
|poke|p1|Conkeldurr, M|
|poke|p1|Magnezone|
|poke|p1|Tapu Fini|
|poke|p2|Rotom-Wash|
|poke|p2|Weavile, F|
|poke|p2|Landorus-Therian, M|
|poke|p2|Heatran, M|
|poke|p2|Tangrowth, M|
|poke|p2|Melmetal|
|teampreview
|inactive|Battle timer is ON: inactive players will automatically lose when time's up. (requested by Kaleor)
|c|☆minimax_ai|hf
|inactive|minimax_ai also wants the timer to be on.
|
|t:|1661317842
|start
|switch|p1a: Garchomp|Garchomp, F|100/100
|switch|p2a: Tangrowth|Tangrowth, M|100/100
|turn|1
|
|t:|1661317844
|move|p1a: Garchomp|Toxic|p2a: Tangrowth
|-status|p2a: Tangrowth|tox
|move|p2a: Tangrowth|Giga Drain|p1a: Garchomp
|-damage|p1a: Garchomp|70/100
|
|-damage|p2a: Tangrowth|94/100 tox|[from] psn
|upkeep
|turn|2
|
|t:|1661317846
|move|p1a: Garchomp|Stealth Rock|p2a: Tangrowth
|-sidestart|p2: minimax_ai|move: Stealth Rock
|move|p2a: Tangrowth|Giga Drain|p1a: Garchomp
|-damage|p1a: Garchomp|43/100
|-heal|p2a: Tangrowth|100/100 tox|[from] drain|[of] p1a: Garchomp
|
|-damage|p2a: Tangrowth|88/100 tox|[from] psn
|upkeep
|turn|3
|
|t:|1661317848
|move|p1a: Garchomp|Flamethrower|p2a: Tangrowth
|-supereffective|p2a: Tangrowth
|-damage|p2a: Tangrowth|36/100 tox
|move|p2a: Tangrowth|Giga Drain|p1a: Garchomp
|-damage|p1a: Garchomp|11/100
|-heal|p2a: Tangrowth|52/100 tox|[from] drain|[of] p1a: Garchomp
|
|-damage|p2a: Tangrowth|34/100 tox|[from] psn
|upkeep
|turn|4
|
|t:|1661317852
|switch|p2a: landorustherian|Landorus-Therian, M|100/100
|-damage|p2a: landorustherian|88/100|[from] Stealth Rock
|-ability|p2a: landorustherian|Intimidate|boost
|-unboost|p1a: Garchomp|atk|1
|move|p1a: Garchomp|Earthquake|p2a: landorustherian
|-immune|p2a: landorustherian
|
|-heal|p2a: landorustherian|94/100|[from] item: Leftovers
|upkeep
|turn|5
|
|t:|1661317857
|move|p1a: Garchomp|Toxic|p2a: landorustherian
|-status|p2a: landorustherian|tox
|move|p2a: landorustherian|Defog|p1a: Garchomp
|-unboost|p1a: Garchomp|evasion|1
|-sideend|p2: minimax_ai|Stealth Rock|[from] move: Defog|[of] p2a: landorustherian
|
|-heal|p2a: landorustherian|99/100 tox|[from] item: Leftovers
|-damage|p2a: landorustherian|94/100 tox|[from] psn
|upkeep
|turn|6
|
|t:|1661317862
|move|p1a: Garchomp|Stealth Rock|p2a: landorustherian
|-sidestart|p2: minimax_ai|move: Stealth Rock
|move|p2a: landorustherian|Toxic|p1a: Garchomp
|-status|p1a: Garchomp|tox
|
|-heal|p2a: landorustherian|99/100 tox|[from] item: Leftovers
|-damage|p1a: Garchomp|5/100 tox|[from] psn
|-damage|p2a: landorustherian|88/100 tox|[from] psn
|upkeep
|turn|7
|
|t:|1661317872
|switch|p1a: Conkeldurr|Conkeldurr, M|100/100
|move|p2a: landorustherian|Defog|p1a: Conkeldurr
|-unboost|p1a: Conkeldurr|evasion|1
|-sideend|p2: minimax_ai|Stealth Rock|[from] move: Defog|[of] p2a: landorustherian
|
|-heal|p2a: landorustherian|94/100 tox|[from] item: Leftovers
|-damage|p2a: landorustherian|76/100 tox|[from] psn
|-status|p1a: Conkeldurr|brn|[from] item: Flame Orb
|upkeep
|turn|8
|
|t:|1661317874
|move|p2a: landorustherian|Earthquake|p1a: Conkeldurr
|-damage|p1a: Conkeldurr|58/100 brn
|move|p1a: Conkeldurr|Facade|p2a: landorustherian
|-damage|p2a: landorustherian|1/100 tox
|
|-heal|p2a: landorustherian|7/100 tox|[from] item: Leftovers
|-damage|p2a: landorustherian|0 fnt|[from] psn
|faint|p2a: landorustherian
|-damage|p1a: Conkeldurr|52/100 brn|[from] brn
|upkeep
|
|t:|1661317874
|switch|p2a: Heatran|Heatran, M|100/100
|-item|p2a: Heatran|Air Balloon
|turn|9
|
|t:|1661317882
|move|p2a: Heatran|Magma Storm|p1a: Conkeldurr
|-damage|p1a: Conkeldurr|0 fnt
|faint|p1a: Conkeldurr
|
|upkeep
|
|t:|1661317887
|switch|p1a: Tapu Fini|Tapu Fini|100/100
|-fieldstart|move: Misty Terrain|[from] ability: Misty Surge|[of] p1a: Tapu Fini
|turn|10
|
|t:|1661317889
|switch|p2a: Melmetal|Melmetal|100/100
|move|p1a: Tapu Fini|Surf|p2a: Melmetal
|-damage|p2a: Melmetal|79/100
|
|upkeep
|turn|11
|
|t:|1661317892
|switch|p1a: Moltres|Moltres|100/100
|move|p2a: Melmetal|Double Iron Bash|p1a: Moltres
|-resisted|p1a: Moltres
|-damage|p1a: Moltres|88/100
|-resisted|p1a: Moltres
|-damage|p1a: Moltres|75/100
|-hitcount|p1a: Moltres|2
|
|upkeep
|turn|12
|
|t:|1661317900
|switch|p1a: Garchomp|Garchomp, F|5/100 tox
|switch|p2a: Heatran|Heatran, M|100/100
|-item|p2a: Heatran|Air Balloon
|
|-damage|p1a: Garchomp|0 fnt|[from] psn
|faint|p1a: Garchomp
|upkeep
|
|t:|1661317903
|switch|p1a: Rillaboom|Rillaboom, M|100/100
|-fieldstart|move: Grassy Terrain|[from] ability: Grassy Surge|[of] p1a: Rillaboom
|turn|13
|
|t:|1661317906
|switch|p2a: Tangrowth|Tangrowth, M|67/100 tox
|move|p1a: Rillaboom|U-turn|p2a: Tangrowth
|-supereffective|p2a: Tangrowth
|-crit|p2a: Tangrowth
|-damage|p2a: Tangrowth|8/100 tox
|-damage|p1a: Rillaboom|84/100|[from] item: Rocky Helmet|[of] p2a: Tangrowth
|
|t:|1661317909
|switch|p1a: Magnezone|Magnezone|100/100|[from]move: U-turn
|
|-heal|p2a: Tangrowth|15/100 tox|[from] Grassy Terrain
|-damage|p2a: Tangrowth|8/100 tox|[from] psn
|upkeep
|turn|14
|
|t:|1661317911
|switch|p2a: Melmetal|Melmetal|79/100
|move|p1a: Magnezone|Volt Switch|p2a: Melmetal
|-damage|p2a: Melmetal|46/100
|
|t:|1661317914
|switch|p1a: Moltres|Moltres|75/100|[from]move: Volt Switch
|
|-heal|p2a: Melmetal|52/100|[from] Grassy Terrain
|upkeep
|turn|15
|
|t:|1661317923
|switch|p1a: Tapu Fini|Tapu Fini|100/100
|-fieldstart|move: Misty Terrain|[from] ability: Misty Surge|[of] p1a: Tapu Fini
|switch|p2a: Heatran|Heatran, M|100/100
|-item|p2a: Heatran|Air Balloon
|
|upkeep
|turn|16
|
|t:|1661317926
|switch|p2a: Melmetal|Melmetal|52/100
|move|p1a: Tapu Fini|Surf|p2a: Melmetal
|-damage|p2a: Melmetal|32/100
|
|upkeep
|turn|17
|
|t:|1661317934
|switch|p1a: Moltres|Moltres|75/100
|move|p2a: Melmetal|Double Iron Bash|p1a: Moltres
|-resisted|p1a: Moltres
|-damage|p1a: Moltres|62/100
|-resisted|p1a: Moltres
|-damage|p1a: Moltres|47/100
|-hitcount|p1a: Moltres|2
|
|upkeep
|turn|18
|
|t:|1661317937
|switch|p2a: Heatran|Heatran, M|100/100
|-item|p2a: Heatran|Air Balloon
|move|p1a: Moltres|Roost|p1a: Moltres
|-heal|p1a: Moltres|97/100
|-singleturn|p1a: Moltres|move: Roost
|
|upkeep
|turn|19
|
|t:|1661317940
|switch|p1a: Tapu Fini|Tapu Fini|100/100
|move|p2a: Heatran|Magma Storm|p1a: Tapu Fini
|-resisted|p1a: Tapu Fini
|-crit|p1a: Tapu Fini
|-damage|p1a: Tapu Fini|62/100
|-activate|p1a: Tapu Fini|move: Magma Storm|[of] p2a: Heatran
|
|-damage|p1a: Tapu Fini|49/100|[from] move: Magma Storm|[partiallytrapped]
|-fieldend|Misty Terrain
|upkeep
|turn|20
|
|t:|1661317942
|move|p1a: Tapu Fini|Surf|p2a: Heatran
|-supereffective|p2a: Heatran
|-damage|p2a: Heatran|19/100
|-enditem|p2a: Heatran|Air Balloon
|move|p2a: Heatran|Magma Storm|p1a: Tapu Fini|[miss]
|-miss|p2a: Heatran|p1a: Tapu Fini
|
|-damage|p1a: Tapu Fini|37/100|[from] move: Magma Storm|[partiallytrapped]
|upkeep
|turn|21
|
|t:|1661317945
|switch|p2a: Tangrowth|Tangrowth, M|42/100 tox
|move|p1a: Tapu Fini|Surf|p2a: Tangrowth
|-resisted|p2a: Tangrowth
|-damage|p2a: Tangrowth|16/100 tox
|
|-damage|p2a: Tangrowth|10/100 tox|[from] psn
|-end|p1a: Tapu Fini|Magma Storm|[partiallytrapped]|[silent]
|upkeep
|turn|22
|
|t:|1661317947
|switch|p2a: Weavile|Weavile, F|100/100
|-ability|p2a: Weavile|Pressure
|move|p1a: Tapu Fini|Surf|p2a: Weavile
|-damage|p2a: Weavile|50/100
|
|upkeep
|turn|23
|
|t:|1661317950
|switch|p2a: Tangrowth|Tangrowth, M|43/100 tox
|move|p1a: Tapu Fini|Surf|p2a: Tangrowth
|-resisted|p2a: Tangrowth
|-damage|p2a: Tangrowth|17/100 tox
|
|-damage|p2a: Tangrowth|10/100 tox|[from] psn
|upkeep
|turn|24
|
|t:|1661317951
|switch|p2a: rotomwash|Rotom-Wash|100/100
|move|p1a: Tapu Fini|Surf|p2a: rotomwash
|-resisted|p2a: rotomwash
|-damage|p2a: rotomwash|81/100
|
|-heal|p2a: rotomwash|87/100|[from] item: Leftovers
|upkeep
|turn|25
|
|t:|1661317955
|switch|p1a: Magnezone|Magnezone|100/100
|move|p2a: rotomwash|Thunderbolt|p1a: Magnezone
|-resisted|p1a: Magnezone
|-damage|p1a: Magnezone|78/100
|
|-heal|p2a: rotomwash|93/100|[from] item: Leftovers
|upkeep
|turn|26
|
|t:|1661317958
|move|p2a: rotomwash|Hydro Pump|p1a: Magnezone
|-damage|p1a: Magnezone|19/100
|move|p1a: Magnezone|Thunderbolt|p2a: rotomwash
|-damage|p2a: rotomwash|8/100
|
|-heal|p2a: rotomwash|15/100|[from] item: Leftovers
|upkeep
|turn|27
|
|t:|1661317962
|switch|p1a: Rillaboom|Rillaboom, M|84/100
|-fieldstart|move: Grassy Terrain|[from] ability: Grassy Surge|[of] p1a: Rillaboom
|move|p2a: rotomwash|Thunderbolt|p1a: Rillaboom
|-resisted|p1a: Rillaboom
|-damage|p1a: Rillaboom|60/100
|
|-heal|p2a: rotomwash|21/100|[from] item: Leftovers
|-heal|p1a: Rillaboom|66/100|[from] Grassy Terrain
|upkeep
|turn|28
|
|t:|1661317965
|switch|p2a: Tangrowth|Tangrowth, M|44/100 tox
|move|p1a: Rillaboom|U-turn|p2a: Tangrowth
|-supereffective|p2a: Tangrowth
|-damage|p2a: Tangrowth|4/100 tox
|-damage|p1a: Rillaboom|50/100|[from] item: Rocky Helmet|[of] p2a: Tangrowth
|
|t:|1661317968
|switch|p1a: Magnezone|Magnezone|19/100|[from]move: U-turn
|
|-heal|p1a: Magnezone|25/100|[from] Grassy Terrain
|-heal|p2a: Tangrowth|11/100 tox|[from] Grassy Terrain
|-damage|p2a: Tangrowth|4/100 tox|[from] psn
|upkeep
|turn|29
|
|t:|1661317970
|move|p1a: Magnezone|Volt Switch|p2a: Tangrowth
|-resisted|p2a: Tangrowth
|-damage|p2a: Tangrowth|0 fnt
|faint|p2a: Tangrowth
|
|t:|1661317974
|switch|p1a: Tapu Fini|Tapu Fini|37/100|[from]move: Volt Switch
|-fieldstart|move: Misty Terrain|[from] ability: Misty Surge|[of] p1a: Tapu Fini
|
|upkeep
|
|t:|1661317974
|switch|p2a: Melmetal|Melmetal|32/100
|turn|30
|
|t:|1661317976
|switch|p1a: Moltres|Moltres|97/100
|move|p2a: Melmetal|Earthquake|p1a: Moltres
|-immune|p1a: Moltres
|
|upkeep
|turn|31
|
|t:|1661317979
|switch|p2a: rotomwash|Rotom-Wash|21/100
|move|p1a: Moltres|Flamethrower|p2a: rotomwash
|-resisted|p2a: rotomwash
|-damage|p2a: rotomwash|3/100
|
|-heal|p2a: rotomwash|9/100|[from] item: Leftovers
|upkeep
|turn|32
|
|t:|1661317987
|switch|p1a: Rillaboom|Rillaboom, M|50/100
|-fieldstart|move: Grassy Terrain|[from] ability: Grassy Surge|[of] p1a: Rillaboom
|move|p2a: rotomwash|Pain Split|p1a: Rillaboom
|-sethp|p1a: Rillaboom|29/100|[from] move: Pain Split|[silent]
|-sethp|p2a: rotomwash|32/100|[from] move: Pain Split
|
|-heal|p2a: rotomwash|39/100|[from] item: Leftovers
|-heal|p1a: Rillaboom|35/100|[from] Grassy Terrain
|upkeep
|turn|33
|
|t:|1661317992
|switch|p2a: Heatran|Heatran, M|19/100
|move|p1a: Rillaboom|U-turn|p2a: Heatran
|-resisted|p2a: Heatran
|-damage|p2a: Heatran|10/100
|
|t:|1661317994
|switch|p1a: Tapu Fini|Tapu Fini|37/100|[from]move: U-turn
|-fieldstart|move: Misty Terrain|[from] ability: Misty Surge|[of] p1a: Tapu Fini
|
|upkeep
|turn|34
|
|t:|1661317997
|move|p1a: Tapu Fini|Surf|p2a: Heatran
|-supereffective|p2a: Heatran
|-damage|p2a: Heatran|0 fnt
|faint|p2a: Heatran
|
|upkeep
|
|t:|1661317997
|switch|p2a: Melmetal|Melmetal|32/100
|turn|35
|
|t:|1661318000
|switch|p1a: Moltres|Moltres|97/100
|move|p2a: Melmetal|Earthquake|p1a: Moltres
|-immune|p1a: Moltres
|
|upkeep
|turn|36
|
|t:|1661318004
|switch|p2a: rotomwash|Rotom-Wash|39/100
|move|p1a: Moltres|Flamethrower|p2a: rotomwash
|-resisted|p2a: rotomwash
|-damage|p2a: rotomwash|19/100
|
|-heal|p2a: rotomwash|25/100|[from] item: Leftovers
|upkeep
|turn|37
|
|t:|1661318008
|switch|p1a: Magnezone|Magnezone|25/100
|move|p2a: rotomwash|Thunderbolt|p1a: Magnezone
|-resisted|p1a: Magnezone
|-damage|p1a: Magnezone|0 fnt
|faint|p1a: Magnezone
|
|-heal|p2a: rotomwash|31/100|[from] item: Leftovers
|-fieldend|Misty Terrain
|upkeep
|
|t:|1661318010
|switch|p1a: Rillaboom|Rillaboom, M|35/100
|-fieldstart|move: Grassy Terrain|[from] ability: Grassy Surge|[of] p1a: Rillaboom
|turn|38
|
|t:|1661318014
|move|p2a: rotomwash|Hydro Pump|p1a: Rillaboom
|-resisted|p1a: Rillaboom
|-damage|p1a: Rillaboom|8/100
|move|p1a: Rillaboom|Knock Off|p2a: rotomwash
|-damage|p2a: rotomwash|0 fnt
|-enditem|p2a: rotomwash|Leftovers|[from] move: Knock Off|[of] p1a: Rillaboom
|faint|p2a: rotomwash
|
|-heal|p1a: Rillaboom|14/100|[from] Grassy Terrain
|upkeep
|
|t:|1661318015
|switch|p2a: Weavile|Weavile, F|50/100
|-ability|p2a: Weavile|Pressure
|turn|39
|
|t:|1661318018
|switch|p1a: Moltres|Moltres|97/100
|move|p2a: Weavile|Triple Axel|p1a: Moltres|[miss]
|-miss|p2a: Weavile|p1a: Moltres
|
|-heal|p2a: Weavile|56/100|[from] Grassy Terrain
|upkeep
|turn|40
|
|t:|1661318020
|move|p2a: Weavile|Triple Axel|p1a: Moltres
|-damage|p1a: Moltres|86/100
|-status|p2a: Weavile|brn|[from] ability: Flame Body|[of] p1a: Moltres
|-damage|p1a: Moltres|76/100
|-damage|p1a: Moltres|60/100
|-hitcount|p1a: Moltres|3
|move|p1a: Moltres|Flamethrower|p2a: Weavile
|-supereffective|p2a: Weavile
|-damage|p2a: Weavile|0 fnt
|faint|p2a: Weavile
|
|upkeep
|
|t:|1661318020
|switch|p2a: Melmetal|Melmetal|32/100
|turn|41
|
|t:|1661318022
|move|p1a: Moltres|Flamethrower|p2a: Melmetal
|-supereffective|p2a: Melmetal
|-damage|p2a: Melmetal|0 fnt
|faint|p2a: Melmetal
|
|win|Kaleor
|raw|Kaleor's rating: 1562 &rarr; <strong>1579</strong><br />(+17 for winning)
|raw|minimax_ai's rating: 1518 &rarr; <strong>1501</strong><br />(-17 for losing)
|c|☆minimax_ai|gg
|l|☆minimax_ai
|c|☆Kaleor|Gg
