|j|☆numberoneswiftie
|j|☆TheonReekGreyjoy
|t:|1664115564
|gametype|singles
|player|p1|numberoneswiftie|swimmerf-gen4|1743
|player|p2|TheonReekGreyjoy|1|1809
|teamsize|p1|6
|teamsize|p2|6
|gen|8
|tier|[Gen 8] OU
|rated|
|rule|Sleep Clause Mod: Limit one foe put to sleep
|rule|Species Clause: Limit one of each Pokémon
|rule|OHKO Clause: OHKO moves are banned
|rule|Evasion Items Clause: Evasion items are banned
|rule|Evasion Moves Clause: Evasion moves are banned
|rule|Endless Battle Clause: Forcing endless battles is banned
|rule|HP Percentage Mod: HP is shown in percentages
|rule|Dynamax Clause: You cannot dynamax
|clearpoke
|poke|p1|Tapu Lele|
|poke|p1|Tornadus-Therian, M|
|poke|p1|Hippowdon, F|
|poke|p1|Toxapex, M|
|poke|p1|Heatran, F|
|poke|p1|Buzzwole|
|poke|p2|Hatterene, F|
|poke|p2|Tornadus-Therian, M|
|poke|p2|Vanilluxe, F|
|poke|p2|Heatran, M|
|poke|p2|Arctozolt|
|poke|p2|Landorus-Therian, M|
|teampreview
|j| Palladiawa A
|
|t:|1664115591
|start
|switch|p1a: Heatran|Heatran, F|100/100
|switch|p2a: Heatran|Heatran, M|100/100
|turn|1
|
|t:|1664115598
|switch|p2a: Tornadus|Tornadus-Therian, M|100/100
|switch|p1a: Hippowdon|Hippowdon, F|100/100
|-weather|Sandstorm|[from] ability: Sand Stream|[of] p1a: Hippowdon
|
|-weather|Sandstorm|[upkeep]
|-damage|p2a: Tornadus|94/100|[from] Sandstorm
|upkeep
|turn|2
|
|t:|1664115604
|move|p2a: Tornadus|Knock Off|p1a: Hippowdon
|-damage|p1a: Hippowdon|87/100
|-enditem|p1a: Hippowdon|Leftovers|[from] move: Knock Off|[of] p2a: Tornadus
|move|p1a: Hippowdon|Toxic|p2a: Tornadus
|-status|p2a: Tornadus|tox
|
|-weather|Sandstorm|[upkeep]
|-damage|p2a: Tornadus|88/100 tox|[from] Sandstorm
|-damage|p2a: Tornadus|82/100 tox|[from] psn
|upkeep
|turn|3
|
|t:|1664115613
|move|p2a: Tornadus|U-turn|p1a: Hippowdon
|-damage|p1a: Hippowdon|76/100
|
|t:|1664115616
|switch|p2a: Landorus|Landorus-Therian, M|100/100|[from]move: U-turn
|-ability|p2a: Landorus|Intimidate|boost
|-unboost|p1a: Hippowdon|atk|1
|move|p1a: Hippowdon|Stealth Rock|p2a: Landorus
|-sidestart|p2: TheonReekGreyjoy|move: Stealth Rock
|
|-weather|Sandstorm|[upkeep]
|upkeep
|turn|4
|j| ggnhax
|
|t:|1664115623
|switch|p1a: Tornadus|Tornadus-Therian, M, shiny|100/100
|move|p2a: Landorus|Toxic|p1a: Tornadus
|-status|p1a: Tornadus|tox
|
|-weather|Sandstorm|[upkeep]
|-damage|p1a: Tornadus|94/100 tox|[from] Sandstorm
|-damage|p1a: Tornadus|88/100 tox|[from] psn
|upkeep
|turn|5
|
|t:|1664115628
|move|p1a: Tornadus|Hurricane|p2a: Landorus
|-damage|p2a: Landorus|72/100
|move|p2a: Landorus|Defog|p1a: Tornadus
|-unboost|p1a: Tornadus|evasion|1
|-sideend|p2: TheonReekGreyjoy|Stealth Rock|[from] move: Defog|[of] p2a: Landorus
|
|-weather|none
|-heal|p2a: Landorus|78/100|[from] item: Leftovers
|-damage|p1a: Tornadus|76/100 tox|[from] psn
|upkeep
|turn|6
|
|t:|1664115639
|switch|p2a: Tornadus|Tornadus-Therian, M|100/100 tox
|move|p1a: Tornadus|Knock Off|p2a: Tornadus
|-damage|p2a: Tornadus|80/100 tox
|-enditem|p2a: Tornadus|Assault Vest|[from] move: Knock Off|[of] p1a: Tornadus
|
|-damage|p2a: Tornadus|74/100 tox|[from] psn
|-damage|p1a: Tornadus|58/100 tox|[from] psn
|upkeep
|turn|7
|
|t:|1664115646
|move|p2a: Tornadus|U-turn|p1a: Tornadus
|-resisted|p1a: Tornadus
|-damage|p1a: Tornadus|50/100 tox
|
|t:|1664115652
|switch|p2a: Heatran|Heatran, M|100/100|[from]move: U-turn
|move|p1a: Tornadus|U-turn|p2a: Heatran
|-resisted|p2a: Heatran
|-damage|p2a: Heatran|98/100
|
|t:|1664115655
|switch|p1a: Hippowdon|Hippowdon, F|76/100|[from]move: U-turn
|-weather|Sandstorm|[from] ability: Sand Stream|[of] p1a: Hippowdon
|
|-weather|Sandstorm|[upkeep]
|-heal|p2a: Heatran|100/100|[from] item: Leftovers
|upkeep
|turn|8
|
|t:|1664115661
|switch|p2a: Hatterene|Hatterene, F|100/100
|move|p1a: Hippowdon|Earthquake|p2a: Hatterene
|-damage|p2a: Hatterene|69/100
|
|-weather|Sandstorm|[upkeep]
|-damage|p2a: Hatterene|63/100|[from] Sandstorm
|-heal|p2a: Hatterene|69/100|[from] item: Leftovers
|upkeep
|turn|9
|
|t:|1664115668
|switch|p1a: Heatran|Heatran, F|100/100
|switch|p2a: Landorus|Landorus-Therian, M|78/100
|-ability|p2a: Landorus|Intimidate|boost
|-unboost|p1a: Heatran|atk|1
|
|-weather|Sandstorm|[upkeep]
|-heal|p2a: Landorus|84/100|[from] item: Leftovers
|upkeep
|turn|10
|
|t:|1664115672
|switch|p1a: Tornadus|Tornadus-Therian, M, shiny|83/100 tox
|move|p2a: Landorus|U-turn|p1a: Tornadus
|-resisted|p1a: Tornadus
|-damage|p1a: Tornadus|71/100 tox
|j| Quagshi
|j| darkcloud1986
|
|t:|1664115681
|switch|p2a: Vanilluxe|Vanilluxe, F|100/100|[from]move: U-turn
|-weather|Hail|[from] ability: Snow Warning|[of] p2a: Vanilluxe
|
|-weather|Hail|[upkeep]
|-damage|p1a: Tornadus|65/100 tox|[from] Hail
|-damage|p1a: Tornadus|59/100 tox|[from] psn
|upkeep
|turn|11
|l| Quagshi
|
|t:|1664115706
|switch|p1a: Heatran|Heatran, F|100/100
|move|p2a: Vanilluxe|Ice Shard|p1a: Heatran
|-resisted|p1a: Heatran
|-damage|p1a: Heatran|98/100
|
|-weather|Hail|[upkeep]
|-damage|p1a: Heatran|91/100|[from] Hail
|-heal|p1a: Heatran|98/100|[from] item: Leftovers
|upkeep
|turn|12
|
|t:|1664115712
|switch|p2a: Tornadus|Tornadus-Therian, M|100/100 tox
|move|p1a: Heatran|Earth Power|p2a: Tornadus
|-immune|p2a: Tornadus
|
|-weather|Hail|[upkeep]
|-damage|p2a: Tornadus|94/100 tox|[from] Hail
|-damage|p1a: Heatran|91/100|[from] Hail
|-heal|p1a: Heatran|98/100|[from] item: Leftovers
|-damage|p2a: Tornadus|88/100 tox|[from] psn
|upkeep
|turn|13
|
|t:|1664115716
|move|p1a: Heatran|Protect|p1a: Heatran
|-singleturn|p1a: Heatran|Protect
|move|p2a: Tornadus|Knock Off|p1a: Heatran
|-activate|p1a: Heatran|move: Protect
|
|-weather|Hail|[upkeep]
|-damage|p2a: Tornadus|82/100 tox|[from] Hail
|-damage|p1a: Heatran|91/100|[from] Hail
|-heal|p1a: Heatran|98/100|[from] item: Leftovers
|-damage|p2a: Tornadus|70/100 tox|[from] psn
|upkeep
|turn|14
|
|t:|1664115724
|switch|p1a: Hippowdon|Hippowdon, F|76/100
|-weather|Sandstorm|[from] ability: Sand Stream|[of] p1a: Hippowdon
|move|p2a: Tornadus|U-turn|p1a: Hippowdon
|-damage|p1a: Hippowdon|66/100
|
|t:|1664115735
|switch|p2a: Landorus|Landorus-Therian, M|84/100|[from]move: U-turn
|-ability|p2a: Landorus|Intimidate|boost
|-unboost|p1a: Hippowdon|atk|1
|
|-weather|Sandstorm|[upkeep]
|-heal|p2a: Landorus|90/100|[from] item: Leftovers
|upkeep
|turn|15
|
|t:|1664115740
|move|p2a: Landorus|U-turn|p1a: Hippowdon
|-damage|p1a: Hippowdon|50/100
|
|t:|1664115742
|switch|p2a: Hatterene|Hatterene, F|69/100|[from]move: U-turn
|move|p1a: Hippowdon|Toxic|p2a: Hatterene
|move|p2a: Hatterene|Toxic|p1a: Hippowdon|[from]ability: Magic Bounce
|-status|p1a: Hippowdon|tox
|
|-weather|Sandstorm|[upkeep]
|-damage|p2a: Hatterene|63/100|[from] Sandstorm
|-heal|p2a: Hatterene|69/100|[from] item: Leftovers
|-damage|p1a: Hippowdon|44/100 tox|[from] psn
|upkeep
|turn|16
|
|t:|1664115752
|move|p1a: Hippowdon|Slack Off|p1a: Hippowdon
|-heal|p1a: Hippowdon|94/100 tox
|move|p2a: Hatterene|Calm Mind|p2a: Hatterene
|-boost|p2a: Hatterene|spa|1
|-boost|p2a: Hatterene|spd|1
|
|-weather|Sandstorm|[upkeep]
|-damage|p2a: Hatterene|63/100|[from] Sandstorm
|-heal|p2a: Hatterene|69/100|[from] item: Leftovers
|-damage|p1a: Hippowdon|82/100 tox|[from] psn
|upkeep
|turn|17
|
|t:|1664115758
|switch|p1a: Heatran|Heatran, F|98/100
|move|p2a: Hatterene|Future Sight|p1a: Heatran
|-start|p2a: Hatterene|move: Future Sight
|
|-weather|Sandstorm|[upkeep]
|-damage|p2a: Hatterene|63/100|[from] Sandstorm
|-heal|p1a: Heatran|100/100|[from] item: Leftovers
|-heal|p2a: Hatterene|69/100|[from] item: Leftovers
|upkeep
|turn|18
|
|t:|1664115770
|move|p1a: Heatran|Magma Storm|p2a: Hatterene
|-damage|p2a: Hatterene|39/100
|-activate|p2a: Hatterene|move: Magma Storm|[of] p1a: Heatran
|move|p2a: Hatterene|Calm Mind|p2a: Hatterene
|-boost|p2a: Hatterene|spa|1
|-boost|p2a: Hatterene|spd|1
|
|-weather|none
|-heal|p2a: Hatterene|45/100|[from] item: Leftovers
|-damage|p2a: Hatterene|33/100|[from] move: Magma Storm|[partiallytrapped]
|upkeep
|turn|19
|j| AllenJoe
|
|t:|1664115775
|move|p1a: Heatran|Protect|p1a: Heatran
|-singleturn|p1a: Heatran|Protect
|move|p2a: Hatterene|Draining Kiss|p1a: Heatran
|-activate|p1a: Heatran|move: Protect
|
|-end|p1a: Heatran|move: Future Sight
|-resisted|p1a: Heatran
|-damage|p1a: Heatran|66/100
|-heal|p1a: Heatran|72/100|[from] item: Leftovers
|-heal|p2a: Hatterene|39/100|[from] item: Leftovers
|-damage|p2a: Hatterene|26/100|[from] move: Magma Storm|[partiallytrapped]
|upkeep
|turn|20
|
|t:|1664115779
|move|p1a: Heatran|Earth Power|p2a: Hatterene
|-damage|p2a: Hatterene|12/100
|-unboost|p2a: Hatterene|spd|1
|move|p2a: Hatterene|Future Sight|p1a: Heatran
|-start|p2a: Hatterene|move: Future Sight
|
|-heal|p1a: Heatran|78/100|[from] item: Leftovers
|-heal|p2a: Hatterene|17/100|[from] item: Leftovers
|-damage|p2a: Hatterene|5/100|[from] move: Magma Storm|[partiallytrapped]
|upkeep
|turn|21
|
|t:|1664115786
|move|p1a: Heatran|Earth Power|p2a: Hatterene
|-damage|p2a: Hatterene|0 fnt
|faint|p2a: Hatterene
|
|-heal|p1a: Heatran|84/100|[from] item: Leftovers
|upkeep
|
|t:|1664115789
|switch|p2a: Landorus|Landorus-Therian, M|90/100
|-ability|p2a: Landorus|Intimidate|boost
|-unboost|p1a: Heatran|atk|1
|turn|22
|
|t:|1664115797
|switch|p1a: Tornadus|Tornadus-Therian, M, shiny|92/100 tox
|move|p2a: Landorus|Earthquake|p1a: Tornadus
|-immune|p1a: Tornadus
|
|-end|p1a: Tornadus|move: Future Sight
|-damage|p1a: Tornadus|38/100 tox
|-heal|p2a: Landorus|96/100|[from] item: Leftovers
|-damage|p1a: Tornadus|32/100 tox|[from] psn
|upkeep
|turn|23
|
|t:|1664115809
|move|p1a: Tornadus|Knock Off|p2a: Landorus
|-damage|p2a: Landorus|77/100
|-enditem|p2a: Landorus|Leftovers|[from] move: Knock Off|[of] p1a: Tornadus
|move|p2a: Landorus|U-turn|p1a: Tornadus
|-resisted|p1a: Tornadus
|-damage|p1a: Tornadus|19/100 tox
|
|t:|1664115815
|switch|p2a: Vanilluxe|Vanilluxe, F|100/100|[from]move: U-turn
|-weather|Hail|[from] ability: Snow Warning|[of] p2a: Vanilluxe
|
|-weather|Hail|[upkeep]
|-damage|p1a: Tornadus|13/100 tox|[from] Hail
|-damage|p1a: Tornadus|1/100 tox|[from] psn
|upkeep
|turn|24
|
|t:|1664115822
|switch|p1a: Heatran|Heatran, F|84/100
|switch|p2a: Landorus|Landorus-Therian, M|77/100
|-ability|p2a: Landorus|Intimidate|boost
|-unboost|p1a: Heatran|atk|1
|
|-weather|Hail|[upkeep]
|-damage|p2a: Landorus|71/100|[from] Hail
|-damage|p1a: Heatran|78/100|[from] Hail
|-heal|p1a: Heatran|84/100|[from] item: Leftovers
|upkeep
|turn|25
|
|t:|1664115828
|move|p1a: Heatran|Protect|p1a: Heatran
|-singleturn|p1a: Heatran|Protect
|move|p2a: Landorus|U-turn|p1a: Heatran
|-activate|p1a: Heatran|move: Protect
|
|-weather|Hail|[upkeep]
|-damage|p2a: Landorus|65/100|[from] Hail
|-damage|p1a: Heatran|78/100|[from] Hail
|-heal|p1a: Heatran|84/100|[from] item: Leftovers
|upkeep
|turn|26
|j| nightsuliu
|
|t:|1664115833
|switch|p1a: Buzzwole|Buzzwole|100/100
|move|p2a: Landorus|U-turn|p1a: Buzzwole
|-resisted|p1a: Buzzwole
|-damage|p1a: Buzzwole|95/100
|
|t:|1664115837
|switch|p2a: Heatran|Heatran, M|100/100|[from]move: U-turn
|
|-weather|Hail|[upkeep]
|-damage|p1a: Buzzwole|89/100|[from] Hail
|-damage|p2a: Heatran|94/100|[from] Hail
|-heal|p2a: Heatran|100/100|[from] item: Leftovers
|upkeep
|turn|27
|
|t:|1664115857
|move|p1a: Buzzwole|Earthquake|p2a: Heatran
|-supereffective|p2a: Heatran
|-damage|p2a: Heatran|16/100
|move|p2a: Heatran|Stealth Rock|p1a: Buzzwole
|-sidestart|p1: numberoneswiftie|move: Stealth Rock
|
|-weather|none
|-heal|p2a: Heatran|23/100|[from] item: Leftovers
|upkeep
|turn|28
|
|t:|1664115867
|move|p2a: Heatran|Protect|p2a: Heatran
|-singleturn|p2a: Heatran|Protect
|move|p1a: Buzzwole|Ice Punch|p2a: Heatran
|-activate|p2a: Heatran|move: Protect
|
|-heal|p2a: Heatran|29/100|[from] item: Leftovers
|upkeep
|turn|29
|
|t:|1664115876
|switch|p2a: Tornadus|Tornadus-Therian, M|100/100 tox
|move|p1a: Buzzwole|Close Combat|p2a: Tornadus
|-resisted|p2a: Tornadus
|-damage|p2a: Tornadus|74/100 tox
|-unboost|p1a: Buzzwole|def|1
|-unboost|p1a: Buzzwole|spd|1
|
|-damage|p2a: Tornadus|68/100 tox|[from] psn
|upkeep
|turn|30
|
|t:|1664115882
|switch|p1a: Hippowdon|Hippowdon, F|82/100 tox
|-damage|p1a: Hippowdon|75/100 tox|[from] Stealth Rock
|-weather|Sandstorm|[from] ability: Sand Stream|[of] p1a: Hippowdon
|move|p2a: Tornadus|U-turn|p1a: Hippowdon
|-damage|p1a: Hippowdon|65/100 tox
|j| 5al-sama
|
|t:|1664115890
|switch|p2a: Vanilluxe|Vanilluxe, F|100/100|[from]move: U-turn
|-weather|Hail|[from] ability: Snow Warning|[of] p2a: Vanilluxe
|
|-weather|Hail|[upkeep]
|-damage|p1a: Hippowdon|59/100 tox|[from] Hail
|-damage|p1a: Hippowdon|52/100 tox|[from] psn
|upkeep
|turn|31
|
|t:|1664115917
|switch|p1a: Heatran|Heatran, F|84/100
|-damage|p1a: Heatran|72/100|[from] Stealth Rock
|move|p2a: Vanilluxe|Blizzard|p1a: Heatran
|-resisted|p1a: Heatran
|-damage|p1a: Heatran|61/100
|
|-weather|Hail|[upkeep]
|-damage|p1a: Heatran|55/100|[from] Hail
|-heal|p1a: Heatran|61/100|[from] item: Leftovers
|upkeep
|turn|32
|
|t:|1664115929
|switch|p2a: Tornadus|Tornadus-Therian, M|100/100 tox
|move|p1a: Heatran|Magma Storm|p2a: Tornadus
|-damage|p2a: Tornadus|55/100 tox
|-activate|p2a: Tornadus|move: Magma Storm|[of] p1a: Heatran
|
|-weather|Hail|[upkeep]
|-damage|p2a: Tornadus|49/100 tox|[from] Hail
|-damage|p1a: Heatran|55/100|[from] Hail
|-heal|p1a: Heatran|61/100|[from] item: Leftovers
|-damage|p2a: Tornadus|43/100 tox|[from] psn
|-damage|p2a: Tornadus|31/100 tox|[from] move: Magma Storm|[partiallytrapped]
|upkeep
|turn|33
|
|t:|1664115935
|move|p1a: Heatran|Protect|p1a: Heatran
|-singleturn|p1a: Heatran|Protect
|move|p2a: Tornadus|U-turn|p1a: Heatran
|-activate|p1a: Heatran|move: Protect
|
|-weather|Hail|[upkeep]
|-damage|p2a: Tornadus|25/100 tox|[from] Hail
|-damage|p1a: Heatran|55/100|[from] Hail
|-heal|p1a: Heatran|61/100|[from] item: Leftovers
|-damage|p2a: Tornadus|12/100 tox|[from] psn
|-damage|p2a: Tornadus|0 fnt|[from] move: Magma Storm|[partiallytrapped]
|faint|p2a: Tornadus
|upkeep
|
|t:|1664115942
|switch|p2a: Landorus|Landorus-Therian, M|65/100
|-ability|p2a: Landorus|Intimidate|boost
|-unboost|p1a: Heatran|atk|1
|turn|34
|
|t:|1664115951
|switch|p1a: Tornadus|Tornadus-Therian, M, shiny|34/100 tox
|move|p2a: Landorus|Earthquake|p1a: Tornadus
|-immune|p1a: Tornadus
|
|-weather|none
|-damage|p1a: Tornadus|28/100 tox|[from] psn
|upkeep
|turn|35
|
|t:|1664115954
|move|p1a: Tornadus|Defog|p2a: Landorus
|-unboost|p2a: Landorus|evasion|1
|-sideend|p1: numberoneswiftie|Stealth Rock|[from] move: Defog|[of] p1a: Tornadus
|move|p2a: Landorus|U-turn|p1a: Tornadus
|-resisted|p1a: Tornadus
|-damage|p1a: Tornadus|16/100 tox
|
|t:|1664115960
|switch|p2a: Vanilluxe|Vanilluxe, F|100/100|[from]move: U-turn
|-weather|Hail|[from] ability: Snow Warning|[of] p2a: Vanilluxe
|
|-weather|Hail|[upkeep]
|-damage|p1a: Tornadus|10/100 tox|[from] Hail
|-damage|p1a: Tornadus|0 fnt|[from] psn
|faint|p1a: Tornadus
|upkeep
|
|t:|1664115965
|switch|p1a: Heatran|Heatran, F|61/100
|turn|36
|
|t:|1664115971
|switch|p2a: Landorus|Landorus-Therian, M|65/100
|-ability|p2a: Landorus|Intimidate|boost
|-unboost|p1a: Heatran|atk|1
|move|p1a: Heatran|Magma Storm|p2a: Landorus
|-damage|p2a: Landorus|34/100
|-activate|p2a: Landorus|move: Magma Storm|[of] p1a: Heatran
|
|-weather|Hail|[upkeep]
|-damage|p2a: Landorus|28/100|[from] Hail
|-damage|p1a: Heatran|55/100|[from] Hail
|-heal|p1a: Heatran|61/100|[from] item: Leftovers
|-damage|p2a: Landorus|15/100|[from] move: Magma Storm|[partiallytrapped]
|upkeep
|turn|37
|c|☆TheonReekGreyjoy|heatran NEVER misses that broken move.
|
|t:|1664115991
|move|p1a: Heatran|Protect|p1a: Heatran
|-singleturn|p1a: Heatran|Protect
|move|p2a: Landorus|Earthquake|p1a: Heatran
|-activate|p1a: Heatran|move: Protect
|
|-weather|Hail|[upkeep]
|-damage|p2a: Landorus|9/100|[from] Hail
|-damage|p1a: Heatran|55/100|[from] Hail
|-heal|p1a: Heatran|61/100|[from] item: Leftovers
|-damage|p2a: Landorus|0 fnt|[from] move: Magma Storm|[partiallytrapped]
|faint|p2a: Landorus
|upkeep
|
|t:|1664115994
|switch|p2a: Arctozolt|Arctozolt|100/100
|turn|38
|
|t:|1664116003
|switch|p1a: Hippowdon|Hippowdon, F|52/100 tox
|-weather|Sandstorm|[from] ability: Sand Stream|[of] p1a: Hippowdon
|move|p2a: Arctozolt|Low Kick|p1a: Hippowdon
|-damage|p1a: Hippowdon|28/100 tox
|
|-weather|Sandstorm|[upkeep]
|-damage|p2a: Arctozolt|94/100|[from] Sandstorm
|-damage|p1a: Hippowdon|22/100 tox|[from] psn
|upkeep
|turn|39
|
|t:|1664116024
|move|p2a: Arctozolt|Freeze-Dry|p1a: Hippowdon
|-supereffective|p1a: Hippowdon
|-damage|p1a: Hippowdon|0 fnt
|faint|p1a: Hippowdon
|
|-weather|Sandstorm|[upkeep]
|-damage|p2a: Arctozolt|88/100|[from] Sandstorm
|upkeep
|
|t:|1664116025
|switch|p1a: Tapu Lele|Tapu Lele|100/100
|-fieldstart|move: Psychic Terrain|[from] ability: Psychic Surge|[of] p1a: Tapu Lele
|turn|40
|
|t:|1664116035
|switch|p2a: Heatran|Heatran, M|29/100
|move|p1a: Tapu Lele|Moonblast|p2a: Heatran
|-resisted|p2a: Heatran
|-crit|p2a: Heatran
|-damage|p2a: Heatran|8/100
|
|-weather|Sandstorm|[upkeep]
|-damage|p1a: Tapu Lele|94/100|[from] Sandstorm
|-heal|p2a: Heatran|14/100|[from] item: Leftovers
|upkeep
|turn|41
|
|t:|1664116042
|move|p1a: Tapu Lele|Moonblast|p2a: Heatran
|-resisted|p2a: Heatran
|-damage|p2a: Heatran|0 fnt
|faint|p2a: Heatran
|
|-weather|Sandstorm|[upkeep]
|-damage|p1a: Tapu Lele|88/100|[from] Sandstorm
|upkeep
|c|☆TheonReekGreyjoy|lmao
|
|t:|1664116049
|switch|p2a: Vanilluxe|Vanilluxe, F|100/100
|-weather|Hail|[from] ability: Snow Warning|[of] p2a: Vanilluxe
|turn|42
|
|t:|1664116053
|switch|p1a: Heatran|Heatran, F|61/100
|move|p2a: Vanilluxe|Blizzard|p1a: Heatran
|-resisted|p1a: Heatran
|-damage|p1a: Heatran|52/100
|
|-weather|Hail|[upkeep]
|-damage|p1a: Heatran|46/100|[from] Hail
|-heal|p1a: Heatran|52/100|[from] item: Leftovers
|upkeep
|turn|43
|
|t:|1664116060
|switch|p2a: Arctozolt|Arctozolt|88/100
|move|p1a: Heatran|Protect||[still]
|-fail|p1a: Heatran
|
|-weather|Hail|[upkeep]
|-damage|p1a: Heatran|46/100|[from] Hail
|-heal|p1a: Heatran|52/100|[from] item: Leftovers
|upkeep
|turn|44
|
|t:|1664116066
|switch|p1a: Buzzwole|Buzzwole|89/100
|move|p2a: Arctozolt|Bolt Beak|p1a: Buzzwole
|-damage|p1a: Buzzwole|58/100
|
|-weather|Hail|[upkeep]
|-damage|p1a: Buzzwole|51/100|[from] Hail
|-fieldend|move: Psychic Terrain
|upkeep
|turn|45
|
|t:|1664116072
|move|p2a: Arctozolt|Blizzard|p1a: Buzzwole
|-damage|p1a: Buzzwole|0 fnt
|faint|p1a: Buzzwole
|
|-weather|Hail|[upkeep]
|upkeep
|
|t:|1664116077
|switch|p1a: Toxapex|Toxapex, M|100/100
|turn|46
|
|t:|1664116081
|move|p2a: Arctozolt|Bolt Beak|p1a: Toxapex
|-supereffective|p1a: Toxapex
|-damage|p1a: Toxapex|23/100
|move|p1a: Toxapex|Knock Off|p2a: Arctozolt
|-damage|p2a: Arctozolt|73/100
|-enditem|p2a: Arctozolt|Heavy-Duty Boots|[from] move: Knock Off|[of] p1a: Toxapex
|
|-weather|none
|upkeep
|turn|47
|
|t:|1664116087
|move|p2a: Arctozolt|Bolt Beak|p1a: Toxapex
|-supereffective|p1a: Toxapex
|-damage|p1a: Toxapex|0 fnt
|faint|p1a: Toxapex
|
|upkeep
|
|t:|1664116089
|switch|p1a: Tapu Lele|Tapu Lele|88/100
|-fieldstart|move: Psychic Terrain|[from] ability: Psychic Surge|[of] p1a: Tapu Lele
|turn|48
|
|t:|1664116096
|switch|p1a: Heatran|Heatran, F|52/100
|switch|p2a: Vanilluxe|Vanilluxe, F|100/100
|-weather|Hail|[from] ability: Snow Warning|[of] p2a: Vanilluxe
|
|-weather|Hail|[upkeep]
|-damage|p1a: Heatran|46/100|[from] Hail
|-heal|p1a: Heatran|52/100|[from] item: Leftovers
|upkeep
|turn|49
|
|t:|1664116101
|move|p2a: Vanilluxe|Blizzard|p1a: Heatran
|-resisted|p1a: Heatran
|-damage|p1a: Heatran|41/100
|move|p1a: Heatran|Magma Storm|p2a: Vanilluxe
|-supereffective|p2a: Vanilluxe
|-damage|p2a: Vanilluxe|0 fnt
|faint|p2a: Vanilluxe
|
|-weather|Hail|[upkeep]
|-damage|p1a: Heatran|35/100|[from] Hail
|-heal|p1a: Heatran|41/100|[from] item: Leftovers
|upkeep
|
|t:|1664116107
|switch|p2a: Arctozolt|Arctozolt|73/100
|turn|50
|
|t:|1664116109
|move|p1a: Heatran|Protect|p1a: Heatran
|-singleturn|p1a: Heatran|Protect
|move|p2a: Arctozolt|Bolt Beak|p1a: Heatran
|-activate|p1a: Heatran|move: Protect
|
|-weather|Hail|[upkeep]
|-damage|p1a: Heatran|35/100|[from] Hail
|-heal|p1a: Heatran|41/100|[from] item: Leftovers
|upkeep
|turn|51
|
|t:|1664116112
|move|p1a: Heatran|Protect||[still]
|-fail|p1a: Heatran
|move|p2a: Arctozolt|Bolt Beak|p1a: Heatran
|-damage|p1a: Heatran|11/100
|
|-weather|Hail|[upkeep]
|-damage|p1a: Heatran|4/100|[from] Hail
|-heal|p1a: Heatran|11/100|[from] item: Leftovers
|upkeep
|turn|52
|
|t:|1664116123
|move|p1a: Heatran|Protect|p1a: Heatran
|-singleturn|p1a: Heatran|Protect
|move|p2a: Arctozolt|Bolt Beak|p1a: Heatran
|-activate|p1a: Heatran|move: Protect
|
|-weather|none
|-heal|p1a: Heatran|17/100|[from] item: Leftovers
|-fieldend|move: Psychic Terrain
|upkeep
|turn|53
|c|☆numberoneswiftie|protect prevents the 2x
|
|t:|1664116130
|move|p2a: Arctozolt|Bolt Beak|p1a: Heatran
|-damage|p1a: Heatran|0 fnt
|faint|p1a: Heatran
|
|upkeep
|
|t:|1664116132
|switch|p1a: Tapu Lele|Tapu Lele|88/100
|-fieldstart|move: Psychic Terrain|[from] ability: Psychic Surge|[of] p1a: Tapu Lele
|turn|54
|
|t:|1664116139
|move|p1a: Tapu Lele|Moonblast|p2a: Arctozolt
|-damage|p2a: Arctozolt|0 fnt
|faint|p2a: Arctozolt
|
|win|numberoneswiftie
|raw|numberoneswiftie's rating: 1760 &rarr; <strong>1783</strong><br />(+23 for winning)
|raw|TheonReekGreyjoy's rating: 1809 &rarr; <strong>1786</strong><br />(-23 for losing)
|l|☆TheonReekGreyjoy
