|j|☆sumofsquares
|j|☆Makuryu
|t:|1656671779
|gametype|singles
|player|p1|sumofsquares|steven|1658
|player|p2|Makuryu|koga|1733
|teamsize|p1|6
|teamsize|p2|6
|gen|8
|tier|[Gen 8] OU
|rated|
|rule|Sleep Clause Mod: Limit one foe put to sleep
|rule|Species Clause: Limit one of each Pokémon
|rule|OHKO Clause: OHKO moves are banned
|rule|Evasion Moves Clause: Evasion moves are banned
|rule|Endless Battle Clause: Forcing endless battles is banned
|rule|HP Percentage Mod: HP is shown in percentages
|rule|Dynamax Clause: You cannot dynamax
|clearpoke
|poke|p1|Zapdos-Galar|
|poke|p1|Tapu Koko|
|poke|p1|Keldeo-Resolute|
|poke|p1|Bisharp, M|
|poke|p1|Slowking-Galar, F|
|poke|p1|Garchomp, F|
|poke|p2|Zapdos|
|poke|p2|Heatran, M|
|poke|p2|Ferrothorn, F|
|poke|p2|Dragapult, M|
|poke|p2|Buzzwole|
|poke|p2|Blissey, F|
|teampreview
|
|t:|1656671799
|start
|switch|p1a: Slowking|Slowking-Galar, F|100/100
|switch|p2a: Buzzwole|Buzzwole|100/100
|turn|1
|inactive|Battle timer is ON: inactive players will automatically lose when time's up. (requested by Makuryu)
|
|t:|1656671805
|switch|p2a: Blissey|Blissey, F|100/100
|move|p1a: Slowking|Flamethrower|p2a: Blissey
|-damage|p2a: Blissey|85/100
|
|upkeep
|turn|2
|
|t:|1656671812
|switch|p1a: Garchomp|Garchomp, F|100/100
|move|p2a: Blissey|Teleport|p2a: Blissey
|
|t:|1656671833
|switch|p2a: Buzzwole|Buzzwole|100/100|[from]move: Teleport
|
|upkeep
|turn|3
|
|t:|1656671836
|switch|p1a: Keldeo|Keldeo-Resolute|100/100
|move|p2a: Buzzwole|Ice Punch|p1a: Keldeo
|-resisted|p1a: Keldeo
|-damage|p1a: Keldeo|78/100
|
|-heal|p1a: Keldeo|84/100|[from] item: Leftovers
|upkeep
|turn|4
|
|t:|1656671845
|switch|p2a: Dragapult|Dragapult, M|100/100
|move|p1a: Keldeo|Scald|p2a: Dragapult
|-resisted|p2a: Dragapult
|-damage|p2a: Dragapult|73/100
|
|-heal|p1a: Keldeo|90/100|[from] item: Leftovers
|upkeep
|turn|5
|
|t:|1656671852
|switch|p1a: Tapu Koko|Tapu Koko|100/100
|-fieldstart|move: Electric Terrain|[from] ability: Electric Surge|[of] p1a: Tapu Koko
|move|p2a: Dragapult|Shadow Ball|p1a: Tapu Koko
|-damage|p1a: Tapu Koko|25/100
|
|upkeep
|turn|6
|
|t:|1656671859
|move|p2a: Dragapult|Shadow Ball|p1a: Tapu Koko
|-damage|p1a: Tapu Koko|0 fnt
|faint|p1a: Tapu Koko
|
|upkeep
|
|t:|1656671867
|switch|p1a: Bisharp|Bisharp, M|100/100
|turn|7
|
|t:|1656671871
|switch|p2a: Buzzwole|Buzzwole|100/100
|move|p1a: Bisharp|Stealth Rock|p2a: Buzzwole
|-sidestart|p2: Makuryu|move: Stealth Rock
|
|upkeep
|turn|8
|
|t:|1656671876
|switch|p1a: Zapdos|Zapdos-Galar|100/100
|move|p2a: Buzzwole|Close Combat|p1a: Zapdos
|-resisted|p1a: Zapdos
|-damage|p1a: Zapdos|61/100
|-unboost|p2a: Buzzwole|def|1
|-unboost|p2a: Buzzwole|spd|1
|
|-heal|p1a: Zapdos|67/100|[from] item: Leftovers
|upkeep
|turn|9
|
|t:|1656671886
|switch|p2a: Zapdos|Zapdos|100/100
|move|p1a: Zapdos|Agility|p1a: Zapdos
|-boost|p1a: Zapdos|spe|2
|
|-heal|p1a: Zapdos|73/100|[from] item: Leftovers
|-fieldend|move: Electric Terrain
|upkeep
|turn|10
|
|t:|1656671895
|switch|p1a: Slowking|Slowking-Galar, F|100/100
|move|p2a: Zapdos|Toxic|p1a: Slowking
|-immune|p1a: Slowking
|
|upkeep
|turn|11
|
|t:|1656671905
|move|p2a: Zapdos|Volt Switch|p1a: Slowking
|-damage|p1a: Slowking|78/100
|
|t:|1656671911
|switch|p2a: Blissey|Blissey, F|85/100|[from]move: Volt Switch
|move|p1a: Slowking|Future Sight|p2a: Blissey
|-start|p1a: Slowking|move: Future Sight
|
|upkeep
|turn|12
|
|t:|1656671920
|switch|p1a: Garchomp|Garchomp, F|100/100
|move|p2a: Blissey|Thunder Wave|p1a: Garchomp
|-immune|p1a: Garchomp
|
|upkeep
|turn|13
|
|t:|1656671928
|move|p1a: Garchomp|Earthquake|p2a: Blissey
|-damage|p2a: Blissey|22/100
|-damage|p1a: Garchomp|91/100|[from] item: Life Orb
|move|p2a: Blissey|Teleport|p2a: Blissey
|
|t:|1656671937
|switch|p2a: Ferrothorn|Ferrothorn, F|100/100|[from]move: Teleport
|-damage|p2a: Ferrothorn|94/100|[from] Stealth Rock
|
|-end|p2a: Ferrothorn|move: Future Sight
|-resisted|p2a: Ferrothorn
|-damage|p2a: Ferrothorn|70/100
|-heal|p2a: Ferrothorn|76/100|[from] item: Leftovers
|upkeep
|turn|14
|
|t:|1656671961
|switch|p2a: Zapdos|Zapdos|100/100
|move|p1a: Garchomp|Swords Dance|p1a: Garchomp
|-boost|p1a: Garchomp|atk|2
|
|upkeep
|turn|15
|
|t:|1656671967
|move|p1a: Garchomp|Outrage|p2a: Zapdos
|-damage|p2a: Zapdos|0 fnt
|faint|p2a: Zapdos
|-damage|p1a: Garchomp|81/100|[from] item: Life Orb
|
|upkeep
|j| Otoutoun
|
|t:|1656671974
|switch|p2a: Dragapult|Dragapult, M|73/100
|-damage|p2a: Dragapult|61/100|[from] Stealth Rock
|turn|16
|
|t:|1656671978
|move|p2a: Dragapult|Draco Meteor|p1a: Garchomp
|-supereffective|p1a: Garchomp
|-damage|p1a: Garchomp|0 fnt
|-unboost|p2a: Dragapult|spa|2
|faint|p1a: Garchomp
|
|upkeep
|inactive|sumofsquares has 120 seconds left.
|
|t:|1656672010
|switch|p1a: Keldeo|Keldeo-Resolute|90/100
|turn|17
|
|t:|1656672020
|switch|p2a: Ferrothorn|Ferrothorn, F|76/100
|-damage|p2a: Ferrothorn|70/100|[from] Stealth Rock
|move|p1a: Keldeo|Calm Mind|p1a: Keldeo
|-boost|p1a: Keldeo|spa|1
|-boost|p1a: Keldeo|spd|1
|
|-heal|p1a: Keldeo|96/100|[from] item: Leftovers
|-heal|p2a: Ferrothorn|76/100|[from] item: Leftovers
|upkeep
|turn|18
|
|t:|1656672029
|move|p1a: Keldeo|Secret Sword|p2a: Ferrothorn
|-supereffective|p2a: Ferrothorn
|-damage|p2a: Ferrothorn|0 fnt
|faint|p2a: Ferrothorn
|
|-heal|p1a: Keldeo|100/100|[from] item: Leftovers
|upkeep
|
|t:|1656672039
|switch|p2a: Buzzwole|Buzzwole|100/100
|-damage|p2a: Buzzwole|88/100|[from] Stealth Rock
|turn|19
|
|t:|1656672042
|move|p1a: Keldeo|Scald|p2a: Buzzwole
|-damage|p2a: Buzzwole|0 fnt
|faint|p2a: Buzzwole
|
|upkeep
|
|t:|1656672048
|switch|p2a: Dragapult|Dragapult, M|61/100
|-damage|p2a: Dragapult|48/100|[from] Stealth Rock
|turn|20
|
|t:|1656672052
|move|p2a: Dragapult|Draco Meteor|p1a: Keldeo|[miss]
|-miss|p2a: Dragapult|p1a: Keldeo
|move|p1a: Keldeo|Scald|p2a: Dragapult
|-resisted|p2a: Dragapult
|-damage|p2a: Dragapult|5/100
|-status|p2a: Dragapult|brn
|
|-damage|p2a: Dragapult|0 fnt|[from] brn
|faint|p2a: Dragapult
|upkeep
|-message|Makuryu forfeited.
|
|win|sumofsquares
|raw|sumofsquares's rating: 1658 &rarr; <strong>1682</strong><br />(+24 for winning)
|raw|Makuryu's rating: 1733 &rarr; <strong>1709</strong><br />(-24 for losing)
|l|☆Makuryu
