|raw|<div class="broadcast-blue"><strong>This battle is required to be public due to a player having a name prefixed by 'LT71LX'.</div>
|j|☆LT71LX Storm
|j|☆winter lanterns
|t:|1596864847
|player|p1|LT71LX Storm|zinnia|1978
|player|p2|winter lanterns|169|1847
|teamsize|p1|6
|teamsize|p2|6
|gametype|singles
|gen|8
|tier|[Gen 8] OU
|rated|
|clearpoke
|poke|p1|Diggersby, M|
|poke|p1|Togekiss, M|
|poke|p1|Toxtricity, M|
|poke|p1|Rillaboom, M|
|poke|p1|Dragapult, M|
|poke|p1|Volcarona, M|
|poke|p2|Zeraora|
|poke|p2|Dragapult, M|
|poke|p2|Excadrill, F|
|poke|p2|Urshifu-*, M|
|poke|p2|Rillaboom, F|
|poke|p2|Volcarona, M|
|rule|Sleep Clause Mod: Limit one foe put to sleep
|rule|Species Clause: Limit one of each Pokémon
|rule|OHKO Clause: OHKO moves are banned
|rule|Evasion Moves Clause: Evasion moves are banned
|rule|Endless Battle Clause: Forcing endless battles is banned
|rule|HP Percentage Mod: HP is shown in percentages
|rule|Dynamax Clause: You cannot dynamax
|teampreview
|
|t:|1596864865
|start
|switch|p1a: Lumberjack|Diggersby, M|100/100
|switch|p2a: Excadrill|Excadrill, F|100/100
|-ability|p2a: Excadrill|Mold Breaker
|turn|1
|
|t:|1596864878
|switch|p2a: Rillaboom|Rillaboom, F|100/100
|-fieldstart|move: Grassy Terrain|[from] ability: Grassy Surge|[of] p2a: Rillaboom
|-enditem|p2a: Rillaboom|Grassy Seed
|-boost|p2a: Rillaboom|def|1|[from] item: Grassy Seed
|move|p1a: Lumberjack|Earthquake|p2a: Rillaboom
|-resisted|p2a: Rillaboom
|-damage|p2a: Rillaboom|84/100
|-damage|p1a: Lumberjack|91/100|[from] item: Life Orb
|
|-heal|p2a: Rillaboom|90/100|[from] Grassy Terrain
|-heal|p1a: Lumberjack|97/100|[from] Grassy Terrain
|upkeep
|turn|2
|
|t:|1596864883
|move|p2a: Rillaboom|Knock Off|p1a: Lumberjack
|-damage|p1a: Lumberjack|56/100
|-enditem|p1a: Lumberjack|Life Orb|[from] move: Knock Off|[of] p2a: Rillaboom
|move|p1a: Lumberjack|Mega Kick|p2a: Rillaboom|[miss]
|-miss|p1a: Lumberjack|p2a: Rillaboom
|
|-heal|p2a: Rillaboom|96/100|[from] Grassy Terrain
|-heal|p1a: Lumberjack|62/100|[from] Grassy Terrain
|upkeep
|turn|3
|
|t:|1596864887
|switch|p1a: Amaterasu|Volcarona, M, shiny|100/100
|move|p2a: Rillaboom|Grassy Glide|p1a: Amaterasu
|-resisted|p1a: Amaterasu
|-damage|p1a: Amaterasu|90/100
|
|-heal|p2a: Rillaboom|100/100|[from] Grassy Terrain
|-heal|p1a: Amaterasu|96/100|[from] Grassy Terrain
|upkeep
|turn|4
|
|t:|1596864891
|switch|p2a: Dragapult|Dragapult, M|100/100
|move|p1a: Amaterasu|Flamethrower|p2a: Dragapult
|-resisted|p2a: Dragapult
|-damage|p2a: Dragapult|71/100
|-status|p2a: Dragapult|brn
|
|-heal|p2a: Dragapult|77/100 brn|[from] Grassy Terrain
|-heal|p1a: Amaterasu|100/100|[from] Grassy Terrain
|-damage|p2a: Dragapult|71/100 brn|[from] brn
|upkeep
|turn|5
|
|t:|1596864898
|switch|p1a: Lumberjack|Diggersby, M|62/100
|move|p2a: Dragapult|Dragon Dance|p2a: Dragapult
|-boost|p2a: Dragapult|atk|1
|-boost|p2a: Dragapult|spe|1
|
|-heal|p2a: Dragapult|77/100 brn|[from] Grassy Terrain
|-heal|p1a: Lumberjack|68/100|[from] Grassy Terrain
|-fieldend|move: Grassy Terrain
|-damage|p2a: Dragapult|71/100 brn|[from] brn
|upkeep
|turn|6
|
|t:|1596864901
|switch|p1a: Cloud n1n3|Togekiss, M|100/100
|move|p2a: Dragapult|Dragon Darts|p1a: Cloud n1n3
|-immune|p1a: Cloud n1n3
|
|-damage|p2a: Dragapult|65/100 brn|[from] brn
|upkeep
|turn|7
|
|t:|1596864904
|move|p2a: Dragapult|Steel Wing|p1a: Cloud n1n3
|-supereffective|p1a: Cloud n1n3
|-damage|p1a: Cloud n1n3|67/100
|-damage|p2a: Dragapult|56/100 brn|[from] item: Life Orb
|move|p1a: Cloud n1n3|Air Slash|p2a: Dragapult
|-damage|p2a: Dragapult|16/100 brn
|
|-damage|p2a: Dragapult|10/100 brn|[from] brn
|upkeep
|turn|8
|
|t:|1596864908
|move|p2a: Dragapult|Steel Wing|p1a: Cloud n1n3
|-supereffective|p1a: Cloud n1n3
|-damage|p1a: Cloud n1n3|36/100
|-damage|p2a: Dragapult|0 fnt|[from] item: Life Orb
|faint|p2a: Dragapult
|move|p1a: Cloud n1n3|Roost|p1a: Cloud n1n3
|-heal|p1a: Cloud n1n3|86/100
|-singleturn|p1a: Cloud n1n3|move: Roost
|
|upkeep
|
|t:|1596864912
|switch|p2a: Excadrill|Excadrill, F|100/100
|-ability|p2a: Excadrill|Mold Breaker
|turn|9
|
|t:|1596864915
|switch|p1a: Tama Tonga|Rillaboom, M|100/100
|-fieldstart|move: Grassy Terrain|[from] ability: Grassy Surge|[of] p1a: Tama Tonga
|move|p2a: Excadrill|Stealth Rock|p1a: Tama Tonga
|-sidestart|p1: LT71LX Storm|move: Stealth Rock
|
|upkeep
|turn|10
|
|t:|1596864918
|switch|p2a: Volcarona|Volcarona, M|100/100
|move|p1a: Tama Tonga|High Horsepower|p2a: Volcarona
|-damage|p2a: Volcarona|29/100
|-status|p1a: Tama Tonga|brn|[from] ability: Flame Body|[of] p2a: Volcarona
|-damage|p1a: Tama Tonga|91/100 brn|[from] item: Life Orb
|
|-heal|p2a: Volcarona|36/100|[from] Grassy Terrain
|-heal|p1a: Tama Tonga|97/100 brn|[from] Grassy Terrain
|-damage|p1a: Tama Tonga|91/100 brn|[from] brn
|upkeep
|turn|11
|
|t:|1596864925
|switch|p1a: Serpentine|Dragapult, M|100/100
|-damage|p1a: Serpentine|88/100|[from] Stealth Rock
|move|p2a: Volcarona|Fiery Dance|p1a: Serpentine
|-resisted|p1a: Serpentine
|-damage|p1a: Serpentine|61/100
|
|-heal|p1a: Serpentine|67/100|[from] Grassy Terrain
|-heal|p2a: Volcarona|42/100|[from] Grassy Terrain
|upkeep
|turn|12
|
|t:|1596864936
|switch|p2a: Excadrill|Excadrill, F|100/100
|-ability|p2a: Excadrill|Mold Breaker
|move|p1a: Serpentine|Dragon Darts|p2a: Excadrill
|-resisted|p2a: Excadrill
|-damage|p2a: Excadrill|82/100
|-anim|p1a: Serpentine|Dragon Darts|p2a: Excadrill
|-resisted|p2a: Excadrill
|-damage|p2a: Excadrill|63/100
|
|-heal|p1a: Serpentine|73/100|[from] Grassy Terrain
|-heal|p2a: Excadrill|69/100|[from] Grassy Terrain
|upkeep
|turn|13
|
|t:|1596864940
|move|p1a: Serpentine|Dragon Darts|p2a: Excadrill
|-resisted|p2a: Excadrill
|-damage|p2a: Excadrill|50/100
|-anim|p1a: Serpentine|Dragon Darts|p2a: Excadrill
|-resisted|p2a: Excadrill
|-damage|p2a: Excadrill|30/100
|move|p2a: Excadrill|Iron Head|p1a: Serpentine
|-damage|p1a: Serpentine|9/100
|
|-heal|p1a: Serpentine|15/100|[from] Grassy Terrain
|-heal|p2a: Excadrill|37/100|[from] Grassy Terrain
|-fieldend|move: Grassy Terrain
|upkeep
|turn|14
|
|t:|1596864944
|move|p1a: Serpentine|Dragon Darts|p2a: Excadrill
|-resisted|p2a: Excadrill
|-damage|p2a: Excadrill|17/100
|-anim|p1a: Serpentine|Dragon Darts|p2a: Excadrill
|-resisted|p2a: Excadrill
|-damage|p2a: Excadrill|0 fnt
|faint|p2a: Excadrill
|
|upkeep
|
|t:|1596864947
|switch|p2a: Zeraora|Zeraora|100/100
|turn|15
|
|t:|1596864956
|move|p1a: Serpentine|Dragon Darts|p2a: Zeraora
|-damage|p2a: Zeraora|65/100
|-anim|p1a: Serpentine|Dragon Darts|p2a: Zeraora
|-damage|p2a: Zeraora|30/100
|move|p2a: Zeraora|Bulk Up|p2a: Zeraora
|-boost|p2a: Zeraora|atk|1
|-boost|p2a: Zeraora|def|1
|
|upkeep
|turn|16
|
|t:|1596864969
|switch|p2a: Rillaboom|Rillaboom, F|100/100
|-fieldstart|move: Grassy Terrain|[from] ability: Grassy Surge|[of] p2a: Rillaboom
|move|p1a: Serpentine|Dragon Darts|p2a: Rillaboom
|-damage|p2a: Rillaboom|71/100
|-anim|p1a: Serpentine|Dragon Darts|p2a: Rillaboom
|-damage|p2a: Rillaboom|43/100
|
|-heal|p1a: Serpentine|21/100|[from] Grassy Terrain
|-heal|p2a: Rillaboom|49/100|[from] Grassy Terrain
|upkeep
|turn|17
|
|t:|1596864977
|switch|p1a: Cloud n1n3|Togekiss, M|86/100
|move|p2a: Rillaboom|Grassy Glide|p1a: Cloud n1n3
|-resisted|p1a: Cloud n1n3
|-damage|p1a: Cloud n1n3|71/100
|
|-heal|p2a: Rillaboom|55/100|[from] Grassy Terrain
|upkeep
|turn|18
|
|t:|1596864980
|move|p2a: Rillaboom|Acrobatics|p1a: Cloud n1n3
|-damage|p1a: Cloud n1n3|45/100
|move|p1a: Cloud n1n3|Air Slash|p2a: Rillaboom
|-supereffective|p2a: Rillaboom
|-damage|p2a: Rillaboom|0 fnt
|faint|p2a: Rillaboom
|
|upkeep
|
|t:|1596864983
|switch|p2a: Zeraora|Zeraora|30/100
|turn|19
|
|t:|1596865000
|switch|p1a: Lumberjack|Diggersby, M|68/100
|-damage|p1a: Lumberjack|62/100|[from] Stealth Rock
|move|p2a: Zeraora|Bulk Up|p2a: Zeraora
|-boost|p2a: Zeraora|atk|1
|-boost|p2a: Zeraora|def|1
|
|-heal|p2a: Zeraora|36/100|[from] Grassy Terrain
|-heal|p1a: Lumberjack|68/100|[from] Grassy Terrain
|upkeep
|turn|20
|
|t:|1596865005
|switch|p1a: Serpentine|Dragapult, M|21/100
|-damage|p1a: Serpentine|9/100|[from] Stealth Rock
|move|p2a: Zeraora|Close Combat|p1a: Serpentine
|-immune|p1a: Serpentine
|
|-heal|p1a: Serpentine|15/100|[from] Grassy Terrain
|-heal|p2a: Zeraora|42/100|[from] Grassy Terrain
|-fieldend|move: Grassy Terrain
|upkeep
|turn|21
|
|t:|1596865018
|move|p1a: Serpentine|Dragon Darts|p2a: Zeraora
|-damage|p2a: Zeraora|19/100
|-anim|p1a: Serpentine|Dragon Darts|p2a: Zeraora
|-damage|p2a: Zeraora|0 fnt
|faint|p2a: Zeraora
|
|upkeep
|
|t:|1596865022
|switch|p2a: Urshifu|Urshifu, M|100/100
|turn|22
|
|t:|1596865024
|move|p1a: Serpentine|Dragon Darts|p2a: Urshifu
|-damage|p2a: Urshifu|73/100
|-anim|p1a: Serpentine|Dragon Darts|p2a: Urshifu
|-damage|p2a: Urshifu|46/100
|move|p2a: Urshifu|Bulk Up|p2a: Urshifu
|-boost|p2a: Urshifu|atk|1
|-boost|p2a: Urshifu|def|1
|
|upkeep
|turn|23
|
|t:|1596865028
|move|p2a: Urshifu|Sucker Punch|p1a: Serpentine
|-supereffective|p1a: Serpentine
|-damage|p1a: Serpentine|0 fnt
|-damage|p2a: Urshifu|36/100|[from] item: Life Orb
|faint|p1a: Serpentine
|
|upkeep
|
|t:|1596865048
|switch|p1a: Amaterasu|Volcarona, M, shiny|100/100
|turn|24
|
|t:|1596865051
|move|p2a: Urshifu|Sucker Punch|p1a: Amaterasu
|-damage|p1a: Amaterasu|31/100
|-damage|p2a: Urshifu|26/100|[from] item: Life Orb
|move|p1a: Amaterasu|Flamethrower|p2a: Urshifu
|-damage|p2a: Urshifu|0 fnt
|faint|p2a: Urshifu
|
|upkeep
|
|t:|1596865054
|switch|p2a: Volcarona|Volcarona, M|42/100
|turn|25
|
|t:|1596865059
|move|p2a: Volcarona|Fiery Dance|p1a: Amaterasu
|-crit|p1a: Amaterasu
|-damage|p1a: Amaterasu|0 fnt
|-boost|p2a: Volcarona|spa|1
|faint|p1a: Amaterasu
|
|upkeep
|
|t:|1596865067
|switch|p1a: Lumberjack|Diggersby, M|68/100
|-damage|p1a: Lumberjack|62/100|[from] Stealth Rock
|turn|26
|
|t:|1596865070
|move|p1a: Lumberjack|Quick Attack|p2a: Volcarona
|-damage|p2a: Volcarona|0 fnt
|-status|p1a: Lumberjack|brn|[from] ability: Flame Body|[of] p2a: Volcarona
|faint|p2a: Volcarona
|
|win|LT71LX Storm
|l|☆LT71LX Storm
|l|☆winter lanterns
|j| lt71lx vaboh
