|j|☆Maitredouard2
|j|☆Bloody Busybody
|t:|1664867753
|gametype|singles
|player|p1|Maitredouard2|lance|1675
|player|p2|Bloody Busybody|bugcatcher|1726
|teamsize|p1|6
|teamsize|p2|6
|gen|8
|tier|[Gen 8] OU
|rated|
|rule|Sleep Clause Mod: Limit one foe put to sleep
|rule|Species Clause: Limit one of each Pokémon
|rule|OHKO Clause: OHKO moves are banned
|rule|Evasion Items Clause: Evasion items are banned
|rule|Evasion Moves Clause: Evasion moves are banned
|rule|Endless Battle Clause: Forcing endless battles is banned
|rule|HP Percentage Mod: HP is shown in percentages
|rule|Dynamax Clause: You cannot dynamax
|clearpoke
|poke|p1|Mandibuzz, F|
|poke|p1|Landorus-Therian, M|
|poke|p1|Blissey, F|
|poke|p1|Heatran, M|
|poke|p1|Toxapex, M|
|poke|p1|Tapu Lele|
|poke|p2|Volcanion|
|poke|p2|Corviknight, F|
|poke|p2|Mamoswine, F|
|poke|p2|Blissey, F|
|poke|p2|Rillaboom, F|
|poke|p2|Hydreigon, F|
|teampreview
|inactive|Battle timer is ON: inactive players will automatically lose when time's up. (requested by Bloody Busybody)
|
|t:|1664867762
|start
|switch|p1a: Heatran|Heatran, M|100/100
|switch|p2a: Volcanion|Volcanion|100/100
|-item|p1a: Heatran|Air Balloon
|turn|1
|
|t:|1664867771
|switch|p1a: Blissey|Blissey, F|100/100
|move|p2a: Volcanion|Steam Eruption|p1a: Blissey
|-damage|p1a: Blissey|66/100
|
|upkeep
|turn|2
|
|t:|1664867777
|move|p2a: Volcanion|Steam Eruption|p1a: Blissey|[miss]
|-miss|p2a: Volcanion|p1a: Blissey
|move|p1a: Blissey|Soft-Boiled|p1a: Blissey
|-heal|p1a: Blissey|100/100
|
|upkeep
|turn|3
|
|t:|1664867784
|switch|p2a: Blissey|Blissey, F|100/100
|move|p1a: Blissey|Toxic|p2a: Blissey
|-status|p2a: Blissey|tox
|
|-damage|p2a: Blissey|94/100 tox|[from] psn
|upkeep
|turn|4
|
|t:|1664867792
|move|p2a: Blissey|Teleport|p2a: Blissey
|
|t:|1664867800
|-curestatus|p2a: Blissey|tox|[from] ability: Natural Cure
|switch|p2a: Volcanion|Volcanion|100/100|[from]move: Teleport
|move|p1a: Blissey|Teleport|p1a: Blissey
|
|t:|1664867806
|switch|p1a: Landorus|Landorus-Therian, M|100/100|[from]move: Teleport
|-ability|p1a: Landorus|Intimidate|boost
|-unboost|p2a: Volcanion|atk|1
|
|upkeep
|turn|5
|
|t:|1664867811
|move|p1a: Landorus|Earthquake|p2a: Volcanion
|-supereffective|p2a: Volcanion
|-damage|p2a: Volcanion|6/100
|move|p2a: Volcanion|Steam Eruption|p1a: Landorus
|-supereffective|p1a: Landorus
|-damage|p1a: Landorus|0 fnt
|faint|p1a: Landorus
|
|upkeep
|
|t:|1664867820
|switch|p1a: Tapu Lele|Tapu Lele|100/100
|-fieldstart|move: Psychic Terrain|[from] ability: Psychic Surge|[of] p1a: Tapu Lele
|turn|6
|
|t:|1664867826
|switch|p2a: Corviknight|Corviknight, F|100/100
|-ability|p2a: Corviknight|Pressure
|move|p1a: Tapu Lele|Moonblast|p2a: Corviknight
|-resisted|p2a: Corviknight
|-damage|p2a: Corviknight|64/100
|
|upkeep
|turn|7
|
|t:|1664867834
|move|p1a: Tapu Lele|Moonblast|p2a: Corviknight
|-resisted|p2a: Corviknight
|-damage|p2a: Corviknight|26/100
|move|p2a: Corviknight|Roost|p2a: Corviknight
|-heal|p2a: Corviknight|76/100
|-singleturn|p2a: Corviknight|move: Roost
|
|upkeep
|turn|8
|
|t:|1664867843
|switch|p1a: Toxapex|Toxapex, M|100/100
|switch|p2a: Blissey|Blissey, F|94/100
|
|upkeep
|turn|9
|
|t:|1664867849
|switch|p1a: Heatran|Heatran, M|100/100
|-item|p1a: Heatran|Air Balloon
|move|p2a: Blissey|Teleport|p2a: Blissey
|
|t:|1664867857
|switch|p2a: Hydreigon|Hydreigon, F|100/100|[from]move: Teleport
|
|upkeep
|turn|10
|
|t:|1664867864
|move|p2a: Hydreigon|Nasty Plot|p2a: Hydreigon
|-boost|p2a: Hydreigon|spa|2
|move|p1a: Heatran|Stealth Rock|p2a: Hydreigon
|-sidestart|p2: Bloody Busybody|move: Stealth Rock
|
|-fieldend|move: Psychic Terrain
|upkeep
|turn|11
|
|t:|1664867872
|switch|p1a: Blissey|Blissey, F|100/100
|move|p2a: Hydreigon|Nasty Plot|p2a: Hydreigon
|-boost|p2a: Hydreigon|spa|2
|
|upkeep
|turn|12
|
|t:|1664867878
|move|p2a: Hydreigon|Draco Meteor|p1a: Blissey
|-damage|p1a: Blissey|2/100
|-unboost|p2a: Hydreigon|spa|2
|-damage|p2a: Hydreigon|91/100|[from] item: Life Orb
|move|p1a: Blissey|Toxic|p2a: Hydreigon
|-status|p2a: Hydreigon|tox
|
|-damage|p2a: Hydreigon|84/100 tox|[from] psn
|upkeep
|turn|13
|
|t:|1664867890
|switch|p1a: Mandibuzz|Mandibuzz, F|100/100
|move|p2a: Hydreigon|Dark Pulse|p1a: Mandibuzz
|-resisted|p1a: Mandibuzz
|-damage|p1a: Mandibuzz|66/100
|-damage|p2a: Hydreigon|75/100 tox|[from] item: Life Orb
|
|-damage|p2a: Hydreigon|62/100 tox|[from] psn
|upkeep
|turn|14
|
|t:|1664867900
|switch|p1a: Tapu Lele|Tapu Lele|100/100
|-fieldstart|move: Psychic Terrain|[from] ability: Psychic Surge|[of] p1a: Tapu Lele
|move|p2a: Hydreigon|Dark Pulse|p1a: Tapu Lele
|-damage|p1a: Tapu Lele|0 fnt
|faint|p1a: Tapu Lele
|-damage|p2a: Hydreigon|52/100 tox|[from] item: Life Orb
|
|-damage|p2a: Hydreigon|34/100 tox|[from] psn
|upkeep
|
|t:|1664867912
|switch|p1a: Mandibuzz|Mandibuzz, F|66/100
|turn|15
|
|t:|1664867915
|switch|p1a: Blissey|Blissey, F|2/100
|move|p2a: Hydreigon|Draco Meteor|p1a: Blissey
|-damage|p1a: Blissey|0 fnt
|-unboost|p2a: Hydreigon|spa|2
|faint|p1a: Blissey
|-damage|p2a: Hydreigon|24/100 tox|[from] item: Life Orb
|
|-damage|p2a: Hydreigon|0 fnt|[from] psn
|faint|p2a: Hydreigon
|upkeep
|
|t:|1664867928
|switch|p2a: Blissey|Blissey, F|94/100
|switch|p1a: Heatran|Heatran, M|100/100
|-item|p1a: Heatran|Air Balloon
|turn|16
|
|t:|1664867938
|switch|p1a: Mandibuzz|Mandibuzz, F|66/100
|move|p2a: Blissey|Seismic Toss|p1a: Mandibuzz
|-damage|p1a: Mandibuzz|42/100
|
|upkeep
|turn|17
|j| Ran Kob
|
|t:|1664867944
|move|p1a: Mandibuzz|Taunt|p2a: Blissey
|-start|p2a: Blissey|move: Taunt
|cant|p2a: Blissey|move: Taunt|Teleport
|
|upkeep
|turn|18
|
|t:|1664867949
|move|p1a: Mandibuzz|Roost|p1a: Mandibuzz
|-heal|p1a: Mandibuzz|92/100
|-singleturn|p1a: Mandibuzz|move: Roost
|move|p2a: Blissey|Seismic Toss|p1a: Mandibuzz
|-damage|p1a: Mandibuzz|69/100
|
|-fieldend|move: Psychic Terrain
|upkeep
|turn|19
|
|t:|1664867958
|move|p1a: Mandibuzz|Toxic|p2a: Blissey
|-status|p2a: Blissey|tox
|move|p2a: Blissey|Seismic Toss|p1a: Mandibuzz
|-damage|p1a: Mandibuzz|45/100
|
|-damage|p2a: Blissey|88/100 tox|[from] psn
|-end|p2a: Blissey|move: Taunt
|upkeep
|turn|20
|
|t:|1664867967
|-curestatus|p2a: Blissey|tox|[from] ability: Natural Cure
|switch|p2a: Corviknight|Corviknight, F|76/100
|-damage|p2a: Corviknight|64/100|[from] Stealth Rock
|-ability|p2a: Corviknight|Pressure
|move|p1a: Mandibuzz|Roost|p1a: Mandibuzz
|-heal|p1a: Mandibuzz|95/100
|-singleturn|p1a: Mandibuzz|move: Roost
|
|upkeep
|turn|21
|
|t:|1664867978
|move|p1a: Mandibuzz|Taunt|p2a: Corviknight
|-start|p2a: Corviknight|move: Taunt
|move|p2a: Corviknight|U-turn|p1a: Mandibuzz
|-damage|p1a: Mandibuzz|85/100
|
|t:|1664867983
|switch|p2a: Blissey|Blissey, F|88/100|[from]move: U-turn
|
|upkeep
|turn|22
|
|t:|1664867996
|move|p1a: Mandibuzz|Taunt|p2a: Blissey
|-start|p2a: Blissey|move: Taunt
|move|p2a: Blissey|Seismic Toss|p1a: Mandibuzz
|-damage|p1a: Mandibuzz|61/100
|
|upkeep
|turn|23
|
|t:|1664868003
|move|p1a: Mandibuzz|Foul Play|p2a: Blissey
|-damage|p2a: Blissey|82/100
|move|p2a: Blissey|Seismic Toss|p1a: Mandibuzz
|-damage|p1a: Mandibuzz|38/100
|
|upkeep
|turn|24
|
|t:|1664868015
|switch|p2a: Mamoswine|Mamoswine, F|100/100
|-damage|p2a: Mamoswine|88/100|[from] Stealth Rock
|move|p1a: Mandibuzz|Roost|p1a: Mandibuzz
|-heal|p1a: Mandibuzz|88/100
|-singleturn|p1a: Mandibuzz|move: Roost
|
|upkeep
|turn|25
|j| ToTheCrusade
|
|t:|1664868023
|switch|p1a: Toxapex|Toxapex, M|100/100
|move|p2a: Mamoswine|Icicle Crash|p1a: Toxapex
|-resisted|p1a: Toxapex
|-crit|p1a: Toxapex
|-damage|p1a: Toxapex|81/100
|
|upkeep
|turn|26
|
|t:|1664868030
|switch|p2a: Corviknight|Corviknight, F|64/100
|-damage|p2a: Corviknight|52/100|[from] Stealth Rock
|-ability|p2a: Corviknight|Pressure
|move|p1a: Toxapex|Scald|p2a: Corviknight
|-damage|p2a: Corviknight|37/100
|-status|p2a: Corviknight|brn
|
|-damage|p2a: Corviknight|31/100 brn|[from] brn
|upkeep
|turn|27
|
|t:|1664868042
|switch|p1a: Mandibuzz|Mandibuzz, F|88/100
|move|p2a: Corviknight|Defog|p1a: Mandibuzz
|-unboost|p1a: Mandibuzz|evasion|1
|-sideend|p2: Bloody Busybody|Stealth Rock|[from] move: Defog|[of] p2a: Corviknight
|
|-damage|p2a: Corviknight|25/100 brn|[from] brn
|upkeep
|turn|28
|
|t:|1664868051
|move|p1a: Mandibuzz|Taunt|p2a: Corviknight
|-start|p2a: Corviknight|move: Taunt
|cant|p2a: Corviknight|move: Taunt|Roost
|
|-damage|p2a: Corviknight|19/100 brn|[from] brn
|upkeep
|turn|29
|
|t:|1664868058
|switch|p2a: Blissey|Blissey, F|82/100
|move|p1a: Mandibuzz|Foul Play|p2a: Blissey
|-damage|p2a: Blissey|76/100
|
|upkeep
|turn|30
|
|t:|1664868064
|switch|p2a: Rillaboom|Rillaboom, F|100/100
|-fieldstart|move: Grassy Terrain|[from] ability: Grassy Surge|[of] p2a: Rillaboom
|move|p1a: Mandibuzz|Toxic|p2a: Rillaboom
|-status|p2a: Rillaboom|tox
|
|-damage|p2a: Rillaboom|94/100 tox|[from] psn
|upkeep
|turn|31
|
|t:|1664868073
|move|p2a: Rillaboom|Knock Off|p1a: Mandibuzz
|-resisted|p1a: Mandibuzz
|-damage|p1a: Mandibuzz|70/100
|-enditem|p1a: Mandibuzz|Heavy-Duty Boots|[from] move: Knock Off|[of] p2a: Rillaboom
|move|p1a: Mandibuzz|Foul Play|p2a: Rillaboom
|-damage|p2a: Rillaboom|41/100 tox
|
|-heal|p2a: Rillaboom|47/100 tox|[from] Grassy Terrain
|-damage|p2a: Rillaboom|35/100 tox|[from] psn
|upkeep
|turn|32
|j| No Nice Names Left
|
|t:|1664868084
|switch|p2a: Blissey|Blissey, F|76/100
|move|p1a: Mandibuzz|Roost|p1a: Mandibuzz
|-heal|p1a: Mandibuzz|100/100
|-singleturn|p1a: Mandibuzz|move: Roost
|
|-heal|p2a: Blissey|82/100|[from] Grassy Terrain
|upkeep
|turn|33
|
|t:|1664868093
|move|p1a: Mandibuzz|Taunt|p2a: Blissey
|-start|p2a: Blissey|move: Taunt
|cant|p2a: Blissey|move: Taunt|Toxic
|
|-heal|p2a: Blissey|88/100|[from] Grassy Terrain
|upkeep
|turn|34
|
|t:|1664868100
|move|p1a: Mandibuzz|Toxic|p2a: Blissey
|-status|p2a: Blissey|tox
|move|p2a: Blissey|Seismic Toss|p1a: Mandibuzz
|-damage|p1a: Mandibuzz|77/100
|
|-heal|p2a: Blissey|94/100 tox|[from] Grassy Terrain
|-damage|p2a: Blissey|88/100 tox|[from] psn
|-fieldend|move: Grassy Terrain
|upkeep
|turn|35
|
|t:|1664868109
|-curestatus|p2a: Blissey|tox|[from] ability: Natural Cure
|switch|p2a: Rillaboom|Rillaboom, F|35/100 tox
|-fieldstart|move: Grassy Terrain|[from] ability: Grassy Surge|[of] p2a: Rillaboom
|move|p1a: Mandibuzz|Foul Play|p2a: Rillaboom
|-damage|p2a: Rillaboom|0 fnt
|faint|p2a: Rillaboom
|
|upkeep
|j| now you lose
|
|t:|1664868112
|switch|p2a: Mamoswine|Mamoswine, F|88/100
|turn|36
|
|t:|1664868121
|switch|p1a: Toxapex|Toxapex, M|100/100
|move|p2a: Mamoswine|Icicle Crash|p1a: Toxapex
|-resisted|p1a: Toxapex
|-damage|p1a: Toxapex|86/100
|
|-heal|p2a: Mamoswine|94/100|[from] Grassy Terrain
|-heal|p1a: Toxapex|92/100|[from] Grassy Terrain
|upkeep
|turn|37
|
|t:|1664868130
|switch|p2a: Volcanion|Volcanion|6/100
|move|p1a: Toxapex|Scald|p2a: Volcanion
|-heal|p2a: Volcanion|31/100|[from] ability: Water Absorb|[of] p1a: Toxapex
|
|-heal|p2a: Volcanion|37/100|[from] Grassy Terrain
|-heal|p1a: Toxapex|99/100|[from] Grassy Terrain
|upkeep
|turn|38
|l| Ran Kob
|
|t:|1664868140
|move|p2a: Volcanion|Earth Power|p1a: Toxapex
|-supereffective|p1a: Toxapex
|-damage|p1a: Toxapex|6/100
|move|p1a: Toxapex|Toxic|p2a: Volcanion
|-status|p2a: Volcanion|tox
|
|-heal|p2a: Volcanion|43/100 tox|[from] Grassy Terrain
|-heal|p1a: Toxapex|12/100|[from] Grassy Terrain
|-damage|p2a: Volcanion|37/100 tox|[from] psn
|upkeep
|turn|39
|l| ToTheCrusade
|
|t:|1664868150
|switch|p2a: Mamoswine|Mamoswine, F|94/100
|move|p1a: Toxapex|Recover|p1a: Toxapex
|-heal|p1a: Toxapex|62/100
|
|-heal|p2a: Mamoswine|99/100|[from] Grassy Terrain
|-heal|p1a: Toxapex|68/100|[from] Grassy Terrain
|-fieldend|move: Grassy Terrain
|upkeep
|turn|40
|
|t:|1664868161
|switch|p1a: Heatran|Heatran, M|100/100
|-item|p1a: Heatran|Air Balloon
|move|p2a: Mamoswine|High Horsepower|p1a: Heatran
|-immune|p1a: Heatran
|
|upkeep
|turn|41
|
|t:|1664868170
|switch|p2a: Blissey|Blissey, F|88/100
|move|p1a: Heatran|Magma Storm|p2a: Blissey
|-damage|p2a: Blissey|67/100
|-activate|p2a: Blissey|move: Magma Storm|[of] p1a: Heatran
|
|-damage|p2a: Blissey|55/100|[from] move: Magma Storm|[partiallytrapped]
|upkeep
|turn|42
|
|t:|1664868181
|move|p1a: Heatran|Taunt|p2a: Blissey
|-start|p2a: Blissey|move: Taunt
|cant|p2a: Blissey|move: Taunt|Soft-Boiled
|
|-damage|p2a: Blissey|42/100|[from] move: Magma Storm|[partiallytrapped]
|upkeep
|turn|43
|
|t:|1664868188
|move|p1a: Heatran|Stealth Rock|p2a: Blissey
|-sidestart|p2: Bloody Busybody|move: Stealth Rock
|move|p2a: Blissey|Seismic Toss|p1a: Heatran
|-damage|p1a: Heatran|75/100
|-enditem|p1a: Heatran|Air Balloon
|
|-damage|p2a: Blissey|30/100|[from] move: Magma Storm|[partiallytrapped]
|upkeep
|turn|44
|j| ToTheCrusade
|
|t:|1664868197
|move|p1a: Heatran|Magma Storm|p2a: Blissey|[miss]
|-miss|p1a: Heatran|p2a: Blissey
|move|p2a: Blissey|Seismic Toss|p1a: Heatran
|-damage|p1a: Heatran|49/100
|
|-damage|p2a: Blissey|17/100|[from] move: Magma Storm|[partiallytrapped]
|-end|p2a: Blissey|move: Taunt
|upkeep
|turn|45
|
|t:|1664868207
|move|p1a: Heatran|Magma Storm|p2a: Blissey
|-damage|p2a: Blissey|0 fnt
|faint|p2a: Blissey
|
|upkeep
|
|t:|1664868209
|switch|p2a: Mamoswine|Mamoswine, F|99/100
|-damage|p2a: Mamoswine|88/100|[from] Stealth Rock
|turn|46
|
|t:|1664868216
|move|p2a: Mamoswine|Stealth Rock|p1a: Heatran
|-sidestart|p1: Maitredouard2|move: Stealth Rock
|move|p1a: Heatran|Magma Storm|p2a: Mamoswine
|-supereffective|p2a: Mamoswine
|-damage|p2a: Mamoswine|13/100
|-activate|p2a: Mamoswine|move: Magma Storm|[of] p1a: Heatran
|
|-damage|p2a: Mamoswine|0 fnt|[from] move: Magma Storm|[partiallytrapped]
|faint|p2a: Mamoswine
|upkeep
|l| ToTheCrusade
|-message|Bloody Busybody forfeited.
|
|win|Maitredouard2
|raw|Maitredouard2's rating: 1675 &rarr; <strong>1698</strong><br />(+23 for winning)
|raw|Bloody Busybody's rating: 1726 &rarr; <strong>1703</strong><br />(-23 for losing)
|l|☆Bloody Busybody
|l| now you lose
|l|☆Maitredouard2
