|raw|<div class="broadcast-blue"><strong>This battle is required to be public due to a player having a name starting with 'lt93oq'.</div>
|j|☆LT93OQ Bush
|j|☆ripreckful
|t:|1660971414
|gametype|singles
|player|p1|LT93OQ Bush|101|1895
|player|p2|ripreckful|hilbert|1834
|teamsize|p1|6
|teamsize|p2|6
|gen|8
|tier|[Gen 8] OU
|rated|
|rule|Sleep Clause Mod: Limit one foe put to sleep
|rule|Species Clause: Limit one of each Pokémon
|rule|OHKO Clause: OHKO moves are banned
|rule|Evasion Items Clause: Evasion items are banned
|rule|Evasion Moves Clause: Evasion moves are banned
|rule|Endless Battle Clause: Forcing endless battles is banned
|rule|HP Percentage Mod: HP is shown in percentages
|rule|Dynamax Clause: You cannot dynamax
|clearpoke
|poke|p1|Pelipper, F|
|poke|p1|Urshifu-*, F|
|poke|p1|Dragapult, F|
|poke|p1|Landorus-Therian, M|
|poke|p1|Melmetal|
|poke|p1|Tapu Lele|
|poke|p2|Ferrothorn, M|
|poke|p2|Rotom-Wash|
|poke|p2|Tyranitar, F|
|poke|p2|Excadrill, F|
|poke|p2|Clefable, M|
|poke|p2|Dragapult, F|
|teampreview
|inactive|Battle timer is ON: inactive players will automatically lose when time's up. (requested by ripreckful)
|
|t:|1660971425
|start
|switch|p1a: Dragapult|Dragapult, F|100/100
|switch|p2a: Rotom|Rotom-Wash|100/100
|turn|1
|
|t:|1660971433
|switch|p2a: Clefable|Clefable, M|100/100
|move|p1a: Dragapult|Draco Meteor|p2a: Clefable
|-immune|p2a: Clefable
|
|upkeep
|turn|2
|
|t:|1660971440
|switch|p1a: Melmetal|Melmetal|100/100
|move|p2a: Clefable|Stealth Rock|p1a: Melmetal
|-sidestart|p1: LT93OQ Bush|move: Stealth Rock
|
|upkeep
|turn|3
|j| LT93OQ Gray
|j|+avarice
|j| fakenagol ♕
|
|t:|1660971453
|move|p2a: Clefable|Knock Off|p1a: Melmetal
|-damage|p1a: Melmetal|93/100
|-enditem|p1a: Melmetal|Leftovers|[from] move: Knock Off|[of] p2a: Clefable
|move|p1a: Melmetal|Toxic|p2a: Clefable
|-status|p2a: Clefable|tox
|
|upkeep
|turn|4
|j| hariyana grande
|j| LT93OQ A
|
|t:|1660971468
|switch|p2a: Rotom|Rotom-Wash|100/100
|move|p1a: Melmetal|Toxic|p2a: Rotom
|-status|p2a: Rotom|tox
|
|-damage|p2a: Rotom|95/100 tox|[from] psn
|upkeep
|turn|5
|j| LT93OQ LOOR
|j| The art of
|
|t:|1660971481
|move|p1a: Melmetal|Protect|p1a: Melmetal
|-singleturn|p1a: Melmetal|Protect
|move|p2a: Rotom|Hydro Pump|p1a: Melmetal
|-activate|p1a: Melmetal|move: Protect
|
|-heal|p2a: Rotom|100/100 tox|[from] item: Leftovers
|-damage|p2a: Rotom|89/100 tox|[from] psn
|upkeep
|turn|6
|j| Haru
|j| pinkdragontamer
|l| pinkdragontamer
|
|t:|1660971499
|switch|p1a: Dragapult|Dragapult, F|100/100
|-damage|p1a: Dragapult|88/100|[from] Stealth Rock
|move|p2a: Rotom|Volt Switch|p1a: Dragapult
|-resisted|p1a: Dragapult
|-damage|p1a: Dragapult|70/100
|j| paradise cove
|j| 1 em trach thu
|inactive|ripreckful has 120 seconds left.
|j| Yyyggbb
|l| LT93OQ LOOR
|
|t:|1660971539
|switch|p2a: Tyranitar|Tyranitar, F|100/100|[from]move: Volt Switch
|-weather|Sandstorm|[from] ability: Sand Stream|[of] p2a: Tyranitar
|
|-weather|Sandstorm|[upkeep]
|-damage|p1a: Dragapult|64/100|[from] Sandstorm
|upkeep
|turn|7
|j| LT93OQ T
|
|t:|1660971554
|switch|p1a: Landorus|Landorus-Therian, M|100/100
|-damage|p1a: Landorus|88/100|[from] Stealth Rock
|-ability|p1a: Landorus|Intimidate|boost
|-unboost|p2a: Tyranitar|atk|1
|switch|p2a: Clefable|Clefable, M|100/100 tox
|
|-weather|Sandstorm|[upkeep]
|upkeep
|turn|8
|
|t:|1660971559
|move|p1a: Landorus|Defog|p2a: Clefable
|-unboost|p2a: Clefable|evasion|1
|-sideend|p1: LT93OQ Bush|Stealth Rock|[from] move: Defog|[of] p1a: Landorus
|move|p2a: Clefable|Knock Off|p1a: Landorus
|-damage|p1a: Landorus|78/100
|-enditem|p1a: Landorus|Eject Button|[from] move: Knock Off|[of] p2a: Clefable
|
|-weather|Sandstorm|[upkeep]
|upkeep
|turn|9
|
|t:|1660971563
|move|p1a: Landorus|Earthquake|p2a: Clefable
|-damage|p2a: Clefable|67/100 tox
|move|p2a: Clefable|Stealth Rock|p1a: Landorus
|-sidestart|p1: LT93OQ Bush|move: Stealth Rock
|
|-weather|Sandstorm|[upkeep]
|upkeep
|turn|10
|
|t:|1660971568
|move|p1a: Landorus|Defog|p2a: Clefable
|-unboost|p2a: Clefable|evasion|1
|-sideend|p1: LT93OQ Bush|Stealth Rock|[from] move: Defog|[of] p1a: Landorus
|move|p2a: Clefable|Soft-Boiled|p2a: Clefable
|-heal|p2a: Clefable|100/100 tox
|
|-weather|none
|upkeep
|turn|11
|
|t:|1660971571
|move|p1a: Landorus|Earthquake|p2a: Clefable
|-damage|p2a: Clefable|64/100 tox
|move|p2a: Clefable|Stealth Rock|p1a: Landorus
|-sidestart|p1: LT93OQ Bush|move: Stealth Rock
|
|upkeep
|turn|12
|
|t:|1660971577
|move|p1a: Landorus|Defog|p2a: Clefable
|-unboost|p2a: Clefable|evasion|1
|-sideend|p1: LT93OQ Bush|Stealth Rock|[from] move: Defog|[of] p1a: Landorus
|move|p2a: Clefable|Soft-Boiled|p2a: Clefable
|-heal|p2a: Clefable|100/100 tox
|
|upkeep
|turn|13
|
|t:|1660971580
|move|p1a: Landorus|Earthquake|p2a: Clefable
|-damage|p2a: Clefable|62/100 tox
|move|p2a: Clefable|Stealth Rock|p1a: Landorus
|-sidestart|p1: LT93OQ Bush|move: Stealth Rock
|
|upkeep
|turn|14
|
|t:|1660971585
|move|p1a: Landorus|Defog|p2a: Clefable
|-unboost|p2a: Clefable|evasion|1
|-sideend|p1: LT93OQ Bush|Stealth Rock|[from] move: Defog|[of] p1a: Landorus
|move|p2a: Clefable|Moonblast|p1a: Landorus
|-damage|p1a: Landorus|46/100
|
|upkeep
|turn|15
|
|t:|1660971591
|move|p1a: Landorus|Earthquake|p2a: Clefable
|-damage|p2a: Clefable|25/100 tox
|move|p2a: Clefable|Stealth Rock|p1a: Landorus
|-sidestart|p1: LT93OQ Bush|move: Stealth Rock
|
|upkeep
|turn|16
|
|t:|1660971596
|move|p1a: Landorus|Earthquake|p2a: Clefable
|-damage|p2a: Clefable|0 fnt
|faint|p2a: Clefable
|
|upkeep
|
|t:|1660971599
|switch|p2a: Dragapult|Dragapult, F|100/100
|turn|17
|
|t:|1660971607
|switch|p1a: Pelipper|Pelipper, F|100/100
|-damage|p1a: Pelipper|76/100|[from] Stealth Rock
|-weather|RainDance|[from] ability: Drizzle|[of] p1a: Pelipper
|move|p2a: Dragapult|Shadow Ball|p1a: Pelipper
|-damage|p1a: Pelipper|0 fnt
|faint|p1a: Pelipper
|
|-weather|RainDance|[upkeep]
|upkeep
|
|t:|1660971612
|switch|p1a: Tapu Lele|Tapu Lele|100/100
|-damage|p1a: Tapu Lele|88/100|[from] Stealth Rock
|-fieldstart|move: Psychic Terrain|[from] ability: Psychic Surge|[of] p1a: Tapu Lele
|turn|18
|
|t:|1660971620
|switch|p2a: Excadrill|Excadrill, F|100/100
|move|p1a: Tapu Lele|Future Sight|p2a: Excadrill
|-start|p1a: Tapu Lele|move: Future Sight
|
|-weather|RainDance|[upkeep]
|upkeep
|turn|19
|
|t:|1660971637
|move|p1a: Tapu Lele|Focus Blast|p2a: Excadrill
|-supereffective|p2a: Excadrill
|-damage|p2a: Excadrill|0 fnt
|faint|p2a: Excadrill
|
|-weather|RainDance|[upkeep]
|upkeep
|
|t:|1660971643
|switch|p2a: Dragapult|Dragapult, F|100/100
|turn|20
|j| MANNAT
|
|t:|1660971654
|move|p2a: Dragapult|U-turn|p1a: Tapu Lele
|-damage|p1a: Tapu Lele|62/100
|
|t:|1660971661
|switch|p2a: Rotom|Rotom-Wash|89/100 tox|[from]move: U-turn
|move|p1a: Tapu Lele|Focus Blast|p2a: Rotom
|-damage|p2a: Rotom|44/100 tox
|
|-weather|RainDance|[upkeep]
|-end|p2a: Rotom|move: Future Sight
|-damage|p2a: Rotom|0 fnt
|faint|p2a: Rotom
|upkeep
|
|t:|1660971663
|switch|p2a: Dragapult|Dragapult, F|100/100
|turn|21
|
|t:|1660971668
|switch|p1a: Landorus|Landorus-Therian, M|46/100
|-damage|p1a: Landorus|33/100|[from] Stealth Rock
|-ability|p1a: Landorus|Intimidate|boost
|-unboost|p2a: Dragapult|atk|1
|move|p2a: Dragapult|Shadow Ball|p1a: Landorus
|-damage|p1a: Landorus|0 fnt
|faint|p1a: Landorus
|
|-weather|none
|upkeep
|
|t:|1660971672
|switch|p1a: Melmetal|Melmetal|93/100
|-damage|p1a: Melmetal|87/100|[from] Stealth Rock
|turn|22
|
|t:|1660971679
|switch|p2a: Ferrothorn|Ferrothorn, M|100/100
|move|p1a: Melmetal|Earthquake|p2a: Ferrothorn
|-damage|p2a: Ferrothorn|80/100
|
|-heal|p2a: Ferrothorn|86/100|[from] item: Leftovers
|-fieldend|move: Psychic Terrain
|upkeep
|turn|23
|
|t:|1660971697
|move|p1a: Melmetal|Earthquake|p2a: Ferrothorn
|-damage|p2a: Ferrothorn|67/100
|move|p2a: Ferrothorn|Spikes|p1a: Melmetal
|-sidestart|p1: LT93OQ Bush|Spikes
|
|-heal|p2a: Ferrothorn|73/100|[from] item: Leftovers
|upkeep
|turn|24
|
|t:|1660971701
|switch|p1a: Dragapult|Dragapult, F|64/100
|-damage|p1a: Dragapult|52/100|[from] Stealth Rock
|-damage|p1a: Dragapult|39/100|[from] Spikes
|move|p2a: Ferrothorn|Spikes|p1a: Dragapult
|-sidestart|p1: LT93OQ Bush|Spikes
|
|-heal|p2a: Ferrothorn|79/100|[from] item: Leftovers
|upkeep
|turn|25
|
|t:|1660971708
|move|p1a: Dragapult|Draco Meteor|p2a: Ferrothorn
|-resisted|p2a: Ferrothorn
|-damage|p2a: Ferrothorn|41/100
|-unboost|p1a: Dragapult|spa|2
|move|p2a: Ferrothorn|Spikes|p1a: Dragapult
|-sidestart|p1: LT93OQ Bush|Spikes
|
|-heal|p2a: Ferrothorn|48/100|[from] item: Leftovers
|upkeep
|turn|26
|
|t:|1660971711
|switch|p2a: Tyranitar|Tyranitar, F|100/100
|-weather|Sandstorm|[from] ability: Sand Stream|[of] p2a: Tyranitar
|move|p1a: Dragapult|Draco Meteor|p2a: Tyranitar
|-damage|p2a: Tyranitar|72/100
|-unboost|p1a: Dragapult|spa|2
|
|-weather|Sandstorm|[upkeep]
|-damage|p1a: Dragapult|33/100|[from] Sandstorm
|upkeep
|turn|27
|
|t:|1660971725
|move|p1a: Dragapult|Draco Meteor|p2a: Tyranitar
|-damage|p2a: Tyranitar|50/100
|-unboost|p1a: Dragapult|spa|2
|move|p2a: Tyranitar|Crunch|p1a: Dragapult
|-supereffective|p1a: Dragapult
|-damage|p1a: Dragapult|0 fnt
|faint|p1a: Dragapult
|
|-weather|Sandstorm|[upkeep]
|upkeep
|
|t:|1660971729
|switch|p1a: Urshifu|Urshifu-Rapid-Strike, F|100/100
|-damage|p1a: Urshifu|94/100|[from] Stealth Rock
|-damage|p1a: Urshifu|69/100|[from] Spikes
|turn|28
|
|t:|1660971737
|move|p1a: Urshifu|U-turn|p2a: Tyranitar
|-supereffective|p2a: Tyranitar
|-damage|p2a: Tyranitar|3/100
|j| lt93oq im garbage
|
|t:|1660971750
|switch|p1a: Melmetal|Melmetal|87/100|[from]move: U-turn
|-damage|p1a: Melmetal|80/100|[from] Stealth Rock
|-damage|p1a: Melmetal|55/100|[from] Spikes
|move|p2a: Tyranitar|Crunch|p1a: Melmetal
|-damage|p1a: Melmetal|17/100
|
|-weather|Sandstorm|[upkeep]
|upkeep
|turn|29
|
|t:|1660971752
|move|p2a: Tyranitar|Crunch|p1a: Melmetal
|-damage|p1a: Melmetal|0 fnt
|faint|p1a: Melmetal
|
|-weather|Sandstorm|[upkeep]
|upkeep
|
|t:|1660971754
|switch|p1a: Urshifu|Urshifu-Rapid-Strike, F|69/100
|-damage|p1a: Urshifu|63/100|[from] Stealth Rock
|-damage|p1a: Urshifu|38/100|[from] Spikes
|turn|30
|j| pls send team
|
|t:|1660971760
|move|p1a: Urshifu|Ice Punch|p2a: Tyranitar
|-crit|p2a: Tyranitar
|-damage|p2a: Tyranitar|0 fnt
|faint|p2a: Tyranitar
|
|-weather|none
|upkeep
|
|t:|1660971762
|switch|p2a: Ferrothorn|Ferrothorn, M|48/100
|turn|31
|l| paradise cove
|
|t:|1660971772
|switch|p1a: Tapu Lele|Tapu Lele|62/100
|-damage|p1a: Tapu Lele|49/100|[from] Stealth Rock
|-damage|p1a: Tapu Lele|24/100|[from] Spikes
|-fieldstart|move: Psychic Terrain|[from] ability: Psychic Surge|[of] p1a: Tapu Lele
|switch|p2a: Dragapult|Dragapult, F|100/100
|
|upkeep
|turn|32
|
|t:|1660971779
|move|p2a: Dragapult|Shadow Ball|p1a: Tapu Lele
|-supereffective|p1a: Tapu Lele
|-damage|p1a: Tapu Lele|0 fnt
|faint|p1a: Tapu Lele
|
|upkeep
|
|t:|1660971781
|switch|p1a: Urshifu|Urshifu-Rapid-Strike, F|38/100
|-damage|p1a: Urshifu|32/100|[from] Stealth Rock
|-damage|p1a: Urshifu|7/100|[from] Spikes
|turn|33
|
|t:|1660971785
|switch|p2a: Ferrothorn|Ferrothorn, M|48/100
|move|p1a: Urshifu|Ice Punch|p2a: Ferrothorn
|-damage|p2a: Ferrothorn|29/100
|-damage|p1a: Urshifu|0 fnt|[from] ability: Iron Barbs|[of] p2a: Ferrothorn
|faint|p1a: Urshifu
|
|win|ripreckful
|raw|LT93OQ Bush's rating: 1895 &rarr; <strong>1872</strong><br />(-23 for losing)
|raw|ripreckful's rating: 1834 &rarr; <strong>1857</strong><br />(+23 for winning)
|l|☆LT93OQ Bush
|l|☆ripreckful
|l| Yyyggbb
|l| The art of
|l|+avarice
|l| LT93OQ T
|l| hariyana grande
|l| Haru
|l| MANNAT
|l| LT93OQ A
|l| LT93OQ Gray
|l| 1 em trach thu
|l| pls send team
|j| pls send team
