|j|☆France On Top
|j|☆Pinks1ip
|t:|1658832341
|gametype|singles
|player|p1|France On Top|burglar-gen1|1606
|player|p2|Pinks1ip|skierf|1626
|teamsize|p1|6
|teamsize|p2|6
|gen|8
|tier|[Gen 8] OU
|rated|
|rule|Sleep Clause Mod: Limit one foe put to sleep
|rule|Species Clause: Limit one of each Pokémon
|rule|OHKO Clause: OHKO moves are banned
|rule|Evasion Moves Clause: Evasion moves are banned
|rule|Endless Battle Clause: Forcing endless battles is banned
|rule|HP Percentage Mod: HP is shown in percentages
|rule|Dynamax Clause: You cannot dynamax
|clearpoke
|poke|p1|Zapdos|
|poke|p1|Tornadus-Therian, M|
|poke|p1|Urshifu-*, M|
|poke|p1|Landorus-Therian, M|
|poke|p1|Hydreigon, F|
|poke|p1|Toxapex, F|
|poke|p2|Aegislash, F|
|poke|p2|Hydreigon, M|
|poke|p2|Slowking-Galar, M|
|poke|p2|Buzzwole|
|poke|p2|Tapu Fini|
|poke|p2|Landorus-Therian, M|
|teampreview
|
|t:|1658832350
|start
|switch|p1a: n°6 N'golo|Tornadus-Therian, M|100/100
|switch|p2a: Landorus|Landorus-Therian, M|100/100
|-ability|p2a: Landorus|Intimidate|boost
|-unboost|p1a: n°6 N'golo|atk|1
|turn|1
|
|t:|1658832352
|move|p1a: n°6 N'golo|Icy Wind|p2a: Landorus
|-supereffective|p2a: Landorus
|-damage|p2a: Landorus|22/100
|-unboost|p2a: Landorus|spe|1
|move|p2a: Landorus|Stealth Rock|p1a: n°6 N'golo
|-sidestart|p1: France On Top|move: Stealth Rock
|
|-heal|p2a: Landorus|28/100|[from] item: Leftovers
|upkeep
|turn|2
|
|t:|1658832371
|switch|p2a: Aegislash|Aegislash, F|100/100
|move|p1a: n°6 N'golo|Icy Wind|p2a: Aegislash
|-resisted|p2a: Aegislash
|-damage|p2a: Aegislash|88/100
|-unboost|p2a: Aegislash|spe|1
|
|-heal|p2a: Aegislash|94/100|[from] item: Leftovers
|upkeep
|turn|3
|
|t:|1658832375
|switch|p1a: n°7 Dembélé|Hydreigon, F|100/100
|-damage|p1a: n°7 Dembélé|88/100|[from] Stealth Rock
|move|p2a: Aegislash|King's Shield||[still]
|-fail|p2a: Aegislash
|
|-heal|p1a: n°7 Dembélé|94/100|[from] item: Leftovers
|-heal|p2a: Aegislash|100/100|[from] item: Leftovers
|upkeep
|turn|4
|
|t:|1658832379
|switch|p2a: Tapu Fini|Tapu Fini, shiny|100/100
|-fieldstart|move: Misty Terrain|[from] ability: Misty Surge|[of] p2a: Tapu Fini
|move|p1a: n°7 Dembélé|Defog|p2a: Tapu Fini
|-unboost|p2a: Tapu Fini|evasion|1
|-sideend|p1: France On Top|Stealth Rock|[from] move: Defog|[of] p1a: n°7 Dembélé
|-fieldend|Misty Terrain
|
|-heal|p1a: n°7 Dembélé|100/100|[from] item: Leftovers
|upkeep
|turn|5
|
|t:|1658832382
|switch|p1a: n°5 Makelele|Zapdos|100/100
|move|p2a: Tapu Fini|Trick|p1a: n°5 Makelele
|-activate|p2a: Tapu Fini|move: Trick|[of] p1a: n°5 Makelele
|-item|p1a: n°5 Makelele|Choice Scarf|[from] move: Trick
|-item|p2a: Tapu Fini|Choice Specs|[from] move: Trick
|
|upkeep
|turn|6
|
|t:|1658832396
|switch|p1a: n°10 Zinedine|Urshifu-Rapid-Strike, M|100/100
|switch|p2a: Slowking|Slowking-Galar, M|100/100
|
|upkeep
|turn|7
|
|t:|1658832403
|switch|p1a: n°1 Barthez|Toxapex, F|100/100
|move|p2a: Slowking|Future Sight|p1a: n°1 Barthez
|-start|p2a: Slowking|move: Future Sight
|
|upkeep
|turn|8
|
|t:|1658832410
|move|p1a: n°1 Barthez|Scald|p2a: Slowking
|-damage|p2a: Slowking|93/100
|move|p2a: Slowking|Scald|p1a: n°1 Barthez
|-resisted|p1a: n°1 Barthez
|-damage|p1a: n°1 Barthez|93/100
|
|upkeep
|turn|9
|
|t:|1658832416
|switch|p1a: n°7 Dembélé|Hydreigon, F|100/100
|move|p2a: Slowking|Sludge Bomb|p1a: n°7 Dembélé
|-damage|p1a: n°7 Dembélé|73/100
|-status|p1a: n°7 Dembélé|psn
|
|-end|p1a: n°7 Dembélé|move: Future Sight
|-immune|p1a: n°7 Dembélé
|-heal|p1a: n°7 Dembélé|79/100 psn|[from] item: Leftovers
|-damage|p1a: n°7 Dembélé|66/100 psn|[from] psn
|upkeep
|turn|10
|
|t:|1658832422
|move|p1a: n°7 Dembélé|Roost|p1a: n°7 Dembélé
|-heal|p1a: n°7 Dembélé|100/100 psn
|-singleturn|p1a: n°7 Dembélé|move: Roost
|move|p2a: Slowking|Sludge Bomb|p1a: n°7 Dembélé
|-damage|p1a: n°7 Dembélé|72/100 psn
|
|-heal|p1a: n°7 Dembélé|79/100 psn|[from] item: Leftovers
|-damage|p1a: n°7 Dembélé|66/100 psn|[from] psn
|upkeep
|turn|11
|
|t:|1658832428
|switch|p2a: Tapu Fini|Tapu Fini, shiny|100/100
|-fieldstart|move: Misty Terrain|[from] ability: Misty Surge|[of] p2a: Tapu Fini
|move|p1a: n°7 Dembélé|Roost|p1a: n°7 Dembélé
|-heal|p1a: n°7 Dembélé|100/100 psn
|-singleturn|p1a: n°7 Dembélé|move: Roost
|
|-damage|p1a: n°7 Dembélé|88/100 psn|[from] psn
|upkeep
|turn|12
|
|t:|1658832436
|switch|p1a: n°5 Makelele|Zapdos|100/100
|move|p2a: Tapu Fini|Trick|p1a: n°5 Makelele
|-activate|p2a: Tapu Fini|move: Trick|[of] p1a: n°5 Makelele
|-item|p1a: n°5 Makelele|Choice Specs|[from] move: Trick
|-item|p2a: Tapu Fini|Choice Scarf|[from] move: Trick
|
|upkeep
|turn|13
|
|t:|1658832444
|switch|p2a: Slowking|Slowking-Galar, M|100/100
|move|p1a: n°5 Makelele|Volt Switch|p2a: Slowking
|-damage|p2a: Slowking|76/100
|
|t:|1658832446
|switch|p1a: n°10 Zinedine|Urshifu-Rapid-Strike, M|100/100|[from]move: Volt Switch
|
|upkeep
|turn|14
|
|t:|1658832451
|switch|p2a: Buzzwole|Buzzwole|100/100
|move|p1a: n°10 Zinedine|U-turn|p2a: Buzzwole
|-resisted|p2a: Buzzwole
|-damage|p2a: Buzzwole|92/100
|-damage|p1a: n°10 Zinedine|84/100|[from] item: Rocky Helmet|[of] p2a: Buzzwole
|
|t:|1658832453
|switch|p1a: n°5 Makelele|Zapdos|100/100|[from]move: U-turn
|
|upkeep
|turn|15
|
|t:|1658832472
|switch|p2a: Slowking|Slowking-Galar, M|100/100
|move|p1a: n°5 Makelele|Hurricane|p2a: Slowking|[miss]
|-miss|p1a: n°5 Makelele|p2a: Slowking
|
|-fieldend|Misty Terrain
|upkeep
|turn|16
|
|t:|1658832477
|switch|p1a: n°1 Barthez|Toxapex, F|100/100
|move|p2a: Slowking|Sludge Bomb|p1a: n°1 Barthez
|-resisted|p1a: n°1 Barthez
|-damage|p1a: n°1 Barthez|85/100
|
|upkeep
|turn|17
|
|t:|1658832479
|move|p1a: n°1 Barthez|Scald|p2a: Slowking
|-damage|p2a: Slowking|93/100
|-status|p2a: Slowking|brn
|move|p2a: Slowking|Future Sight|p1a: n°1 Barthez
|-start|p2a: Slowking|move: Future Sight
|
|-damage|p2a: Slowking|87/100 brn|[from] brn
|upkeep
|turn|18
|
|t:|1658832487
|switch|p1a: n°6 N'golo|Tornadus-Therian, M|100/100
|move|p2a: Slowking|Scald|p1a: n°6 N'golo
|-damage|p1a: n°6 N'golo|70/100
|
|-damage|p2a: Slowking|80/100 brn|[from] brn
|upkeep
|turn|19
|
|t:|1658832494
|switch|p2a: Landorus|Landorus-Therian, M|28/100
|-ability|p2a: Landorus|Intimidate|boost
|-unboost|p1a: n°6 N'golo|atk|1
|move|p1a: n°6 N'golo|U-turn|p2a: Landorus
|-resisted|p2a: Landorus
|-damage|p2a: Landorus|23/100
|
|t:|1658832498
|switch|p1a: n°7 Dembélé|Hydreigon, F|88/100 psn|[from]move: U-turn
|
|-end|p1a: n°7 Dembélé|move: Future Sight
|-immune|p1a: n°7 Dembélé
|-heal|p1a: n°7 Dembélé|94/100 psn|[from] item: Leftovers
|-heal|p2a: Landorus|29/100|[from] item: Leftovers
|-damage|p1a: n°7 Dembélé|82/100 psn|[from] psn
|upkeep
|turn|20
|
|t:|1658832506
|switch|p2a: Tapu Fini|Tapu Fini, shiny|100/100
|-fieldstart|move: Misty Terrain|[from] ability: Misty Surge|[of] p2a: Tapu Fini
|move|p1a: n°7 Dembélé|Dark Pulse|p2a: Tapu Fini
|-resisted|p2a: Tapu Fini
|-damage|p2a: Tapu Fini|84/100
|
|-heal|p1a: n°7 Dembélé|88/100 psn|[from] item: Leftovers
|-damage|p1a: n°7 Dembélé|76/100 psn|[from] psn
|upkeep
|turn|21
|
|t:|1658832511
|switch|p1a: n°1 Barthez|Toxapex, F|100/100
|move|p2a: Tapu Fini|Trick|p1a: n°1 Barthez
|-activate|p2a: Tapu Fini|move: Trick|[of] p1a: n°1 Barthez
|-item|p1a: n°1 Barthez|Choice Scarf|[from] move: Trick
|-item|p2a: Tapu Fini|Rocky Helmet|[from] move: Trick
|
|upkeep
|turn|22
|
|t:|1658832522
|switch|p2a: Aegislash|Aegislash, F|100/100
|move|p1a: n°1 Barthez|Scald|p2a: Aegislash
|-damage|p2a: Aegislash|82/100
|
|-heal|p2a: Aegislash|88/100|[from] item: Leftovers
|upkeep
|turn|23
|
|t:|1658832525
|move|p2a: Aegislash|Substitute|p2a: Aegislash
|-start|p2a: Aegislash|Substitute
|-damage|p2a: Aegislash|63/100
|move|p1a: n°1 Barthez|Scald|p2a: Aegislash
|-activate|p2a: Aegislash|move: Substitute|[damage]
|
|-heal|p2a: Aegislash|69/100|[from] item: Leftovers
|upkeep
|turn|24
|
|t:|1658832530
|move|p2a: Aegislash|King's Shield|p2a: Aegislash
|-singleturn|p2a: Aegislash|Protect
|move|p1a: n°1 Barthez|Scald|p2a: Aegislash
|-activate|p2a: Aegislash|move: Protect
|
|-heal|p2a: Aegislash|76/100|[from] item: Leftovers
|-fieldend|Misty Terrain
|upkeep
|turn|25
|
|t:|1658832532
|-formechange|p2a: Aegislash|Aegislash-Blade||[from] ability: Stance Change
|move|p2a: Aegislash|Shadow Ball|p1a: n°1 Barthez
|-damage|p1a: n°1 Barthez|65/100
|-unboost|p1a: n°1 Barthez|spd|1
|move|p1a: n°1 Barthez|Scald|p2a: Aegislash
|-end|p2a: Aegislash|Substitute
|
|-heal|p2a: Aegislash|82/100|[from] item: Leftovers
|upkeep
|turn|26
|
|t:|1658832538
|switch|p1a: n°7 Dembélé|Hydreigon, F|76/100 psn
|-formechange|p2a: Aegislash|Aegislash||[from] ability: Stance Change
|move|p2a: Aegislash|King's Shield||[still]
|-fail|p2a: Aegislash
|
|-heal|p1a: n°7 Dembélé|82/100 psn|[from] item: Leftovers
|-heal|p2a: Aegislash|88/100|[from] item: Leftovers
|-damage|p1a: n°7 Dembélé|70/100 psn|[from] psn
|upkeep
|turn|27
|
|t:|1658832546
|switch|p1a: n°1 Barthez|Toxapex, F|98/100
|-formechange|p2a: Aegislash|Aegislash-Blade||[from] ability: Stance Change
|move|p2a: Aegislash|Close Combat|p1a: n°1 Barthez
|-resisted|p1a: n°1 Barthez
|-damage|p1a: n°1 Barthez|86/100
|-unboost|p2a: Aegislash|def|1
|-unboost|p2a: Aegislash|spd|1
|
|-heal|p2a: Aegislash|94/100|[from] item: Leftovers
|upkeep
|turn|28
|
|t:|1658832550
|switch|p1a: n°11 Ben Arfa|Landorus-Therian, M|100/100
|-ability|p1a: n°11 Ben Arfa|Intimidate|boost
|-unboost|p2a: Aegislash|atk|1
|-formechange|p2a: Aegislash|Aegislash||[from] ability: Stance Change
|move|p2a: Aegislash|King's Shield||[still]
|-fail|p2a: Aegislash
|
|-heal|p2a: Aegislash|99/100|[from] item: Leftovers
|upkeep
|turn|29
|
|t:|1658832554
|switch|p2a: Buzzwole|Buzzwole|92/100
|move|p1a: n°11 Ben Arfa|Stealth Rock|p2a: Buzzwole
|-sidestart|p2: Pinks1ip|move: Stealth Rock
|
|upkeep
|turn|30
|
|t:|1658832557
|switch|p1a: n°1 Barthez|Toxapex, F|100/100
|move|p2a: Buzzwole|Ice Punch|p1a: n°1 Barthez
|-resisted|p1a: n°1 Barthez
|-damage|p1a: n°1 Barthez|92/100
|
|upkeep
|turn|31
|
|t:|1658832563
|switch|p1a: n°5 Makelele|Zapdos|100/100
|move|p2a: Buzzwole|Earthquake|p1a: n°5 Makelele
|-immune|p1a: n°5 Makelele
|
|upkeep
|turn|32
|
|t:|1658832571
|switch|p2a: Slowking|Slowking-Galar, M|100/100 brn
|-damage|p2a: Slowking|88/100 brn|[from] Stealth Rock
|move|p1a: n°5 Makelele|Volt Switch|p2a: Slowking
|-damage|p2a: Slowking|64/100 brn
|
|t:|1658832573
|switch|p1a: n°10 Zinedine|Urshifu-Rapid-Strike, M|84/100|[from]move: Volt Switch
|
|-damage|p2a: Slowking|58/100 brn|[from] brn
|upkeep
|turn|33
|
|t:|1658832576
|switch|p1a: n°5 Makelele|Zapdos|100/100
|switch|p2a: Buzzwole|Buzzwole|92/100
|-damage|p2a: Buzzwole|80/100|[from] Stealth Rock
|
|upkeep
|turn|34
|
|t:|1658832578
|switch|p2a: Slowking|Slowking-Galar, M|91/100 brn
|-damage|p2a: Slowking|78/100 brn|[from] Stealth Rock
|move|p1a: n°5 Makelele|Hurricane|p2a: Slowking
|-damage|p2a: Slowking|43/100 brn
|
|-damage|p2a: Slowking|37/100 brn|[from] brn
|upkeep
|turn|35
|
|t:|1658832589
|switch|p2a: Aegislash|Aegislash, F|99/100
|-damage|p2a: Aegislash|94/100|[from] Stealth Rock
|move|p1a: n°5 Makelele|Hurricane|p2a: Aegislash|[miss]
|-miss|p1a: n°5 Makelele|p2a: Aegislash
|
|-heal|p2a: Aegislash|99/100|[from] item: Leftovers
|upkeep
|turn|36
|
|t:|1658832593
|switch|p1a: n°11 Ben Arfa|Landorus-Therian, M|100/100
|-ability|p1a: n°11 Ben Arfa|Intimidate|boost
|-unboost|p2a: Aegislash|atk|1
|move|p2a: Aegislash|Substitute|p2a: Aegislash
|-start|p2a: Aegislash|Substitute
|-damage|p2a: Aegislash|75/100
|
|-heal|p2a: Aegislash|81/100|[from] item: Leftovers
|upkeep
|turn|37
|
|t:|1658832596
|move|p2a: Aegislash|King's Shield|p2a: Aegislash
|-singleturn|p2a: Aegislash|Protect
|move|p1a: n°11 Ben Arfa|Earthquake|p2a: Aegislash
|-activate|p2a: Aegislash|move: Protect
|
|-heal|p2a: Aegislash|87/100|[from] item: Leftovers
|upkeep
|turn|38
|
|t:|1658832599
|-formechange|p2a: Aegislash|Aegislash-Blade||[from] ability: Stance Change
|move|p2a: Aegislash|Shadow Ball|p1a: n°11 Ben Arfa
|-damage|p1a: n°11 Ben Arfa|61/100
|move|p1a: n°11 Ben Arfa|Earthquake|p2a: Aegislash
|-supereffective|p2a: Aegislash
|-end|p2a: Aegislash|Substitute
|
|-heal|p2a: Aegislash|94/100|[from] item: Leftovers
|-heal|p1a: n°11 Ben Arfa|67/100|[from] item: Leftovers
|upkeep
|turn|39
|
|t:|1658832607
|switch|p2a: Buzzwole|Buzzwole|80/100
|-damage|p2a: Buzzwole|67/100|[from] Stealth Rock
|move|p1a: n°11 Ben Arfa|Stone Edge|p2a: Buzzwole
|-damage|p2a: Buzzwole|47/100
|
|-heal|p1a: n°11 Ben Arfa|73/100|[from] item: Leftovers
|upkeep
|turn|40
|
|t:|1658832616
|switch|p1a: n°5 Makelele|Zapdos|100/100
|move|p2a: Buzzwole|Roost|p2a: Buzzwole
|-heal|p2a: Buzzwole|97/100
|-singleturn|p2a: Buzzwole|move: Roost
|
|upkeep
|turn|41
|
|t:|1658832621
|switch|p2a: Slowking|Slowking-Galar, M|70/100 brn
|-damage|p2a: Slowking|58/100 brn|[from] Stealth Rock
|move|p1a: n°5 Makelele|Volt Switch|p2a: Slowking
|-damage|p2a: Slowking|36/100 brn
|
|t:|1658832624
|switch|p1a: n°10 Zinedine|Urshifu-Rapid-Strike, M|84/100|[from]move: Volt Switch
|
|-damage|p2a: Slowking|30/100 brn|[from] brn
|upkeep
|turn|42
|
|t:|1658832627
|switch|p1a: n°5 Makelele|Zapdos|100/100
|switch|p2a: Buzzwole|Buzzwole|97/100
|-damage|p2a: Buzzwole|84/100|[from] Stealth Rock
|
|upkeep
|turn|43
|
|t:|1658832630
|switch|p2a: Aegislash|Aegislash, F|94/100
|-damage|p2a: Aegislash|87/100|[from] Stealth Rock
|move|p1a: n°5 Makelele|Hurricane|p2a: Aegislash
|-resisted|p2a: Aegislash
|-damage|p2a: Aegislash|46/100
|
|-heal|p2a: Aegislash|53/100|[from] item: Leftovers
|upkeep
|turn|44
|j| emo705
|
|t:|1658832648
|switch|p1a: n°6 N'golo|Tornadus-Therian, M|100/100
|move|p2a: Aegislash|King's Shield||[still]
|-fail|p2a: Aegislash
|
|-heal|p2a: Aegislash|59/100|[from] item: Leftovers
|upkeep
|turn|45
|
|t:|1658832658
|move|p2a: Aegislash|King's Shield|p2a: Aegislash
|-singleturn|p2a: Aegislash|Protect
|move|p1a: n°6 N'golo|Hurricane|p2a: Aegislash
|-activate|p2a: Aegislash|move: Protect
|
|-heal|p2a: Aegislash|65/100|[from] item: Leftovers
|upkeep
|turn|46
|
|t:|1658832679
|switch|p2a: Slowking|Slowking-Galar, M|63/100 brn
|-damage|p2a: Slowking|50/100 brn|[from] Stealth Rock
|move|p1a: n°6 N'golo|Hurricane|p2a: Slowking|[miss]
|-miss|p1a: n°6 N'golo|p2a: Slowking
|
|-damage|p2a: Slowking|44/100 brn|[from] brn
|upkeep
|turn|47
|
|t:|1658832687
|move|p1a: n°6 N'golo|Hurricane|p2a: Slowking
|-damage|p2a: Slowking|11/100 brn
|-start|p2a: Slowking|confusion
|-activate|p2a: Slowking|confusion
|move|p2a: Slowking|Future Sight|p1a: n°6 N'golo
|-start|p2a: Slowking|move: Future Sight
|
|-damage|p2a: Slowking|5/100 brn|[from] brn
|upkeep
|turn|48
|
|t:|1658832701
|switch|p1a: n°11 Ben Arfa|Landorus-Therian, M|73/100
|-ability|p1a: n°11 Ben Arfa|Intimidate|boost
|-unboost|p2a: Slowking|atk|1
|switch|p2a: Tapu Fini|Tapu Fini, shiny|84/100
|-damage|p2a: Tapu Fini|72/100|[from] Stealth Rock
|-fieldstart|move: Misty Terrain|[from] ability: Misty Surge|[of] p2a: Tapu Fini
|
|-heal|p1a: n°11 Ben Arfa|79/100|[from] item: Leftovers
|upkeep
|turn|49
|
|t:|1658832708
|switch|p1a: n°1 Barthez|Toxapex, F|100/100
|move|p2a: Tapu Fini|Defog|p1a: n°1 Barthez
|-unboost|p1a: n°1 Barthez|evasion|1
|-sideend|p2: Pinks1ip|Stealth Rock|[from] move: Defog|[of] p2a: Tapu Fini
|-fieldend|Misty Terrain
|
|-end|p1a: n°1 Barthez|move: Future Sight
|-supereffective|p1a: n°1 Barthez
|-damage|p1a: n°1 Barthez|18/100
|upkeep
|turn|50
|
|t:|1658832720
|switch|p2a: Aegislash|Aegislash, F|65/100
|switch|p1a: n°6 N'golo|Tornadus-Therian, M|100/100
|
|-heal|p2a: Aegislash|71/100|[from] item: Leftovers
|upkeep
|turn|51
|
|t:|1658832725
|switch|p1a: n°11 Ben Arfa|Landorus-Therian, M|79/100
|-ability|p1a: n°11 Ben Arfa|Intimidate|boost
|-unboost|p2a: Aegislash|atk|1
|move|p2a: Aegislash|King's Shield||[still]
|-fail|p2a: Aegislash
|
|-heal|p2a: Aegislash|77/100|[from] item: Leftovers
|-heal|p1a: n°11 Ben Arfa|85/100|[from] item: Leftovers
|upkeep
|turn|52
|
|t:|1658832731
|switch|p2a: Buzzwole|Buzzwole|84/100
|move|p1a: n°11 Ben Arfa|Stealth Rock|p2a: Buzzwole
|-sidestart|p2: Pinks1ip|move: Stealth Rock
|
|-heal|p1a: n°11 Ben Arfa|91/100|[from] item: Leftovers
|upkeep
|turn|53
|
|t:|1658832736
|switch|p1a: n°1 Barthez|Toxapex, F|51/100
|move|p2a: Buzzwole|Ice Punch|p1a: n°1 Barthez
|-resisted|p1a: n°1 Barthez
|-damage|p1a: n°1 Barthez|42/100
|
|upkeep
|turn|54
|
|t:|1658832738
|switch|p1a: n°6 N'golo|Tornadus-Therian, M|100/100
|move|p2a: Buzzwole|Ice Punch|p1a: n°6 N'golo
|-supereffective|p1a: n°6 N'golo
|-damage|p1a: n°6 N'golo|27/100
|
|upkeep
|turn|55
|
|t:|1658832752
|switch|p2a: Aegislash|Aegislash, F|77/100
|-damage|p2a: Aegislash|71/100|[from] Stealth Rock
|move|p1a: n°6 N'golo|U-turn|p2a: Aegislash
|-resisted|p2a: Aegislash
|-damage|p2a: Aegislash|67/100
|
|t:|1658832755
|switch|p1a: n°11 Ben Arfa|Landorus-Therian, M|91/100|[from]move: U-turn
|-ability|p1a: n°11 Ben Arfa|Intimidate|boost
|-unboost|p2a: Aegislash|atk|1
|
|-heal|p2a: Aegislash|73/100|[from] item: Leftovers
|-heal|p1a: n°11 Ben Arfa|97/100|[from] item: Leftovers
|upkeep
|turn|56
|
|t:|1658832759
|switch|p2a: Buzzwole|Buzzwole|84/100
|-damage|p2a: Buzzwole|72/100|[from] Stealth Rock
|move|p1a: n°11 Ben Arfa|Earthquake|p2a: Buzzwole
|-resisted|p2a: Buzzwole
|-damage|p2a: Buzzwole|57/100
|
|-heal|p1a: n°11 Ben Arfa|100/100|[from] item: Leftovers
|upkeep
|turn|57
|
|t:|1658832769
|switch|p1a: n°1 Barthez|Toxapex, F|75/100
|move|p2a: Buzzwole|Roost|p2a: Buzzwole
|-heal|p2a: Buzzwole|100/100
|-singleturn|p2a: Buzzwole|move: Roost
|
|upkeep
|turn|58
|
|t:|1658832772
|switch|p2a: Tapu Fini|Tapu Fini, shiny|72/100
|-damage|p2a: Tapu Fini|59/100|[from] Stealth Rock
|-fieldstart|move: Misty Terrain|[from] ability: Misty Surge|[of] p2a: Tapu Fini
|move|p1a: n°1 Barthez|Scald|p2a: Tapu Fini
|-resisted|p2a: Tapu Fini
|-damage|p2a: Tapu Fini|51/100
|
|upkeep
|turn|59
|
|t:|1658832779
|move|p2a: Tapu Fini|Defog|p1a: n°1 Barthez
|-unboost|p1a: n°1 Barthez|evasion|1
|-sideend|p2: Pinks1ip|Stealth Rock|[from] move: Defog|[of] p2a: Tapu Fini
|-fieldend|Misty Terrain
|move|p1a: n°1 Barthez|Scald|p2a: Tapu Fini
|-resisted|p2a: Tapu Fini
|-damage|p2a: Tapu Fini|43/100
|-status|p2a: Tapu Fini|brn
|
|-damage|p2a: Tapu Fini|37/100 brn|[from] brn
|upkeep
|turn|60
|
|t:|1658832788
|switch|p2a: Slowking|Slowking-Galar, M|38/100 brn
|switch|p1a: n°11 Ben Arfa|Landorus-Therian, M|100/100
|-ability|p1a: n°11 Ben Arfa|Intimidate|boost
|-unboost|p2a: Slowking|atk|1
|
|-damage|p2a: Slowking|32/100 brn|[from] brn
|upkeep
|turn|61
|
|t:|1658832791
|switch|p2a: Buzzwole|Buzzwole|100/100
|move|p1a: n°11 Ben Arfa|Stealth Rock|p2a: Buzzwole
|-sidestart|p2: Pinks1ip|move: Stealth Rock
|
|upkeep
|turn|62
|
|t:|1658832795
|switch|p1a: n°1 Barthez|Toxapex, F|100/100
|move|p2a: Buzzwole|Ice Punch|p1a: n°1 Barthez
|-resisted|p1a: n°1 Barthez
|-damage|p1a: n°1 Barthez|91/100
|
|upkeep
|turn|63
|
|t:|1658832798
|switch|p2a: Tapu Fini|Tapu Fini, shiny|37/100 brn
|-damage|p2a: Tapu Fini|25/100 brn|[from] Stealth Rock
|-fieldstart|move: Misty Terrain|[from] ability: Misty Surge|[of] p2a: Tapu Fini
|switch|p1a: n°5 Makelele|Zapdos|100/100
|
|-damage|p2a: Tapu Fini|19/100 brn|[from] brn
|upkeep
|turn|64
|
|t:|1658832813
|switch|p2a: Slowking|Slowking-Galar, M|65/100 brn
|-damage|p2a: Slowking|53/100 brn|[from] Stealth Rock
|move|p1a: n°5 Makelele|Heat Wave|p2a: Slowking
|-damage|p2a: Slowking|33/100 brn
|
|-damage|p2a: Slowking|27/100 brn|[from] brn
|upkeep
|turn|65
|
|t:|1658832825
|switch|p1a: n°6 N'golo|Tornadus-Therian, M|60/100
|move|p2a: Slowking|Sludge Bomb|p1a: n°6 N'golo
|-damage|p1a: n°6 N'golo|10/100
|
|-damage|p2a: Slowking|21/100 brn|[from] brn
|upkeep
|turn|66
|
|t:|1658832836
|switch|p2a: Buzzwole|Buzzwole|100/100
|-damage|p2a: Buzzwole|88/100|[from] Stealth Rock
|move|p1a: n°6 N'golo|Hurricane|p2a: Buzzwole
|-supereffective|p2a: Buzzwole
|-damage|p2a: Buzzwole|0 fnt
|faint|p2a: Buzzwole
|
|upkeep
|
|t:|1658832851
|switch|p2a: Aegislash|Aegislash, F|73/100
|-damage|p2a: Aegislash|67/100|[from] Stealth Rock
|turn|67
|
|t:|1658832855
|switch|p1a: n°11 Ben Arfa|Landorus-Therian, M|100/100
|-ability|p1a: n°11 Ben Arfa|Intimidate|boost
|-unboost|p2a: Aegislash|atk|1
|-formechange|p2a: Aegislash|Aegislash-Blade||[from] ability: Stance Change
|move|p2a: Aegislash|Shadow Ball|p1a: n°11 Ben Arfa
|-damage|p1a: n°11 Ben Arfa|66/100
|
|-heal|p2a: Aegislash|73/100|[from] item: Leftovers
|-heal|p1a: n°11 Ben Arfa|72/100|[from] item: Leftovers
|-fieldend|Misty Terrain
|upkeep
|turn|68
|
|t:|1658832864
|-formechange|p2a: Aegislash|Aegislash||[from] ability: Stance Change
|move|p2a: Aegislash|King's Shield|p2a: Aegislash
|-singleturn|p2a: Aegislash|Protect
|move|p1a: n°11 Ben Arfa|Earthquake|p2a: Aegislash
|-activate|p2a: Aegislash|move: Protect
|
|-heal|p2a: Aegislash|79/100|[from] item: Leftovers
|-heal|p1a: n°11 Ben Arfa|78/100|[from] item: Leftovers
|upkeep
|turn|69
|
|t:|1658832870
|switch|p2a: Hydreigon|Hydreigon, M|100/100
|-damage|p2a: Hydreigon|88/100|[from] Stealth Rock
|move|p1a: n°11 Ben Arfa|U-turn|p2a: Hydreigon
|-supereffective|p2a: Hydreigon
|-damage|p2a: Hydreigon|33/100
|
|t:|1658832872
|switch|p1a: n°10 Zinedine|Urshifu-Rapid-Strike, M|84/100|[from]move: U-turn
|
|upkeep
|turn|70
|
|t:|1658832880
|move|p1a: n°10 Zinedine|U-turn|p2a: Hydreigon
|-supereffective|p2a: Hydreigon
|-damage|p2a: Hydreigon|0 fnt
|faint|p2a: Hydreigon
|
|t:|1658832884
|switch|p1a: n°11 Ben Arfa|Landorus-Therian, M|78/100|[from]move: U-turn
|
|-heal|p1a: n°11 Ben Arfa|84/100|[from] item: Leftovers
|upkeep
|
|t:|1658832887
|switch|p2a: Landorus|Landorus-Therian, M|29/100
|-damage|p2a: Landorus|17/100|[from] Stealth Rock
|-ability|p2a: Landorus|Intimidate|boost
|-unboost|p1a: n°11 Ben Arfa|atk|1
|turn|71
|
|t:|1658832891
|move|p2a: Landorus|Stealth Rock|p1a: n°11 Ben Arfa
|-sidestart|p1: France On Top|move: Stealth Rock
|move|p1a: n°11 Ben Arfa|Stone Edge|p2a: Landorus
|-damage|p2a: Landorus|0 fnt
|faint|p2a: Landorus
|
|-heal|p1a: n°11 Ben Arfa|90/100|[from] item: Leftovers
|upkeep
|
|t:|1658832896
|switch|p2a: Tapu Fini|Tapu Fini, shiny|19/100 brn
|-damage|p2a: Tapu Fini|6/100 brn|[from] Stealth Rock
|-fieldstart|move: Misty Terrain|[from] ability: Misty Surge|[of] p2a: Tapu Fini
|turn|72
|
|t:|1658832909
|move|p2a: Tapu Fini|Scald|p1a: n°11 Ben Arfa
|-supereffective|p1a: n°11 Ben Arfa
|-damage|p1a: n°11 Ben Arfa|37/100
|move|p1a: n°11 Ben Arfa|U-turn|p2a: Tapu Fini
|-resisted|p2a: Tapu Fini
|-damage|p2a: Tapu Fini|0 fnt
|-damage|p1a: n°11 Ben Arfa|20/100|[from] item: Rocky Helmet|[of] p2a: Tapu Fini
|faint|p2a: Tapu Fini
|
|t:|1658832911
|switch|p1a: n°10 Zinedine|Urshifu-Rapid-Strike, M|84/100|[from]move: U-turn
|-damage|p1a: n°10 Zinedine|78/100|[from] Stealth Rock
|
|upkeep
|
|t:|1658832936
|switch|p2a: Aegislash|Aegislash, F|79/100
|-damage|p2a: Aegislash|73/100|[from] Stealth Rock
|turn|73
|
|t:|1658832939
|move|p1a: n°10 Zinedine|Surging Strikes|p2a: Aegislash
|-crit|p2a: Aegislash
|-damage|p2a: Aegislash|53/100
|-crit|p2a: Aegislash
|-damage|p2a: Aegislash|35/100
|-crit|p2a: Aegislash
|-damage|p2a: Aegislash|17/100
|-hitcount|p2a: Aegislash|3
|-formechange|p2a: Aegislash|Aegislash-Blade||[from] ability: Stance Change
|move|p2a: Aegislash|Shadow Ball|p1a: n°10 Zinedine
|-damage|p1a: n°10 Zinedine|1/100
|
|-heal|p2a: Aegislash|23/100|[from] item: Leftovers
|upkeep
|turn|74
|
|t:|1658832946
|move|p1a: n°10 Zinedine|Surging Strikes|p2a: Aegislash
|-crit|p2a: Aegislash
|-damage|p2a: Aegislash|0 fnt
|faint|p2a: Aegislash
|-hitcount|p2: Aegislash|1
|
|upkeep
|
|t:|1658832947
|switch|p2a: Slowking|Slowking-Galar, M|54/100 brn
|-damage|p2a: Slowking|41/100 brn|[from] Stealth Rock
|turn|75
|
|t:|1658832954
|move|p1a: n°10 Zinedine|Surging Strikes|p2a: Slowking
|-crit|p2a: Slowking
|-damage|p2a: Slowking|23/100 brn
|-crit|p2a: Slowking
|-damage|p2a: Slowking|3/100 brn
|-crit|p2a: Slowking
|-damage|p2a: Slowking|0 fnt
|faint|p2a: Slowking
|-hitcount|p2: Slowking|3
|
|win|France On Top
|raw|France On Top's rating: 1606 &rarr; <strong>1627</strong><br />(+21 for winning)
|raw|Pinks1ip's rating: 1626 &rarr; <strong>1605</strong><br />(-21 for losing)
|l|☆Pinks1ip
|j| AjiroShinpei
|l| AjiroShinpei
