|j|‽Therockcena
|j|☆pekka alpha
|t:|1615307244
|player|p1|Therockcena|1|1337
|player|p2|pekka alpha|170|1374
|teamsize|p1|6
|teamsize|p2|6
|gametype|singles
|gen|8
|tier|[Gen 8] OU
|rated|
|clearpoke
|poke|p1|Tapu Lele|
|poke|p1|Tornadus-Therian, M|
|poke|p1|Tapu Koko|
|poke|p1|Slowbro, M|
|poke|p1|Dragonite, M|
|poke|p1|Clefable, M|
|poke|p2|Ninetales-Alola, F|
|poke|p2|Landorus-Therian, M|
|poke|p2|Dragapult, F|
|poke|p2|Volcarona, M|
|poke|p2|Suicune|
|poke|p2|Latios, M|
|rule|Sleep Clause Mod: Limit one foe put to sleep
|rule|Species Clause: Limit one of each Pokémon
|rule|OHKO Clause: OHKO moves are banned
|rule|Evasion Moves Clause: Evasion moves are banned
|rule|Endless Battle Clause: Forcing endless battles is banned
|rule|HP Percentage Mod: HP is shown in percentages
|rule|Dynamax Clause: You cannot dynamax
|teampreview
|inactive|Battle timer is ON: inactive players will automatically lose when time's up. (requested by Therockcena)
|
|t:|1615307248
|start
|switch|p1a: Slowbro|Slowbro, M|100/100
|switch|p2a: Ninetales|Ninetales-Alola, F|100/100
|-weather|Hail|[from] ability: Snow Warning|[of] p2a: Ninetales
|turn|1
|
|t:|1615307253
|move|p2a: Ninetales|Freeze-Dry|p1a: Slowbro
|-supereffective|p1a: Slowbro
|-damage|p1a: Slowbro|61/100
|move|p1a: Slowbro|Toxic|p2a: Ninetales
|-status|p2a: Ninetales|tox
|
|-weather|Hail|[upkeep]
|-damage|p1a: Slowbro|55/100|[from] Hail
|-heal|p1a: Slowbro|61/100|[from] item: Leftovers
|-damage|p2a: Ninetales|95/100 tox|[from] psn
|upkeep
|turn|2
|
|t:|1615307265
|move|p2a: Ninetales|Aurora Veil|p2a: Ninetales
|-sidestart|p2: pekka alpha|move: Aurora Veil
|move|p1a: Slowbro|Teleport|p1a: Slowbro
|
|t:|1615307271
|switch|p1a: Clefable|Clefable, M|100/100|[from]move: Teleport
|
|-weather|Hail|[upkeep]
|-damage|p1a: Clefable|94/100|[from] Hail
|-heal|p1a: Clefable|100/100|[from] item: Leftovers
|-damage|p2a: Ninetales|83/100 tox|[from] psn
|upkeep
|turn|3
|
|t:|1615307278
|switch|p2a: Suicune|Suicune|100/100
|-ability|p2a: Suicune|Pressure
|move|p1a: Clefable|Moonblast|p2a: Suicune
|-damage|p2a: Suicune|90/100
|
|-weather|Hail|[upkeep]
|-damage|p2a: Suicune|83/100|[from] Hail
|-damage|p1a: Clefable|94/100|[from] Hail
|-heal|p2a: Suicune|90/100|[from] item: Leftovers
|-heal|p1a: Clefable|100/100|[from] item: Leftovers
|upkeep
|turn|4
|
|t:|1615307284
|switch|p1a: Slowbro|Slowbro, M|94/100
|move|p2a: Suicune|Substitute|p2a: Suicune
|-start|p2a: Suicune|Substitute
|-damage|p2a: Suicune|65/100
|
|-weather|Hail|[upkeep]
|-damage|p2a: Suicune|58/100|[from] Hail
|-damage|p1a: Slowbro|88/100|[from] Hail
|-heal|p2a: Suicune|65/100|[from] item: Leftovers
|-heal|p1a: Slowbro|94/100|[from] item: Leftovers
|upkeep
|turn|5
|
|t:|1615307288
|move|p2a: Suicune|Calm Mind|p2a: Suicune
|-boost|p2a: Suicune|spa|1
|-boost|p2a: Suicune|spd|1
|move|p1a: Slowbro|Scald|p2a: Suicune
|-resisted|p2a: Suicune
|-activate|p2a: Suicune|move: Substitute|[damage]
|
|-weather|none
|-heal|p2a: Suicune|71/100|[from] item: Leftovers
|-heal|p1a: Slowbro|99/100|[from] item: Leftovers
|upkeep
|turn|6
|
|t:|1615307294
|move|p2a: Suicune|Calm Mind|p2a: Suicune
|-boost|p2a: Suicune|spa|1
|-boost|p2a: Suicune|spd|1
|move|p1a: Slowbro|Scald|p2a: Suicune
|-resisted|p2a: Suicune
|-activate|p2a: Suicune|move: Substitute|[damage]
|
|-heal|p2a: Suicune|77/100|[from] item: Leftovers
|-heal|p1a: Slowbro|100/100|[from] item: Leftovers
|upkeep
|turn|7
|-message|Therockcena forfeited.
|
|win|pekka alpha
|l|‽Therockcena
|raw|Therockcena's rating: 1337 &rarr; <strong>1323</strong><br />(-14 for losing)
|raw|pekka alpha's rating: 1375 &rarr; <strong>1393</strong><br />(+18 for winning)
