|j|☆minimax_ai
|j|☆gyukumuku
|t:|1667469340
|gametype|singles
|player|p1|minimax_ai|lusamine-nihilego|1684
|player|p2|gyukumuku|ethan|1560
|teamsize|p1|6
|teamsize|p2|6
|gen|8
|tier|[Gen 8] OU
|rated|
|rule|Sleep Clause Mod: Limit one foe put to sleep
|rule|Species Clause: Limit one of each Pokémon
|rule|OHKO Clause: OHKO moves are banned
|rule|Evasion Items Clause: Evasion items are banned
|rule|Evasion Moves Clause: Evasion moves are banned
|rule|Endless Battle Clause: Forcing endless battles is banned
|rule|HP Percentage Mod: HP is shown in percentages
|rule|Dynamax Clause: You cannot dynamax
|clearpoke
|poke|p1|Rotom-Wash|
|poke|p1|Weavile, M|
|poke|p1|Landorus-Therian, M|
|poke|p1|Heatran, M|
|poke|p1|Tangrowth, F|
|poke|p1|Melmetal|
|poke|p2|Tyranitar, M|
|poke|p2|Clefable, M|
|poke|p2|Excadrill, M|
|poke|p2|Tangrowth, M|
|poke|p2|Mew|
|poke|p2|Rotom-Wash|
|teampreview
|c|☆minimax_ai|hf
|inactive|Battle timer is ON: inactive players will automatically lose when time's up. (requested by minimax_ai)
|c|☆gyukumuku|u2
|
|t:|1667469365
|start
|switch|p1a: Melmetal|Melmetal|100/100
|switch|p2a: Rotom|Rotom-Wash, shiny|100/100
|turn|1
|
|t:|1667469371
|switch|p1a: rotomwash|Rotom-Wash|100/100
|move|p2a: Rotom|Volt Switch|p1a: rotomwash
|-damage|p1a: rotomwash|75/100
|
|t:|1667469383
|switch|p2a: Clefable|Clefable, M, shiny|100/100|[from]move: Volt Switch
|
|-heal|p1a: rotomwash|82/100|[from] item: Leftovers
|upkeep
|turn|2
|
|t:|1667469389
|move|p1a: rotomwash|Nasty Plot|p1a: rotomwash
|-boost|p1a: rotomwash|spa|2
|move|p2a: Clefable|Stealth Rock|p1a: rotomwash
|-sidestart|p1: minimax_ai|move: Stealth Rock
|
|-heal|p1a: rotomwash|88/100|[from] item: Leftovers
|upkeep
|turn|3
|
|t:|1667469393
|switch|p2a: Tangrowth|Tangrowth, M, shiny|100/100
|move|p1a: rotomwash|Thunderbolt|p2a: Tangrowth
|-resisted|p2a: Tangrowth
|-damage|p2a: Tangrowth|48/100
|
|-heal|p1a: rotomwash|94/100|[from] item: Leftovers
|upkeep
|turn|4
|inactive|gyukumuku has 120 seconds left.
|
|t:|1667469433
|switch|p2a: Mew|Mew, shiny|100/100
|move|p1a: rotomwash|Thunderbolt|p2a: Mew
|-damage|p2a: Mew|60/100
|
|-heal|p1a: rotomwash|100/100|[from] item: Leftovers
|-heal|p2a: Mew|66/100|[from] item: Leftovers
|upkeep
|turn|5
|inactive|gyukumuku has 120 seconds left.
|
|t:|1667469461
|move|p1a: rotomwash|Thunderbolt|p2a: Mew
|-damage|p2a: Mew|21/100
|move|p2a: Mew|Night Shade|p1a: rotomwash
|-damage|p1a: rotomwash|68/100
|
|-heal|p1a: rotomwash|74/100|[from] item: Leftovers
|-heal|p2a: Mew|27/100|[from] item: Leftovers
|upkeep
|turn|6
|
|t:|1667469471
|move|p1a: rotomwash|Thunderbolt|p2a: Mew
|-damage|p2a: Mew|0 fnt
|faint|p2a: Mew
|
|-heal|p1a: rotomwash|80/100|[from] item: Leftovers
|upkeep
|
|t:|1667469474
|switch|p2a: Tangrowth|Tangrowth, M, shiny|82/100
|turn|7
|
|t:|1667469475
|move|p1a: rotomwash|Thunderbolt|p2a: Tangrowth
|-resisted|p2a: Tangrowth
|-damage|p2a: Tangrowth|30/100
|move|p2a: Tangrowth|Giga Drain|p1a: rotomwash
|-supereffective|p1a: rotomwash
|-damage|p1a: rotomwash|23/100
|-heal|p2a: Tangrowth|51/100|[from] drain|[of] p1a: rotomwash
|
|-heal|p1a: rotomwash|29/100|[from] item: Leftovers
|upkeep
|turn|8
|inactive|gyukumuku has 120 seconds left.
|
|t:|1667469505
|move|p1a: rotomwash|Hydro Pump|p2a: Tangrowth|[miss]
|-miss|p1a: rotomwash|p2a: Tangrowth
|move|p2a: Tangrowth|Giga Drain|p1a: rotomwash
|-supereffective|p1a: rotomwash
|-damage|p1a: rotomwash|0 fnt
|-heal|p2a: Tangrowth|62/100|[from] drain|[of] p1a: rotomwash
|faint|p1a: rotomwash
|
|upkeep
|
|t:|1667469505
|switch|p1a: landorustherian|Landorus-Therian, M|100/100
|-damage|p1a: landorustherian|88/100|[from] Stealth Rock
|-ability|p1a: landorustherian|Intimidate|boost
|-unboost|p2a: Tangrowth|atk|1
|turn|9
|
|t:|1667469526
|move|p1a: landorustherian|Defog|p2a: Tangrowth
|-unboost|p2a: Tangrowth|evasion|1
|-sideend|p1: minimax_ai|Stealth Rock|[from] move: Defog|[of] p1a: landorustherian
|move|p2a: Tangrowth|Knock Off|p1a: landorustherian
|-damage|p1a: landorustherian|73/100
|-enditem|p1a: landorustherian|Leftovers|[from] move: Knock Off|[of] p2a: Tangrowth
|
|upkeep
|turn|10
|inactive|gyukumuku has 90 seconds left.
|
|t:|1667469551
|switch|p2a: Clefable|Clefable, M, shiny|100/100
|move|p1a: landorustherian|U-turn|p2a: Clefable
|-resisted|p2a: Clefable
|-damage|p2a: Clefable|93/100
|-damage|p1a: landorustherian|57/100|[from] item: Rocky Helmet|[of] p2a: Clefable
|
|t:|1667469551
|switch|p1a: Melmetal|Melmetal|100/100|[from]move: U-turn
|
|upkeep
|turn|11
|
|t:|1667469559
|switch|p2a: Tangrowth|Tangrowth, M, shiny|95/100
|move|p1a: Melmetal|Ice Punch|p2a: Tangrowth
|-supereffective|p2a: Tangrowth
|-damage|p2a: Tangrowth|62/100
|-damage|p1a: Melmetal|84/100|[from] item: Rocky Helmet|[of] p2a: Tangrowth
|
|upkeep
|turn|12
|
|t:|1667469573
|move|p2a: Tangrowth|Focus Blast|p1a: Melmetal|[miss]
|-miss|p2a: Tangrowth|p1a: Melmetal
|move|p1a: Melmetal|Ice Punch|p2a: Tangrowth
|-supereffective|p2a: Tangrowth
|-damage|p2a: Tangrowth|26/100
|-damage|p1a: Melmetal|67/100|[from] item: Rocky Helmet|[of] p2a: Tangrowth
|
|upkeep
|turn|13
|
|t:|1667469579
|switch|p2a: Rotom|Rotom-Wash, shiny|100/100
|move|p1a: Melmetal|Ice Punch|p2a: Rotom
|-resisted|p2a: Rotom
|-damage|p2a: Rotom|84/100
|
|-heal|p2a: Rotom|90/100|[from] item: Leftovers
|upkeep
|turn|14
|
|t:|1667469585
|move|p2a: Rotom|Hydro Pump|p1a: Melmetal
|-damage|p1a: Melmetal|45/100
|move|p1a: Melmetal|Ice Punch|p2a: Rotom
|-resisted|p2a: Rotom
|-damage|p2a: Rotom|71/100
|
|-heal|p2a: Rotom|77/100|[from] item: Leftovers
|upkeep
|turn|15
|
|t:|1667469591
|move|p2a: Rotom|Hydro Pump|p1a: Melmetal
|-damage|p1a: Melmetal|22/100
|move|p1a: Melmetal|Ice Punch|p2a: Rotom
|-resisted|p2a: Rotom
|-damage|p2a: Rotom|58/100
|-status|p2a: Rotom|frz
|
|-heal|p2a: Rotom|64/100 frz|[from] item: Leftovers
|upkeep
|turn|16
|
|t:|1667469596
|cant|p2a: Rotom|frz
|move|p1a: Melmetal|Double Iron Bash|p2a: Rotom
|-resisted|p2a: Rotom
|-damage|p2a: Rotom|53/100 frz
|-resisted|p2a: Rotom
|-damage|p2a: Rotom|42/100 frz
|-hitcount|p2a: Rotom|2
|
|-heal|p2a: Rotom|48/100 frz|[from] item: Leftovers
|upkeep
|turn|17
|
|t:|1667469603
|cant|p2a: Rotom|frz
|move|p1a: Melmetal|Double Iron Bash|p2a: Rotom
|-resisted|p2a: Rotom
|-damage|p2a: Rotom|38/100 frz
|-resisted|p2a: Rotom
|-damage|p2a: Rotom|27/100 frz
|-hitcount|p2a: Rotom|2
|
|-heal|p2a: Rotom|33/100 frz|[from] item: Leftovers
|upkeep
|turn|18
|
|t:|1667469609
|switch|p2a: Tangrowth|Tangrowth, M, shiny|60/100
|move|p1a: Melmetal|Double Iron Bash|p2a: Tangrowth
|-damage|p2a: Tangrowth|37/100
|-damage|p1a: Melmetal|6/100|[from] item: Rocky Helmet|[of] p2a: Tangrowth
|-damage|p2a: Tangrowth|16/100
|-damage|p1a: Melmetal|0 fnt|[from] item: Rocky Helmet|[of] p2a: Tangrowth
|faint|p1a: Melmetal
|-hitcount|p2a: Tangrowth|2
|
|upkeep
|
|t:|1667469609
|switch|p1a: Weavile|Weavile, M|100/100
|-ability|p1a: Weavile|Pressure
|turn|19
|
|t:|1667469635
|switch|p2a: Clefable|Clefable, M, shiny|93/100
|move|p1a: Weavile|Triple Axel|p2a: Clefable
|-damage|p2a: Clefable|81/100
|-damage|p1a: Weavile|84/100|[from] item: Rocky Helmet|[of] p2a: Clefable
|-damage|p2a: Clefable|58/100
|-damage|p1a: Weavile|68/100|[from] item: Rocky Helmet|[of] p2a: Clefable
|-damage|p2a: Clefable|22/100
|-damage|p1a: Weavile|51/100|[from] item: Rocky Helmet|[of] p2a: Clefable
|-hitcount|p2a: Clefable|3
|
|upkeep
|turn|20
|inactive|gyukumuku has 120 seconds left.
|j| DanielRiodani
|
|t:|1667469662
|switch|p2a: Tangrowth|Tangrowth, M, shiny|49/100
|move|p1a: Weavile|Triple Axel|p2a: Tangrowth
|-supereffective|p2a: Tangrowth
|-damage|p2a: Tangrowth|34/100
|-damage|p1a: Weavile|35/100|[from] item: Rocky Helmet|[of] p2a: Tangrowth
|-supereffective|p2a: Tangrowth
|-damage|p2a: Tangrowth|0 fnt
|-damage|p1a: Weavile|19/100|[from] item: Rocky Helmet|[of] p2a: Tangrowth
|faint|p2a: Tangrowth
|-hitcount|p2: Tangrowth|2
|
|upkeep
|
|t:|1667469671
|switch|p2a: Tyranitar|Tyranitar, M, shiny|100/100
|-weather|Sandstorm|[from] ability: Sand Stream|[of] p2a: Tyranitar
|turn|21
|
|t:|1667469683
|move|p1a: Weavile|Triple Axel|p2a: Tyranitar
|-damage|p2a: Tyranitar|87/100
|-damage|p2a: Tyranitar|58/100
|-damage|p2a: Tyranitar|21/100
|-hitcount|p2a: Tyranitar|3
|move|p2a: Tyranitar|Assurance|p1a: Weavile
|-resisted|p1a: Weavile
|-damage|p1a: Weavile|0 fnt
|faint|p1a: Weavile
|
|-weather|Sandstorm|[upkeep]
|upkeep
|
|t:|1667469683
|switch|p1a: Heatran|Heatran, M|100/100
|-item|p1a: Heatran|Air Balloon
|turn|22
|inactive|gyukumuku has 120 seconds left.
|
|t:|1667469698
|switch|p2a: Rotom|Rotom-Wash, shiny|33/100 frz
|move|p1a: Heatran|Eruption|p2a: Rotom
|-resisted|p2a: Rotom
|-damage|p2a: Rotom|3/100 frz
|-curestatus|p2a: Rotom|frz|[msg]
|
|-weather|Sandstorm|[upkeep]
|-damage|p2a: Rotom|0 fnt|[from] Sandstorm
|faint|p2a: Rotom
|upkeep
|
|t:|1667469704
|switch|p2a: Excadrill|Excadrill, M, shiny|100/100
|turn|23
|inactive|gyukumuku has 120 seconds left.
|
|t:|1667469710
|move|p2a: Excadrill|Iron Head|p1a: Heatran
|-resisted|p1a: Heatran
|-damage|p1a: Heatran|88/100
|-enditem|p1a: Heatran|Air Balloon
|move|p1a: Heatran|Eruption|p2a: Excadrill
|-supereffective|p2a: Excadrill
|-damage|p2a: Excadrill|0 fnt
|faint|p2a: Excadrill
|
|-weather|Sandstorm|[upkeep]
|upkeep
|inactive|gyukumuku has 120 seconds left.
|
|t:|1667469729
|switch|p2a: Tyranitar|Tyranitar, M, shiny|21/100
|turn|24
|l| DanielRiodani
|
|t:|1667469735
|move|p1a: Heatran|Earth Power|p2a: Tyranitar
|-supereffective|p2a: Tyranitar
|-damage|p2a: Tyranitar|0 fnt
|faint|p2a: Tyranitar
|
|-weather|Sandstorm|[upkeep]
|upkeep
|c|☆gyukumuku|gg
|-message|gyukumuku forfeited.
|
|win|minimax_ai
|raw|minimax_ai's rating: 1684 &rarr; <strong>1697</strong><br />(+13 for winning)
|raw|gyukumuku's rating: 1560 &rarr; <strong>1547</strong><br />(-13 for losing)
|c|☆minimax_ai|gg
|l|☆gyukumuku
