|raw|<div class="broadcast-blue"><strong>This battle is required to be public due to a player having a name starting with 'lt92pf'.</div>
|j|☆Coach Jones 6fifth
|j|☆LT92PF PDC
|t:|1660221759
|gametype|singles
|player|p1|Coach Jones 6fifth|lusamine-nihilego|1856
|player|p2|LT92PF PDC|#splxiiityrants|1849
|teamsize|p1|6
|teamsize|p2|6
|gen|8
|tier|[Gen 8] OU
|rated|
|rule|Sleep Clause Mod: Limit one foe put to sleep
|rule|Species Clause: Limit one of each Pokémon
|rule|OHKO Clause: OHKO moves are banned
|rule|Evasion Items Clause: Evasion items are banned
|rule|Evasion Moves Clause: Evasion moves are banned
|rule|Endless Battle Clause: Forcing endless battles is banned
|rule|HP Percentage Mod: HP is shown in percentages
|rule|Dynamax Clause: You cannot dynamax
|clearpoke
|poke|p1|Kartana|
|poke|p1|Hippowdon, M|
|poke|p1|Mandibuzz, F|
|poke|p1|Dragapult, F|
|poke|p1|Heatran, F|
|poke|p1|Toxapex, M|
|poke|p2|Garchomp, M|
|poke|p2|Dragapult, M|
|poke|p2|Heatran, F|
|poke|p2|Scizor, M|
|poke|p2|Weavile, M|
|poke|p2|Zapdos|
|teampreview
|j| LT92PF lobster
|j| The art of
|
|t:|1660221780
|start
|switch|p1a: Toxapex|Toxapex, M, shiny|100/100
|switch|p2a: Heatran|Heatran, F|100/100
|-item|p2a: Heatran|Air Balloon
|turn|1
|
|t:|1660221783
|move|p2a: Heatran|Magma Storm|p1a: Toxapex
|-resisted|p1a: Toxapex
|-damage|p1a: Toxapex|82/100
|-activate|p1a: Toxapex|move: Magma Storm|[of] p2a: Heatran
|move|p1a: Toxapex|Scald|p2a: Heatran
|-supereffective|p2a: Heatran
|-damage|p2a: Heatran|70/100
|-enditem|p2a: Heatran|Air Balloon
|
|-damage|p1a: Toxapex|70/100|[from] move: Magma Storm|[partiallytrapped]
|upkeep
|turn|2
|
|t:|1660221787
|switch|p1a: Hippowdon|Hippowdon, M|100/100
|-weather|Sandstorm|[from] ability: Sand Stream|[of] p1a: Hippowdon
|move|p2a: Heatran|Stealth Rock|p1a: Hippowdon
|-sidestart|p1: Coach Jones 6fifth|move: Stealth Rock
|
|-weather|Sandstorm|[upkeep]
|upkeep
|turn|3
|
|t:|1660221790
|move|p2a: Heatran|Taunt|p1a: Hippowdon
|-start|p1a: Hippowdon|move: Taunt
|move|p1a: Hippowdon|Earthquake|p2a: Heatran
|-supereffective|p2a: Heatran
|-damage|p2a: Heatran|0 fnt
|faint|p2a: Heatran
|
|-weather|Sandstorm|[upkeep]
|upkeep
|
|t:|1660221797
|switch|p2a: Garchomp|Garchomp, M|100/100
|turn|4
|j| JJDAn
|
|t:|1660221800
|switch|p1a: Mandibuzz|Mandibuzz, F|100/100
|move|p2a: Garchomp|Swords Dance|p2a: Garchomp
|-boost|p2a: Garchomp|atk|2
|
|-weather|Sandstorm|[upkeep]
|upkeep
|turn|5
|
|t:|1660221804
|move|p2a: Garchomp|Scale Shot|p1a: Mandibuzz
|-damage|p1a: Mandibuzz|86/100
|-damage|p1a: Mandibuzz|70/100
|-damage|p1a: Mandibuzz|55/100
|-damage|p1a: Mandibuzz|41/100
|-hitcount|p1a: Mandibuzz|4
|-unboost|p2a: Garchomp|def|1
|-boost|p2a: Garchomp|spe|1
|move|p1a: Mandibuzz|Foul Play|p2a: Garchomp
|-damage|p2a: Garchomp|0 fnt
|-damage|p1a: Mandibuzz|29/100|[from] ability: Rough Skin|[of] p2a: Garchomp
|faint|p2a: Garchomp
|
|-weather|Sandstorm|[upkeep]
|upkeep
|
|t:|1660221808
|switch|p2a: Dragapult|Dragapult, M|100/100
|turn|6
|j| Yuipa
|
|t:|1660221811
|switch|p1a: Hippowdon|Hippowdon, M|100/100
|-damage|p1a: Hippowdon|94/100|[from] Stealth Rock
|move|p2a: Dragapult|Dragon Darts|p1a: Hippowdon
|-damage|p1a: Hippowdon|70/100
|-anim|p2a: Dragapult|Dragon Darts|p1a: Hippowdon
|-damage|p1a: Hippowdon|48/100
|
|-weather|none
|-heal|p1a: Hippowdon|54/100|[from] item: Leftovers
|upkeep
|turn|7
|l| JJDAn
|j| Ah vraiment ?
|
|t:|1660221816
|move|p2a: Dragapult|Dragon Dance|p2a: Dragapult
|-boost|p2a: Dragapult|atk|1
|-boost|p2a: Dragapult|spe|1
|move|p1a: Hippowdon|Toxic|p2a: Dragapult
|-status|p2a: Dragapult|tox
|
|-heal|p1a: Hippowdon|61/100|[from] item: Leftovers
|-damage|p2a: Dragapult|94/100 tox|[from] psn
|upkeep
|turn|8
|j| Heiwa June ☾
|j|+heroictobias
|j|@ironwater
|
|t:|1660221827
|switch|p1a: Mandibuzz|Mandibuzz, F|29/100
|move|p2a: Dragapult|Dragon Darts|p1a: Mandibuzz
|-damage|p1a: Mandibuzz|2/100
|-anim|p2a: Dragapult|Dragon Darts|p1a: Mandibuzz
|-damage|p1a: Mandibuzz|0 fnt
|faint|p1a: Mandibuzz
|
|-damage|p2a: Dragapult|82/100 tox|[from] psn
|upkeep
|
|t:|1660221831
|switch|p1a: Toxapex|Toxapex, M, shiny|100/100
|-damage|p1a: Toxapex|88/100|[from] Stealth Rock
|turn|9
|j|+playerW17
|
|t:|1660221837
|move|p2a: Dragapult|Dragon Darts|p1a: Toxapex
|-damage|p1a: Toxapex|56/100
|-anim|p2a: Dragapult|Dragon Darts|p1a: Toxapex
|-damage|p1a: Toxapex|25/100
|move|p1a: Toxapex|Recover|p1a: Toxapex
|-heal|p1a: Toxapex|75/100
|
|-damage|p2a: Dragapult|64/100 tox|[from] psn
|upkeep
|turn|10
|j|+McMeghan
|j| roghit
|l| roghit
|
|t:|1660221847
|move|p2a: Dragapult|Dragon Darts|p1a: Toxapex
|-damage|p1a: Toxapex|46/100
|-anim|p2a: Dragapult|Dragon Darts|p1a: Toxapex
|-damage|p1a: Toxapex|12/100
|move|p1a: Toxapex|Knock Off|p2a: Dragapult
|-supereffective|p2a: Dragapult
|-damage|p2a: Dragapult|23/100 tox
|-enditem|p2a: Dragapult|Dragon Fang|[from] move: Knock Off|[of] p1a: Toxapex
|
|-damage|p2a: Dragapult|0 fnt|[from] psn
|faint|p2a: Dragapult
|upkeep
|j| Kragenbash
|j|+Cynde
|
|t:|1660221860
|switch|p2a: Weavile|Weavile, M|100/100
|-ability|p2a: Weavile|Pressure
|turn|11
|j| Pepega Trainer
|j| Wicket Ticket
|
|t:|1660221876
|move|p2a: Weavile|Swords Dance|p2a: Weavile
|-boost|p2a: Weavile|atk|2
|move|p1a: Toxapex|Haze|p1a: Toxapex
|-clearallboost
|
|upkeep
|turn|12
|
|t:|1660221878
|move|p2a: Weavile|Swords Dance|p2a: Weavile
|-boost|p2a: Weavile|atk|2
|move|p1a: Toxapex|Haze|p1a: Toxapex
|-clearallboost
|
|upkeep
|turn|13
|
|t:|1660221882
|move|p2a: Weavile|Knock Off|p1a: Toxapex
|-damage|p1a: Toxapex|0 fnt
|-enditem|p1a: Toxapex|Shed Shell|[from] move: Knock Off|[of] p2a: Weavile
|faint|p1a: Toxapex
|
|upkeep
|
|t:|1660221885
|switch|p1a: Heatran|Heatran, F, shiny|100/100
|-damage|p1a: Heatran|88/100|[from] Stealth Rock
|turn|14
|
|t:|1660221889
|switch|p2a: Zapdos|Zapdos|100/100
|move|p1a: Heatran|Magma Storm|p2a: Zapdos
|-damage|p2a: Zapdos|55/100
|-activate|p2a: Zapdos|move: Magma Storm|[of] p1a: Heatran
|
|-heal|p1a: Heatran|94/100|[from] item: Leftovers
|-damage|p2a: Zapdos|43/100|[from] move: Magma Storm|[partiallytrapped]
|upkeep
|turn|15
|
|t:|1660221901
|move|p2a: Zapdos|Discharge|p1a: Heatran
|-damage|p1a: Heatran|70/100
|-status|p1a: Heatran|par
|move|p1a: Heatran|Magma Storm|p2a: Zapdos
|-damage|p2a: Zapdos|4/100
|
|-heal|p1a: Heatran|76/100 par|[from] item: Leftovers
|-damage|p2a: Zapdos|0 fnt|[from] move: Magma Storm|[partiallytrapped]
|faint|p2a: Zapdos
|upkeep
|j| LT92PF JP_PN
|
|t:|1660221908
|switch|p2a: Weavile|Weavile, M|100/100
|-ability|p2a: Weavile|Pressure
|turn|16
|
|t:|1660221909
|move|p2a: Weavile|Knock Off|p1a: Heatran
|-crit|p1a: Heatran
|-damage|p1a: Heatran|19/100 par
|-enditem|p1a: Heatran|Leftovers|[from] move: Knock Off|[of] p2a: Weavile
|move|p1a: Heatran|Heavy Slam|p2a: Weavile
|-supereffective|p2a: Weavile
|-damage|p2a: Weavile|0 fnt
|faint|p2a: Weavile
|
|upkeep
|l|theartof
|
|t:|1660221914
|switch|p2a: Scizor|Scizor, M|100/100
|turn|17
|
|t:|1660221916
|move|p2a: Scizor|Swords Dance|p2a: Scizor
|-boost|p2a: Scizor|atk|2
|move|p1a: Heatran|Magma Storm|p2a: Scizor
|-supereffective|p2a: Scizor
|-damage|p2a: Scizor|0 fnt
|faint|p2a: Scizor
|
|win|Coach Jones 6fifth
|raw|Coach Jones 6fifth's rating: 1856 &rarr; <strong>1876</strong><br />(+20 for winning)
|raw|LT92PF PDC's rating: 1849 &rarr; <strong>1829</strong><br />(-20 for losing)
|l|☆LT92PF PDC
|l|☆Coach Jones 6fifth
|l|+Cynde
|l|+heroictobias
|l| Ah vraiment ?
||Ladder isn't responding, score probably updated but might not have (Request timeout).
