|j|☆Lenape
|j|☆Farzad
|t:|1596040397
|player|p1|Lenape|102|1873
|player|p2|Farzad|2|1697
|teamsize|p1|6
|teamsize|p2|6
|gametype|singles
|gen|8
|tier|[Gen 8] OU
|rated|
|html|<div class="broadcast-blue"><strong>OU is currently suspecting Magearna! For information on how to participate check out the <a href="https://www.smogon.com/forums/threads/3667669/">suspect thread</a>.</strong></div>
|clearpoke
|poke|p1|Cinderace, M|
|poke|p1|Corviknight, M|
|poke|p1|Sylveon, M|
|poke|p1|Rhyperior, F|
|poke|p1|Toxapex, M|
|poke|p1|Umbreon, F|
|poke|p2|Ferrothorn, F|
|poke|p2|Kommo-o, M|
|poke|p2|Mamoswine, M|
|poke|p2|Rotom-Heat|
|poke|p2|Scizor, F|
|poke|p2|Togekiss, M|
|rule|Sleep Clause Mod: Limit one foe put to sleep
|rule|Species Clause: Limit one of each Pokémon
|rule|OHKO Clause: OHKO moves are banned
|rule|Evasion Moves Clause: Evasion moves are banned
|rule|Endless Battle Clause: Forcing endless battles is banned
|rule|HP Percentage Mod: HP is shown in percentages
|rule|Dynamax Clause: You cannot dynamax
|teampreview
|inactive|Battle timer is ON: inactive players will automatically lose when time's up. (requested by Lenape)
|
|t:|1596040410
|start
|switch|p1a: Toxapex|Toxapex, M|100/100
|switch|p2a: Kommo-o|Kommo-o, M|100/100
|turn|1
|
|t:|1596040418
|move|p2a: Kommo-o|Taunt|p1a: Toxapex
|-start|p1a: Toxapex|move: Taunt
|move|p1a: Toxapex|Scald|p2a: Kommo-o
|-resisted|p2a: Kommo-o
|-damage|p2a: Kommo-o|93/100
|
|-heal|p2a: Kommo-o|99/100|[from] item: Leftovers
|upkeep
|turn|2
|
|t:|1596040420
|move|p2a: Kommo-o|Stealth Rock|p1a: Toxapex
|-sidestart|p1: Lenape|move: Stealth Rock
|move|p1a: Toxapex|Scald|p2a: Kommo-o
|-resisted|p2a: Kommo-o
|-damage|p2a: Kommo-o|91/100
|
|-heal|p2a: Kommo-o|97/100|[from] item: Leftovers
|upkeep
|turn|3
|j| dNeon
|
|t:|1596040422
|switch|p2a: Ferrothorn|Ferrothorn, F|100/100
|move|p1a: Toxapex|Scald|p2a: Ferrothorn
|-resisted|p2a: Ferrothorn
|-damage|p2a: Ferrothorn|94/100
|
|-heal|p2a: Ferrothorn|99/100|[from] item: Leftovers
|-end|p1a: Toxapex|move: Taunt
|upkeep
|turn|4
|
|t:|1596040429
|move|p1a: Toxapex|Scald|p2a: Ferrothorn
|-resisted|p2a: Ferrothorn
|-damage|p2a: Ferrothorn|93/100
|-status|p2a: Ferrothorn|brn
|move|p2a: Ferrothorn|Spikes|p1a: Toxapex
|-sidestart|p1: Lenape|Spikes
|
|-heal|p2a: Ferrothorn|99/100 brn|[from] item: Leftovers
|-damage|p2a: Ferrothorn|93/100 brn|[from] brn
|upkeep
|turn|5
|j| Alphazerty
|
|t:|1596040435
|move|p1a: Toxapex|Scald|p2a: Ferrothorn
|-resisted|p2a: Ferrothorn
|-damage|p2a: Ferrothorn|86/100 brn
|move|p2a: Ferrothorn|Thunder Wave|p1a: Toxapex
|-status|p1a: Toxapex|par
|
|-heal|p2a: Ferrothorn|93/100 brn|[from] item: Leftovers
|-damage|p2a: Ferrothorn|86/100 brn|[from] brn
|upkeep
|turn|6
|
|t:|1596040438
|move|p1a: Toxapex|Toxic||[still]
|-fail|p1a: Toxapex
|move|p2a: Ferrothorn|Leech Seed|p1a: Toxapex
|-start|p1a: Toxapex|move: Leech Seed
|
|-heal|p2a: Ferrothorn|93/100 brn|[from] item: Leftovers
|-damage|p1a: Toxapex|88/100 par|[from] Leech Seed|[of] p2a: Ferrothorn
|-heal|p2a: Ferrothorn|100/100 brn|[silent]
|-damage|p2a: Ferrothorn|94/100 brn|[from] brn
|upkeep
|turn|7
|j| Suicunape
|
|t:|1596040442
|switch|p1a: Cinderace|Cinderace, M|100/100
|move|p2a: Ferrothorn|Thunder Wave|p1a: Cinderace
|-status|p1a: Cinderace|par
|
|-heal|p2a: Ferrothorn|100/100 brn|[from] item: Leftovers
|-damage|p2a: Ferrothorn|94/100 brn|[from] brn
|upkeep
|turn|8
|
|t:|1596040447
|switch|p2a: Kommo-o|Kommo-o, M|97/100
|cant|p1a: Cinderace|par
|
|-heal|p2a: Kommo-o|100/100|[from] item: Leftovers
|upkeep
|turn|9
|
|t:|1596040453
|switch|p1a: Toxapex|Toxapex, M|100/100 par
|-damage|p1a: Toxapex|88/100 par|[from] Stealth Rock
|-damage|p1a: Toxapex|75/100 par|[from] Spikes
|move|p2a: Kommo-o|Body Press|p1a: Toxapex
|-resisted|p1a: Toxapex
|-damage|p1a: Toxapex|63/100 par
|
|-heal|p1a: Toxapex|69/100 par|[from] item: Black Sludge
|upkeep
|turn|10
|
|t:|1596040455
|switch|p2a: Ferrothorn|Ferrothorn, F|94/100 brn
|move|p1a: Toxapex|Scald|p2a: Ferrothorn
|-resisted|p2a: Ferrothorn
|-damage|p2a: Ferrothorn|87/100 brn
|
|-heal|p1a: Toxapex|75/100 par|[from] item: Black Sludge
|-heal|p2a: Ferrothorn|93/100 brn|[from] item: Leftovers
|-damage|p2a: Ferrothorn|87/100 brn|[from] brn
|upkeep
|turn|11
|
|t:|1596040461
|switch|p1a: Cinderace|Cinderace, M|100/100 par
|move|p2a: Ferrothorn|Leech Seed|p1a: Cinderace
|-start|p1a: Cinderace|move: Leech Seed
|
|-heal|p2a: Ferrothorn|93/100 brn|[from] item: Leftovers
|-damage|p1a: Cinderace|88/100 par|[from] Leech Seed|[of] p2a: Ferrothorn
|-heal|p2a: Ferrothorn|100/100 brn|[silent]
|-damage|p2a: Ferrothorn|94/100 brn|[from] brn
|upkeep
|turn|12
|
|t:|1596040465
|switch|p2a: Kommo-o|Kommo-o, M|100/100
|move|p1a: Cinderace|Court Change|p1a: Cinderace
|-start|p1a: Cinderace|typechange|Normal|[from] ability: Libero
|-sideend|p1: Lenape|Spikes|[silent]
|-sidestart|p2: Farzad|Spikes|[silent]
|-sideend|p1: Lenape|Stealth Rock|[silent]
|-sidestart|p2: Farzad|Stealth Rock|[silent]
|-activate|p1a: Cinderace|move: Court Change
|
|-damage|p1a: Cinderace|76/100 par|[from] Leech Seed|[of] p2a: Kommo-o
|upkeep
|turn|13
|
|t:|1596040473
|switch|p2a: Rotom|Rotom-Heat|100/100
|switch|p1a: Toxapex|Toxapex, M|100/100 par
|
|upkeep
|turn|14
|
|t:|1596040474
|move|p2a: Rotom|Defog|p1a: Toxapex
|-unboost|p1a: Toxapex|evasion|1
|-sideend|p2: Farzad|Spikes|[from] move: Defog|[of] p2a: Rotom
|-sideend|p2: Farzad|Stealth Rock|[from] move: Defog|[of] p2a: Rotom
|cant|p1a: Toxapex|par
|
|upkeep
|turn|15
|
|t:|1596040478
|move|p2a: Rotom|Volt Switch|p1a: Toxapex
|-supereffective|p1a: Toxapex
|-damage|p1a: Toxapex|49/100 par
|j| joeyhoey69
|
|t:|1596040483
|switch|p2a: Ferrothorn|Ferrothorn, F|94/100 brn|[from]move: Volt Switch
|move|p1a: Toxapex|Toxic||[still]
|-fail|p1a: Toxapex
|
|-heal|p1a: Toxapex|55/100 par|[from] item: Black Sludge
|-heal|p2a: Ferrothorn|100/100 brn|[from] item: Leftovers
|-damage|p2a: Ferrothorn|94/100 brn|[from] brn
|upkeep
|turn|16
|j| ssrrr
|
|t:|1596040487
|switch|p1a: Umbreon|Umbreon, F|100/100
|move|p2a: Ferrothorn|Leech Seed|p1a: Umbreon|[miss]
|-miss|p2a: Ferrothorn|p1a: Umbreon
|
|-heal|p2a: Ferrothorn|100/100 brn|[from] item: Leftovers
|-damage|p2a: Ferrothorn|94/100 brn|[from] brn
|upkeep
|turn|17
|
|t:|1596040493
|move|p1a: Umbreon|Heal Bell|p1a: Umbreon
|-activate|p1a: Umbreon|move: Heal Bell
|-curestatus|p1: Cinderace|par|[msg]
|-curestatus|p1: Toxapex|par|[msg]
|move|p2a: Ferrothorn|Spikes|p1a: Umbreon
|-sidestart|p1: Lenape|Spikes
|
|-heal|p2a: Ferrothorn|100/100 brn|[from] item: Leftovers
|-damage|p2a: Ferrothorn|94/100 brn|[from] brn
|upkeep
|turn|18
|
|t:|1596040502
|switch|p1a: Rhyperior|Rhyperior, F|100/100
|-damage|p1a: Rhyperior|88/100|[from] Spikes
|switch|p2a: Kommo-o|Kommo-o, M|100/100
|
|-heal|p1a: Rhyperior|94/100|[from] item: Leftovers
|upkeep
|turn|19
|l| joeyhoey69
|
|t:|1596040506
|switch|p1a: Toxapex|Toxapex, M|88/100
|-damage|p1a: Toxapex|75/100|[from] Spikes
|move|p2a: Kommo-o|Taunt|p1a: Toxapex
|-start|p1a: Toxapex|move: Taunt
|
|-heal|p1a: Toxapex|82/100|[from] item: Black Sludge
|upkeep
|turn|20
|
|t:|1596040510
|move|p2a: Kommo-o|Stealth Rock|p1a: Toxapex
|-sidestart|p1: Lenape|move: Stealth Rock
|move|p1a: Toxapex|Scald|p2a: Kommo-o
|-resisted|p2a: Kommo-o
|-damage|p2a: Kommo-o|92/100
|-status|p2a: Kommo-o|brn
|
|-heal|p2a: Kommo-o|99/100 brn|[from] item: Leftovers
|-heal|p1a: Toxapex|88/100|[from] item: Black Sludge
|-damage|p2a: Kommo-o|92/100 brn|[from] brn
|upkeep
|turn|21
|
|t:|1596040515
|switch|p2a: Togekiss|Togekiss, M|100/100
|move|p1a: Toxapex|Scald|p2a: Togekiss
|-damage|p2a: Togekiss|91/100
|-status|p2a: Togekiss|brn
|
|-heal|p1a: Toxapex|94/100|[from] item: Black Sludge
|-damage|p2a: Togekiss|84/100 brn|[from] brn
|-end|p1a: Toxapex|move: Taunt
|upkeep
|turn|22
|
|t:|1596040522
|switch|p1a: Rhyperior|Rhyperior, F|94/100
|-damage|p1a: Rhyperior|82/100|[from] Spikes
|-damage|p1a: Rhyperior|76/100|[from] Stealth Rock
|move|p2a: Togekiss|Thunder Wave|p1a: Rhyperior
|-immune|p1a: Rhyperior
|
|-heal|p1a: Rhyperior|82/100|[from] item: Leftovers
|-damage|p2a: Togekiss|78/100 brn|[from] brn
|upkeep
|turn|23
|
|t:|1596040528
|switch|p2a: Kommo-o|Kommo-o, M|92/100 brn
|move|p1a: Rhyperior|Heavy Slam|p2a: Kommo-o
|-damage|p2a: Kommo-o|77/100 brn
|
|-heal|p2a: Kommo-o|83/100 brn|[from] item: Leftovers
|-heal|p1a: Rhyperior|88/100|[from] item: Leftovers
|-damage|p2a: Kommo-o|77/100 brn|[from] brn
|upkeep
|turn|24
|
|t:|1596040532
|move|p2a: Kommo-o|Taunt|p1a: Rhyperior
|-start|p1a: Rhyperior|move: Taunt
|move|p1a: Rhyperior|Earthquake|p2a: Kommo-o
|-damage|p2a: Kommo-o|51/100 brn
|
|-heal|p2a: Kommo-o|57/100 brn|[from] item: Leftovers
|-heal|p1a: Rhyperior|94/100|[from] item: Leftovers
|-damage|p2a: Kommo-o|51/100 brn|[from] brn
|upkeep
|turn|25
|
|t:|1596040544
|move|p2a: Kommo-o|Toxic|p1a: Rhyperior|[miss]
|-miss|p2a: Kommo-o|p1a: Rhyperior
|move|p1a: Rhyperior|Earthquake|p2a: Kommo-o
|-damage|p2a: Kommo-o|23/100 brn
|
|-heal|p2a: Kommo-o|29/100 brn|[from] item: Leftovers
|-heal|p1a: Rhyperior|100/100|[from] item: Leftovers
|-damage|p2a: Kommo-o|23/100 brn|[from] brn
|upkeep
|turn|26
|c|☆Farzad|damn
|
|t:|1596040552
|switch|p2a: Ferrothorn|Ferrothorn, F|94/100 brn
|switch|p1a: Toxapex|Toxapex, M|100/100
|-damage|p1a: Toxapex|88/100|[from] Stealth Rock
|-damage|p1a: Toxapex|75/100|[from] Spikes
|
|-heal|p1a: Toxapex|82/100|[from] item: Black Sludge
|-heal|p2a: Ferrothorn|100/100 brn|[from] item: Leftovers
|-damage|p2a: Ferrothorn|94/100 brn|[from] brn
|upkeep
|turn|27
|
|t:|1596040555
|switch|p1a: Rhyperior|Rhyperior, F|100/100
|-damage|p1a: Rhyperior|88/100|[from] Spikes
|-damage|p1a: Rhyperior|82/100|[from] Stealth Rock
|move|p2a: Ferrothorn|Leech Seed|p1a: Rhyperior
|-start|p1a: Rhyperior|move: Leech Seed
|
|-heal|p1a: Rhyperior|88/100|[from] item: Leftovers
|-heal|p2a: Ferrothorn|100/100 brn|[from] item: Leftovers
|-damage|p1a: Rhyperior|76/100|[from] Leech Seed|[of] p2a: Ferrothorn
|-damage|p2a: Ferrothorn|94/100 brn|[from] brn
|upkeep
|turn|28
|
|t:|1596040571
|switch|p1a: Cinderace|Cinderace, M|76/100
|switch|p2a: Mamoswine|Mamoswine, M|100/100
|
|upkeep
|turn|29
|
|t:|1596040579
|switch|p1a: Corviknight|Corviknight, M|100/100
|-damage|p1a: Corviknight|88/100|[from] Stealth Rock
|-ability|p1a: Corviknight|Pressure
|move|p2a: Mamoswine|Earthquake|p1a: Corviknight
|-immune|p1a: Corviknight
|
|-heal|p1a: Corviknight|94/100|[from] item: Leftovers
|upkeep
|turn|30
|
|t:|1596040582
|switch|p1a: Cinderace|Cinderace, M|76/100
|move|p2a: Mamoswine|Knock Off|p1a: Cinderace
|-damage|p1a: Cinderace|19/100
|-enditem|p1a: Cinderace|Heavy-Duty Boots|[from] move: Knock Off|[of] p2a: Mamoswine
|
|upkeep
|turn|31
|
|t:|1596040587
|move|p2a: Mamoswine|Ice Shard|p1a: Cinderace
|-resisted|p1a: Cinderace
|-crit|p1a: Cinderace
|-damage|p1a: Cinderace|0 fnt
|faint|p1a: Cinderace
|
|upkeep
|
|t:|1596040592
|switch|p1a: Corviknight|Corviknight, M|94/100
|-damage|p1a: Corviknight|82/100|[from] Stealth Rock
|-ability|p1a: Corviknight|Pressure
|turn|32
|
|t:|1596040596
|switch|p2a: Rotom|Rotom-Heat|100/100
|move|p1a: Corviknight|Bulk Up|p1a: Corviknight
|-boost|p1a: Corviknight|atk|1
|-boost|p1a: Corviknight|def|1
|
|-heal|p1a: Corviknight|88/100|[from] item: Leftovers
|upkeep
|turn|33
|
|t:|1596040598
|switch|p1a: Rhyperior|Rhyperior, F|76/100
|-damage|p1a: Rhyperior|63/100|[from] Spikes
|-damage|p1a: Rhyperior|57/100|[from] Stealth Rock
|move|p2a: Rotom|Nasty Plot|p2a: Rotom
|-boost|p2a: Rotom|spa|2
|
|-heal|p1a: Rhyperior|63/100|[from] item: Leftovers
|upkeep
|turn|34
|inactive|Farzad has 120 seconds left.
|c|☆Lenape|Calc cause a crit wasnt good enough luck for you lol
|l| ssrrr
|inactive|Farzad has 90 seconds left.
|
|t:|1596040663
|move|p2a: Rotom|Overheat|p1a: Rhyperior
|-resisted|p1a: Rhyperior
|-damage|p1a: Rhyperior|18/100
|-unboost|p2a: Rotom|spa|2
|move|p1a: Rhyperior|Rock Blast|p2a: Rotom
|-supereffective|p2a: Rotom
|-damage|p2a: Rotom|68/100
|-supereffective|p2a: Rotom
|-damage|p2a: Rotom|38/100
|-supereffective|p2a: Rotom
|-damage|p2a: Rotom|3/100
|-hitcount|p2a: Rotom|3
|
|-heal|p1a: Rhyperior|24/100|[from] item: Leftovers
|upkeep
|turn|35
|
|t:|1596040668
|move|p2a: Rotom|Overheat|p1a: Rhyperior
|-resisted|p1a: Rhyperior
|-damage|p1a: Rhyperior|1/100
|-unboost|p2a: Rotom|spa|2
|move|p1a: Rhyperior|Rock Blast|p2a: Rotom
|-supereffective|p2a: Rotom
|-damage|p2a: Rotom|0 fnt
|-hitcount|p2a: Rotom|1
|faint|p2a: Rotom
|
|-heal|p1a: Rhyperior|7/100|[from] item: Leftovers
|upkeep
|l| dNeon
|
|t:|1596040673
|switch|p2a: Mamoswine|Mamoswine, M|100/100
|turn|36
|
|t:|1596040675
|move|p2a: Mamoswine|Knock Off|p1a: Rhyperior
|-damage|p1a: Rhyperior|0 fnt
|-enditem|p1a: Rhyperior|Leftovers|[from] move: Knock Off|[of] p2a: Mamoswine
|faint|p1a: Rhyperior
|
|upkeep
|
|t:|1596040681
|switch|p1a: Toxapex|Toxapex, M|100/100
|-damage|p1a: Toxapex|88/100|[from] Spikes
|-damage|p1a: Toxapex|75/100|[from] Stealth Rock
|turn|37
|
|t:|1596040684
|switch|p2a: Ferrothorn|Ferrothorn, F|94/100 brn
|move|p1a: Toxapex|Baneful Bunker||[still]
|-fail|p1a: Toxapex
|
|-heal|p1a: Toxapex|82/100|[from] item: Black Sludge
|-heal|p2a: Ferrothorn|100/100 brn|[from] item: Leftovers
|-damage|p2a: Ferrothorn|94/100 brn|[from] brn
|upkeep
|turn|38
|
|t:|1596040690
|switch|p1a: Sylveon|Sylveon, M|100/100
|-damage|p1a: Sylveon|88/100|[from] Spikes
|-damage|p1a: Sylveon|76/100|[from] Stealth Rock
|move|p2a: Ferrothorn|Spikes|p1a: Sylveon
|-sidestart|p1: Lenape|Spikes
|
|-heal|p1a: Sylveon|82/100|[from] item: Leftovers
|-heal|p2a: Ferrothorn|100/100 brn|[from] item: Leftovers
|-damage|p2a: Ferrothorn|94/100 brn|[from] brn
|upkeep
|turn|39
|
|t:|1596040706
|switch|p2a: Togekiss|Togekiss, M|78/100 brn
|move|p1a: Sylveon|Wish|p1a: Sylveon
|
|-heal|p1a: Sylveon|88/100|[from] item: Leftovers
|-damage|p2a: Togekiss|72/100 brn|[from] brn
|upkeep
|turn|40
|
|t:|1596040709
|move|p2a: Togekiss|Roost|p2a: Togekiss
|-heal|p2a: Togekiss|100/100 brn
|-singleturn|p2a: Togekiss|move: Roost
|move|p1a: Sylveon|Hyper Voice|p2a: Togekiss
|-damage|p2a: Togekiss|77/100 brn
|
|-heal|p1a: Sylveon|100/100|[from] move: Wish|[wisher] Sylveon
|-damage|p2a: Togekiss|71/100 brn|[from] brn
|upkeep
|turn|41
|
|t:|1596040712
|move|p2a: Togekiss|Nasty Plot|p2a: Togekiss
|-boost|p2a: Togekiss|spa|2
|move|p1a: Sylveon|Calm Mind|p1a: Sylveon
|-boost|p1a: Sylveon|spa|1
|-boost|p1a: Sylveon|spd|1
|
|-damage|p2a: Togekiss|65/100 brn|[from] brn
|upkeep
|turn|42
|
|t:|1596040714
|move|p2a: Togekiss|Nasty Plot|p2a: Togekiss
|-boost|p2a: Togekiss|spa|2
|move|p1a: Sylveon|Hyper Voice|p2a: Togekiss
|-damage|p2a: Togekiss|31/100 brn
|
|-damage|p2a: Togekiss|25/100 brn|[from] brn
|upkeep
|turn|43
|
|t:|1596040716
|move|p2a: Togekiss|Roost|p2a: Togekiss
|-heal|p2a: Togekiss|75/100 brn
|-singleturn|p2a: Togekiss|move: Roost
|move|p1a: Sylveon|Hyper Voice|p2a: Togekiss
|-damage|p2a: Togekiss|41/100 brn
|
|-damage|p2a: Togekiss|35/100 brn|[from] brn
|upkeep
|turn|44
|
|t:|1596040718
|move|p2a: Togekiss|Roost|p2a: Togekiss
|-heal|p2a: Togekiss|85/100 brn
|-singleturn|p2a: Togekiss|move: Roost
|move|p1a: Sylveon|Hyper Voice|p2a: Togekiss
|-damage|p2a: Togekiss|45/100 brn
|
|-damage|p2a: Togekiss|39/100 brn|[from] brn
|upkeep
|turn|45
|
|t:|1596040720
|move|p2a: Togekiss|Roost|p2a: Togekiss
|-heal|p2a: Togekiss|89/100 brn
|-singleturn|p2a: Togekiss|move: Roost
|move|p1a: Sylveon|Hyper Voice|p2a: Togekiss
|-damage|p2a: Togekiss|55/100 brn
|
|-damage|p2a: Togekiss|49/100 brn|[from] brn
|upkeep
|turn|46
|
|t:|1596040723
|move|p2a: Togekiss|Roost|p2a: Togekiss
|-heal|p2a: Togekiss|99/100 brn
|-singleturn|p2a: Togekiss|move: Roost
|move|p1a: Sylveon|Hyper Voice|p2a: Togekiss
|-damage|p2a: Togekiss|60/100 brn
|
|-damage|p2a: Togekiss|54/100 brn|[from] brn
|upkeep
|turn|47
|
|t:|1596040724
|move|p2a: Togekiss|Roost|p2a: Togekiss
|-heal|p2a: Togekiss|100/100 brn
|-singleturn|p2a: Togekiss|move: Roost
|move|p1a: Sylveon|Hyper Voice|p2a: Togekiss
|-damage|p2a: Togekiss|66/100 brn
|
|-damage|p2a: Togekiss|60/100 brn|[from] brn
|upkeep
|turn|48
|
|t:|1596040729
|move|p2a: Togekiss|Thunder Wave|p1a: Sylveon
|-status|p1a: Sylveon|par
|move|p1a: Sylveon|Calm Mind|p1a: Sylveon
|-boost|p1a: Sylveon|spa|1
|-boost|p1a: Sylveon|spd|1
|
|-damage|p2a: Togekiss|54/100 brn|[from] brn
|upkeep
|turn|49
|
|t:|1596040732
|move|p2a: Togekiss|Roost|p2a: Togekiss
|-heal|p2a: Togekiss|100/100 brn
|-singleturn|p2a: Togekiss|move: Roost
|move|p1a: Sylveon|Hyper Voice|p2a: Togekiss
|-damage|p2a: Togekiss|48/100 brn
|
|-damage|p2a: Togekiss|42/100 brn|[from] brn
|upkeep
|turn|50
|
|t:|1596040735
|move|p2a: Togekiss|Roost|p2a: Togekiss
|-heal|p2a: Togekiss|92/100 brn
|-singleturn|p2a: Togekiss|move: Roost
|move|p1a: Sylveon|Hyper Voice|p2a: Togekiss
|-damage|p2a: Togekiss|48/100 brn
|
|-damage|p2a: Togekiss|42/100 brn|[from] brn
|upkeep
|turn|51
|
|t:|1596040737
|move|p2a: Togekiss|Roost|p2a: Togekiss
|-heal|p2a: Togekiss|92/100 brn
|-singleturn|p2a: Togekiss|move: Roost
|move|p1a: Sylveon|Hyper Voice|p2a: Togekiss
|-damage|p2a: Togekiss|40/100 brn
|
|-damage|p2a: Togekiss|34/100 brn|[from] brn
|upkeep
|turn|52
|
|t:|1596040739
|move|p2a: Togekiss|Roost|p2a: Togekiss
|-heal|p2a: Togekiss|84/100 brn
|-singleturn|p2a: Togekiss|move: Roost
|move|p1a: Sylveon|Hyper Voice|p2a: Togekiss
|-damage|p2a: Togekiss|36/100 brn
|
|-damage|p2a: Togekiss|30/100 brn|[from] brn
|upkeep
|turn|53
|
|t:|1596040744
|move|p2a: Togekiss|Roost|p2a: Togekiss
|-heal|p2a: Togekiss|80/100 brn
|-singleturn|p2a: Togekiss|move: Roost
|move|p1a: Sylveon|Hyper Voice|p2a: Togekiss
|-damage|p2a: Togekiss|33/100 brn
|
|-damage|p2a: Togekiss|26/100 brn|[from] brn
|upkeep
|turn|54
|
|t:|1596040748
|move|p2a: Togekiss|Roost|p2a: Togekiss
|-heal|p2a: Togekiss|76/100 brn
|-singleturn|p2a: Togekiss|move: Roost
|cant|p1a: Sylveon|par
|
|-damage|p2a: Togekiss|70/100 brn|[from] brn
|upkeep
|turn|55
|c|☆Farzad|come on
|
|t:|1596040753
|cant|p1a: Sylveon|par
|move|p2a: Togekiss|Air Slash|p1a: Sylveon
|-damage|p1a: Sylveon|77/100 par
|
|-heal|p1a: Sylveon|83/100 par|[from] item: Leftovers
|-damage|p2a: Togekiss|64/100 brn|[from] brn
|upkeep
|turn|56
|
|t:|1596040757
|move|p1a: Sylveon|Protect|p1a: Sylveon
|-singleturn|p1a: Sylveon|Protect
|move|p2a: Togekiss|Roost|p2a: Togekiss
|-heal|p2a: Togekiss|100/100 brn
|-singleturn|p2a: Togekiss|move: Roost
|
|-heal|p1a: Sylveon|89/100 par|[from] item: Leftovers
|-damage|p2a: Togekiss|94/100 brn|[from] brn
|upkeep
|turn|57
|
|t:|1596040760
|move|p2a: Togekiss|Air Slash|p1a: Sylveon
|-damage|p1a: Sylveon|64/100 par
|cant|p1a: Sylveon|flinch
|
|-heal|p1a: Sylveon|71/100 par|[from] item: Leftovers
|-damage|p2a: Togekiss|88/100 brn|[from] brn
|upkeep
|turn|58
|
|t:|1596040763
|move|p1a: Sylveon|Protect|p1a: Sylveon
|-singleturn|p1a: Sylveon|Protect
|move|p2a: Togekiss|Air Slash|p1a: Sylveon
|-activate|p1a: Sylveon|move: Protect
|
|-heal|p1a: Sylveon|77/100 par|[from] item: Leftovers
|-damage|p2a: Togekiss|82/100 brn|[from] brn
|upkeep
|turn|59
|
|t:|1596040765
|move|p2a: Togekiss|Air Slash|p1a: Sylveon
|-damage|p1a: Sylveon|52/100 par
|cant|p1a: Sylveon|flinch
|
|-heal|p1a: Sylveon|58/100 par|[from] item: Leftovers
|-damage|p2a: Togekiss|76/100 brn|[from] brn
|upkeep
|turn|60
|
|t:|1596040768
|move|p1a: Sylveon|Protect|p1a: Sylveon
|-singleturn|p1a: Sylveon|Protect
|move|p2a: Togekiss|Nasty Plot|p2a: Togekiss
|-boost|p2a: Togekiss|spa|2
|
|-heal|p1a: Sylveon|64/100 par|[from] item: Leftovers
|-damage|p2a: Togekiss|70/100 brn|[from] brn
|upkeep
|turn|61
|
|t:|1596040770
|move|p2a: Togekiss|Air Slash|p1a: Sylveon|[miss]
|-miss|p2a: Togekiss|p1a: Sylveon
|move|p1a: Sylveon|Calm Mind|p1a: Sylveon
|-boost|p1a: Sylveon|spa|1
|-boost|p1a: Sylveon|spd|1
|
|-heal|p1a: Sylveon|70/100 par|[from] item: Leftovers
|-damage|p2a: Togekiss|64/100 brn|[from] brn
|upkeep
|turn|62
|
|t:|1596040772
|move|p1a: Sylveon|Protect|p1a: Sylveon
|-singleturn|p1a: Sylveon|Protect
|move|p2a: Togekiss|Air Slash|p1a: Sylveon
|-activate|p1a: Sylveon|move: Protect
|
|-heal|p1a: Sylveon|76/100 par|[from] item: Leftovers
|-damage|p2a: Togekiss|57/100 brn|[from] brn
|upkeep
|turn|63
|
|t:|1596040774
|move|p2a: Togekiss|Air Slash|p1a: Sylveon
|-damage|p1a: Sylveon|53/100 par
|cant|p1a: Sylveon|par
|
|-heal|p1a: Sylveon|59/100 par|[from] item: Leftovers
|-damage|p2a: Togekiss|51/100 brn|[from] brn
|upkeep
|turn|64
|
|t:|1596040777
|cant|p1a: Sylveon|par
|move|p2a: Togekiss|Roost|p2a: Togekiss
|-heal|p2a: Togekiss|100/100 brn
|-singleturn|p2a: Togekiss|move: Roost
|
|-heal|p1a: Sylveon|65/100 par|[from] item: Leftovers
|-damage|p2a: Togekiss|94/100 brn|[from] brn
|upkeep
|turn|65
|
|t:|1596040781
|move|p1a: Sylveon|Protect|p1a: Sylveon
|-singleturn|p1a: Sylveon|Protect
|move|p2a: Togekiss|Air Slash|p1a: Sylveon
|-activate|p1a: Sylveon|move: Protect
|
|-heal|p1a: Sylveon|72/100 par|[from] item: Leftovers
|-damage|p2a: Togekiss|88/100 brn|[from] brn
|upkeep
|turn|66
|
|t:|1596040782
|move|p2a: Togekiss|Air Slash|p1a: Sylveon
|-damage|p1a: Sylveon|46/100 par
|cant|p1a: Sylveon|flinch
|
|-heal|p1a: Sylveon|52/100 par|[from] item: Leftovers
|-damage|p2a: Togekiss|82/100 brn|[from] brn
|upkeep
|turn|67
|
|t:|1596040786
|move|p1a: Sylveon|Protect|p1a: Sylveon
|-singleturn|p1a: Sylveon|Protect
|move|p2a: Togekiss|Thunder Wave|p1a: Sylveon
|-activate|p1a: Sylveon|move: Protect
|
|-heal|p1a: Sylveon|58/100 par|[from] item: Leftovers
|-damage|p2a: Togekiss|76/100 brn|[from] brn
|upkeep
|turn|68
|
|t:|1596040789
|move|p2a: Togekiss|Air Slash|p1a: Sylveon|[miss]
|-miss|p2a: Togekiss|p1a: Sylveon
|move|p1a: Sylveon|Wish|p1a: Sylveon
|
|-heal|p1a: Sylveon|64/100 par|[from] item: Leftovers
|-damage|p2a: Togekiss|70/100 brn|[from] brn
|upkeep
|turn|69
|
|t:|1596040799
|move|p2a: Togekiss|Air Slash|p1a: Sylveon
|-damage|p1a: Sylveon|39/100 par
|cant|p1a: Sylveon|flinch
|
|-heal|p1a: Sylveon|89/100 par|[from] move: Wish|[wisher] Sylveon
|-heal|p1a: Sylveon|95/100 par|[from] item: Leftovers
|-damage|p2a: Togekiss|64/100 brn|[from] brn
|upkeep
|turn|70
|
|t:|1596040802
|move|p1a: Sylveon|Protect|p1a: Sylveon
|-singleturn|p1a: Sylveon|Protect
|move|p2a: Togekiss|Air Slash|p1a: Sylveon
|-activate|p1a: Sylveon|move: Protect
|
|-heal|p1a: Sylveon|100/100 par|[from] item: Leftovers
|-damage|p2a: Togekiss|57/100 brn|[from] brn
|upkeep
|turn|71
|
|t:|1596040804
|move|p2a: Togekiss|Air Slash|p1a: Sylveon
|-crit|p1a: Sylveon
|-damage|p1a: Sylveon|7/100 par
|cant|p1a: Sylveon|flinch
|
|-heal|p1a: Sylveon|13/100 par|[from] item: Leftovers
|-damage|p2a: Togekiss|51/100 brn|[from] brn
|upkeep
|turn|72
|
|t:|1596040807
|move|p1a: Sylveon|Protect|p1a: Sylveon
|-singleturn|p1a: Sylveon|Protect
|move|p2a: Togekiss|Air Slash|p1a: Sylveon
|-activate|p1a: Sylveon|move: Protect
|
|-heal|p1a: Sylveon|20/100 par|[from] item: Leftovers
|-damage|p2a: Togekiss|45/100 brn|[from] brn
|upkeep
|turn|73
|c|☆Lenape|Nice pure luck win bro
|
|t:|1596040817
|move|p2a: Togekiss|Air Slash|p1a: Sylveon
|-damage|p1a: Sylveon|0 fnt
|faint|p1a: Sylveon
|
|-damage|p2a: Togekiss|39/100 brn|[from] brn
|upkeep
|c|☆Farzad|pure luck?
|c|☆Farzad|LOL
|c|☆Lenape|Crits
|c|☆Lenape|All day
|c|☆Farzad|when what is it pure luc?
|
|t:|1596040828
|switch|p1a: Toxapex|Toxapex, M|100/100
|-damage|p1a: Toxapex|88/100|[from] Stealth Rock
|-damage|p1a: Toxapex|72/100|[from] Spikes
|turn|74
|c|☆Farzad|i had one crit
|c|☆Lenape|Two
|c|☆Lenape|Ice shard crit
|c|☆Lenape|That was resisted and didnt kill
|
|t:|1596040855
|move|p1a: Toxapex|Baneful Bunker|p1a: Toxapex
|-singleturn|p1a: Toxapex|move: Protect
|move|p2a: Togekiss|Roost|p2a: Togekiss
|-heal|p2a: Togekiss|89/100 brn
|-singleturn|p2a: Togekiss|move: Roost
|
|-heal|p1a: Toxapex|78/100|[from] item: Black Sludge
|-damage|p2a: Togekiss|83/100 brn|[from] brn
|upkeep
|turn|75
|inactive|Farzad has 120 seconds left.
|-message|Lenape forfeited.
|
|win|Farzad
|l|☆Lenape
|c|☆Farzad|252+ Atk Choice Band Mamoswine Ice Shard vs. 0 HP / 0 Def Cinderace: 68-81 (22.5 - 26.9%) -- 31.3% chance to 4HKO
||Ladder (probably) updated, but score could not be retrieved (Request timeout).
