|j|☆focussashbillsey
|j|☆playeraccount
|t:|1661439659
|gametype|singles
|player|p1|focussashbillsey|clair|1248
|player|p2|playeraccount|102|1299
|teamsize|p1|6
|teamsize|p2|6
|gen|8
|tier|[Gen 8] OU
|rated|
|rule|Sleep Clause Mod: Limit one foe put to sleep
|rule|Species Clause: Limit one of each Pokémon
|rule|OHKO Clause: OHKO moves are banned
|rule|Evasion Items Clause: Evasion items are banned
|rule|Evasion Moves Clause: Evasion moves are banned
|rule|Endless Battle Clause: Forcing endless battles is banned
|rule|HP Percentage Mod: HP is shown in percentages
|rule|Dynamax Clause: You cannot dynamax
|clearpoke
|poke|p1|Urshifu-*, F|
|poke|p1|Slowbro, M|
|poke|p1|Landorus-Therian, M|
|poke|p1|Blissey, F|
|poke|p1|Blacephalon|
|poke|p1|Kartana|
|poke|p2|Kommo-o, F|
|poke|p2|Regieleki|
|poke|p2|Landorus-Therian, M|
|poke|p2|Slowbro, F|
|poke|p2|Blissey, F|
|poke|p2|Scizor, M|
|teampreview
|inactive|Battle timer is ON: inactive players will automatically lose when time's up. (requested by playeraccount)
|c|☆focussashbillsey|glhf
|
|t:|1661439677
|start
|switch|p1a: Landorus|Landorus-Therian, M|100/100
|switch|p2a: Blissey|Blissey, F, shiny|100/100
|-ability|p1a: Landorus|Intimidate|boost
|-unboost|p2a: Blissey|atk|1
|turn|1
|
|t:|1661439689
|switch|p2a: Landorus|Landorus-Therian, M, shiny|100/100
|-ability|p2a: Landorus|Intimidate|boost
|-unboost|p1a: Landorus|atk|1
|move|p1a: Landorus|Stealth Rock|p2a: Landorus
|-sidestart|p2: playeraccount|move: Stealth Rock
|
|upkeep
|turn|2
|
|t:|1661439694
|switch|p1a: Urshifu|Urshifu-Rapid-Strike, F|100/100
|move|p2a: Landorus|U-turn|p1a: Urshifu
|-resisted|p1a: Urshifu
|-damage|p1a: Urshifu|87/100
|
|t:|1661439700
|switch|p2a: Slowbro|Slowbro, F, shiny|100/100|[from]move: U-turn
|-damage|p2a: Slowbro|88/100|[from] Stealth Rock
|
|upkeep
|turn|3
|
|t:|1661439703
|move|p1a: Urshifu|U-turn|p2a: Slowbro
|-supereffective|p2a: Slowbro
|-damage|p2a: Slowbro|41/100
|-damage|p1a: Urshifu|70/100|[from] item: Rocky Helmet|[of] p2a: Slowbro
|
|t:|1661439713
|switch|p1a: Slowbro|Slowbro, M|100/100|[from]move: U-turn
|move|p2a: Slowbro|Counter|p1a: Slowbro
|-damage|p1a: Slowbro|7/100
|
|upkeep
|turn|4
|c|☆focussashbillsey|wp
|c|☆playeraccount|lol
|inactive|playeraccount has 120 seconds left.
|
|t:|1661439749
|switch|p2a: Blissey|Blissey, F, shiny|100/100
|-damage|p2a: Blissey|88/100|[from] Stealth Rock
|switch|p1a: Kartana|Kartana|100/100
|
|-heal|p2a: Blissey|94/100|[from] item: Leftovers
|upkeep
|turn|5
|inactive|playeraccount has 120 seconds left.
|
|t:|1661439759
|switch|p2a: Landorus|Landorus-Therian, M, shiny|100/100
|-damage|p2a: Landorus|88/100|[from] Stealth Rock
|-ability|p2a: Landorus|Intimidate|boost
|-unboost|p1a: Kartana|atk|1
|move|p1a: Kartana|Swords Dance|p1a: Kartana
|-boost|p1a: Kartana|atk|2
|
|upkeep
|turn|6
|inactive|focussashbillsey has 120 seconds left.
|
|t:|1661439795
|move|p1a: Kartana|Swords Dance|p1a: Kartana
|-boost|p1a: Kartana|atk|2
|move|p2a: Landorus|U-turn|p1a: Kartana
|-damage|p1a: Kartana|78/100
|
|t:|1661439805
|switch|p2a: Kommo-o|Kommo-o, F, shiny|100/100|[from]move: U-turn
|-damage|p2a: Kommo-o|94/100|[from] Stealth Rock
|
|upkeep
|turn|7
|inactive|focussashbillsey has 120 seconds left.
|
|t:|1661439815
|move|p1a: Kartana|Sacred Sword|p2a: Kommo-o
|-damage|p2a: Kommo-o|4/100
|-damage|p1a: Kartana|68/100|[from] item: Life Orb
|move|p2a: Kommo-o|Flamethrower|p1a: Kartana
|-supereffective|p1a: Kartana
|-damage|p1a: Kartana|0 fnt
|faint|p1a: Kartana
|
|upkeep
|
|t:|1661439831
|switch|p1a: Blacephalon|Blacephalon|100/100
|turn|8
|
|t:|1661439843
|switch|p2a: Blissey|Blissey, F, shiny|94/100
|-damage|p2a: Blissey|82/100|[from] Stealth Rock
|move|p1a: Blacephalon|Flamethrower|p2a: Blissey
|-damage|p2a: Blissey|57/100
|
|-heal|p2a: Blissey|63/100|[from] item: Leftovers
|upkeep
|turn|9
|
|t:|1661439850
|switch|p1a: Landorus|Landorus-Therian, M|100/100
|-ability|p1a: Landorus|Intimidate|boost
|-unboost|p2a: Blissey|atk|1
|move|p2a: Blissey|Soft-Boiled|p2a: Blissey
|-heal|p2a: Blissey|100/100
|
|upkeep
|turn|10
|inactive|focussashbillsey has 120 seconds left.
|
|t:|1661439856
|switch|p2a: Landorus|Landorus-Therian, M, shiny|88/100
|-damage|p2a: Landorus|75/100|[from] Stealth Rock
|-ability|p2a: Landorus|Intimidate|boost
|-unboost|p1a: Landorus|atk|1
|move|p1a: Landorus|Knock Off|p2a: Landorus
|-damage|p2a: Landorus|52/100
|-damage|p1a: Landorus|84/100|[from] item: Rocky Helmet|[of] p2a: Landorus
|-enditem|p2a: Landorus|Rocky Helmet|[from] move: Knock Off|[of] p1a: Landorus
|
|-heal|p1a: Landorus|90/100|[from] item: Leftovers
|upkeep
|turn|11
|
|t:|1661439859
|move|p2a: Landorus|U-turn|p1a: Landorus
|-resisted|p1a: Landorus
|-damage|p1a: Landorus|80/100
|
|t:|1661439863
|switch|p2a: Scizor|Scizor, M, shiny|100/100|[from]move: U-turn
|-damage|p2a: Scizor|88/100|[from] Stealth Rock
|move|p1a: Landorus|U-turn|p2a: Scizor
|-resisted|p2a: Scizor
|-damage|p2a: Scizor|82/100
|-damage|p1a: Landorus|63/100|[from] item: Rocky Helmet|[of] p2a: Scizor
|
|t:|1661439868
|switch|p1a: Blacephalon|Blacephalon|100/100|[from]move: U-turn
|
|upkeep
|turn|12
|
|t:|1661439874
|switch|p2a: Blissey|Blissey, F, shiny|100/100
|-damage|p2a: Blissey|88/100|[from] Stealth Rock
|move|p1a: Blacephalon|Flamethrower|p2a: Blissey
|-damage|p2a: Blissey|62/100
|
|-heal|p2a: Blissey|68/100|[from] item: Leftovers
|upkeep
|turn|13
|
|t:|1661439881
|move|p1a: Blacephalon|Flamethrower|p2a: Blissey
|-damage|p2a: Blissey|43/100
|move|p2a: Blissey|Stealth Rock|p1a: Blacephalon
|-sidestart|p1: focussashbillsey|move: Stealth Rock
|
|-heal|p2a: Blissey|49/100|[from] item: Leftovers
|upkeep
|turn|14
|
|t:|1661439886
|switch|p1a: Slowbro|Slowbro, M|40/100
|move|p2a: Blissey|Soft-Boiled|p2a: Blissey
|-heal|p2a: Blissey|99/100
|
|-heal|p2a: Blissey|100/100|[from] item: Leftovers
|upkeep
|turn|15
|
|t:|1661439894
|move|p2a: Blissey|Toxic|p1a: Slowbro
|-status|p1a: Slowbro|tox
|move|p1a: Slowbro|Future Sight|p2a: Blissey
|-start|p1a: Slowbro|move: Future Sight
|
|-damage|p1a: Slowbro|34/100 tox|[from] psn
|upkeep
|turn|16
|
|t:|1661439902
|move|p2a: Blissey|Seismic Toss|p1a: Slowbro
|-damage|p1a: Slowbro|9/100 tox
|move|p1a: Slowbro|Teleport|p1a: Slowbro
|
|t:|1661439907
|switch|p1a: Urshifu|Urshifu-Rapid-Strike, F|70/100|[from]move: Teleport
|-damage|p1a: Urshifu|64/100|[from] Stealth Rock
|
|upkeep
|turn|17
|
|t:|1661439914
|switch|p2a: Scizor|Scizor, M, shiny|82/100
|-damage|p2a: Scizor|69/100|[from] Stealth Rock
|move|p1a: Urshifu|U-turn|p2a: Scizor
|-resisted|p2a: Scizor
|-damage|p2a: Scizor|51/100
|-damage|p1a: Urshifu|48/100|[from] item: Rocky Helmet|[of] p2a: Scizor
|c|☆focussashbillsey|why do you have rocky helm on like everything
|
|t:|1661439935
|switch|p1a: Blacephalon|Blacephalon|100/100|[from]move: U-turn
|-damage|p1a: Blacephalon|76/100|[from] Stealth Rock
|
|-end|p2a: Scizor|move: Future Sight
|-resisted|p2a: Scizor
|-damage|p2a: Scizor|23/100
|upkeep
|turn|18
|
|t:|1661439948
|switch|p2a: Blissey|Blissey, F, shiny|100/100
|-damage|p2a: Blissey|88/100|[from] Stealth Rock
|move|p1a: Blacephalon|Flamethrower|p2a: Blissey
|-damage|p2a: Blissey|60/100
|
|-heal|p2a: Blissey|67/100|[from] item: Leftovers
|upkeep
|turn|19
|c|☆playeraccount|we all like Urshifu,
|
|t:|1661439972
|move|p1a: Blacephalon|Flamethrower|p2a: Blissey
|-damage|p2a: Blissey|41/100
|move|p2a: Blissey|Toxic|p1a: Blacephalon
|-status|p1a: Blacephalon|tox
|
|-heal|p2a: Blissey|47/100|[from] item: Leftovers
|-damage|p1a: Blacephalon|70/100 tox|[from] psn
|upkeep
|turn|20
|
|t:|1661439978
|move|p1a: Blacephalon|Flamethrower|p2a: Blissey
|-damage|p2a: Blissey|21/100
|move|p2a: Blissey|Soft-Boiled|p2a: Blissey
|-heal|p2a: Blissey|71/100
|
|-heal|p2a: Blissey|77/100|[from] item: Leftovers
|-damage|p1a: Blacephalon|58/100 tox|[from] psn
|upkeep
|turn|21
|
|t:|1661439985
|switch|p1a: Slowbro|Slowbro, M|42/100 tox
|move|p2a: Blissey|Soft-Boiled|p2a: Blissey
|-heal|p2a: Blissey|100/100
|
|-damage|p1a: Slowbro|36/100 tox|[from] psn
|upkeep
|turn|22
|
|t:|1661439991
|move|p2a: Blissey|Seismic Toss|p1a: Slowbro
|-damage|p1a: Slowbro|10/100 tox
|move|p1a: Slowbro|Slack Off|p1a: Slowbro
|-heal|p1a: Slowbro|61/100 tox
|
|-damage|p1a: Slowbro|48/100 tox|[from] psn
|upkeep
|turn|23
|
|t:|1661440002
|switch|p2a: Slowbro|Slowbro, F, shiny|75/100
|-damage|p2a: Slowbro|62/100|[from] Stealth Rock
|move|p1a: Slowbro|Teleport|p1a: Slowbro
|
|t:|1661440014
|switch|p1a: Blacephalon|Blacephalon|58/100 tox|[from]move: Teleport
|-damage|p1a: Blacephalon|33/100 tox|[from] Stealth Rock
|
|-damage|p1a: Blacephalon|27/100 tox|[from] psn
|upkeep
|turn|24
|
|t:|1661440021
|switch|p2a: Blissey|Blissey, F, shiny|100/100
|-damage|p2a: Blissey|88/100|[from] Stealth Rock
|move|p1a: Blacephalon|Trick|p2a: Blissey
|-activate|p1a: Blacephalon|move: Trick|[of] p2a: Blissey
|-item|p2a: Blissey|Choice Specs|[from] move: Trick
|-item|p1a: Blacephalon|Leftovers|[from] move: Trick
|
|-heal|p1a: Blacephalon|33/100 tox|[from] item: Leftovers
|-damage|p1a: Blacephalon|21/100 tox|[from] psn
|upkeep
|turn|25
|
|t:|1661440033
|switch|p2a: Landorus|Landorus-Therian, M, shiny|52/100
|-damage|p2a: Landorus|40/100|[from] Stealth Rock
|-ability|p2a: Landorus|Intimidate|boost
|-unboost|p1a: Blacephalon|atk|1
|move|p1a: Blacephalon|Overheat|p2a: Landorus|[miss]
|-miss|p1a: Blacephalon|p2a: Landorus
|
|-heal|p1a: Blacephalon|27/100 tox|[from] item: Leftovers
|-damage|p1a: Blacephalon|9/100 tox|[from] psn
|upkeep
|turn|26
|
|t:|1661440038
|move|p1a: Blacephalon|Overheat|p2a: Landorus
|-damage|p2a: Landorus|0 fnt
|-unboost|p1a: Blacephalon|spa|2
|faint|p2a: Landorus
|-ability|p1a: Blacephalon|Beast Boost|boost
|-boost|p1a: Blacephalon|spa|1
|
|-heal|p1a: Blacephalon|15/100 tox|[from] item: Leftovers
|-damage|p1a: Blacephalon|0 fnt|[from] psn
|faint|p1a: Blacephalon
|upkeep
|
|t:|1661440056
|switch|p1a: Slowbro|Slowbro, M|82/100 tox
|switch|p2a: Scizor|Scizor, M, shiny|23/100
|-damage|p2a: Scizor|10/100|[from] Stealth Rock
|turn|27
|
|t:|1661440063
|move|p2a: Scizor|U-turn|p1a: Slowbro
|-supereffective|p1a: Slowbro
|-damage|p1a: Slowbro|38/100 tox
|
|t:|1661440071
|switch|p2a: Regieleki|Regieleki, shiny|100/100|[from]move: U-turn
|-damage|p2a: Regieleki|88/100|[from] Stealth Rock
|move|p1a: Slowbro|Scald|p2a: Regieleki
|-damage|p2a: Regieleki|31/100
|-status|p2a: Regieleki|brn
|
|-damage|p1a: Slowbro|32/100 tox|[from] psn
|-damage|p2a: Regieleki|25/100 brn|[from] brn
|upkeep
|turn|28
|
|t:|1661440075
|switch|p1a: Blissey|Blissey, F|100/100
|move|p2a: Regieleki|Volt Switch|p1a: Blissey
|-damage|p1a: Blissey|84/100
|
|t:|1661440083
|switch|p2a: Slowbro|Slowbro, F, shiny|95/100|[from]move: Volt Switch
|-damage|p2a: Slowbro|83/100|[from] Stealth Rock
|
|upkeep
|turn|29
|
|t:|1661440090
|move|p1a: Blissey|Thunder Wave|p2a: Slowbro
|-status|p2a: Slowbro|par
|cant|p2a: Slowbro|par
|
|upkeep
|turn|30
|
|t:|1661440093
|move|p1a: Blissey|Wish|p1a: Blissey
|cant|p2a: Slowbro|par
|
|upkeep
|turn|31
|c|☆focussashbillsey|mb
|
|t:|1661440097
|switch|p1a: Urshifu|Urshifu-Rapid-Strike, F|48/100
|-damage|p1a: Urshifu|42/100|[from] Stealth Rock
|move|p2a: Slowbro|Ice Beam|p1a: Urshifu
|-resisted|p1a: Urshifu
|-damage|p1a: Urshifu|25/100
|
|-heal|p1a: Urshifu|100/100|[from] move: Wish|[wisher] Blissey
|upkeep
|turn|32
|
|t:|1661440109
|switch|p1a: Blissey|Blissey, F|84/100
|move|p2a: Slowbro|Counter||[still]
|-fail|p2a: Slowbro
|
|upkeep
|turn|33
|
|t:|1661440114
|move|p1a: Blissey|Wish|p1a: Blissey
|move|p2a: Slowbro|Ice Beam|p1a: Blissey
|-damage|p1a: Blissey|77/100
|
|upkeep
|turn|34
|
|t:|1661440120
|move|p1a: Blissey|Seismic Toss|p2a: Slowbro
|-damage|p2a: Slowbro|58/100 par
|-damage|p1a: Blissey|60/100|[from] item: Rocky Helmet|[of] p2a: Slowbro
|move|p2a: Slowbro|Ice Beam|p1a: Blissey
|-damage|p1a: Blissey|52/100
|
|-heal|p1a: Blissey|100/100|[from] move: Wish|[wisher] Blissey
|upkeep
|turn|35
|
|t:|1661440133
|switch|p1a: Slowbro|Slowbro, M|66/100 tox
|move|p2a: Slowbro|Counter||[still]
|-fail|p2a: Slowbro
|
|-damage|p1a: Slowbro|60/100 tox|[from] psn
|upkeep
|turn|36
|
|t:|1661440141
|move|p1a: Slowbro|Future Sight|p2a: Slowbro
|-start|p1a: Slowbro|move: Future Sight
|cant|p2a: Slowbro|par
|
|-damage|p1a: Slowbro|47/100 tox|[from] psn
|upkeep
|turn|37
|
|t:|1661440145
|cant|p2a: Slowbro|par
|move|p1a: Slowbro|Teleport|p1a: Slowbro
|c|☆focussashbillsey|I
|c|☆focussashbillsey|'m so sry bout the paras
|
|t:|1661440161
|switch|p1a: Landorus|Landorus-Therian, M|63/100|[from]move: Teleport
|-damage|p1a: Landorus|51/100|[from] Stealth Rock
|-ability|p1a: Landorus|Intimidate|boost
|-unboost|p2a: Slowbro|atk|1
|
|-heal|p1a: Landorus|57/100|[from] item: Leftovers
|upkeep
|turn|38
|
|t:|1661440165
|move|p1a: Landorus|Knock Off|p2a: Slowbro
|-supereffective|p2a: Slowbro
|-damage|p2a: Slowbro|16/100 par
|-damage|p1a: Landorus|41/100|[from] item: Rocky Helmet|[of] p2a: Slowbro
|-enditem|p2a: Slowbro|Rocky Helmet|[from] move: Knock Off|[of] p1a: Landorus
|move|p2a: Slowbro|Ice Beam|p1a: Landorus
|-supereffective|p1a: Landorus
|-damage|p1a: Landorus|0 fnt
|faint|p1a: Landorus
|
|-end|p2a: Slowbro|move: Future Sight
|-resisted|p2a: Slowbro
|-damage|p2a: Slowbro|0 fnt
|faint|p2a: Slowbro
|upkeep
|
|t:|1661440177
|switch|p1a: Blissey|Blissey, F|100/100
|switch|p2a: Blissey|Blissey, F, shiny|88/100
|-damage|p2a: Blissey|76/100|[from] Stealth Rock
|turn|39
|
|t:|1661440186
|move|p1a: Blissey|Protect|p1a: Blissey
|-singleturn|p1a: Blissey|Protect
|move|p2a: Blissey|Toxic|p1a: Blissey
|-activate|p1a: Blissey|move: Protect
|
|upkeep
|turn|40
|
|t:|1661440193
|switch|p1a: Slowbro|Slowbro, M|81/100 tox
|switch|p2a: Kommo-o|Kommo-o, F, shiny|4/100
|-damage|p2a: Kommo-o|0 fnt|[from] Stealth Rock
|faint|p2a: Kommo-o
|
|-damage|p1a: Slowbro|75/100 tox|[from] psn
|upkeep
|
|t:|1661440197
|switch|p2a: Regieleki|Regieleki, shiny|25/100 brn
|-damage|p2a: Regieleki|13/100 brn|[from] Stealth Rock
|turn|41
|
|t:|1661440220
|switch|p1a: Blissey|Blissey, F|100/100
|move|p2a: Regieleki|Explosion|p1a: Blissey
|-damage|p1a: Blissey|70/100
|faint|p2a: Regieleki
|
|upkeep
|
|t:|1661440227
|switch|p2a: Scizor|Scizor, M, shiny|10/100
|-damage|p2a: Scizor|0 fnt|[from] Stealth Rock
|faint|p2a: Scizor
|
|t:|1661440229
|switch|p2a: Blissey|Blissey, F, shiny|76/100
|-damage|p2a: Blissey|63/100|[from] Stealth Rock
|turn|42
|c|☆playeraccount|gg
|c|☆focussashbillsey|gg
|-message|playeraccount forfeited.
|
|win|focussashbillsey
|raw|focussashbillsey's rating: 1248 &rarr; <strong>1277</strong><br />(+29 for winning)
|raw|playeraccount's rating: 1299 &rarr; <strong>1270</strong><br />(-29 for losing)
|l|☆playeraccount
