|j|☆Commando 55
|j|☆Chaperitif9
|t:|1599740716
|player|p1|Commando 55|iris-gen5bw2|1776
|player|p2|Chaperitif9|cyclist|1624
|teamsize|p1|6
|teamsize|p2|6
|gametype|singles
|gen|8
|tier|[Gen 8] OU
|rated|
|clearpoke
|poke|p1|Pelipper, F|
|poke|p1|Keldeo-Resolute|
|poke|p1|Ferrothorn, M|
|poke|p1|Zeraora|
|poke|p1|Rhyperior, F|
|poke|p1|Clefable, F|
|poke|p2|Excadrill, F|
|poke|p2|Zeraora|
|poke|p2|Rillaboom, F|
|poke|p2|Hydreigon, M|
|poke|p2|Clefable, F|
|poke|p2|Mew|
|rule|Sleep Clause Mod: Limit one foe put to sleep
|rule|Species Clause: Limit one of each Pokémon
|rule|OHKO Clause: OHKO moves are banned
|rule|Evasion Moves Clause: Evasion moves are banned
|rule|Endless Battle Clause: Forcing endless battles is banned
|rule|HP Percentage Mod: HP is shown in percentages
|rule|Dynamax Clause: You cannot dynamax
|teampreview
|inactive|Battle timer is ON: inactive players will automatically lose when time's up. (requested by Chaperitif9)
|
|t:|1599740732
|start
|switch|p1a: Pelipper|Pelipper, F|100/100
|switch|p2a: Hydreigon|Hydreigon, M|100/100
|-weather|RainDance|[from] ability: Drizzle|[of] p1a: Pelipper
|turn|1
|
|t:|1599740738
|switch|p1a: Keldeo|Keldeo-Resolute|100/100
|move|p2a: Hydreigon|Nasty Plot|p2a: Hydreigon
|-boost|p2a: Hydreigon|spa|2
|
|-weather|RainDance|[upkeep]
|upkeep
|turn|2
|j| vidachu
|
|t:|1599740755
|switch|p2a: Clefable|Clefable, F|100/100
|move|p1a: Keldeo|Hydro Pump|p2a: Clefable
|-damage|p2a: Clefable|0 fnt
|faint|p2a: Clefable
|
|-weather|RainDance|[upkeep]
|upkeep
|
|t:|1599740773
|switch|p2a: Rillaboom|Rillaboom, F|100/100
|-fieldstart|move: Grassy Terrain|[from] ability: Grassy Surge|[of] p2a: Rillaboom
|-enditem|p2a: Rillaboom|Grassy Seed
|-boost|p2a: Rillaboom|def|1|[from] item: Grassy Seed
|turn|3
|
|t:|1599740780
|move|p1a: Keldeo|Hydro Pump|p2a: Rillaboom
|-resisted|p2a: Rillaboom
|-damage|p2a: Rillaboom|13/100
|move|p2a: Rillaboom|Swords Dance|p2a: Rillaboom
|-boost|p2a: Rillaboom|atk|2
|
|-weather|RainDance|[upkeep]
|-heal|p2a: Rillaboom|19/100|[from] Grassy Terrain
|upkeep
|turn|4
|
|t:|1599740785
|switch|p1a: Ferrothorn|Ferrothorn, M|100/100
|move|p2a: Rillaboom|Drain Punch|p1a: Ferrothorn
|-supereffective|p1a: Ferrothorn
|-damage|p1a: Ferrothorn|35/100
|-heal|p2a: Rillaboom|53/100|[from] drain|[of] p1a: Ferrothorn
|-damage|p2a: Rillaboom|41/100|[from] ability: Iron Barbs|[of] p1a: Ferrothorn
|
|-weather|RainDance|[upkeep]
|-heal|p2a: Rillaboom|47/100|[from] Grassy Terrain
|-heal|p1a: Ferrothorn|41/100|[from] item: Leftovers
|-heal|p1a: Ferrothorn|47/100|[from] Grassy Terrain
|upkeep
|turn|5
|
|t:|1599740803
|switch|p1a: Clefable|Clefable, F|100/100
|move|p2a: Rillaboom|Drain Punch|p1a: Clefable
|-resisted|p1a: Clefable
|-damage|p1a: Clefable|78/100
|-heal|p2a: Rillaboom|60/100|[from] drain|[of] p1a: Clefable
|
|-weather|none
|-heal|p2a: Rillaboom|66/100|[from] Grassy Terrain
|-heal|p1a: Clefable|84/100|[from] item: Leftovers
|-heal|p1a: Clefable|90/100|[from] Grassy Terrain
|upkeep
|turn|6
|
|t:|1599740813
|move|p1a: Clefable|Protect|p1a: Clefable
|-singleturn|p1a: Clefable|Protect
|move|p2a: Rillaboom|Grassy Glide|p1a: Clefable
|-activate|p1a: Clefable|move: Protect
|
|-heal|p2a: Rillaboom|72/100|[from] Grassy Terrain
|-heal|p1a: Clefable|96/100|[from] item: Leftovers
|-heal|p1a: Clefable|100/100|[from] Grassy Terrain
|upkeep
|turn|7
|
|t:|1599740818
|move|p2a: Rillaboom|Acrobatics|p1a: Clefable
|-damage|p1a: Clefable|40/100
|move|p1a: Clefable|Moonblast|p2a: Rillaboom
|-damage|p2a: Rillaboom|31/100
|
|-heal|p2a: Rillaboom|37/100|[from] Grassy Terrain
|-heal|p1a: Clefable|46/100|[from] item: Leftovers
|-heal|p1a: Clefable|52/100|[from] Grassy Terrain
|-fieldend|move: Grassy Terrain
|upkeep
|turn|8
|
|t:|1599740824
|move|p1a: Clefable|Protect|p1a: Clefable
|-singleturn|p1a: Clefable|Protect
|move|p2a: Rillaboom|Acrobatics|p1a: Clefable
|-activate|p1a: Clefable|move: Protect
|
|-heal|p1a: Clefable|58/100|[from] item: Leftovers
|upkeep
|turn|9
|
|t:|1599740847
|move|p2a: Rillaboom|Acrobatics|p1a: Clefable
|-damage|p1a: Clefable|0 fnt
|faint|p1a: Clefable
|
|upkeep
|
|t:|1599740850
|switch|p1a: Zeraora|Zeraora, shiny|100/100
|turn|10
|
|t:|1599740872
|switch|p2a: Excadrill|Excadrill, F|100/100
|-ability|p2a: Excadrill|Mold Breaker
|move|p1a: Zeraora|Close Combat|p2a: Excadrill
|-supereffective|p2a: Excadrill
|-damage|p2a: Excadrill|0 fnt
|-unboost|p1a: Zeraora|def|1
|-unboost|p1a: Zeraora|spd|1
|faint|p2a: Excadrill
|
|upkeep
|
|t:|1599740876
|switch|p2a: Rillaboom|Rillaboom, F|37/100
|-fieldstart|move: Grassy Terrain|[from] ability: Grassy Surge|[of] p2a: Rillaboom
|turn|11
|j| shuehwgs
|inactive|Commando 55 has 120 seconds left.
|
|t:|1599740908
|switch|p1a: Ferrothorn|Ferrothorn, M|47/100
|move|p2a: Rillaboom|Swords Dance|p2a: Rillaboom
|-boost|p2a: Rillaboom|atk|2
|
|-heal|p2a: Rillaboom|43/100|[from] Grassy Terrain
|-heal|p1a: Ferrothorn|53/100|[from] item: Leftovers
|-heal|p1a: Ferrothorn|60/100|[from] Grassy Terrain
|upkeep
|turn|12
|inactive|Commando 55 has 120 seconds left.
|
|t:|1599740923
|switch|p1a: Pelipper|Pelipper, F|100/100
|-weather|RainDance|[from] ability: Drizzle|[of] p1a: Pelipper
|move|p2a: Rillaboom|Drain Punch|p1a: Pelipper
|-resisted|p1a: Pelipper
|-damage|p1a: Pelipper|79/100
|-heal|p2a: Rillaboom|53/100|[from] drain|[of] p1a: Pelipper
|
|-weather|RainDance|[upkeep]
|-heal|p2a: Rillaboom|59/100|[from] Grassy Terrain
|upkeep
|turn|13
|inactive|Commando 55 has 120 seconds left.
|
|t:|1599740930
|move|p2a: Rillaboom|Grassy Glide|p1a: Pelipper
|-damage|p1a: Pelipper|6/100
|move|p1a: Pelipper|Scald|p2a: Rillaboom
|-resisted|p2a: Rillaboom
|-damage|p2a: Rillaboom|34/100
|
|-weather|RainDance|[upkeep]
|-heal|p2a: Rillaboom|40/100|[from] Grassy Terrain
|upkeep
|turn|14
|inactive|Commando 55 has 120 seconds left.
|
|t:|1599740940
|move|p2a: Rillaboom|Drain Punch|p1a: Pelipper
|-resisted|p1a: Pelipper
|-damage|p1a: Pelipper|0 fnt
|-heal|p2a: Rillaboom|43/100|[from] drain|[of] p1a: Pelipper
|faint|p1a: Pelipper
|
|-weather|RainDance|[upkeep]
|-heal|p2a: Rillaboom|49/100|[from] Grassy Terrain
|upkeep
|inactive|Commando 55 has 120 seconds left.
|
|t:|1599740966
|switch|p1a: Ferrothorn|Ferrothorn, M|60/100
|turn|15
|
|t:|1599740971
|move|p2a: Rillaboom|Drain Punch|p1a: Ferrothorn
|-supereffective|p1a: Ferrothorn
|-damage|p1a: Ferrothorn|0 fnt
|-heal|p2a: Rillaboom|79/100|[from] drain|[of] p1a: Ferrothorn
|-damage|p2a: Rillaboom|67/100|[from] ability: Iron Barbs|[of] p1a: Ferrothorn
|faint|p1a: Ferrothorn
|
|-weather|RainDance|[upkeep]
|-heal|p2a: Rillaboom|73/100|[from] Grassy Terrain
|-fieldend|move: Grassy Terrain
|upkeep
|
|t:|1599740974
|switch|p1a: Keldeo|Keldeo-Resolute|100/100
|turn|16
|
|t:|1599740990
|switch|p2a: Hydreigon|Hydreigon, M|100/100
|move|p1a: Keldeo|Hydro Pump|p2a: Hydreigon|[miss]
|-miss|p1a: Keldeo|p2a: Hydreigon
|
|-weather|none
|upkeep
|turn|17
|inactive|Commando 55 has 120 seconds left.
|j| shadowhunter67
|l| shadowhunter67
|
|t:|1599741009
|switch|p1a: Zeraora|Zeraora, shiny|100/100
|move|p2a: Hydreigon|Draco Meteor|p1a: Zeraora
|-damage|p1a: Zeraora|0 fnt
|-unboost|p2a: Hydreigon|spa|2
|-damage|p2a: Hydreigon|91/100|[from] item: Life Orb
|faint|p1a: Zeraora
|
|upkeep
|
|t:|1599741017
|switch|p1a: Keldeo|Keldeo-Resolute|100/100
|turn|18
|-message|Commando 55 forfeited.
|
|win|Chaperitif9
|l|☆Commando 55
|l|☆Chaperitif9
|raw|Commando 55's rating: 1776 &rarr; <strong>1748</strong><br />(-28 for losing)
|raw|Chaperitif9's rating: 1624 &rarr; <strong>1652</strong><br />(+28 for winning)
|j| Blackora
|l| vidachu
