|raw|<div class="broadcast-blue"><strong>This battle is required to be public due to a player having a name starting with 'LT74PF'.</div>
|j|☆LT74PF yovan33321
|j|☆Commando 55
|t:|1599057639
|player|p1|LT74PF yovan33321|grimsley|1959
|player|p2|Commando 55|iris-gen5bw2|1785
|teamsize|p1|6
|teamsize|p2|6
|gametype|singles
|gen|8
|tier|[Gen 8] OU
|rated|
|clearpoke
|poke|p1|Durant, F|
|poke|p1|Clefable, M|
|poke|p1|Mandibuzz, F|
|poke|p1|Jirachi|
|poke|p1|Seismitoad, F|
|poke|p1|Chandelure, M|
|poke|p2|Lucario, F|
|poke|p2|Gengar, F|
|poke|p2|Corviknight, F|
|poke|p2|Clefable, F|
|poke|p2|Urshifu-*, F|
|poke|p2|Gastrodon-East, M|
|rule|Sleep Clause Mod: Limit one foe put to sleep
|rule|Species Clause: Limit one of each Pokémon
|rule|OHKO Clause: OHKO moves are banned
|rule|Evasion Moves Clause: Evasion moves are banned
|rule|Endless Battle Clause: Forcing endless battles is banned
|rule|HP Percentage Mod: HP is shown in percentages
|rule|Dynamax Clause: You cannot dynamax
|teampreview
|j| Grabby hands
|
|t:|1599057656
|start
|switch|p1a: Seismitoad|Seismitoad, F|100/100
|switch|p2a: Gengar|Gengar, F, shiny|100/100
|turn|1
|inactive|Battle timer is ON: inactive players will automatically lose when time's up. (requested by Commando 55)
|
|t:|1599057663
|move|p2a: Gengar|Nasty Plot|p2a: Gengar
|-boost|p2a: Gengar|spa|2
|move|p1a: Seismitoad|Earthquake|p2a: Gengar
|-supereffective|p2a: Gengar
|-damage|p2a: Gengar|0 fnt
|faint|p2a: Gengar
|
|upkeep
|
|t:|1599057667
|switch|p2a: Urshifu|Urshifu, F|100/100
|turn|2
|j|+Raiza
|
|t:|1599057671
|move|p2a: Urshifu|Poison Jab|p1a: Seismitoad
|-resisted|p1a: Seismitoad
|-damage|p1a: Seismitoad|84/100
|-damage|p2a: Urshifu|91/100|[from] item: Life Orb
|move|p1a: Seismitoad|Toxic|p2a: Urshifu
|-status|p2a: Urshifu|tox
|
|-heal|p1a: Seismitoad|90/100|[from] item: Leftovers
|-damage|p2a: Urshifu|84/100 tox|[from] psn
|upkeep
|turn|3
|
|t:|1599057674
|move|p2a: Urshifu|Wicked Blow|p1a: Seismitoad
|-crit|p1a: Seismitoad
|-damage|p1a: Seismitoad|16/100
|-damage|p2a: Urshifu|74/100 tox|[from] item: Life Orb
|move|p1a: Seismitoad|Stealth Rock|p2a: Urshifu
|-sidestart|p2: Commando 55|move: Stealth Rock
|
|-heal|p1a: Seismitoad|22/100|[from] item: Leftovers
|-damage|p2a: Urshifu|62/100 tox|[from] psn
|upkeep
|turn|4
|
|t:|1599057679
|switch|p1a: Clefable|Clefable, M|100/100
|move|p2a: Urshifu|Wicked Blow|p1a: Clefable
|-resisted|p1a: Clefable
|-crit|p1a: Clefable
|-damage|p1a: Clefable|69/100
|-damage|p2a: Urshifu|52/100 tox|[from] item: Life Orb
|
|-heal|p1a: Clefable|75/100|[from] item: Leftovers
|-damage|p2a: Urshifu|34/100 tox|[from] psn
|upkeep
|turn|5
|j| Plsworkthistime
|l|+Raiza
|
|t:|1599057686
|switch|p2a: Clefable|Clefable, F|100/100
|switch|p1a: Seismitoad|Seismitoad, F|22/100
|
|-heal|p1a: Seismitoad|28/100|[from] item: Leftovers
|upkeep
|turn|6
|l| Plsworkthistime
|
|t:|1599057689
|switch|p1a: Jirachi|Jirachi|100/100
|move|p2a: Clefable|Moonblast|p1a: Jirachi
|-resisted|p1a: Jirachi
|-damage|p1a: Jirachi|84/100
|
|-heal|p1a: Jirachi|91/100|[from] item: Leftovers
|upkeep
|turn|7
|j| egalvanc
|
|t:|1599057699
|move|p2a: Clefable|Protect|p2a: Clefable
|-singleturn|p2a: Clefable|Protect
|move|p1a: Jirachi|Substitute|p1a: Jirachi
|-start|p1a: Jirachi|Substitute
|-damage|p1a: Jirachi|66/100
|
|-heal|p1a: Jirachi|72/100|[from] item: Leftovers
|upkeep
|turn|8
|c| Grabby hands|sup workers
|l|☆Commando 55
|inactive|Commando 55 disconnected and has a minute to reconnect!
|player|p2|
|c| Grabby hands|ah wow
|j|☆Commando 55
|inactive|Commando 55 reconnected and has 125 seconds left.
|player|p2|Commando 55|iris-gen5bw2
|-message|Commando 55 forfeited.
|
|win|LT74PF yovan33321
|l|☆Commando 55
||Ladder (probably) updated, but score could not be retrieved (Request timeout).
|c| Grabby hands|damn
|l|☆LT74PF yovan33321
|l| Grabby hands
|l| egalvanc
|j| Wally trump
