|j|☆A Fan With A Plan
|j|☆KFC Chizza
|inactive|Battle timer is ON: inactive players will automatically lose when time's up.
|t:|1634874487
|gametype|singles
|player|p1|A Fan With A Plan|2|
|player|p2|KFC Chizza|unknown|
|teamsize|p1|6
|teamsize|p2|6
|gen|8
|tier|[Gen 8] OU
|rated|Tournament battle
|rule|Sleep Clause Mod: Limit one foe put to sleep
|rule|Species Clause: Limit one of each Pokémon
|rule|OHKO Clause: OHKO moves are banned
|rule|Evasion Moves Clause: Evasion moves are banned
|rule|Endless Battle Clause: Forcing endless battles is banned
|rule|HP Percentage Mod: HP is shown in percentages
|rule|Dynamax Clause: You cannot dynamax
|clearpoke
|poke|p1|Magnezone|
|poke|p1|Tapu Lele|
|poke|p1|Garchomp, F|
|poke|p1|Kartana|
|poke|p1|Tapu Fini|
|poke|p1|Dragonite, M|
|poke|p2|Hippowdon, F|
|poke|p2|Corviknight, F|
|poke|p2|Toxapex, F|
|poke|p2|Clefable, F|
|poke|p2|Tornadus-Therian, M|
|poke|p2|Blissey, F|
|teampreview
|j|*Lady Monita ☽
|c|☆KFC Chizza|hf
|c|☆A Fan With A Plan|u2
|j| DrewCareysFeet
|
|t:|1634874504
|start
|switch|p1a: Tapu Lele|Tapu Lele|100/100
|switch|p2a: Hippowdon|Hippowdon, F|100/100
|-fieldstart|move: Psychic Terrain|[from] ability: Psychic Surge|[of] p1a: Tapu Lele
|-weather|Sandstorm|[from] ability: Sand Stream|[of] p2a: Hippowdon
|turn|1
|j| AsQuickAsPossible
|c|☆KFC Chizza|this mu looks impossible
|
|t:|1634874527
|move|p1a: Tapu Lele|Psyshock|p2a: Hippowdon
|-damage|p2a: Hippowdon|45/100
|move|p2a: Hippowdon|Toxic|p1a: Tapu Lele
|-status|p1a: Tapu Lele|tox
|
|-weather|Sandstorm|[upkeep]
|-damage|p1a: Tapu Lele|94/100 tox|[from] Sandstorm
|-heal|p2a: Hippowdon|51/100|[from] item: Leftovers
|-damage|p1a: Tapu Lele|88/100 tox|[from] psn
|upkeep
|turn|2
|
|t:|1634874538
|switch|p2a: Corviknight|Corviknight, F|100/100
|-ability|p2a: Corviknight|Pressure
|move|p1a: Tapu Lele|Psyshock|p2a: Corviknight
|-resisted|p2a: Corviknight
|-damage|p2a: Corviknight|76/100
|
|-weather|Sandstorm|[upkeep]
|-damage|p1a: Tapu Lele|82/100 tox|[from] Sandstorm
|-heal|p2a: Corviknight|82/100|[from] item: Leftovers
|-damage|p1a: Tapu Lele|70/100 tox|[from] psn
|upkeep
|turn|3
|
|t:|1634874548
|switch|p1a: Magnezone|Magnezone|100/100
|switch|p2a: Tornadus|Tornadus-Therian, M, shiny|100/100
|
|-weather|Sandstorm|[upkeep]
|-damage|p2a: Tornadus|94/100|[from] Sandstorm
|upkeep
|turn|4
|inactive|A Fan With A Plan has 120 seconds left.
|
|t:|1634874592
|switch|p2a: Hippowdon|Hippowdon, F|51/100
|switch|p1a: Dragonite|Dragonite, M|100/100
|
|-weather|Sandstorm|[upkeep]
|-damage|p1a: Dragonite|94/100|[from] Sandstorm
|-heal|p2a: Hippowdon|57/100|[from] item: Leftovers
|upkeep
|turn|5
|
|t:|1634874601
|switch|p1a: Tapu Fini|Tapu Fini|100/100
|-fieldstart|move: Misty Terrain|[from] ability: Misty Surge|[of] p1a: Tapu Fini
|move|p2a: Hippowdon|Slack Off|p2a: Hippowdon
|-heal|p2a: Hippowdon|100/100
|
|-weather|none
|upkeep
|turn|6
|inactive|A Fan With A Plan has 120 seconds left.
|
|t:|1634874607
|switch|p2a: Toxapex|Toxapex, F|100/100
|move|p1a: Tapu Fini|Trick|p2a: Toxapex
|-activate|p1a: Tapu Fini|move: Trick|[of] p2a: Toxapex
|-item|p2a: Toxapex|Choice Scarf|[from] move: Trick
|-item|p1a: Tapu Fini|Shed Shell|[from] move: Trick
|
|upkeep
|turn|7
|inactive|A Fan With A Plan has 120 seconds left.
|
|t:|1634874617
|switch|p1a: Dragonite|Dragonite, M|94/100
|move|p2a: Toxapex|Poison Jab|p1a: Dragonite
|-damage|p1a: Dragonite|77/100
|
|upkeep
|turn|8
|j| GoomyGirl2
|
|t:|1634874624
|switch|p2a: Hippowdon|Hippowdon, F|100/100
|-weather|Sandstorm|[from] ability: Sand Stream|[of] p2a: Hippowdon
|move|p1a: Dragonite|Earthquake|p2a: Hippowdon
|-damage|p2a: Hippowdon|78/100
|
|-weather|Sandstorm|[upkeep]
|-damage|p1a: Dragonite|71/100|[from] Sandstorm
|-heal|p2a: Hippowdon|84/100|[from] item: Leftovers
|upkeep
|turn|9
|l| GoomyGirl2
|
|t:|1634874638
|switch|p1a: Tapu Fini|Tapu Fini|100/100
|move|p2a: Hippowdon|Stealth Rock|p1a: Tapu Fini
|-sidestart|p1: A Fan With A Plan|move: Stealth Rock
|
|-weather|Sandstorm|[upkeep]
|-damage|p1a: Tapu Fini|94/100|[from] Sandstorm
|-heal|p2a: Hippowdon|90/100|[from] item: Leftovers
|-fieldend|Misty Terrain
|upkeep
|turn|10
|
|t:|1634874643
|switch|p2a: Toxapex|Toxapex, F|100/100
|move|p1a: Tapu Fini|Scald|p2a: Toxapex
|-resisted|p2a: Toxapex
|-damage|p2a: Toxapex|89/100
|-status|p2a: Toxapex|brn
|
|-weather|Sandstorm|[upkeep]
|-damage|p1a: Tapu Fini|88/100|[from] Sandstorm
|-damage|p2a: Toxapex|83/100 brn|[from] Sandstorm
|-damage|p2a: Toxapex|77/100 brn|[from] brn
|upkeep
|turn|11
|
|t:|1634874652
|switch|p1a: Magnezone|Magnezone|100/100
|-damage|p1a: Magnezone|94/100|[from] Stealth Rock
|move|p2a: Toxapex|Knock Off|p1a: Magnezone
|-damage|p1a: Magnezone|87/100
|-damage|p2a: Toxapex|61/100 brn|[from] item: Rocky Helmet|[of] p1a: Magnezone
|-enditem|p1a: Magnezone|Rocky Helmet|[from] move: Knock Off|[of] p2a: Toxapex
|
|-weather|Sandstorm|[upkeep]
|-damage|p2a: Toxapex|55/100 brn|[from] Sandstorm
|-damage|p2a: Toxapex|49/100 brn|[from] brn
|upkeep
|turn|12
|
|t:|1634874668
|switch|p2a: Hippowdon|Hippowdon, F|90/100
|move|p1a: Magnezone|Flash Cannon|p2a: Hippowdon
|-damage|p2a: Hippowdon|66/100
|
|-weather|none
|-heal|p2a: Hippowdon|72/100|[from] item: Leftovers
|upkeep
|turn|13
|
|t:|1634874674
|switch|p1a: Tapu Fini|Tapu Fini|88/100
|-damage|p1a: Tapu Fini|76/100|[from] Stealth Rock
|-fieldstart|move: Misty Terrain|[from] ability: Misty Surge|[of] p1a: Tapu Fini
|move|p2a: Hippowdon|Slack Off|p2a: Hippowdon
|-heal|p2a: Hippowdon|100/100
|
|upkeep
|turn|14
|
|t:|1634874682
|switch|p1a: Tapu Lele|Tapu Lele|70/100 tox
|-damage|p1a: Tapu Lele|58/100 tox|[from] Stealth Rock
|-fieldstart|move: Psychic Terrain|[from] ability: Psychic Surge|[of] p1a: Tapu Lele
|switch|p2a: Toxapex|Toxapex, F|82/100 brn
|
|-damage|p1a: Tapu Lele|52/100 tox|[from] psn
|-damage|p2a: Toxapex|76/100 brn|[from] brn
|upkeep
|turn|15
|l| AsQuickAsPossible
|
|t:|1634874692
|switch|p2a: Corviknight|Corviknight, F|82/100
|-ability|p2a: Corviknight|Pressure
|move|p1a: Tapu Lele|Psychic|p2a: Corviknight
|-resisted|p2a: Corviknight
|-damage|p2a: Corviknight|42/100
|
|-heal|p2a: Corviknight|48/100|[from] item: Leftovers
|-damage|p1a: Tapu Lele|40/100 tox|[from] psn
|upkeep
|turn|16
|j|+ez
|
|t:|1634874701
|switch|p1a: Magnezone|Magnezone|87/100
|-damage|p1a: Magnezone|81/100|[from] Stealth Rock
|switch|p2a: Blissey|Blissey, F|100/100
|
|upkeep
|turn|17
|
|t:|1634874712
|switch|p2a: Hippowdon|Hippowdon, F|100/100
|-weather|Sandstorm|[from] ability: Sand Stream|[of] p2a: Hippowdon
|move|p1a: Magnezone|Iron Defense|p1a: Magnezone
|-boost|p1a: Magnezone|def|2
|
|-weather|Sandstorm|[upkeep]
|upkeep
|turn|18
|
|t:|1634874739
|switch|p1a: Dragonite|Dragonite, M|71/100
|move|p2a: Hippowdon|Earthquake|p1a: Dragonite
|-immune|p1a: Dragonite
|
|-weather|Sandstorm|[upkeep]
|-damage|p1a: Dragonite|64/100|[from] Sandstorm
|-fieldend|move: Psychic Terrain
|upkeep
|turn|19
|inactive|A Fan With A Plan has 120 seconds left.
|
|t:|1634874757
|switch|p1a: Tapu Fini|Tapu Fini|76/100
|-damage|p1a: Tapu Fini|64/100|[from] Stealth Rock
|-fieldstart|move: Misty Terrain|[from] ability: Misty Surge|[of] p1a: Tapu Fini
|move|p2a: Hippowdon|Toxic|p1a: Tapu Fini
|-activate|p1a: Tapu Fini|move: Misty Terrain
|
|-weather|Sandstorm|[upkeep]
|-damage|p1a: Tapu Fini|58/100|[from] Sandstorm
|upkeep
|turn|20
|inactive|A Fan With A Plan has 120 seconds left.
|
|t:|1634874769
|switch|p1a: Kartana|Kartana|100/100
|-damage|p1a: Kartana|94/100|[from] Stealth Rock
|switch|p2a: Tornadus|Tornadus-Therian, M, shiny|100/100
|
|-weather|Sandstorm|[upkeep]
|-damage|p2a: Tornadus|94/100|[from] Sandstorm
|upkeep
|turn|21
|
|t:|1634874778
|move|p1a: Kartana|Smart Strike|p2a: Tornadus
|-crit|p2a: Tornadus
|-damage|p2a: Tornadus|26/100
|move|p2a: Tornadus|Hurricane|p1a: Kartana
|-damage|p1a: Kartana|0 fnt
|faint|p1a: Kartana
|
|-weather|none
|upkeep
|inactive|A Fan With A Plan has 120 seconds left.
|
|t:|1634874788
|switch|p1a: Garchomp|Garchomp, F|100/100
|-damage|p1a: Garchomp|94/100|[from] Stealth Rock
|turn|22
|
|t:|1634874794
|switch|p2a: Clefable|Clefable, F|100/100
|move|p1a: Garchomp|Swords Dance|p1a: Garchomp
|-boost|p1a: Garchomp|atk|2
|
|-heal|p1a: Garchomp|100/100|[from] item: Leftovers
|upkeep
|turn|23
|
|t:|1634874799
|move|p1a: Garchomp|Earthquake|p2a: Clefable
|-damage|p2a: Clefable|58/100
|move|p2a: Clefable|Moonblast|p1a: Garchomp
|-supereffective|p1a: Garchomp
|-damage|p1a: Garchomp|33/100
|
|-heal|p1a: Garchomp|39/100|[from] item: Leftovers
|-fieldend|Misty Terrain
|upkeep
|turn|24
|
|t:|1634874806
|move|p1a: Garchomp|Earthquake|p2a: Clefable
|-damage|p2a: Clefable|18/100
|move|p2a: Clefable|Soft-Boiled|p2a: Clefable
|-heal|p2a: Clefable|68/100
|
|-heal|p1a: Garchomp|46/100|[from] item: Leftovers
|upkeep
|turn|25
|
|t:|1634874810
|move|p1a: Garchomp|Earthquake|p2a: Clefable
|-damage|p2a: Clefable|28/100
|move|p2a: Clefable|Soft-Boiled|p2a: Clefable
|-heal|p2a: Clefable|78/100
|
|-heal|p1a: Garchomp|52/100|[from] item: Leftovers
|upkeep
|turn|26
|
|t:|1634874813
|move|p1a: Garchomp|Earthquake|p2a: Clefable
|-damage|p2a: Clefable|32/100
|move|p2a: Clefable|Soft-Boiled|p2a: Clefable
|-heal|p2a: Clefable|82/100
|
|-heal|p1a: Garchomp|58/100|[from] item: Leftovers
|upkeep
|turn|27
|
|t:|1634874824
|switch|p1a: Magnezone|Magnezone|81/100
|-damage|p1a: Magnezone|75/100|[from] Stealth Rock
|move|p2a: Clefable|Soft-Boiled|p2a: Clefable
|-heal|p2a: Clefable|100/100
|
|upkeep
|turn|28
|
|t:|1634874835
|switch|p2a: Hippowdon|Hippowdon, F|100/100
|-weather|Sandstorm|[from] ability: Sand Stream|[of] p2a: Hippowdon
|move|p1a: Magnezone|Iron Defense|p1a: Magnezone
|-boost|p1a: Magnezone|def|2
|
|-weather|Sandstorm|[upkeep]
|upkeep
|turn|29
|
|t:|1634874842
|switch|p1a: Dragonite|Dragonite, M|64/100
|move|p2a: Hippowdon|Earthquake|p1a: Dragonite
|-immune|p1a: Dragonite
|
|-weather|Sandstorm|[upkeep]
|-damage|p1a: Dragonite|58/100|[from] Sandstorm
|upkeep
|turn|30
|j| ledrshp
|
|t:|1634874846
|move|p1a: Dragonite|Roost|p1a: Dragonite
|-heal|p1a: Dragonite|100/100
|-singleturn|p1a: Dragonite|move: Roost
|move|p2a: Hippowdon|Toxic|p1a: Dragonite
|-status|p1a: Dragonite|tox
|
|-weather|Sandstorm|[upkeep]
|-damage|p1a: Dragonite|94/100 tox|[from] Sandstorm
|-damage|p1a: Dragonite|88/100 tox|[from] psn
|upkeep
|turn|31
|
|t:|1634874849
|switch|p2a: Tornadus|Tornadus-Therian, M, shiny|60/100
|move|p1a: Dragonite|Dragon Dance|p1a: Dragonite
|-boost|p1a: Dragonite|atk|1
|-boost|p1a: Dragonite|spe|1
|
|-weather|Sandstorm|[upkeep]
|-damage|p2a: Tornadus|54/100|[from] Sandstorm
|-damage|p1a: Dragonite|82/100 tox|[from] Sandstorm
|-damage|p1a: Dragonite|69/100 tox|[from] psn
|upkeep
|turn|32
|
|t:|1634874858
|switch|p2a: Clefable|Clefable, F|100/100
|switch|p1a: Magnezone|Magnezone|75/100
|-damage|p1a: Magnezone|69/100|[from] Stealth Rock
|
|-weather|none
|upkeep
|turn|33
|
|t:|1634874865
|switch|p1a: Tapu Fini|Tapu Fini|58/100
|-damage|p1a: Tapu Fini|45/100|[from] Stealth Rock
|-fieldstart|move: Misty Terrain|[from] ability: Misty Surge|[of] p1a: Tapu Fini
|switch|p2a: Hippowdon|Hippowdon, F|100/100
|-weather|Sandstorm|[from] ability: Sand Stream|[of] p2a: Hippowdon
|
|-weather|Sandstorm|[upkeep]
|-damage|p1a: Tapu Fini|39/100|[from] Sandstorm
|upkeep
|turn|34
|
|t:|1634874870
|switch|p1a: Tapu Lele|Tapu Lele|40/100 tox
|-damage|p1a: Tapu Lele|27/100 tox|[from] Stealth Rock
|-fieldstart|move: Psychic Terrain|[from] ability: Psychic Surge|[of] p1a: Tapu Lele
|switch|p2a: Tornadus|Tornadus-Therian, M, shiny|87/100
|
|-weather|Sandstorm|[upkeep]
|-damage|p2a: Tornadus|81/100|[from] Sandstorm
|-damage|p1a: Tapu Lele|21/100 tox|[from] Sandstorm
|-damage|p1a: Tapu Lele|15/100 tox|[from] psn
|upkeep
|turn|35
|
|t:|1634874878
|move|p2a: Tornadus|Hurricane|p1a: Tapu Lele|[miss]
|-miss|p2a: Tornadus|p1a: Tapu Lele
|move|p1a: Tapu Lele|Moonblast|p2a: Tornadus
|-damage|p2a: Tornadus|8/100
|
|-weather|Sandstorm|[upkeep]
|-damage|p2a: Tornadus|2/100|[from] Sandstorm
|-damage|p1a: Tapu Lele|9/100 tox|[from] Sandstorm
|-damage|p1a: Tapu Lele|0 fnt|[from] psn
|faint|p1a: Tapu Lele
|upkeep
|
|t:|1634874883
|switch|p1a: Garchomp|Garchomp, F|58/100
|-damage|p1a: Garchomp|52/100|[from] Stealth Rock
|turn|36
|
|t:|1634874896
|move|p2a: Tornadus|Hurricane|p1a: Garchomp
|-damage|p1a: Garchomp|4/100
|move|p1a: Garchomp|Swords Dance|p1a: Garchomp
|-boost|p1a: Garchomp|atk|2
|
|-weather|Sandstorm|[upkeep]
|-damage|p2a: Tornadus|0 fnt|[from] Sandstorm
|faint|p2a: Tornadus
|-heal|p1a: Garchomp|10/100|[from] item: Leftovers
|upkeep
|
|t:|1634874902
|switch|p2a: Clefable|Clefable, F|100/100
|turn|37
|
|t:|1634874907
|move|p1a: Garchomp|Earthquake|p2a: Clefable
|-damage|p2a: Clefable|62/100
|move|p2a: Clefable|Moonblast|p1a: Garchomp
|-supereffective|p1a: Garchomp
|-damage|p1a: Garchomp|0 fnt
|faint|p1a: Garchomp
|
|-weather|none
|upkeep
|j| GeoJumper0001
|c|☆A Fan With A Plan|i lose
|c|☆A Fan With A Plan|gg
|c|☆KFC Chizza|gg
|-message|A Fan With A Plan forfeited.
|
|win|KFC Chizza
|n|☆A Fan With A Plan|afanwithaplan
|n|☆KFC Chizza|kfcchizza
|n|*Lady Monita ☽|ladymonita
|n| DrewCareysFeet|drewcareysfeet
|n|+ez|ez
|n| ledrshp|ledrshp
|n| GeoJumper0001|geojumper0001
|l|*Lady Monita ☽
|l|☆A Fan With A Plan
|l| ledrshp
|l|☆KFC Chizza
|l| DrewCareysFeet
|l|+ez
|j|+ez
