|j|☆OUTD i b alpha
|j|☆Makuryu
|t:|1667218274
|gametype|singles
|player|p1|OUTD i b alpha|2|1661
|player|p2|Makuryu|koga|1829
|teamsize|p1|6
|teamsize|p2|6
|gen|8
|tier|[Gen 8] OU
|rated|
|rule|Sleep Clause Mod: Limit one foe put to sleep
|rule|Species Clause: Limit one of each Pokémon
|rule|OHKO Clause: OHKO moves are banned
|rule|Evasion Items Clause: Evasion items are banned
|rule|Evasion Moves Clause: Evasion moves are banned
|rule|Endless Battle Clause: Forcing endless battles is banned
|rule|HP Percentage Mod: HP is shown in percentages
|rule|Dynamax Clause: You cannot dynamax
|clearpoke
|poke|p1|Dragapult, M|
|poke|p1|Landorus-Therian, M|
|poke|p1|Heatran, M|
|poke|p1|Slowking, F|
|poke|p1|Toxapex, F|
|poke|p1|Urshifu-*, F|
|poke|p2|Urshifu-*, M|
|poke|p2|Heatran, M|
|poke|p2|Rotom-Wash|
|poke|p2|Landorus-Therian, M|
|poke|p2|Tapu Lele|
|poke|p2|Kartana|
|teampreview
|inactive|Battle timer is ON: inactive players will automatically lose when time's up. (requested by OUTD i b alpha)
|inactive|Makuryu has 120 seconds left.
|inactive|Makuryu has 90 seconds left.
|j| Zombini62
|
|t:|1667218367
|start
|switch|p1a: Toxapex|Toxapex, F|100/100
|switch|p2a: Rotom|Rotom-Wash, shiny|100/100
|turn|1
|
|t:|1667218374
|move|p2a: Rotom|Thunder Wave|p1a: Toxapex
|-status|p1a: Toxapex|par
|move|p1a: Toxapex|Knock Off|p2a: Rotom
|-damage|p2a: Rotom|85/100
|-enditem|p2a: Rotom|Leftovers|[from] move: Knock Off|[of] p1a: Toxapex
|
|upkeep
|turn|2
|j| AdamPi
|
|t:|1667218380
|move|p2a: Rotom|Volt Switch|p1a: Toxapex
|-supereffective|p1a: Toxapex
|-damage|p1a: Toxapex|59/100 par
|
|t:|1667218384
|switch|p2a: Landorus|Landorus-Therian, M|100/100|[from]move: Volt Switch
|-ability|p2a: Landorus|Intimidate|boost
|-unboost|p1a: Toxapex|atk|1
|cant|p1a: Toxapex|par
|
|-heal|p1a: Toxapex|65/100 par|[from] item: Black Sludge
|upkeep
|turn|3
|j| simplegent
|
|t:|1667218392
|move|p2a: Landorus|Knock Off|p1a: Toxapex
|-damage|p1a: Toxapex|46/100 par
|-enditem|p1a: Toxapex|Black Sludge|[from] move: Knock Off|[of] p2a: Landorus
|move|p1a: Toxapex|Toxic Spikes|p2a: Landorus
|-sidestart|p2: Makuryu|move: Toxic Spikes
|
|upkeep
|turn|4
|
|t:|1667218398
|switch|p1a: Landorus|Landorus-Therian, M|100/100
|-ability|p1a: Landorus|Intimidate|boost
|-unboost|p2a: Landorus|atk|1
|move|p2a: Landorus|U-turn|p1a: Landorus
|-resisted|p1a: Landorus
|-damage|p1a: Landorus|95/100
|
|t:|1667218408
|switch|p2a: Kartana|Kartana, shiny|100/100|[from]move: U-turn
|
|-heal|p1a: Landorus|100/100|[from] item: Leftovers
|upkeep
|turn|5
|j| Ran Kob
|
|t:|1667218427
|switch|p1a: Toxapex|Toxapex, F|79/100 par
|move|p2a: Kartana|Leaf Blade|p1a: Toxapex
|-damage|p1a: Toxapex|44/100 par
|
|upkeep
|turn|6
|
|t:|1667218433
|move|p2a: Kartana|Swords Dance|p2a: Kartana
|-boost|p2a: Kartana|atk|2
|move|p1a: Toxapex|Recover|p1a: Toxapex
|-heal|p1a: Toxapex|94/100 par
|
|upkeep
|turn|7
|
|t:|1667218440
|move|p2a: Kartana|Leaf Blade|p1a: Toxapex
|-damage|p1a: Toxapex|23/100 par
|move|p1a: Toxapex|Haze|p1a: Toxapex
|-clearallboost
|
|upkeep
|turn|8
|
|t:|1667218449
|move|p2a: Kartana|Swords Dance|p2a: Kartana
|-boost|p2a: Kartana|atk|2
|cant|p1a: Toxapex|par
|
|upkeep
|turn|9
|
|t:|1667218457
|move|p2a: Kartana|Knock Off|p1a: Toxapex
|-damage|p1a: Toxapex|0 fnt
|faint|p1a: Toxapex
|-ability|p2a: Kartana|Beast Boost|boost
|-boost|p2a: Kartana|atk|1
|
|upkeep
|
|t:|1667218460
|switch|p1a: Dragapult|Dragapult, M|100/100
|turn|10
|
|t:|1667218470
|switch|p1a: Urshifu|Urshifu-Rapid-Strike, F|100/100
|switch|p2a: Rotom|Rotom-Wash, shiny|85/100
|
|upkeep
|turn|11
|
|t:|1667218489
|move|p1a: Urshifu|U-turn|p2a: Rotom
|-damage|p2a: Rotom|58/100
|inactive|OUTD i b alpha has 120 seconds left.
|inactive|OUTD i b alpha has 90 seconds left.
|
|t:|1667218572
|switch|p1a: Slowking|Slowking, F|100/100|[from]move: U-turn
|move|p2a: Rotom|Volt Switch|p1a: Slowking
|-supereffective|p1a: Slowking
|-damage|p1a: Slowking|72/100
|
|t:|1667218579
|switch|p2a: Landorus|Landorus-Therian, M|100/100|[from]move: Volt Switch
|-ability|p2a: Landorus|Intimidate|boost
|-unboost|p1a: Slowking|atk|1
|
|upkeep
|turn|12
|
|t:|1667218596
|move|p2a: Landorus|Defog|p1a: Slowking
|-unboost|p1a: Slowking|evasion|1
|-sideend|p2: Makuryu|Toxic Spikes|[from] move: Defog|[of] p2a: Landorus
|move|p1a: Slowking|Ice Beam|p2a: Landorus
|-supereffective|p2a: Landorus
|-damage|p2a: Landorus|41/100
|
|-heal|p2a: Landorus|47/100|[from] item: Leftovers
|upkeep
|turn|13
|
|t:|1667218603
|move|p2a: Landorus|U-turn|p1a: Slowking
|-supereffective|p1a: Slowking
|-damage|p1a: Slowking|25/100
|
|t:|1667218611
|switch|p2a: Rotom|Rotom-Wash, shiny|58/100|[from]move: U-turn
|move|p1a: Slowking|Future Sight|p2a: Rotom
|-start|p1a: Slowking|move: Future Sight
|
|upkeep
|turn|14
|inactive|OUTD i b alpha has 90 seconds left.
|
|t:|1667218638
|switch|p1a: Landorus|Landorus-Therian, M|100/100
|-ability|p1a: Landorus|Intimidate|boost
|-unboost|p2a: Rotom|atk|1
|move|p2a: Rotom|Volt Switch|p1a: Landorus
|-immune|p1a: Landorus
|
|upkeep
|turn|15
|
|t:|1667218645
|switch|p1a: Dragapult|Dragapult, M|100/100
|move|p2a: Rotom|Hydro Pump|p1a: Dragapult
|-resisted|p1a: Dragapult
|-damage|p1a: Dragapult|72/100
|
|-end|p2a: Rotom|move: Future Sight
|-damage|p2a: Rotom|25/100
|upkeep
|turn|16
|
|t:|1667218666
|move|p1a: Dragapult|Shadow Ball|p2a: Rotom
|-damage|p2a: Rotom|0 fnt
|faint|p2a: Rotom
|
|upkeep
|l| Zombini62
|
|t:|1667218676
|switch|p2a: Tapu Lele|Tapu Lele|100/100
|-fieldstart|move: Psychic Terrain|[from] ability: Psychic Surge|[of] p2a: Tapu Lele
|turn|17
|j| Zombini62
|l| Zombini62
|inactive|OUTD i b alpha has 60 seconds left.
|
|t:|1667218712
|switch|p1a: Slowking|Slowking, F|59/100
|move|p2a: Tapu Lele|Psyshock|p1a: Slowking
|-resisted|p1a: Slowking
|-damage|p1a: Slowking|29/100
|
|upkeep
|turn|18
|inactive|OUTD i b alpha has 30 seconds left.
|
|t:|1667218752
|switch|p1a: Heatran|Heatran, M|100/100
|move|p2a: Tapu Lele|Psyshock|p1a: Heatran
|-resisted|p1a: Heatran
|-damage|p1a: Heatran|79/100
|
|-heal|p1a: Heatran|85/100|[from] item: Leftovers
|upkeep
|turn|19
|inactive|OUTD i b alpha has 30 seconds left.
|inactive|OUTD i b alpha has 20 seconds left.
|inactive|OUTD i b alpha has 15 seconds left.
|
|t:|1667218774
|switch|p2a: Heatran|Heatran, M|100/100
|-item|p2a: Heatran|Air Balloon
|move|p1a: Heatran|Stealth Rock|p2a: Heatran
|-sidestart|p2: Makuryu|move: Stealth Rock
|
|-heal|p1a: Heatran|91/100|[from] item: Leftovers
|upkeep
|turn|20
|inactive|OUTD i b alpha has 25 seconds left this turn.
|
|t:|1667218781
|switch|p1a: Urshifu|Urshifu-Rapid-Strike, F|100/100
|move|p2a: Heatran|Stealth Rock|p1a: Urshifu
|-sidestart|p1: OUTD i b alpha|move: Stealth Rock
|
|upkeep
|turn|21
|inactive|OUTD i b alpha has 30 seconds left.
|inactive|OUTD i b alpha has 20 seconds left.
|inactive|OUTD i b alpha has 15 seconds left.
|inactive|OUTD i b alpha has 10 seconds left.
|inactive|OUTD i b alpha has 5 seconds left.
|
|t:|1667218815
|switch|p2a: Landorus|Landorus-Therian, M|47/100
|-damage|p2a: Landorus|34/100|[from] Stealth Rock
|-ability|p2a: Landorus|Intimidate|boost
|-unboost|p1a: Urshifu|atk|1
|move|p1a: Urshifu|Surging Strikes|p2a: Landorus
|-supereffective|p2a: Landorus
|-crit|p2a: Landorus
|-damage|p2a: Landorus|0 fnt
|faint|p2a: Landorus
|-hitcount|p2: Landorus|1
|
|-fieldend|move: Psychic Terrain
|upkeep
|inactive|OUTD i b alpha has 10 seconds left this turn.
|inactiveoff|Battle timer is now OFF.
|
|t:|1667218825
|switch|p2a: Kartana|Kartana, shiny|100/100
|-damage|p2a: Kartana|94/100|[from] Stealth Rock
|turn|22
|inactive|Battle timer is ON: inactive players will automatically lose when time's up. (requested by Makuryu)
|inactive|OUTD i b alpha has 20 seconds left this turn.
|inactive|OUTD i b alpha has 15 seconds left.
|c|☆OUTD i b alpha|give me a sec pls
|inactive|OUTD i b alpha has 10 seconds left.
|inactiveoff|Battle timer is now OFF.
|c|☆OUTD i b alpha|thx bro
|
|t:|1667218887
|move|p2a: Kartana|Swords Dance|p2a: Kartana
|-boost|p2a: Kartana|atk|2
|move|p1a: Urshifu|Close Combat|p2a: Kartana
|-supereffective|p2a: Kartana
|-damage|p2a: Kartana|15/100
|-unboost|p1a: Urshifu|def|1
|-unboost|p1a: Urshifu|spd|1
|
|upkeep
|turn|23
|
|t:|1667218898
|switch|p1a: Landorus|Landorus-Therian, M|100/100
|-damage|p1a: Landorus|88/100|[from] Stealth Rock
|-ability|p1a: Landorus|Intimidate|boost
|-unboost|p2a: Kartana|atk|1
|move|p2a: Kartana|Leaf Blade|p1a: Landorus
|-damage|p1a: Landorus|17/100
|
|-heal|p1a: Landorus|23/100|[from] item: Leftovers
|upkeep
|turn|24
|j| Vickyris
|
|t:|1667218960
|move|p2a: Kartana|Knock Off|p1a: Landorus
|-damage|p1a: Landorus|0 fnt
|-enditem|p1a: Landorus|Leftovers|[from] move: Knock Off|[of] p2a: Kartana
|faint|p1a: Landorus
|-ability|p2a: Kartana|Beast Boost|boost
|-boost|p2a: Kartana|atk|1
|
|upkeep
|inactive|Battle timer is ON: inactive players will automatically lose when time's up. (requested by Makuryu)
|inactive|OUTD i b alpha has 15 seconds left this turn.
|inactive|OUTD i b alpha has 10 seconds left.
|inactive|OUTD i b alpha has 5 seconds left.
|inactiveoff|Battle timer is now OFF.
|
|t:|1667219022
|switch|p1a: Dragapult|Dragapult, M|72/100
|-damage|p1a: Dragapult|60/100|[from] Stealth Rock
|turn|25
|
|t:|1667219029
|switch|p2a: Heatran|Heatran, M|100/100
|-damage|p2a: Heatran|88/100|[from] Stealth Rock
|-item|p2a: Heatran|Air Balloon
|move|p1a: Dragapult|Shadow Ball|p2a: Heatran
|-crit|p2a: Heatran
|-damage|p2a: Heatran|12/100
|-enditem|p2a: Heatran|Air Balloon
|
|upkeep
|turn|26
|
|t:|1667219071
|move|p1a: Dragapult|Shadow Ball|p2a: Heatran
|-damage|p2a: Heatran|0 fnt
|faint|p2a: Heatran
|
|upkeep
|
|t:|1667219076
|switch|p2a: Tapu Lele|Tapu Lele|100/100
|-damage|p2a: Tapu Lele|88/100|[from] Stealth Rock
|-fieldstart|move: Psychic Terrain|[from] ability: Psychic Surge|[of] p2a: Tapu Lele
|turn|27
|
|t:|1667219091
|switch|p2a: Urshifu|Urshifu-Rapid-Strike, M|100/100
|-damage|p2a: Urshifu|94/100|[from] Stealth Rock
|switch|p1a: Slowking|Slowking, F|62/100
|
|upkeep
|turn|28
|
|t:|1667219105
|switch|p1a: Dragapult|Dragapult, M|60/100
|-damage|p1a: Dragapult|48/100|[from] Stealth Rock
|move|p2a: Urshifu|U-turn|p1a: Dragapult
|-resisted|p1a: Dragapult
|-damage|p1a: Dragapult|23/100
|
|t:|1667219111
|switch|p2a: Tapu Lele|Tapu Lele|88/100|[from]move: U-turn
|-damage|p2a: Tapu Lele|76/100|[from] Stealth Rock
|
|upkeep
|turn|29
|j| YiLiangChenXin
|
|t:|1667219148
|switch|p1a: Slowking|Slowking, F|95/100
|move|p2a: Tapu Lele|Psyshock|p1a: Slowking
|-resisted|p1a: Slowking
|-damage|p1a: Slowking|65/100
|
|upkeep
|turn|30
|
|t:|1667219161
|switch|p2a: Urshifu|Urshifu-Rapid-Strike, M|94/100
|-damage|p2a: Urshifu|88/100|[from] Stealth Rock
|move|p1a: Slowking|Future Sight|p2a: Urshifu
|-start|p1a: Slowking|move: Future Sight
|
|upkeep
|turn|31
|
|t:|1667219169
|move|p2a: Urshifu|Surging Strikes|p1a: Slowking
|-resisted|p1a: Slowking
|-crit|p1a: Slowking
|-damage|p1a: Slowking|49/100
|-resisted|p1a: Slowking
|-crit|p1a: Slowking
|-damage|p1a: Slowking|34/100
|-resisted|p1a: Slowking
|-crit|p1a: Slowking
|-damage|p1a: Slowking|20/100
|-hitcount|p1a: Slowking|3
|move|p1a: Slowking|Teleport|p1a: Slowking
|
|t:|1667219182
|switch|p1a: Dragapult|Dragapult, M|23/100|[from]move: Teleport
|-damage|p1a: Dragapult|11/100|[from] Stealth Rock
|
|-fieldend|move: Psychic Terrain
|upkeep
|turn|32
|
|t:|1667219188
|switch|p2a: Kartana|Kartana, shiny|15/100
|-damage|p2a: Kartana|9/100|[from] Stealth Rock
|move|p1a: Dragapult|Shadow Ball|p2a: Kartana
|-damage|p2a: Kartana|0 fnt
|faint|p2a: Kartana
|
|-hint|Future Sight did not hit because the target is fainted.
|upkeep
|
|t:|1667219204
|switch|p2a: Tapu Lele|Tapu Lele|76/100
|-damage|p2a: Tapu Lele|63/100|[from] Stealth Rock
|-fieldstart|move: Psychic Terrain|[from] ability: Psychic Surge|[of] p2a: Tapu Lele
|turn|33
|
|t:|1667219216
|move|p2a: Tapu Lele|Psyshock|p1a: Dragapult
|-damage|p1a: Dragapult|0 fnt
|faint|p1a: Dragapult
|
|upkeep
|
|t:|1667219219
|switch|p1a: Slowking|Slowking, F|53/100
|turn|34
|inactive|Battle timer is ON: inactive players will automatically lose when time's up. (requested by Makuryu)
|inactive|OUTD i b alpha has 10 seconds left this turn.
|
|t:|1667219224
|switch|p2a: Urshifu|Urshifu-Rapid-Strike, M|88/100
|-damage|p2a: Urshifu|82/100|[from] Stealth Rock
|move|p1a: Slowking|Future Sight|p2a: Urshifu
|-start|p1a: Slowking|move: Future Sight
|
|upkeep
|turn|35
|inactive|OUTD i b alpha has 20 seconds left this turn.
|l| YiLiangChenXin
|
|t:|1667219230
|move|p2a: Urshifu|U-turn|p1a: Slowking
|-supereffective|p1a: Slowking
|-damage|p1a: Slowking|0 fnt
|faint|p1a: Slowking
|inactive|OUTD i b alpha has 25 seconds left this turn.
|
|t:|1667219235
|switch|p2a: Tapu Lele|Tapu Lele|63/100|[from]move: U-turn
|-damage|p2a: Tapu Lele|51/100|[from] Stealth Rock
|
|upkeep
|inactive|OUTD i b alpha has 30 seconds left this turn.
|
|t:|1667219244
|switch|p1a: Heatran|Heatran, M|91/100
|-damage|p1a: Heatran|79/100|[from] Stealth Rock
|turn|36
|
|t:|1667219253
|move|p2a: Tapu Lele|Focus Blast|p1a: Heatran
|-supereffective|p1a: Heatran
|-damage|p1a: Heatran|28/100
|move|p1a: Heatran|Magma Storm|p2a: Tapu Lele|[miss]
|-miss|p1a: Heatran|p2a: Tapu Lele
|
|-end|p2a: Tapu Lele|move: Future Sight
|-resisted|p2a: Tapu Lele
|-crit|p2a: Tapu Lele
|-damage|p2a: Tapu Lele|8/100
|-heal|p1a: Heatran|34/100|[from] item: Leftovers
|upkeep
|turn|37
|
|t:|1667219266
|move|p2a: Tapu Lele|Focus Blast|p1a: Heatran
|-supereffective|p1a: Heatran
|-damage|p1a: Heatran|0 fnt
|faint|p1a: Heatran
|
|-fieldend|move: Psychic Terrain
|upkeep
|
|t:|1667219269
|switch|p1a: Urshifu|Urshifu-Rapid-Strike, F|100/100
|-damage|p1a: Urshifu|94/100|[from] Stealth Rock
|turn|38
|
|t:|1667219274
|move|p1a: Urshifu|Aqua Jet|p2a: Tapu Lele
|-damage|p2a: Tapu Lele|0 fnt
|faint|p2a: Tapu Lele
|
|upkeep
|
|t:|1667219280
|switch|p2a: Urshifu|Urshifu-Rapid-Strike, M|82/100
|-damage|p2a: Urshifu|76/100|[from] Stealth Rock
|turn|39
|
|t:|1667219293
|move|p2a: Urshifu|Close Combat|p1a: Urshifu
|-damage|p1a: Urshifu|5/100
|-unboost|p2a: Urshifu|def|1
|-unboost|p2a: Urshifu|spd|1
|move|p1a: Urshifu|Close Combat|p2a: Urshifu
|-damage|p2a: Urshifu|0 fnt
|-unboost|p1a: Urshifu|def|1
|-unboost|p1a: Urshifu|spd|1
|faint|p2a: Urshifu
|
|win|OUTD i b alpha
|raw|OUTD i b alpha's rating: 1661 &rarr; <strong>1690</strong><br />(+29 for winning)
|raw|Makuryu's rating: 1829 &rarr; <strong>1800</strong><br />(-29 for losing)
|c|☆OUTD i b alpha|gg
|c|☆Makuryu|gg
|l| Vickyris
||Ladder isn't responding, score probably updated but might not have (Request timeout).
