|j|☆minimax_ai
|j|☆uto RAR
|t:|1665309540
|gametype|singles
|player|p1|minimax_ai|lusamine-nihilego|1490
|player|p2|uto RAR|hilbert|1597
|teamsize|p1|6
|teamsize|p2|6
|gen|8
|tier|[Gen 8] OU
|rated|
|rule|Sleep Clause Mod: Limit one foe put to sleep
|rule|Species Clause: Limit one of each Pokémon
|rule|OHKO Clause: OHKO moves are banned
|rule|Evasion Items Clause: Evasion items are banned
|rule|Evasion Moves Clause: Evasion moves are banned
|rule|Endless Battle Clause: Forcing endless battles is banned
|rule|HP Percentage Mod: HP is shown in percentages
|rule|Dynamax Clause: You cannot dynamax
|clearpoke
|poke|p1|Rotom-Wash|
|poke|p1|Weavile, M|
|poke|p1|Landorus-Therian, M|
|poke|p1|Heatran, M|
|poke|p1|Tangrowth, F|
|poke|p1|Melmetal|
|poke|p2|Tyranitar, M|
|poke|p2|Excadrill, M|
|poke|p2|Buzzwole|
|poke|p2|Ferrothorn, F|
|poke|p2|Tornadus-Therian, M|
|poke|p2|Slowbro, F|
|teampreview
|c|☆minimax_ai|hf
|inactive|Battle timer is ON: inactive players will automatically lose when time's up. (requested by minimax_ai)
|c|☆uto RAR|u2
|inactive|uto RAR has 120 seconds left.
|
|t:|1665309575
|start
|switch|p1a: Tangrowth|Tangrowth, F|100/100
|switch|p2a: Tornadus|Tornadus-Therian, M|100/100
|turn|1
|
|t:|1665309584
|switch|p1a: Heatran|Heatran, M|100/100
|-item|p1a: Heatran|Air Balloon
|move|p2a: Tornadus|Knock Off|p1a: Heatran
|-damage|p1a: Heatran|80/100
|-enditem|p1a: Heatran|Air Balloon
|
|upkeep
|turn|2
|
|t:|1665309592
|move|p2a: Tornadus|U-turn|p1a: Heatran
|-resisted|p1a: Heatran
|-damage|p1a: Heatran|76/100
|
|t:|1665309597
|switch|p2a: Slowbro|Slowbro, F|100/100|[from]move: U-turn
|move|p1a: Heatran|Earth Power|p2a: Slowbro
|-damage|p2a: Slowbro|77/100
|
|upkeep
|turn|3
|
|t:|1665309603
|switch|p1a: Tangrowth|Tangrowth, F|100/100
|move|p2a: Slowbro|Scald|p1a: Tangrowth
|-resisted|p1a: Tangrowth
|-damage|p1a: Tangrowth|82/100
|
|upkeep
|turn|4
|
|t:|1665309611
|move|p1a: Tangrowth|Giga Drain|p2a: Slowbro
|-supereffective|p2a: Slowbro
|-damage|p2a: Slowbro|38/100
|-heal|p1a: Tangrowth|100/100|[from] drain|[of] p2a: Slowbro
|move|p2a: Slowbro|Future Sight|p1a: Tangrowth
|-start|p2a: Slowbro|move: Future Sight
|
|upkeep
|turn|5
|
|t:|1665309615
|switch|p1a: Melmetal|Melmetal|100/100
|switch|p2a: Tornadus|Tornadus-Therian, M|100/100
|
|upkeep
|turn|6
|
|t:|1665309619
|move|p2a: Tornadus|Knock Off|p1a: Melmetal
|-damage|p1a: Melmetal|88/100
|-enditem|p1a: Melmetal|Assault Vest|[from] move: Knock Off|[of] p2a: Tornadus
|move|p1a: Melmetal|Ice Punch|p2a: Tornadus
|-supereffective|p2a: Tornadus
|-damage|p2a: Tornadus|28/100
|
|-end|p1a: Melmetal|move: Future Sight
|-resisted|p1a: Melmetal
|-damage|p1a: Melmetal|73/100
|upkeep
|turn|7
|
|t:|1665309625
|move|p2a: Tornadus|U-turn|p1a: Melmetal
|-resisted|p1a: Melmetal
|-damage|p1a: Melmetal|69/100
|
|t:|1665309628
|switch|p2a: Buzzwole|Buzzwole|100/100|[from]move: U-turn
|move|p1a: Melmetal|Ice Punch|p2a: Buzzwole
|-damage|p2a: Buzzwole|80/100
|-damage|p1a: Melmetal|52/100|[from] item: Rocky Helmet|[of] p2a: Buzzwole
|
|upkeep
|turn|8
|
|t:|1665309634
|switch|p1a: rotomwash|Rotom-Wash|100/100
|move|p2a: Buzzwole|Ice Punch|p1a: rotomwash
|-resisted|p1a: rotomwash
|-damage|p1a: rotomwash|87/100
|
|-heal|p1a: rotomwash|93/100|[from] item: Leftovers
|upkeep
|turn|9
|
|t:|1665309639
|switch|p2a: Ferrothorn|Ferrothorn, F|100/100
|move|p1a: rotomwash|Nasty Plot|p1a: rotomwash
|-boost|p1a: rotomwash|spa|2
|
|-heal|p1a: rotomwash|99/100|[from] item: Leftovers
|upkeep
|turn|10
|
|t:|1665309644
|switch|p1a: Tangrowth|Tangrowth, F|100/100
|move|p2a: Ferrothorn|Leech Seed|p1a: Tangrowth
|-immune|p1a: Tangrowth
|
|upkeep
|turn|11
|
|t:|1665309648
|move|p1a: Tangrowth|Knock Off|p2a: Ferrothorn
|-damage|p2a: Ferrothorn|85/100
|-damage|p1a: Tangrowth|88/100|[from] ability: Iron Barbs|[of] p2a: Ferrothorn
|-enditem|p2a: Ferrothorn|Leftovers|[from] move: Knock Off|[of] p1a: Tangrowth
|move|p2a: Ferrothorn|Stealth Rock|p1a: Tangrowth
|-sidestart|p1: minimax_ai|move: Stealth Rock
|
|upkeep
|turn|12
|
|t:|1665309651
|move|p1a: Tangrowth|Sleep Powder|p2a: Ferrothorn
|-immune|p2a: Ferrothorn
|move|p2a: Ferrothorn|Knock Off|p1a: Tangrowth
|-damage|p1a: Tangrowth|77/100
|-damage|p2a: Ferrothorn|69/100|[from] item: Rocky Helmet|[of] p1a: Tangrowth
|-enditem|p1a: Tangrowth|Rocky Helmet|[from] move: Knock Off|[of] p2a: Ferrothorn
|
|upkeep
|turn|13
|
|t:|1665309657
|move|p1a: Tangrowth|Sleep Powder|p2a: Ferrothorn
|-immune|p2a: Ferrothorn
|move|p2a: Ferrothorn|Knock Off|p1a: Tangrowth
|-crit|p1a: Tangrowth
|-damage|p1a: Tangrowth|66/100
|
|upkeep
|turn|14
|
|t:|1665309659
|move|p1a: Tangrowth|Giga Drain|p2a: Ferrothorn
|-resisted|p2a: Ferrothorn
|-crit|p2a: Ferrothorn
|-damage|p2a: Ferrothorn|62/100
|-heal|p1a: Tangrowth|69/100|[from] drain|[of] p2a: Ferrothorn
|move|p2a: Ferrothorn|Knock Off|p1a: Tangrowth
|-damage|p1a: Tangrowth|61/100
|
|upkeep
|turn|15
|
|t:|1665309662
|move|p1a: Tangrowth|Giga Drain|p2a: Ferrothorn
|-resisted|p2a: Ferrothorn
|-damage|p2a: Ferrothorn|57/100
|-heal|p1a: Tangrowth|63/100|[from] drain|[of] p2a: Ferrothorn
|move|p2a: Ferrothorn|Knock Off|p1a: Tangrowth
|-crit|p1a: Tangrowth
|-damage|p1a: Tangrowth|52/100
|
|upkeep
|turn|16
|
|t:|1665309665
|move|p1a: Tangrowth|Giga Drain|p2a: Ferrothorn
|-resisted|p2a: Ferrothorn
|-damage|p2a: Ferrothorn|52/100
|-heal|p1a: Tangrowth|54/100|[from] drain|[of] p2a: Ferrothorn
|move|p2a: Ferrothorn|Stealth Rock||[still]
|-fail|p2a: Ferrothorn
|
|upkeep
|turn|17
|
|t:|1665309667
|move|p1a: Tangrowth|Giga Drain|p2a: Ferrothorn
|-resisted|p2a: Ferrothorn
|-damage|p2a: Ferrothorn|46/100
|-heal|p1a: Tangrowth|57/100|[from] drain|[of] p2a: Ferrothorn
|move|p2a: Ferrothorn|Knock Off|p1a: Tangrowth
|-damage|p1a: Tangrowth|49/100
|
|upkeep
|turn|18
|
|t:|1665309669
|move|p1a: Tangrowth|Giga Drain|p2a: Ferrothorn
|-resisted|p2a: Ferrothorn
|-damage|p2a: Ferrothorn|41/100
|-heal|p1a: Tangrowth|52/100|[from] drain|[of] p2a: Ferrothorn
|move|p2a: Ferrothorn|Gyro Ball|p1a: Tangrowth
|-damage|p1a: Tangrowth|38/100
|
|upkeep
|turn|19
|
|t:|1665309672
|switch|p2a: Tornadus|Tornadus-Therian, M|61/100
|move|p1a: Tangrowth|Giga Drain|p2a: Tornadus
|-resisted|p2a: Tornadus
|-damage|p2a: Tornadus|47/100
|-heal|p1a: Tangrowth|45/100|[from] drain|[of] p2a: Tornadus
|
|upkeep
|turn|20
|
|t:|1665309677
|switch|p1a: landorustherian|Landorus-Therian, M|100/100
|-damage|p1a: landorustherian|88/100|[from] Stealth Rock
|-ability|p1a: landorustherian|Intimidate|boost
|-unboost|p2a: Tornadus|atk|1
|move|p2a: Tornadus|Toxic|p1a: landorustherian
|-status|p1a: landorustherian|tox
|
|-heal|p1a: landorustherian|94/100 tox|[from] item: Leftovers
|-damage|p1a: landorustherian|88/100 tox|[from] psn
|upkeep
|turn|21
|
|t:|1665309679
|move|p2a: Tornadus|Knock Off|p1a: landorustherian
|-damage|p1a: landorustherian|75/100 tox
|-enditem|p1a: landorustherian|Leftovers|[from] move: Knock Off|[of] p2a: Tornadus
|move|p1a: landorustherian|Defog|p2a: Tornadus
|-unboost|p2a: Tornadus|evasion|1
|-sideend|p1: minimax_ai|Stealth Rock|[from] move: Defog|[of] p1a: landorustherian
|
|-damage|p1a: landorustherian|63/100 tox|[from] psn
|upkeep
|turn|22
|
|t:|1665309685
|switch|p1a: Tangrowth|Tangrowth, F|78/100
|move|p2a: Tornadus|Hurricane|p1a: Tangrowth
|-supereffective|p1a: Tangrowth
|-damage|p1a: Tangrowth|0 fnt
|faint|p1a: Tangrowth
|
|upkeep
|
|t:|1665309685
|switch|p1a: Heatran|Heatran, M|76/100
|turn|23
|
|t:|1665309689
|move|p2a: Tornadus|U-turn|p1a: Heatran
|-resisted|p1a: Heatran
|-damage|p1a: Heatran|74/100
|
|t:|1665309692
|switch|p2a: Slowbro|Slowbro, F|71/100|[from]move: U-turn
|move|p1a: Heatran|Earth Power|p2a: Slowbro
|-crit|p2a: Slowbro
|-damage|p2a: Slowbro|37/100
|
|upkeep
|turn|24
|
|t:|1665309697
|switch|p2a: Tornadus|Tornadus-Therian, M|80/100
|move|p1a: Heatran|Stealth Rock|p2a: Tornadus
|-sidestart|p2: uto RAR|move: Stealth Rock
|
|upkeep
|turn|25
|
|t:|1665309702
|switch|p1a: Weavile|Weavile, M|100/100
|-ability|p1a: Weavile|Pressure
|move|p2a: Tornadus|U-turn|p1a: Weavile
|-supereffective|p1a: Weavile
|-damage|p1a: Weavile|49/100
|
|t:|1665309711
|switch|p2a: Buzzwole|Buzzwole|80/100|[from]move: U-turn
|-damage|p2a: Buzzwole|68/100|[from] Stealth Rock
|
|upkeep
|turn|26
|
|t:|1665309716
|switch|p1a: rotomwash|Rotom-Wash|99/100
|move|p2a: Buzzwole|Close Combat|p1a: rotomwash
|-damage|p1a: rotomwash|32/100
|-unboost|p2a: Buzzwole|def|1
|-unboost|p2a: Buzzwole|spd|1
|
|-heal|p1a: rotomwash|38/100|[from] item: Leftovers
|upkeep
|turn|27
|
|t:|1665309721
|switch|p2a: Ferrothorn|Ferrothorn, F|41/100
|-damage|p2a: Ferrothorn|35/100|[from] Stealth Rock
|move|p1a: rotomwash|Hydro Pump|p2a: Ferrothorn
|-resisted|p2a: Ferrothorn
|-damage|p2a: Ferrothorn|18/100
|
|-heal|p1a: rotomwash|45/100|[from] item: Leftovers
|upkeep
|turn|28
|
|t:|1665309726
|move|p1a: rotomwash|Nasty Plot|p1a: rotomwash
|-boost|p1a: rotomwash|spa|2
|move|p2a: Ferrothorn|Stealth Rock|p1a: rotomwash
|-sidestart|p1: minimax_ai|move: Stealth Rock
|
|-heal|p1a: rotomwash|51/100|[from] item: Leftovers
|upkeep
|turn|29
|
|t:|1665309734
|move|p1a: rotomwash|Hydro Pump|p2a: Ferrothorn|[miss]
|-miss|p1a: rotomwash|p2a: Ferrothorn
|move|p2a: Ferrothorn|Leech Seed|p1a: rotomwash
|-start|p1a: rotomwash|move: Leech Seed
|
|-heal|p1a: rotomwash|57/100|[from] item: Leftovers
|-damage|p1a: rotomwash|45/100|[from] Leech Seed|[of] p2a: Ferrothorn
|-heal|p2a: Ferrothorn|29/100|[silent]
|upkeep
|turn|30
|
|t:|1665309736
|switch|p2a: Slowbro|Slowbro, F|70/100
|move|p1a: rotomwash|Hydro Pump|p2a: Slowbro
|-resisted|p2a: Slowbro
|-damage|p2a: Slowbro|40/100
|
|-heal|p1a: rotomwash|51/100|[from] item: Leftovers
|-damage|p1a: rotomwash|38/100|[from] Leech Seed|[of] p2a: Slowbro
|-heal|p2a: Slowbro|50/100|[silent]
|upkeep
|turn|31
|
|t:|1665309747
|switch|p2a: Ferrothorn|Ferrothorn, F|29/100
|-damage|p2a: Ferrothorn|23/100|[from] Stealth Rock
|move|p1a: rotomwash|Hydro Pump|p2a: Ferrothorn
|-resisted|p2a: Ferrothorn
|-damage|p2a: Ferrothorn|0 fnt
|faint|p2a: Ferrothorn
|
|-heal|p1a: rotomwash|45/100|[from] item: Leftovers
|upkeep
|
|t:|1665309754
|switch|p2a: Tornadus|Tornadus-Therian, M|100/100
|turn|32
|
|t:|1665309757
|move|p2a: Tornadus|Knock Off|p1a: rotomwash
|-damage|p1a: rotomwash|23/100
|-enditem|p1a: rotomwash|Leftovers|[from] move: Knock Off|[of] p2a: Tornadus
|move|p1a: rotomwash|Hydro Pump|p2a: Tornadus
|-damage|p2a: Tornadus|10/100
|
|-damage|p1a: rotomwash|10/100|[from] Leech Seed|[of] p2a: Tornadus
|-heal|p2a: Tornadus|20/100|[silent]
|upkeep
|turn|33
|
|t:|1665309763
|move|p2a: Tornadus|Knock Off|p1a: rotomwash
|-damage|p1a: rotomwash|0 fnt
|faint|p1a: rotomwash
|
|upkeep
|
|t:|1665309763
|switch|p1a: Melmetal|Melmetal|52/100
|-damage|p1a: Melmetal|46/100|[from] Stealth Rock
|turn|34
|
|t:|1665309772
|move|p2a: Tornadus|U-turn|p1a: Melmetal
|-resisted|p1a: Melmetal
|-damage|p1a: Melmetal|42/100
|
|t:|1665309776
|switch|p2a: Slowbro|Slowbro, F|83/100|[from]move: U-turn
|move|p1a: Melmetal|Double Iron Bash|p2a: Slowbro
|-resisted|p2a: Slowbro
|-damage|p2a: Slowbro|69/100
|-resisted|p2a: Slowbro
|-damage|p2a: Slowbro|53/100
|-hitcount|p2a: Slowbro|2
|
|upkeep
|turn|35
|
|t:|1665309780
|move|p1a: Melmetal|Double Iron Bash|p2a: Slowbro
|-resisted|p2a: Slowbro
|-damage|p2a: Slowbro|37/100
|-resisted|p2a: Slowbro
|-crit|p2a: Slowbro
|-damage|p2a: Slowbro|16/100
|-hitcount|p2a: Slowbro|2
|cant|p2a: Slowbro|flinch
|
|upkeep
|turn|36
|
|t:|1665309784
|switch|p2a: Buzzwole|Buzzwole|68/100
|-damage|p2a: Buzzwole|55/100|[from] Stealth Rock
|move|p1a: Melmetal|Double Iron Bash|p2a: Buzzwole
|-crit|p2a: Buzzwole
|-damage|p2a: Buzzwole|16/100
|-damage|p1a: Melmetal|25/100|[from] item: Rocky Helmet|[of] p2a: Buzzwole
|-damage|p2a: Buzzwole|0 fnt
|-damage|p1a: Melmetal|9/100|[from] item: Rocky Helmet|[of] p2a: Buzzwole
|faint|p2a: Buzzwole
|-hitcount|p2: Buzzwole|2
|
|upkeep
|
|t:|1665309789
|switch|p2a: Excadrill|Excadrill, M|100/100
|-damage|p2a: Excadrill|97/100|[from] Stealth Rock
|turn|37
|
|t:|1665309791
|move|p2a: Excadrill|Iron Head|p1a: Melmetal
|-resisted|p1a: Melmetal
|-damage|p1a: Melmetal|0 fnt
|faint|p1a: Melmetal
|
|-heal|p2a: Excadrill|100/100|[from] item: Leftovers
|upkeep
|
|t:|1665309791
|switch|p1a: Weavile|Weavile, M|49/100
|-damage|p1a: Weavile|24/100|[from] Stealth Rock
|-ability|p1a: Weavile|Pressure
|turn|38
|
|t:|1665309805
|switch|p2a: Slowbro|Slowbro, F|49/100
|move|p1a: Weavile|Knock Off|p2a: Slowbro
|-supereffective|p2a: Slowbro
|-damage|p2a: Slowbro|0 fnt
|-enditem|p2a: Slowbro|Heavy-Duty Boots|[from] move: Knock Off|[of] p1a: Weavile
|faint|p2a: Slowbro
|
|upkeep
|
|t:|1665309807
|switch|p2a: Tyranitar|Tyranitar, M|100/100
|-damage|p2a: Tyranitar|88/100|[from] Stealth Rock
|-weather|Sandstorm|[from] ability: Sand Stream|[of] p2a: Tyranitar
|turn|39
|
|t:|1665309810
|move|p1a: Weavile|Knock Off|p2a: Tyranitar
|-resisted|p2a: Tyranitar
|-damage|p2a: Tyranitar|58/100
|-enditem|p2a: Tyranitar|Choice Band|[from] move: Knock Off|[of] p1a: Weavile
|move|p2a: Tyranitar|Crunch|p1a: Weavile
|-resisted|p1a: Weavile
|-damage|p1a: Weavile|0 fnt
|faint|p1a: Weavile
|
|-weather|Sandstorm|[upkeep]
|upkeep
|
|t:|1665309810
|switch|p1a: Heatran|Heatran, M|74/100
|-damage|p1a: Heatran|61/100|[from] Stealth Rock
|turn|40
|
|t:|1665309814
|move|p1a: Heatran|Magma Storm|p2a: Tyranitar
|-resisted|p2a: Tyranitar
|-damage|p2a: Tyranitar|42/100
|-activate|p2a: Tyranitar|move: Magma Storm|[of] p1a: Heatran
|move|p2a: Tyranitar|Crunch|p1a: Heatran
|-crit|p1a: Heatran
|-damage|p1a: Heatran|0 fnt
|faint|p1a: Heatran
|
|-weather|Sandstorm|[upkeep]
|-end|p2a: Tyranitar|Magma Storm|[partiallytrapped]|[silent]
|upkeep
|
|t:|1665309814
|switch|p1a: landorustherian|Landorus-Therian, M|63/100 tox
|-damage|p1a: landorustherian|51/100 tox|[from] Stealth Rock
|-ability|p1a: landorustherian|Intimidate|boost
|-unboost|p2a: Tyranitar|atk|1
|turn|41
|
|t:|1665309822
|move|p2a: Tyranitar|Crunch|p1a: landorustherian
|-damage|p1a: landorustherian|23/100 tox
|move|p1a: landorustherian|Earthquake|p2a: Tyranitar
|-supereffective|p2a: Tyranitar
|-damage|p2a: Tyranitar|0 fnt
|faint|p2a: Tyranitar
|
|-weather|Sandstorm|[upkeep]
|-damage|p1a: landorustherian|17/100 tox|[from] psn
|upkeep
|
|t:|1665309825
|switch|p2a: Excadrill|Excadrill, M|100/100
|-damage|p2a: Excadrill|97/100|[from] Stealth Rock
|turn|42
|
|t:|1665309827
|move|p2a: Excadrill|Iron Head|p1a: landorustherian
|-damage|p1a: landorustherian|0 fnt
|faint|p1a: landorustherian
|
|win|uto RAR
|raw|minimax_ai's rating: 1490 &rarr; <strong>1476</strong><br />(-14 for losing)
|raw|uto RAR's rating: 1597 &rarr; <strong>1611</strong><br />(+14 for winning)
|c|☆minimax_ai|gg
