|raw|<div class="broadcast-blue"><strong>This battle is required to be public due to a player having a name starting with 'lt92pf'.</div>
|j|☆stunfisk2140
|j|☆LT92PF Homerchu
|t:|1659867599
|gametype|singles
|player|p1|stunfisk2140|169|1638
|player|p2|LT92PF Homerchu|pokekid|1882
|teamsize|p1|6
|teamsize|p2|6
|gen|8
|tier|[Gen 8] OU
|rated|
|rule|Sleep Clause Mod: Limit one foe put to sleep
|rule|Species Clause: Limit one of each Pokémon
|rule|OHKO Clause: OHKO moves are banned
|rule|Evasion Items Clause: Evasion items are banned
|rule|Evasion Moves Clause: Evasion moves are banned
|rule|Endless Battle Clause: Forcing endless battles is banned
|rule|HP Percentage Mod: HP is shown in percentages
|rule|Dynamax Clause: You cannot dynamax
|clearpoke
|poke|p1|Mew|
|poke|p1|Weavile, M|
|poke|p1|Blaziken, F|
|poke|p1|Garchomp, F|
|poke|p1|Ninetales-Alola, F|
|poke|p1|Celesteela|
|poke|p2|Venusaur, M|
|poke|p2|Victini|
|poke|p2|Darmanitan, M|
|poke|p2|Torkoal, M|
|poke|p2|Mandibuzz, F|
|poke|p2|Garchomp, F|
|teampreview
|inactive|Battle timer is ON: inactive players will automatically lose when time's up. (requested by stunfisk2140)
|
|t:|1659867606
|start
|switch|p1a: Mew|Mew|100/100
|switch|p2a: Torkoal|Torkoal, M|100/100
|-weather|SunnyDay|[from] ability: Drought|[of] p2a: Torkoal
|turn|1
|
|t:|1659867610
|move|p1a: Mew|Taunt|p2a: Torkoal
|-start|p2a: Torkoal|move: Taunt
|move|p2a: Torkoal|Weather Ball|p1a: Mew
|-crit|p1a: Mew
|-damage|p1a: Mew|29/100
|
|-weather|SunnyDay|[upkeep]
|upkeep
|turn|2
|
|t:|1659867613
|move|p1a: Mew|Stealth Rock|p2a: Torkoal
|-sidestart|p2: LT92PF Homerchu|move: Stealth Rock
|move|p2a: Torkoal|Rapid Spin|p1a: Mew
|-damage|p1a: Mew|21/100
|-boost|p2a: Torkoal|spe|1
|-sideend|p2: LT92PF Homerchu|Stealth Rock|[from] move: Rapid Spin|[of] p2a: Torkoal
|
|-weather|SunnyDay|[upkeep]
|upkeep
|turn|3
|
|t:|1659867619
|move|p1a: Mew|Stealth Rock|p2a: Torkoal
|-sidestart|p2: LT92PF Homerchu|move: Stealth Rock
|move|p2a: Torkoal|Rapid Spin|p1a: Mew
|-damage|p1a: Mew|12/100
|-boost|p2a: Torkoal|spe|1
|-sideend|p2: LT92PF Homerchu|Stealth Rock|[from] move: Rapid Spin|[of] p2a: Torkoal
|
|-weather|SunnyDay|[upkeep]
|-end|p2a: Torkoal|move: Taunt
|upkeep
|turn|4
|
|t:|1659867624
|move|p1a: Mew|Stealth Rock|p2a: Torkoal
|-sidestart|p2: LT92PF Homerchu|move: Stealth Rock
|move|p2a: Torkoal|Rapid Spin|p1a: Mew
|-damage|p1a: Mew|4/100
|-boost|p2a: Torkoal|spe|1
|-sideend|p2: LT92PF Homerchu|Stealth Rock|[from] move: Rapid Spin|[of] p2a: Torkoal
|
|-weather|SunnyDay|[upkeep]
|upkeep
|turn|5
|
|t:|1659867627
|move|p1a: Mew|Thunder Wave|p2a: Torkoal
|-status|p2a: Torkoal|par
|cant|p2a: Torkoal|par
|
|-weather|SunnyDay|[upkeep]
|upkeep
|turn|6
|
|t:|1659867629
|move|p1a: Mew|Stealth Rock|p2a: Torkoal
|-sidestart|p2: LT92PF Homerchu|move: Stealth Rock
|move|p2a: Torkoal|Rapid Spin|p1a: Mew
|-damage|p1a: Mew|0 fnt
|-boost|p2a: Torkoal|spe|1
|-sideend|p2: LT92PF Homerchu|Stealth Rock|[from] move: Rapid Spin|[of] p2a: Torkoal
|faint|p1a: Mew
|
|-weather|SunnyDay|[upkeep]
|upkeep
|
|t:|1659867634
|switch|p1a: Garchomp|Garchomp, F|100/100
|turn|7
|
|t:|1659867637
|switch|p2a: Mandibuzz|Mandibuzz, F, shiny|100/100
|move|p1a: Garchomp|Swords Dance|p1a: Garchomp
|-boost|p1a: Garchomp|atk|2
|
|-weather|SunnyDay|[upkeep]
|upkeep
|turn|8
|
|t:|1659867641
|switch|p1a: Ninetales|Ninetales-Alola, F|100/100
|-weather|Hail|[from] ability: Snow Warning|[of] p1a: Ninetales
|move|p2a: Mandibuzz|Foul Play|p1a: Ninetales
|-resisted|p1a: Ninetales
|-damage|p1a: Ninetales|87/100
|
|-weather|Hail|[upkeep]
|upkeep
|turn|9
|
|t:|1659867651
|switch|p1a: Garchomp|Garchomp, F|100/100
|switch|p2a: Torkoal|Torkoal, M|100/100 par
|-weather|SunnyDay|[from] ability: Drought|[of] p2a: Torkoal
|
|-weather|SunnyDay|[upkeep]
|upkeep
|turn|10
|
|t:|1659867661
|switch|p2a: Mandibuzz|Mandibuzz, F, shiny|100/100
|move|p1a: Garchomp|Earthquake|p2a: Mandibuzz
|-immune|p2a: Mandibuzz
|
|-weather|SunnyDay|[upkeep]
|upkeep
|turn|11
|
|t:|1659867675
|switch|p1a: Ninetales|Ninetales-Alola, F|87/100
|-weather|Hail|[from] ability: Snow Warning|[of] p1a: Ninetales
|move|p2a: Mandibuzz|Toxic|p1a: Ninetales
|-status|p1a: Ninetales|tox
|
|-weather|Hail|[upkeep]
|-damage|p1a: Ninetales|81/100 tox|[from] psn
|upkeep
|turn|12
|
|t:|1659867679
|switch|p2a: Torkoal|Torkoal, M|100/100 par
|-weather|SunnyDay|[from] ability: Drought|[of] p2a: Torkoal
|move|p1a: Ninetales|Blizzard|p2a: Torkoal
|-resisted|p2a: Torkoal
|-damage|p2a: Torkoal|72/100 par
|
|-weather|SunnyDay|[upkeep]
|-damage|p1a: Ninetales|69/100 tox|[from] psn
|upkeep
|turn|13
|
|t:|1659867693
|switch|p1a: Blaziken|Blaziken, F|100/100
|-item|p1a: Blaziken|Air Balloon
|move|p2a: Torkoal|Weather Ball|p1a: Blaziken
|-resisted|p1a: Blaziken
|-damage|p1a: Blaziken|59/100
|-enditem|p1a: Blaziken|Air Balloon
|
|-weather|SunnyDay|[upkeep]
|upkeep
|turn|14
|
|t:|1659867697
|move|p1a: Blaziken|Swords Dance|p1a: Blaziken
|-boost|p1a: Blaziken|atk|2
|move|p2a: Torkoal|Earth Power|p1a: Blaziken
|-supereffective|p1a: Blaziken
|-damage|p1a: Blaziken|0 fnt
|faint|p1a: Blaziken
|
|-weather|SunnyDay|[upkeep]
|upkeep
|
|t:|1659867709
|switch|p1a: Garchomp|Garchomp, F|100/100
|turn|15
|
|t:|1659867715
|switch|p1a: Celesteela|Celesteela|100/100
|switch|p2a: Mandibuzz|Mandibuzz, F, shiny|100/100
|
|-weather|SunnyDay|[upkeep]
|upkeep
|turn|16
|
|t:|1659867717
|switch|p2a: Victini|Victini|100/100
|move|p1a: Celesteela|Autotomize|p1a: Celesteela
|-boost|p1a: Celesteela|spe|2
|-start|p1a: Celesteela|Autotomize
|
|-weather|SunnyDay|[upkeep]
|upkeep
|turn|17
|
|t:|1659867723
|move|p1a: Celesteela|Meteor Beam||[still]
|-prepare|p1a: Celesteela|Meteor Beam
|-boost|p1a: Celesteela|spa|1
|-enditem|p1a: Celesteela|Power Herb
|-anim|p1a: Celesteela|Meteor Beam|p2a: Victini
|-supereffective|p2a: Victini
|-damage|p2a: Victini|0 fnt
|faint|p2a: Victini
|-ability|p1a: Celesteela|Beast Boost|boost
|-boost|p1a: Celesteela|spa|1
|
|-weather|SunnyDay|[upkeep]
|upkeep
|
|t:|1659867738
|switch|p2a: Venusaur|Venusaur, M, shiny|100/100
|turn|18
|
|t:|1659867741
|switch|p1a: Ninetales|Ninetales-Alola, F|69/100 tox
|-weather|Hail|[from] ability: Snow Warning|[of] p1a: Ninetales
|move|p2a: Venusaur|Weather Ball|p1a: Ninetales
|-resisted|p1a: Ninetales
|-damage|p1a: Ninetales|45/100 tox
|-damage|p2a: Venusaur|91/100|[from] item: Life Orb
|
|-weather|Hail|[upkeep]
|-damage|p2a: Venusaur|85/100|[from] Hail
|-damage|p1a: Ninetales|40/100 tox|[from] psn
|upkeep
|turn|19
|
|t:|1659867747
|switch|p1a: Garchomp|Garchomp, F|100/100
|switch|p2a: Torkoal|Torkoal, M|72/100 par
|-weather|SunnyDay|[from] ability: Drought|[of] p2a: Torkoal
|
|-weather|SunnyDay|[upkeep]
|upkeep
|turn|20
|
|t:|1659867756
|switch|p1a: Weavile|Weavile, M|100/100
|-ability|p1a: Weavile|Pressure
|switch|p2a: Mandibuzz|Mandibuzz, F, shiny|100/100
|
|-weather|SunnyDay|[upkeep]
|upkeep
|turn|21
|
|t:|1659867764
|move|p1a: Weavile|Swords Dance|p1a: Weavile
|-boost|p1a: Weavile|atk|2
|move|p2a: Mandibuzz|Foul Play|p1a: Weavile
|-resisted|p1a: Weavile
|-damage|p1a: Weavile|6/100
|
|-weather|SunnyDay|[upkeep]
|upkeep
|turn|22
|
|t:|1659867776
|move|p1a: Weavile|Triple Axel|p2a: Mandibuzz
|-supereffective|p2a: Mandibuzz
|-damage|p2a: Mandibuzz|66/100
|-damage|p1a: Weavile|0 fnt|[from] item: Rocky Helmet|[of] p2a: Mandibuzz
|faint|p1a: Weavile
|-hitcount|p2a: Mandibuzz|1
|move|p2a: Mandibuzz|Roost|p2a: Mandibuzz
|-heal|p2a: Mandibuzz|100/100
|-singleturn|p2a: Mandibuzz|move: Roost
|
|-weather|SunnyDay|[upkeep]
|upkeep
|
|t:|1659867781
|switch|p1a: Ninetales|Ninetales-Alola, F|40/100 tox
|-weather|Hail|[from] ability: Snow Warning|[of] p1a: Ninetales
|turn|23
|
|t:|1659867788
|switch|p2a: Torkoal|Torkoal, M|72/100 par
|-weather|SunnyDay|[from] ability: Drought|[of] p2a: Torkoal
|move|p1a: Ninetales|Blizzard|p2a: Torkoal
|-resisted|p2a: Torkoal
|-damage|p2a: Torkoal|45/100 par
|
|-weather|SunnyDay|[upkeep]
|-damage|p1a: Ninetales|34/100 tox|[from] psn
|upkeep
|turn|24
|
|t:|1659867799
|switch|p1a: Garchomp|Garchomp, F|100/100
|switch|p2a: Dhar Mann|Darmanitan, M, shiny|100/100
|
|-weather|SunnyDay|[upkeep]
|upkeep
|turn|25
|
|t:|1659867803
|switch|p2a: Mandibuzz|Mandibuzz, F, shiny|100/100
|move|p1a: Garchomp|Earthquake|p2a: Mandibuzz
|-immune|p2a: Mandibuzz
|
|-weather|SunnyDay|[upkeep]
|upkeep
|turn|26
|
|t:|1659867806
|switch|p1a: Celesteela|Celesteela|100/100
|move|p2a: Mandibuzz|Toxic|p1a: Celesteela
|-immune|p1a: Celesteela
|
|-weather|SunnyDay|[upkeep]
|upkeep
|turn|27
|
|t:|1659867812
|switch|p2a: Dhar Mann|Darmanitan, M, shiny|100/100
|move|p1a: Celesteela|Autotomize|p1a: Celesteela
|-boost|p1a: Celesteela|spe|2
|-start|p1a: Celesteela|Autotomize
|
|-weather|SunnyDay|[upkeep]
|upkeep
|turn|28
|
|t:|1659867815
|move|p1a: Celesteela|Air Slash|p2a: Dhar Mann
|-damage|p2a: Dhar Mann|45/100
|cant|p2a: Dhar Mann|flinch
|
|-weather|SunnyDay|[upkeep]
|upkeep
|turn|29
|
|t:|1659867820
|move|p1a: Celesteela|Air Slash|p2a: Dhar Mann
|-damage|p2a: Dhar Mann|0 fnt
|faint|p2a: Dhar Mann
|-ability|p1a: Celesteela|Beast Boost|boost
|-boost|p1a: Celesteela|spa|1
|
|-weather|SunnyDay|[upkeep]
|upkeep
|
|t:|1659867822
|switch|p2a: Venusaur|Venusaur, M, shiny|85/100
|turn|30
|
|t:|1659867831
|switch|p1a: Garchomp|Garchomp, F|100/100
|move|p2a: Venusaur|Weather Ball|p1a: Garchomp
|-resisted|p1a: Garchomp
|-damage|p1a: Garchomp|64/100
|-damage|p2a: Venusaur|75/100|[from] item: Life Orb
|
|-weather|none
|-heal|p1a: Garchomp|71/100|[from] item: Leftovers
|upkeep
|turn|31
|
|t:|1659867836
|switch|p1a: Ninetales|Ninetales-Alola, F|34/100 tox
|-weather|Hail|[from] ability: Snow Warning|[of] p1a: Ninetales
|switch|p2a: Mandibuzz|Mandibuzz, F, shiny|100/100
|
|-weather|Hail|[upkeep]
|-damage|p1a: Ninetales|28/100 tox|[from] psn
|upkeep
|turn|32
|
|t:|1659867843
|move|p1a: Ninetales|Blizzard|p2a: Mandibuzz
|-supereffective|p2a: Mandibuzz
|-damage|p2a: Mandibuzz|25/100
|-status|p2a: Mandibuzz|frz
|cant|p2a: Mandibuzz|frz
|
|-weather|Hail|[upkeep]
|-damage|p1a: Ninetales|16/100 tox|[from] psn
|upkeep
|turn|33
|c|☆LT92PF Homerchu|bro
|
|t:|1659867856
|switch|p1a: Garchomp|Garchomp, F|71/100
|cant|p2a: Mandibuzz|frz
|
|-weather|Hail|[upkeep]
|-damage|p1a: Garchomp|64/100|[from] Hail
|-heal|p1a: Garchomp|71/100|[from] item: Leftovers
|upkeep
|turn|34
|
|t:|1659867862
|move|p1a: Garchomp|Scale Shot|p2a: Mandibuzz
|-damage|p2a: Mandibuzz|17/100 frz
|-damage|p2a: Mandibuzz|10/100 frz
|-damage|p2a: Mandibuzz|2/100 frz
|-damage|p2a: Mandibuzz|0 fnt
|faint|p2a: Mandibuzz
|-hitcount|p2: Mandibuzz|4
|-unboost|p1a: Garchomp|def|1
|-boost|p1a: Garchomp|spe|1
|
|-weather|Hail|[upkeep]
|-damage|p1a: Garchomp|64/100|[from] Hail
|-heal|p1a: Garchomp|71/100|[from] item: Leftovers
|upkeep
|
|t:|1659867870
|switch|p2a: Garchomp|Garchomp, F|100/100
|turn|35
|
|t:|1659867876
|move|p1a: Garchomp|Scale Shot|p2a: Garchomp
|-supereffective|p2a: Garchomp
|-damage|p2a: Garchomp|74/100
|-supereffective|p2a: Garchomp
|-damage|p2a: Garchomp|48/100
|-supereffective|p2a: Garchomp
|-damage|p2a: Garchomp|23/100
|-supereffective|p2a: Garchomp
|-damage|p2a: Garchomp|0 fnt
|faint|p2a: Garchomp
|-hitcount|p2: Garchomp|4
|-unboost|p1a: Garchomp|def|1
|-boost|p1a: Garchomp|spe|1
|
|-weather|none
|-heal|p1a: Garchomp|77/100|[from] item: Leftovers
|upkeep
|c|☆LT92PF Homerchu|are you fucking serious
|-message|LT92PF Homerchu forfeited.
|
|win|stunfisk2140
|raw|stunfisk2140's rating: 1638 &rarr; <strong>1670</strong><br />(+32 for winning)
|raw|LT92PF Homerchu's rating: 1882 &rarr; <strong>1850</strong><br />(-32 for losing)
|c|☆stunfisk2140|yes
|c|☆stunfisk2140|GG
|c|☆LT92PF Homerchu|stfu
|c|☆LT92PF Homerchu|im pissed ok
|c|☆stunfisk2140|:0
|c|☆stunfisk2140|sorry
