|j|☆Tirkys
|j|☆snakeswan
|t:|1607834146
|player|p1|Tirkys|hilda-dueldisk|1506
|player|p2|snakeswan|262|1464
|teamsize|p1|6
|teamsize|p2|6
|gametype|singles
|gen|8
|tier|[Gen 8] OU
|rated|
|clearpoke
|poke|p1|Volcarona, M|
|poke|p1|Quagsire, M|
|poke|p1|Xatu, M|
|poke|p1|Mienshao, M|
|poke|p1|Bronzong|
|poke|p1|Ninetales-Alola, M|
|poke|p2|Urshifu-*, M|
|poke|p2|Slowking, F|
|poke|p2|Magearna|
|poke|p2|Toxapex, M|
|poke|p2|Mandibuzz, F|
|poke|p2|Landorus-Therian, M|
|rule|Sleep Clause Mod: Limit one foe put to sleep
|rule|Species Clause: Limit one of each Pokémon
|rule|OHKO Clause: OHKO moves are banned
|rule|Evasion Moves Clause: Evasion moves are banned
|rule|Endless Battle Clause: Forcing endless battles is banned
|rule|HP Percentage Mod: HP is shown in percentages
|rule|Dynamax Clause: You cannot dynamax
|teampreview
|inactive|Battle timer is ON: inactive players will automatically lose when time's up. (requested by Tirkys)
|
|t:|1607834178
|start
|switch|p1a: WhiteAlbum|Ninetales-Alola, M|100/100
|switch|p2a: Magearna|Magearna|100/100
|-weather|Hail|[from] ability: Snow Warning|[of] p1a: WhiteAlbum
|turn|1
|c|☆snakeswan|back in the ussr
|l|☆Tirkys
|inactive|Tirkys disconnected and has a minute to reconnect!
|player|p1|
|j|☆Tirkys
|inactive|Tirkys reconnected and has 125 seconds left.
|player|p1|Tirkys|hilda-dueldisk
|inactive|Tirkys has 120 seconds left.
|inactive|snakeswan has 120 seconds left.
|
|t:|1607834216
|switch|p1a: Metallica|Bronzong|100/100
|move|p2a: Magearna|Aura Sphere|p1a: Metallica
|-damage|p1a: Metallica|68/100
|
|-weather|Hail|[upkeep]
|-damage|p2a: Magearna|94/100|[from] Hail
|-damage|p1a: Metallica|61/100|[from] Hail
|upkeep
|turn|2
|inactive|snakeswan has 120 seconds left.
|
|t:|1607834224
|switch|p2a: Toxapex|Toxapex, M|100/100
|move|p1a: Metallica|Stealth Rock|p2a: Toxapex
|-sidestart|p2: snakeswan|move: Stealth Rock
|
|-weather|Hail|[upkeep]
|-damage|p2a: Toxapex|95/100|[from] Hail
|-damage|p1a: Metallica|55/100|[from] Hail
|upkeep
|turn|3
|
|t:|1607834230
|switch|p1a: ManInTheMirror|Xatu, M|100/100
|move|p2a: Toxapex|Toxic Spikes|p1a: ManInTheMirror
|move|p1a: ManInTheMirror|Toxic Spikes|p2a: Toxapex|[from]ability: Magic Bounce
|-sidestart|p2: snakeswan|move: Toxic Spikes
|
|-weather|Hail|[upkeep]
|-damage|p1a: ManInTheMirror|94/100|[from] Hail
|-damage|p2a: Toxapex|89/100|[from] Hail
|upkeep
|turn|4
|
|t:|1607834236
|switch|p2a: Magearna|Magearna|94/100
|-damage|p2a: Magearna|88/100|[from] Stealth Rock
|move|p1a: ManInTheMirror|Heat Wave|p2a: Magearna
|-supereffective|p2a: Magearna
|-damage|p2a: Magearna|47/100
|
|-weather|Hail|[upkeep]
|-damage|p1a: ManInTheMirror|88/100|[from] Hail
|-damage|p2a: Magearna|41/100|[from] Hail
|upkeep
|turn|5
|
|t:|1607834240
|switch|p1a: Magician'sRed|Volcarona, M|100/100
|switch|p2a: Toxapex|Toxapex, M|100/100
|-sideend|p2: snakeswan|move: Toxic Spikes|[of] p2a: Toxapex
|-damage|p2a: Toxapex|88/100|[from] Stealth Rock
|
|-weather|none
|upkeep
|turn|6
|
|t:|1607834244
|switch|p1a: ManInTheMirror|Xatu, M|88/100
|move|p2a: Toxapex|Knock Off|p1a: ManInTheMirror
|-supereffective|p1a: ManInTheMirror
|-damage|p1a: ManInTheMirror|44/100
|-damage|p2a: Toxapex|72/100|[from] item: Rocky Helmet|[of] p1a: ManInTheMirror
|-enditem|p1a: ManInTheMirror|Rocky Helmet|[from] move: Knock Off|[of] p2a: Toxapex
|
|upkeep
|turn|7
|
|t:|1607834249
|switch|p2a: Mandibuzz|Mandibuzz, F|100/100
|move|p1a: ManInTheMirror|Roost|p1a: ManInTheMirror
|-heal|p1a: ManInTheMirror|94/100
|-singleturn|p1a: ManInTheMirror|move: Roost
|
|upkeep
|turn|8
|
|t:|1607834252
|switch|p1a: TheWorld|Mienshao, M|100/100
|move|p2a: Mandibuzz|U-turn|p1a: TheWorld
|-resisted|p1a: TheWorld
|-crit|p1a: TheWorld
|-damage|p1a: TheWorld|83/100
|
|t:|1607834256
|switch|p2a: Toxapex|Toxapex, M|100/100|[from]move: U-turn
|-damage|p2a: Toxapex|88/100|[from] Stealth Rock
|
|upkeep
|turn|9
|
|t:|1607834265
|move|p1a: TheWorld|Knock Off|p2a: Toxapex
|-damage|p2a: Toxapex|68/100
|-damage|p1a: TheWorld|66/100|[from] item: Rocky Helmet|[of] p2a: Toxapex
|-enditem|p2a: Toxapex|Rocky Helmet|[from] move: Knock Off|[of] p1a: TheWorld
|move|p2a: Toxapex|Knock Off|p1a: TheWorld
|-resisted|p1a: TheWorld
|-damage|p1a: TheWorld|51/100
|-enditem|p1a: TheWorld|Assault Vest|[from] move: Knock Off|[of] p2a: Toxapex
|
|upkeep
|turn|10
|
|t:|1607834281
|switch|p2a: Slowking|Slowking, F|100/100
|move|p1a: TheWorld|U-turn|p2a: Slowking
|-supereffective|p2a: Slowking
|-damage|p2a: Slowking|51/100
|
|t:|1607834286
|switch|p1a: WhiteAlbum|Ninetales-Alola, M|100/100|[from]move: U-turn
|-weather|Hail|[from] ability: Snow Warning|[of] p1a: WhiteAlbum
|
|-weather|Hail|[upkeep]
|-damage|p2a: Slowking|45/100|[from] Hail
|upkeep
|turn|11
|
|t:|1607834292
|switch|p2a: Magearna|Magearna|41/100
|-damage|p2a: Magearna|35/100|[from] Stealth Rock
|move|p1a: WhiteAlbum|Freeze-Dry|p2a: Magearna
|-resisted|p2a: Magearna
|-damage|p2a: Magearna|22/100
|
|-weather|Hail|[upkeep]
|-damage|p2a: Magearna|16/100|[from] Hail
|upkeep
|turn|12
|
|t:|1607834298
|switch|p1a: Magician'sRed|Volcarona, M|100/100
|move|p2a: Magearna|Fleur Cannon|p1a: Magician'sRed
|-resisted|p1a: Magician'sRed
|-damage|p1a: Magician'sRed|57/100
|-unboost|p2a: Magearna|spa|2
|
|-weather|Hail|[upkeep]
|-damage|p1a: Magician'sRed|51/100|[from] Hail
|-damage|p2a: Magearna|10/100|[from] Hail
|-heal|p1a: Magician'sRed|57/100|[from] item: Leftovers
|upkeep
|turn|13
|
|t:|1607834305
|switch|p2a: Toxapex|Toxapex, M|100/100
|-damage|p2a: Toxapex|88/100|[from] Stealth Rock
|move|p1a: Magician'sRed|Roost|p1a: Magician'sRed
|-heal|p1a: Magician'sRed|100/100
|-singleturn|p1a: Magician'sRed|move: Roost
|
|-weather|Hail|[upkeep]
|-damage|p1a: Magician'sRed|94/100|[from] Hail
|-damage|p2a: Toxapex|82/100|[from] Hail
|-heal|p1a: Magician'sRed|100/100|[from] item: Leftovers
|upkeep
|turn|14
|
|t:|1607834309
|switch|p1a: ManInTheMirror|Xatu, M|94/100
|move|p2a: Toxapex|Knock Off|p1a: ManInTheMirror
|-supereffective|p1a: ManInTheMirror
|-damage|p1a: ManInTheMirror|67/100
|
|-weather|none
|upkeep
|turn|15
|
|t:|1607834313
|move|p1a: ManInTheMirror|Heat Wave|p2a: Toxapex
|-resisted|p2a: Toxapex
|-damage|p2a: Toxapex|73/100
|move|p2a: Toxapex|Knock Off|p1a: ManInTheMirror
|-supereffective|p1a: ManInTheMirror
|-damage|p1a: ManInTheMirror|36/100
|
|upkeep
|turn|16
|
|t:|1607834320
|switch|p2a: Urshifu|Urshifu, M|100/100
|-damage|p2a: Urshifu|94/100|[from] Stealth Rock
|move|p1a: ManInTheMirror|Roost|p1a: ManInTheMirror
|-heal|p1a: ManInTheMirror|86/100
|-singleturn|p1a: ManInTheMirror|move: Roost
|
|upkeep
|turn|17
|
|t:|1607834328
|switch|p1a: Magician'sRed|Volcarona, M|100/100
|move|p2a: Urshifu|Wicked Blow|p1a: Magician'sRed
|-crit|p1a: Magician'sRed
|-damage|p1a: Magician'sRed|22/100
|
|-heal|p1a: Magician'sRed|28/100|[from] item: Leftovers
|upkeep
|turn|18
|
|t:|1607834337
|switch|p2a: Landorus|Landorus-Therian, M|100/100
|-damage|p2a: Landorus|88/100|[from] Stealth Rock
|-ability|p2a: Landorus|Intimidate|boost
|-unboost|p1a: Magician'sRed|atk|1
|move|p1a: Magician'sRed|Roost|p1a: Magician'sRed
|-heal|p1a: Magician'sRed|78/100
|-singleturn|p1a: Magician'sRed|move: Roost
|
|-heal|p1a: Magician'sRed|84/100|[from] item: Leftovers
|upkeep
|turn|19
|
|t:|1607834348
|switch|p1a: TheWorld|Mienshao, M|85/100
|move|p2a: Landorus|Stealth Rock|p1a: TheWorld
|-sidestart|p1: Tirkys|move: Stealth Rock
|
|upkeep
|turn|20
|
|t:|1607834350
|switch|p2a: Toxapex|Toxapex, M|100/100
|-damage|p2a: Toxapex|88/100|[from] Stealth Rock
|move|p1a: TheWorld|Knock Off|p2a: Toxapex
|-damage|p2a: Toxapex|75/100
|
|upkeep
|turn|21
|
|t:|1607834357
|move|p1a: TheWorld|U-turn|p2a: Toxapex
|-resisted|p2a: Toxapex
|-crit|p2a: Toxapex
|-damage|p2a: Toxapex|64/100
|
|t:|1607834359
|switch|p1a: StarPlatinum|Quagsire, M, shiny|100/100|[from]move: U-turn
|-damage|p1a: StarPlatinum|94/100|[from] Stealth Rock
|move|p2a: Toxapex|Knock Off|p1a: StarPlatinum
|-damage|p1a: StarPlatinum|85/100
|-enditem|p1a: StarPlatinum|Leftovers|[from] move: Knock Off|[of] p2a: Toxapex
|
|upkeep
|turn|22
|
|t:|1607834362
|move|p2a: Toxapex|Toxic Spikes|p1a: StarPlatinum
|-sidestart|p1: Tirkys|move: Toxic Spikes
|move|p1a: StarPlatinum|Scald|p2a: Toxapex
|-resisted|p2a: Toxapex
|-damage|p2a: Toxapex|55/100
|-status|p2a: Toxapex|brn
|
|-damage|p2a: Toxapex|49/100 brn|[from] brn
|upkeep
|turn|23
|
|t:|1607834369
|move|p1a: StarPlatinum|Scald|p2a: Toxapex
|-resisted|p2a: Toxapex
|-damage|p2a: Toxapex|41/100 brn
|move|p2a: Toxapex|Recover|p2a: Toxapex
|-heal|p2a: Toxapex|92/100 brn
|
|-damage|p2a: Toxapex|86/100 brn|[from] brn
|upkeep
|turn|24
|
|t:|1607834375
|switch|p2a: Slowking|Slowking, F|78/100
|switch|p1a: Metallica|Bronzong|55/100
|-damage|p1a: Metallica|49/100|[from] Stealth Rock
|
|upkeep
|turn|25
|
|t:|1607834380
|move|p1a: Metallica|Trick|p2a: Slowking
|-activate|p1a: Metallica|move: Trick|[of] p2a: Slowking
|-item|p2a: Slowking|Toxic Orb|[from] move: Trick
|-item|p1a: Metallica|Heavy-Duty Boots|[from] move: Trick
|move|p2a: Slowking|Scald|p1a: Metallica
|-damage|p1a: Metallica|30/100
|-status|p1a: Metallica|brn
|
|-damage|p1a: Metallica|27/100 brn|[from] brn
|-status|p2a: Slowking|tox|[from] item: Toxic Orb
|upkeep
|turn|26
|
|t:|1607834385
|move|p1a: Metallica|Rest|p1a: Metallica
|-status|p1a: Metallica|slp|[from] move: Rest
|-heal|p1a: Metallica|100/100 slp|[silent]
|move|p2a: Slowking|Teleport|p2a: Slowking
|
|t:|1607834388
|switch|p2a: Urshifu|Urshifu, M|94/100|[from]move: Teleport
|-damage|p2a: Urshifu|88/100|[from] Stealth Rock
|
|upkeep
|turn|27
|
|t:|1607834391
|switch|p1a: Magician'sRed|Volcarona, M|84/100
|-damage|p1a: Magician'sRed|34/100|[from] Stealth Rock
|-status|p1a: Magician'sRed|psn
|move|p2a: Urshifu|Wicked Blow|p1a: Magician'sRed
|-crit|p1a: Magician'sRed
|-damage|p1a: Magician'sRed|0 fnt
|faint|p1a: Magician'sRed
|
|upkeep
|
|t:|1607834394
|switch|p1a: WhiteAlbum|Ninetales-Alola, M|100/100
|-status|p1a: WhiteAlbum|psn
|-damage|p1a: WhiteAlbum|76/100 psn|[from] Stealth Rock
|-weather|Hail|[from] ability: Snow Warning|[of] p1a: WhiteAlbum
|turn|28
|
|t:|1607834401
|switch|p2a: Magearna|Magearna|10/100
|-damage|p2a: Magearna|3/100|[from] Stealth Rock
|move|p1a: WhiteAlbum|Moonblast|p2a: Magearna
|-resisted|p2a: Magearna
|-damage|p2a: Magearna|0 fnt
|faint|p2a: Magearna
|
|-weather|Hail|[upkeep]
|-damage|p1a: WhiteAlbum|64/100 psn|[from] psn
|upkeep
|
|t:|1607834407
|switch|p2a: Landorus|Landorus-Therian, M|88/100
|-damage|p2a: Landorus|76/100|[from] Stealth Rock
|-ability|p2a: Landorus|Intimidate|boost
|-unboost|p1a: WhiteAlbum|atk|1
|turn|29
|
|t:|1607834410
|switch|p1a: TheWorld|Mienshao, M|100/100
|-status|p1a: TheWorld|psn
|-damage|p1a: TheWorld|95/100 psn|[from] Stealth Rock
|move|p2a: Landorus|Earthquake|p1a: TheWorld
|-damage|p1a: TheWorld|0 fnt
|faint|p1a: TheWorld
|
|-weather|Hail|[upkeep]
|-damage|p2a: Landorus|69/100|[from] Hail
|upkeep
|
|t:|1607834413
|switch|p1a: WhiteAlbum|Ninetales-Alola, M|64/100 psn
|-damage|p1a: WhiteAlbum|39/100 psn|[from] Stealth Rock
|turn|30
|
|t:|1607834417
|move|p1a: WhiteAlbum|Freeze-Dry|p2a: Landorus
|-supereffective|p2a: Landorus
|-damage|p2a: Landorus|0 fnt
|faint|p2a: Landorus
|
|-weather|Hail|[upkeep]
|-damage|p1a: WhiteAlbum|27/100 psn|[from] psn
|upkeep
|
|t:|1607834425
|switch|p2a: Slowking|Slowking, F|100/100 tox
|-damage|p2a: Slowking|88/100 tox|[from] Stealth Rock
|turn|31
|
|t:|1607834432
|move|p1a: WhiteAlbum|Freeze-Dry|p2a: Slowking
|-supereffective|p2a: Slowking
|-damage|p2a: Slowking|54/100 tox
|move|p2a: Slowking|Scald|p1a: WhiteAlbum
|-damage|p1a: WhiteAlbum|0 fnt
|faint|p1a: WhiteAlbum
|
|-weather|Hail|[upkeep]
|-damage|p2a: Slowking|48/100 tox|[from] Hail
|-damage|p2a: Slowking|42/100 tox|[from] psn
|upkeep
|
|t:|1607834436
|switch|p1a: StarPlatinum|Quagsire, M, shiny|85/100
|-damage|p1a: StarPlatinum|78/100|[from] Stealth Rock
|-status|p1a: StarPlatinum|psn
|turn|32
|
|t:|1607834443
|switch|p2a: Mandibuzz|Mandibuzz, F|100/100
|move|p1a: StarPlatinum|Stockpile|p1a: StarPlatinum
|-start|p1a: StarPlatinum|stockpile1
|-boost|p1a: StarPlatinum|def|1
|-boost|p1a: StarPlatinum|spd|1
|
|-weather|none
|-damage|p1a: StarPlatinum|66/100 psn|[from] psn
|upkeep
|turn|33
|
|t:|1607834453
|switch|p2a: Slowking|Slowking, F|76/100 tox
|-damage|p2a: Slowking|63/100 tox|[from] Stealth Rock
|move|p1a: StarPlatinum|Scald|p2a: Slowking
|-resisted|p2a: Slowking
|-damage|p2a: Slowking|57/100 tox
|
|-damage|p1a: StarPlatinum|54/100 psn|[from] psn
|-damage|p2a: Slowking|51/100 tox|[from] psn
|upkeep
|turn|34
|
|t:|1607834456
|move|p1a: StarPlatinum|Recover|p1a: StarPlatinum
|-heal|p1a: StarPlatinum|100/100 psn
|move|p2a: Slowking|Teleport|p2a: Slowking
|
|t:|1607834458
|switch|p2a: Urshifu|Urshifu, M|88/100|[from]move: Teleport
|-damage|p2a: Urshifu|82/100|[from] Stealth Rock
|
|-damage|p1a: StarPlatinum|88/100 psn|[from] psn
|upkeep
|turn|35
|
|t:|1607834460
|move|p2a: Urshifu|Wicked Blow|p1a: StarPlatinum
|-crit|p1a: StarPlatinum
|-damage|p1a: StarPlatinum|28/100 psn
|move|p1a: StarPlatinum|Stockpile|p1a: StarPlatinum
|-start|p1a: StarPlatinum|stockpile2
|-boost|p1a: StarPlatinum|def|1
|-boost|p1a: StarPlatinum|spd|1
|
|-damage|p1a: StarPlatinum|15/100 psn|[from] psn
|upkeep
|turn|36
|
|t:|1607834464
|move|p2a: Urshifu|Wicked Blow|p1a: StarPlatinum
|-crit|p1a: StarPlatinum
|-damage|p1a: StarPlatinum|0 fnt
|faint|p1a: StarPlatinum
|
|upkeep
|-message|Tirkys forfeited.
|
|win|snakeswan
|l|☆Tirkys
|raw|Tirkys's rating: 1479 &rarr; <strong>1458</strong><br />(-21 for losing)
|raw|snakeswan's rating: 1462 &rarr; <strong>1483</strong><br />(+21 for winning)
