|raw|<div class="broadcast-blue"><strong>This battle is required to be public due to a player having a name starting with 'lt93oq'.</div>
|j|☆LT93OQ Ado
|j|☆dmt dreams
|t:|1660482072
|gametype|singles
|player|p1|LT93OQ Ado|lucy-gen3|1802
|player|p2|dmt dreams|gambler-gen1|1898
|teamsize|p1|6
|teamsize|p2|6
|gen|8
|tier|[Gen 8] OU
|rated|
|rule|Sleep Clause Mod: Limit one foe put to sleep
|rule|Species Clause: Limit one of each Pokémon
|rule|OHKO Clause: OHKO moves are banned
|rule|Evasion Items Clause: Evasion items are banned
|rule|Evasion Moves Clause: Evasion moves are banned
|rule|Endless Battle Clause: Forcing endless battles is banned
|rule|HP Percentage Mod: HP is shown in percentages
|rule|Dynamax Clause: You cannot dynamax
|clearpoke
|poke|p1|Dragonite, M|
|poke|p1|Gastrodon-East, F|
|poke|p1|Skarmory, M|
|poke|p1|Melmetal|
|poke|p1|Clefable, F|
|poke|p1|Tapu Koko|
|poke|p2|Melmetal|
|poke|p2|Landorus-Therian, M|
|poke|p2|Kartana|
|poke|p2|Zapdos|
|poke|p2|Dragapult, F|
|poke|p2|Moltres-Galar|
|teampreview
|inactive|Battle timer is ON: inactive players will automatically lose when time's up. (requested by LT93OQ Ado)
|inactive|LT93OQ Ado has 120 seconds left.
|j| Lt92pf addicted
|inactive|LT93OQ Ado has 90 seconds left.
|inactive|LT93OQ Ado has 60 seconds left.
|
|t:|1660482170
|start
|switch|p1a: Imaginary Love|Clefable, F|100/100
|switch|p2a: Kartana|Kartana|100/100
|turn|1
|
|t:|1660482174
|switch|p1a: Ordinary Days|Skarmory, M|100/100
|move|p2a: Kartana|Smart Strike|p1a: Ordinary Days
|-resisted|p1a: Ordinary Days
|-damage|p1a: Ordinary Days|78/100
|-damage|p2a: Kartana|84/100|[from] item: Rocky Helmet|[of] p1a: Ordinary Days
|
|upkeep
|turn|2
|
|t:|1660482181
|switch|p2a: Melmetal|Melmetal|100/100
|move|p1a: Ordinary Days|Toxic|p2a: Melmetal|[miss]
|-miss|p1a: Ordinary Days|p2a: Melmetal
|
|upkeep
|turn|3
|j| Amelza
|
|t:|1660482187
|switch|p2a: Dragapult|Dragapult, F|100/100
|move|p1a: Ordinary Days|Body Press|p2a: Dragapult
|-immune|p2a: Dragapult
|
|upkeep
|turn|4
|
|t:|1660482190
|switch|p1a: Drown|Gastrodon-East, F|100/100
|move|p2a: Dragapult|Shadow Ball|p1a: Drown
|-damage|p1a: Drown|66/100
|
|-heal|p1a: Drown|72/100|[from] item: Leftovers
|upkeep
|turn|5
|
|t:|1660482197
|switch|p2a: Landorus|Landorus-Therian, M|100/100
|-ability|p2a: Landorus|Intimidate|boost
|-unboost|p1a: Drown|atk|1
|move|p1a: Drown|Recover|p1a: Drown
|-heal|p1a: Drown|100/100
|
|upkeep
|turn|6
|l| Lt92pf addicted
|j| highriser
|
|t:|1660482210
|switch|p1a: Ordinary Days|Skarmory, M|78/100
|move|p2a: Landorus|Stealth Rock|p1a: Ordinary Days
|-sidestart|p1: LT93OQ Ado|move: Stealth Rock
|
|upkeep
|turn|7
|
|t:|1660482215
|switch|p2a: Dragapult|Dragapult, F|100/100
|move|p1a: Ordinary Days|Spikes|p2a: Dragapult
|-sidestart|p2: dmt dreams|Spikes
|
|upkeep
|turn|8
|
|t:|1660482222
|switch|p1a: Drown|Gastrodon-East, F|100/100
|-damage|p1a: Drown|94/100|[from] Stealth Rock
|move|p2a: Dragapult|Shadow Ball|p1a: Drown
|-damage|p1a: Drown|59/100
|
|-heal|p1a: Drown|65/100|[from] item: Leftovers
|upkeep
|turn|9
|j|+Dragonillis
|
|t:|1660482248
|move|p2a: Dragapult|Shadow Ball|p1a: Drown
|-damage|p1a: Drown|28/100
|move|p1a: Drown|Recover|p1a: Drown
|-heal|p1a: Drown|78/100
|
|-heal|p1a: Drown|84/100|[from] item: Leftovers
|upkeep
|turn|10
|
|t:|1660482257
|switch|p2a: Landorus|Landorus-Therian, M|100/100
|-ability|p2a: Landorus|Intimidate|boost
|-unboost|p1a: Drown|atk|1
|move|p1a: Drown|Scald|p2a: Landorus
|-supereffective|p2a: Landorus
|-damage|p2a: Landorus|61/100
|
|-heal|p2a: Landorus|67/100|[from] item: Leftovers
|-heal|p1a: Drown|90/100|[from] item: Leftovers
|upkeep
|turn|11
|
|t:|1660482265
|move|p2a: Landorus|Toxic|p1a: Drown
|-status|p1a: Drown|tox
|move|p1a: Drown|Scald|p2a: Landorus
|-supereffective|p2a: Landorus
|-damage|p2a: Landorus|25/100
|
|-heal|p2a: Landorus|31/100|[from] item: Leftovers
|-heal|p1a: Drown|96/100 tox|[from] item: Leftovers
|-damage|p1a: Drown|90/100 tox|[from] psn
|upkeep
|turn|12
|j| pollopollopo
|
|t:|1660482271
|move|p2a: Landorus|U-turn|p1a: Drown
|-damage|p1a: Drown|66/100 tox
|
|t:|1660482273
|switch|p2a: Moltres|Moltres-Galar|100/100|[from]move: U-turn
|move|p1a: Drown|Scald|p2a: Moltres
|-damage|p2a: Moltres|78/100
|
|-heal|p1a: Drown|72/100 tox|[from] item: Leftovers
|-damage|p1a: Drown|59/100 tox|[from] psn
|upkeep
|turn|13
|
|t:|1660482281
|switch|p1a: THE SHOW|Tapu Koko|100/100
|-fieldstart|move: Electric Terrain|[from] ability: Electric Surge|[of] p1a: THE SHOW
|move|p2a: Moltres|Nasty Plot|p2a: Moltres
|-boost|p2a: Moltres|spa|2
|
|upkeep
|turn|14
|
|t:|1660482288
|move|p1a: THE SHOW|Calm Mind|p1a: THE SHOW
|-boost|p1a: THE SHOW|spa|1
|-boost|p1a: THE SHOW|spd|1
|move|p2a: Moltres|Hurricane|p1a: THE SHOW|[miss]
|-miss|p2a: Moltres|p1a: THE SHOW
|
|upkeep
|turn|15
|
|t:|1660482293
|switch|p2a: Landorus|Landorus-Therian, M|31/100
|-ability|p2a: Landorus|Intimidate|boost
|-unboost|p1a: THE SHOW|atk|1
|move|p1a: THE SHOW|Thunderbolt|p2a: Landorus
|-immune|p2a: Landorus
|
|-heal|p2a: Landorus|37/100|[from] item: Leftovers
|upkeep
|turn|16
|
|t:|1660482297
|move|p1a: THE SHOW|Dazzling Gleam|p2a: Landorus
|-damage|p2a: Landorus|2/100
|move|p2a: Landorus|Earthquake|p1a: THE SHOW
|-supereffective|p1a: THE SHOW
|-damage|p1a: THE SHOW|0 fnt
|faint|p1a: THE SHOW
|
|-heal|p2a: Landorus|8/100|[from] item: Leftovers
|upkeep
|
|t:|1660482303
|switch|p1a: Imaginary Love|Clefable, F|100/100
|turn|17
|
|t:|1660482308
|move|p2a: Landorus|Earthquake|p1a: Imaginary Love
|-damage|p1a: Imaginary Love|63/100
|move|p1a: Imaginary Love|Stealth Rock|p2a: Landorus
|-sidestart|p2: dmt dreams|move: Stealth Rock
|
|-heal|p2a: Landorus|14/100|[from] item: Leftovers
|-heal|p1a: Imaginary Love|69/100|[from] item: Leftovers
|-fieldend|move: Electric Terrain
|upkeep
|turn|18
|
|t:|1660482313
|move|p2a: Landorus|U-turn|p1a: Imaginary Love
|-resisted|p1a: Imaginary Love
|-damage|p1a: Imaginary Love|61/100
|
|t:|1660482315
|switch|p2a: Melmetal|Melmetal|100/100|[from]move: U-turn
|-damage|p2a: Melmetal|88/100|[from] Spikes
|-damage|p2a: Melmetal|82/100|[from] Stealth Rock
|move|p1a: Imaginary Love|Soft-Boiled|p1a: Imaginary Love
|-heal|p1a: Imaginary Love|100/100
|
|-heal|p2a: Melmetal|88/100|[from] item: Leftovers
|upkeep
|turn|19
|
|t:|1660482321
|switch|p1a: Ordinary Days|Skarmory, M|78/100
|-damage|p1a: Ordinary Days|66/100|[from] Stealth Rock
|move|p2a: Melmetal|Double Iron Bash|p1a: Ordinary Days
|-resisted|p1a: Ordinary Days
|-damage|p1a: Ordinary Days|54/100
|-damage|p2a: Melmetal|72/100|[from] item: Rocky Helmet|[of] p1a: Ordinary Days
|-resisted|p1a: Ordinary Days
|-damage|p1a: Ordinary Days|41/100
|-damage|p2a: Melmetal|55/100|[from] item: Rocky Helmet|[of] p1a: Ordinary Days
|-hitcount|p1a: Ordinary Days|2
|
|-heal|p2a: Melmetal|61/100|[from] item: Leftovers
|upkeep
|turn|20
|
|t:|1660482324
|switch|p2a: Dragapult|Dragapult, F|100/100
|-damage|p2a: Dragapult|88/100|[from] Spikes
|-damage|p2a: Dragapult|76/100|[from] Stealth Rock
|move|p1a: Ordinary Days|Roost|p1a: Ordinary Days
|-heal|p1a: Ordinary Days|91/100
|-singleturn|p1a: Ordinary Days|move: Roost
|
|upkeep
|turn|21
|j| selah
|
|t:|1660482331
|switch|p1a: Drown|Gastrodon-East, F|59/100 tox
|-damage|p1a: Drown|53/100 tox|[from] Stealth Rock
|move|p2a: Dragapult|Shadow Ball|p1a: Drown
|-damage|p1a: Drown|16/100 tox
|
|-heal|p1a: Drown|23/100 tox|[from] item: Leftovers
|-damage|p1a: Drown|16/100 tox|[from] psn
|upkeep
|turn|22
|
|t:|1660482338
|move|p2a: Dragapult|Shadow Ball|p1a: Drown
|-damage|p1a: Drown|0 fnt
|faint|p1a: Drown
|
|upkeep
|
|t:|1660482345
|switch|p1a: Imaginary Love|Clefable, F|100/100
|turn|23
|
|t:|1660482350
|switch|p2a: Landorus|Landorus-Therian, M|14/100
|-damage|p2a: Landorus|2/100|[from] Stealth Rock
|-ability|p2a: Landorus|Intimidate|boost
|-unboost|p1a: Imaginary Love|atk|1
|move|p1a: Imaginary Love|Knock Off|p2a: Landorus
|-damage|p2a: Landorus|0 fnt
|-enditem|p2a: Landorus|Leftovers|[from] move: Knock Off|[of] p1a: Imaginary Love
|faint|p2a: Landorus
|
|upkeep
|
|t:|1660482352
|switch|p2a: Kartana|Kartana|84/100
|-damage|p2a: Kartana|72/100|[from] Spikes
|-damage|p2a: Kartana|65/100|[from] Stealth Rock
|turn|24
|
|t:|1660482361
|move|p2a: Kartana|Knock Off|p1a: Imaginary Love
|-resisted|p1a: Imaginary Love
|-damage|p1a: Imaginary Love|76/100
|-enditem|p1a: Imaginary Love|Leftovers|[from] move: Knock Off|[of] p2a: Kartana
|move|p1a: Imaginary Love|Moonblast|p2a: Kartana
|-resisted|p2a: Kartana
|-damage|p2a: Kartana|19/100
|-unboost|p2a: Kartana|spa|1
|
|upkeep
|turn|25
|
|t:|1660482368
|switch|p2a: Zapdos|Zapdos|100/100
|move|p1a: Imaginary Love|Knock Off|p2a: Zapdos
|-damage|p2a: Zapdos|89/100
|-enditem|p2a: Zapdos|Heavy-Duty Boots|[from] move: Knock Off|[of] p1a: Imaginary Love
|
|upkeep
|turn|26
|j| Hikawa Kyoka
|
|t:|1660482372
|move|p2a: Zapdos|Hurricane|p1a: Imaginary Love|[miss]
|-miss|p2a: Zapdos|p1a: Imaginary Love
|move|p1a: Imaginary Love|Soft-Boiled|p1a: Imaginary Love
|-heal|p1a: Imaginary Love|100/100
|
|upkeep
|turn|27
|
|t:|1660482378
|move|p2a: Zapdos|Hurricane|p1a: Imaginary Love
|-damage|p1a: Imaginary Love|45/100
|move|p1a: Imaginary Love|Moonblast|p2a: Zapdos
|-damage|p2a: Zapdos|57/100
|-unboost|p2a: Zapdos|spa|1
|
|upkeep
|turn|28
|
|t:|1660482388
|move|p2a: Zapdos|Hurricane|p1a: Imaginary Love
|-damage|p1a: Imaginary Love|5/100
|move|p1a: Imaginary Love|Soft-Boiled|p1a: Imaginary Love
|-heal|p1a: Imaginary Love|55/100
|
|upkeep
|turn|29
|
|t:|1660482391
|move|p2a: Zapdos|Thunderbolt|p1a: Imaginary Love
|-damage|p1a: Imaginary Love|22/100
|move|p1a: Imaginary Love|Soft-Boiled|p1a: Imaginary Love
|-heal|p1a: Imaginary Love|72/100
|
|upkeep
|turn|30
|
|t:|1660482394
|move|p2a: Zapdos|Roost|p2a: Zapdos
|-heal|p2a: Zapdos|100/100
|-singleturn|p2a: Zapdos|move: Roost
|move|p1a: Imaginary Love|Soft-Boiled|p1a: Imaginary Love
|-heal|p1a: Imaginary Love|100/100
|
|upkeep
|turn|31
|
|t:|1660482397
|move|p2a: Zapdos|Volt Switch|p1a: Imaginary Love
|-damage|p1a: Imaginary Love|77/100
|
|t:|1660482399
|switch|p2a: Melmetal|Melmetal|61/100|[from]move: Volt Switch
|-damage|p2a: Melmetal|49/100|[from] Spikes
|-damage|p2a: Melmetal|43/100|[from] Stealth Rock
|move|p1a: Imaginary Love|Knock Off|p2a: Melmetal
|-damage|p2a: Melmetal|37/100
|-enditem|p2a: Melmetal|Leftovers|[from] move: Knock Off|[of] p1a: Imaginary Love
|
|upkeep
|turn|32
|
|t:|1660482411
|switch|p1a: Ordinary Days|Skarmory, M|91/100
|-damage|p1a: Ordinary Days|79/100|[from] Stealth Rock
|switch|p2a: Zapdos|Zapdos|100/100
|-damage|p2a: Zapdos|76/100|[from] Stealth Rock
|
|upkeep
|turn|33
|l| selah
|j| selah
|
|t:|1660482421
|move|p2a: Zapdos|Thunderbolt|p1a: Ordinary Days
|-supereffective|p1a: Ordinary Days
|-damage|p1a: Ordinary Days|0 fnt
|faint|p1a: Ordinary Days
|
|upkeep
|
|t:|1660482431
|switch|p1a: Outsider|Melmetal|100/100
|-damage|p1a: Outsider|94/100|[from] Stealth Rock
|turn|34
|
|t:|1660482441
|move|p2a: Zapdos|Thunderbolt|p1a: Outsider
|-damage|p1a: Outsider|50/100
|move|p1a: Outsider|Toxic|p2a: Zapdos
|-status|p2a: Zapdos|tox
|
|-heal|p1a: Outsider|56/100|[from] item: Leftovers
|-damage|p2a: Zapdos|69/100 tox|[from] psn
|upkeep
|turn|35
|
|t:|1660482447
|move|p2a: Zapdos|Thunderbolt|p1a: Outsider
|-damage|p1a: Outsider|10/100
|move|p1a: Outsider|Double Iron Bash|p2a: Zapdos
|-resisted|p2a: Zapdos
|-damage|p2a: Zapdos|44/100 tox
|-resisted|p2a: Zapdos
|-crit|p2a: Zapdos
|-damage|p2a: Zapdos|8/100 tox
|-hitcount|p2a: Zapdos|2
|
|-heal|p1a: Outsider|16/100|[from] item: Leftovers
|-damage|p2a: Zapdos|0 fnt|[from] psn
|faint|p2a: Zapdos
|upkeep
|
|t:|1660482450
|switch|p2a: Kartana|Kartana|19/100
|-damage|p2a: Kartana|7/100|[from] Spikes
|-damage|p2a: Kartana|0 fnt|[from] Stealth Rock
|faint|p2a: Kartana
|
|t:|1660482453
|switch|p2a: Dragapult|Dragapult, F|76/100
|-damage|p2a: Dragapult|64/100|[from] Spikes
|-damage|p2a: Dragapult|51/100|[from] Stealth Rock
|turn|36
|
|t:|1660482457
|move|p1a: Outsider|Protect|p1a: Outsider
|-singleturn|p1a: Outsider|Protect
|move|p2a: Dragapult|Shadow Ball|p1a: Outsider
|-activate|p1a: Outsider|move: Protect
|
|-heal|p1a: Outsider|22/100|[from] item: Leftovers
|upkeep
|turn|37
|j| Mimikyu Stardust
|
|t:|1660482467
|move|p2a: Dragapult|Shadow Ball|p1a: Outsider
|-damage|p1a: Outsider|0 fnt
|faint|p1a: Outsider
|
|upkeep
|
|t:|1660482470
|switch|p1a: Checkmate|Dragonite, M|100/100
|turn|38
|l| Mimikyu Stardust
|
|t:|1660482473
|move|p2a: Dragapult|Shadow Ball|p1a: Checkmate
|-damage|p1a: Checkmate|79/100
|move|p1a: Checkmate|Dragon Dance|p1a: Checkmate
|-boost|p1a: Checkmate|atk|1
|-boost|p1a: Checkmate|spe|1
|
|upkeep
|turn|39
|
|t:|1660482479
|move|p2a: Dragapult|Shadow Ball|p1a: Checkmate
|-damage|p1a: Checkmate|34/100
|move|p1a: Checkmate|Ice Punch|p2a: Dragapult
|-supereffective|p2a: Dragapult
|-damage|p2a: Dragapult|0 fnt
|faint|p2a: Dragapult
|
|upkeep
|
|t:|1660482482
|switch|p2a: Moltres|Moltres-Galar|78/100
|turn|40
|
|t:|1660482490
|move|p1a: Checkmate|Ice Punch|p2a: Moltres
|-supereffective|p2a: Moltres
|-damage|p2a: Moltres|0 fnt
|faint|p2a: Moltres
|
|upkeep
|-message|dmt dreams forfeited.
|
|win|LT93OQ Ado
|raw|LT93OQ Ado's rating: 1802 &rarr; <strong>1827</strong><br />(+25 for winning)
|raw|dmt dreams's rating: 1898 &rarr; <strong>1873</strong><br />(-25 for losing)
|l|☆dmt dreams
|l| highriser
|l|☆LT93OQ Ado
|l| selah
||Ladder isn't responding, score probably updated but might not have (Request timeout).
|l| Hikawa Kyoka
|l| pollopollopo
