|j|☆mister_ttar
|j|☆Sombra Diurna
|t:|1655506660
|gametype|singles
|player|p1|mister_ttar|102|1832
|player|p2|Sombra Diurna|blue|1759
|teamsize|p1|6
|teamsize|p2|6
|gen|8
|tier|[Gen 8] OU
|rated|
|rule|Sleep Clause Mod: Limit one foe put to sleep
|rule|Species Clause: Limit one of each Pokémon
|rule|OHKO Clause: OHKO moves are banned
|rule|Evasion Moves Clause: Evasion moves are banned
|rule|Endless Battle Clause: Forcing endless battles is banned
|rule|HP Percentage Mod: HP is shown in percentages
|rule|Dynamax Clause: You cannot dynamax
|clearpoke
|poke|p1|Tyranitar, M|
|poke|p1|Excadrill, M|
|poke|p1|Volcanion|
|poke|p1|Zapdos|
|poke|p1|Tornadus-Therian, M|
|poke|p1|Clefable, F|
|poke|p2|Slowbro, M|
|poke|p2|Hatterene, F|
|poke|p2|Marowak-Alola, F|
|poke|p2|Ferrothorn, M|
|poke|p2|Garchomp, F|
|poke|p2|Drampa, M|
|teampreview
|inactive|Battle timer is ON: inactive players will automatically lose when time's up. (requested by Sombra Diurna)
|
|t:|1655506673
|start
|switch|p1a: Excadrill|Excadrill, M|100/100
|switch|p2a: Sharpo|Garchomp, F|100/100
|turn|1
|j| Landon✘A21
|j| Hella Rare Pepe
|
|t:|1655506697
|switch|p1a: Zapdos|Zapdos|100/100
|move|p2a: Sharpo|Swords Dance|p2a: Sharpo
|-boost|p2a: Sharpo|atk|2
|
|upkeep
|turn|2
|
|t:|1655506703
|move|p2a: Sharpo|Stone Edge|p1a: Zapdos|[miss]
|-miss|p2a: Sharpo|p1a: Zapdos
|move|p1a: Zapdos|Hurricane|p2a: Sharpo
|-damage|p2a: Sharpo|38/100
|
|-heal|p2a: Sharpo|44/100|[from] item: Leftovers
|upkeep
|turn|3
|
|t:|1655506712
|switch|p1a: Clefable|Clefable, F|100/100
|move|p2a: Sharpo|Stone Edge|p1a: Clefable|[miss]
|-miss|p2a: Sharpo|p1a: Clefable
|
|-heal|p2a: Sharpo|50/100|[from] item: Leftovers
|upkeep
|turn|4
|c|☆Sombra Diurna|come on!
|c| Hella Rare Pepe|great rng
|
|t:|1655506722
|switch|p2a: Thorns|Ferrothorn, M|100/100
|move|p1a: Clefable|Moonblast|p2a: Thorns
|-resisted|p2a: Thorns
|-damage|p2a: Thorns|91/100
|
|-heal|p2a: Thorns|97/100|[from] item: Leftovers
|upkeep
|turn|5
|c|☆mister_ttar|mb
|
|t:|1655506729
|move|p1a: Clefable|Knock Off|p2a: Thorns
|-damage|p2a: Thorns|86/100
|-activate|p2a: Thorns|ability: Iron Barbs
|-enditem|p2a: Thorns|Leftovers|[from] move: Knock Off|[of] p1a: Clefable
|move|p2a: Thorns|Stealth Rock|p1a: Clefable
|-sidestart|p1: mister_ttar|move: Stealth Rock
|
|upkeep
|turn|6
|
|t:|1655506737
|switch|p1a: Excadrill|Excadrill, M|100/100
|-damage|p1a: Excadrill|97/100|[from] Stealth Rock
|switch|p2a: Sonso|Slowbro, M|100/100
|
|-heal|p1a: Excadrill|100/100|[from] item: Leftovers
|upkeep
|turn|7
|
|t:|1655506745
|move|p1a: Excadrill|Rapid Spin|p2a: Sonso
|-damage|p2a: Sonso|90/100
|-boost|p1a: Excadrill|spe|1
|-sideend|p1: mister_ttar|Stealth Rock|[from] move: Rapid Spin|[of] p1a: Excadrill
|move|p2a: Sonso|Scald|p1a: Excadrill
|-supereffective|p1a: Excadrill
|-damage|p1a: Excadrill|29/100
|
|-heal|p1a: Excadrill|35/100|[from] item: Leftovers
|upkeep
|turn|8
|
|t:|1655506753
|switch|p1a: Volcanion|Volcanion|100/100
|move|p2a: Sonso|Trick Room|p2a: Sonso
|-fieldstart|move: Trick Room|[of] p2a: Sonso
|
|upkeep
|turn|9
|
|t:|1655506768
|switch|p2a: Falko|Drampa, M|100/100
|move|p1a: Volcanion|Sludge Wave|p2a: Falko
|-damage|p2a: Falko|68/100
|
|upkeep
|turn|10
|
|t:|1655506776
|switch|p1a: Tyranitar|Tyranitar, M|100/100
|-weather|Sandstorm|[from] ability: Sand Stream|[of] p1a: Tyranitar
|move|p2a: Falko|Thunderbolt|p1a: Tyranitar
|-damage|p1a: Tyranitar|79/100
|
|-weather|Sandstorm|[upkeep]
|-damage|p2a: Falko|62/100|[from] Sandstorm
|upkeep
|turn|11
|
|t:|1655506785
|move|p2a: Falko|Focus Blast|p1a: Tyranitar
|-supereffective|p1a: Tyranitar
|-damage|p1a: Tyranitar|0 fnt
|faint|p1a: Tyranitar
|
|-weather|Sandstorm|[upkeep]
|-damage|p2a: Falko|55/100|[from] Sandstorm
|upkeep
|
|t:|1655506792
|switch|p1a: Tornadus|Tornadus-Therian, M|100/100
|turn|12
|
|t:|1655506797
|switch|p1a: Clefable|Clefable, F|100/100
|move|p2a: Falko|Ice Beam|p1a: Clefable
|-damage|p1a: Clefable|71/100
|-status|p1a: Clefable|frz
|
|-weather|Sandstorm|[upkeep]
|-damage|p2a: Falko|49/100|[from] Sandstorm
|-heal|p1a: Clefable|77/100 frz|[from] item: Leftovers
|-fieldend|move: Trick Room
|upkeep
|turn|13
|
|t:|1655506808
|-curestatus|p1a: Clefable|frz|[msg]
|move|p1a: Clefable|Moonblast|p2a: Falko
|-supereffective|p2a: Falko
|-damage|p2a: Falko|0 fnt
|faint|p2a: Falko
|
|-weather|Sandstorm|[upkeep]
|-heal|p1a: Clefable|83/100|[from] item: Leftovers
|upkeep
|c|☆Sombra Diurna|lol
|
|t:|1655506816
|switch|p2a: Sonso|Slowbro, M|100/100
|turn|14
|
|t:|1655506820
|move|p1a: Clefable|Stealth Rock|p2a: Sonso
|-sidestart|p2: Sombra Diurna|move: Stealth Rock
|move|p2a: Sonso|Scald|p1a: Clefable
|-damage|p1a: Clefable|61/100
|
|-weather|none
|-heal|p1a: Clefable|67/100|[from] item: Leftovers
|upkeep
|turn|15
|
|t:|1655506829
|switch|p1a: Zapdos|Zapdos|100/100
|move|p2a: Sonso|Scald|p1a: Zapdos
|-damage|p1a: Zapdos|70/100
|
|upkeep
|turn|16
|
|t:|1655506836
|switch|p2a: Thorns|Ferrothorn, M|86/100
|-damage|p2a: Thorns|79/100|[from] Stealth Rock
|move|p1a: Zapdos|Thunderbolt|p2a: Thorns
|-resisted|p2a: Thorns
|-damage|p2a: Thorns|66/100
|
|upkeep
|turn|17
|
|t:|1655506843
|move|p1a: Zapdos|Heat Wave|p2a: Thorns
|-supereffective|p2a: Thorns
|-damage|p2a: Thorns|0 fnt
|faint|p2a: Thorns
|
|upkeep
|
|t:|1655506854
|switch|p2a: Gorra|Hatterene, F|100/100
|-damage|p2a: Gorra|88/100|[from] Stealth Rock
|turn|18
|
|t:|1655506870
|move|p1a: Zapdos|Thunderbolt|p2a: Gorra
|-damage|p2a: Gorra|51/100
|move|p2a: Gorra|Trick Room|p2a: Gorra
|-fieldstart|move: Trick Room|[of] p2a: Gorra
|
|upkeep
|turn|19
|
|t:|1655506880
|switch|p1a: Tornadus|Tornadus-Therian, M|100/100
|move|p2a: Gorra|Healing Wish|p2a: Gorra
|faint|p2a: Gorra
|
|upkeep
|
|t:|1655506886
|switch|p2a: Billy B.|Marowak-Alola, F|100/100
|-damage|p2a: Billy B.|76/100|[from] Stealth Rock
|turn|20
|
|t:|1655506890
|move|p2a: Billy B.|Flare Blitz|p1a: Tornadus
|-damage|p1a: Tornadus|0 fnt
|faint|p1a: Tornadus
|
|upkeep
|
|t:|1655506898
|switch|p1a: Volcanion|Volcanion|100/100
|turn|21
|
|t:|1655506903
|move|p2a: Billy B.|Poltergeist|p1a: Volcanion
|-activate|p1a: Volcanion|move: Poltergeist|Heavy-Duty Boots
|-damage|p1a: Volcanion|13/100
|move|p1a: Volcanion|Steam Eruption|p2a: Billy B.
|-supereffective|p2a: Billy B.
|-damage|p2a: Billy B.|0 fnt
|faint|p2a: Billy B.
|
|upkeep
|l| Hella Rare Pepe
|j| S11CoalossalDream
|l| S11CoalossalDream
|inactive|Sombra Diurna has 120 seconds left.
|
|t:|1655506936
|switch|p2a: Sharpo|Garchomp, F|50/100
|-heal|p2a: Sharpo|100/100|[from] move: Healing Wish
|-damage|p2a: Sharpo|94/100|[from] Stealth Rock
|turn|22
|
|t:|1655506941
|move|p1a: Volcanion|Steam Eruption|p2a: Sharpo
|-damage|p2a: Sharpo|32/100
|move|p2a: Sharpo|Swords Dance|p2a: Sharpo
|-boost|p2a: Sharpo|atk|2
|
|-heal|p2a: Sharpo|38/100|[from] item: Leftovers
|-fieldend|move: Trick Room
|upkeep
|turn|23
|
|t:|1655506951
|move|p2a: Sharpo|Earthquake|p1a: Volcanion
|-supereffective|p1a: Volcanion
|-damage|p1a: Volcanion|0 fnt
|faint|p1a: Volcanion
|
|-heal|p2a: Sharpo|44/100|[from] item: Leftovers
|upkeep
|
|t:|1655506955
|switch|p1a: Zapdos|Zapdos|70/100
|turn|24
|
|t:|1655506958
|move|p2a: Sharpo|Stone Edge|p1a: Zapdos
|-supereffective|p1a: Zapdos
|-damage|p1a: Zapdos|0 fnt
|faint|p1a: Zapdos
|
|-heal|p2a: Sharpo|51/100|[from] item: Leftovers
|upkeep
|
|t:|1655506961
|switch|p1a: Clefable|Clefable, F|67/100
|turn|25
|
|t:|1655506966
|move|p2a: Sharpo|Earthquake|p1a: Clefable
|-damage|p1a: Clefable|0 fnt
|faint|p1a: Clefable
|
|-heal|p2a: Sharpo|57/100|[from] item: Leftovers
|upkeep
|c|☆mister_ttar|gg
|c|☆Sombra Diurna|gg
|-message|mister_ttar forfeited.
|
|win|Sombra Diurna
|raw|mister_ttar's rating: 1832 &rarr; <strong>1808</strong><br />(-24 for losing)
|raw|Sombra Diurna's rating: 1759 &rarr; <strong>1783</strong><br />(+24 for winning)
|l|☆mister_ttar
|l| Landon✘A21
||Ladder isn't responding, score probably updated but might not have (Request timeout).
