|j|☆8balljacketguy
|j|☆BoiseBear
|t:|1625600498
|gametype|singles
|player|p1|8balljacketguy|red|1455
|player|p2|BoiseBear|2|1452
|teamsize|p1|6
|teamsize|p2|6
|gen|8
|tier|[Gen 8] OU
|rated|
|rule|Sleep Clause Mod: Limit one foe put to sleep
|rule|Species Clause: Limit one of each Pokémon
|rule|OHKO Clause: OHKO moves are banned
|rule|Evasion Moves Clause: Evasion moves are banned
|rule|Endless Battle Clause: Forcing endless battles is banned
|rule|HP Percentage Mod: HP is shown in percentages
|rule|Dynamax Clause: You cannot dynamax
|clearpoke
|poke|p1|Volcanion|
|poke|p1|Rillaboom, M|
|poke|p1|Hawlucha, M|
|poke|p1|Landorus-Therian, M|
|poke|p1|Tapu Fini|
|poke|p1|Kommo-o, F|
|poke|p2|Buzzwole|
|poke|p2|Dragapult, M|
|poke|p2|Tapu Fini|
|poke|p2|Dragonite, M|
|poke|p2|Jirachi|
|poke|p2|Bisharp, M|
|teampreview
|inactive|Battle timer is ON: inactive players will automatically lose when time's up. (requested by 8balljacketguy)
|
|t:|1625600507
|start
|switch|p1a: Tapu Fini|Tapu Fini|100/100
|switch|p2a: Tapu Fini|Tapu Fini, shiny|100/100
|-fieldstart|move: Misty Terrain|[from] ability: Misty Surge|[of] p1a: Tapu Fini
|turn|1
|j| iNinety
|
|t:|1625600519
|move|p1a: Tapu Fini|Moonblast|p2a: Tapu Fini
|-damage|p2a: Tapu Fini|60/100
|move|p2a: Tapu Fini|Taunt|p1a: Tapu Fini
|-start|p1a: Tapu Fini|move: Taunt
|
|upkeep
|turn|2
|j| TTV.Artski101
|
|t:|1625600536
|switch|p2a: Jirachi|Jirachi|100/100
|move|p1a: Tapu Fini|Moonblast|p2a: Jirachi
|-resisted|p2a: Jirachi
|-damage|p2a: Jirachi|79/100
|
|upkeep
|turn|3
|
|t:|1625600550
|switch|p1a: Landorus|Landorus-Therian, M|100/100
|-ability|p1a: Landorus|Intimidate|boost
|-unboost|p2a: Jirachi|atk|1
|move|p2a: Jirachi|U-turn|p1a: Landorus
|-resisted|p1a: Landorus
|-damage|p1a: Landorus|96/100
|inactive|BoiseBear has 120 seconds left.
|
|t:|1625600584
|switch|p2a: Dragonite|Dragonite, M, shiny|100/100|[from]move: U-turn
|
|-heal|p1a: Landorus|100/100|[from] item: Leftovers
|upkeep
|turn|4
|
|t:|1625600594
|move|p1a: Landorus|Stone Edge|p2a: Dragonite
|-supereffective|p2a: Dragonite
|-damage|p2a: Dragonite|69/100
|move|p2a: Dragonite|Dual Wingbeat|p1a: Landorus
|-damage|p1a: Landorus|75/100
|-damage|p1a: Landorus|50/100
|-hitcount|p1a: Landorus|2
|
|-heal|p1a: Landorus|57/100|[from] item: Leftovers
|upkeep
|turn|5
|inactive|BoiseBear has 120 seconds left.
|
|t:|1625600606
|switch|p2a: Buzzwole|Buzzwole|100/100
|move|p1a: Landorus|Stone Edge|p2a: Buzzwole
|-damage|p2a: Buzzwole|77/100
|
|-heal|p1a: Landorus|63/100|[from] item: Leftovers
|-fieldend|Misty Terrain
|upkeep
|turn|6
|inactive|BoiseBear has 120 seconds left.
|
|t:|1625600625
|switch|p2a: Jirachi|Jirachi|79/100
|switch|p1a: Volcanion|Volcanion|100/100
|
|upkeep
|turn|7
|inactive|BoiseBear has 120 seconds left.
|
|t:|1625600638
|move|p2a: Jirachi|U-turn|p1a: Volcanion
|-resisted|p1a: Volcanion
|-damage|p1a: Volcanion|92/100
|
|t:|1625600662
|switch|p2a: Dragapult|Dragapult, M, shiny|100/100|[from]move: U-turn
|move|p1a: Volcanion|Flamethrower|p2a: Dragapult
|-resisted|p2a: Dragapult
|-damage|p2a: Dragapult|65/100
|
|-heal|p1a: Volcanion|98/100|[from] item: Leftovers
|upkeep
|turn|8
|
|t:|1625600671
|switch|p1a: Kommo-o|Kommo-o, F|100/100
|move|p2a: Dragapult|Draco Meteor|p1a: Kommo-o
|-supereffective|p1a: Kommo-o
|-damage|p1a: Kommo-o|0 fnt
|-unboost|p2a: Dragapult|spa|2
|faint|p1a: Kommo-o
|
|upkeep
|
|t:|1625600683
|switch|p1a: Tapu Fini|Tapu Fini|100/100
|-fieldstart|move: Misty Terrain|[from] ability: Misty Surge|[of] p1a: Tapu Fini
|turn|9
|
|t:|1625600697
|switch|p1a: Volcanion|Volcanion|98/100
|switch|p2a: Jirachi|Jirachi|79/100
|
|-heal|p1a: Volcanion|100/100|[from] item: Leftovers
|upkeep
|turn|10
|inactive|BoiseBear has 90 seconds left.
|
|t:|1625600735
|move|p2a: Jirachi|Healing Wish|p2a: Jirachi
|faint|p2a: Jirachi
|move|p1a: Volcanion|Steam Eruption|p2: Jirachi|[notarget]
|-fail|p1a: Volcanion
|
|upkeep
|
|t:|1625600737
|switch|p2a: Dragapult|Dragapult, M, shiny|65/100
|-heal|p2a: Dragapult|100/100|[from] move: Healing Wish
|turn|11
|
|t:|1625600754
|switch|p1a: Landorus|Landorus-Therian, M|63/100
|-ability|p1a: Landorus|Intimidate|boost
|-unboost|p2a: Dragapult|atk|1
|move|p2a: Dragapult|Shadow Ball|p1a: Landorus
|-damage|p1a: Landorus|7/100
|
|-heal|p1a: Landorus|13/100|[from] item: Leftovers
|upkeep
|turn|12
|
|t:|1625600764
|move|p2a: Dragapult|Shadow Ball|p1a: Landorus
|-damage|p1a: Landorus|0 fnt
|faint|p1a: Landorus
|
|upkeep
|
|t:|1625600777
|switch|p1a: Tapu Fini|Tapu Fini|100/100
|turn|13
|inactive|BoiseBear has 120 seconds left.
|
|t:|1625600811
|switch|p2a: Tapu Fini|Tapu Fini, shiny|60/100
|move|p1a: Tapu Fini|Moonblast|p2a: Tapu Fini
|-damage|p2a: Tapu Fini|21/100
|
|-fieldend|Misty Terrain
|upkeep
|turn|14
|
|t:|1625600820
|move|p2a: Tapu Fini|Moonblast|p1a: Tapu Fini
|-damage|p1a: Tapu Fini|61/100
|move|p1a: Tapu Fini|Moonblast|p2a: Tapu Fini
|-damage|p2a: Tapu Fini|0 fnt
|faint|p2a: Tapu Fini
|
|upkeep
|
|t:|1625600824
|switch|p2a: Bisharp|Bisharp, M|100/100
|turn|15
|
|t:|1625600838
|switch|p1a: Volcanion|Volcanion|100/100
|move|p2a: Bisharp|Knock Off|p1a: Volcanion
|-damage|p1a: Volcanion|44/100
|-enditem|p1a: Volcanion|Leftovers|[from] move: Knock Off|[of] p2a: Bisharp
|
|upkeep
|turn|16
|inactive|BoiseBear has 90 seconds left.
|
|t:|1625600871
|switch|p2a: Dragapult|Dragapult, M, shiny|100/100
|move|p1a: Volcanion|Steam Eruption|p2a: Dragapult
|-resisted|p2a: Dragapult
|-damage|p2a: Dragapult|55/100
|-status|p2a: Dragapult|brn
|
|-damage|p2a: Dragapult|49/100 brn|[from] brn
|upkeep
|turn|17
|
|t:|1625600877
|move|p2a: Dragapult|Shadow Ball|p1a: Volcanion
|-damage|p1a: Volcanion|0 fnt
|faint|p1a: Volcanion
|
|-damage|p2a: Dragapult|43/100 brn|[from] brn
|upkeep
|
|t:|1625600881
|switch|p1a: Rillaboom|Rillaboom, M|100/100
|-fieldstart|move: Grassy Terrain|[from] ability: Grassy Surge|[of] p1a: Rillaboom
|turn|18
|
|t:|1625600889
|move|p2a: Dragapult|Shadow Ball|p1a: Rillaboom
|-crit|p1a: Rillaboom
|-damage|p1a: Rillaboom|1/100
|move|p1a: Rillaboom|U-turn|p2a: Dragapult
|-resisted|p2a: Dragapult
|-damage|p2a: Dragapult|18/100 brn
|
|t:|1625600893
|switch|p1a: Hawlucha|Hawlucha, M|100/100|[from]move: U-turn
|-enditem|p1a: Hawlucha|Grassy Seed
|-boost|p1a: Hawlucha|def|1|[from] item: Grassy Seed
|
|-heal|p2a: Dragapult|24/100 brn|[from] Grassy Terrain
|-damage|p2a: Dragapult|18/100 brn|[from] brn
|upkeep
|turn|19
|
|t:|1625600897
|move|p1a: Hawlucha|Acrobatics|p2a: Dragapult
|-damage|p2a: Dragapult|0 fnt
|faint|p2a: Dragapult
|
|upkeep
|inactive|BoiseBear has 120 seconds left.
|
|t:|1625600910
|switch|p2a: Dragonite|Dragonite, M, shiny|69/100
|turn|20
|
|t:|1625600921
|switch|p1a: Rillaboom|Rillaboom, M|1/100
|move|p2a: Dragonite|Dual Wingbeat|p1a: Rillaboom
|-supereffective|p1a: Rillaboom
|-damage|p1a: Rillaboom|0 fnt
|faint|p1a: Rillaboom
|-hitcount|p1: Rillaboom|1
|
|upkeep
|
|t:|1625600923
|switch|p1a: Tapu Fini|Tapu Fini|61/100
|-fieldstart|move: Misty Terrain|[from] ability: Misty Surge|[of] p1a: Tapu Fini
|turn|21
|
|t:|1625600928
|switch|p2a: Buzzwole|Buzzwole|77/100
|move|p1a: Tapu Fini|Moonblast|p2a: Buzzwole
|-supereffective|p2a: Buzzwole
|-damage|p2a: Buzzwole|0 fnt
|faint|p2a: Buzzwole
|
|upkeep
|
|t:|1625600930
|switch|p2a: Bisharp|Bisharp, M|100/100
|turn|22
|
|t:|1625600939
|switch|p1a: Hawlucha|Hawlucha, M|100/100
|move|p2a: Bisharp|Iron Head|p1a: Hawlucha
|-damage|p1a: Hawlucha|31/100
|
|upkeep
|turn|23
|inactive|BoiseBear has 120 seconds left.
|inactive|8balljacketguy has 120 seconds left.
|inactive|BoiseBear has 90 seconds left.
|
|t:|1625601016
|switch|p2a: Dragonite|Dragonite, M, shiny|69/100
|move|p1a: Hawlucha|Acrobatics|p2a: Dragonite
|-crit|p2a: Dragonite
|-damage|p2a: Dragonite|2/100
|
|upkeep
|turn|24
|inactive|8balljacketguy has 120 seconds left.
|c|☆8balljacketguy|Damn gg
|
|t:|1625601026
|move|p2a: Dragonite|Extreme Speed|p1a: Hawlucha
|-damage|p1a: Hawlucha|0 fnt
|faint|p1a: Hawlucha
|
|upkeep
|
|t:|1625601028
|switch|p1a: Tapu Fini|Tapu Fini|61/100
|turn|25
|
|t:|1625601032
|move|p2a: Dragonite|Extreme Speed|p1a: Tapu Fini
|-damage|p1a: Tapu Fini|11/100
|move|p1a: Tapu Fini|Moonblast|p2a: Dragonite
|-supereffective|p2a: Dragonite
|-damage|p2a: Dragonite|0 fnt
|faint|p2a: Dragonite
|
|-fieldend|Misty Terrain
|upkeep
|
|t:|1625601034
|switch|p2a: Bisharp|Bisharp, M|100/100
|turn|26
|
|t:|1625601037
|move|p2a: Bisharp|Sucker Punch|p1a: Tapu Fini
|-resisted|p1a: Tapu Fini
|-damage|p1a: Tapu Fini|0 fnt
|faint|p1a: Tapu Fini
|
|win|BoiseBear
|raw|8balljacketguy's rating: 1455 &rarr; <strong>1435</strong><br />(-20 for losing)
|raw|BoiseBear's rating: 1452 &rarr; <strong>1472</strong><br />(+20 for winning)
|c|☆8balljacketguy|Fuck man that was a good game
|c|☆8balljacketguy|If you ever come to ny drinks on me
|c|☆8balljacketguy|Peace my brother
|l|☆8balljacketguy
|c| iNinety|goated
||Ladder isn't responding, score probably updated but might not have (Request timeout).
|l|☆BoiseBear
