|j|☆fdgdasgdfgyhfgdf
|j|☆Pinapple321
|inactive|Battle timer is ON: inactive players will automatically lose when time's up.
|t:|1663091447
|gametype|singles
|player|p1|fdgdasgdfgyhfgdf|blue|
|player|p2|Pinapple321|marlon|
|teamsize|p1|6
|teamsize|p2|6
|gen|8
|tier|[Gen 8] OU
|rated|Tournament battle
|rule|Sleep Clause Mod: Limit one foe put to sleep
|rule|Species Clause: Limit one of each Pokémon
|rule|OHKO Clause: OHKO moves are banned
|rule|Evasion Items Clause: Evasion items are banned
|rule|Evasion Moves Clause: Evasion moves are banned
|rule|Endless Battle Clause: Forcing endless battles is banned
|rule|HP Percentage Mod: HP is shown in percentages
|rule|Dynamax Clause: You cannot dynamax
|clearpoke
|poke|p1|Manaphy|
|poke|p1|Azelf|
|poke|p1|Arceus-*|
|poke|p1|Shaymin-Sky|
|poke|p1|Heatran, M|
|poke|p1|Giratina-Origin|
|poke|p2|Giratina-Origin|
|poke|p2|Palkia|
|poke|p2|Dialga|
|poke|p2|Darkrai|
|poke|p2|Arceus-*|
|poke|p2|Shaymin-Sky|
|teampreview
|j|%Sww-Suwa
|c|☆Pinapple321|Glhf
|j| me22333
|c|☆fdgdasgdfgyhfgdf|u2
|
|t:|1663091466
|start
|switch|p1a: Azelf|Azelf|100/100
|switch|p2a: Dialga|Dialga|100/100
|-ability|p2a: Dialga|Pressure
|turn|1
|
|t:|1663091469
|move|p1a: Azelf|Taunt|p2a: Dialga
|-start|p2a: Dialga|move: Taunt
|cant|p2a: Dialga|move: Taunt|Stealth Rock
|
|upkeep
|turn|2
|
|t:|1663091471
|move|p1a: Azelf|Stealth Rock|p2a: Dialga
|-sidestart|p2: Pinapple321|move: Stealth Rock
|move|p2a: Dialga|Flash Cannon|p1a: Azelf
|-damage|p1a: Azelf|18/100
|-unboost|p1a: Azelf|spd|1
|
|upkeep
|turn|3
|
|t:|1663091478
|move|p1a: Azelf|Explosion|p2a: Dialga
|-resisted|p2a: Dialga
|-damage|p2a: Dialga|72/100
|faint|p1a: Azelf
|move|p2a: Dialga|Flash Cannon|p1: Azelf|[notarget]
|-fail|p2a: Dialga
|
|-heal|p2a: Dialga|78/100|[from] item: Leftovers
|-end|p2a: Dialga|move: Taunt
|upkeep
|
|t:|1663091482
|switch|p1a: Heatran|Heatran, M|100/100
|turn|4
|
|t:|1663091491
|switch|p2a: Giratina|Giratina-Origin|100/100
|-damage|p2a: Giratina|88/100|[from] Stealth Rock
|move|p1a: Heatran|Eruption|p2a: Giratina
|-resisted|p2a: Giratina
|-damage|p2a: Giratina|64/100
|
|upkeep
|turn|5
|
|t:|1663091500
|switch|p1a: Arceus|Arceus|100/100
|move|p2a: Giratina|Poltergeist|p1a: Arceus
|-immune|p1a: Arceus
|
|upkeep
|turn|6
|
|t:|1663091509
|switch|p2a: Dialga|Dialga|78/100
|-damage|p2a: Dialga|72/100|[from] Stealth Rock
|-ability|p2a: Dialga|Pressure
|move|p1a: Arceus|Swords Dance|p1a: Arceus
|-boost|p1a: Arceus|atk|2
|
|-heal|p2a: Dialga|78/100|[from] item: Leftovers
|upkeep
|turn|7
|j| buckets3
|
|t:|1663091515
|move|p1a: Arceus|Swords Dance|p1a: Arceus
|-boost|p1a: Arceus|atk|2
|move|p2a: Dialga|Toxic|p1a: Arceus
|-status|p1a: Arceus|tox
|
|-heal|p2a: Dialga|84/100|[from] item: Leftovers
|-damage|p1a: Arceus|94/100 tox|[from] psn
|upkeep
|turn|8
|
|t:|1663091517
|move|p1a: Arceus|Extreme Speed|p2a: Dialga
|-resisted|p2a: Dialga
|-damage|p2a: Dialga|39/100
|move|p2a: Dialga|Draco Meteor|p1a: Arceus
|-damage|p1a: Arceus|41/100 tox
|-unboost|p2a: Dialga|spa|2
|
|-heal|p1a: Arceus|47/100 tox|[from] item: Leftovers
|-heal|p2a: Dialga|46/100|[from] item: Leftovers
|-damage|p1a: Arceus|35/100 tox|[from] psn
|upkeep
|turn|9
|
|t:|1663091521
|switch|p2a: Giratina|Giratina-Origin|64/100
|-damage|p2a: Giratina|51/100|[from] Stealth Rock
|move|p1a: Arceus|Extreme Speed|p2a: Giratina
|-immune|p2a: Giratina
|
|-heal|p1a: Arceus|41/100 tox|[from] item: Leftovers
|-damage|p1a: Arceus|23/100 tox|[from] psn
|upkeep
|turn|10
|
|t:|1663091526
|switch|p2a: Dialga|Dialga|46/100
|-damage|p2a: Dialga|39/100|[from] Stealth Rock
|-ability|p2a: Dialga|Pressure
|move|p1a: Arceus|Shadow Claw|p2a: Dialga
|-damage|p2a: Dialga|0 fnt
|faint|p2a: Dialga
|
|-heal|p1a: Arceus|29/100 tox|[from] item: Leftovers
|-damage|p1a: Arceus|5/100 tox|[from] psn
|upkeep
|
|t:|1663091535
|switch|p2a: Palkia|Palkia|100/100
|-damage|p2a: Palkia|88/100|[from] Stealth Rock
|-ability|p2a: Palkia|Pressure
|turn|11
|
|t:|1663091538
|switch|p2a: Giratina|Giratina-Origin|51/100
|-damage|p2a: Giratina|39/100|[from] Stealth Rock
|move|p1a: Arceus|Recover|p1a: Arceus
|-heal|p1a: Arceus|55/100 tox
|
|-heal|p1a: Arceus|61/100 tox|[from] item: Leftovers
|-damage|p1a: Arceus|30/100 tox|[from] psn
|upkeep
|turn|12
|
|t:|1663091540
|move|p1a: Arceus|Shadow Claw|p2a: Giratina
|-supereffective|p2a: Giratina
|-damage|p2a: Giratina|0 fnt
|faint|p2a: Giratina
|
|-heal|p1a: Arceus|36/100 tox|[from] item: Leftovers
|-damage|p1a: Arceus|0 fnt|[from] psn
|faint|p1a: Arceus
|upkeep
|j| innovamania
|
|t:|1663091555
|switch|p1a: Shaymin|Shaymin-Sky|100/100
|switch|p2a: Darkrai|Darkrai|100/100
|-damage|p2a: Darkrai|88/100|[from] Stealth Rock
|turn|13
|
|t:|1663091559
|move|p1a: Shaymin|Substitute|p1a: Shaymin
|-start|p1a: Shaymin|Substitute
|-damage|p1a: Shaymin|76/100
|move|p2a: Darkrai|Hypnosis|p1a: Shaymin|[miss]
|-miss|p2a: Darkrai|p1a: Shaymin
|
|-heal|p1a: Shaymin|82/100|[from] item: Leftovers
|upkeep
|turn|14
|
|t:|1663091564
|move|p1a: Shaymin|Seed Flare|p2a: Darkrai
|-damage|p2a: Darkrai|10/100
|-unboost|p2a: Darkrai|spd|2
|move|p2a: Darkrai|Dark Pulse|p1a: Shaymin
|-end|p1a: Shaymin|Substitute
|
|-heal|p1a: Shaymin|88/100|[from] item: Leftovers
|upkeep
|turn|15
|
|t:|1663091571
|move|p1a: Shaymin|Air Slash|p2a: Darkrai
|-damage|p2a: Darkrai|0 fnt
|faint|p2a: Darkrai
|
|-heal|p1a: Shaymin|94/100|[from] item: Leftovers
|upkeep
|
|t:|1663091575
|switch|p2a: Shaymin|Shaymin-Sky|100/100
|-damage|p2a: Shaymin|76/100|[from] Stealth Rock
|turn|16
|
|t:|1663091578
|move|p2a: Shaymin|Air Slash|p1a: Shaymin
|-supereffective|p1a: Shaymin
|-damage|p1a: Shaymin|0 fnt
|faint|p1a: Shaymin
|
|-heal|p2a: Shaymin|82/100|[from] item: Leftovers
|upkeep
|
|t:|1663091580
|switch|p1a: Heatran|Heatran, M|100/100
|turn|17
|
|t:|1663091584
|switch|p1a: Giratina|Giratina-Origin|100/100
|move|p2a: Shaymin|Earth Power|p1a: Giratina
|-immune|p1a: Giratina|[from] ability: Levitate
|
|-heal|p2a: Shaymin|88/100|[from] item: Leftovers
|upkeep
|turn|18
|l| buckets3
|
|t:|1663091592
|switch|p1a: Heatran|Heatran, M|100/100
|move|p2a: Shaymin|Seed Flare|p1a: Heatran
|-resisted|p1a: Heatran
|-damage|p1a: Heatran|86/100
|
|-heal|p2a: Shaymin|94/100|[from] item: Leftovers
|upkeep
|turn|19
|
|t:|1663091595
|move|p1a: Heatran|Eruption|p2a: Shaymin
|-supereffective|p2a: Shaymin
|-damage|p2a: Shaymin|0 fnt
|faint|p2a: Shaymin
|
|upkeep
|
|t:|1663091598
|switch|p2a: Palkia|Palkia|88/100
|-damage|p2a: Palkia|76/100|[from] Stealth Rock
|-ability|p2a: Palkia|Pressure
|turn|20
|
|t:|1663091602
|switch|p1a: Manaphy|Manaphy|100/100
|move|p2a: Palkia|Draco Meteor|p1a: Manaphy|[miss]
|-miss|p2a: Palkia|p1a: Manaphy
|
|upkeep
|turn|21
|
|t:|1663091606
|move|p2a: Palkia|Draco Meteor|p1a: Manaphy
|-damage|p1a: Manaphy|20/100
|-unboost|p2a: Palkia|spa|2
|-enditem|p1a: Manaphy|Sitrus Berry|[eat]
|-heal|p1a: Manaphy|45/100|[from] item: Sitrus Berry
|move|p1a: Manaphy|Tail Glow|p1a: Manaphy
|-boost|p1a: Manaphy|spa|3
|
|upkeep
|turn|22
|
|t:|1663091610
|move|p2a: Palkia|Draco Meteor|p1a: Manaphy
|-damage|p1a: Manaphy|6/100
|-unboost|p2a: Palkia|spa|2
|move|p1a: Manaphy|Ice Beam|p2a: Palkia
|-damage|p2a: Palkia|17/100
|-status|p2a: Palkia|frz
|
|upkeep
|turn|23
|
|t:|1663091618
|cant|p2a: Palkia|frz
|move|p1a: Manaphy|Surf|p2a: Palkia
|-resisted|p2a: Palkia
|-damage|p2a: Palkia|0 fnt
|faint|p2a: Palkia
|
|upkeep
|
|t:|1663091620
|switch|p2a: Arceus|Arceus-Fairy|100/100
|-damage|p2a: Arceus|88/100|[from] Stealth Rock
|turn|24
|
|t:|1663091622
|move|p2a: Arceus|Judgment|p1a: Manaphy
|-damage|p1a: Manaphy|0 fnt
|faint|p1a: Manaphy
|
|upkeep
|
|t:|1663091625
|switch|p1a: Heatran|Heatran, M|86/100
|turn|25
|
|t:|1663091629
|move|p1a: Heatran|Flash Cannon|p2a: Arceus
|-supereffective|p2a: Arceus
|-crit|p2a: Arceus
|-damage|p2a: Arceus|5/100
|move|p2a: Arceus|Earth Power|p1a: Heatran
|-supereffective|p1a: Heatran
|-damage|p1a: Heatran|0 fnt
|faint|p1a: Heatran
|
|upkeep
|
|t:|1663091632
|switch|p1a: Giratina|Giratina-Origin|100/100
|turn|26
|j| Chillrends
|
|t:|1663091637
|move|p1a: Giratina|Shadow Sneak|p2a: Arceus
|-damage|p2a: Arceus|0 fnt
|faint|p2a: Arceus
|
|win|fdgdasgdfgyhfgdf
|n|☆fdgdasgdfgyhfgdf|fdgdasgdfgyhfgdf
|n|☆Pinapple321|pinapple321
|n| Sww-Suwa|swwsuwa
|n| me22333|me22333
|n| innovamania|innovamania
|n| Chillrends|chillrends
