|j|☆charjabugfan
|j|☆Pok et glace
|inactive|Battle timer is ON: inactive players will automatically lose when time's up.
|t:|1663419259
|gametype|singles
|player|p1|charjabugfan|ghetsis-gen5bw|
|player|p2|Pok et glace|cynthia-masters|
|teamsize|p1|6
|teamsize|p2|6
|gen|8
|tier|[Gen 8] OU
|rated|Tournament battle
|rule|Sleep Clause Mod: Limit one foe put to sleep
|rule|Species Clause: Limit one of each Pokémon
|rule|OHKO Clause: OHKO moves are banned
|rule|Evasion Items Clause: Evasion items are banned
|rule|Evasion Moves Clause: Evasion moves are banned
|rule|Endless Battle Clause: Forcing endless battles is banned
|rule|HP Percentage Mod: HP is shown in percentages
|rule|Dynamax Clause: You cannot dynamax
|clearpoke
|poke|p1|Nidoking, M|
|poke|p1|Pelipper, M|
|poke|p1|Ninjask, F|
|poke|p1|Machamp, M|
|poke|p1|Kommo-o, F|
|poke|p1|Porygon-Z|
|poke|p2|Lanturn, M|
|poke|p2|Slurpuff, M|
|poke|p2|Salazzle, F|
|poke|p2|Gardevoir, M|
|poke|p2|Bewear, F|
|poke|p2|Garchomp, M|
|teampreview
|j|*Lady Monita
|inactive|charjabugfan also wants the timer to be on.
|j| jfebhjbeebhjf
|c|☆Pok et glace|hf
|l| jfebhjbeebhjf
|
|t:|1663419271
|start
|switch|p1a: Ninjask|Ninjask, F|100/100
|switch|p2a: Gardevoir|Gardevoir, M|100/100
|-ability|p2a: Gardevoir|Speed Boost|[from] ability: Trace|[of] p1a: Ninjask
|turn|1
|j| nalinan
|j| ionnss
|j| feraligatrfan7
|
|t:|1663419280
|switch|p2a: Lanturn|Lanturn, M|100/100
|move|p1a: Ninjask|Swords Dance|p1a: Ninjask
|-boost|p1a: Ninjask|atk|2
|
|-ability|p1a: Ninjask|Speed Boost|boost
|-boost|p1a: Ninjask|spe|1
|upkeep
|turn|2
|
|t:|1663419284
|move|p1a: Ninjask|U-turn|p2a: Lanturn
|-damage|p2a: Lanturn|54/100
|j| azxs99
|
|t:|1663419293
|switch|p1a: Nidoking|Nidoking, M|100/100|[from]move: U-turn
|move|p2a: Lanturn|Volt Switch|p1a: Nidoking
|-immune|p1a: Nidoking
|
|-heal|p2a: Lanturn|60/100|[from] item: Leftovers
|upkeep
|turn|3
|
|t:|1663419297
|move|p2a: Lanturn|Protect|p2a: Lanturn
|-singleturn|p2a: Lanturn|Protect
|move|p1a: Nidoking|Sludge Wave|p2a: Lanturn
|-activate|p2a: Lanturn|move: Protect
|
|-heal|p2a: Lanturn|66/100|[from] item: Leftovers
|upkeep
|turn|4
|
|t:|1663419301
|move|p1a: Nidoking|Earth Power|p2a: Lanturn
|-supereffective|p2a: Lanturn
|-damage|p2a: Lanturn|0 fnt
|faint|p2a: Lanturn
|
|upkeep
|j| Genshinku
|j| hgjfvcnfdd
|
|t:|1663419307
|switch|p2a: Garchomp|Garchomp, M|100/100
|turn|5
|
|t:|1663419318
|switch|p2a: Gardevoir|Gardevoir, M|100/100
|-ability|p2a: Gardevoir|Sheer Force|[from] ability: Trace|[of] p1a: Nidoking
|switch|p1a: Pelipper|Pelipper, M|100/100
|-weather|RainDance|[from] ability: Drizzle|[of] p1a: Pelipper
|
|-weather|RainDance|[upkeep]
|upkeep
|turn|6
|
|t:|1663419325
|move|p2a: Gardevoir|Thunderbolt|p1a: Pelipper
|-supereffective|p1a: Pelipper
|-damage|p1a: Pelipper|0 fnt
|faint|p1a: Pelipper
|
|-weather|RainDance|[upkeep]
|upkeep
|
|t:|1663419335
|switch|p1a: Nidoking|Nidoking, M|100/100
|turn|7
|
|t:|1663419338
|switch|p2a: Salazzle|Salazzle, F|100/100
|move|p1a: Nidoking|Sludge Wave|p2a: Salazzle
|-resisted|p2a: Salazzle
|-damage|p2a: Salazzle|45/100
|
|-weather|RainDance|[upkeep]
|-heal|p2a: Salazzle|52/100|[from] item: Black Sludge
|upkeep
|turn|8
|
|t:|1663419346
|move|p2a: Salazzle|Protect|p2a: Salazzle
|-singleturn|p2a: Salazzle|Protect
|move|p1a: Nidoking|Earth Power|p2a: Salazzle
|-activate|p2a: Salazzle|move: Protect
|
|-weather|RainDance|[upkeep]
|-heal|p2a: Salazzle|58/100|[from] item: Black Sludge
|upkeep
|turn|9
|j|^ETJX
|
|t:|1663419349
|move|p2a: Salazzle|Toxic|p1a: Nidoking
|-status|p1a: Nidoking|tox
|move|p1a: Nidoking|Earth Power|p2a: Salazzle
|-supereffective|p2a: Salazzle
|-damage|p2a: Salazzle|0 fnt
|faint|p2a: Salazzle
|
|-weather|RainDance|[upkeep]
|-damage|p1a: Nidoking|95/100 tox|[from] psn
|upkeep
|
|t:|1663419353
|switch|p2a: Gardevoir|Gardevoir, M|100/100
|-ability|p2a: Gardevoir|Sheer Force|[from] ability: Trace|[of] p1a: Nidoking
|turn|10
|
|t:|1663419358
|move|p2a: Gardevoir|Psychic|p1a: Nidoking
|-supereffective|p1a: Nidoking
|-damage|p1a: Nidoking|0 fnt
|faint|p1a: Nidoking
|
|-weather|RainDance|[upkeep]
|upkeep
|
|t:|1663419363
|switch|p1a: Porygon-Z|Porygon-Z|100/100
|-ability|p1a: Porygon-Z|Download|boost
|-boost|p1a: Porygon-Z|atk|1
|turn|11
|
|t:|1663419370
|move|p2a: Gardevoir|Psychic|p1a: Porygon-Z
|-damage|p1a: Porygon-Z|23/100
|move|p1a: Porygon-Z|Agility|p1a: Porygon-Z
|-boost|p1a: Porygon-Z|spe|2
|
|-weather|RainDance|[upkeep]
|upkeep
|turn|12
|j| sussyhut
|
|t:|1663419374
|move|p1a: Porygon-Z|Ice Beam|p2a: Gardevoir
|-damage|p2a: Gardevoir|61/100
|move|p2a: Gardevoir|Psychic|p1a: Porygon-Z
|-damage|p1a: Porygon-Z|0 fnt
|faint|p1a: Porygon-Z
|
|-weather|none
|upkeep
|
|t:|1663419379
|switch|p1a: Ninjask|Ninjask, F|100/100
|turn|13
|
|t:|1663419385
|move|p1a: Ninjask|Protect|p1a: Ninjask
|-singleturn|p1a: Ninjask|Protect
|move|p2a: Gardevoir|Psychic|p1a: Ninjask
|-activate|p1a: Ninjask|move: Protect
|
|-ability|p1a: Ninjask|Speed Boost|boost
|-boost|p1a: Ninjask|spe|1
|upkeep
|turn|14
|l|^ETJX
|
|t:|1663419391
|switch|p2a: Garchomp|Garchomp, M|100/100
|move|p1a: Ninjask|Acrobatics|p2a: Garchomp
|-damage|p2a: Garchomp|50/100
|-damage|p1a: Ninjask|88/100|[from] ability: Rough Skin|[of] p2a: Garchomp
|
|-heal|p2a: Garchomp|56/100|[from] item: Leftovers
|-ability|p1a: Ninjask|Speed Boost|boost
|-boost|p1a: Ninjask|spe|1
|upkeep
|turn|15
|
|t:|1663419399
|move|p1a: Ninjask|Acrobatics|p2a: Garchomp
|-damage|p2a: Garchomp|8/100
|-damage|p1a: Ninjask|76/100|[from] ability: Rough Skin|[of] p2a: Garchomp
|move|p2a: Garchomp|Scale Shot|p1a: Ninjask
|-crit|p1a: Ninjask
|-damage|p1a: Ninjask|28/100
|-damage|p1a: Ninjask|0 fnt
|faint|p1a: Ninjask
|-hitcount|p1: Ninjask|2
|-unboost|p2a: Garchomp|def|1
|-boost|p2a: Garchomp|spe|1
|
|-heal|p2a: Garchomp|15/100|[from] item: Leftovers
|upkeep
|
|t:|1663419406
|switch|p1a: Kommo-o|Kommo-o, F|100/100
|turn|16
|
|t:|1663419411
|move|p2a: Garchomp|Scale Shot|p1a: Kommo-o
|-supereffective|p1a: Kommo-o
|-damage|p1a: Kommo-o|73/100
|-supereffective|p1a: Kommo-o
|-damage|p1a: Kommo-o|48/100
|-supereffective|p1a: Kommo-o
|-damage|p1a: Kommo-o|21/100
|-hitcount|p1a: Kommo-o|3
|-unboost|p2a: Garchomp|def|1
|-boost|p2a: Garchomp|spe|1
|move|p1a: Kommo-o|Clangorous Soul||[still]
|-fail|p1a: Kommo-o
|
|-heal|p2a: Garchomp|21/100|[from] item: Leftovers
|upkeep
|turn|17
|
|t:|1663419422
|move|p2a: Garchomp|Earthquake|p1a: Kommo-o
|-damage|p1a: Kommo-o|0 fnt
|faint|p1a: Kommo-o
|
|-heal|p2a: Garchomp|27/100|[from] item: Leftovers
|upkeep
|
|t:|1663419424
|switch|p1a: Machamp|Machamp, M|100/100
|turn|18
|c|☆Pok et glace|gg
|
|t:|1663419428
|move|p2a: Garchomp|Earthquake|p1a: Machamp
|-damage|p1a: Machamp|45/100
|move|p1a: Machamp|Substitute|p1a: Machamp
|-start|p1a: Machamp|Substitute
|-damage|p1a: Machamp|20/100
|
|-heal|p2a: Garchomp|33/100|[from] item: Leftovers
|-heal|p1a: Machamp|26/100|[from] item: Leftovers
|upkeep
|turn|19
|
|t:|1663419432
|-singleturn|p1a: Machamp|move: Focus Punch
|move|p2a: Garchomp|Earthquake|p1a: Machamp
|-end|p1a: Machamp|Substitute
|move|p1a: Machamp|Focus Punch|p2a: Garchomp
|-damage|p2a: Garchomp|0 fnt
|-damage|p1a: Machamp|14/100|[from] ability: Rough Skin|[of] p2a: Garchomp
|faint|p2a: Garchomp
|
|-heal|p1a: Machamp|20/100|[from] item: Leftovers
|upkeep
|
|t:|1663419434
|switch|p2a: Gardevoir|Gardevoir, M|61/100
|-ability|p2a: Gardevoir|No Guard|[from] ability: Trace|[of] p1a: Machamp
|turn|20
|
|t:|1663419436
|move|p2a: Gardevoir|Moonblast|p1a: Machamp
|-supereffective|p1a: Machamp
|-damage|p1a: Machamp|0 fnt
|faint|p1a: Machamp
|
|win|Pok et glace
|n|☆charjabugfan|charjabugfan
|n|☆Pok et glace|poketglace
|n|*Lady Monita|ladymonita
|n| nalinan|nalinan
|n| ionnss|ionnss
|n| feraligatrfan7|feraligatrfan7
|n| azxs99|azxs99
|n| Genshinku|genshinku
|n| hgjfvcnfdd|hgjfvcnfdd
