|raw|<div class="broadcast-blue"><strong>This battle is required to be public due to a player having a name starting with 'lt92pf'.</div>
|j|☆LT92PF rej
|j|‽BLOODCLAT
|t:|1660259345
|gametype|singles
|player|p1|LT92PF rej|pokefanf-gen4|1820
|player|p2|BLOODCLAT|hoopster|1813
|teamsize|p1|6
|teamsize|p2|6
|gen|8
|tier|[Gen 8] OU
|rated|
|rule|Sleep Clause Mod: Limit one foe put to sleep
|rule|Species Clause: Limit one of each Pokémon
|rule|OHKO Clause: OHKO moves are banned
|rule|Evasion Items Clause: Evasion items are banned
|rule|Evasion Moves Clause: Evasion moves are banned
|rule|Endless Battle Clause: Forcing endless battles is banned
|rule|HP Percentage Mod: HP is shown in percentages
|rule|Dynamax Clause: You cannot dynamax
|clearpoke
|poke|p1|Tornadus-Therian, M|
|poke|p1|Urshifu-*, M|
|poke|p1|Landorus-Therian, M|
|poke|p1|Tapu Fini|
|poke|p1|Melmetal|
|poke|p1|Slowking-Galar, F|
|poke|p2|Blacephalon|
|poke|p2|Corviknight, M|
|poke|p2|Landorus-Therian, M|
|poke|p2|Slowking-Galar, F|
|poke|p2|Toxapex, F|
|poke|p2|Weavile, M|
|teampreview
|inactive|Battle timer is ON: inactive players will automatically lose when time's up. (requested by LT92PF rej)
|j| wocaowocao
|l| wocaowocao
|
|t:|1660259365
|start
|switch|p1a: Tornadus|Tornadus-Therian, M, shiny|100/100
|switch|p2a: Weavile|Weavile, M|100/100
|-ability|p2a: Weavile|Pressure
|turn|1
|j| chokst du
|
|t:|1660259381
|move|p2a: Weavile|Knock Off|p1a: Tornadus
|-damage|p1a: Tornadus|27/100
|-enditem|p1a: Tornadus|Heavy-Duty Boots|[from] move: Knock Off|[of] p2a: Weavile
|move|p1a: Tornadus|U-turn|p2a: Weavile
|-supereffective|p2a: Weavile
|-damage|p2a: Weavile|51/100
|
|t:|1660259386
|switch|p1a: Urshifu|Urshifu-Rapid-Strike, M|100/100|[from]move: U-turn
|
|upkeep
|turn|2
|
|t:|1660259388
|switch|p2a: Toxapex|Toxapex, F|100/100
|move|p1a: Urshifu|U-turn|p2a: Toxapex
|-resisted|p2a: Toxapex
|-damage|p2a: Toxapex|91/100
|-enditem|p2a: Toxapex|Eject Button
|
|t:|1660259394
|switch|p2a: Slowking|Slowking-Galar, F, shiny|100/100
|
|upkeep
|turn|3
|
|t:|1660259397
|move|p1a: Urshifu|Surging Strikes|p2a: Slowking
|-crit|p2a: Slowking
|-damage|p2a: Slowking|78/100
|-crit|p2a: Slowking
|-damage|p2a: Slowking|55/100
|-crit|p2a: Slowking
|-damage|p2a: Slowking|34/100
|-hitcount|p2a: Slowking|3
|move|p2a: Slowking|Scald|p1a: Urshifu
|-resisted|p1a: Urshifu
|-damage|p1a: Urshifu|80/100
|-status|p1a: Urshifu|brn
|
|-damage|p1a: Urshifu|74/100 brn|[from] brn
|upkeep
|turn|4
|
|t:|1660259401
|move|p1a: Urshifu|U-turn|p2a: Slowking
|-damage|p2a: Slowking|21/100
|
|t:|1660259404
|switch|p1a: Landorus|Landorus-Therian, M, shiny|100/100|[from]move: U-turn
|-ability|p1a: Landorus|Intimidate|boost
|-unboost|p2a: Slowking|atk|1
|move|p2a: Slowking|Scald|p1a: Landorus
|-supereffective|p1a: Landorus
|-damage|p1a: Landorus|40/100
|
|-heal|p1a: Landorus|46/100|[from] item: Leftovers
|upkeep
|turn|5
|
|t:|1660259410
|switch|p2a: Corviknight|Corviknight, M|100/100
|-ability|p2a: Corviknight|Pressure
|move|p1a: Landorus|Stealth Rock|p2a: Corviknight
|-sidestart|p2: BLOODCLAT|move: Stealth Rock
|
|-heal|p1a: Landorus|52/100|[from] item: Leftovers
|upkeep
|turn|6
|
|t:|1660259412
|move|p1a: Landorus|Knock Off|p2a: Corviknight
|-damage|p2a: Corviknight|81/100
|-enditem|p2a: Corviknight|Leftovers|[from] move: Knock Off|[of] p1a: Landorus
|move|p2a: Corviknight|Defog|p1a: Landorus
|-unboost|p1a: Landorus|evasion|1
|-sideend|p2: BLOODCLAT|Stealth Rock|[from] move: Defog|[of] p2a: Corviknight
|
|-heal|p1a: Landorus|58/100|[from] item: Leftovers
|upkeep
|turn|7
|
|t:|1660259415
|move|p1a: Landorus|Stealth Rock|p2a: Corviknight
|-sidestart|p2: BLOODCLAT|move: Stealth Rock
|move|p2a: Corviknight|Brave Bird|p1a: Landorus
|-damage|p1a: Landorus|19/100
|-damage|p2a: Corviknight|69/100|[from] Recoil
|
|-heal|p1a: Landorus|25/100|[from] item: Leftovers
|upkeep
|turn|8
|
|t:|1660259419
|move|p1a: Landorus|U-turn|p2a: Corviknight
|-resisted|p2a: Corviknight
|-damage|p2a: Corviknight|65/100
|
|t:|1660259423
|switch|p1a: Melmetal|Melmetal, shiny|100/100|[from]move: U-turn
|move|p2a: Corviknight|Defog|p1a: Melmetal
|-unboost|p1a: Melmetal|evasion|1
|-sideend|p2: BLOODCLAT|Stealth Rock|[from] move: Defog|[of] p2a: Corviknight
|
|upkeep
|turn|9
|
|t:|1660259433
|move|p2a: Corviknight|Roost|p2a: Corviknight
|-heal|p2a: Corviknight|100/100
|-singleturn|p2a: Corviknight|move: Roost
|move|p1a: Melmetal|Thunder Punch|p2a: Corviknight
|-damage|p2a: Corviknight|77/100
|
|upkeep
|turn|10
|j| LT92PF fardin
|
|t:|1660259440
|move|p2a: Corviknight|Roost|p2a: Corviknight
|-heal|p2a: Corviknight|100/100
|-singleturn|p2a: Corviknight|move: Roost
|move|p1a: Melmetal|Double Iron Bash|p2a: Corviknight
|-resisted|p2a: Corviknight
|-damage|p2a: Corviknight|86/100
|-resisted|p2a: Corviknight
|-damage|p2a: Corviknight|72/100
|-hitcount|p2a: Corviknight|2
|
|upkeep
|turn|11
|
|t:|1660259444
|move|p2a: Corviknight|U-turn|p1a: Melmetal
|-resisted|p1a: Melmetal
|-damage|p1a: Melmetal|96/100
|
|t:|1660259446
|switch|p2a: Toxapex|Toxapex, F|100/100|[from]move: U-turn
|move|p1a: Melmetal|Thunder Punch|p2a: Toxapex
|-supereffective|p2a: Toxapex
|-damage|p2a: Toxapex|48/100
|-status|p2a: Toxapex|par
|
|-heal|p1a: Melmetal|100/100|[from] item: Leftovers
|upkeep
|turn|12
|j| dfasdfadsfwe
|
|t:|1660259452
|switch|p2a: Landorus|Landorus-Therian, M|100/100
|-ability|p2a: Landorus|Intimidate|boost
|-unboost|p1a: Melmetal|atk|1
|move|p1a: Melmetal|Thunder Punch|p2a: Landorus
|-immune|p2a: Landorus
|
|upkeep
|turn|13
|
|t:|1660259455
|move|p2a: Landorus|Earthquake|p1a: Melmetal
|-supereffective|p1a: Melmetal
|-damage|p1a: Melmetal|37/100
|move|p1a: Melmetal|Double Iron Bash|p2a: Landorus
|-damage|p2a: Landorus|70/100
|-damage|p2a: Landorus|39/100
|-hitcount|p2a: Landorus|2
|
|-heal|p2a: Landorus|45/100|[from] item: Leftovers
|-heal|p1a: Melmetal|43/100|[from] item: Leftovers
|upkeep
|turn|14
|c| LT92PF fardin|reggie man
|l| dfasdfadsfwe
|
|t:|1660259460
|switch|p1a: Landorus|Landorus-Therian, M, shiny|25/100
|-ability|p1a: Landorus|Intimidate|boost
|-unboost|p2a: Landorus|atk|1
|move|p2a: Landorus|Stealth Rock|p1a: Landorus
|-sidestart|p1: LT92PF rej|move: Stealth Rock
|
|-heal|p1a: Landorus|31/100|[from] item: Leftovers
|-heal|p2a: Landorus|51/100|[from] item: Leftovers
|upkeep
|turn|15
|
|t:|1660259462
|move|p1a: Landorus|Stealth Rock|p2a: Landorus
|-sidestart|p2: BLOODCLAT|move: Stealth Rock
|move|p2a: Landorus|U-turn|p1a: Landorus
|-resisted|p1a: Landorus
|-damage|p1a: Landorus|24/100
|
|t:|1660259464
|switch|p2a: Blacephalon|Blacephalon|100/100|[from]move: U-turn
|-damage|p2a: Blacephalon|76/100|[from] Stealth Rock
|
|-heal|p1a: Landorus|30/100|[from] item: Leftovers
|upkeep
|turn|16
|
|t:|1660259485
|switch|p1a: Urshifu|Urshifu-Rapid-Strike, M|74/100 brn
|-damage|p1a: Urshifu|68/100 brn|[from] Stealth Rock
|move|p2a: Blacephalon|Shadow Ball|p1a: Urshifu
|-damage|p1a: Urshifu|0 fnt
|faint|p1a: Urshifu
|-ability|p2a: Blacephalon|Beast Boost|boost
|-boost|p2a: Blacephalon|spa|1
|
|upkeep
|
|t:|1660259486
|switch|p1a: Tapu Fini|Tapu Fini, shiny|100/100
|-damage|p1a: Tapu Fini|88/100|[from] Stealth Rock
|-fieldstart|move: Misty Terrain|[from] ability: Misty Surge|[of] p1a: Tapu Fini
|turn|17
|inactive|BLOODCLAT has 120 seconds left.
|
|t:|1660259522
|switch|p2a: Slowking|Slowking-Galar, F, shiny|54/100
|-damage|p2a: Slowking|42/100|[from] Stealth Rock
|move|p1a: Tapu Fini|Surf|p2a: Slowking
|-damage|p2a: Slowking|22/100
|
|upkeep
|turn|18
|inactive|BLOODCLAT has 120 seconds left.
|
|t:|1660259527
|switch|p2a: Toxapex|Toxapex, F|81/100 par
|-damage|p2a: Toxapex|69/100 par|[from] Stealth Rock
|move|p1a: Tapu Fini|Surf|p2a: Toxapex
|-resisted|p2a: Toxapex
|-damage|p2a: Toxapex|55/100 par
|
|upkeep
|turn|19
|
|t:|1660259535
|switch|p1a: Landorus|Landorus-Therian, M, shiny|30/100
|-damage|p1a: Landorus|18/100|[from] Stealth Rock
|-ability|p1a: Landorus|Intimidate|boost
|-unboost|p2a: Toxapex|atk|1
|switch|p2a: Corviknight|Corviknight, M|72/100
|-damage|p2a: Corviknight|59/100|[from] Stealth Rock
|-ability|p2a: Corviknight|Pressure
|
|-heal|p1a: Landorus|24/100|[from] item: Leftovers
|upkeep
|turn|20
|
|t:|1660259539
|move|p1a: Landorus|U-turn|p2a: Corviknight
|-resisted|p2a: Corviknight
|-damage|p2a: Corviknight|56/100
|
|t:|1660259542
|switch|p1a: Slowking|Slowking-Galar, F, shiny|100/100|[from]move: U-turn
|-damage|p1a: Slowking|88/100|[from] Stealth Rock
|move|p2a: Corviknight|Roost|p2a: Corviknight
|-heal|p2a: Corviknight|100/100
|-singleturn|p2a: Corviknight|move: Roost
|
|upkeep
|turn|21
|inactive|BLOODCLAT has 120 seconds left.
|
|t:|1660259573
|move|p2a: Corviknight|U-turn|p1a: Slowking
|-damage|p1a: Slowking|74/100
|
|t:|1660259577
|switch|p2a: Landorus|Landorus-Therian, M|51/100|[from]move: U-turn
|-damage|p2a: Landorus|38/100|[from] Stealth Rock
|-ability|p2a: Landorus|Intimidate|boost
|-unboost|p1a: Slowking|atk|1
|move|p1a: Slowking|Scald|p2a: Landorus
|-supereffective|p2a: Landorus
|-damage|p2a: Landorus|0 fnt
|faint|p2a: Landorus
|
|-fieldend|Misty Terrain
|upkeep
|
|t:|1660259583
|switch|p2a: Weavile|Weavile, M|51/100
|-damage|p2a: Weavile|26/100|[from] Stealth Rock
|-ability|p2a: Weavile|Pressure
|turn|22
|inactive|LT92PF rej has 120 seconds left.
|
|t:|1660259613
|switch|p1a: Tornadus|Tornadus-Therian, M, shiny|61/100
|-damage|p1a: Tornadus|36/100|[from] Stealth Rock
|move|p2a: Weavile|Knock Off|p1a: Tornadus
|-damage|p1a: Tornadus|0 fnt
|faint|p1a: Tornadus
|
|upkeep
|l| LT92PF fardin
|
|t:|1660259617
|switch|p1a: Tapu Fini|Tapu Fini, shiny|88/100
|-damage|p1a: Tapu Fini|76/100|[from] Stealth Rock
|-fieldstart|move: Misty Terrain|[from] ability: Misty Surge|[of] p1a: Tapu Fini
|turn|23
|inactive|LT92PF rej has 120 seconds left.
|
|t:|1660259647
|switch|p1a: Melmetal|Melmetal, shiny|43/100
|-damage|p1a: Melmetal|37/100|[from] Stealth Rock
|switch|p2a: Slowking|Slowking-Galar, F, shiny|55/100
|-damage|p2a: Slowking|43/100|[from] Stealth Rock
|
|-heal|p1a: Melmetal|43/100|[from] item: Leftovers
|upkeep
|turn|24
|inactive|LT92PF rej has 120 seconds left.
|
|t:|1660259653
|switch|p2a: Corviknight|Corviknight, M|100/100
|-damage|p2a: Corviknight|88/100|[from] Stealth Rock
|-ability|p2a: Corviknight|Pressure
|move|p1a: Melmetal|Double Iron Bash|p2a: Corviknight
|-resisted|p2a: Corviknight
|-damage|p2a: Corviknight|74/100
|-resisted|p2a: Corviknight
|-damage|p2a: Corviknight|60/100
|-hitcount|p2a: Corviknight|2
|
|-heal|p1a: Melmetal|50/100|[from] item: Leftovers
|upkeep
|turn|25
|
|t:|1660259658
|move|p2a: Corviknight|Defog|p1a: Melmetal
|-unboost|p1a: Melmetal|evasion|1
|-sideend|p1: LT92PF rej|Stealth Rock|[from] move: Defog|[of] p2a: Corviknight
|-sideend|p2: BLOODCLAT|Stealth Rock|[from] move: Defog|[of] p2a: Corviknight
|-fieldend|Misty Terrain
|move|p1a: Melmetal|Thunder Punch|p2a: Corviknight
|-supereffective|p2a: Corviknight
|-damage|p2a: Corviknight|15/100
|-status|p2a: Corviknight|par
|
|-heal|p1a: Melmetal|56/100|[from] item: Leftovers
|upkeep
|turn|26
|
|t:|1660259668
|move|p1a: Melmetal|Thunder Punch|p2a: Corviknight
|-supereffective|p2a: Corviknight
|-damage|p2a: Corviknight|0 fnt
|faint|p2a: Corviknight
|
|-heal|p1a: Melmetal|62/100|[from] item: Leftovers
|upkeep
|
|t:|1660259690
|switch|p2a: Blacephalon|Blacephalon|76/100
|turn|27
|
|t:|1660259697
|move|p1a: Melmetal|Protect|p1a: Melmetal
|-singleturn|p1a: Melmetal|Protect
|move|p2a: Blacephalon|Shadow Ball|p1a: Melmetal
|-activate|p1a: Melmetal|move: Protect
|
|-heal|p1a: Melmetal|68/100|[from] item: Leftovers
|upkeep
|turn|28
|inactive|LT92PF rej has 120 seconds left.
|
|t:|1660259754
|move|p2a: Blacephalon|Shadow Ball|p1a: Melmetal
|-damage|p1a: Melmetal|3/100
|move|p1a: Melmetal|Double Iron Bash|p2a: Blacephalon
|-resisted|p2a: Blacephalon
|-damage|p2a: Blacephalon|25/100
|-resisted|p2a: Blacephalon
|-damage|p2a: Blacephalon|0 fnt
|faint|p2a: Blacephalon
|-hitcount|p2: Blacephalon|2
|
|-heal|p1a: Melmetal|9/100|[from] item: Leftovers
|upkeep
|inactive|BLOODCLAT has 120 seconds left.
|
|t:|1660259791
|switch|p2a: Weavile|Weavile, M|26/100
|-ability|p2a: Weavile|Pressure
|turn|29
|
|t:|1660259793
|move|p1a: Melmetal|Protect|p1a: Melmetal
|-singleturn|p1a: Melmetal|Protect
|move|p2a: Weavile|Knock Off|p1a: Melmetal
|-activate|p1a: Melmetal|move: Protect
|
|-heal|p1a: Melmetal|15/100|[from] item: Leftovers
|upkeep
|turn|30
|inactive|LT92PF rej has 90 seconds left.
|inactive|LT92PF rej has 60 seconds left.
|inactive|LT92PF rej has 30 seconds left.
|inactive|LT92PF rej has 20 seconds left.
|
|t:|1660259897
|switch|p1a: Slowking|Slowking-Galar, F, shiny|100/100
|move|p2a: Weavile|Knock Off|p1a: Slowking
|-supereffective|p1a: Slowking
|-damage|p1a: Slowking|0 fnt
|-enditem|p1a: Slowking|Assault Vest|[from] move: Knock Off|[of] p2a: Weavile
|faint|p1a: Slowking
|
|upkeep
|inactive|LT92PF rej has 25 seconds left this turn.
|
|t:|1660259899
|switch|p1a: Tapu Fini|Tapu Fini, shiny|76/100
|-fieldstart|move: Misty Terrain|[from] ability: Misty Surge|[of] p1a: Tapu Fini
|turn|31
|inactive|LT92PF rej has 30 seconds left.
|
|t:|1660259907
|switch|p1a: Landorus|Landorus-Therian, M, shiny|24/100
|-ability|p1a: Landorus|Intimidate|boost
|-unboost|p2a: Weavile|atk|1
|switch|p2a: Slowking|Slowking-Galar, F, shiny|76/100
|
|-heal|p1a: Landorus|30/100|[from] item: Leftovers
|upkeep
|turn|32
|
|t:|1660259914
|switch|p2a: Toxapex|Toxapex, F|89/100 par
|move|p1a: Landorus|Earthquake|p2a: Toxapex
|-supereffective|p2a: Toxapex
|-damage|p2a: Toxapex|19/100 par
|
|-heal|p1a: Landorus|36/100|[from] item: Leftovers
|upkeep
|turn|33
|
|t:|1660259918
|switch|p2a: Weavile|Weavile, M|26/100
|-ability|p2a: Weavile|Pressure
|move|p1a: Landorus|Stealth Rock|p2a: Weavile
|-sidestart|p2: BLOODCLAT|move: Stealth Rock
|
|-heal|p1a: Landorus|42/100|[from] item: Leftovers
|upkeep
|turn|34
|j| irgendwasmitmeeem
|
|t:|1660259941
|move|p2a: Weavile|Knock Off|p1a: Landorus
|-crit|p1a: Landorus
|-damage|p1a: Landorus|0 fnt
|-enditem|p1a: Landorus|Leftovers|[from] move: Knock Off|[of] p2a: Weavile
|faint|p1a: Landorus
|
|upkeep
|
|t:|1660259943
|switch|p1a: Tapu Fini|Tapu Fini, shiny|76/100
|turn|35
|
|t:|1660259946
|switch|p1a: Melmetal|Melmetal, shiny|15/100
|switch|p2a: Slowking|Slowking-Galar, F, shiny|100/100
|-damage|p2a: Slowking|88/100|[from] Stealth Rock
|
|-heal|p1a: Melmetal|21/100|[from] item: Leftovers
|-fieldend|Misty Terrain
|upkeep
|turn|36
|
|t:|1660259954
|switch|p2a: Toxapex|Toxapex, F|52/100 par
|-damage|p2a: Toxapex|40/100 par|[from] Stealth Rock
|move|p1a: Melmetal|Protect||[still]
|-fail|p1a: Melmetal
|
|-heal|p1a: Melmetal|28/100|[from] item: Leftovers
|upkeep
|turn|37
|
|t:|1660259957
|move|p1a: Melmetal|Thunder Punch|p2a: Toxapex
|-supereffective|p2a: Toxapex
|-damage|p2a: Toxapex|0 fnt
|faint|p2a: Toxapex
|
|-heal|p1a: Melmetal|34/100|[from] item: Leftovers
|upkeep
|
|t:|1660259960
|switch|p2a: Weavile|Weavile, M|26/100
|-damage|p2a: Weavile|2/100|[from] Stealth Rock
|-ability|p2a: Weavile|Pressure
|turn|38
|
|t:|1660259962
|move|p1a: Melmetal|Protect|p1a: Melmetal
|-singleturn|p1a: Melmetal|Protect
|move|p2a: Weavile|Knock Off|p1a: Melmetal
|-activate|p1a: Melmetal|move: Protect
|
|-heal|p1a: Melmetal|40/100|[from] item: Leftovers
|upkeep
|turn|39
|
|t:|1660259969
|switch|p1a: Tapu Fini|Tapu Fini, shiny|76/100
|-fieldstart|move: Misty Terrain|[from] ability: Misty Surge|[of] p1a: Tapu Fini
|move|p2a: Weavile|Knock Off|p1a: Tapu Fini
|-resisted|p1a: Tapu Fini
|-damage|p1a: Tapu Fini|41/100
|-enditem|p1a: Tapu Fini|Choice Scarf|[from] move: Knock Off|[of] p2a: Weavile
|
|upkeep
|turn|40
|
|t:|1660259974
|switch|p2a: Slowking|Slowking-Galar, F, shiny|100/100
|-damage|p2a: Slowking|88/100|[from] Stealth Rock
|move|p1a: Tapu Fini|Moonblast|p2a: Slowking
|-resisted|p2a: Slowking
|-damage|p2a: Slowking|79/100
|
|upkeep
|turn|41
|
|t:|1660259979
|move|p1a: Tapu Fini|Surf|p2a: Slowking
|-damage|p2a: Slowking|59/100
|move|p2a: Slowking|Sludge Bomb|p1a: Tapu Fini
|-supereffective|p1a: Tapu Fini
|-damage|p1a: Tapu Fini|0 fnt
|faint|p1a: Tapu Fini
|
|upkeep
|
|t:|1660259980
|switch|p1a: Melmetal|Melmetal, shiny|40/100
|turn|42
|
|t:|1660259983
|switch|p2a: Weavile|Weavile, M|2/100
|-damage|p2a: Weavile|0 fnt|[from] Stealth Rock
|faint|p2a: Weavile
|move|p1a: Melmetal|Double Iron Bash|p2: Weavile|[notarget]
|-fail|p1a: Melmetal
|
|-heal|p1a: Melmetal|46/100|[from] item: Leftovers
|upkeep
|
|t:|1660259984
|switch|p2a: Slowking|Slowking-Galar, F, shiny|92/100
|-damage|p2a: Slowking|79/100|[from] Stealth Rock
|turn|43
|
|t:|1660259987
|move|p1a: Melmetal|Protect|p1a: Melmetal
|-singleturn|p1a: Melmetal|Protect
|move|p2a: Slowking|Flamethrower|p1a: Melmetal
|-activate|p1a: Melmetal|move: Protect
|
|-heal|p1a: Melmetal|53/100|[from] item: Leftovers
|-fieldend|Misty Terrain
|upkeep
|turn|44
|
|t:|1660259997
|move|p1a: Melmetal|Double Iron Bash|p2a: Slowking
|-damage|p2a: Slowking|31/100
|-damage|p2a: Slowking|0 fnt
|faint|p2a: Slowking
|-hitcount|p2: Slowking|2
|
|win|LT92PF rej
|raw|LT92PF rej's rating: 1820 &rarr; <strong>1838</strong><br />(+18 for winning)
|raw|BLOODCLAT's rating: 1778 &rarr; <strong>1760</strong><br />(-18 for losing)
|l|‽BLOODCLAT
