|j|☆minimax_ai
|j|☆NeoNaruto®++
|t:|1661998929
|gametype|singles
|player|p1|minimax_ai|lusamine-nihilego|1557
|player|p2|NeoNaruto®++|burglar-gen1rb|1531
|teamsize|p1|6
|teamsize|p2|6
|gen|8
|tier|[Gen 8] OU
|rated|
|rule|Sleep Clause Mod: Limit one foe put to sleep
|rule|Species Clause: Limit one of each Pokémon
|rule|OHKO Clause: OHKO moves are banned
|rule|Evasion Items Clause: Evasion items are banned
|rule|Evasion Moves Clause: Evasion moves are banned
|rule|Endless Battle Clause: Forcing endless battles is banned
|rule|HP Percentage Mod: HP is shown in percentages
|rule|Dynamax Clause: You cannot dynamax
|clearpoke
|poke|p1|Rotom-Wash|
|poke|p1|Weavile, F|
|poke|p1|Landorus-Therian, M|
|poke|p1|Heatran, M|
|poke|p1|Tangrowth, F|
|poke|p1|Melmetal|
|poke|p2|Landorus-Therian, M|
|poke|p2|Ferrothorn, M|
|poke|p2|Tapu Koko|
|poke|p2|Dragonite, F|
|poke|p2|Darmanitan, F|
|poke|p2|Tyranitar, F|
|teampreview
|inactive|Battle timer is ON: inactive players will automatically lose when time's up. (requested by NeoNaruto®++)
|c|☆minimax_ai|hf
|inactive|minimax_ai also wants the timer to be on.
|
|t:|1661998941
|start
|switch|p1a: landorustherian|Landorus-Therian, M|100/100
|switch|p2a: Bernie Landers|Landorus-Therian, M|100/100
|-ability|p2a: Bernie Landers|Intimidate|boost
|-unboost|p1a: landorustherian|atk|1
|-ability|p1a: landorustherian|Intimidate|boost
|-unboost|p2a: Bernie Landers|atk|1
|turn|1
|
|t:|1661998945
|switch|p1a: Melmetal|Melmetal|100/100
|move|p2a: Bernie Landers|Toxic|p1a: Melmetal
|-immune|p1a: Melmetal
|
|upkeep
|turn|2
|
|t:|1661998947
|move|p2a: Bernie Landers|U-turn|p1a: Melmetal
|-resisted|p1a: Melmetal
|-damage|p1a: Melmetal|96/100
|
|t:|1661998949
|switch|p2a: RX PAPi|Ferrothorn, M|100/100|[from]move: U-turn
|move|p1a: Melmetal|Ice Punch|p2a: RX PAPi
|-damage|p2a: RX PAPi|79/100
|-damage|p1a: Melmetal|83/100|[from] ability: Iron Barbs|[of] p2a: RX PAPi
|-damage|p1a: Melmetal|67/100|[from] item: Rocky Helmet|[of] p2a: RX PAPi
|
|upkeep
|turn|3
|
|t:|1661998952
|switch|p1a: landorustherian|Landorus-Therian, M|100/100
|-ability|p1a: landorustherian|Intimidate|boost
|-unboost|p2a: RX PAPi|atk|1
|move|p2a: RX PAPi|Leech Seed|p1a: landorustherian|[miss]
|-miss|p2a: RX PAPi|p1a: landorustherian
|
|upkeep
|turn|4
|
|t:|1661998957
|switch|p2a: Bernie Landers|Landorus-Therian, M|100/100
|-ability|p2a: Bernie Landers|Intimidate|boost
|-unboost|p1a: landorustherian|atk|1
|move|p1a: landorustherian|U-turn|p2a: Bernie Landers
|-resisted|p2a: Bernie Landers
|-damage|p2a: Bernie Landers|96/100
|-damage|p1a: landorustherian|84/100|[from] item: Rocky Helmet|[of] p2a: Bernie Landers
|
|t:|1661998957
|switch|p1a: Weavile|Weavile, F|100/100|[from]move: U-turn
|-ability|p1a: Weavile|Pressure
|
|upkeep
|turn|5
|
|t:|1661998959
|switch|p2a: RX PAPi|Ferrothorn, M|79/100
|move|p1a: Weavile|Triple Axel|p2a: RX PAPi
|-damage|p2a: RX PAPi|71/100
|-damage|p1a: Weavile|88/100|[from] ability: Iron Barbs|[of] p2a: RX PAPi
|-damage|p1a: Weavile|72/100|[from] item: Rocky Helmet|[of] p2a: RX PAPi
|-hitcount|p2a: RX PAPi|1
|
|upkeep
|turn|6
|
|t:|1661998962
|switch|p1a: Tangrowth|Tangrowth, F|100/100
|move|p2a: RX PAPi|Leech Seed|p1a: Tangrowth
|-immune|p1a: Tangrowth
|
|upkeep
|turn|7
|
|t:|1661998965
|move|p2a: RX PAPi|Protect|p2a: RX PAPi
|-singleturn|p2a: RX PAPi|Protect
|move|p1a: Tangrowth|Focus Blast|p2a: RX PAPi
|-activate|p2a: RX PAPi|move: Protect
|
|upkeep
|turn|8
|
|t:|1661998968
|switch|p2a: PURRP FOR SALE|Darmanitan, F|100/100
|move|p1a: Tangrowth|Sleep Powder|p2a: PURRP FOR SALE
|-status|p2a: PURRP FOR SALE|slp|[from] move: Sleep Powder
|
|upkeep
|turn|9
|
|t:|1661998977
|cant|p2a: PURRP FOR SALE|slp
|move|p1a: Tangrowth|Knock Off|p2a: PURRP FOR SALE
|-damage|p2a: PURRP FOR SALE|68/100 slp
|-enditem|p2a: PURRP FOR SALE|Choice Band|[from] move: Knock Off|[of] p1a: Tangrowth
|
|upkeep
|turn|10
|
|t:|1661998981
|switch|p1a: landorustherian|Landorus-Therian, M|84/100
|-ability|p1a: landorustherian|Intimidate|boost
|-unboost|p2a: PURRP FOR SALE|atk|1
|-curestatus|p2a: PURRP FOR SALE|slp|[msg]
|move|p2a: PURRP FOR SALE|U-turn|p1a: landorustherian
|-resisted|p1a: landorustherian
|-damage|p1a: landorustherian|75/100
|
|t:|1661998984
|switch|p2a: Bernie Landers|Landorus-Therian, M|96/100|[from]move: U-turn
|-ability|p2a: Bernie Landers|Intimidate|boost
|-unboost|p1a: landorustherian|atk|1
|
|-heal|p1a: landorustherian|81/100|[from] item: Leftovers
|upkeep
|turn|11
|
|t:|1661998985
|move|p2a: Bernie Landers|Knock Off|p1a: landorustherian
|-damage|p1a: landorustherian|53/100
|-enditem|p1a: landorustherian|Leftovers|[from] move: Knock Off|[of] p2a: Bernie Landers
|move|p1a: landorustherian|Toxic|p2a: Bernie Landers
|-status|p2a: Bernie Landers|tox
|
|-damage|p2a: Bernie Landers|90/100 tox|[from] psn
|upkeep
|turn|12
|
|t:|1661998987
|move|p2a: Bernie Landers|Toxic|p1a: landorustherian
|-status|p1a: landorustherian|tox
|move|p1a: landorustherian|U-turn|p2a: Bernie Landers
|-resisted|p2a: Bernie Landers
|-damage|p2a: Bernie Landers|85/100 tox
|-damage|p1a: landorustherian|37/100 tox|[from] item: Rocky Helmet|[of] p2a: Bernie Landers
|
|t:|1661998987
|switch|p1a: Heatran|Heatran, M|100/100|[from]move: U-turn
|-item|p1a: Heatran|Air Balloon
|
|-damage|p2a: Bernie Landers|73/100 tox|[from] psn
|upkeep
|turn|13
|
|t:|1661998990
|move|p1a: Heatran|Stealth Rock|p2a: Bernie Landers
|-sidestart|p2: NeoNaruto®++|move: Stealth Rock
|move|p2a: Bernie Landers|Stealth Rock|p1a: Heatran
|-sidestart|p1: minimax_ai|move: Stealth Rock
|
|-damage|p2a: Bernie Landers|55/100 tox|[from] psn
|upkeep
|turn|14
|
|t:|1661998992
|switch|p2a: DA LAST REX(3005)|Tyranitar, F|100/100
|-damage|p2a: DA LAST REX(3005)|88/100|[from] Stealth Rock
|-weather|Sandstorm|[from] ability: Sand Stream|[of] p2a: DA LAST REX(3005)
|move|p1a: Heatran|Magma Storm|p2a: DA LAST REX(3005)
|-resisted|p2a: DA LAST REX(3005)
|-damage|p2a: DA LAST REX(3005)|81/100
|-activate|p2a: DA LAST REX(3005)|move: Magma Storm|[of] p1a: Heatran
|
|-weather|Sandstorm|[upkeep]
|-damage|p2a: DA LAST REX(3005)|68/100|[from] move: Magma Storm|[partiallytrapped]
|upkeep
|turn|15
|
|t:|1661998993
|switch|p1a: landorustherian|Landorus-Therian, M|37/100 tox
|-damage|p1a: landorustherian|24/100 tox|[from] Stealth Rock
|-ability|p1a: landorustherian|Intimidate|boost
|-unboost|p2a: DA LAST REX(3005)|atk|1
|move|p2a: DA LAST REX(3005)|Stone Edge|p1a: landorustherian
|-damage|p1a: landorustherian|0 fnt
|faint|p1a: landorustherian
|
|-weather|Sandstorm|[upkeep]
|-end|p2a: DA LAST REX(3005)|Magma Storm|[partiallytrapped]|[silent]
|upkeep
|
|t:|1661998994
|switch|p1a: Melmetal|Melmetal|67/100
|-damage|p1a: Melmetal|61/100|[from] Stealth Rock
|turn|16
|
|t:|1661999001
|switch|p2a: Bernie Landers|Landorus-Therian, M|55/100 tox
|-damage|p2a: Bernie Landers|42/100 tox|[from] Stealth Rock
|-ability|p2a: Bernie Landers|Intimidate|boost
|-unboost|p1a: Melmetal|atk|1
|move|p1a: Melmetal|Ice Punch|p2a: Bernie Landers
|-supereffective|p2a: Bernie Landers
|-damage|p2a: Bernie Landers|0 fnt
|-damage|p1a: Melmetal|44/100|[from] item: Rocky Helmet|[of] p2a: Bernie Landers
|faint|p2a: Bernie Landers
|
|-weather|Sandstorm|[upkeep]
|upkeep
|
|t:|1661999003
|switch|p2a: PURRP FOR SALE|Darmanitan, F|68/100
|-damage|p2a: PURRP FOR SALE|43/100|[from] Stealth Rock
|turn|17
|
|t:|1661999004
|switch|p1a: Tangrowth|Tangrowth, F|100/100
|-damage|p1a: Tangrowth|88/100|[from] Stealth Rock
|move|p2a: PURRP FOR SALE|Flare Blitz|p1a: Tangrowth
|-supereffective|p1a: Tangrowth
|-damage|p1a: Tangrowth|0 fnt
|-damage|p2a: PURRP FOR SALE|27/100|[from] item: Rocky Helmet|[of] p1a: Tangrowth
|faint|p1a: Tangrowth
|-damage|p2a: PURRP FOR SALE|0 fnt|[from] Recoil
|faint|p2a: PURRP FOR SALE
|
|-weather|Sandstorm|[upkeep]
|upkeep
|
|t:|1661999007
|switch|p2a: VODECi|Tapu Koko|100/100
|switch|p1a: rotomwash|Rotom-Wash|100/100
|-damage|p2a: VODECi|88/100|[from] Stealth Rock
|-fieldstart|move: Electric Terrain|[from] ability: Electric Surge|[of] p2a: VODECi
|-damage|p1a: rotomwash|88/100|[from] Stealth Rock
|turn|18
|
|t:|1661999010
|move|p2a: VODECi|Thunderbolt|p1a: rotomwash
|-damage|p1a: rotomwash|4/100
|move|p1a: rotomwash|Pain Split|p2a: VODECi
|-sethp|p2a: VODECi|46/100|[from] move: Pain Split|[silent]
|-sethp|p1a: rotomwash|43/100|[from] move: Pain Split
|
|-weather|none
|-heal|p1a: rotomwash|49/100|[from] item: Leftovers
|upkeep
|turn|19
|
|t:|1661999012
|move|p2a: VODECi|Thunderbolt|p1a: rotomwash
|-damage|p1a: rotomwash|0 fnt
|faint|p1a: rotomwash
|
|upkeep
|
|t:|1661999012
|switch|p1a: Heatran|Heatran, M|100/100
|-damage|p1a: Heatran|88/100|[from] Stealth Rock
|-item|p1a: Heatran|Air Balloon
|turn|20
|
|t:|1661999014
|switch|p2a: DA LAST REX(3005)|Tyranitar, F|68/100
|-damage|p2a: DA LAST REX(3005)|56/100|[from] Stealth Rock
|-weather|Sandstorm|[from] ability: Sand Stream|[of] p2a: DA LAST REX(3005)
|move|p1a: Heatran|Magma Storm|p2a: DA LAST REX(3005)
|-resisted|p2a: DA LAST REX(3005)
|-damage|p2a: DA LAST REX(3005)|48/100
|-activate|p2a: DA LAST REX(3005)|move: Magma Storm|[of] p1a: Heatran
|
|-weather|Sandstorm|[upkeep]
|-damage|p2a: DA LAST REX(3005)|36/100|[from] move: Magma Storm|[partiallytrapped]
|upkeep
|turn|21
|
|t:|1661999017
|move|p1a: Heatran|Earth Power|p2a: DA LAST REX(3005)
|-supereffective|p2a: DA LAST REX(3005)
|-crit|p2a: DA LAST REX(3005)
|-damage|p2a: DA LAST REX(3005)|9/100
|move|p2a: DA LAST REX(3005)|Stone Edge|p1a: Heatran|[miss]
|-miss|p2a: DA LAST REX(3005)|p1a: Heatran
|
|-weather|Sandstorm|[upkeep]
|-damage|p2a: DA LAST REX(3005)|0 fnt|[from] move: Magma Storm|[partiallytrapped]
|faint|p2a: DA LAST REX(3005)
|upkeep
|
|t:|1661999024
|switch|p2a: VODECi|Tapu Koko|46/100
|-damage|p2a: VODECi|34/100|[from] Stealth Rock
|turn|22
|
|t:|1661999026
|move|p2a: VODECi|Volt Switch|p1a: Heatran
|-damage|p1a: Heatran|30/100
|-enditem|p1a: Heatran|Air Balloon
|
|t:|1661999029
|switch|p2a: Fat Charizard|Dragonite, F, shiny|100/100|[from]move: Volt Switch
|move|p1a: Heatran|Magma Storm|p2a: Fat Charizard
|-resisted|p2a: Fat Charizard
|-damage|p2a: Fat Charizard|87/100
|-activate|p2a: Fat Charizard|move: Magma Storm|[of] p1a: Heatran
|
|-weather|Sandstorm|[upkeep]
|-damage|p2a: Fat Charizard|81/100|[from] Sandstorm
|-damage|p2a: Fat Charizard|69/100|[from] move: Magma Storm|[partiallytrapped]
|-fieldend|move: Electric Terrain
|upkeep
|turn|23
|
|t:|1661999031
|move|p1a: Heatran|Magma Storm|p2a: Fat Charizard
|-resisted|p2a: Fat Charizard
|-damage|p2a: Fat Charizard|41/100
|move|p2a: Fat Charizard|Earthquake|p1a: Heatran
|-supereffective|p1a: Heatran
|-damage|p1a: Heatran|0 fnt
|faint|p1a: Heatran
|
|-weather|Sandstorm|[upkeep]
|-damage|p2a: Fat Charizard|35/100|[from] Sandstorm
|-end|p2a: Fat Charizard|Magma Storm|[partiallytrapped]|[silent]
|upkeep
|
|t:|1661999031
|switch|p1a: Weavile|Weavile, F|72/100
|-damage|p1a: Weavile|47/100|[from] Stealth Rock
|-ability|p1a: Weavile|Pressure
|turn|24
|
|t:|1661999033
|move|p2a: Fat Charizard|Extreme Speed|p1a: Weavile
|-damage|p1a: Weavile|0 fnt
|faint|p1a: Weavile
|
|-weather|none
|upkeep
|
|t:|1661999033
|switch|p1a: Melmetal|Melmetal|44/100
|-damage|p1a: Melmetal|38/100|[from] Stealth Rock
|turn|25
|
|t:|1661999035
|move|p2a: Fat Charizard|Earthquake|p1a: Melmetal
|-supereffective|p1a: Melmetal
|-damage|p1a: Melmetal|0 fnt
|faint|p1a: Melmetal
|
|win|NeoNaruto®++
|raw|minimax_ai's rating: 1557 &rarr; <strong>1536</strong><br />(-21 for losing)
|raw|NeoNaruto®++'s rating: 1531 &rarr; <strong>1552</strong><br />(+21 for winning)
|c|☆minimax_ai|gg
