|j|☆TheonReekGreyjoy
|j|☆GGeorgie◕‿◕
|t:|1651440752
|gametype|singles
|player|p1|TheonReekGreyjoy|2|1795
|player|p2|GGeorgie◕‿◕|hiker-gen2|1761
|teamsize|p1|6
|teamsize|p2|6
|gen|8
|tier|[Gen 8] OU
|rated|
|rule|Sleep Clause Mod: Limit one foe put to sleep
|rule|Species Clause: Limit one of each Pokémon
|rule|OHKO Clause: OHKO moves are banned
|rule|Evasion Moves Clause: Evasion moves are banned
|rule|Endless Battle Clause: Forcing endless battles is banned
|rule|HP Percentage Mod: HP is shown in percentages
|rule|Dynamax Clause: You cannot dynamax
|clearpoke
|poke|p1|Hatterene, F|
|poke|p1|Tornadus-Therian, M|
|poke|p1|Vanilluxe, M|
|poke|p1|Heatran, M|
|poke|p1|Arctozolt|
|poke|p1|Landorus-Therian, M|
|poke|p2|Tapu Lele|
|poke|p2|Tyranitar, F|
|poke|p2|Zapdos|
|poke|p2|Excadrill, M|
|poke|p2|Rotom-Wash|
|poke|p2|Tangrowth, F|
|teampreview
|inactive|Battle timer is ON: inactive players will automatically lose when time's up. (requested by GGeorgie◕‿◕)
|
|t:|1651440757
|start
|switch|p1a: Tornadus|Tornadus-Therian, M|100/100
|switch|p2a: Tapu Lele|Tapu Lele|100/100
|-fieldstart|move: Psychic Terrain|[from] ability: Psychic Surge|[of] p2a: Tapu Lele
|turn|1
|j| BabyPigsAreLaughin
|
|t:|1651440760
|move|p1a: Tornadus|Knock Off|p2a: Tapu Lele
|-damage|p2a: Tapu Lele|68/100
|-enditem|p2a: Tapu Lele|Choice Specs|[from] move: Knock Off|[of] p1a: Tornadus
|move|p2a: Tapu Lele|Psychic|p1a: Tornadus
|-damage|p1a: Tornadus|54/100
|
|upkeep
|turn|2
|j| tapu moxo
|
|t:|1651440768
|move|p1a: Tornadus|U-turn|p2a: Tapu Lele
|-damage|p2a: Tapu Lele|47/100
|
|t:|1651440771
|switch|p1a: Heatran|Heatran, M|100/100|[from]move: U-turn
|move|p2a: Tapu Lele|Psyshock|p1a: Heatran
|-resisted|p1a: Heatran
|-damage|p1a: Heatran|77/100
|
|-heal|p1a: Heatran|84/100|[from] item: Leftovers
|upkeep
|turn|3
|
|t:|1651440797
|move|p1a: Heatran|Protect|p1a: Heatran
|-singleturn|p1a: Heatran|Protect
|move|p2a: Tapu Lele|Focus Blast|p1a: Heatran
|-activate|p1a: Heatran|move: Protect
|
|-heal|p1a: Heatran|90/100|[from] item: Leftovers
|upkeep
|turn|4
|c| tapu moxo|gimme the avatar blue gary
|
|t:|1651440810
|switch|p1a: Hatterene|Hatterene, F|100/100
|move|p2a: Tapu Lele|Focus Blast|p1a: Hatterene
|-resisted|p1a: Hatterene
|-damage|p1a: Hatterene|88/100
|
|-heal|p1a: Hatterene|94/100|[from] item: Leftovers
|upkeep
|turn|5
|
|t:|1651440823
|move|p2a: Tapu Lele|Moonblast|p1a: Hatterene
|-damage|p1a: Hatterene|42/100
|move|p1a: Hatterene|Draining Kiss|p2a: Tapu Lele
|-damage|p2a: Tapu Lele|24/100
|-heal|p1a: Hatterene|57/100|[from] drain|[of] p2a: Tapu Lele
|
|-heal|p1a: Hatterene|63/100|[from] item: Leftovers
|-fieldend|move: Psychic Terrain
|upkeep
|turn|6
|
|t:|1651440834
|switch|p1a: Tornadus|Tornadus-Therian, M|87/100
|move|p2a: Tapu Lele|Psyshock|p1a: Tornadus
|-damage|p1a: Tornadus|37/100
|
|upkeep
|turn|7
|j| JenWunna
|
|t:|1651440838
|move|p1a: Tornadus|Knock Off|p2a: Tapu Lele
|-damage|p2a: Tapu Lele|2/100
|move|p2a: Tapu Lele|Psyshock|p1a: Tornadus
|-damage|p1a: Tornadus|0 fnt
|faint|p1a: Tornadus
|
|upkeep
|
|t:|1651440844
|switch|p1a: Vanilluxe|Vanilluxe, M|100/100
|-weather|Hail|[from] ability: Snow Warning|[of] p1a: Vanilluxe
|turn|8
|
|t:|1651440850
|switch|p2a: Tyranitar|Tyranitar, F|100/100
|-weather|Sandstorm|[from] ability: Sand Stream|[of] p2a: Tyranitar
|move|p1a: Vanilluxe|Ice Shard|p2a: Tyranitar
|-damage|p2a: Tyranitar|86/100
|
|-weather|Sandstorm|[upkeep]
|-damage|p1a: Vanilluxe|94/100|[from] Sandstorm
|upkeep
|turn|9
|
|t:|1651440858
|switch|p1a: Landorus|Landorus-Therian, M|100/100
|-ability|p1a: Landorus|Intimidate|boost
|-unboost|p2a: Tyranitar|atk|1
|move|p2a: Tyranitar|Stealth Rock|p1a: Landorus
|-sidestart|p1: TheonReekGreyjoy|move: Stealth Rock
|
|-weather|Sandstorm|[upkeep]
|upkeep
|turn|10
|
|t:|1651440862
|switch|p2a: Tangrowth|Tangrowth, F|100/100
|move|p1a: Landorus|Defog|p2a: Tangrowth
|-unboost|p2a: Tangrowth|evasion|1
|-sideend|p1: TheonReekGreyjoy|Stealth Rock|[from] move: Defog|[of] p1a: Landorus
|
|-weather|Sandstorm|[upkeep]
|-damage|p2a: Tangrowth|94/100|[from] Sandstorm
|upkeep
|turn|11
|
|t:|1651440867
|switch|p1a: Heatran|Heatran, M|90/100
|move|p2a: Tangrowth|Knock Off|p1a: Heatran
|-damage|p1a: Heatran|76/100
|-status|p2a: Tangrowth|brn|[from] ability: Flame Body|[of] p1a: Heatran
|-enditem|p1a: Heatran|Leftovers|[from] move: Knock Off|[of] p2a: Tangrowth
|
|-weather|Sandstorm|[upkeep]
|-damage|p2a: Tangrowth|88/100 brn|[from] Sandstorm
|-damage|p2a: Tangrowth|82/100 brn|[from] brn
|upkeep
|turn|12
|
|t:|1651440871
|switch|p2a: Tapu Lele|Tapu Lele|2/100
|-fieldstart|move: Psychic Terrain|[from] ability: Psychic Surge|[of] p2a: Tapu Lele
|move|p1a: Heatran|Stealth Rock|p2a: Tapu Lele
|-sidestart|p2: GGeorgie◕‿◕|move: Stealth Rock
|
|-weather|none
|upkeep
|turn|13
|
|t:|1651440876
|move|p1a: Heatran|Protect|p1a: Heatran
|-singleturn|p1a: Heatran|Protect
|move|p2a: Tapu Lele|Focus Blast|p1a: Heatran
|-activate|p1a: Heatran|move: Protect
|
|upkeep
|turn|14
|
|t:|1651440883
|move|p2a: Tapu Lele|Moonblast|p1a: Heatran
|-resisted|p1a: Heatran
|-damage|p1a: Heatran|67/100
|move|p1a: Heatran|Lava Plume|p2a: Tapu Lele
|-damage|p2a: Tapu Lele|0 fnt
|faint|p2a: Tapu Lele
|
|upkeep
|
|t:|1651440885
|switch|p2a: Rotom|Rotom-Wash|100/100
|-damage|p2a: Rotom|88/100|[from] Stealth Rock
|turn|15
|
|t:|1651440888
|move|p1a: Heatran|Protect|p1a: Heatran
|-singleturn|p1a: Heatran|Protect
|move|p2a: Rotom|Nasty Plot|p2a: Rotom
|-boost|p2a: Rotom|spa|2
|
|upkeep
|turn|16
|
|t:|1651440897
|switch|p1a: Hatterene|Hatterene, F|63/100
|move|p2a: Rotom|Volt Switch|p1a: Hatterene
|-damage|p1a: Hatterene|10/100
|
|t:|1651440899
|switch|p2a: Excadrill|Excadrill, M|100/100|[from]move: Volt Switch
|-damage|p2a: Excadrill|97/100|[from] Stealth Rock
|
|-heal|p2a: Excadrill|100/100|[from] item: Leftovers
|-heal|p1a: Hatterene|16/100|[from] item: Leftovers
|-fieldend|move: Psychic Terrain
|upkeep
|turn|17
|
|t:|1651440904
|switch|p1a: Heatran|Heatran, M|67/100
|move|p2a: Excadrill|Rapid Spin|p1a: Heatran
|-resisted|p1a: Heatran
|-damage|p1a: Heatran|59/100
|-boost|p2a: Excadrill|spe|1
|-sideend|p2: GGeorgie◕‿◕|Stealth Rock|[from] move: Rapid Spin|[of] p2a: Excadrill
|
|upkeep
|turn|18
|
|t:|1651440915
|switch|p2a: Rotom|Rotom-Wash|88/100
|switch|p1a: Landorus|Landorus-Therian, M|100/100
|-ability|p1a: Landorus|Intimidate|boost
|-unboost|p2a: Rotom|atk|1
|
|upkeep
|turn|19
|
|t:|1651440920
|switch|p1a: Vanilluxe|Vanilluxe, M|94/100
|-weather|Hail|[from] ability: Snow Warning|[of] p1a: Vanilluxe
|move|p2a: Rotom|Hydro Pump|p1a: Vanilluxe
|-damage|p1a: Vanilluxe|45/100
|
|-weather|Hail|[upkeep]
|-damage|p2a: Rotom|82/100|[from] Hail
|upkeep
|turn|20
|
|t:|1651440927
|switch|p2a: Tyranitar|Tyranitar, F|86/100
|-weather|Sandstorm|[from] ability: Sand Stream|[of] p2a: Tyranitar
|move|p1a: Vanilluxe|Freeze-Dry|p2a: Tyranitar
|-damage|p2a: Tyranitar|60/100
|
|-weather|Sandstorm|[upkeep]
|-damage|p1a: Vanilluxe|39/100|[from] Sandstorm
|upkeep
|turn|21
|
|t:|1651440932
|switch|p1a: Landorus|Landorus-Therian, M|100/100
|-ability|p1a: Landorus|Intimidate|boost
|-unboost|p2a: Tyranitar|atk|1
|move|p2a: Tyranitar|Stone Edge|p1a: Landorus
|-damage|p1a: Landorus|60/100
|
|-weather|Sandstorm|[upkeep]
|-heal|p1a: Landorus|66/100|[from] item: Leftovers
|upkeep
|turn|22
|
|t:|1651440935
|switch|p2a: Rotom|Rotom-Wash|82/100
|move|p1a: Landorus|U-turn|p2a: Rotom
|-damage|p2a: Rotom|58/100
|-damage|p1a: Landorus|50/100|[from] item: Rocky Helmet|[of] p2a: Rotom
|
|t:|1651440940
|switch|p1a: Vanilluxe|Vanilluxe, M|39/100|[from]move: U-turn
|-weather|Hail|[from] ability: Snow Warning|[of] p1a: Vanilluxe
|
|-weather|Hail|[upkeep]
|-damage|p2a: Rotom|52/100|[from] Hail
|upkeep
|turn|23
|
|t:|1651440944
|switch|p2a: Tyranitar|Tyranitar, F|60/100
|-weather|Sandstorm|[from] ability: Sand Stream|[of] p2a: Tyranitar
|move|p1a: Vanilluxe|Freeze-Dry|p2a: Tyranitar
|-damage|p2a: Tyranitar|32/100
|
|-weather|Sandstorm|[upkeep]
|-damage|p1a: Vanilluxe|33/100|[from] Sandstorm
|upkeep
|turn|24
|
|t:|1651440948
|switch|p1a: Hatterene|Hatterene, F|16/100
|move|p2a: Tyranitar|Stone Edge|p1a: Hatterene
|-damage|p1a: Hatterene|0 fnt
|faint|p1a: Hatterene
|
|-weather|Sandstorm|[upkeep]
|upkeep
|
|t:|1651440957
|switch|p1a: Landorus|Landorus-Therian, M|50/100
|-ability|p1a: Landorus|Intimidate|boost
|-unboost|p2a: Tyranitar|atk|1
|turn|25
|
|t:|1651440962
|switch|p2a: Tangrowth|Tangrowth, F|100/100 brn
|switch|p1a: Vanilluxe|Vanilluxe, M|33/100
|-weather|Hail|[from] ability: Snow Warning|[of] p1a: Vanilluxe
|
|-weather|Hail|[upkeep]
|-damage|p2a: Tangrowth|94/100 brn|[from] Hail
|-damage|p2a: Tangrowth|88/100 brn|[from] brn
|upkeep
|turn|26
|
|t:|1651440966
|move|p1a: Vanilluxe|Freeze-Dry|p2a: Tangrowth
|-supereffective|p2a: Tangrowth
|-damage|p2a: Tangrowth|0 fnt
|faint|p2a: Tangrowth
|
|-weather|Hail|[upkeep]
|upkeep
|
|t:|1651440971
|switch|p2a: Tyranitar|Tyranitar, F|32/100
|-weather|Sandstorm|[from] ability: Sand Stream|[of] p2a: Tyranitar
|turn|27
|
|t:|1651440977
|move|p2a: Tyranitar|Stone Edge|p1a: Vanilluxe
|-supereffective|p1a: Vanilluxe
|-damage|p1a: Vanilluxe|0 fnt
|faint|p1a: Vanilluxe
|
|-weather|Sandstorm|[upkeep]
|upkeep
|
|t:|1651440981
|switch|p1a: Heatran|Heatran, M|59/100
|turn|28
|
|t:|1651440987
|move|p2a: Tyranitar|Earthquake|p1a: Heatran
|-supereffective|p1a: Heatran
|-damage|p1a: Heatran|0 fnt
|faint|p1a: Heatran
|
|-weather|Sandstorm|[upkeep]
|upkeep
|
|t:|1651440991
|switch|p1a: Landorus|Landorus-Therian, M|50/100
|-ability|p1a: Landorus|Intimidate|boost
|-unboost|p2a: Tyranitar|atk|1
|turn|29
|-message|TheonReekGreyjoy forfeited.
|
|win|GGeorgie◕‿◕
|raw|TheonReekGreyjoy's rating: 1795 &rarr; <strong>1774</strong><br />(-21 for losing)
|raw|GGeorgie◕‿◕'s rating: 1783 &rarr; <strong>1804</strong><br />(+21 for winning)
|l|☆TheonReekGreyjoy
