|j|☆rthtfhngy
|j|☆BlueFool
|t:|1660887389
|gametype|singles
|player|p1|rthtfhngy|rosa|1449
|player|p2|BlueFool|ghetsis-gen5bw|1474
|teamsize|p1|6
|teamsize|p2|6
|gen|8
|tier|[Gen 8] OU
|rated|
|rule|Sleep Clause Mod: Limit one foe put to sleep
|rule|Species Clause: Limit one of each Pokémon
|rule|OHKO Clause: OHKO moves are banned
|rule|Evasion Items Clause: Evasion items are banned
|rule|Evasion Moves Clause: Evasion moves are banned
|rule|Endless Battle Clause: Forcing endless battles is banned
|rule|HP Percentage Mod: HP is shown in percentages
|rule|Dynamax Clause: You cannot dynamax
|clearpoke
|poke|p1|Latias, F|
|poke|p1|Hawlucha, F|
|poke|p1|Tapu Fini|
|poke|p1|Volcarona, M|
|poke|p1|Garchomp, F|
|poke|p1|Bisharp, F|
|poke|p2|Pelipper, M|
|poke|p2|Barraskewda, M|
|poke|p2|Ferrothorn, M|
|poke|p2|Steelix, M|
|poke|p2|Omastar, M|
|poke|p2|Latios, M|
|teampreview
|
|t:|1660887413
|start
|switch|p1a: Tapu Fini|Tapu Fini|100/100
|switch|p2a: Pelipper|Pelipper, M|100/100
|-weather|RainDance|[from] ability: Drizzle|[of] p2a: Pelipper
|-fieldstart|move: Misty Terrain|[from] ability: Misty Surge|[of] p1a: Tapu Fini
|turn|1
|
|t:|1660887425
|move|p2a: Pelipper|Hurricane|p1a: Tapu Fini
|-damage|p1a: Tapu Fini|55/100
|move|p1a: Tapu Fini|Light Screen|p1a: Tapu Fini
|-sidestart|p1: rthtfhngy|move: Light Screen
|
|-weather|RainDance|[upkeep]
|upkeep
|turn|2
|
|t:|1660887434
|switch|p2a: Ferrothorn|Ferrothorn, M|100/100
|switch|p1a: Garchomp|Garchomp, F|100/100
|
|-weather|RainDance|[upkeep]
|upkeep
|turn|3
|
|t:|1660887445
|switch|p2a: Omastar|Omastar, M|100/100
|move|p1a: Garchomp|Stealth Rock|p2a: Omastar
|-sidestart|p2: BlueFool|move: Stealth Rock
|
|-weather|RainDance|[upkeep]
|upkeep
|turn|4
|
|t:|1660887456
|move|p2a: Omastar|Ice Beam|p1a: Garchomp
|-supereffective|p1a: Garchomp
|-damage|p1a: Garchomp|44/100
|move|p1a: Garchomp|Toxic|p2a: Omastar
|-activate|p2a: Omastar|move: Misty Terrain
|
|-weather|RainDance|[upkeep]
|-heal|p1a: Garchomp|50/100|[from] item: Leftovers
|upkeep
|turn|5
|
|t:|1660887468
|move|p1a: Garchomp|Protect|p1a: Garchomp
|-singleturn|p1a: Garchomp|Protect
|move|p2a: Omastar|Ice Beam|p1a: Garchomp
|-activate|p1a: Garchomp|move: Protect
|
|-weather|none
|-heal|p1a: Garchomp|57/100|[from] item: Leftovers
|-fieldend|Misty Terrain
|upkeep
|turn|6
|
|t:|1660887477
|move|p1a: Garchomp|Earthquake|p2a: Omastar
|-supereffective|p2a: Omastar
|-damage|p2a: Omastar|20/100
|move|p2a: Omastar|Ice Beam|p1a: Garchomp
|-supereffective|p1a: Garchomp
|-damage|p1a: Garchomp|6/100
|
|-heal|p1a: Garchomp|12/100|[from] item: Leftovers
|upkeep
|turn|7
|
|t:|1660887505
|switch|p1a: Volcarona|Volcarona, M|100/100
|switch|p2a: Steelix|Steelix, M|100/100
|-damage|p2a: Steelix|97/100|[from] Stealth Rock
|
|upkeep
|turn|8
|
|t:|1660887518
|switch|p2a: Pelipper|Pelipper, M|100/100
|-damage|p2a: Pelipper|76/100|[from] Stealth Rock
|-weather|RainDance|[from] ability: Drizzle|[of] p2a: Pelipper
|move|p1a: Volcarona|Fiery Dance|p2a: Pelipper
|-resisted|p2a: Pelipper
|-damage|p2a: Pelipper|54/100
|-boost|p1a: Volcarona|spa|1
|
|-weather|RainDance|[upkeep]
|-sideend|p1: rthtfhngy|move: Light Screen
|upkeep
|turn|9
|inactive|Battle timer is ON: inactive players will automatically lose when time's up. (requested by rthtfhngy)
|
|t:|1660887585
|switch|p2a: Ferrothorn|Ferrothorn, M|100/100
|-damage|p2a: Ferrothorn|94/100|[from] Stealth Rock
|move|p1a: Volcarona|Psychic|p2a: Ferrothorn
|-resisted|p2a: Ferrothorn
|-damage|p2a: Ferrothorn|79/100
|
|-weather|RainDance|[upkeep]
|-heal|p2a: Ferrothorn|85/100|[from] item: Leftovers
|upkeep
|turn|10
|
|t:|1660887598
|move|p1a: Volcarona|Quiver Dance|p1a: Volcarona
|-boost|p1a: Volcarona|spa|1
|-boost|p1a: Volcarona|spd|1
|-boost|p1a: Volcarona|spe|1
|move|p2a: Ferrothorn|Spikes|p1a: Volcarona
|-sidestart|p1: rthtfhngy|Spikes
|
|-weather|RainDance|[upkeep]
|-heal|p2a: Ferrothorn|91/100|[from] item: Leftovers
|upkeep
|turn|11
|
|t:|1660887611
|switch|p2a: Omastar|Omastar, M|20/100
|-damage|p2a: Omastar|8/100|[from] Stealth Rock
|move|p1a: Volcarona|Quiver Dance|p1a: Volcarona
|-boost|p1a: Volcarona|spa|1
|-boost|p1a: Volcarona|spd|1
|-boost|p1a: Volcarona|spe|1
|
|-weather|RainDance|[upkeep]
|upkeep
|turn|12
|
|t:|1660887624
|move|p1a: Volcarona|Giga Drain|p2a: Omastar
|-supereffective|p2a: Omastar
|-damage|p2a: Omastar|0 fnt
|faint|p2a: Omastar
|
|-weather|none
|upkeep
|
|t:|1660887631
|switch|p2a: Pelipper|Pelipper, M|54/100
|-damage|p2a: Pelipper|29/100|[from] Stealth Rock
|-weather|RainDance|[from] ability: Drizzle|[of] p2a: Pelipper
|turn|13
|
|t:|1660887644
|move|p1a: Volcarona|Psychic|p2a: Pelipper
|-damage|p2a: Pelipper|0 fnt
|faint|p2a: Pelipper
|
|-weather|RainDance|[upkeep]
|upkeep
|
|t:|1660887650
|switch|p2a: Barraskewda|Barraskewda, M|100/100
|-damage|p2a: Barraskewda|88/100|[from] Stealth Rock
|turn|14
|
|t:|1660887661
|move|p2a: Barraskewda|Waterfall|p1a: Volcarona
|-supereffective|p1a: Volcarona
|-damage|p1a: Volcarona|0 fnt
|-status|p2a: Barraskewda|brn|[from] ability: Flame Body|[of] p1a: Volcarona
|faint|p1a: Volcarona
|
|-weather|RainDance|[upkeep]
|-damage|p2a: Barraskewda|82/100 brn|[from] brn
|upkeep
|
|t:|1660887675
|switch|p1a: Tapu Fini|Tapu Fini|55/100
|-damage|p1a: Tapu Fini|43/100|[from] Spikes
|-fieldstart|move: Misty Terrain|[from] ability: Misty Surge|[of] p1a: Tapu Fini
|turn|15
|inactive|BlueFool has 120 seconds left.
|
|t:|1660887706
|switch|p2a: Steelix|Steelix, M|97/100
|-damage|p2a: Steelix|94/100|[from] Stealth Rock
|move|p1a: Tapu Fini|Reflect|p1a: Tapu Fini
|-sidestart|p1: rthtfhngy|Reflect
|
|-weather|RainDance|[upkeep]
|upkeep
|turn|16
|
|t:|1660887714
|move|p1a: Tapu Fini|Nature's Madness|p2a: Steelix
|-damage|p2a: Steelix|48/100
|move|p2a: Steelix|Thunder Fang|p1a: Tapu Fini
|-supereffective|p1a: Tapu Fini
|-damage|p1a: Tapu Fini|19/100
|
|-weather|RainDance|[upkeep]
|upkeep
|turn|17
|
|t:|1660887723
|switch|p1a: Latias|Latias, F|100/100
|move|p2a: Steelix|Thunder Fang|p1a: Latias
|-resisted|p1a: Latias
|-damage|p1a: Latias|95/100
|
|-weather|none
|upkeep
|turn|18
|
|t:|1660887736
|move|p1a: Latias|Calm Mind|p1a: Latias
|-boost|p1a: Latias|spa|1
|-boost|p1a: Latias|spd|1
|move|p2a: Steelix|Stealth Rock|p1a: Latias
|-sidestart|p1: rthtfhngy|move: Stealth Rock
|
|upkeep
|turn|19
|
|t:|1660887742
|switch|p2a: Latios|Latios, M, shiny|100/100
|-damage|p2a: Latios|88/100|[from] Stealth Rock
|move|p1a: Latias|Calm Mind|p1a: Latias
|-boost|p1a: Latias|spa|1
|-boost|p1a: Latias|spd|1
|
|-fieldend|Misty Terrain
|upkeep
|turn|20
|
|t:|1660887753
|move|p2a: Latios|Trick|p1a: Latias
|-activate|p2a: Latios|move: Trick|[of] p1a: Latias
|-item|p1a: Latias|Choice Scarf|[from] move: Trick
|-item|p2a: Latios|Weakness Policy|[from] move: Trick
|move|p1a: Latias|Agility|p1a: Latias
|-boost|p1a: Latias|spe|2
|
|upkeep
|turn|21
|
|t:|1660887765
|switch|p1a: Tapu Fini|Tapu Fini|19/100
|-damage|p1a: Tapu Fini|6/100|[from] Spikes
|-damage|p1a: Tapu Fini|0 fnt|[from] Stealth Rock
|faint|p1a: Tapu Fini
|switch|p2a: Ferrothorn|Ferrothorn, M|91/100
|-damage|p2a: Ferrothorn|85/100|[from] Stealth Rock
|
|-heal|p2a: Ferrothorn|91/100|[from] item: Leftovers
|upkeep
|
|t:|1660887774
|switch|p1a: Bisharp|Bisharp, F|100/100
|-damage|p1a: Bisharp|88/100|[from] Spikes
|-damage|p1a: Bisharp|82/100|[from] Stealth Rock
|turn|22
|
|t:|1660887792
|move|p1a: Bisharp|Swords Dance|p1a: Bisharp
|-boost|p1a: Bisharp|atk|2
|move|p2a: Ferrothorn|Leech Seed|p1a: Bisharp
|-start|p1a: Bisharp|move: Leech Seed
|
|-heal|p2a: Ferrothorn|97/100|[from] item: Leftovers
|-damage|p1a: Bisharp|70/100|[from] Leech Seed|[of] p2a: Ferrothorn
|-heal|p2a: Ferrothorn|100/100|[silent]
|-sideend|p1: rthtfhngy|Reflect
|upkeep
|turn|23
|
|t:|1660887803
|move|p1a: Bisharp|Knock Off|p2a: Ferrothorn
|-damage|p2a: Ferrothorn|0 fnt
|-damage|p1a: Bisharp|58/100|[from] ability: Iron Barbs|[of] p2a: Ferrothorn
|-enditem|p2a: Ferrothorn|Leftovers|[from] move: Knock Off|[of] p1a: Bisharp
|faint|p2a: Ferrothorn
|
|upkeep
|inactive|BlueFool has 120 seconds left.
|
|t:|1660887827
|switch|p2a: Latios|Latios, M, shiny|88/100
|-damage|p2a: Latios|76/100|[from] Stealth Rock
|turn|24
|
|t:|1660887832
|move|p1a: Bisharp|Sucker Punch||[still]
|-fail|p1a: Bisharp
|move|p2a: Latios|Trick|p1a: Bisharp
|-activate|p2a: Latios|move: Trick|[of] p1a: Bisharp
|-item|p1a: Bisharp|Weakness Policy|[from] move: Trick
|-item|p2a: Latios|Black Glasses|[from] move: Trick
|
|-damage|p1a: Bisharp|45/100|[from] Leech Seed|[of] p2a: Latios
|-heal|p2a: Latios|90/100|[silent]
|upkeep
|turn|25
|
|t:|1660887841
|switch|p2a: Steelix|Steelix, M|48/100
|-damage|p2a: Steelix|44/100|[from] Stealth Rock
|move|p1a: Bisharp|Sucker Punch||[still]
|-fail|p1a: Bisharp
|
|-damage|p1a: Bisharp|33/100|[from] Leech Seed|[of] p2a: Steelix
|-heal|p2a: Steelix|59/100|[silent]
|upkeep
|turn|26
|
|t:|1660887863
|switch|p2a: Barraskewda|Barraskewda, M|82/100 brn
|-damage|p2a: Barraskewda|69/100 brn|[from] Stealth Rock
|move|p1a: Bisharp|Knock Off|p2a: Barraskewda
|-damage|p2a: Barraskewda|0 fnt
|-enditem|p2a: Barraskewda|Choice Band|[from] move: Knock Off|[of] p1a: Bisharp
|faint|p2a: Barraskewda
|
|upkeep
|
|t:|1660887872
|switch|p2a: Latios|Latios, M, shiny|90/100
|-damage|p2a: Latios|77/100|[from] Stealth Rock
|turn|27
|
|t:|1660887877
|move|p1a: Bisharp|Sucker Punch||[still]
|-fail|p1a: Bisharp
|move|p2a: Latios|Trick|p1a: Bisharp
|-activate|p2a: Latios|move: Trick|[of] p1a: Bisharp
|-item|p1a: Bisharp|Black Glasses|[from] move: Trick
|-item|p2a: Latios|Weakness Policy|[from] move: Trick
|
|-damage|p1a: Bisharp|21/100|[from] Leech Seed|[of] p2a: Latios
|-heal|p2a: Latios|91/100|[silent]
|upkeep
|turn|28
|
|t:|1660887887
|move|p2a: Latios|Aura Sphere|p1a: Bisharp
|-supereffective|p1a: Bisharp
|-damage|p1a: Bisharp|0 fnt
|faint|p1a: Bisharp
|
|upkeep
|-message|rthtfhngy forfeited.
|
|win|BlueFool
|raw|rthtfhngy's rating: 1449 &rarr; <strong>1430</strong><br />(-19 for losing)
|raw|BlueFool's rating: 1474 &rarr; <strong>1493</strong><br />(+19 for winning)
|l|☆rthtfhngy
