|j|☆TanteMolly
|j|☆4funaccount
|player|p1|TanteMolly|gambler|1739
|player|p2|4funaccount|hilda-dueldisk|1832
|teamsize|p1|6
|teamsize|p2|6
|gametype|singles
|gen|8
|tier|[Gen 8] OU
|rated|
|clearpoke
|poke|p1|Corviknight, M|
|poke|p1|Seismitoad, F|
|poke|p1|Dragapult, F|
|poke|p1|Kommo-o, F|
|poke|p1|Hatterene, F|
|poke|p1|Mr. Mime-Galar, M|
|poke|p2|Centiskorch, F|
|poke|p2|Rotom-Wash|
|poke|p2|Dragapult, M|
|poke|p2|Ferrothorn, M|
|poke|p2|Excadrill, F|
|poke|p2|Hydreigon, F|
|rule|Sleep Clause Mod: Limit one foe put to sleep
|rule|Species Clause: Limit one of each Pokémon
|rule|OHKO Clause: OHKO moves are banned
|rule|Evasion Moves Clause: Evasion moves are banned
|rule|Endless Battle Clause: Forcing endless battles is banned
|rule|HP Percentage Mod: HP is shown in percentages
|rule|Dynamax Clause: You cannot dynamax
|teampreview
|
|start
|switch|p1a: Dragapult|Dragapult, F|100/100
|switch|p2a: gen 8 marshadow|Dragapult, M|100/100
|turn|1
|inactive|Battle timer is ON: inactive players will automatically lose when time's up. (requested by TanteMolly)
|
|move|p2a: gen 8 marshadow|Shadow Ball|p1a: Dragapult
|-supereffective|p1a: Dragapult
|-damage|p1a: Dragapult|0 fnt
|faint|p1a: Dragapult
|
|upkeep
|
|switch|p1a: Hatterene|Hatterene, F|100/100
|turn|2
|
|switch|p2a: gen 8 excadrill|Excadrill, F|100/100
|-ability|p2a: gen 8 excadrill|Mold Breaker
|move|p1a: Hatterene|Draining Kiss|p2a: gen 8 excadrill
|-resisted|p2a: gen 8 excadrill
|-damage|p2a: gen 8 excadrill|88/100
|
|-heal|p2a: gen 8 excadrill|94/100|[from] item: Leftovers
|upkeep
|turn|3
|
|switch|p1a: Seismitoad|Seismitoad, F|100/100
|move|p2a: gen 8 excadrill|Stealth Rock|p1a: Seismitoad
|-sidestart|p1: TanteMolly|move: Stealth Rock
|
|-heal|p2a: gen 8 excadrill|99/100|[from] item: Leftovers
|upkeep
|turn|4
|
|switch|p2a: gen 8 ferrothorn|Ferrothorn, M|100/100
|move|p1a: Seismitoad|Stealth Rock|p2a: gen 8 ferrothorn
|-sidestart|p2: 4funaccount|move: Stealth Rock
|
|upkeep
|turn|5
|
|switch|p1a: Mr. Mime|Mr. Mime-Galar, M|100/100
|move|p2a: gen 8 ferrothorn|Knock Off|p1a: Mr. Mime
|-supereffective|p1a: Mr. Mime
|-damage|p1a: Mr. Mime|20/100
|-enditem|p1a: Mr. Mime|Heavy-Duty Boots|[from] move: Knock Off|[of] p2a: gen 8 ferrothorn
|
|upkeep
|turn|6
|
|move|p1a: Mr. Mime|Thunder Wave|p2a: gen 8 ferrothorn
|-status|p2a: gen 8 ferrothorn|par
|move|p2a: gen 8 ferrothorn|Spikes|p1a: Mr. Mime
|-sidestart|p1: TanteMolly|Spikes
|
|upkeep
|turn|7
|
|switch|p2a: gen 8 marshadow|Dragapult, M|100/100
|-damage|p2a: gen 8 marshadow|88/100|[from] Stealth Rock
|move|p1a: Mr. Mime|Rapid Spin|p2a: gen 8 marshadow
|-immune|p2a: gen 8 marshadow
|
|upkeep
|turn|8
|j| tapu moxo
|
|move|p2a: gen 8 marshadow|Fire Blast|p1a: Mr. Mime|[miss]
|-miss|p2a: gen 8 marshadow|p1a: Mr. Mime
|move|p1a: Mr. Mime|Rapid Spin|p2a: gen 8 marshadow
|-immune|p2a: gen 8 marshadow
|
|upkeep
|turn|9
|
|move|p2a: gen 8 marshadow|Fire Blast|p1a: Mr. Mime
|-supereffective|p1a: Mr. Mime
|-crit|p1a: Mr. Mime
|-damage|p1a: Mr. Mime|0 fnt
|faint|p1a: Mr. Mime
|
|upkeep
|
|switch|p1a: Kommo-o|Kommo-o, F|100/100
|-damage|p1a: Kommo-o|94/100|[from] Stealth Rock
|-damage|p1a: Kommo-o|82/100|[from] Spikes
|turn|10
|l| tapu moxo
|j| alt of the week
|j| tapu moxo
|
|switch|p2a: gen 8 rotom|Rotom-Wash|100/100
|-damage|p2a: gen 8 rotom|88/100|[from] Stealth Rock
|move|p1a: Kommo-o|Clangorous Soul|p1a: Kommo-o
|-boost|p1a: Kommo-o|atk|1
|-boost|p1a: Kommo-o|def|1
|-boost|p1a: Kommo-o|spa|1
|-boost|p1a: Kommo-o|spd|1
|-boost|p1a: Kommo-o|spe|1
|-damage|p1a: Kommo-o|49/100
|-enditem|p1a: Kommo-o|Throat Spray
|-boost|p1a: Kommo-o|spa|1
|
|upkeep
|turn|11
|
|move|p1a: Kommo-o|Drain Punch|p2a: gen 8 rotom
|-damage|p2a: gen 8 rotom|49/100
|-heal|p1a: Kommo-o|69/100|[from] drain|[of] p2a: gen 8 rotom
|move|p2a: gen 8 rotom|Volt Switch|p1a: Kommo-o
|-resisted|p1a: Kommo-o
|-damage|p1a: Kommo-o|58/100
|
|switch|p2a: gen 8 marshadow|Dragapult, M|88/100|[from]move: Volt Switch
|-damage|p2a: gen 8 marshadow|76/100|[from] Stealth Rock
|
|upkeep
|turn|12
|
|move|p2a: gen 8 marshadow|Draco Meteor|p1a: Kommo-o
|-supereffective|p1a: Kommo-o
|-damage|p1a: Kommo-o|0 fnt
|-unboost|p2a: gen 8 marshadow|spa|2
|faint|p1a: Kommo-o
|
|upkeep
|
|switch|p1a: Hatterene|Hatterene, F|100/100
|-damage|p1a: Hatterene|88/100|[from] Stealth Rock
|-damage|p1a: Hatterene|76/100|[from] Spikes
|turn|13
|
|switch|p2a: gen 8 excadrill|Excadrill, F|99/100
|-damage|p2a: gen 8 excadrill|97/100|[from] Stealth Rock
|-ability|p2a: gen 8 excadrill|Mold Breaker
|move|p1a: Hatterene|Future Sight|p2a: gen 8 excadrill
|-start|p1a: Hatterene|move: Future Sight
|
|-heal|p2a: gen 8 excadrill|100/100|[from] item: Leftovers
|upkeep
|turn|14
|
|switch|p1a: Corviknight|Corviknight, M|100/100
|-damage|p1a: Corviknight|88/100|[from] Stealth Rock
|-ability|p1a: Corviknight|Pressure
|move|p2a: gen 8 excadrill|Iron Head|p1a: Corviknight
|-resisted|p1a: Corviknight
|-damage|p1a: Corviknight|74/100
|
|-heal|p1a: Corviknight|81/100|[from] item: Leftovers
|upkeep
|turn|15
|
|move|p2a: gen 8 excadrill|Rapid Spin|p1a: Corviknight
|-resisted|p1a: Corviknight
|-damage|p1a: Corviknight|74/100
|-sideend|p2: 4funaccount|Stealth Rock|[from] move: Rapid Spin|[of] p2a: gen 8 excadrill
|-boost|p2a: gen 8 excadrill|spe|1
|move|p1a: Corviknight|Bulk Up|p1a: Corviknight
|-boost|p1a: Corviknight|atk|1
|-boost|p1a: Corviknight|def|1
|
|-end|p2a: gen 8 excadrill|move: Future Sight
|-resisted|p2a: gen 8 excadrill
|-damage|p2a: gen 8 excadrill|72/100
|-heal|p2a: gen 8 excadrill|79/100|[from] item: Leftovers
|-heal|p1a: Corviknight|81/100|[from] item: Leftovers
|upkeep
|turn|16
|
|switch|p2a: gen 8 rotom|Rotom-Wash|49/100
|move|p1a: Corviknight|Body Press|p2a: gen 8 rotom
|-damage|p2a: gen 8 rotom|25/100
|
|-heal|p1a: Corviknight|87/100|[from] item: Leftovers
|upkeep
|turn|17
|
|switch|p1a: Seismitoad|Seismitoad, F|100/100
|-damage|p1a: Seismitoad|94/100|[from] Stealth Rock
|-damage|p1a: Seismitoad|82/100|[from] Spikes
|move|p2a: gen 8 rotom|Will-O-Wisp|p1a: Seismitoad
|-status|p1a: Seismitoad|brn
|
|-heal|p1a: Seismitoad|88/100 brn|[from] item: Leftovers
|-damage|p1a: Seismitoad|82/100 brn|[from] brn
|upkeep
|turn|18
|
|move|p2a: gen 8 rotom|Rest|p2a: gen 8 rotom
|-status|p2a: gen 8 rotom|slp|[from] move: Rest
|-heal|p2a: gen 8 rotom|100/100 slp|[silent]
|-enditem|p2a: gen 8 rotom|Chesto Berry|[eat]
|-curestatus|p2a: gen 8 rotom|slp|[msg]
|move|p1a: Seismitoad|Stealth Rock|p2a: gen 8 rotom
|-sidestart|p2: 4funaccount|move: Stealth Rock
|
|-heal|p1a: Seismitoad|88/100 brn|[from] item: Leftovers
|-damage|p1a: Seismitoad|82/100 brn|[from] brn
|upkeep
|turn|19
|
|switch|p2a: gen 8 ferrothorn|Ferrothorn, M|100/100 par
|-damage|p2a: gen 8 ferrothorn|94/100 par|[from] Stealth Rock
|move|p1a: Seismitoad|Toxic|p2a: gen 8 ferrothorn|[miss]
|-miss|p1a: Seismitoad|p2a: gen 8 ferrothorn
|
|-heal|p1a: Seismitoad|88/100 brn|[from] item: Leftovers
|-heal|p2a: gen 8 ferrothorn|100/100 par|[from] item: Leftovers
|-damage|p1a: Seismitoad|82/100 brn|[from] brn
|upkeep
|turn|20
|
|switch|p1a: Hatterene|Hatterene, F|76/100
|-damage|p1a: Hatterene|64/100|[from] Spikes
|-damage|p1a: Hatterene|51/100|[from] Stealth Rock
|cant|p2a: gen 8 ferrothorn|par
|
|upkeep
|turn|21
|
|switch|p2a: gen 8 excadrill|Excadrill, F|79/100
|-damage|p2a: gen 8 excadrill|75/100|[from] Stealth Rock
|-ability|p2a: gen 8 excadrill|Mold Breaker
|move|p1a: Hatterene|Mystical Fire|p2a: gen 8 excadrill
|-supereffective|p2a: gen 8 excadrill
|-damage|p2a: gen 8 excadrill|24/100
|-unboost|p2a: gen 8 excadrill|spa|1
|
|-heal|p2a: gen 8 excadrill|30/100|[from] item: Leftovers
|upkeep
|turn|22
|
|move|p2a: gen 8 excadrill|Iron Head|p1a: Hatterene
|-supereffective|p1a: Hatterene
|-damage|p1a: Hatterene|0 fnt
|faint|p1a: Hatterene
|
|-heal|p2a: gen 8 excadrill|36/100|[from] item: Leftovers
|upkeep
|
|switch|p1a: Corviknight|Corviknight, M|87/100
|-damage|p1a: Corviknight|74/100|[from] Stealth Rock
|-ability|p1a: Corviknight|Pressure
|turn|23
|
|switch|p2a: gen 8 rotom|Rotom-Wash|100/100
|-damage|p2a: gen 8 rotom|88/100|[from] Stealth Rock
|move|p1a: Corviknight|Bulk Up|p1a: Corviknight
|-boost|p1a: Corviknight|atk|1
|-boost|p1a: Corviknight|def|1
|
|-heal|p1a: Corviknight|81/100|[from] item: Leftovers
|upkeep
|turn|24
|
|move|p2a: gen 8 rotom|Will-O-Wisp|p1a: Corviknight
|-status|p1a: Corviknight|brn
|move|p1a: Corviknight|Bulk Up|p1a: Corviknight
|-boost|p1a: Corviknight|atk|1
|-boost|p1a: Corviknight|def|1
|
|-heal|p1a: Corviknight|87/100 brn|[from] item: Leftovers
|-damage|p1a: Corviknight|81/100 brn|[from] brn
|upkeep
|turn|25
|
|move|p2a: gen 8 rotom|Volt Switch|p1a: Corviknight
|-supereffective|p1a: Corviknight
|-crit|p1a: Corviknight
|-damage|p1a: Corviknight|25/100 brn
|
|switch|p2a: gen 8 marshadow|Dragapult, M|76/100|[from]move: Volt Switch
|-damage|p2a: gen 8 marshadow|64/100|[from] Stealth Rock
|move|p1a: Corviknight|Roost|p1a: Corviknight
|-heal|p1a: Corviknight|75/100 brn
|-singleturn|p1a: Corviknight|move: Roost
|
|-heal|p1a: Corviknight|81/100 brn|[from] item: Leftovers
|-damage|p1a: Corviknight|75/100 brn|[from] brn
|upkeep
|turn|26
|
|move|p2a: gen 8 marshadow|Thunderbolt|p1a: Corviknight
|-supereffective|p1a: Corviknight
|-damage|p1a: Corviknight|33/100 brn
|move|p1a: Corviknight|Roost|p1a: Corviknight
|-heal|p1a: Corviknight|83/100 brn
|-singleturn|p1a: Corviknight|move: Roost
|
|-heal|p1a: Corviknight|89/100 brn|[from] item: Leftovers
|-damage|p1a: Corviknight|83/100 brn|[from] brn
|upkeep
|turn|27
|
|move|p2a: gen 8 marshadow|Thunderbolt|p1a: Corviknight
|-supereffective|p1a: Corviknight
|-crit|p1a: Corviknight
|-damage|p1a: Corviknight|20/100 brn
|move|p1a: Corviknight|Roost|p1a: Corviknight
|-heal|p1a: Corviknight|70/100 brn
|-singleturn|p1a: Corviknight|move: Roost
|
|-heal|p1a: Corviknight|76/100 brn|[from] item: Leftovers
|-damage|p1a: Corviknight|70/100 brn|[from] brn
|upkeep
|turn|28
|
|move|p2a: gen 8 marshadow|Thunderbolt|p1a: Corviknight
|-supereffective|p1a: Corviknight
|-damage|p1a: Corviknight|27/100 brn
|move|p1a: Corviknight|Roost|p1a: Corviknight
|-heal|p1a: Corviknight|77/100 brn
|-singleturn|p1a: Corviknight|move: Roost
|
|-heal|p1a: Corviknight|83/100 brn|[from] item: Leftovers
|-damage|p1a: Corviknight|77/100 brn|[from] brn
|upkeep
|turn|29
|
|move|p2a: gen 8 marshadow|Thunderbolt|p1a: Corviknight
|-supereffective|p1a: Corviknight
|-damage|p1a: Corviknight|37/100 brn
|move|p1a: Corviknight|Roost|p1a: Corviknight
|-heal|p1a: Corviknight|87/100 brn
|-singleturn|p1a: Corviknight|move: Roost
|
|-heal|p1a: Corviknight|93/100 brn|[from] item: Leftovers
|-damage|p1a: Corviknight|87/100 brn|[from] brn
|upkeep
|turn|30
|
|move|p2a: gen 8 marshadow|Thunderbolt|p1a: Corviknight
|-supereffective|p1a: Corviknight
|-damage|p1a: Corviknight|45/100 brn
|move|p1a: Corviknight|Roost|p1a: Corviknight
|-heal|p1a: Corviknight|95/100 brn
|-singleturn|p1a: Corviknight|move: Roost
|
|-heal|p1a: Corviknight|100/100 brn|[from] item: Leftovers
|-damage|p1a: Corviknight|94/100 brn|[from] brn
|upkeep
|turn|31
|
|move|p2a: gen 8 marshadow|Thunderbolt|p1a: Corviknight
|-supereffective|p1a: Corviknight
|-damage|p1a: Corviknight|50/100 brn
|move|p1a: Corviknight|Roost|p1a: Corviknight
|-heal|p1a: Corviknight|99/100 brn
|-singleturn|p1a: Corviknight|move: Roost
|
|-heal|p1a: Corviknight|100/100 brn|[from] item: Leftovers
|-damage|p1a: Corviknight|94/100 brn|[from] brn
|upkeep
|turn|32
|
|move|p2a: gen 8 marshadow|Thunderbolt|p1a: Corviknight
|-supereffective|p1a: Corviknight
|-damage|p1a: Corviknight|51/100 brn
|move|p1a: Corviknight|Roost|p1a: Corviknight
|-heal|p1a: Corviknight|100/100 brn
|-singleturn|p1a: Corviknight|move: Roost
|
|-damage|p1a: Corviknight|94/100 brn|[from] brn
|upkeep
|turn|33
|
|move|p2a: gen 8 marshadow|Thunderbolt|p1a: Corviknight
|-supereffective|p1a: Corviknight
|-damage|p1a: Corviknight|53/100 brn
|move|p1a: Corviknight|Brave Bird|p2a: gen 8 marshadow
|-damage|p2a: gen 8 marshadow|13/100
|-damage|p1a: Corviknight|40/100 brn|[from] Recoil
|
|-heal|p1a: Corviknight|46/100 brn|[from] item: Leftovers
|-damage|p1a: Corviknight|40/100 brn|[from] brn
|upkeep
|turn|34
|
|move|p2a: gen 8 marshadow|Thunderbolt|p1a: Corviknight
|-supereffective|p1a: Corviknight
|-damage|p1a: Corviknight|0 fnt
|faint|p1a: Corviknight
|
|upkeep
|-message|TanteMolly forfeited.
|
|win|4funaccount
|l|☆TanteMolly
|l| tapu moxo
||Ladder (probably) updated, but score could not be retrieved (Response not received).
|l|☆4funaccount
