|raw|<div class="broadcast-blue"><strong>This battle is required to be public due to a player having a name prefixed by 'LT72MS'.</div>
|j|☆ezwz
|j|☆Lt72ms win
|t:|1597589578
|player|p1|ezwz|youngster-gen4|1981
|player|p2|Lt72ms win|waitress|1878
|teamsize|p1|6
|teamsize|p2|6
|gametype|singles
|gen|8
|tier|[Gen 8] OU
|rated|
|clearpoke
|poke|p1|Pelipper, F|
|poke|p1|Seismitoad, M|
|poke|p1|Kingdra, M|
|poke|p1|Urshifu-*, M|
|poke|p1|Ferrothorn, F|
|poke|p1|Mandibuzz, F|
|poke|p2|Ninetales-Alola, M|
|poke|p2|Magnezone|
|poke|p2|Kommo-o, M|
|poke|p2|Hatterene, F|
|poke|p2|Haxorus, F|
|poke|p2|Volcarona, M|
|rule|Sleep Clause Mod: Limit one foe put to sleep
|rule|Species Clause: Limit one of each Pokémon
|rule|OHKO Clause: OHKO moves are banned
|rule|Evasion Moves Clause: Evasion moves are banned
|rule|Endless Battle Clause: Forcing endless battles is banned
|rule|HP Percentage Mod: HP is shown in percentages
|rule|Dynamax Clause: You cannot dynamax
|teampreview
|j| laevin ㋛
|j|+Perish Song ♫
|j| tassador
|j| LT72MS Ash
|j| LT72MS croo4
|l| tassador
|j| LT72MS Jacked
|j| LT72MS Ruby
|j| LT72MS Mich
|
|t:|1597589605
|start
|switch|p1a: Ferrothorn|Ferrothorn, F|100/100
|switch|p2a: Magnezone|Magnezone|100/100
|turn|1
|
|t:|1597589615
|move|p2a: Magnezone|Volt Switch|p1a: Ferrothorn
|-resisted|p1a: Ferrothorn
|-damage|p1a: Ferrothorn|85/100
|j| egalvanc
|
|t:|1597589616
|switch|p2a: Volcarona|Volcarona, M|100/100|[from]move: Volt Switch
|move|p1a: Ferrothorn|Body Press|p2a: Volcarona
|-resisted|p2a: Volcarona
|-damage|p2a: Volcarona|87/100
|
|-heal|p1a: Ferrothorn|91/100|[from] item: Leftovers
|upkeep
|turn|2
|j| Golden Oreos
|l| egalvanc
|
|t:|1597589624
|switch|p2a: Magnezone|Magnezone|100/100
|switch|p1a: Pelipper|Pelipper, F|100/100
|-weather|RainDance|[from] ability: Drizzle|[of] p1a: Pelipper
|
|-weather|RainDance|[upkeep]
|upkeep
|turn|3
|
|t:|1597589629
|switch|p2a: Ninetales|Ninetales-Alola, M|100/100
|-weather|Hail|[from] ability: Snow Warning|[of] p2a: Ninetales
|switch|p1a: Seismitoad|Seismitoad, M|100/100
|
|-weather|Hail|[upkeep]
|-damage|p1a: Seismitoad|94/100|[from] Hail
|upkeep
|turn|4
|j| AxelStahl
|j| fish18
|j| bolopix
|j| LT72MS Stareal
|
|t:|1597589653
|switch|p1a: Ferrothorn|Ferrothorn, F|91/100
|move|p2a: Ninetales|Freeze-Dry|p1a: Ferrothorn
|-damage|p1a: Ferrothorn|67/100
|-status|p1a: Ferrothorn|frz
|
|-weather|Hail|[upkeep]
|-damage|p1a: Ferrothorn|61/100 frz|[from] Hail
|-heal|p1a: Ferrothorn|67/100 frz|[from] item: Leftovers
|upkeep
|turn|5
|
|t:|1597589660
|move|p2a: Ninetales|Aurora Veil|p2a: Ninetales
|-sidestart|p2: Lt72ms win|move: Aurora Veil
|-curestatus|p1a: Ferrothorn|frz|[msg]
|move|p1a: Ferrothorn|Spikes|p2a: Ninetales
|-sidestart|p2: Lt72ms win|Spikes
|
|-weather|Hail|[upkeep]
|-damage|p1a: Ferrothorn|61/100|[from] Hail
|-heal|p1a: Ferrothorn|67/100|[from] item: Leftovers
|upkeep
|turn|6
|l| Golden Oreos
|
|t:|1597589667
|switch|p2a: Hatterene|Hatterene, F|100/100
|-damage|p2a: Hatterene|88/100|[from] Spikes
|move|p1a: Ferrothorn|Leech Seed|p2a: Hatterene
|move|p2a: Hatterene|Leech Seed|p1a: Ferrothorn|[from]Magic Bounce
|-immune|p1a: Ferrothorn
|
|-weather|Hail|[upkeep]
|-damage|p2a: Hatterene|82/100|[from] Hail
|-damage|p1a: Ferrothorn|61/100|[from] Hail
|-heal|p2a: Hatterene|88/100|[from] item: Leftovers
|-heal|p1a: Ferrothorn|67/100|[from] item: Leftovers
|upkeep
|turn|7
|j| egalvanc
|j| hhfth
|j| Nathaaan♦
|
|t:|1597589679
|switch|p1a: Urshifu|Urshifu-Rapid-Strike, M|100/100
|move|p2a: Hatterene|Calm Mind|p2a: Hatterene
|-boost|p2a: Hatterene|spa|1
|-boost|p2a: Hatterene|spd|1
|
|-weather|none
|-heal|p2a: Hatterene|94/100|[from] item: Leftovers
|upkeep
|turn|8
|l| hhfth
|
|t:|1597589682
|move|p1a: Urshifu|Surging Strikes|p2a: Hatterene
|-crit|p2a: Hatterene
|-damage|p2a: Hatterene|59/100
|-crit|p2a: Hatterene
|-damage|p2a: Hatterene|23/100
|-crit|p2a: Hatterene
|-damage|p2a: Hatterene|0 fnt
|-hitcount|p2a: Hatterene|3
|faint|p2a: Hatterene
|
|upkeep
|j| AltCauseImInsecure
|j| Askov
|j| Algeria
|j| tungulus
|
|t:|1597589699
|switch|p2a: Kommo-o|Kommo-o, M|100/100
|-damage|p2a: Kommo-o|88/100|[from] Spikes
|turn|9
|j| lt72ms bacon
|j| Forresterr♣
|j| Stall is coming
|
|t:|1597589712
|move|p1a: Urshifu|Surging Strikes|p2a: Kommo-o
|-resisted|p2a: Kommo-o
|-crit|p2a: Kommo-o
|-damage|p2a: Kommo-o|71/100
|-resisted|p2a: Kommo-o
|-crit|p2a: Kommo-o
|-damage|p2a: Kommo-o|57/100
|-resisted|p2a: Kommo-o
|-crit|p2a: Kommo-o
|-damage|p2a: Kommo-o|42/100
|-hitcount|p2a: Kommo-o|3
|move|p2a: Kommo-o|Clangorous Soul|p2a: Kommo-o
|-boost|p2a: Kommo-o|atk|1
|-boost|p2a: Kommo-o|def|1
|-boost|p2a: Kommo-o|spa|1
|-boost|p2a: Kommo-o|spd|1
|-boost|p2a: Kommo-o|spe|1
|-damage|p2a: Kommo-o|9/100
|-enditem|p2a: Kommo-o|Throat Spray
|-boost|p2a: Kommo-o|spa|1|[from] item: Throat Spray
|
|upkeep
|turn|10
|j| youssef4871
|l|+Perish Song ♫
|l| Askov
|j|+Perish Song ♫
|j| Stayhighallthetime
|l| Stayhighallthetime
|j| myjava
|inactive|Battle timer is ON: inactive players will automatically lose when time's up. (requested by Lt72ms win)
|j| reje
|
|t:|1597589824
|switch|p1a: Pelipper|Pelipper, F|100/100
|-weather|RainDance|[from] ability: Drizzle|[of] p1a: Pelipper
|move|p2a: Kommo-o|Clanging Scales|p1a: Pelipper
|-damage|p1a: Pelipper|0 fnt
|-unboost|p2a: Kommo-o|def|1
|faint|p1a: Pelipper
|
|-weather|RainDance|[upkeep]
|upkeep
|
|t:|1597589836
|switch|p1a: Kingdra|Kingdra, M|100/100
|turn|11
|
|t:|1597589839
|move|p1a: Kingdra|Surf|p2a: Kommo-o
|-resisted|p2a: Kommo-o
|-damage|p2a: Kommo-o|0 fnt
|faint|p2a: Kommo-o
|
|-weather|RainDance|[upkeep]
|upkeep
|
|t:|1597589840
|switch|p2a: Ninetales|Ninetales-Alola, M|100/100
|-damage|p2a: Ninetales|88/100|[from] Spikes
|-weather|Hail|[from] ability: Snow Warning|[of] p2a: Ninetales
|turn|12
|
|t:|1597589844
|switch|p1a: Ferrothorn|Ferrothorn, F|67/100
|move|p2a: Ninetales|Freeze-Dry|p1a: Ferrothorn
|-damage|p1a: Ferrothorn|46/100
|
|-weather|Hail|[upkeep]
|-damage|p1a: Ferrothorn|39/100|[from] Hail
|-heal|p1a: Ferrothorn|46/100|[from] item: Leftovers
|-sideend|p2: Lt72ms win|move: Aurora Veil
|upkeep
|turn|13
|j| LT72MS Adri
|l| reje
|j| teh chapmion
|j| Uprising♛007
|l| AltCauseImInsecure
|
|t:|1597589870
|switch|p2a: Volcarona|Volcarona, M|87/100
|move|p1a: Ferrothorn|Leech Seed|p2a: Volcarona
|-start|p2a: Volcarona|move: Leech Seed
|
|-weather|Hail|[upkeep]
|-damage|p2a: Volcarona|81/100|[from] Hail
|-damage|p1a: Ferrothorn|39/100|[from] Hail
|-heal|p1a: Ferrothorn|46/100|[from] item: Leftovers
|-damage|p2a: Volcarona|68/100|[from] Leech Seed|[of] p1a: Ferrothorn
|-heal|p1a: Ferrothorn|59/100|[silent]
|upkeep
|turn|14
|
|t:|1597589881
|switch|p2a: Haxorus|Haxorus, F, shiny|100/100
|-damage|p2a: Haxorus|88/100|[from] Spikes
|-ability|p2a: Haxorus|Mold Breaker
|switch|p1a: Seismitoad|Seismitoad, M|94/100
|
|-weather|Hail|[upkeep]
|-damage|p2a: Haxorus|82/100|[from] Hail
|-damage|p1a: Seismitoad|88/100|[from] Hail
|upkeep
|turn|15
|l| LT72MS Jacked
|j| RomeXIV
|j| LT72MS arifgoku
|l| tungulus
|l| teh chapmion
|inactive|ezwz has 120 seconds left.
|
|t:|1597589934
|switch|p1a: Mandibuzz|Mandibuzz, F|100/100
|move|p2a: Haxorus|Swords Dance|p2a: Haxorus
|-boost|p2a: Haxorus|atk|2
|
|-weather|Hail|[upkeep]
|-damage|p2a: Haxorus|76/100|[from] Hail
|upkeep
|turn|16
|j| teh chapmion
|
|t:|1597589937
|move|p2a: Haxorus|Scale Shot|p1a: Mandibuzz
|-damage|p1a: Mandibuzz|75/100
|-damage|p1a: Mandibuzz|50/100
|-crit|p1a: Mandibuzz
|-damage|p1a: Mandibuzz|12/100
|-damage|p1a: Mandibuzz|0 fnt
|-hitcount|p1a: Mandibuzz|4
|-unboost|p2a: Haxorus|def|1
|-boost|p2a: Haxorus|spe|1
|-damage|p2a: Haxorus|66/100|[from] item: Life Orb
|faint|p1a: Mandibuzz
|
|-weather|none
|upkeep
|l| AxelStahl
|l| myjava
|inactive|ezwz has 90 seconds left.
|j| LT72MS Jacked
|
|t:|1597589985
|switch|p1a: Urshifu|Urshifu-Rapid-Strike, M|100/100
|turn|17
|
|t:|1597589989
|switch|p1a: Ferrothorn|Ferrothorn, F|59/100
|move|p2a: Haxorus|Scale Shot|p1a: Ferrothorn
|-resisted|p1a: Ferrothorn
|-damage|p1a: Ferrothorn|47/100
|-resisted|p1a: Ferrothorn
|-damage|p1a: Ferrothorn|37/100
|-hitcount|p1a: Ferrothorn|2
|-unboost|p2a: Haxorus|def|1
|-boost|p2a: Haxorus|spe|1
|-damage|p2a: Haxorus|56/100|[from] item: Life Orb
|
|-heal|p1a: Ferrothorn|43/100|[from] item: Leftovers
|upkeep
|turn|18
|
|t:|1597590000
|move|p2a: Haxorus|Earthquake|p1a: Ferrothorn
|-damage|p1a: Ferrothorn|0 fnt
|-damage|p2a: Haxorus|46/100|[from] item: Life Orb
|faint|p1a: Ferrothorn
|
|upkeep
|
|t:|1597590003
|switch|p1a: Urshifu|Urshifu-Rapid-Strike, M|100/100
|turn|19
|j| lt72ms pissog
|
|t:|1597590005
|move|p1a: Urshifu|Aqua Jet|p2a: Haxorus
|-resisted|p2a: Haxorus
|-damage|p2a: Haxorus|0 fnt
|faint|p2a: Haxorus
|
|upkeep
|
|t:|1597590018
|switch|p2a: Magnezone|Magnezone|100/100
|-damage|p2a: Magnezone|88/100|[from] Spikes
|turn|20
|
|t:|1597590022
|switch|p2a: Ninetales|Ninetales-Alola, M|88/100
|-damage|p2a: Ninetales|76/100|[from] Spikes
|-weather|Hail|[from] ability: Snow Warning|[of] p2a: Ninetales
|switch|p1a: Seismitoad|Seismitoad, M|88/100
|
|-weather|Hail|[upkeep]
|-damage|p1a: Seismitoad|82/100|[from] Hail
|upkeep
|turn|21
|
|t:|1597590034
|move|p2a: Ninetales|Aurora Veil|p2a: Ninetales
|-sidestart|p2: Lt72ms win|move: Aurora Veil
|move|p1a: Seismitoad|Earth Power|p2a: Ninetales
|-damage|p2a: Ninetales|45/100
|-damage|p1a: Seismitoad|72/100|[from] item: Life Orb
|
|-weather|Hail|[upkeep]
|-damage|p1a: Seismitoad|66/100|[from] Hail
|upkeep
|turn|22
|
|t:|1597590039
|move|p2a: Ninetales|Freeze-Dry|p1a: Seismitoad
|-supereffective|p1a: Seismitoad
|-damage|p1a: Seismitoad|0 fnt
|faint|p1a: Seismitoad
|
|-weather|Hail|[upkeep]
|upkeep
|l| teh chapmion
|
|t:|1597590044
|switch|p1a: Urshifu|Urshifu-Rapid-Strike, M|100/100
|turn|23
|
|t:|1597590048
|move|p2a: Ninetales|Freeze-Dry|p1a: Urshifu
|-supereffective|p1a: Urshifu
|-damage|p1a: Urshifu|21/100
|move|p1a: Urshifu|Surging Strikes|p2a: Ninetales
|-crit|p2a: Ninetales
|-damage|p2a: Ninetales|0 fnt
|-hitcount|p2a: Ninetales|1
|faint|p2a: Ninetales
|
|-weather|Hail|[upkeep]
|-damage|p1a: Urshifu|15/100|[from] Hail
|upkeep
|j| LT72MS ImNewBeNice
|
|t:|1597590053
|switch|p2a: Magnezone|Magnezone|88/100
|-damage|p2a: Magnezone|76/100|[from] Spikes
|turn|24
|
|t:|1597590069
|move|p2a: Magnezone|Thunderbolt|p1a: Urshifu
|-supereffective|p1a: Urshifu
|-damage|p1a: Urshifu|0 fnt
|faint|p1a: Urshifu
|
|-weather|none
|upkeep
|
|t:|1597590070
|switch|p1a: Kingdra|Kingdra, M|100/100
|turn|25
|
|t:|1597590078
|move|p2a: Magnezone|Thunderbolt|p1a: Kingdra
|-damage|p1a: Kingdra|46/100
|move|p1a: Kingdra|Surf|p2a: Magnezone
|-damage|p2a: Magnezone|34/100
|
|upkeep
|turn|26
|
|t:|1597590081
|move|p2a: Magnezone|Thunderbolt|p1a: Kingdra
|-damage|p1a: Kingdra|0 fnt
|faint|p1a: Kingdra
|
|win|Lt72ms win
|l|☆ezwz
|l|☆Lt72ms win
|l| LT72MS Stareal
|raw|ezwz's rating: 1981 &rarr; <strong>1955</strong><br />(-26 for losing)
|raw|Lt72ms win's rating: 1878 &rarr; <strong>1904</strong><br />(+26 for winning)
|l| Algeria
|l| LT72MS Ash
|l| Uprising♛007
|l| LT72MS ImNewBeNice
|l|+Perish Song ♫
|l| LT72MS Jacked
|j| myjava
|l| Nathaaan♦
|l| myjava
|j| tigers jaw
|l| lt72ms bacon
|l| tigers jaw
|n| LT72MS Ruby|lt72msruby
|j| lt72ms pj
|l| bolopix
|l| Stall is coming
|l| lt72ms pissog
|l| lt72ms pj
|l| egalvanc
|l| LT72MS croo4
|l| LT72MS arifgoku
