|raw|<div class="broadcast-blue"><strong>This battle is required to be public due to a player having a name starting with 'lt92pf'.</div>
|j|☆Juyen RPPLF
|j|☆LT92PF Lio
|t:|1660217771
|gametype|singles
|player|p1|Juyen RPPLF|hilbert|1803
|player|p2|LT92PF Lio|101|1793
|teamsize|p1|6
|teamsize|p2|6
|gen|8
|tier|[Gen 8] OU
|rated|
|rule|Sleep Clause Mod: Limit one foe put to sleep
|rule|Species Clause: Limit one of each Pokémon
|rule|OHKO Clause: OHKO moves are banned
|rule|Evasion Items Clause: Evasion items are banned
|rule|Evasion Moves Clause: Evasion moves are banned
|rule|Endless Battle Clause: Forcing endless battles is banned
|rule|HP Percentage Mod: HP is shown in percentages
|rule|Dynamax Clause: You cannot dynamax
|clearpoke
|poke|p1|Melmetal|
|poke|p1|Tornadus-Therian, M|
|poke|p1|Stunfisk, M|
|poke|p1|Crawdaunt, M|
|poke|p1|Victini|
|poke|p1|Tapu Fini|
|poke|p2|Magnezone|
|poke|p2|Corviknight, F|
|poke|p2|Dragonite, F|
|poke|p2|Garchomp, M|
|poke|p2|Tapu Fini|
|poke|p2|Weavile, F|
|teampreview
|
|t:|1660217785
|start
|switch|p1a: Ray Charles|Tornadus-Therian, M|100/100
|switch|p2a: Garchomp|Garchomp, M|100/100
|turn|1
|
|t:|1660217791
|move|p1a: Ray Charles|Nasty Plot|p1a: Ray Charles
|-boost|p1a: Ray Charles|spa|2
|move|p2a: Garchomp|Stealth Rock|p1a: Ray Charles
|-sidestart|p1: Juyen RPPLF|move: Stealth Rock
|
|upkeep
|turn|2
|j| snekmeister
|
|t:|1660217795
|move|p1a: Ray Charles|Hurricane|p2a: Garchomp
|-damage|p2a: Garchomp|6/100
|-start|p2a: Garchomp|confusion
|-activate|p2a: Garchomp|confusion
|move|p2a: Garchomp|Scale Shot|p1a: Ray Charles
|-crit|p1a: Ray Charles
|-damage|p1a: Ray Charles|66/100
|-damage|p1a: Ray Charles|43/100
|-hitcount|p1a: Ray Charles|2
|-unboost|p2a: Garchomp|def|1
|-boost|p2a: Garchomp|spe|1
|-damage|p2a: Garchomp|0 fnt|[from] item: Life Orb
|faint|p2a: Garchomp
|
|upkeep
|
|t:|1660217799
|switch|p2a: Weavile|Weavile, F|100/100
|-ability|p2a: Weavile|Pressure
|turn|3
|inactive|Battle timer is ON: inactive players will automatically lose when time's up. (requested by LT92PF Lio)
|
|t:|1660217832
|move|p2a: Weavile|Knock Off|p1a: Ray Charles
|-damage|p1a: Ray Charles|0 fnt
|-enditem|p1a: Ray Charles|Heavy-Duty Boots|[from] move: Knock Off|[of] p2a: Weavile
|faint|p1a: Ray Charles
|
|upkeep
|
|t:|1660217836
|switch|p1a: Tapu Fini|Tapu Fini|100/100
|-damage|p1a: Tapu Fini|88/100|[from] Stealth Rock
|-fieldstart|move: Misty Terrain|[from] ability: Misty Surge|[of] p1a: Tapu Fini
|turn|4
|
|t:|1660217843
|switch|p2a: Corviknight|Corviknight, F|100/100
|-ability|p2a: Corviknight|Pressure
|move|p1a: Tapu Fini|Calm Mind|p1a: Tapu Fini
|-boost|p1a: Tapu Fini|spa|1
|-boost|p1a: Tapu Fini|spd|1
|
|-heal|p1a: Tapu Fini|94/100|[from] item: Leftovers
|upkeep
|turn|5
|
|t:|1660217848
|move|p1a: Tapu Fini|Calm Mind|p1a: Tapu Fini
|-boost|p1a: Tapu Fini|spa|1
|-boost|p1a: Tapu Fini|spd|1
|move|p2a: Corviknight|U-turn|p1a: Tapu Fini
|-resisted|p1a: Tapu Fini
|-damage|p1a: Tapu Fini|89/100
|
|t:|1660217857
|switch|p2a: Tapu Fini|Tapu Fini|100/100|[from]move: U-turn
|
|-heal|p1a: Tapu Fini|96/100|[from] item: Leftovers
|upkeep
|turn|6
|
|t:|1660217860
|move|p2a: Tapu Fini|Calm Mind|p2a: Tapu Fini
|-boost|p2a: Tapu Fini|spa|1
|-boost|p2a: Tapu Fini|spd|1
|move|p1a: Tapu Fini|Draining Kiss|p2a: Tapu Fini
|-damage|p2a: Tapu Fini|84/100
|-heal|p1a: Tapu Fini|100/100|[from] drain|[of] p2a: Tapu Fini
|
|-heal|p2a: Tapu Fini|90/100|[from] item: Leftovers
|upkeep
|turn|7
|
|t:|1660217863
|move|p2a: Tapu Fini|Calm Mind|p2a: Tapu Fini
|-boost|p2a: Tapu Fini|spa|1
|-boost|p2a: Tapu Fini|spd|1
|move|p1a: Tapu Fini|Taunt|p2a: Tapu Fini
|-start|p2a: Tapu Fini|move: Taunt
|
|-heal|p2a: Tapu Fini|96/100|[from] item: Leftovers
|upkeep
|turn|8
|
|t:|1660217867
|move|p2a: Tapu Fini|Draining Kiss|p1a: Tapu Fini
|-damage|p1a: Tapu Fini|88/100
|-heal|p2a: Tapu Fini|100/100|[from] drain|[of] p1a: Tapu Fini
|move|p1a: Tapu Fini|Calm Mind|p1a: Tapu Fini
|-boost|p1a: Tapu Fini|spa|1
|-boost|p1a: Tapu Fini|spd|1
|
|-heal|p1a: Tapu Fini|94/100|[from] item: Leftovers
|-fieldend|Misty Terrain
|upkeep
|turn|9
|
|t:|1660217869
|move|p2a: Tapu Fini|Scald|p1a: Tapu Fini
|-resisted|p1a: Tapu Fini
|-damage|p1a: Tapu Fini|86/100
|move|p1a: Tapu Fini|Calm Mind|p1a: Tapu Fini
|-boost|p1a: Tapu Fini|spa|1
|-boost|p1a: Tapu Fini|spd|1
|
|-heal|p1a: Tapu Fini|92/100|[from] item: Leftovers
|upkeep
|turn|10
|
|t:|1660217875
|move|p2a: Tapu Fini|Scald|p1a: Tapu Fini
|-resisted|p1a: Tapu Fini
|-damage|p1a: Tapu Fini|84/100
|move|p1a: Tapu Fini|Calm Mind|p1a: Tapu Fini
|-boost|p1a: Tapu Fini|spa|1
|-boost|p1a: Tapu Fini|spd|1
|
|-heal|p1a: Tapu Fini|90/100|[from] item: Leftovers
|-end|p2a: Tapu Fini|move: Taunt
|upkeep
|turn|11
|
|t:|1660217878
|move|p2a: Tapu Fini|Taunt|p1a: Tapu Fini
|-start|p1a: Tapu Fini|move: Taunt
|cant|p1a: Tapu Fini|move: Taunt|Taunt
|
|-heal|p1a: Tapu Fini|96/100|[from] item: Leftovers
|upkeep
|turn|12
|
|t:|1660217881
|move|p2a: Tapu Fini|Calm Mind|p2a: Tapu Fini
|-boost|p2a: Tapu Fini|spa|1
|-boost|p2a: Tapu Fini|spd|1
|move|p1a: Tapu Fini|Draining Kiss|p2a: Tapu Fini
|-damage|p2a: Tapu Fini|80/100
|-heal|p1a: Tapu Fini|100/100|[from] drain|[of] p2a: Tapu Fini
|
|-heal|p2a: Tapu Fini|87/100|[from] item: Leftovers
|upkeep
|turn|13
|
|t:|1660217883
|move|p2a: Tapu Fini|Calm Mind|p2a: Tapu Fini
|-boost|p2a: Tapu Fini|spa|1
|-boost|p2a: Tapu Fini|spd|1
|move|p1a: Tapu Fini|Draining Kiss|p2a: Tapu Fini
|-damage|p2a: Tapu Fini|70/100
|
|-heal|p2a: Tapu Fini|76/100|[from] item: Leftovers
|-end|p1a: Tapu Fini|move: Taunt
|upkeep
|turn|14
|
|t:|1660217887
|move|p2a: Tapu Fini|Calm Mind|p2a: Tapu Fini
|-boost|p2a: Tapu Fini|spa|1
|-boost|p2a: Tapu Fini|spd|1
|move|p1a: Tapu Fini|Taunt|p2a: Tapu Fini
|-start|p2a: Tapu Fini|move: Taunt
|
|-heal|p2a: Tapu Fini|82/100|[from] item: Leftovers
|upkeep
|turn|15
|
|t:|1660217888
|move|p2a: Tapu Fini|Scald|p1a: Tapu Fini
|-resisted|p1a: Tapu Fini
|-damage|p1a: Tapu Fini|91/100
|move|p1a: Tapu Fini|Calm Mind|p1a: Tapu Fini
|-boost|p1a: Tapu Fini|spa|1
|-boost|p1a: Tapu Fini|spd|1
|
|-heal|p2a: Tapu Fini|88/100|[from] item: Leftovers
|-heal|p1a: Tapu Fini|97/100|[from] item: Leftovers
|upkeep
|turn|16
|
|t:|1660217891
|move|p2a: Tapu Fini|Scald|p1a: Tapu Fini
|-resisted|p1a: Tapu Fini
|-damage|p1a: Tapu Fini|88/100
|move|p1a: Tapu Fini|Draining Kiss|p2a: Tapu Fini
|-damage|p2a: Tapu Fini|74/100
|-heal|p1a: Tapu Fini|99/100|[from] drain|[of] p2a: Tapu Fini
|
|-heal|p2a: Tapu Fini|80/100|[from] item: Leftovers
|-heal|p1a: Tapu Fini|100/100|[from] item: Leftovers
|upkeep
|turn|17
|
|t:|1660217896
|move|p2a: Tapu Fini|Scald|p1a: Tapu Fini
|-resisted|p1a: Tapu Fini
|-crit|p1a: Tapu Fini
|-damage|p1a: Tapu Fini|47/100
|-status|p1a: Tapu Fini|brn
|move|p1a: Tapu Fini|Hydro Pump|p2a: Tapu Fini
|-resisted|p2a: Tapu Fini
|-damage|p2a: Tapu Fini|64/100
|
|-heal|p2a: Tapu Fini|70/100|[from] item: Leftovers
|-heal|p1a: Tapu Fini|53/100 brn|[from] item: Leftovers
|-damage|p1a: Tapu Fini|47/100 brn|[from] brn
|-end|p2a: Tapu Fini|move: Taunt
|upkeep
|turn|18
|
|t:|1660217900
|move|p2a: Tapu Fini|Calm Mind|p2a: Tapu Fini
|-boost|p2a: Tapu Fini|spa|1
|-boost|p2a: Tapu Fini|spd|1
|move|p1a: Tapu Fini|Draining Kiss|p2a: Tapu Fini
|-damage|p2a: Tapu Fini|57/100
|-heal|p1a: Tapu Fini|57/100 brn|[from] drain|[of] p2a: Tapu Fini
|
|-heal|p2a: Tapu Fini|63/100|[from] item: Leftovers
|-heal|p1a: Tapu Fini|63/100 brn|[from] item: Leftovers
|-damage|p1a: Tapu Fini|57/100 brn|[from] brn
|upkeep
|turn|19
|
|t:|1660217904
|move|p2a: Tapu Fini|Draining Kiss|p1a: Tapu Fini
|-damage|p1a: Tapu Fini|43/100 brn
|-heal|p2a: Tapu Fini|73/100|[from] drain|[of] p1a: Tapu Fini
|move|p1a: Tapu Fini|Draining Kiss|p2a: Tapu Fini
|-damage|p2a: Tapu Fini|59/100
|-heal|p1a: Tapu Fini|54/100 brn|[from] drain|[of] p2a: Tapu Fini
|
|-heal|p2a: Tapu Fini|65/100|[from] item: Leftovers
|-heal|p1a: Tapu Fini|60/100 brn|[from] item: Leftovers
|-damage|p1a: Tapu Fini|54/100 brn|[from] brn
|upkeep
|turn|20
|
|t:|1660217906
|move|p2a: Tapu Fini|Draining Kiss|p1a: Tapu Fini
|-damage|p1a: Tapu Fini|40/100 brn
|-heal|p2a: Tapu Fini|76/100|[from] drain|[of] p1a: Tapu Fini
|move|p1a: Tapu Fini|Draining Kiss|p2a: Tapu Fini
|-damage|p2a: Tapu Fini|62/100
|-heal|p1a: Tapu Fini|50/100 brn|[from] drain|[of] p2a: Tapu Fini
|
|-heal|p2a: Tapu Fini|68/100|[from] item: Leftovers
|-heal|p1a: Tapu Fini|57/100 brn|[from] item: Leftovers
|-damage|p1a: Tapu Fini|50/100 brn|[from] brn
|upkeep
|turn|21
|
|t:|1660217909
|move|p2a: Tapu Fini|Draining Kiss|p1a: Tapu Fini
|-damage|p1a: Tapu Fini|37/100 brn
|-heal|p2a: Tapu Fini|78/100|[from] drain|[of] p1a: Tapu Fini
|move|p1a: Tapu Fini|Draining Kiss|p2a: Tapu Fini
|-damage|p2a: Tapu Fini|65/100
|-heal|p1a: Tapu Fini|47/100 brn|[from] drain|[of] p2a: Tapu Fini
|
|-heal|p2a: Tapu Fini|71/100|[from] item: Leftovers
|-heal|p1a: Tapu Fini|53/100 brn|[from] item: Leftovers
|-damage|p1a: Tapu Fini|47/100 brn|[from] brn
|upkeep
|turn|22
|j| LT92PF EMPIR3
|
|t:|1660217911
|move|p2a: Tapu Fini|Draining Kiss|p1a: Tapu Fini
|-damage|p1a: Tapu Fini|35/100 brn
|-heal|p2a: Tapu Fini|80/100|[from] drain|[of] p1a: Tapu Fini
|move|p1a: Tapu Fini|Draining Kiss|p2a: Tapu Fini
|-damage|p2a: Tapu Fini|66/100
|-heal|p1a: Tapu Fini|46/100 brn|[from] drain|[of] p2a: Tapu Fini
|
|-heal|p2a: Tapu Fini|72/100|[from] item: Leftovers
|-heal|p1a: Tapu Fini|52/100 brn|[from] item: Leftovers
|-damage|p1a: Tapu Fini|46/100 brn|[from] brn
|upkeep
|turn|23
|l| LT92PF EMPIR3
|j| chokst du
|
|t:|1660217913
|move|p2a: Tapu Fini|Draining Kiss|p1a: Tapu Fini
|-damage|p1a: Tapu Fini|33/100 brn
|-heal|p2a: Tapu Fini|81/100|[from] drain|[of] p1a: Tapu Fini
|move|p1a: Tapu Fini|Draining Kiss|p2a: Tapu Fini
|-damage|p2a: Tapu Fini|67/100
|-heal|p1a: Tapu Fini|44/100 brn|[from] drain|[of] p2a: Tapu Fini
|
|-heal|p2a: Tapu Fini|73/100|[from] item: Leftovers
|-heal|p1a: Tapu Fini|50/100 brn|[from] item: Leftovers
|-damage|p1a: Tapu Fini|44/100 brn|[from] brn
|upkeep
|turn|24
|
|t:|1660217915
|move|p2a: Tapu Fini|Draining Kiss|p1a: Tapu Fini
|-damage|p1a: Tapu Fini|30/100 brn
|-heal|p2a: Tapu Fini|83/100|[from] drain|[of] p1a: Tapu Fini
|move|p1a: Tapu Fini|Draining Kiss|p2a: Tapu Fini
|-damage|p2a: Tapu Fini|71/100
|-heal|p1a: Tapu Fini|40/100 brn|[from] drain|[of] p2a: Tapu Fini
|
|-heal|p2a: Tapu Fini|77/100|[from] item: Leftovers
|-heal|p1a: Tapu Fini|46/100 brn|[from] item: Leftovers
|-damage|p1a: Tapu Fini|40/100 brn|[from] brn
|upkeep
|turn|25
|
|t:|1660217917
|move|p2a: Tapu Fini|Draining Kiss|p1a: Tapu Fini
|-damage|p1a: Tapu Fini|26/100 brn
|-heal|p2a: Tapu Fini|87/100|[from] drain|[of] p1a: Tapu Fini
|move|p1a: Tapu Fini|Draining Kiss|p2a: Tapu Fini
|-damage|p2a: Tapu Fini|75/100
|-heal|p1a: Tapu Fini|36/100 brn|[from] drain|[of] p2a: Tapu Fini
|
|-heal|p2a: Tapu Fini|81/100|[from] item: Leftovers
|-heal|p1a: Tapu Fini|42/100 brn|[from] item: Leftovers
|-damage|p1a: Tapu Fini|36/100 brn|[from] brn
|upkeep
|turn|26
|
|t:|1660217919
|move|p2a: Tapu Fini|Draining Kiss|p1a: Tapu Fini
|-damage|p1a: Tapu Fini|22/100 brn
|-heal|p2a: Tapu Fini|91/100|[from] drain|[of] p1a: Tapu Fini
|move|p1a: Tapu Fini|Draining Kiss|p2a: Tapu Fini
|-damage|p2a: Tapu Fini|77/100
|-heal|p1a: Tapu Fini|33/100 brn|[from] drain|[of] p2a: Tapu Fini
|
|-heal|p2a: Tapu Fini|83/100|[from] item: Leftovers
|-heal|p1a: Tapu Fini|39/100 brn|[from] item: Leftovers
|-damage|p1a: Tapu Fini|33/100 brn|[from] brn
|upkeep
|turn|27
|
|t:|1660217921
|move|p2a: Tapu Fini|Draining Kiss|p1a: Tapu Fini
|-damage|p1a: Tapu Fini|19/100 brn
|-heal|p2a: Tapu Fini|94/100|[from] drain|[of] p1a: Tapu Fini
|move|p1a: Tapu Fini|Draining Kiss|p2a: Tapu Fini
|-damage|p2a: Tapu Fini|81/100
|-heal|p1a: Tapu Fini|28/100 brn|[from] drain|[of] p2a: Tapu Fini
|
|-heal|p2a: Tapu Fini|87/100|[from] item: Leftovers
|-heal|p1a: Tapu Fini|35/100 brn|[from] item: Leftovers
|-damage|p1a: Tapu Fini|28/100 brn|[from] brn
|upkeep
|turn|28
|
|t:|1660217923
|move|p2a: Tapu Fini|Draining Kiss|p1a: Tapu Fini
|-damage|p1a: Tapu Fini|16/100 brn
|-heal|p2a: Tapu Fini|96/100|[from] drain|[of] p1a: Tapu Fini
|move|p1a: Tapu Fini|Draining Kiss|p2a: Tapu Fini
|-crit|p2a: Tapu Fini
|-damage|p2a: Tapu Fini|21/100
|-heal|p1a: Tapu Fini|72/100 brn|[from] drain|[of] p2a: Tapu Fini
|
|-heal|p2a: Tapu Fini|27/100|[from] item: Leftovers
|-heal|p1a: Tapu Fini|78/100 brn|[from] item: Leftovers
|-damage|p1a: Tapu Fini|72/100 brn|[from] brn
|upkeep
|turn|29
|
|t:|1660217927
|move|p2a: Tapu Fini|Draining Kiss|p1a: Tapu Fini
|-damage|p1a: Tapu Fini|60/100 brn
|-heal|p2a: Tapu Fini|37/100|[from] drain|[of] p1a: Tapu Fini
|move|p1a: Tapu Fini|Draining Kiss|p2a: Tapu Fini
|-damage|p2a: Tapu Fini|22/100
|-heal|p1a: Tapu Fini|71/100 brn|[from] drain|[of] p2a: Tapu Fini
|
|-heal|p2a: Tapu Fini|28/100|[from] item: Leftovers
|-heal|p1a: Tapu Fini|77/100 brn|[from] item: Leftovers
|-damage|p1a: Tapu Fini|71/100 brn|[from] brn
|upkeep
|turn|30
|
|t:|1660217929
|move|p2a: Tapu Fini|Draining Kiss|p1a: Tapu Fini
|-damage|p1a: Tapu Fini|58/100 brn
|-heal|p2a: Tapu Fini|38/100|[from] drain|[of] p1a: Tapu Fini
|move|p1a: Tapu Fini|Hydro Pump|p2a: Tapu Fini
|-resisted|p2a: Tapu Fini
|-damage|p2a: Tapu Fini|23/100
|
|-heal|p2a: Tapu Fini|29/100|[from] item: Leftovers
|-heal|p1a: Tapu Fini|64/100 brn|[from] item: Leftovers
|-damage|p1a: Tapu Fini|58/100 brn|[from] brn
|upkeep
|turn|31
|
|t:|1660217932
|move|p2a: Tapu Fini|Draining Kiss|p1a: Tapu Fini
|-damage|p1a: Tapu Fini|46/100 brn
|-heal|p2a: Tapu Fini|39/100|[from] drain|[of] p1a: Tapu Fini
|move|p1a: Tapu Fini|Hydro Pump|p2a: Tapu Fini
|-resisted|p2a: Tapu Fini
|-damage|p2a: Tapu Fini|24/100
|
|-heal|p2a: Tapu Fini|30/100|[from] item: Leftovers
|-heal|p1a: Tapu Fini|52/100 brn|[from] item: Leftovers
|-damage|p1a: Tapu Fini|46/100 brn|[from] brn
|upkeep
|turn|32
|
|t:|1660217937
|move|p2a: Tapu Fini|Draining Kiss|p1a: Tapu Fini
|-damage|p1a: Tapu Fini|33/100 brn
|-heal|p2a: Tapu Fini|40/100|[from] drain|[of] p1a: Tapu Fini
|move|p1a: Tapu Fini|Hydro Pump|p2a: Tapu Fini|[miss]
|-miss|p1a: Tapu Fini|p2a: Tapu Fini
|
|-heal|p2a: Tapu Fini|46/100|[from] item: Leftovers
|-heal|p1a: Tapu Fini|39/100 brn|[from] item: Leftovers
|-damage|p1a: Tapu Fini|33/100 brn|[from] brn
|upkeep
|turn|33
|
|t:|1660217941
|move|p2a: Tapu Fini|Draining Kiss|p1a: Tapu Fini
|-damage|p1a: Tapu Fini|20/100 brn
|-heal|p2a: Tapu Fini|55/100|[from] drain|[of] p1a: Tapu Fini
|move|p1a: Tapu Fini|Hydro Pump|p2a: Tapu Fini
|-resisted|p2a: Tapu Fini
|-damage|p2a: Tapu Fini|41/100
|
|-heal|p2a: Tapu Fini|47/100|[from] item: Leftovers
|-heal|p1a: Tapu Fini|26/100 brn|[from] item: Leftovers
|-damage|p1a: Tapu Fini|20/100 brn|[from] brn
|upkeep
|turn|34
|
|t:|1660217944
|move|p2a: Tapu Fini|Scald|p1a: Tapu Fini
|-resisted|p1a: Tapu Fini
|-damage|p1a: Tapu Fini|11/100 brn
|move|p1a: Tapu Fini|Hydro Pump|p2a: Tapu Fini
|-resisted|p2a: Tapu Fini
|-damage|p2a: Tapu Fini|33/100
|
|-heal|p2a: Tapu Fini|39/100|[from] item: Leftovers
|-heal|p1a: Tapu Fini|17/100 brn|[from] item: Leftovers
|-damage|p1a: Tapu Fini|11/100 brn|[from] brn
|upkeep
|turn|35
|
|t:|1660217947
|move|p2a: Tapu Fini|Scald|p1a: Tapu Fini
|-resisted|p1a: Tapu Fini
|-damage|p1a: Tapu Fini|0 fnt
|faint|p1a: Tapu Fini
|
|-heal|p2a: Tapu Fini|46/100|[from] item: Leftovers
|upkeep
|
|t:|1660217951
|switch|p1a: Victini|Victini|100/100
|turn|36
|
|t:|1660217953
|move|p1a: Victini|Bolt Strike|p2a: Tapu Fini
|-supereffective|p2a: Tapu Fini
|-damage|p2a: Tapu Fini|0 fnt
|faint|p2a: Tapu Fini
|
|upkeep
|j| Wish i was gud
|
|t:|1660217961
|switch|p2a: Weavile|Weavile, F|100/100
|-ability|p2a: Weavile|Pressure
|turn|37
|
|t:|1660217966
|switch|p1a: Melmetal|Melmetal|100/100
|-damage|p1a: Melmetal|94/100|[from] Stealth Rock
|move|p2a: Weavile|Knock Off|p1a: Melmetal
|-damage|p1a: Melmetal|67/100
|-enditem|p1a: Melmetal|Custap Berry|[from] move: Knock Off|[of] p2a: Weavile
|
|upkeep
|turn|38
|
|t:|1660217969
|switch|p2a: Corviknight|Corviknight, F|100/100
|-ability|p2a: Corviknight|Pressure
|move|p1a: Melmetal|Earthquake|p2a: Corviknight
|-immune|p2a: Corviknight
|
|upkeep
|turn|39
|
|t:|1660217972
|move|p2a: Corviknight|Body Press|p1a: Melmetal
|-supereffective|p1a: Melmetal
|-damage|p1a: Melmetal|39/100
|move|p1a: Melmetal|Earthquake|p2a: Corviknight
|-immune|p2a: Corviknight
|
|upkeep
|turn|40
|
|t:|1660217976
|switch|p1a: CSslave|Stunfisk, M|100/100
|-damage|p1a: CSslave|94/100|[from] Stealth Rock
|move|p2a: Corviknight|Body Press|p1a: CSslave
|-damage|p1a: CSslave|70/100
|
|-heal|p1a: CSslave|76/100|[from] item: Leftovers
|upkeep
|turn|41
|
|t:|1660217980
|move|p2a: Corviknight|U-turn|p1a: CSslave
|-damage|p1a: CSslave|62/100
|-status|p2a: Corviknight|par|[from] ability: Static|[of] p1a: CSslave
|
|t:|1660217983
|switch|p2a: Magnezone|Magnezone|100/100|[from]move: U-turn
|move|p1a: CSslave|Discharge|p2a: Magnezone
|-resisted|p2a: Magnezone
|-damage|p2a: Magnezone|85/100
|
|-heal|p1a: CSslave|68/100|[from] item: Leftovers
|upkeep
|turn|42
|
|t:|1660217986
|move|p2a: Magnezone|Body Press|p1a: CSslave
|-damage|p1a: CSslave|43/100
|move|p1a: CSslave|Earth Power|p2a: Magnezone
|-supereffective|p2a: Magnezone
|-damage|p2a: Magnezone|0 fnt
|faint|p2a: Magnezone
|
|-heal|p1a: CSslave|49/100|[from] item: Leftovers
|upkeep
|
|t:|1660217989
|switch|p2a: Weavile|Weavile, F|100/100
|-ability|p2a: Weavile|Pressure
|turn|43
|
|t:|1660217992
|move|p2a: Weavile|Triple Axel|p1a: CSslave
|-supereffective|p1a: CSslave
|-damage|p1a: CSslave|30/100
|-supereffective|p1a: CSslave
|-damage|p1a: CSslave|0 fnt
|faint|p1a: CSslave
|-hitcount|p1: CSslave|2
|
|upkeep
|
|t:|1660217998
|switch|p1a: Crawdaunt|Crawdaunt, M|100/100
|-damage|p1a: Crawdaunt|88/100|[from] Stealth Rock
|turn|44
|
|t:|1660218001
|move|p2a: Weavile|Knock Off|p1a: Crawdaunt
|-resisted|p1a: Crawdaunt
|-damage|p1a: Crawdaunt|52/100
|-enditem|p1a: Crawdaunt|Life Orb|[from] move: Knock Off|[of] p2a: Weavile
|move|p1a: Crawdaunt|Swords Dance|p1a: Crawdaunt
|-boost|p1a: Crawdaunt|atk|2
|
|upkeep
|turn|45
|
|t:|1660218008
|move|p1a: Crawdaunt|Aqua Jet|p2a: Weavile
|-damage|p2a: Weavile|0 fnt
|faint|p2a: Weavile
|
|upkeep
|
|t:|1660218010
|switch|p2a: Dragonite|Dragonite, F|100/100
|turn|46
|
|t:|1660218018
|move|p2a: Dragonite|Earthquake|p1a: Crawdaunt
|-damage|p1a: Crawdaunt|0 fnt
|faint|p1a: Crawdaunt
|
|upkeep
|
|t:|1660218021
|switch|p1a: Victini|Victini|100/100
|turn|47
|
|t:|1660218024
|move|p1a: Victini|U-turn|p2a: Dragonite
|-resisted|p2a: Dragonite
|-damage|p2a: Dragonite|96/100
|
|t:|1660218025
|switch|p1a: Melmetal|Melmetal|39/100|[from]move: U-turn
|-damage|p1a: Melmetal|33/100|[from] Stealth Rock
|move|p2a: Dragonite|Dragon Dance|p2a: Dragonite
|-boost|p2a: Dragonite|atk|1
|-boost|p2a: Dragonite|spe|1
|
|upkeep
|turn|48
|
|t:|1660218027
|move|p2a: Dragonite|Earthquake|p1a: Melmetal
|-supereffective|p1a: Melmetal
|-damage|p1a: Melmetal|0 fnt
|faint|p1a: Melmetal
|
|upkeep
|
|t:|1660218030
|switch|p1a: Victini|Victini|100/100
|turn|49
|
|t:|1660218032
|move|p2a: Dragonite|Earthquake|p1a: Victini
|-supereffective|p1a: Victini
|-damage|p1a: Victini|0 fnt
|faint|p1a: Victini
|
|win|LT92PF Lio
|raw|Juyen RPPLF's rating: 1803 &rarr; <strong>1782</strong><br />(-21 for losing)
|raw|LT92PF Lio's rating: 1793 &rarr; <strong>1814</strong><br />(+21 for winning)
|l|☆Juyen RPPLF
|l| Wish i was gud
|l| snekmeister
||Ladder isn't responding, score probably updated but might not have (Request timeout).
|l|☆LT92PF Lio
