|j|☆Mamaw31180
|j|☆el ghato
|t:|1616238204
|player|p1|Mamaw31180|102|1687
|player|p2|el ghato|169|1665
|teamsize|p1|6
|teamsize|p2|6
|gametype|singles
|gen|8
|tier|[Gen 8] OU
|rated|
|clearpoke
|poke|p1|Hawlucha, M|
|poke|p1|Tapu Koko|
|poke|p1|Ferrothorn, F|
|poke|p1|Landorus-Therian, M|
|poke|p1|Blissey, F|
|poke|p1|Melmetal|
|poke|p2|Clefable, F|
|poke|p2|Blissey, F|
|poke|p2|Hippowdon, F|
|poke|p2|Kyurem|
|poke|p2|Skarmory, F|
|poke|p2|Toxapex, M|
|rule|Sleep Clause Mod: Limit one foe put to sleep
|rule|Species Clause: Limit one of each Pokémon
|rule|OHKO Clause: OHKO moves are banned
|rule|Evasion Moves Clause: Evasion moves are banned
|rule|Endless Battle Clause: Forcing endless battles is banned
|rule|HP Percentage Mod: HP is shown in percentages
|rule|Dynamax Clause: You cannot dynamax
|teampreview
|inactive|Battle timer is ON: inactive players will automatically lose when time's up. (requested by el ghato)
|
|t:|1616238217
|start
|switch|p1a: Tapu Koko|Tapu Koko|100/100
|switch|p2a: Hippowdon|Hippowdon, F|100/100
|-fieldstart|move: Electric Terrain|[from] ability: Electric Surge|[of] p1a: Tapu Koko
|turn|1
|
|t:|1616238223
|move|p1a: Tapu Koko|U-turn|p2a: Hippowdon
|-damage|p2a: Hippowdon|91/100
|-damage|p1a: Tapu Koko|84/100|[from] item: Rocky Helmet|[of] p2a: Hippowdon
|
|t:|1616238226
|switch|p1a: Ferrothorn|Ferrothorn, F|100/100|[from]move: U-turn
|move|p2a: Hippowdon|Stealth Rock|p1a: Ferrothorn
|-sidestart|p1: Mamaw31180|move: Stealth Rock
|
|upkeep
|turn|2
|
|t:|1616238252
|switch|p2a: Toxapex|Toxapex, M|100/100
|move|p1a: Ferrothorn|Spikes|p2a: Toxapex
|-sidestart|p2: el ghato|Spikes
|
|upkeep
|turn|3
|
|t:|1616238258
|move|p2a: Toxapex|Knock Off|p1a: Ferrothorn
|-damage|p1a: Ferrothorn|89/100
|-damage|p2a: Toxapex|88/100|[from] ability: Iron Barbs|[of] p1a: Ferrothorn
|-enditem|p1a: Ferrothorn|Leftovers|[from] move: Knock Off|[of] p2a: Toxapex
|move|p1a: Ferrothorn|Spikes|p2a: Toxapex
|-sidestart|p2: el ghato|Spikes
|
|upkeep
|turn|4
|
|t:|1616238261
|move|p2a: Toxapex|Block|p1a: Ferrothorn
|-activate|p1a: Ferrothorn|trapped
|move|p1a: Ferrothorn|Spikes|p2a: Toxapex
|-sidestart|p2: el ghato|Spikes
|
|upkeep
|turn|5
|
|t:|1616238266
|move|p2a: Toxapex|Spite|p1a: Ferrothorn
|-activate|p1a: Ferrothorn|move: Spite|Spikes|4
|move|p1a: Ferrothorn|Knock Off|p2a: Toxapex
|-damage|p2a: Toxapex|75/100
|-enditem|p2a: Toxapex|Shed Shell|[from] move: Knock Off|[of] p1a: Ferrothorn
|
|-fieldend|move: Electric Terrain
|upkeep
|turn|6
|
|t:|1616238271
|move|p2a: Toxapex|Spite|p1a: Ferrothorn
|-activate|p1a: Ferrothorn|move: Spite|Knock Off|4
|move|p1a: Ferrothorn|Thunder Wave|p2a: Toxapex
|-status|p2a: Toxapex|par
|
|upkeep
|turn|7
|
|t:|1616238279
|move|p1a: Ferrothorn|Power Whip|p2a: Toxapex
|-damage|p2a: Toxapex|53/100 par
|move|p2a: Toxapex|Spite|p1a: Ferrothorn
|-activate|p1a: Ferrothorn|move: Spite|Power Whip|4
|
|upkeep
|turn|8
|
|t:|1616238283
|move|p1a: Ferrothorn|Power Whip|p2a: Toxapex
|-damage|p2a: Toxapex|30/100 par
|move|p2a: Toxapex|Recover|p2a: Toxapex
|-heal|p2a: Toxapex|80/100 par
|
|upkeep
|turn|9
|
|t:|1616238295
|move|p1a: Ferrothorn|Knock Off|p2a: Toxapex
|-damage|p2a: Toxapex|72/100 par
|move|p2a: Toxapex|Spite|p1a: Ferrothorn
|-activate|p1a: Ferrothorn|move: Spite|Knock Off|4
|
|upkeep
|turn|10
|c|☆Mamaw31180|are you serious ?
|
|t:|1616238313
|move|p1a: Ferrothorn|Knock Off|p2a: Toxapex
|-damage|p2a: Toxapex|63/100 par
|cant|p2a: Toxapex|par
|
|upkeep
|turn|11
|
|t:|1616238318
|move|p1a: Ferrothorn|Power Whip|p2a: Toxapex
|-damage|p2a: Toxapex|39/100 par
|move|p2a: Toxapex|Recover|p2a: Toxapex
|-heal|p2a: Toxapex|90/100 par
|
|upkeep
|turn|12
|
|t:|1616238323
|move|p1a: Ferrothorn|Power Whip|p2a: Toxapex
|-damage|p2a: Toxapex|66/100 par
|cant|p2a: Toxapex|par
|
|upkeep
|turn|13
|
|t:|1616238332
|move|p1a: Ferrothorn|Knock Off|p2a: Toxapex
|-damage|p2a: Toxapex|58/100 par
|move|p2a: Toxapex|Recover|p2a: Toxapex
|-heal|p2a: Toxapex|100/100 par
|
|upkeep
|turn|14
|
|t:|1616238340
|move|p1a: Ferrothorn|Knock Off|p2a: Toxapex
|-damage|p2a: Toxapex|91/100 par
|move|p2a: Toxapex|Spite|p1a: Ferrothorn
|-activate|p1a: Ferrothorn|move: Spite|Knock Off|4
|
|upkeep
|turn|15
|
|t:|1616238364
|move|p1a: Ferrothorn|Knock Off|p2a: Toxapex
|-damage|p2a: Toxapex|83/100 par
|move|p2a: Toxapex|Spite|p1a: Ferrothorn
|-activate|p1a: Ferrothorn|move: Spite|Knock Off|4
|
|upkeep
|turn|16
|inactive|Mamaw31180 has 120 seconds left.
|
|t:|1616238395
|move|p1a: Ferrothorn|Power Whip|p2a: Toxapex
|-damage|p2a: Toxapex|61/100 par
|move|p2a: Toxapex|Spite|p1a: Ferrothorn
|-activate|p1a: Ferrothorn|move: Spite|Power Whip|4
|
|upkeep
|turn|17
|
|t:|1616238406
|move|p1a: Ferrothorn|Power Whip|p2a: Toxapex
|-damage|p2a: Toxapex|36/100 par
|move|p2a: Toxapex|Recover|p2a: Toxapex
|-heal|p2a: Toxapex|87/100 par
|
|upkeep
|turn|18
|
|t:|1616238410
|move|p1a: Ferrothorn|Power Whip|p2a: Toxapex
|-damage|p2a: Toxapex|63/100 par
|move|p2a: Toxapex|Spite|p1a: Ferrothorn
|-activate|p1a: Ferrothorn|move: Spite|Power Whip|1
|
|upkeep
|turn|19
|
|t:|1616238427
|move|p1a: Ferrothorn|Knock Off|p2a: Toxapex
|-damage|p2a: Toxapex|55/100 par
|move|p2a: Toxapex|Recover|p2a: Toxapex
|-heal|p2a: Toxapex|100/100 par
|
|upkeep
|turn|20
|
|t:|1616238430
|move|p1a: Ferrothorn|Knock Off|p2a: Toxapex
|-damage|p2a: Toxapex|93/100 par
|move|p2a: Toxapex|Knock Off|p1a: Ferrothorn
|-damage|p1a: Ferrothorn|81/100
|-damage|p2a: Toxapex|80/100 par|[from] ability: Iron Barbs|[of] p1a: Ferrothorn
|
|upkeep
|turn|21
|
|t:|1616238433
|move|p1a: Ferrothorn|Knock Off|p2a: Toxapex
|-damage|p2a: Toxapex|72/100 par
|move|p2a: Toxapex|Spite|p1a: Ferrothorn
|-activate|p1a: Ferrothorn|move: Spite|Knock Off|4
|
|upkeep
|turn|22
|
|t:|1616238439
|move|p1a: Ferrothorn|Knock Off|p2a: Toxapex
|-damage|p2a: Toxapex|63/100 par
|cant|p2a: Toxapex|par
|
|upkeep
|turn|23
|
|t:|1616238442
|move|p1a: Ferrothorn|Knock Off|p2a: Toxapex
|-damage|p2a: Toxapex|54/100 par
|move|p2a: Toxapex|Knock Off|p1a: Ferrothorn
|-crit|p1a: Ferrothorn
|-damage|p1a: Ferrothorn|70/100
|-damage|p2a: Toxapex|42/100 par|[from] ability: Iron Barbs|[of] p1a: Ferrothorn
|
|upkeep
|turn|24
|
|t:|1616238445
|move|p1a: Ferrothorn|Knock Off|p2a: Toxapex
|-damage|p2a: Toxapex|33/100 par
|move|p2a: Toxapex|Recover|p2a: Toxapex
|-heal|p2a: Toxapex|83/100 par
|
|upkeep
|turn|25
|
|t:|1616238451
|move|p1a: Ferrothorn|Thunder Wave|p2a: Toxapex
|-fail|p2a: Toxapex|par
|move|p2a: Toxapex|Spite|p1a: Ferrothorn
|-activate|p1a: Ferrothorn|move: Spite|Thunder Wave|4
|
|upkeep
|turn|26
|
|t:|1616238453
|move|p1a: Ferrothorn|Thunder Wave|p2a: Toxapex
|-fail|p2a: Toxapex|par
|move|p2a: Toxapex|Spite|p1a: Ferrothorn
|-activate|p1a: Ferrothorn|move: Spite|Thunder Wave|4
|
|upkeep
|turn|27
|
|t:|1616238456
|move|p1a: Ferrothorn|Thunder Wave|p2a: Toxapex
|-fail|p2a: Toxapex|par
|move|p2a: Toxapex|Spite|p1a: Ferrothorn
|-activate|p1a: Ferrothorn|move: Spite|Thunder Wave|4
|
|upkeep
|turn|28
|
|t:|1616238478
|move|p1a: Ferrothorn|Thunder Wave|p2a: Toxapex
|-fail|p2a: Toxapex|par
|move|p2a: Toxapex|Spite|p1a: Ferrothorn
|-activate|p1a: Ferrothorn|move: Spite|Thunder Wave|4
|
|upkeep
|turn|29
|
|t:|1616238481
|move|p1a: Ferrothorn|Thunder Wave|p2a: Toxapex
|-fail|p2a: Toxapex|par
|move|p2a: Toxapex|Spite|p1a: Ferrothorn
|-activate|p1a: Ferrothorn|move: Spite|Thunder Wave|4
|
|upkeep
|turn|30
|
|t:|1616238485
|move|p1a: Ferrothorn|Thunder Wave|p2a: Toxapex
|-fail|p2a: Toxapex|par
|move|p2a: Toxapex|Spite|p1a: Ferrothorn
|-activate|p1a: Ferrothorn|move: Spite|Thunder Wave|4
|
|upkeep
|turn|31
|
|t:|1616238491
|move|p1a: Ferrothorn|Thunder Wave|p2a: Toxapex
|-fail|p2a: Toxapex|par
|move|p2a: Toxapex|Knock Off|p1a: Ferrothorn
|-crit|p1a: Ferrothorn
|-damage|p1a: Ferrothorn|59/100
|-damage|p2a: Toxapex|70/100 par|[from] ability: Iron Barbs|[of] p1a: Ferrothorn
|
|upkeep
|turn|32
|
|t:|1616238496
|move|p1a: Ferrothorn|Spikes||[still]
|-fail|p1a: Ferrothorn
|cant|p2a: Toxapex|par
|
|upkeep
|turn|33
|
|t:|1616238499
|move|p1a: Ferrothorn|Spikes||[still]
|-fail|p1a: Ferrothorn
|cant|p2a: Toxapex|par
|
|upkeep
|turn|34
|
|t:|1616238503
|move|p1a: Ferrothorn|Spikes||[still]
|-fail|p1a: Ferrothorn
|move|p2a: Toxapex|Spite|p1a: Ferrothorn
|-activate|p1a: Ferrothorn|move: Spite|Spikes|4
|
|upkeep
|turn|35
|
|t:|1616238524
|move|p1a: Ferrothorn|Spikes||[still]
|-fail|p1a: Ferrothorn
|cant|p2a: Toxapex|par
|
|upkeep
|turn|36
|
|t:|1616238526
|move|p1a: Ferrothorn|Spikes||[still]
|-fail|p1a: Ferrothorn
|move|p2a: Toxapex|Knock Off|p1a: Ferrothorn
|-damage|p1a: Ferrothorn|52/100
|-damage|p2a: Toxapex|58/100 par|[from] ability: Iron Barbs|[of] p1a: Ferrothorn
|
|upkeep
|turn|37
|
|t:|1616238528
|move|p1a: Ferrothorn|Spikes||[still]
|-fail|p1a: Ferrothorn
|move|p2a: Toxapex|Knock Off|p1a: Ferrothorn
|-damage|p1a: Ferrothorn|45/100
|-damage|p2a: Toxapex|46/100 par|[from] ability: Iron Barbs|[of] p1a: Ferrothorn
|
|upkeep
|turn|38
|
|t:|1616238553
|move|p1a: Ferrothorn|Spikes||[still]
|-fail|p1a: Ferrothorn
|cant|p2a: Toxapex|par
|
|upkeep
|turn|39
|
|t:|1616238558
|move|p1a: Ferrothorn|Spikes||[still]
|-fail|p1a: Ferrothorn
|move|p2a: Toxapex|Recover|p2a: Toxapex
|-heal|p2a: Toxapex|96/100 par
|
|upkeep
|turn|40
|inactive|el ghato has 120 seconds left.
|
|t:|1616238598
|move|p1a: Ferrothorn|Spikes||[still]
|-fail|p1a: Ferrothorn
|move|p2a: Toxapex|Knock Off|p1a: Ferrothorn
|-damage|p1a: Ferrothorn|37/100
|-damage|p2a: Toxapex|84/100 par|[from] ability: Iron Barbs|[of] p1a: Ferrothorn
|
|upkeep
|turn|41
|
|t:|1616238602
|move|p1a: Ferrothorn|Spikes||[still]
|-fail|p1a: Ferrothorn
|move|p2a: Toxapex|Knock Off|p1a: Ferrothorn
|-damage|p1a: Ferrothorn|30/100
|-damage|p2a: Toxapex|72/100 par|[from] ability: Iron Barbs|[of] p1a: Ferrothorn
|
|upkeep
|turn|42
|inactive|el ghato has 120 seconds left.
|
|t:|1616238618
|move|p1a: Ferrothorn|Spikes||[still]
|-fail|p1a: Ferrothorn
|move|p2a: Toxapex|Knock Off|p1a: Ferrothorn
|-damage|p1a: Ferrothorn|23/100
|-damage|p2a: Toxapex|60/100 par|[from] ability: Iron Barbs|[of] p1a: Ferrothorn
|
|upkeep
|turn|43
|
|t:|1616238621
|move|p1a: Ferrothorn|Spikes||[still]
|-fail|p1a: Ferrothorn
|move|p2a: Toxapex|Knock Off|p1a: Ferrothorn
|-damage|p1a: Ferrothorn|16/100
|-damage|p2a: Toxapex|47/100 par|[from] ability: Iron Barbs|[of] p1a: Ferrothorn
|
|upkeep
|turn|44
|
|t:|1616238627
|move|p1a: Ferrothorn|Spikes||[still]
|-fail|p1a: Ferrothorn
|cant|p2a: Toxapex|par
|
|upkeep
|turn|45
|
|t:|1616238630
|move|p1a: Ferrothorn|Spikes||[still]
|-fail|p1a: Ferrothorn
|move|p2a: Toxapex|Recover|p2a: Toxapex
|-heal|p2a: Toxapex|98/100 par
|
|upkeep
|turn|46
|
|t:|1616238636
|move|p1a: Ferrothorn|Spikes||[still]
|-fail|p1a: Ferrothorn
|cant|p2a: Toxapex|par
|
|upkeep
|turn|47
|
|t:|1616238639
|move|p1a: Ferrothorn|Spikes||[still]
|-fail|p1a: Ferrothorn
|cant|p2a: Toxapex|par
|
|upkeep
|turn|48
|
|t:|1616238641
|move|p1a: Ferrothorn|Spikes||[still]
|-fail|p1a: Ferrothorn
|cant|p2a: Toxapex|par
|
|upkeep
|turn|49
|
|t:|1616238665
|move|p1a: Ferrothorn|Spikes||[still]
|-fail|p1a: Ferrothorn
|move|p2a: Toxapex|Block||[still]
|-fail|p2a: Toxapex
|
|upkeep
|turn|50
|
|t:|1616238667
|move|p1a: Ferrothorn|Spikes||[still]
|-fail|p1a: Ferrothorn
|move|p2a: Toxapex|Block||[still]
|-fail|p2a: Toxapex
|
|upkeep
|turn|51
|
|t:|1616238677
|move|p1a: Ferrothorn|Spikes||[still]
|-fail|p1a: Ferrothorn
|move|p2a: Toxapex|Block||[still]
|-fail|p2a: Toxapex
|
|upkeep
|turn|52
|
|t:|1616238680
|switch|p2a: Skarmory|Skarmory, F|100/100
|move|p1a: Ferrothorn|Spikes||[still]
|-fail|p1a: Ferrothorn
|
|upkeep
|turn|53
|
|t:|1616238687
|switch|p1a: Tapu Koko|Tapu Koko|84/100
|-fieldstart|move: Electric Terrain|[from] ability: Electric Surge|[of] p1a: Tapu Koko
|move|p2a: Skarmory|Defog|p1a: Tapu Koko
|-unboost|p1a: Tapu Koko|evasion|1
|-sideend|p1: Mamaw31180|Stealth Rock|[from] move: Defog|[of] p2a: Skarmory
|-sideend|p2: el ghato|Spikes|[from] move: Defog|[of] p2a: Skarmory
|-fieldend|move: Electric Terrain
|
|upkeep
|turn|54
|
|t:|1616238698
|switch|p2a: Hippowdon|Hippowdon, F|91/100
|move|p1a: Tapu Koko|U-turn|p2a: Hippowdon
|-damage|p2a: Hippowdon|82/100
|-damage|p1a: Tapu Koko|68/100|[from] item: Rocky Helmet|[of] p2a: Hippowdon
|
|t:|1616238718
|switch|p1a: Ferrothorn|Ferrothorn, F|16/100|[from]move: U-turn
|
|upkeep
|turn|55
|
|t:|1616238729
|switch|p1a: Landorus|Landorus-Therian, M|100/100
|-ability|p1a: Landorus|Intimidate|boost
|-unboost|p2a: Hippowdon|atk|1
|move|p2a: Hippowdon|Stealth Rock|p1a: Landorus
|-sidestart|p1: Mamaw31180|move: Stealth Rock
|
|upkeep
|turn|56
|
|t:|1616238734
|switch|p2a: Skarmory|Skarmory, F|100/100
|move|p1a: Landorus|Stealth Rock|p2a: Skarmory
|-sidestart|p2: el ghato|move: Stealth Rock
|
|upkeep
|turn|57
|
|t:|1616238745
|switch|p2a: Hippowdon|Hippowdon, F|82/100
|-damage|p2a: Hippowdon|76/100|[from] Stealth Rock
|move|p1a: Landorus|Knock Off|p2a: Hippowdon
|-damage|p2a: Hippowdon|56/100
|-damage|p1a: Landorus|84/100|[from] item: Rocky Helmet|[of] p2a: Hippowdon
|-enditem|p2a: Hippowdon|Rocky Helmet|[from] move: Knock Off|[of] p1a: Landorus
|
|-heal|p1a: Landorus|90/100|[from] item: Leftovers
|upkeep
|turn|58
|
|t:|1616238749
|move|p1a: Landorus|U-turn|p2a: Hippowdon
|-damage|p2a: Hippowdon|42/100
|
|t:|1616238752
|switch|p1a: Ferrothorn|Ferrothorn, F|16/100|[from]move: U-turn
|-damage|p1a: Ferrothorn|10/100|[from] Stealth Rock
|move|p2a: Hippowdon|Slack Off|p2a: Hippowdon
|-heal|p2a: Hippowdon|92/100
|
|upkeep
|turn|59
|
|t:|1616238775
|move|p2a: Hippowdon|Earthquake|p1a: Ferrothorn
|-damage|p1a: Ferrothorn|0 fnt
|faint|p1a: Ferrothorn
|
|upkeep
|
|t:|1616238782
|switch|p1a: Melmetal|Melmetal|100/100
|-damage|p1a: Melmetal|94/100|[from] Stealth Rock
|turn|60
|
|t:|1616238801
|move|p2a: Hippowdon|Earthquake|p1a: Melmetal
|-supereffective|p1a: Melmetal
|-damage|p1a: Melmetal|56/100
|move|p1a: Melmetal|Double Iron Bash|p2a: Hippowdon
|-damage|p2a: Hippowdon|56/100
|-damage|p2a: Hippowdon|20/100
|-hitcount|p2a: Hippowdon|2
|
|upkeep
|turn|61
|
|t:|1616238811
|move|p2a: Hippowdon|Earthquake|p1a: Melmetal
|-supereffective|p1a: Melmetal
|-damage|p1a: Melmetal|18/100
|move|p1a: Melmetal|Double Iron Bash|p2a: Hippowdon
|-damage|p2a: Hippowdon|0 fnt
|-hitcount|p2a: Hippowdon|1
|faint|p2a: Hippowdon
|
|upkeep
|
|t:|1616238823
|switch|p2a: Toxapex|Toxapex, M|100/100 par
|-damage|p2a: Toxapex|88/100 par|[from] Stealth Rock
|turn|62
|
|t:|1616238829
|switch|p1a: Tapu Koko|Tapu Koko|68/100
|-fieldstart|move: Electric Terrain|[from] ability: Electric Surge|[of] p1a: Tapu Koko
|move|p2a: Toxapex|Knock Off|p1a: Tapu Koko
|-resisted|p1a: Tapu Koko
|-damage|p1a: Tapu Koko|56/100
|-enditem|p1a: Tapu Koko|Heavy-Duty Boots|[from] move: Knock Off|[of] p2a: Toxapex
|
|upkeep
|turn|63
|
|t:|1616238837
|switch|p2a: Blissey|Blissey, F|100/100
|-damage|p2a: Blissey|88/100|[from] Stealth Rock
|move|p1a: Tapu Koko|Roost|p1a: Tapu Koko
|-heal|p1a: Tapu Koko|100/100
|-singleturn|p1a: Tapu Koko|move: Roost
|
|-heal|p2a: Blissey|94/100|[from] item: Leftovers
|upkeep
|turn|64
|
|t:|1616238844
|move|p1a: Tapu Koko|U-turn|p2a: Blissey
|-damage|p2a: Blissey|81/100
|
|t:|1616238847
|switch|p1a: Hawlucha|Hawlucha, M|100/100|[from]move: U-turn
|-damage|p1a: Hawlucha|88/100|[from] Stealth Rock
|-enditem|p1a: Hawlucha|Electric Seed
|-boost|p1a: Hawlucha|def|1|[from] item: Electric Seed
|move|p2a: Blissey|Seismic Toss|p1a: Hawlucha
|-damage|p1a: Hawlucha|54/100
|
|-heal|p2a: Blissey|87/100|[from] item: Leftovers
|upkeep
|turn|65
|
|t:|1616238864
|switch|p2a: Clefable|Clefable, F|100/100
|-damage|p2a: Clefable|88/100|[from] Stealth Rock
|move|p1a: Hawlucha|Acrobatics|p2a: Clefable
|-damage|p2a: Clefable|53/100
|
|-heal|p2a: Clefable|59/100|[from] item: Leftovers
|upkeep
|turn|66
|
|t:|1616238871
|switch|p1a: Blissey|Blissey, F|100/100
|move|p2a: Clefable|Moonblast|p1a: Blissey
|-damage|p1a: Blissey|89/100
|
|-heal|p2a: Clefable|65/100|[from] item: Leftovers
|-fieldend|move: Electric Terrain
|upkeep
|turn|67
|
|t:|1616238874
|move|p2a: Clefable|Soft-Boiled|p2a: Clefable
|-heal|p2a: Clefable|100/100
|move|p1a: Blissey|Teleport|p1a: Blissey
|
|t:|1616238878
|switch|p1a: Tapu Koko|Tapu Koko|100/100|[from]move: Teleport
|-damage|p1a: Tapu Koko|88/100|[from] Stealth Rock
|-fieldstart|move: Electric Terrain|[from] ability: Electric Surge|[of] p1a: Tapu Koko
|
|upkeep
|turn|68
|
|t:|1616238891
|switch|p2a: Blissey|Blissey, F|87/100
|-damage|p2a: Blissey|75/100|[from] Stealth Rock
|move|p1a: Tapu Koko|U-turn|p2a: Blissey
|-damage|p2a: Blissey|60/100
|
|t:|1616238911
|switch|p1a: Hawlucha|Hawlucha, M|54/100|[from]move: U-turn
|-damage|p1a: Hawlucha|42/100|[from] Stealth Rock
|
|-heal|p2a: Blissey|66/100|[from] item: Leftovers
|upkeep
|turn|69
|
|t:|1616238917
|move|p2a: Blissey|Protect|p2a: Blissey
|-singleturn|p2a: Blissey|Protect
|move|p1a: Hawlucha|Acrobatics|p2a: Blissey
|-activate|p2a: Blissey|move: Protect
|
|-heal|p2a: Blissey|72/100|[from] item: Leftovers
|upkeep
|turn|70
|
|t:|1616238922
|switch|p2a: Clefable|Clefable, F|100/100
|-damage|p2a: Clefable|88/100|[from] Stealth Rock
|move|p1a: Hawlucha|Close Combat|p2a: Clefable
|-resisted|p2a: Clefable
|-damage|p2a: Clefable|68/100
|-unboost|p1a: Hawlucha|def|1
|-unboost|p1a: Hawlucha|spd|1
|
|-heal|p2a: Clefable|74/100|[from] item: Leftovers
|upkeep
|turn|71
|
|t:|1616238925
|switch|p1a: Blissey|Blissey, F|89/100
|move|p2a: Clefable|Moonblast|p1a: Blissey
|-damage|p1a: Blissey|77/100
|
|-heal|p2a: Clefable|80/100|[from] item: Leftovers
|-fieldend|move: Electric Terrain
|upkeep
|turn|72
|
|t:|1616238930
|move|p2a: Clefable|Calm Mind|p2a: Clefable
|-boost|p2a: Clefable|spa|1
|-boost|p2a: Clefable|spd|1
|move|p1a: Blissey|Toxic|p2a: Clefable|[miss]
|-miss|p1a: Blissey|p2a: Clefable
|
|-heal|p2a: Clefable|86/100|[from] item: Leftovers
|upkeep
|turn|73
|
|t:|1616238941
|move|p2a: Clefable|Calm Mind|p2a: Clefable
|-boost|p2a: Clefable|spa|1
|-boost|p2a: Clefable|spd|1
|move|p1a: Blissey|Toxic|p2a: Clefable
|-status|p2a: Clefable|tox
|
|-heal|p2a: Clefable|92/100 tox|[from] item: Leftovers
|-damage|p2a: Clefable|86/100 tox|[from] psn
|upkeep
|turn|74
|
|t:|1616238945
|move|p2a: Clefable|Heal Bell|p2a: Clefable
|-activate|p2a: Clefable|move: Heal Bell
|-curestatus|p2a: Clefable|tox|[msg]
|-curestatus|p2: Toxapex|par|[msg]
|move|p1a: Blissey|Soft-Boiled|p1a: Blissey
|-heal|p1a: Blissey|100/100
|
|-heal|p2a: Clefable|92/100|[from] item: Leftovers
|upkeep
|turn|75
|
|t:|1616238950
|move|p2a: Clefable|Calm Mind|p2a: Clefable
|-boost|p2a: Clefable|spa|1
|-boost|p2a: Clefable|spd|1
|move|p1a: Blissey|Seismic Toss|p2a: Clefable
|-damage|p2a: Clefable|66/100
|
|-heal|p2a: Clefable|73/100|[from] item: Leftovers
|upkeep
|turn|76
|
|t:|1616238974
|move|p2a: Clefable|Calm Mind|p2a: Clefable
|-boost|p2a: Clefable|spa|1
|-boost|p2a: Clefable|spd|1
|move|p1a: Blissey|Toxic|p2a: Clefable
|-status|p2a: Clefable|tox
|
|-heal|p2a: Clefable|79/100 tox|[from] item: Leftovers
|-damage|p2a: Clefable|73/100 tox|[from] psn
|upkeep
|turn|77
|
|t:|1616238980
|move|p2a: Clefable|Heal Bell|p2a: Clefable
|-activate|p2a: Clefable|move: Heal Bell
|-curestatus|p2a: Clefable|tox|[msg]
|move|p1a: Blissey|Seismic Toss|p2a: Clefable
|-damage|p2a: Clefable|47/100
|
|-heal|p2a: Clefable|53/100|[from] item: Leftovers
|upkeep
|turn|78
|
|t:|1616238982
|move|p2a: Clefable|Soft-Boiled|p2a: Clefable
|-heal|p2a: Clefable|100/100
|move|p1a: Blissey|Toxic|p2a: Clefable
|-status|p2a: Clefable|tox
|
|-damage|p2a: Clefable|94/100 tox|[from] psn
|upkeep
|turn|79
|
|t:|1616238986
|move|p2a: Clefable|Calm Mind|p2a: Clefable
|-boost|p2a: Clefable|spa|1
|-boost|p2a: Clefable|spd|1
|move|p1a: Blissey|Seismic Toss|p2a: Clefable
|-damage|p2a: Clefable|69/100 tox
|
|-heal|p2a: Clefable|75/100 tox|[from] item: Leftovers
|-damage|p2a: Clefable|63/100 tox|[from] psn
|upkeep
|turn|80
|
|t:|1616238990
|move|p2a: Clefable|Heal Bell|p2a: Clefable
|-activate|p2a: Clefable|move: Heal Bell
|-curestatus|p2a: Clefable|tox|[msg]
|move|p1a: Blissey|Seismic Toss|p2a: Clefable
|-damage|p2a: Clefable|38/100
|
|-heal|p2a: Clefable|44/100|[from] item: Leftovers
|upkeep
|turn|81
|
|t:|1616238993
|move|p2a: Clefable|Soft-Boiled|p2a: Clefable
|-heal|p2a: Clefable|94/100
|move|p1a: Blissey|Toxic|p2a: Clefable
|-status|p2a: Clefable|tox
|
|-heal|p2a: Clefable|99/100 tox|[from] item: Leftovers
|-damage|p2a: Clefable|94/100 tox|[from] psn
|upkeep
|turn|82
|
|t:|1616238995
|move|p2a: Clefable|Calm Mind|p2a: Clefable
|-boost|p2a: Clefable|spa|1
|-boost|p2a: Clefable|spd|1
|move|p1a: Blissey|Seismic Toss|p2a: Clefable
|-damage|p2a: Clefable|68/100 tox
|
|-heal|p2a: Clefable|74/100 tox|[from] item: Leftovers
|-damage|p2a: Clefable|62/100 tox|[from] psn
|upkeep
|turn|83
|
|t:|1616238998
|move|p2a: Clefable|Heal Bell|p2a: Clefable
|-activate|p2a: Clefable|move: Heal Bell
|-curestatus|p2a: Clefable|tox|[msg]
|move|p1a: Blissey|Seismic Toss|p2a: Clefable
|-damage|p2a: Clefable|37/100
|
|-heal|p2a: Clefable|43/100|[from] item: Leftovers
|upkeep
|turn|84
|
|t:|1616239000
|move|p2a: Clefable|Soft-Boiled|p2a: Clefable
|-heal|p2a: Clefable|93/100
|move|p1a: Blissey|Toxic|p2a: Clefable
|-status|p2a: Clefable|tox
|
|-heal|p2a: Clefable|99/100 tox|[from] item: Leftovers
|-damage|p2a: Clefable|93/100 tox|[from] psn
|upkeep
|turn|85
|
|t:|1616239002
|move|p2a: Clefable|Moonblast|p1a: Blissey
|-damage|p1a: Blissey|55/100
|move|p1a: Blissey|Seismic Toss|p2a: Clefable
|-damage|p2a: Clefable|68/100 tox
|
|-heal|p2a: Clefable|74/100 tox|[from] item: Leftovers
|-damage|p2a: Clefable|61/100 tox|[from] psn
|upkeep
|turn|86
|
|t:|1616239012
|move|p2a: Clefable|Heal Bell|p2a: Clefable
|-activate|p2a: Clefable|move: Heal Bell
|-curestatus|p2a: Clefable|tox|[msg]
|move|p1a: Blissey|Soft-Boiled|p1a: Blissey
|-heal|p1a: Blissey|100/100
|
|-heal|p2a: Clefable|68/100|[from] item: Leftovers
|upkeep
|turn|87
|
|t:|1616239027
|move|p2a: Clefable|Soft-Boiled|p2a: Clefable
|-heal|p2a: Clefable|100/100
|move|p1a: Blissey|Toxic|p2a: Clefable
|-status|p2a: Clefable|tox
|
|-damage|p2a: Clefable|94/100 tox|[from] psn
|upkeep
|turn|88
|
|t:|1616239030
|switch|p2a: Toxapex|Toxapex, M|100/100
|-damage|p2a: Toxapex|88/100|[from] Stealth Rock
|move|p1a: Blissey|Seismic Toss|p2a: Toxapex
|-damage|p2a: Toxapex|55/100
|
|upkeep
|turn|89
|
|t:|1616239044
|switch|p2a: Blissey|Blissey, F|72/100
|-damage|p2a: Blissey|60/100|[from] Stealth Rock
|move|p1a: Blissey|Teleport|p1a: Blissey
|
|t:|1616239049
|switch|p1a: Melmetal|Melmetal|18/100|[from]move: Teleport
|-damage|p1a: Melmetal|12/100|[from] Stealth Rock
|
|-heal|p2a: Blissey|66/100|[from] item: Leftovers
|upkeep
|turn|90
|
|t:|1616239052
|move|p2a: Blissey|Protect|p2a: Blissey
|-singleturn|p2a: Blissey|Protect
|move|p1a: Melmetal|Thunder Punch|p2a: Blissey
|-activate|p2a: Blissey|move: Protect
|
|-heal|p2a: Blissey|72/100|[from] item: Leftovers
|upkeep
|turn|91
|
|t:|1616239060
|move|p2a: Blissey|Seismic Toss|p1a: Melmetal
|-damage|p1a: Melmetal|0 fnt
|faint|p1a: Melmetal
|
|-heal|p2a: Blissey|79/100|[from] item: Leftovers
|upkeep
|
|t:|1616239065
|switch|p1a: Hawlucha|Hawlucha, M|42/100
|-damage|p1a: Hawlucha|29/100|[from] Stealth Rock
|turn|92
|
|t:|1616239077
|move|p2a: Blissey|Protect|p2a: Blissey
|-singleturn|p2a: Blissey|Protect
|move|p1a: Hawlucha|Close Combat|p2a: Blissey
|-activate|p2a: Blissey|move: Protect
|
|-heal|p2a: Blissey|85/100|[from] item: Leftovers
|upkeep
|turn|93
|
|t:|1616239083
|switch|p2a: Skarmory|Skarmory, F|100/100
|-damage|p2a: Skarmory|88/100|[from] Stealth Rock
|move|p1a: Hawlucha|Close Combat|p2a: Skarmory
|-damage|p2a: Skarmory|59/100
|-unboost|p1a: Hawlucha|def|1
|-unboost|p1a: Hawlucha|spd|1
|
|upkeep
|turn|94
|
|t:|1616239091
|switch|p1a: Tapu Koko|Tapu Koko|88/100
|-damage|p1a: Tapu Koko|76/100|[from] Stealth Rock
|-fieldstart|move: Electric Terrain|[from] ability: Electric Surge|[of] p1a: Tapu Koko
|move|p2a: Skarmory|Roost|p2a: Skarmory
|-heal|p2a: Skarmory|100/100
|-singleturn|p2a: Skarmory|move: Roost
|
|upkeep
|turn|95
|
|t:|1616239109
|switch|p2a: Blissey|Blissey, F|85/100
|-damage|p2a: Blissey|72/100|[from] Stealth Rock
|move|p1a: Tapu Koko|U-turn|p2a: Blissey
|-damage|p2a: Blissey|58/100
|
|t:|1616239122
|switch|p1a: Blissey|Blissey, F|100/100|[from]move: U-turn
|
|-heal|p2a: Blissey|64/100|[from] item: Leftovers
|upkeep
|turn|96
|
|t:|1616239127
|move|p1a: Blissey|Toxic|p2a: Blissey
|-status|p2a: Blissey|tox
|move|p2a: Blissey|Soft-Boiled|p2a: Blissey
|-heal|p2a: Blissey|100/100 tox
|
|-damage|p2a: Blissey|94/100 tox|[from] psn
|upkeep
|turn|97
|
|t:|1616239136
|switch|p2a: Toxapex|Toxapex, M|89/100
|-damage|p2a: Toxapex|76/100|[from] Stealth Rock
|move|p1a: Blissey|Seismic Toss|p2a: Toxapex
|-damage|p2a: Toxapex|43/100
|
|upkeep
|turn|98
|
|t:|1616239141
|move|p1a: Blissey|Seismic Toss|p2a: Toxapex
|-damage|p2a: Toxapex|10/100
|move|p2a: Toxapex|Recover|p2a: Toxapex
|-heal|p2a: Toxapex|61/100
|
|-fieldend|move: Electric Terrain
|upkeep
|turn|99
|
|t:|1616239148
|move|p2a: Toxapex|Knock Off|p1a: Blissey
|-damage|p1a: Blissey|86/100
|-enditem|p1a: Blissey|Heavy-Duty Boots|[from] move: Knock Off|[of] p2a: Toxapex
|move|p1a: Blissey|Teleport|p1a: Blissey
|
|t:|1616239151
|switch|p1a: Tapu Koko|Tapu Koko|76/100|[from]move: Teleport
|-damage|p1a: Tapu Koko|63/100|[from] Stealth Rock
|-fieldstart|move: Electric Terrain|[from] ability: Electric Surge|[of] p1a: Tapu Koko
|
|upkeep
|turn|100
|
|t:|1616239160
|switch|p2a: Blissey|Blissey, F|94/100
|-damage|p2a: Blissey|82/100|[from] Stealth Rock
|move|p1a: Tapu Koko|Thunderbolt|p2a: Blissey
|-damage|p2a: Blissey|63/100
|
|-heal|p2a: Blissey|69/100|[from] item: Leftovers
|upkeep
|turn|101
|
|t:|1616239165
|move|p1a: Tapu Koko|U-turn|p2a: Blissey
|-damage|p2a: Blissey|54/100
|
|t:|1616239171
|switch|p1a: Landorus|Landorus-Therian, M|90/100|[from]move: U-turn
|-damage|p1a: Landorus|78/100|[from] Stealth Rock
|-ability|p1a: Landorus|Intimidate|boost
|-unboost|p2a: Blissey|atk|1
|move|p2a: Blissey|Seismic Toss|p1a: Landorus
|-damage|p1a: Landorus|52/100
|
|-heal|p1a: Landorus|58/100|[from] item: Leftovers
|-heal|p2a: Blissey|60/100|[from] item: Leftovers
|upkeep
|turn|102
|
|t:|1616239176
|move|p2a: Blissey|Protect|p2a: Blissey
|-singleturn|p2a: Blissey|Protect
|move|p1a: Landorus|Earthquake|p2a: Blissey
|-activate|p2a: Blissey|move: Protect
|
|-heal|p1a: Landorus|64/100|[from] item: Leftovers
|-heal|p2a: Blissey|66/100|[from] item: Leftovers
|upkeep
|turn|103
|
|t:|1616239181
|move|p1a: Landorus|Earthquake|p2a: Blissey
|-damage|p2a: Blissey|25/100
|move|p2a: Blissey|Soft-Boiled|p2a: Blissey
|-heal|p2a: Blissey|75/100
|
|-heal|p1a: Landorus|70/100|[from] item: Leftovers
|-heal|p2a: Blissey|81/100|[from] item: Leftovers
|-fieldend|move: Electric Terrain
|upkeep
|turn|104
|
|t:|1616239185
|move|p2a: Blissey|Protect|p2a: Blissey
|-singleturn|p2a: Blissey|Protect
|move|p1a: Landorus|U-turn|p2a: Blissey
|-activate|p2a: Blissey|move: Protect
|
|-heal|p1a: Landorus|76/100|[from] item: Leftovers
|-heal|p2a: Blissey|88/100|[from] item: Leftovers
|upkeep
|turn|105
|
|t:|1616239198
|move|p1a: Landorus|U-turn|p2a: Blissey
|-damage|p2a: Blissey|70/100
|
|t:|1616239203
|switch|p1a: Tapu Koko|Tapu Koko|63/100|[from]move: U-turn
|-damage|p1a: Tapu Koko|51/100|[from] Stealth Rock
|-fieldstart|move: Electric Terrain|[from] ability: Electric Surge|[of] p1a: Tapu Koko
|move|p2a: Blissey|Seismic Toss|p1a: Tapu Koko
|-damage|p1a: Tapu Koko|15/100
|
|-heal|p2a: Blissey|76/100|[from] item: Leftovers
|upkeep
|turn|106
|
|t:|1616239206
|move|p1a: Tapu Koko|Roost|p1a: Tapu Koko
|-heal|p1a: Tapu Koko|65/100
|-singleturn|p1a: Tapu Koko|move: Roost
|move|p2a: Blissey|Toxic|p1a: Tapu Koko
|-status|p1a: Tapu Koko|tox
|
|-heal|p2a: Blissey|82/100|[from] item: Leftovers
|-damage|p1a: Tapu Koko|59/100 tox|[from] psn
|upkeep
|turn|107
|-message|Mamaw31180 forfeited.
|
|win|el ghato
|raw|Mamaw31180's rating: 1687 &rarr; <strong>1668</strong><br />(-19 for losing)
|raw|el ghato's rating: 1701 &rarr; <strong>1720</strong><br />(+19 for winning)
|l|☆Mamaw31180
|c|☆el ghato|/log el ghato made this room public.
