|raw|<div class="broadcast-blue"><strong>This battle is required to be public due to a player having a name starting with 'lt92pf'.</div>
|j|☆El Stefano
|j|☆LT92PF Templario
|t:|1660235605
|gametype|singles
|player|p1|El Stefano|170|1641
|player|p2|LT92PF Templario|266|1782
|teamsize|p1|6
|teamsize|p2|6
|gen|8
|tier|[Gen 8] OU
|rated|
|rule|Sleep Clause Mod: Limit one foe put to sleep
|rule|Species Clause: Limit one of each Pokémon
|rule|OHKO Clause: OHKO moves are banned
|rule|Evasion Items Clause: Evasion items are banned
|rule|Evasion Moves Clause: Evasion moves are banned
|rule|Endless Battle Clause: Forcing endless battles is banned
|rule|HP Percentage Mod: HP is shown in percentages
|rule|Dynamax Clause: You cannot dynamax
|clearpoke
|poke|p1|Pelipper, M|
|poke|p1|Melmetal|
|poke|p1|Tapu Bulu|
|poke|p1|Landorus-Therian, M|
|poke|p1|Dragonite, M|
|poke|p1|Magnezone|
|poke|p2|Clefable, M|
|poke|p2|Ferrothorn, M|
|poke|p2|Gastrodon, F|
|poke|p2|Tornadus-Therian, M|
|poke|p2|Dragapult, F|
|poke|p2|Heatran, F|
|teampreview
|inactive|Battle timer is ON: inactive players will automatically lose when time's up. (requested by LT92PF Templario)
|
|t:|1660235617
|start
|switch|p1a: Melmetal|Melmetal|100/100
|switch|p2a: Tornadus|Tornadus-Therian, M|100/100
|turn|1
|
|t:|1660235623
|move|p2a: Tornadus|U-turn|p1a: Melmetal
|-resisted|p1a: Melmetal
|-damage|p1a: Melmetal|96/100
|
|t:|1660235625
|switch|p2a: Ferrothorn|Ferrothorn, M|100/100|[from]move: U-turn
|move|p1a: Melmetal|Earthquake|p2a: Ferrothorn
|-damage|p2a: Ferrothorn|77/100
|
|-heal|p1a: Melmetal|100/100|[from] item: Leftovers
|-heal|p2a: Ferrothorn|83/100|[from] item: Leftovers
|upkeep
|turn|2
|
|t:|1660235630
|switch|p1a: Magnezone|Magnezone|100/100
|move|p2a: Ferrothorn|Leech Seed|p1a: Magnezone
|-start|p1a: Magnezone|move: Leech Seed
|
|-heal|p2a: Ferrothorn|89/100|[from] item: Leftovers
|-damage|p1a: Magnezone|88/100|[from] Leech Seed|[of] p2a: Ferrothorn
|-heal|p2a: Ferrothorn|99/100|[silent]
|upkeep
|turn|3
|
|t:|1660235637
|switch|p1a: Tapu Bulu|Tapu Bulu|100/100
|-fieldstart|move: Grassy Terrain|[from] ability: Grassy Surge|[of] p1a: Tapu Bulu
|move|p2a: Ferrothorn|Knock Off|p1a: Tapu Bulu
|-resisted|p1a: Tapu Bulu
|-damage|p1a: Tapu Bulu|91/100
|-enditem|p1a: Tapu Bulu|Expert Belt|[from] move: Knock Off|[of] p2a: Ferrothorn
|
|-heal|p1a: Tapu Bulu|98/100|[from] Grassy Terrain
|-heal|p2a: Ferrothorn|100/100|[from] Grassy Terrain
|upkeep
|turn|4
|
|t:|1660235644
|switch|p1a: Magnezone|Magnezone|88/100
|switch|p2a: Tornadus|Tornadus-Therian, M|100/100
|
|-heal|p1a: Magnezone|94/100|[from] Grassy Terrain
|-heal|p1a: Magnezone|100/100|[from] item: Leftovers
|upkeep
|turn|5
|
|t:|1660235656
|move|p2a: Tornadus|U-turn|p1a: Magnezone
|-resisted|p1a: Magnezone
|-damage|p1a: Magnezone|95/100
|
|t:|1660235659
|switch|p2a: Gastrodon|Gastrodon, F|100/100|[from]move: U-turn
|move|p1a: Magnezone|Iron Defense|p1a: Magnezone
|-boost|p1a: Magnezone|def|2
|
|-heal|p1a: Magnezone|100/100|[from] Grassy Terrain
|upkeep
|turn|6
|
|t:|1660235664
|move|p1a: Magnezone|Body Press|p2a: Gastrodon
|-damage|p2a: Gastrodon|35/100
|move|p2a: Gastrodon|Scald|p1a: Magnezone
|-damage|p1a: Magnezone|67/100
|
|-heal|p1a: Magnezone|73/100|[from] Grassy Terrain
|-heal|p1a: Magnezone|79/100|[from] item: Leftovers
|-heal|p2a: Gastrodon|41/100|[from] Grassy Terrain
|-heal|p2a: Gastrodon|47/100|[from] item: Leftovers
|upkeep
|turn|7
|
|t:|1660235670
|switch|p2a: Dragapult|Dragapult, F|100/100
|move|p1a: Magnezone|Discharge|p2a: Dragapult
|-resisted|p2a: Dragapult
|-damage|p2a: Dragapult|76/100
|
|-heal|p2a: Dragapult|82/100|[from] Grassy Terrain
|-heal|p1a: Magnezone|85/100|[from] Grassy Terrain
|-heal|p1a: Magnezone|91/100|[from] item: Leftovers
|-fieldend|move: Grassy Terrain
|upkeep
|turn|8
|
|t:|1660235677
|switch|p1a: Tapu Bulu|Tapu Bulu|98/100
|-fieldstart|move: Grassy Terrain|[from] ability: Grassy Surge|[of] p1a: Tapu Bulu
|move|p2a: Dragapult|Will-O-Wisp|p1a: Tapu Bulu
|-status|p1a: Tapu Bulu|brn
|
|-heal|p2a: Dragapult|88/100|[from] Grassy Terrain
|-heal|p1a: Tapu Bulu|100/100 brn|[from] Grassy Terrain
|-damage|p1a: Tapu Bulu|94/100 brn|[from] brn
|upkeep
|turn|9
|
|t:|1660235685
|switch|p1a: Pelipper|Pelipper, M|100/100
|-weather|RainDance|[from] ability: Drizzle|[of] p1a: Pelipper
|move|p2a: Dragapult|U-turn|p1a: Pelipper
|-resisted|p1a: Pelipper
|-damage|p1a: Pelipper|90/100
|
|t:|1660235691
|switch|p2a: Tornadus|Tornadus-Therian, M|100/100|[from]move: U-turn
|
|-weather|RainDance|[upkeep]
|upkeep
|turn|10
|
|t:|1660235701
|switch|p1a: Magnezone|Magnezone|91/100
|move|p2a: Tornadus|Hurricane|p1a: Magnezone
|-resisted|p1a: Magnezone
|-damage|p1a: Magnezone|79/100
|-start|p1a: Magnezone|confusion
|
|-weather|RainDance|[upkeep]
|-heal|p1a: Magnezone|85/100|[from] Grassy Terrain
|-heal|p1a: Magnezone|91/100|[from] item: Leftovers
|upkeep
|turn|11
|
|t:|1660235712
|switch|p1a: Landorus|Landorus-Therian, M|100/100
|-ability|p1a: Landorus|Intimidate|boost
|-unboost|p2a: Tornadus|atk|1
|move|p2a: Tornadus|U-turn|p1a: Landorus
|-resisted|p1a: Landorus
|-damage|p1a: Landorus|96/100
|
|t:|1660235719
|switch|p2a: Gastrodon|Gastrodon, F|47/100|[from]move: U-turn
|
|-weather|RainDance|[upkeep]
|-heal|p2a: Gastrodon|54/100|[from] Grassy Terrain
|-heal|p2a: Gastrodon|60/100|[from] item: Leftovers
|upkeep
|turn|12
|
|t:|1660235724
|move|p1a: Landorus|Knock Off|p2a: Gastrodon
|-damage|p2a: Gastrodon|25/100
|-enditem|p2a: Gastrodon|Leftovers|[from] move: Knock Off|[of] p1a: Landorus
|move|p2a: Gastrodon|Scald|p1a: Landorus
|-supereffective|p1a: Landorus
|-damage|p1a: Landorus|38/100
|
|-weather|RainDance|[upkeep]
|-heal|p2a: Gastrodon|31/100|[from] Grassy Terrain
|-fieldend|move: Grassy Terrain
|upkeep
|turn|13
|
|t:|1660235730
|switch|p2a: Tornadus|Tornadus-Therian, M|100/100
|move|p1a: Landorus|Stealth Rock|p2a: Tornadus
|-sidestart|p2: LT92PF Templario|move: Stealth Rock
|
|-weather|none
|upkeep
|turn|14
|
|t:|1660235735
|move|p2a: Tornadus|Defog|p1a: Landorus
|-unboost|p1a: Landorus|evasion|1
|-sideend|p2: LT92PF Templario|Stealth Rock|[from] move: Defog|[of] p2a: Tornadus
|move|p1a: Landorus|Rest|p1a: Landorus
|-status|p1a: Landorus|slp|[from] move: Rest
|-heal|p1a: Landorus|100/100 slp|[silent]
|-enditem|p1a: Landorus|Chesto Berry|[eat]
|-curestatus|p1a: Landorus|slp|[msg]
|
|upkeep
|turn|15
|
|t:|1660235740
|move|p2a: Tornadus|Hurricane|p1a: Landorus
|-damage|p1a: Landorus|70/100
|-start|p1a: Landorus|confusion
|-activate|p1a: Landorus|confusion
|-damage|p1a: Landorus|59/100|[from] confusion
|
|upkeep
|turn|16
|
|t:|1660235748
|switch|p1a: Magnezone|Magnezone|91/100
|move|p2a: Tornadus|Hurricane|p1a: Magnezone
|-resisted|p1a: Magnezone
|-damage|p1a: Magnezone|81/100
|
|-heal|p1a: Magnezone|87/100|[from] item: Leftovers
|upkeep
|turn|17
|
|t:|1660235755
|move|p2a: Tornadus|U-turn|p1a: Magnezone
|-resisted|p1a: Magnezone
|-damage|p1a: Magnezone|81/100
|
|t:|1660235757
|switch|p2a: Heatran|Heatran, F|100/100|[from]move: U-turn
|move|p1a: Magnezone|Discharge|p2a: Heatran
|-damage|p2a: Heatran|76/100
|-status|p2a: Heatran|par
|
|-heal|p1a: Magnezone|87/100|[from] item: Leftovers
|-heal|p2a: Heatran|82/100 par|[from] item: Leftovers
|upkeep
|turn|18
|
|t:|1660235762
|switch|p1a: Pelipper|Pelipper, M|90/100
|-weather|RainDance|[from] ability: Drizzle|[of] p1a: Pelipper
|cant|p2a: Heatran|par
|
|-weather|RainDance|[upkeep]
|-heal|p2a: Heatran|88/100 par|[from] item: Leftovers
|upkeep
|turn|19
|
|t:|1660235769
|move|p1a: Pelipper|Hurricane|p2a: Heatran
|-resisted|p2a: Heatran
|-damage|p2a: Heatran|61/100 par
|-start|p2a: Heatran|confusion
|-activate|p2a: Heatran|confusion
|move|p2a: Heatran|Magma Storm|p1a: Pelipper
|-resisted|p1a: Pelipper
|-damage|p1a: Pelipper|74/100
|-activate|p1a: Pelipper|move: Magma Storm|[of] p2a: Heatran
|
|-weather|RainDance|[upkeep]
|-heal|p2a: Heatran|67/100 par|[from] item: Leftovers
|-damage|p1a: Pelipper|62/100|[from] move: Magma Storm|[partiallytrapped]
|upkeep
|turn|20
|
|t:|1660235776
|-end|p2a: Heatran|confusion
|move|p2a: Heatran|Protect|p2a: Heatran
|-singleturn|p2a: Heatran|Protect
|move|p1a: Pelipper|Hurricane|p2a: Heatran
|-activate|p2a: Heatran|move: Protect
|
|-weather|RainDance|[upkeep]
|-heal|p2a: Heatran|73/100 par|[from] item: Leftovers
|-damage|p1a: Pelipper|49/100|[from] move: Magma Storm|[partiallytrapped]
|upkeep
|turn|21
|
|t:|1660235781
|move|p1a: Pelipper|Hurricane|p2a: Heatran
|-resisted|p2a: Heatran
|-damage|p2a: Heatran|46/100 par
|-start|p2a: Heatran|confusion
|-activate|p2a: Heatran|confusion
|-damage|p2a: Heatran|40/100 par|[from] confusion
|
|-weather|RainDance|[upkeep]
|-heal|p2a: Heatran|47/100 par|[from] item: Leftovers
|-damage|p1a: Pelipper|37/100|[from] move: Magma Storm|[partiallytrapped]
|upkeep
|turn|22
|
|t:|1660235787
|move|p1a: Pelipper|Hurricane|p2a: Heatran
|-resisted|p2a: Heatran
|-damage|p2a: Heatran|20/100 par
|-activate|p2a: Heatran|confusion
|-damage|p2a: Heatran|14/100 par|[from] confusion
|
|-weather|none
|-heal|p2a: Heatran|21/100 par|[from] item: Leftovers
|-damage|p1a: Pelipper|24/100|[from] move: Magma Storm|[partiallytrapped]
|upkeep
|turn|23
|
|t:|1660235792
|-end|p2a: Heatran|confusion
|move|p2a: Heatran|Protect|p2a: Heatran
|-singleturn|p2a: Heatran|Protect
|move|p1a: Pelipper|Hurricane|p2a: Heatran
|-activate|p2a: Heatran|move: Protect
|
|-heal|p2a: Heatran|27/100 par|[from] item: Leftovers
|-damage|p1a: Pelipper|12/100|[from] move: Magma Storm|[partiallytrapped]
|upkeep
|turn|24
|
|t:|1660235796
|cant|p2a: Heatran|par
|move|p1a: Pelipper|Hurricane|p2a: Heatran
|-resisted|p2a: Heatran
|-damage|p2a: Heatran|3/100 par
|-start|p2a: Heatran|confusion
|
|-heal|p2a: Heatran|9/100 par|[from] item: Leftovers
|-end|p1a: Pelipper|Magma Storm|[partiallytrapped]
|upkeep
|turn|25
|c|☆LT92PF Templario|holy god
|c|☆LT92PF Templario|you're having the time of your life
|
|t:|1660235817
|switch|p1a: Landorus|Landorus-Therian, M|59/100
|-ability|p1a: Landorus|Intimidate|boost
|-unboost|p2a: Heatran|atk|1
|-activate|p2a: Heatran|confusion
|move|p2a: Heatran|Magma Storm|p1a: Landorus|[miss]
|-miss|p2a: Heatran|p1a: Landorus
|
|-heal|p2a: Heatran|15/100 par|[from] item: Leftovers
|upkeep
|turn|26
|
|t:|1660235820
|switch|p2a: Tornadus|Tornadus-Therian, M|100/100
|move|p1a: Landorus|Stealth Rock|p2a: Tornadus
|-sidestart|p2: LT92PF Templario|move: Stealth Rock
|
|upkeep
|turn|27
|
|t:|1660235825
|switch|p1a: Magnezone|Magnezone|87/100
|move|p2a: Tornadus|Defog|p1a: Magnezone
|-unboost|p1a: Magnezone|evasion|1
|-sideend|p2: LT92PF Templario|Stealth Rock|[from] move: Defog|[of] p2a: Tornadus
|
|-heal|p1a: Magnezone|93/100|[from] item: Leftovers
|upkeep
|turn|28
|
|t:|1660235831
|move|p2a: Tornadus|U-turn|p1a: Magnezone
|-resisted|p1a: Magnezone
|-damage|p1a: Magnezone|87/100
|
|t:|1660235834
|switch|p2a: Dragapult|Dragapult, F|88/100|[from]move: U-turn
|move|p1a: Magnezone|Discharge|p2a: Dragapult
|-resisted|p2a: Dragapult
|-damage|p2a: Dragapult|65/100
|
|-heal|p1a: Magnezone|93/100|[from] item: Leftovers
|upkeep
|turn|29
|
|t:|1660235843
|move|p2a: Dragapult|U-turn|p1a: Magnezone
|-resisted|p1a: Magnezone
|-damage|p1a: Magnezone|87/100
|
|t:|1660235845
|switch|p2a: Gastrodon|Gastrodon, F|31/100|[from]move: U-turn
|move|p1a: Magnezone|Discharge|p2a: Gastrodon
|-immune|p2a: Gastrodon
|
|-heal|p1a: Magnezone|93/100|[from] item: Leftovers
|upkeep
|turn|30
|
|t:|1660235849
|switch|p2a: Dragapult|Dragapult, F|65/100
|move|p1a: Magnezone|Discharge|p2a: Dragapult
|-resisted|p2a: Dragapult
|-damage|p2a: Dragapult|41/100
|-status|p2a: Dragapult|par
|
|-heal|p1a: Magnezone|99/100|[from] item: Leftovers
|upkeep
|turn|31
|
|t:|1660235853
|move|p2a: Dragapult|Will-O-Wisp|p1a: Magnezone
|-status|p1a: Magnezone|brn
|move|p1a: Magnezone|Discharge|p2a: Dragapult
|-resisted|p2a: Dragapult
|-damage|p2a: Dragapult|19/100 par
|
|-heal|p1a: Magnezone|100/100 brn|[from] item: Leftovers
|-damage|p1a: Magnezone|94/100 brn|[from] brn
|upkeep
|turn|32
|
|t:|1660235857
|switch|p2a: Gastrodon|Gastrodon, F|31/100
|move|p1a: Magnezone|Discharge|p2a: Gastrodon
|-immune|p2a: Gastrodon
|
|-heal|p1a: Magnezone|100/100 brn|[from] item: Leftovers
|-damage|p1a: Magnezone|94/100 brn|[from] brn
|upkeep
|turn|33
|
|t:|1660235859
|move|p1a: Magnezone|Body Press|p2a: Gastrodon
|-damage|p2a: Gastrodon|17/100
|move|p2a: Gastrodon|Recover|p2a: Gastrodon
|-heal|p2a: Gastrodon|67/100
|
|-heal|p1a: Magnezone|100/100 brn|[from] item: Leftovers
|-damage|p1a: Magnezone|94/100 brn|[from] brn
|upkeep
|turn|34
|
|t:|1660235865
|switch|p1a: Tapu Bulu|Tapu Bulu|94/100 brn
|-fieldstart|move: Grassy Terrain|[from] ability: Grassy Surge|[of] p1a: Tapu Bulu
|move|p2a: Gastrodon|Recover|p2a: Gastrodon
|-heal|p2a: Gastrodon|100/100
|
|-heal|p1a: Tapu Bulu|100/100 brn|[from] Grassy Terrain
|-damage|p1a: Tapu Bulu|94/100 brn|[from] brn
|upkeep
|turn|35
|
|t:|1660235871
|switch|p1a: Dragonite|Dragonite, M|100/100
|switch|p2a: Tornadus|Tornadus-Therian, M|100/100
|
|upkeep
|turn|36
|
|t:|1660235877
|move|p2a: Tornadus|Toxic|p1a: Dragonite
|-status|p1a: Dragonite|tox
|move|p1a: Dragonite|Heal Bell|p1a: Dragonite
|-activate|p1a: Dragonite|move: Heal Bell
|-curestatus|p1a: Dragonite|tox|[msg]
|-curestatus|p1: Magnezone|brn|[msg]
|-curestatus|p1: Tapu Bulu|brn|[msg]
|
|upkeep
|turn|37
|
|t:|1660235884
|switch|p1a: Magnezone|Magnezone|94/100
|move|p2a: Tornadus|U-turn|p1a: Magnezone
|-resisted|p1a: Magnezone
|-damage|p1a: Magnezone|89/100
|
|t:|1660235891
|switch|p2a: Clefable|Clefable, M|100/100|[from]move: U-turn
|
|-heal|p1a: Magnezone|95/100|[from] Grassy Terrain
|-heal|p1a: Magnezone|100/100|[from] item: Leftovers
|upkeep
|turn|38
|
|t:|1660235896
|switch|p1a: Melmetal|Melmetal|100/100
|move|p2a: Clefable|Calm Mind|p2a: Clefable
|-boost|p2a: Clefable|spa|1
|-boost|p2a: Clefable|spd|1
|
|-fieldend|move: Grassy Terrain
|upkeep
|turn|39
|
|t:|1660235904
|switch|p2a: Ferrothorn|Ferrothorn, M|100/100
|switch|p1a: Magnezone|Magnezone|100/100
|
|upkeep
|turn|40
|
|t:|1660235908
|move|p1a: Magnezone|Substitute|p1a: Magnezone
|-start|p1a: Magnezone|Substitute
|-damage|p1a: Magnezone|76/100
|move|p2a: Ferrothorn|Leech Seed||[still]
|-fail|p2a: Ferrothorn
|
|-heal|p1a: Magnezone|82/100|[from] item: Leftovers
|upkeep
|turn|41
|
|t:|1660235912
|move|p1a: Magnezone|Iron Defense|p1a: Magnezone
|-boost|p1a: Magnezone|def|2
|move|p2a: Ferrothorn|Body Press|p1a: Magnezone
|-supereffective|p1a: Magnezone
|-activate|p1a: Magnezone|move: Substitute|[damage]
|
|-heal|p1a: Magnezone|88/100|[from] item: Leftovers
|upkeep
|turn|42
|
|t:|1660235916
|move|p1a: Magnezone|Iron Defense|p1a: Magnezone
|-boost|p1a: Magnezone|def|2
|move|p2a: Ferrothorn|Stealth Rock|p1a: Magnezone
|-sidestart|p1: El Stefano|move: Stealth Rock
|
|-heal|p1a: Magnezone|94/100|[from] item: Leftovers
|upkeep
|turn|43
|
|t:|1660235924
|move|p1a: Magnezone|Body Press|p2a: Ferrothorn
|-supereffective|p2a: Ferrothorn
|-damage|p2a: Ferrothorn|0 fnt
|-damage|p1a: Magnezone|82/100|[from] ability: Iron Barbs|[of] p2a: Ferrothorn
|faint|p2a: Ferrothorn
|
|-heal|p1a: Magnezone|88/100|[from] item: Leftovers
|upkeep
|
|t:|1660235928
|switch|p2a: Dragapult|Dragapult, F|19/100 par
|turn|44
|
|t:|1660235932
|move|p2a: Dragapult|Will-O-Wisp||[still]
|-fail|p2a: Dragapult
|move|p1a: Magnezone|Discharge|p2a: Dragapult
|-resisted|p2a: Dragapult
|-damage|p2a: Dragapult|0 fnt
|faint|p2a: Dragapult
|
|-heal|p1a: Magnezone|94/100|[from] item: Leftovers
|upkeep
|c|☆LT92PF Templario|yeah called it
|
|t:|1660235952
|switch|p2a: Clefable|Clefable, M|100/100
|turn|45
|
|t:|1660235956
|move|p1a: Magnezone|Discharge|p2a: Clefable
|-damage|p2a: Clefable|66/100
|-status|p2a: Clefable|par
|move|p2a: Clefable|Flamethrower|p1a: Magnezone
|-supereffective|p1a: Magnezone
|-end|p1a: Magnezone|Substitute
|
|-heal|p1a: Magnezone|99/100|[from] item: Leftovers
|-heal|p2a: Clefable|72/100 par|[from] item: Leftovers
|upkeep
|turn|46
|c|☆LT92PF Templario|lmfao
|
|t:|1660235964
|switch|p1a: Dragonite|Dragonite, M|100/100
|cant|p2a: Clefable|par
|
|-heal|p2a: Clefable|78/100 par|[from] item: Leftovers
|upkeep
|turn|47
|
|t:|1660235968
|switch|p1a: Landorus|Landorus-Therian, M|59/100
|-damage|p1a: Landorus|47/100|[from] Stealth Rock
|-ability|p1a: Landorus|Intimidate|boost
|-unboost|p2a: Clefable|atk|1
|move|p2a: Clefable|Moonblast|p1a: Landorus
|-damage|p1a: Landorus|21/100
|
|-heal|p2a: Clefable|84/100 par|[from] item: Leftovers
|upkeep
|turn|48
|
|t:|1660235971
|move|p1a: Landorus|Defog|p2a: Clefable
|-unboost|p2a: Clefable|evasion|1
|-sideend|p1: El Stefano|Stealth Rock|[from] move: Defog|[of] p1a: Landorus
|move|p2a: Clefable|Moonblast|p1a: Landorus
|-damage|p1a: Landorus|0 fnt
|faint|p1a: Landorus
|
|-heal|p2a: Clefable|90/100 par|[from] item: Leftovers
|upkeep
|
|t:|1660235976
|switch|p1a: Pelipper|Pelipper, M|12/100
|-weather|RainDance|[from] ability: Drizzle|[of] p1a: Pelipper
|turn|49
|
|t:|1660235980
|switch|p2a: Heatran|Heatran, F|15/100 par
|move|p1a: Pelipper|Weather Ball|p2a: Heatran
|-supereffective|p2a: Heatran
|-damage|p2a: Heatran|0 fnt
|faint|p2a: Heatran
|
|-weather|RainDance|[upkeep]
|upkeep
|
|t:|1660235981
|switch|p2a: Tornadus|Tornadus-Therian, M|100/100
|turn|50
|
|t:|1660235984
|switch|p1a: Magnezone|Magnezone|99/100
|move|p2a: Tornadus|Hurricane|p1a: Magnezone
|-resisted|p1a: Magnezone
|-damage|p1a: Magnezone|90/100
|
|-weather|RainDance|[upkeep]
|-heal|p1a: Magnezone|96/100|[from] item: Leftovers
|upkeep
|turn|51
|
|t:|1660235995
|move|p2a: Tornadus|U-turn|p1a: Magnezone
|-resisted|p1a: Magnezone
|-damage|p1a: Magnezone|90/100
|
|t:|1660235999
|switch|p2a: Gastrodon|Gastrodon, F|100/100|[from]move: U-turn
|move|p1a: Magnezone|Discharge|p2a: Gastrodon
|-immune|p2a: Gastrodon
|
|-weather|RainDance|[upkeep]
|-heal|p1a: Magnezone|96/100|[from] item: Leftovers
|upkeep
|turn|52
|
|t:|1660236003
|switch|p1a: Tapu Bulu|Tapu Bulu|94/100
|-fieldstart|move: Grassy Terrain|[from] ability: Grassy Surge|[of] p1a: Tapu Bulu
|move|p2a: Gastrodon|Scald|p1a: Tapu Bulu
|-resisted|p1a: Tapu Bulu
|-damage|p1a: Tapu Bulu|73/100
|
|-weather|RainDance|[upkeep]
|-heal|p1a: Tapu Bulu|79/100|[from] Grassy Terrain
|upkeep
|turn|53
|
|t:|1660236006
|switch|p2a: Tornadus|Tornadus-Therian, M|100/100
|move|p1a: Tapu Bulu|Stone Edge|p2a: Tornadus|[miss]
|-miss|p1a: Tapu Bulu|p2a: Tornadus
|
|-weather|none
|-heal|p1a: Tapu Bulu|85/100|[from] Grassy Terrain
|upkeep
|turn|54
|
|t:|1660236012
|switch|p1a: Magnezone|Magnezone|96/100
|move|p2a: Tornadus|U-turn|p1a: Magnezone
|-resisted|p1a: Magnezone
|-damage|p1a: Magnezone|91/100
|
|t:|1660236014
|switch|p2a: Clefable|Clefable, M|90/100 par|[from]move: U-turn
|
|-heal|p1a: Magnezone|97/100|[from] Grassy Terrain
|-heal|p1a: Magnezone|100/100|[from] item: Leftovers
|-heal|p2a: Clefable|96/100 par|[from] Grassy Terrain
|-heal|p2a: Clefable|100/100 par|[from] item: Leftovers
|upkeep
|turn|55
|
|t:|1660236017
|switch|p1a: Melmetal|Melmetal|100/100
|move|p2a: Clefable|Flamethrower|p1a: Melmetal
|-supereffective|p1a: Melmetal
|-damage|p1a: Melmetal|63/100
|
|-heal|p1a: Melmetal|69/100|[from] Grassy Terrain
|-heal|p1a: Melmetal|76/100|[from] item: Leftovers
|upkeep
|turn|56
|
|t:|1660236023
|move|p1a: Melmetal|Double Iron Bash|p2a: Clefable
|-supereffective|p2a: Clefable
|-damage|p2a: Clefable|33/100 par
|-supereffective|p2a: Clefable
|-damage|p2a: Clefable|0 fnt
|faint|p2a: Clefable
|-hitcount|p2: Clefable|2
|
|-heal|p1a: Melmetal|82/100|[from] Grassy Terrain
|-heal|p1a: Melmetal|88/100|[from] item: Leftovers
|-fieldend|move: Grassy Terrain
|upkeep
|c|☆LT92PF Templario|what a legend
|c|☆LT92PF Templario|keep rocking
|-message|LT92PF Templario forfeited.
|
|win|El Stefano
|raw|El Stefano's rating: 1641 &rarr; <strong>1669</strong><br />(+28 for winning)
|raw|LT92PF Templario's rating: 1782 &rarr; <strong>1754</strong><br />(-28 for losing)
|l|☆LT92PF Templario
|c|☆El Stefano|Thx
||Ladder isn't responding, score probably updated but might not have (Request timeout).
