|j|☆Oryen
|j|☆rightclick_r
|inactive|Battle timer is ON: inactive players will automatically lose when time's up.
|t:|1659108194
|gametype|singles
|player|p1|Oryen|266|
|player|p2|rightclick_r|hilbert|
|teamsize|p1|6
|teamsize|p2|6
|gen|8
|tier|[Gen 8] OU
|rated|Tournament battle
|rule|Sleep Clause Mod: Limit one foe put to sleep
|rule|Species Clause: Limit one of each Pokémon
|rule|OHKO Clause: OHKO moves are banned
|rule|Evasion Moves Clause: Evasion moves are banned
|rule|Endless Battle Clause: Forcing endless battles is banned
|rule|HP Percentage Mod: HP is shown in percentages
|rule|Dynamax Clause: You cannot dynamax
|clearpoke
|poke|p1|Zigzagoon, M|
|poke|p1|Togekiss, M|
|poke|p1|Sneasel, M|
|poke|p1|Swinub, F|
|poke|p1|Cloyster, M|
|poke|p1|Corviknight, M|
|poke|p2|Zigzagoon, M|
|poke|p2|Silicobra, M|
|poke|p2|Morgrem, M|
|poke|p2|Crawdaunt, F|
|poke|p2|Psyduck, M|
|poke|p2|Sandygast, F|
|teampreview
|j|*Lady Monita ☀
|j| Jisi02
|j| phraxas
|j| Jelliebestcat
|j| ButterLol
|c|☆rightclick_r|glhf
|c| ButterLol|hm
|j| bergenser
|c|☆Oryen|u2
|c| ButterLol|u3
|inactive|Oryen has 120 seconds left.
|inactive|rightclick_r has 120 seconds left.
|
|t:|1659108232
|start
|switch|p1a: Togekiss|Togekiss, M|100/100
|switch|p2a: Morgrem|Morgrem, M|100/100
|turn|1
|
|t:|1659108237
|switch|p1a: Sneasel|Sneasel, M|100/100
|move|p2a: Morgrem|Light Screen|p2a: Morgrem
|-sidestart|p2: rightclick_r|move: Light Screen
|
|upkeep
|turn|2
|
|t:|1659108243
|move|p2a: Morgrem|Reflect|p2a: Morgrem
|-sidestart|p2: rightclick_r|Reflect
|move|p1a: Sneasel|Swords Dance|p1a: Sneasel
|-boost|p1a: Sneasel|atk|2
|
|upkeep
|turn|3
|j| Dragonair2fair
|
|t:|1659108249
|move|p2a: Morgrem|Thunder Wave|p1a: Sneasel
|-hint|Since gen 7, Dark is immune to Prankster moves.
|-immune|p1a: Sneasel
|move|p1a: Sneasel|Triple Axel|p2a: Morgrem
|-damage|p2a: Morgrem|84/100
|-damage|p2a: Morgrem|53/100
|-damage|p2a: Morgrem|1/100
|-hitcount|p2a: Morgrem|3
|
|upkeep
|turn|4
|j| aslo6541
|
|t:|1659108264
|switch|p2a: Crawdaunt|Crawdaunt, F|100/100
|move|p1a: Sneasel|Ice Shard|p2a: Crawdaunt
|-resisted|p2a: Crawdaunt
|-damage|p2a: Crawdaunt|88/100
|
|upkeep
|turn|5
|
|t:|1659108279
|move|p1a: Sneasel|Knock Off|p2a: Crawdaunt
|-resisted|p2a: Crawdaunt
|-damage|p2a: Crawdaunt|59/100
|-enditem|p2a: Crawdaunt|Life Orb|[from] move: Knock Off|[of] p1a: Sneasel
|move|p2a: Crawdaunt|Dragon Dance|p2a: Crawdaunt
|-boost|p2a: Crawdaunt|atk|1
|-boost|p2a: Crawdaunt|spe|1
|
|upkeep
|turn|6
|
|t:|1659108292
|move|p1a: Sneasel|Triple Axel|p2a: Crawdaunt
|-resisted|p2a: Crawdaunt
|-damage|p2a: Crawdaunt|53/100
|-resisted|p2a: Crawdaunt
|-damage|p2a: Crawdaunt|41/100
|-resisted|p2a: Crawdaunt
|-damage|p2a: Crawdaunt|24/100
|-hitcount|p2a: Crawdaunt|3
|move|p2a: Crawdaunt|Dragon Dance|p2a: Crawdaunt
|-boost|p2a: Crawdaunt|atk|1
|-boost|p2a: Crawdaunt|spe|1
|
|upkeep
|turn|7
|j| L0N3W0LF69
|
|t:|1659108312
|switch|p1a: Zigzagoon|Zigzagoon, M|100/100
|move|p2a: Crawdaunt|Crabhammer|p1a: Zigzagoon
|-damage|p1a: Zigzagoon|0 fnt
|faint|p1a: Zigzagoon
|
|upkeep
|inactive|Oryen has 120 seconds left.
|
|t:|1659108324
|switch|p1a: Swinub|Swinub, F|100/100
|turn|8
|
|t:|1659108332
|move|p2a: Crawdaunt|Crabhammer|p1a: Swinub
|-supereffective|p1a: Swinub
|-enditem|p1a: Swinub|Focus Sash
|-damage|p1a: Swinub|1/100
|move|p1a: Swinub|Endeavor|p2a: Crawdaunt
|-damage|p2a: Crawdaunt|1/100
|
|-sideend|p2: rightclick_r|move: Light Screen
|upkeep
|turn|9
|
|t:|1659108340
|move|p1a: Swinub|Ice Shard|p2a: Crawdaunt
|-resisted|p2a: Crawdaunt
|-damage|p2a: Crawdaunt|0 fnt
|faint|p2a: Crawdaunt
|
|-sideend|p2: rightclick_r|Reflect
|upkeep
|
|t:|1659108352
|switch|p2a: Morgrem|Morgrem, M|1/100
|turn|10
|
|t:|1659108359
|move|p1a: Swinub|Ice Shard|p2a: Morgrem
|-damage|p2a: Morgrem|0 fnt
|faint|p2a: Morgrem
|
|upkeep
|j| 41exe
|
|t:|1659108364
|switch|p2a: Zigzagoon|Zigzagoon, M|100/100
|turn|11
|
|t:|1659108370
|move|p1a: Swinub|Endeavor|p2a: Zigzagoon
|-damage|p2a: Zigzagoon|1/100
|-enditem|p2a: Zigzagoon|Aguav Berry|[eat]
|-heal|p2a: Zigzagoon|34/100|[from] item: Aguav Berry
|move|p2a: Zigzagoon|Belly Drum||[still]
|-fail|p2a: Zigzagoon
|
|upkeep
|turn|12
|c|☆rightclick_r|I'm so dumb omg
|
|t:|1659108384
|move|p2a: Zigzagoon|Extreme Speed|p1a: Swinub
|-damage|p1a: Swinub|0 fnt
|faint|p1a: Swinub
|
|upkeep
|n| Algodoo7|butterlol
|
|t:|1659108391
|switch|p1a: Cloyster|Cloyster, M|100/100
|turn|13
|
|t:|1659108395
|move|p1a: Cloyster|Shell Smash|p1a: Cloyster
|-unboost|p1a: Cloyster|def|1
|-unboost|p1a: Cloyster|spd|1
|-boost|p1a: Cloyster|atk|2
|-boost|p1a: Cloyster|spa|2
|-boost|p1a: Cloyster|spe|2
|move|p2a: Zigzagoon|Seed Bomb|p1a: Cloyster
|-supereffective|p1a: Cloyster
|-damage|p1a: Cloyster|66/100
|
|upkeep
|turn|14
|
|t:|1659108400
|move|p1a: Cloyster|Icicle Spear|p2a: Zigzagoon
|-damage|p2a: Zigzagoon|0 fnt
|faint|p2a: Zigzagoon
|-hitcount|p2: Zigzagoon|1
|
|upkeep
|n| ButterLol|algodoo7
|c|☆Oryen|gg
|
|t:|1659108416
|switch|p2a: Silicobra|Silicobra, M|100/100
|turn|15
|
|t:|1659108420
|move|p1a: Cloyster|Icicle Spear|p2a: Silicobra
|-supereffective|p2a: Silicobra
|-damage|p2a: Silicobra|60/100
|-supereffective|p2a: Silicobra
|-damage|p2a: Silicobra|17/100
|-supereffective|p2a: Silicobra
|-damage|p2a: Silicobra|0 fnt
|faint|p2a: Silicobra
|-hitcount|p2: Silicobra|3
|
|upkeep
|c| Dragonair2fair|gg
|
|t:|1659108425
|switch|p2a: Psyduck|Psyduck, M|100/100
|turn|16
|
|t:|1659108428
|move|p1a: Cloyster|Rock Blast|p2a: Psyduck|[miss]
|-miss|p1a: Cloyster|p2a: Psyduck
|move|p2a: Psyduck|Clear Smog|p1a: Cloyster
|-damage|p1a: Cloyster|30/100
|-clearboost|p1a: Cloyster
|
|upkeep
|turn|17
|l| bergenser
|
|t:|1659108439
|move|p1a: Cloyster|Rock Blast|p2a: Psyduck
|-damage|p2a: Psyduck|91/100
|-damage|p2a: Psyduck|82/100
|-damage|p2a: Psyduck|72/100
|-damage|p2a: Psyduck|62/100
|-damage|p2a: Psyduck|53/100
|-hitcount|p2a: Psyduck|5
|move|p2a: Psyduck|Clear Smog|p1a: Cloyster
|-damage|p1a: Cloyster|6/100
|-clearboost|p1a: Cloyster
|
|upkeep
|turn|18
|c| Dragonair2fair|or maybe not
|
|t:|1659108447
|switch|p1a: Togekiss|Togekiss, M|100/100
|move|p2a: Psyduck|Scald|p1a: Togekiss
|-damage|p1a: Togekiss|82/100
|-status|p1a: Togekiss|brn
|
|-damage|p1a: Togekiss|76/100 brn|[from] brn
|upkeep
|turn|19
|
|t:|1659108455
|move|p1a: Togekiss|Air Slash|p2a: Psyduck
|-damage|p2a: Psyduck|23/100
|move|p2a: Psyduck|Clear Smog|p1a: Togekiss
|-supereffective|p1a: Togekiss
|-damage|p1a: Togekiss|58/100 brn
|-clearboost|p1a: Togekiss
|
|-damage|p1a: Togekiss|52/100 brn|[from] brn
|upkeep
|turn|20
|
|t:|1659108462
|switch|p2a: Sandygast|Sandygast, F|100/100
|move|p1a: Togekiss|Air Slash|p2a: Sandygast
|-crit|p2a: Sandygast
|-damage|p2a: Sandygast|24/100
|
|-damage|p1a: Togekiss|46/100 brn|[from] brn
|upkeep
|turn|21
|j| Mr. Milotique
|
|t:|1659108468
|move|p1a: Togekiss|Air Slash|p2a: Sandygast
|-damage|p2a: Sandygast|0 fnt
|faint|p2a: Sandygast
|
|-damage|p1a: Togekiss|40/100 brn|[from] brn
|upkeep
|
|t:|1659108472
|switch|p2a: Psyduck|Psyduck, M|23/100
|turn|22
|
|t:|1659108475
|move|p2a: Psyduck|Protect|p2a: Psyduck
|-singleturn|p2a: Psyduck|Protect
|move|p1a: Togekiss|Air Slash|p2a: Psyduck
|-activate|p2a: Psyduck|move: Protect
|
|-damage|p1a: Togekiss|34/100 brn|[from] brn
|upkeep
|turn|23
|c| Dragonair2fair|gg
|c|☆rightclick_r|well that's another close one
|c|☆rightclick_r|ggwp
|
|t:|1659108496
|move|p1a: Togekiss|Air Slash|p2a: Psyduck
|-damage|p2a: Psyduck|0 fnt
|faint|p2a: Psyduck
|
|win|Oryen
|n|☆Oryen|oryen
|n|☆rightclick_r|rightclickr
|n|*Lady Monita ☀|ladymonita
|n| Jisi02|jisi02
|n| phraxas|phraxas
|n| Jelliebestcat|jelliebestcat
|n| Dragonair2fair|dragonair2fair
|n| aslo6541|aslo6541
|n| L0N3W0LF69|l0n3w0lf69
|n| 41exe|41exe
|n| ButterLol|butterlol
|n| Mr. Milotique|mrmilotique
