|j|☆Kaleor
|j|☆El Stefano
|t:|1635957226
|gametype|singles
|player|p1|Kaleor|swimmer-gen4dp|1637
|player|p2|El Stefano|1|1639
|teamsize|p1|6
|teamsize|p2|6
|gen|8
|tier|[Gen 8] OU
|rated|
|rule|Sleep Clause Mod: Limit one foe put to sleep
|rule|Species Clause: Limit one of each Pokémon
|rule|OHKO Clause: OHKO moves are banned
|rule|Evasion Moves Clause: Evasion moves are banned
|rule|Endless Battle Clause: Forcing endless battles is banned
|rule|HP Percentage Mod: HP is shown in percentages
|rule|Dynamax Clause: You cannot dynamax
|clearpoke
|poke|p1|Kyurem|
|poke|p1|Dragapult, F|
|poke|p1|Heatran, M|
|poke|p1|Kartana|
|poke|p1|Rhyperior, M|
|poke|p1|Blaziken, F|
|poke|p2|Xatu, M|
|poke|p2|Kyurem|
|poke|p2|Dragonite, F|
|poke|p2|Scizor, M|
|poke|p2|Heatran, F|
|poke|p2|Diggersby, F|
|teampreview
|inactive|Battle timer is ON: inactive players will automatically lose when time's up. (requested by Kaleor)
|
|t:|1635957235
|start
|switch|p1a: Rhyperior|Rhyperior, M|100/100
|switch|p2a: Diggersby|Diggersby, F|100/100
|turn|1
|
|t:|1635957242
|move|p2a: Diggersby|Earthquake|p1a: Rhyperior
|-supereffective|p1a: Rhyperior
|-damage|p1a: Rhyperior|2/100
|move|p1a: Rhyperior|Earthquake|p2a: Diggersby
|-damage|p2a: Diggersby|21/100
|
|upkeep
|turn|2
|
|t:|1635957249
|move|p2a: Diggersby|Earthquake|p1a: Rhyperior
|-supereffective|p1a: Rhyperior
|-damage|p1a: Rhyperior|0 fnt
|faint|p1a: Rhyperior
|
|upkeep
|
|t:|1635957254
|switch|p1a: Kartana|Kartana|100/100
|turn|3
|
|t:|1635957259
|switch|p2a: Scizor|Scizor, M|100/100
|move|p1a: Kartana|Swords Dance|p1a: Kartana
|-boost|p1a: Kartana|atk|2
|
|upkeep
|turn|4
|
|t:|1635957277
|move|p1a: Kartana|Knock Off|p2a: Scizor
|-damage|p2a: Scizor|28/100
|-enditem|p2a: Scizor|Leftovers|[from] move: Knock Off|[of] p1a: Kartana
|-damage|p1a: Kartana|91/100|[from] item: Life Orb
|move|p2a: Scizor|Roost|p2a: Scizor
|-heal|p2a: Scizor|78/100
|-singleturn|p2a: Scizor|move: Roost
|
|upkeep
|turn|5
|
|t:|1635957286
|move|p1a: Kartana|Sacred Sword|p2a: Scizor
|-damage|p2a: Scizor|18/100
|-damage|p1a: Kartana|81/100|[from] item: Life Orb
|move|p2a: Scizor|Knock Off|p1a: Kartana
|-damage|p1a: Kartana|58/100
|-enditem|p1a: Kartana|Life Orb|[from] move: Knock Off|[of] p2a: Scizor
|
|upkeep
|turn|6
|
|t:|1635957300
|switch|p2a: Xatu|Xatu, M|100/100
|move|p1a: Kartana|Knock Off|p2a: Xatu
|-supereffective|p2a: Xatu
|-damage|p2a: Xatu|0 fnt
|-damage|p1a: Kartana|41/100|[from] item: Rocky Helmet|[of] p2a: Xatu
|-enditem|p2a: Xatu|Rocky Helmet|[from] move: Knock Off|[of] p1a: Kartana
|faint|p2a: Xatu
|-ability|p1a: Kartana|Beast Boost|boost
|-boost|p1a: Kartana|spe|1
|
|upkeep
|
|t:|1635957312
|switch|p2a: Dragonite|Dragonite, F|100/100
|turn|7
|
|t:|1635957325
|move|p1a: Kartana|Knock Off|p2a: Dragonite
|-damage|p2a: Dragonite|71/100
|-enditem|p2a: Dragonite|Lum Berry|[from] move: Knock Off|[of] p1a: Kartana
|move|p2a: Dragonite|Earthquake|p1a: Kartana
|-damage|p1a: Kartana|14/100
|
|upkeep
|turn|8
|
|t:|1635957333
|move|p1a: Kartana|Knock Off|p2a: Dragonite
|-damage|p2a: Dragonite|35/100
|move|p2a: Dragonite|Roost|p2a: Dragonite
|-heal|p2a: Dragonite|85/100
|-singleturn|p2a: Dragonite|move: Roost
|
|upkeep
|turn|9
|
|t:|1635957339
|move|p1a: Kartana|Knock Off|p2a: Dragonite
|-damage|p2a: Dragonite|47/100
|move|p2a: Dragonite|Roost|p2a: Dragonite
|-heal|p2a: Dragonite|97/100
|-singleturn|p2a: Dragonite|move: Roost
|
|upkeep
|turn|10
|
|t:|1635957343
|move|p1a: Kartana|Knock Off|p2a: Dragonite
|-damage|p2a: Dragonite|59/100
|move|p2a: Dragonite|Roost|p2a: Dragonite
|-heal|p2a: Dragonite|100/100
|-singleturn|p2a: Dragonite|move: Roost
|
|upkeep
|turn|11
|
|t:|1635957354
|move|p1a: Kartana|Knock Off|p2a: Dragonite
|-damage|p2a: Dragonite|82/100
|move|p2a: Dragonite|Dragon Dance|p2a: Dragonite
|-boost|p2a: Dragonite|atk|1
|-boost|p2a: Dragonite|spe|1
|
|upkeep
|turn|12
|
|t:|1635957359
|move|p1a: Kartana|Swords Dance|p1a: Kartana
|-boost|p1a: Kartana|atk|2
|move|p2a: Dragonite|Roost|p2a: Dragonite
|-heal|p2a: Dragonite|100/100
|-singleturn|p2a: Dragonite|move: Roost
|
|upkeep
|turn|13
|
|t:|1635957363
|move|p1a: Kartana|Knock Off|p2a: Dragonite
|-damage|p2a: Dragonite|74/100
|move|p2a: Dragonite|Earthquake|p1a: Kartana
|-damage|p1a: Kartana|0 fnt
|faint|p1a: Kartana
|
|upkeep
|
|t:|1635957367
|switch|p1a: Kyurem|Kyurem|100/100
|-ability|p1a: Kyurem|Pressure
|turn|14
|
|t:|1635957378
|switch|p2a: Kyurem|Kyurem|100/100
|-ability|p2a: Kyurem|Pressure
|move|p1a: Kyurem|Ice Beam|p2a: Kyurem
|-damage|p2a: Kyurem|37/100
|-damage|p1a: Kyurem|91/100|[from] item: Life Orb
|
|upkeep
|turn|15
|
|t:|1635957384
|move|p1a: Kyurem|Ice Beam|p2a: Kyurem
|-damage|p2a: Kyurem|0 fnt
|faint|p2a: Kyurem
|-damage|p1a: Kyurem|81/100|[from] item: Life Orb
|
|upkeep
|
|t:|1635957395
|switch|p2a: Scizor|Scizor, M|18/100
|turn|16
|
|t:|1635957400
|switch|p1a: Heatran|Heatran, M|100/100
|move|p2a: Scizor|Roost|p2a: Scizor
|-heal|p2a: Scizor|68/100
|-singleturn|p2a: Scizor|move: Roost
|
|upkeep
|turn|17
|
|t:|1635957410
|switch|p2a: Dragonite|Dragonite, F|74/100
|move|p1a: Heatran|Lava Plume|p2a: Dragonite
|-resisted|p2a: Dragonite
|-damage|p2a: Dragonite|49/100
|-damage|p1a: Heatran|91/100|[from] item: Life Orb
|
|upkeep
|turn|18
|
|t:|1635957416
|switch|p1a: Dragapult|Dragapult, F|100/100
|move|p2a: Dragonite|Earthquake|p1a: Dragapult
|-damage|p1a: Dragapult|58/100
|
|upkeep
|turn|19
|
|t:|1635957423
|switch|p2a: Heatran|Heatran, F|100/100
|move|p1a: Dragapult|Dragon Darts|p2a: Heatran
|-resisted|p2a: Heatran
|-damage|p2a: Heatran|84/100
|-anim|p1a: Dragapult|Dragon Darts|p2a: Heatran
|-resisted|p2a: Heatran
|-damage|p2a: Heatran|70/100
|-damage|p1a: Dragapult|48/100|[from] item: Life Orb
|
|-heal|p2a: Heatran|76/100|[from] item: Leftovers
|upkeep
|turn|20
|
|t:|1635957429
|move|p1a: Dragapult|Phantom Force||[still]
|-prepare|p1a: Dragapult|Phantom Force
|move|p2a: Heatran|Earth Power|p1a: Dragapult|[miss]
|-miss|p2a: Heatran|p1a: Dragapult
|
|-heal|p2a: Heatran|82/100|[from] item: Leftovers
|upkeep
|turn|21
|
|t:|1635957444
|move|p1a: Dragapult|Phantom Force|p2a: Heatran|[from]lockedmove
|-damage|p2a: Heatran|30/100
|-damage|p1a: Dragapult|38/100|[from] item: Life Orb
|move|p2a: Heatran|Earth Power|p1a: Dragapult
|-damage|p1a: Dragapult|2/100
|
|-heal|p2a: Heatran|36/100|[from] item: Leftovers
|upkeep
|turn|22
|
|t:|1635957455
|move|p1a: Dragapult|Phantom Force||[still]
|-prepare|p1a: Dragapult|Phantom Force
|move|p2a: Heatran|Earth Power|p1a: Dragapult|[miss]
|-miss|p2a: Heatran|p1a: Dragapult
|
|-heal|p2a: Heatran|42/100|[from] item: Leftovers
|upkeep
|turn|23
|
|t:|1635957459
|switch|p2a: Diggersby|Diggersby, F|21/100
|move|p1a: Dragapult|Phantom Force|p2a: Diggersby|[from]lockedmove
|-immune|p2a: Diggersby
|
|upkeep
|turn|24
|
|t:|1635957476
|switch|p2a: Scizor|Scizor, M|68/100
|move|p1a: Dragapult|Sucker Punch||[still]
|-fail|p1a: Dragapult
|
|upkeep
|turn|25
|
|t:|1635957483
|move|p1a: Dragapult|Sucker Punch||[still]
|-fail|p1a: Dragapult
|move|p2a: Scizor|Roost|p2a: Scizor
|-heal|p2a: Scizor|100/100
|-singleturn|p2a: Scizor|move: Roost
|
|upkeep
|turn|26
|
|t:|1635957489
|move|p1a: Dragapult|Sucker Punch||[still]
|-fail|p1a: Dragapult
|move|p2a: Scizor|Swords Dance|p2a: Scizor
|-boost|p2a: Scizor|atk|2
|
|upkeep
|turn|27
|
|t:|1635957501
|switch|p1a: Heatran|Heatran, M|91/100
|move|p2a: Scizor|Bullet Punch|p1a: Heatran
|-resisted|p1a: Heatran
|-damage|p1a: Heatran|78/100
|
|upkeep
|turn|28
|
|t:|1635957510
|switch|p2a: Heatran|Heatran, F|42/100
|move|p1a: Heatran|Lava Plume|p2a: Heatran
|-start|p2a: Heatran|ability: Flash Fire
|
|-heal|p2a: Heatran|48/100|[from] item: Leftovers
|upkeep
|turn|29
|
|t:|1635957518
|-end|p2a: Heatran|ability: Flash Fire|[silent]
|switch|p2a: Dragonite|Dragonite, F|49/100
|move|p1a: Heatran|Earth Power|p2a: Dragonite
|-immune|p2a: Dragonite
|
|upkeep
|turn|30
|
|t:|1635957523
|move|p1a: Heatran|Lava Plume|p2a: Dragonite
|-resisted|p2a: Dragonite
|-damage|p2a: Dragonite|24/100
|-damage|p1a: Heatran|68/100|[from] item: Life Orb
|move|p2a: Dragonite|Roost|p2a: Dragonite
|-heal|p2a: Dragonite|74/100
|-singleturn|p2a: Dragonite|move: Roost
|
|upkeep
|turn|31
|
|t:|1635957534
|switch|p1a: Dragapult|Dragapult, F|2/100
|move|p2a: Dragonite|Earthquake|p1a: Dragapult
|-damage|p1a: Dragapult|0 fnt
|faint|p1a: Dragapult
|
|upkeep
|
|t:|1635957535
|switch|p1a: Kyurem|Kyurem|81/100
|-ability|p1a: Kyurem|Pressure
|turn|32
|
|t:|1635957539
|switch|p2a: Scizor|Scizor, M|100/100
|move|p1a: Kyurem|Ice Beam|p2a: Scizor
|-resisted|p2a: Scizor
|-damage|p2a: Scizor|66/100
|-damage|p1a: Kyurem|71/100|[from] item: Life Orb
|
|upkeep
|turn|33
|
|t:|1635957546
|switch|p1a: Heatran|Heatran, M|68/100
|move|p2a: Scizor|Roost|p2a: Scizor
|-heal|p2a: Scizor|100/100
|-singleturn|p2a: Scizor|move: Roost
|
|upkeep
|turn|34
|
|t:|1635957551
|switch|p2a: Heatran|Heatran, F|48/100
|move|p1a: Heatran|Lava Plume|p2a: Heatran
|-start|p2a: Heatran|ability: Flash Fire
|
|-heal|p2a: Heatran|54/100|[from] item: Leftovers
|upkeep
|turn|35
|
|t:|1635957561
|move|p1a: Heatran|Earth Power|p2a: Heatran
|-supereffective|p2a: Heatran
|-damage|p2a: Heatran|0 fnt
|faint|p2a: Heatran
|-damage|p1a: Heatran|58/100|[from] item: Life Orb
|
|upkeep
|
|t:|1635957569
|switch|p2a: Dragonite|Dragonite, F|74/100
|turn|36
|
|t:|1635957576
|move|p1a: Heatran|Flash Cannon|p2a: Dragonite
|-damage|p2a: Dragonite|27/100
|-damage|p1a: Heatran|48/100|[from] item: Life Orb
|move|p2a: Dragonite|Dragon Dance|p2a: Dragonite
|-boost|p2a: Dragonite|atk|1
|-boost|p2a: Dragonite|spe|1
|
|upkeep
|turn|37
|
|t:|1635957580
|move|p2a: Dragonite|Roost|p2a: Dragonite
|-heal|p2a: Dragonite|77/100
|-singleturn|p2a: Dragonite|move: Roost
|move|p1a: Heatran|Flash Cannon|p2a: Dragonite
|-damage|p2a: Dragonite|25/100
|-damage|p1a: Heatran|38/100|[from] item: Life Orb
|
|upkeep
|turn|38
|
|t:|1635957586
|move|p2a: Dragonite|Earthquake|p1a: Heatran
|-supereffective|p1a: Heatran
|-damage|p1a: Heatran|0 fnt
|faint|p1a: Heatran
|
|upkeep
|
|t:|1635957590
|switch|p1a: Blaziken|Blaziken, F|100/100
|turn|39
|
|t:|1635957596
|move|p1a: Blaziken|Protect|p1a: Blaziken
|-singleturn|p1a: Blaziken|Protect
|move|p2a: Dragonite|Earthquake|p1a: Blaziken
|-activate|p1a: Blaziken|move: Protect
|
|-ability|p1a: Blaziken|Speed Boost|boost
|-boost|p1a: Blaziken|spe|1
|upkeep
|turn|40
|
|t:|1635957600
|move|p1a: Blaziken|Stone Edge|p2a: Dragonite
|-supereffective|p2a: Dragonite
|-crit|p2a: Dragonite
|-damage|p2a: Dragonite|0 fnt
|faint|p2a: Dragonite
|-damage|p1a: Blaziken|91/100|[from] item: Life Orb
|
|-ability|p1a: Blaziken|Speed Boost|boost
|-boost|p1a: Blaziken|spe|1
|upkeep
|
|t:|1635957607
|switch|p2a: Diggersby|Diggersby, F|21/100
|turn|41
|
|t:|1635957613
|move|p2a: Diggersby|Quick Attack|p1a: Blaziken
|-damage|p1a: Blaziken|26/100
|move|p1a: Blaziken|Flare Blitz|p2a: Diggersby
|-damage|p2a: Diggersby|0 fnt
|faint|p2a: Diggersby
|-damage|p1a: Blaziken|19/100|[from] Recoil
|-damage|p1a: Blaziken|9/100|[from] item: Life Orb
|
|-ability|p1a: Blaziken|Speed Boost|boost
|-boost|p1a: Blaziken|spe|1
|upkeep
|
|t:|1635957625
|switch|p2a: Scizor|Scizor, M|100/100
|turn|42
|
|t:|1635957630
|move|p1a: Blaziken|Protect|p1a: Blaziken
|-singleturn|p1a: Blaziken|Protect
|move|p2a: Scizor|Bullet Punch|p1a: Blaziken
|-activate|p1a: Blaziken|move: Protect
|
|-ability|p1a: Blaziken|Speed Boost|boost
|-boost|p1a: Blaziken|spe|1
|upkeep
|turn|43
|c|☆El Stefano|Gg
|
|t:|1635957639
|move|p2a: Scizor|Bullet Punch|p1a: Blaziken
|-resisted|p1a: Blaziken
|-damage|p1a: Blaziken|0 fnt
|faint|p1a: Blaziken
|
|upkeep
|
|t:|1635957641
|switch|p1a: Kyurem|Kyurem|71/100
|-ability|p1a: Kyurem|Pressure
|turn|44
|
|t:|1635957646
|move|p2a: Scizor|Bullet Punch|p1a: Kyurem
|-supereffective|p1a: Kyurem
|-damage|p1a: Kyurem|17/100
|move|p1a: Kyurem|Ice Beam|p2a: Scizor
|-resisted|p2a: Scizor
|-damage|p2a: Scizor|70/100
|-damage|p1a: Kyurem|7/100|[from] item: Life Orb
|
|upkeep
|turn|45
|c|☆Kaleor|Gg
|
|t:|1635957656
|move|p2a: Scizor|Bullet Punch|p1a: Kyurem
|-supereffective|p1a: Kyurem
|-damage|p1a: Kyurem|0 fnt
|faint|p1a: Kyurem
|
|win|El Stefano
|raw|Kaleor's rating: 1637 &rarr; <strong>1617</strong><br />(-20 for losing)
|raw|El Stefano's rating: 1639 &rarr; <strong>1659</strong><br />(+20 for winning)
|l|☆Kaleor
||Ladder isn't responding, score probably updated but might not have (Request timeout).
