|j|☆the sht tester
|j|☆wsdfg
|t:|1603479025
|player|p1|the sht tester|oak-gen1|1819
|player|p2|wsdfg|lady|1806
|teamsize|p1|6
|teamsize|p2|6
|gametype|singles
|gen|8
|tier|[Gen 8] OU
|rated|
|clearpoke
|poke|p1|Tornadus-Therian, M|
|poke|p1|Pelipper, M|
|poke|p1|Seismitoad, F|
|poke|p1|Crawdaunt, F|
|poke|p1|Ferrothorn, M|
|poke|p1|Magearna-Original|
|poke|p2|Genesect|
|poke|p2|Clefable, F|
|poke|p2|Kyurem-Black|
|poke|p2|Pheromosa|
|poke|p2|Landorus, M|
|poke|p2|Ditto|
|rule|Sleep Clause Mod: Limit one foe put to sleep
|rule|Species Clause: Limit one of each Pokémon
|rule|OHKO Clause: OHKO moves are banned
|rule|Evasion Moves Clause: Evasion moves are banned
|rule|Endless Battle Clause: Forcing endless battles is banned
|rule|HP Percentage Mod: HP is shown in percentages
|rule|Dynamax Clause: You cannot dynamax
|teampreview
|j| don capuccino
|j| dancinhoe2
|l| don capuccino
|j| Lokakuu
|
|t:|1603479039
|start
|switch|p1a: Pelipper|Pelipper, M|100/100
|switch|p2a: Genesect|Genesect, shiny|100/100
|-ability|p2a: Genesect|Download|boost
|-boost|p2a: Genesect|spa|1
|-weather|RainDance|[from] ability: Drizzle|[of] p1a: Pelipper
|turn|1
|l| dancinhoe2
|
|t:|1603479045
|switch|p1a: Ferrothorn|Ferrothorn, M|100/100
|move|p2a: Genesect|Ice Beam|p1a: Ferrothorn
|-damage|p1a: Ferrothorn|70/100
|-status|p1a: Ferrothorn|frz
|
|-weather|RainDance|[upkeep]
|upkeep
|turn|2
|
|t:|1603479048
|move|p2a: Genesect|Flamethrower|p1a: Ferrothorn
|-supereffective|p1a: Ferrothorn
|-damage|p1a: Ferrothorn|0 fnt
|faint|p1a: Ferrothorn
|
|-weather|RainDance|[upkeep]
|upkeep
|
|t:|1603479049
|switch|p1a: Seismitoad|Seismitoad, F|100/100
|turn|3
|
|t:|1603479053
|switch|p2a: Clefable|Clefable, F|100/100
|move|p1a: Seismitoad|Weather Ball|p2a: Clefable
|-damage|p2a: Clefable|32/100
|
|-weather|RainDance|[upkeep]
|-heal|p2a: Clefable|38/100|[from] item: Leftovers
|upkeep
|turn|4
|
|t:|1603479056
|move|p2a: Clefable|Protect|p2a: Clefable
|-singleturn|p2a: Clefable|Protect
|move|p1a: Seismitoad|Weather Ball|p2a: Clefable
|-activate|p2a: Clefable|move: Protect
|
|-weather|RainDance|[upkeep]
|-heal|p2a: Clefable|44/100|[from] item: Leftovers
|upkeep
|turn|5
|
|t:|1603479058
|move|p2a: Clefable|Protect|p2a: Clefable
|-singleturn|p2a: Clefable|Protect
|move|p1a: Seismitoad|Weather Ball|p2a: Clefable
|-activate|p2a: Clefable|move: Protect
|
|-weather|RainDance|[upkeep]
|-heal|p2a: Clefable|50/100|[from] item: Leftovers
|upkeep
|turn|6
|
|t:|1603479060
|move|p1a: Seismitoad|Weather Ball|p2a: Clefable
|-crit|p2a: Clefable
|-damage|p2a: Clefable|0 fnt
|faint|p2a: Clefable
|
|-weather|RainDance|[upkeep]
|upkeep
|j| 312ada2
|j| Anoxx17
|j| 52dfs52drj
|
|t:|1603479068
|switch|p2a: Kyurem|Kyurem-Black|100/100
|-ability|p2a: Kyurem|Teravolt
|turn|7
|
|t:|1603479072
|switch|p1a: Magearna|Magearna-Original|100/100
|move|p2a: Kyurem|Dragon Dance|p2a: Kyurem
|-boost|p2a: Kyurem|atk|1
|-boost|p2a: Kyurem|spe|1
|
|-weather|RainDance|[upkeep]
|upkeep
|turn|8
|
|t:|1603479076
|move|p2a: Kyurem|Fusion Bolt|p1a: Magearna
|-damage|p1a: Magearna|20/100
|-damage|p2a: Kyurem|91/100|[from] item: Life Orb
|move|p1a: Magearna|Flash Cannon|p2a: Kyurem
|-supereffective|p2a: Kyurem
|-damage|p2a: Kyurem|0 fnt
|faint|p2a: Kyurem
|-ability|p1a: Magearna|Soul-Heart|boost
|-boost|p1a: Magearna|spa|1
|
|-weather|none
|upkeep
|j| iCardboard
|j| drivance
|
|t:|1603479086
|switch|p2a: Genesect|Genesect, shiny|100/100
|-ability|p2a: Genesect|Download|boost
|-boost|p2a: Genesect|spa|1
|turn|9
|l| Lokakuu
|
|t:|1603479090
|switch|p1a: Pelipper|Pelipper, M|100/100
|-weather|RainDance|[from] ability: Drizzle|[of] p1a: Pelipper
|move|p2a: Genesect|Flamethrower|p1a: Pelipper
|-resisted|p1a: Pelipper
|-damage|p1a: Pelipper|86/100
|
|-weather|RainDance|[upkeep]
|upkeep
|turn|10
|
|t:|1603479094
|switch|p1a: Seismitoad|Seismitoad, F|100/100
|move|p2a: Genesect|Ice Beam|p1a: Seismitoad
|-damage|p1a: Seismitoad|46/100
|
|-weather|RainDance|[upkeep]
|upkeep
|turn|11
|
|t:|1603479106
|switch|p2a: Ditto|Ditto|100/100
|-transform|p2a: Ditto|p1a: Seismitoad|[from] ability: Imposter
|move|p1a: Seismitoad|Weather Ball|p2a: Ditto
|-damage|p2a: Ditto|0 fnt
|faint|p2a: Ditto
|
|-weather|RainDance|[upkeep]
|upkeep
|j| Yamaha R6
|
|t:|1603479112
|switch|p2a: Pheromosa|Pheromosa|100/100
|turn|12
|j| KtranK10
|
|t:|1603479117
|switch|p1a: Magearna|Magearna-Original|20/100
|move|p2a: Pheromosa|Bug Buzz|p1a: Magearna
|-resisted|p1a: Magearna
|-damage|p1a: Magearna|7/100
|
|-weather|RainDance|[upkeep]
|upkeep
|turn|13
|
|t:|1603479123
|move|p2a: Pheromosa|Ice Beam|p1a: Magearna
|-resisted|p1a: Magearna
|-damage|p1a: Magearna|0 fnt
|faint|p1a: Magearna
|-ability|p2a: Pheromosa|Beast Boost|boost
|-boost|p2a: Pheromosa|spe|1
|
|-weather|RainDance|[upkeep]
|upkeep
|
|t:|1603479125
|switch|p1a: Crawdaunt|Crawdaunt, F|100/100
|turn|14
|
|t:|1603479127
|move|p1a: Crawdaunt|Aqua Jet|p2a: Pheromosa
|-enditem|p2a: Pheromosa|Focus Sash
|-damage|p2a: Pheromosa|1/100
|move|p2a: Pheromosa|Bug Buzz|p1a: Crawdaunt
|-supereffective|p1a: Crawdaunt
|-damage|p1a: Crawdaunt|0 fnt
|faint|p1a: Crawdaunt
|-ability|p2a: Pheromosa|Beast Boost|boost
|-boost|p2a: Pheromosa|spe|1
|
|-weather|RainDance|[upkeep]
|upkeep
|j| Lunar Sloth
|
|t:|1603479136
|switch|p1a: Pelipper|Pelipper, M|86/100
|turn|15
|
|t:|1603479138
|move|p2a: Pheromosa|Ice Beam|p1a: Pelipper
|-damage|p1a: Pelipper|37/100
|move|p1a: Pelipper|U-turn|p2a: Pheromosa
|-resisted|p2a: Pheromosa
|-damage|p2a: Pheromosa|0 fnt
|faint|p2a: Pheromosa
|
|t:|1603479142
|switch|p1a: Seismitoad|Seismitoad, F|46/100|[from]move: U-turn
|
|-weather|RainDance|[upkeep]
|upkeep
|
|t:|1603479145
|switch|p2a: Genesect|Genesect, shiny|100/100
|-ability|p2a: Genesect|Download|boost
|-boost|p2a: Genesect|atk|1
|turn|16
|j| soitsu1274
|
|t:|1603479149
|move|p2a: Genesect|Extreme Speed|p1a: Seismitoad
|-damage|p1a: Seismitoad|7/100
|move|p1a: Seismitoad|Weather Ball|p2a: Genesect
|-damage|p2a: Genesect|0 fnt
|faint|p2a: Genesect
|
|-weather|none
|upkeep
|
|t:|1603479151
|switch|p2a: Landorus|Landorus, M|100/100
|turn|17
|
|t:|1603479153
|switch|p1a: Pelipper|Pelipper, M|37/100
|-weather|RainDance|[from] ability: Drizzle|[of] p1a: Pelipper
|move|p2a: Landorus|Stealth Rock|p1a: Pelipper
|-sidestart|p1: the sht tester|move: Stealth Rock
|
|-weather|RainDance|[upkeep]
|upkeep
|turn|18
|j| HowDoIDo
|
|t:|1603479157
|move|p2a: Landorus|Sludge Wave|p1a: Pelipper
|-damage|p1a: Pelipper|0 fnt
|faint|p1a: Pelipper
|
|-weather|RainDance|[upkeep]
|upkeep
|
|t:|1603479159
|switch|p1a: Tornadus|Tornadus-Therian, M|100/100
|turn|19
|j| Fencehops Old
|
|t:|1603479162
|move|p1a: Tornadus|Weather Ball|p2a: Landorus
|-supereffective|p2a: Landorus
|-damage|p2a: Landorus|0 fnt
|faint|p2a: Landorus
|
|win|the sht tester
|l|☆wsdfg
|l|☆the sht tester
|l| KtranK10
||Ladder (probably) updated, but score could not be retrieved (Request timeout).
|l| iCardboard
|l| Yamaha R6
