|j|☆2(H2O)
|j|☆Charmalane
|t:|1658947961
|gametype|singles
|player|p1|2(H2O)|chase|1641
|player|p2|Charmalane|brawly|1617
|teamsize|p1|6
|teamsize|p2|6
|gen|8
|tier|[Gen 8] OU
|rated|
|rule|Sleep Clause Mod: Limit one foe put to sleep
|rule|Species Clause: Limit one of each Pokémon
|rule|OHKO Clause: OHKO moves are banned
|rule|Evasion Moves Clause: Evasion moves are banned
|rule|Endless Battle Clause: Forcing endless battles is banned
|rule|HP Percentage Mod: HP is shown in percentages
|rule|Dynamax Clause: You cannot dynamax
|clearpoke
|poke|p1|Weavile, M|
|poke|p1|Landorus-Therian, M|
|poke|p1|Tyranitar, M|
|poke|p1|Corviknight, M|
|poke|p1|Kartana|
|poke|p1|Slowbro, M|
|poke|p2|Dragapult, M|
|poke|p2|Kartana|
|poke|p2|Mamoswine, F|
|poke|p2|Dragonite, M|
|poke|p2|Slowbro, M|
|poke|p2|Tornadus-Therian, M|
|teampreview
|inactive|Battle timer is ON: inactive players will automatically lose when time's up. (requested by 2(H2O))
|j| YukihiraS
|l| YukihiraS
|
|t:|1658947995
|start
|switch|p1a: Landorus|Landorus-Therian, M|100/100
|switch|p2a: Nautilus|Slowbro, M|100/100
|-ability|p1a: Landorus|Intimidate|boost
|-unboost|p2a: Nautilus|atk|1
|turn|1
|j| Linkerrr
|
|t:|1658948016
|switch|p2a: Cyclone|Tornadus-Therian, M|100/100
|move|p1a: Landorus|Toxic|p2a: Cyclone|[miss]
|-miss|p1a: Landorus|p2a: Cyclone
|
|upkeep
|turn|2
|
|t:|1658948033
|move|p2a: Cyclone|Knock Off|p1a: Landorus
|-damage|p1a: Landorus|81/100
|-enditem|p1a: Landorus|Leftovers|[from] move: Knock Off|[of] p2a: Cyclone
|move|p1a: Landorus|Stealth Rock|p2a: Cyclone
|-sidestart|p2: Charmalane|move: Stealth Rock
|
|upkeep
|turn|3
|
|t:|1658948039
|move|p2a: Cyclone|Defog|p1a: Landorus
|-unboost|p1a: Landorus|evasion|1
|-sideend|p2: Charmalane|Stealth Rock|[from] move: Defog|[of] p2a: Cyclone
|move|p1a: Landorus|Toxic|p2a: Cyclone
|-status|p2a: Cyclone|tox
|
|-damage|p2a: Cyclone|94/100 tox|[from] psn
|upkeep
|turn|4
|
|t:|1658948042
|move|p2a: Cyclone|Hurricane|p1a: Landorus
|-damage|p1a: Landorus|49/100
|move|p1a: Landorus|Stealth Rock|p2a: Cyclone
|-sidestart|p2: Charmalane|move: Stealth Rock
|
|-damage|p2a: Cyclone|82/100 tox|[from] psn
|upkeep
|turn|5
|inactive|2(H2O) has 120 seconds left.
|inactive|2(H2O) has 90 seconds left.
|
|t:|1658948108
|move|p2a: Cyclone|Defog|p1a: Landorus
|-unboost|p1a: Landorus|evasion|1
|-sideend|p2: Charmalane|Stealth Rock|[from] move: Defog|[of] p2a: Cyclone
|move|p1a: Landorus|Stealth Rock|p2a: Cyclone
|-sidestart|p2: Charmalane|move: Stealth Rock
|
|-damage|p2a: Cyclone|64/100 tox|[from] psn
|upkeep
|turn|6
|
|t:|1658948117
|move|p2a: Cyclone|U-turn|p1a: Landorus
|-resisted|p1a: Landorus
|-damage|p1a: Landorus|42/100
|
|t:|1658948123
|switch|p2a: Tanjiro|Kartana|100/100|[from]move: U-turn
|-damage|p2a: Tanjiro|94/100|[from] Stealth Rock
|move|p1a: Landorus|U-turn|p2a: Tanjiro
|-damage|p2a: Tanjiro|69/100
|
|t:|1658948133
|switch|p1a: Corviknight|Corviknight, M|100/100|[from]move: U-turn
|-ability|p1a: Corviknight|Pressure
|
|upkeep
|turn|7
|
|t:|1658948155
|switch|p2a: Nautilus|Slowbro, M|100/100
|-damage|p2a: Nautilus|88/100|[from] Stealth Rock
|move|p1a: Corviknight|Body Press|p2a: Nautilus
|-resisted|p2a: Nautilus
|-damage|p2a: Nautilus|81/100
|
|upkeep
|turn|8
|
|t:|1658948164
|move|p1a: Corviknight|U-turn|p2a: Nautilus
|-supereffective|p2a: Nautilus
|-damage|p2a: Nautilus|63/100
|
|t:|1658948169
|switch|p1a: Landorus|Landorus-Therian, M|42/100|[from]move: U-turn
|-ability|p1a: Landorus|Intimidate|boost
|-unboost|p2a: Nautilus|atk|1
|move|p2a: Nautilus|Teleport|p2a: Nautilus
|
|t:|1658948179
|switch|p2a: Truffles|Mamoswine, F|100/100|[from]move: Teleport
|-damage|p2a: Truffles|88/100|[from] Stealth Rock
|
|upkeep
|turn|9
|inactive|2(H2O) has 120 seconds left.
|
|t:|1658948198
|switch|p2a: Cyclone|Tornadus-Therian, M|97/100 tox
|switch|p1a: Slowbro|Slowbro, M|100/100
|
|-damage|p2a: Cyclone|91/100 tox|[from] psn
|upkeep
|turn|10
|inactive|2(H2O) has 120 seconds left.
|
|t:|1658948205
|move|p2a: Cyclone|Defog|p1a: Slowbro
|-unboost|p1a: Slowbro|evasion|1
|-sideend|p2: Charmalane|Stealth Rock|[from] move: Defog|[of] p2a: Cyclone
|move|p1a: Slowbro|Teleport|p1a: Slowbro
|
|t:|1658948207
|switch|p1a: Weavile|Weavile, M|100/100|[from]move: Teleport
|-ability|p1a: Weavile|Pressure
|
|-damage|p2a: Cyclone|79/100 tox|[from] psn
|upkeep
|turn|11
|
|t:|1658948212
|switch|p2a: Nautilus|Slowbro, M|96/100
|move|p1a: Weavile|Knock Off|p2a: Nautilus
|-supereffective|p2a: Nautilus
|-enditem|p2a: Nautilus|Colbur Berry|[eat]
|-enditem|p2a: Nautilus|Colbur Berry|[weaken]
|-damage|p2a: Nautilus|55/100
|-damage|p1a: Weavile|91/100|[from] item: Life Orb
|
|upkeep
|turn|12
|
|t:|1658948222
|switch|p1a: Slowbro|Slowbro, M|100/100
|move|p2a: Nautilus|Slack Off|p2a: Nautilus
|-heal|p2a: Nautilus|100/100
|
|upkeep
|turn|13
|
|t:|1658948227
|move|p1a: Slowbro|Future Sight|p2a: Nautilus
|-start|p1a: Slowbro|move: Future Sight
|move|p2a: Nautilus|Future Sight|p1a: Slowbro
|-start|p2a: Nautilus|move: Future Sight
|
|upkeep
|turn|14
|
|t:|1658948231
|move|p1a: Slowbro|Teleport|p1a: Slowbro
|
|t:|1658948239
|switch|p1a: Weavile|Weavile, M|91/100|[from]move: Teleport
|-ability|p1a: Weavile|Pressure
|move|p2a: Nautilus|Teleport|p2a: Nautilus
|l|☆2(H2O)
|inactive|2(H2O) disconnected and has a minute to reconnect!
|player|p1|
|l| Linkerrr
|
|t:|1658948267
|switch|p2a: Tanjiro|Kartana|69/100|[from]move: Teleport
|
|upkeep
|turn|15
|j|☆2(H2O)
|inactive|2(H2O) reconnected and has 125 seconds left.
|player|p1|2(H2O)|chase
|
|t:|1658948296
|switch|p1a: Corviknight|Corviknight, M|100/100
|-ability|p1a: Corviknight|Pressure
|switch|p2a: Nautilus|Slowbro, M|100/100
|
|-end|p2a: Nautilus|move: Future Sight
|-resisted|p2a: Nautilus
|-damage|p2a: Nautilus|79/100
|-end|p1a: Corviknight|move: Future Sight
|-resisted|p1a: Corviknight
|-crit|p1a: Corviknight
|-damage|p1a: Corviknight|72/100
|upkeep
|turn|16
|
|t:|1658948317
|move|p1a: Corviknight|U-turn|p2a: Nautilus
|-supereffective|p2a: Nautilus
|-damage|p2a: Nautilus|63/100
|
|t:|1658948321
|switch|p1a: Slowbro|Slowbro, M|100/100|[from]move: U-turn
|move|p2a: Nautilus|Teleport|p2a: Nautilus
|inactive|Charmalane has 120 seconds left.
|
|t:|1658948342
|switch|p2a: Diplo|Dragapult, M|100/100|[from]move: Teleport
|
|upkeep
|turn|17
|
|t:|1658948348
|switch|p1a: Landorus|Landorus-Therian, M|42/100
|-ability|p1a: Landorus|Intimidate|boost
|-unboost|p2a: Diplo|atk|1
|move|p2a: Diplo|U-turn|p1a: Landorus
|-resisted|p1a: Landorus
|-damage|p1a: Landorus|36/100
|inactive|Charmalane has 120 seconds left.
|
|t:|1658948375
|switch|p2a: Tanjiro|Kartana|69/100|[from]move: U-turn
|
|upkeep
|turn|18
|
|t:|1658948400
|switch|p1a: Corviknight|Corviknight, M|72/100
|-ability|p1a: Corviknight|Pressure
|move|p2a: Tanjiro|Swords Dance|p2a: Tanjiro
|-boost|p2a: Tanjiro|atk|2
|
|upkeep
|turn|19
|
|t:|1658948409
|move|p2a: Tanjiro|Knock Off|p1a: Corviknight
|-damage|p1a: Corviknight|6/100
|-enditem|p1a: Corviknight|Heavy-Duty Boots|[from] move: Knock Off|[of] p2a: Tanjiro
|-damage|p2a: Tanjiro|60/100|[from] item: Life Orb
|move|p1a: Corviknight|Body Press|p2a: Tanjiro
|-supereffective|p2a: Tanjiro
|-damage|p2a: Tanjiro|8/100
|
|upkeep
|turn|20
|
|t:|1658948416
|move|p2a: Tanjiro|Knock Off|p1a: Corviknight
|-damage|p1a: Corviknight|0 fnt
|faint|p1a: Corviknight
|-ability|p2a: Tanjiro|Beast Boost|boost
|-boost|p2a: Tanjiro|atk|1
|-damage|p2a: Tanjiro|0 fnt|[from] item: Life Orb
|faint|p2a: Tanjiro
|
|upkeep
|
|t:|1658948431
|switch|p2a: Diplo|Dragapult, M|100/100
|switch|p1a: Kartana|Kartana|100/100
|turn|21
|inactive|Charmalane has 120 seconds left.
|
|t:|1658948458
|switch|p2a: Spyro|Dragonite, M, shiny|100/100
|move|p1a: Kartana|Knock Off|p2a: Spyro
|-damage|p2a: Spyro|80/100
|-enditem|p2a: Spyro|Heavy-Duty Boots|[from] move: Knock Off|[of] p1a: Kartana
|
|upkeep
|turn|22
|inactive|Charmalane has 120 seconds left.
|
|t:|1658948470
|switch|p1a: Slowbro|Slowbro, M|100/100
|switch|p2a: Truffles|Mamoswine, F|88/100
|
|upkeep
|turn|23
|
|t:|1658948474
|move|p2a: Truffles|Stealth Rock|p1a: Slowbro
|-sidestart|p1: 2(H2O)|move: Stealth Rock
|move|p1a: Slowbro|Future Sight|p2a: Truffles
|-start|p1a: Slowbro|move: Future Sight
|
|upkeep
|turn|24
|inactive|Charmalane has 120 seconds left.
|
|t:|1658948512
|move|p2a: Truffles|Earthquake|p1a: Slowbro
|-crit|p1a: Slowbro
|-damage|p1a: Slowbro|46/100
|move|p1a: Slowbro|Teleport|p1a: Slowbro
|
|t:|1658948517
|switch|p1a: Landorus|Landorus-Therian, M|36/100|[from]move: Teleport
|-damage|p1a: Landorus|24/100|[from] Stealth Rock
|-ability|p1a: Landorus|Intimidate|boost
|-unboost|p2a: Truffles|atk|1
|
|upkeep
|turn|25
|
|t:|1658948524
|switch|p1a: Slowbro|Slowbro, M|79/100
|move|p2a: Truffles|Ice Shard|p1a: Slowbro
|-resisted|p1a: Slowbro
|-damage|p1a: Slowbro|74/100
|
|-end|p2a: Truffles|move: Future Sight
|-damage|p2a: Truffles|33/100
|upkeep
|turn|26
|inactive|Charmalane has 120 seconds left.
|
|t:|1658948531
|switch|p2a: Diplo|Dragapult, M|100/100
|move|p1a: Slowbro|Slack Off|p1a: Slowbro
|-heal|p1a: Slowbro|100/100
|
|upkeep
|turn|27
|
|t:|1658948538
|switch|p1a: Landorus|Landorus-Therian, M|24/100
|-damage|p1a: Landorus|12/100|[from] Stealth Rock
|-ability|p1a: Landorus|Intimidate|boost
|-unboost|p2a: Diplo|atk|1
|move|p2a: Diplo|U-turn|p1a: Landorus
|-resisted|p1a: Landorus
|-damage|p1a: Landorus|6/100
|inactive|Charmalane has 120 seconds left.
|
|t:|1658948551
|switch|p2a: Cyclone|Tornadus-Therian, M|100/100 tox|[from]move: U-turn
|
|-damage|p2a: Cyclone|94/100 tox|[from] psn
|upkeep
|turn|28
|
|t:|1658948560
|move|p2a: Cyclone|U-turn|p1a: Landorus
|-resisted|p1a: Landorus
|-damage|p1a: Landorus|0 fnt
|faint|p1a: Landorus
|inactive|Charmalane has 120 seconds left.
|
|t:|1658948571
|switch|p2a: Nautilus|Slowbro, M|96/100|[from]move: U-turn
|
|upkeep
|
|t:|1658948576
|switch|p1a: Tyranitar|Tyranitar, M|100/100
|-damage|p1a: Tyranitar|88/100|[from] Stealth Rock
|-weather|Sandstorm|[from] ability: Sand Stream|[of] p1a: Tyranitar
|turn|29
|
|t:|1658948582
|move|p1a: Tyranitar|Crunch|p2a: Nautilus
|-supereffective|p2a: Nautilus
|-damage|p2a: Nautilus|9/100
|move|p2a: Nautilus|Body Press|p1a: Tyranitar
|-supereffective|p1a: Tyranitar
|-damage|p1a: Tyranitar|0 fnt
|faint|p1a: Tyranitar
|
|-weather|Sandstorm|[upkeep]
|-damage|p2a: Nautilus|3/100|[from] Sandstorm
|upkeep
|
|t:|1658948588
|switch|p1a: Kartana|Kartana|100/100
|-damage|p1a: Kartana|94/100|[from] Stealth Rock
|turn|30
|
|t:|1658948604
|switch|p1a: Weavile|Weavile, M|91/100
|-damage|p1a: Weavile|66/100|[from] Stealth Rock
|-ability|p1a: Weavile|Pressure
|switch|p2a: Cyclone|Tornadus-Therian, M|100/100 tox
|
|-weather|Sandstorm|[upkeep]
|-damage|p1a: Weavile|60/100|[from] Sandstorm
|-damage|p2a: Cyclone|94/100 tox|[from] Sandstorm
|-damage|p2a: Cyclone|88/100 tox|[from] psn
|upkeep
|turn|31
|
|t:|1658948618
|move|p1a: Weavile|Swords Dance|p1a: Weavile
|-boost|p1a: Weavile|atk|2
|move|p2a: Cyclone|U-turn|p1a: Weavile
|-supereffective|p1a: Weavile
|-damage|p1a: Weavile|5/100
|
|t:|1658948630
|switch|p2a: Nautilus|Slowbro, M|36/100|[from]move: U-turn
|
|-weather|Sandstorm|[upkeep]
|-damage|p1a: Weavile|0 fnt|[from] Sandstorm
|-damage|p2a: Nautilus|30/100|[from] Sandstorm
|faint|p1a: Weavile
|upkeep
|-message|2(H2O) forfeited.
|
|win|Charmalane
|raw|2(H2O)'s rating: 1641 &rarr; <strong>1620</strong><br />(-21 for losing)
|raw|Charmalane's rating: 1617 &rarr; <strong>1638</strong><br />(+21 for winning)
|l|☆2(H2O)
