|raw|<div class="broadcast-blue"><strong>This battle is required to be public due to a player having a name starting with 'lt94je'.</div>
|j|‽kinetic chain
|j|☆LT94JE Lio
|t:|1661464148
|gametype|singles
|player|p1|kinetic chain|giovanni-gen1|1829
|player|p2|LT94JE Lio|1|1812
|teamsize|p1|6
|teamsize|p2|6
|gen|8
|tier|[Gen 8] OU
|rated|
|rule|Sleep Clause Mod: Limit one foe put to sleep
|rule|Species Clause: Limit one of each Pokémon
|rule|OHKO Clause: OHKO moves are banned
|rule|Evasion Items Clause: Evasion items are banned
|rule|Evasion Moves Clause: Evasion moves are banned
|rule|Endless Battle Clause: Forcing endless battles is banned
|rule|HP Percentage Mod: HP is shown in percentages
|rule|Dynamax Clause: You cannot dynamax
|clearpoke
|poke|p1|Kartana|
|poke|p1|Urshifu-*, M|
|poke|p1|Landorus-Therian, M|
|poke|p1|Rillaboom, M|
|poke|p1|Heatran, M|
|poke|p1|Zapdos|
|poke|p2|Tapu Lele|
|poke|p2|Kartana|
|poke|p2|Weavile, F|
|poke|p2|Heatran, M|
|poke|p2|Toxapex, M|
|poke|p2|Landorus-Therian, M|
|teampreview
|j| lt94jeqw
|j| Pokemon Hates Me
|inactive|Battle timer is ON: inactive players will automatically lose when time's up. (requested by kinetic chain)
|inactive|LT94JE Lio also wants the timer to be on.
|
|t:|1661464186
|start
|switch|p1a: Landorus|Landorus-Therian, M, shiny|100/100
|switch|p2a: Tapu Lele|Tapu Lele|100/100
|-fieldstart|move: Psychic Terrain|[from] ability: Psychic Surge|[of] p2a: Tapu Lele
|-ability|p1a: Landorus|Intimidate|boost
|-unboost|p2a: Tapu Lele|atk|1
|turn|1
|
|t:|1661464201
|switch|p2a: Landorus|Landorus-Therian, M|100/100
|-ability|p2a: Landorus|Intimidate|boost
|-unboost|p1a: Landorus|atk|1
|move|p1a: Landorus|U-turn|p2a: Landorus
|-resisted|p2a: Landorus
|-damage|p2a: Landorus|96/100
|
|t:|1661464209
|switch|p1a: Urshifu|Urshifu-Rapid-Strike, M|100/100|[from]move: U-turn
|
|-heal|p2a: Landorus|100/100|[from] item: Leftovers
|upkeep
|turn|2
|
|t:|1661464216
|switch|p2a: Toxapex|Toxapex, M|100/100
|move|p1a: Urshifu|Surging Strikes|p2a: Toxapex
|-resisted|p2a: Toxapex
|-crit|p2a: Toxapex
|-damage|p2a: Toxapex|91/100
|-resisted|p2a: Toxapex
|-crit|p2a: Toxapex
|-damage|p2a: Toxapex|81/100
|-resisted|p2a: Toxapex
|-crit|p2a: Toxapex
|-damage|p2a: Toxapex|71/100
|-hitcount|p2a: Toxapex|3
|-enditem|p2a: Toxapex|Eject Button
|
|t:|1661464226
|switch|p2a: Kartana|Kartana|100/100
|
|upkeep
|turn|3
|
|t:|1661464248
|switch|p1a: Heatran|Heatran, M, shiny|100/100
|move|p2a: Kartana|Knock Off|p1a: Heatran
|-damage|p1a: Heatran|61/100
|-status|p2a: Kartana|brn|[from] ability: Flame Body|[of] p1a: Heatran
|-enditem|p1a: Heatran|Leftovers|[from] move: Knock Off|[of] p2a: Kartana
|
|-damage|p2a: Kartana|94/100 brn|[from] brn
|upkeep
|turn|4
|
|t:|1661464259
|move|p2a: Kartana|Knock Off|p1a: Heatran
|-damage|p1a: Heatran|49/100
|move|p1a: Heatran|Stealth Rock|p2a: Kartana
|-sidestart|p2: LT94JE Lio|move: Stealth Rock
|
|-damage|p2a: Kartana|88/100 brn|[from] brn
|upkeep
|turn|5
|
|t:|1661464271
|switch|p2a: Heatran|Heatran, M|100/100
|-damage|p2a: Heatran|88/100|[from] Stealth Rock
|-item|p2a: Heatran|Air Balloon
|move|p1a: Heatran|Magma Storm|p2a: Heatran
|-start|p2a: Heatran|ability: Flash Fire
|
|-fieldend|move: Psychic Terrain
|upkeep
|turn|6
|j| sgvh
|j| ilcavalierebianco
|
|t:|1661464299
|switch|p1a: Urshifu|Urshifu-Rapid-Strike, M|100/100
|move|p2a: Heatran|Stealth Rock|p1a: Urshifu
|-sidestart|p1: kinetic chain|move: Stealth Rock
|
|upkeep
|turn|7
|
|t:|1661464305
|-end|p2a: Heatran|ability: Flash Fire|[silent]
|switch|p2a: Toxapex|Toxapex, M|100/100
|-damage|p2a: Toxapex|88/100|[from] Stealth Rock
|move|p1a: Urshifu|U-turn|p2a: Toxapex
|-resisted|p2a: Toxapex
|-damage|p2a: Toxapex|78/100
|
|t:|1661464314
|switch|p1a: Zapdos|Zapdos, shiny|100/100|[from]move: U-turn
|
|upkeep
|turn|8
|j| LT94JE Itsuki
|
|t:|1661464319
|move|p1a: Zapdos|Substitute|p1a: Zapdos
|-start|p1a: Zapdos|Substitute
|-damage|p1a: Zapdos|76/100
|move|p2a: Toxapex|Knock Off|p1a: Zapdos
|-activate|p1a: Zapdos|move: Substitute|[damage]
|
|upkeep
|turn|9
|j| storm zone
|
|t:|1661464328
|switch|p2a: Kartana|Kartana|88/100 brn
|-damage|p2a: Kartana|82/100 brn|[from] Stealth Rock
|move|p1a: Zapdos|Charge Beam|p2a: Kartana
|-resisted|p2a: Kartana
|-damage|p2a: Kartana|45/100 brn
|-boost|p1a: Zapdos|spa|1
|
|-damage|p2a: Kartana|39/100 brn|[from] brn
|upkeep
|turn|10
|j| Guivarch
|
|t:|1661464339
|move|p2a: Kartana|Knock Off|p1a: Zapdos
|-end|p1a: Zapdos|Substitute
|move|p1a: Zapdos|Substitute|p1a: Zapdos
|-start|p1a: Zapdos|Substitute
|-damage|p1a: Zapdos|51/100
|
|-damage|p2a: Kartana|33/100 brn|[from] brn
|upkeep
|turn|11
|
|t:|1661464350
|move|p2a: Kartana|Knock Off|p1a: Zapdos
|-end|p1a: Zapdos|Substitute
|move|p1a: Zapdos|Roost|p1a: Zapdos
|-heal|p1a: Zapdos|100/100
|-singleturn|p1a: Zapdos|move: Roost
|
|-damage|p2a: Kartana|27/100 brn|[from] brn
|upkeep
|turn|12
|
|t:|1661464363
|switch|p1a: Heatran|Heatran, M, shiny|49/100
|-damage|p1a: Heatran|36/100|[from] Stealth Rock
|move|p2a: Kartana|Knock Off|p1a: Heatran
|-damage|p1a: Heatran|24/100
|
|-damage|p2a: Kartana|21/100 brn|[from] brn
|upkeep
|turn|13
|
|t:|1661464372
|switch|p2a: Heatran|Heatran, M|88/100
|-damage|p2a: Heatran|76/100|[from] Stealth Rock
|-item|p2a: Heatran|Air Balloon
|switch|p1a: Landorus|Landorus-Therian, M, shiny|100/100
|-damage|p1a: Landorus|88/100|[from] Stealth Rock
|-ability|p1a: Landorus|Intimidate|boost
|-unboost|p2a: Heatran|atk|1
|
|-heal|p1a: Landorus|94/100|[from] item: Leftovers
|upkeep
|turn|14
|
|t:|1661464383
|move|p2a: Heatran|Eruption|p1a: Landorus
|-damage|p1a: Landorus|44/100
|move|p1a: Landorus|U-turn|p2a: Heatran
|-resisted|p2a: Heatran
|-damage|p2a: Heatran|70/100
|-enditem|p2a: Heatran|Air Balloon
|j| tapu moxo
|
|t:|1661464394
|switch|p1a: Urshifu|Urshifu-Rapid-Strike, M|100/100|[from]move: U-turn
|-damage|p1a: Urshifu|94/100|[from] Stealth Rock
|
|upkeep
|turn|15
|
|t:|1661464400
|move|p1a: Urshifu|Surging Strikes|p2a: Heatran
|-supereffective|p2a: Heatran
|-crit|p2a: Heatran
|-damage|p2a: Heatran|12/100
|-supereffective|p2a: Heatran
|-crit|p2a: Heatran
|-damage|p2a: Heatran|0 fnt
|faint|p2a: Heatran
|-hitcount|p2: Heatran|2
|
|upkeep
|
|t:|1661464402
|switch|p2a: Tapu Lele|Tapu Lele|100/100
|-damage|p2a: Tapu Lele|88/100|[from] Stealth Rock
|-fieldstart|move: Psychic Terrain|[from] ability: Psychic Surge|[of] p2a: Tapu Lele
|turn|16
|
|t:|1661464414
|switch|p1a: Heatran|Heatran, M, shiny|24/100
|-damage|p1a: Heatran|11/100|[from] Stealth Rock
|move|p2a: Tapu Lele|Psychic|p1a: Heatran
|-resisted|p1a: Heatran
|-damage|p1a: Heatran|0 fnt
|faint|p1a: Heatran
|
|upkeep
|
|t:|1661464429
|switch|p1a: Kartana|Kartana, shiny|100/100
|-damage|p1a: Kartana|94/100|[from] Stealth Rock
|turn|17
|
|t:|1661464433
|switch|p2a: Toxapex|Toxapex, M|100/100
|-damage|p2a: Toxapex|88/100|[from] Stealth Rock
|move|p1a: Kartana|Leaf Blade|p2a: Toxapex
|-damage|p2a: Toxapex|54/100
|
|upkeep
|turn|18
|inactive|kinetic chain has 120 seconds left.
|
|t:|1661464465
|switch|p1a: Landorus|Landorus-Therian, M, shiny|44/100
|-damage|p1a: Landorus|31/100|[from] Stealth Rock
|-ability|p1a: Landorus|Intimidate|boost
|-unboost|p2a: Toxapex|atk|1
|move|p2a: Toxapex|Recover|p2a: Toxapex
|-heal|p2a: Toxapex|100/100
|
|-heal|p1a: Landorus|38/100|[from] item: Leftovers
|upkeep
|turn|19
|
|t:|1661464474
|move|p1a: Landorus|Earth Power|p2a: Toxapex
|-supereffective|p2a: Toxapex
|-damage|p2a: Toxapex|46/100
|move|p2a: Toxapex|Scald|p1a: Landorus
|-supereffective|p1a: Landorus
|-damage|p1a: Landorus|12/100
|
|-heal|p1a: Landorus|18/100|[from] item: Leftovers
|upkeep
|turn|20
|
|t:|1661464483
|switch|p2a: Landorus|Landorus-Therian, M|100/100
|-damage|p2a: Landorus|88/100|[from] Stealth Rock
|-ability|p2a: Landorus|Intimidate|boost
|-unboost|p1a: Landorus|atk|1
|move|p1a: Landorus|Earth Power|p2a: Landorus
|-immune|p2a: Landorus
|
|-heal|p2a: Landorus|94/100|[from] item: Leftovers
|-heal|p1a: Landorus|24/100|[from] item: Leftovers
|-fieldend|move: Psychic Terrain
|upkeep
|turn|21
|
|t:|1661464495
|move|p2a: Landorus|U-turn|p1a: Landorus
|-resisted|p1a: Landorus
|-damage|p1a: Landorus|13/100
|
|t:|1661464499
|switch|p2a: Toxapex|Toxapex, M|80/100|[from]move: U-turn
|-damage|p2a: Toxapex|67/100|[from] Stealth Rock
|move|p1a: Landorus|Toxic|p2a: Toxapex
|-immune|p2a: Toxapex
|
|-heal|p1a: Landorus|19/100|[from] item: Leftovers
|upkeep
|turn|22
|
|t:|1661464507
|switch|p2a: Landorus|Landorus-Therian, M|94/100
|-damage|p2a: Landorus|82/100|[from] Stealth Rock
|-ability|p2a: Landorus|Intimidate|boost
|-unboost|p1a: Landorus|atk|1
|move|p1a: Landorus|Earth Power|p2a: Landorus
|-immune|p2a: Landorus
|
|-heal|p2a: Landorus|88/100|[from] item: Leftovers
|-heal|p1a: Landorus|25/100|[from] item: Leftovers
|upkeep
|turn|23
|
|t:|1661464527
|move|p2a: Landorus|Defog|p1a: Landorus
|-unboost|p1a: Landorus|evasion|1
|-sideend|p1: kinetic chain|Stealth Rock|[from] move: Defog|[of] p2a: Landorus
|-sideend|p2: LT94JE Lio|Stealth Rock|[from] move: Defog|[of] p2a: Landorus
|move|p1a: Landorus|Earth Power|p2a: Landorus
|-immune|p2a: Landorus
|
|-heal|p2a: Landorus|94/100|[from] item: Leftovers
|-heal|p1a: Landorus|31/100|[from] item: Leftovers
|upkeep
|turn|24
|
|t:|1661464536
|move|p2a: Landorus|Toxic|p1a: Landorus
|-status|p1a: Landorus|tox
|move|p1a: Landorus|Toxic|p2a: Landorus
|-status|p2a: Landorus|tox
|
|-heal|p2a: Landorus|99/100 tox|[from] item: Leftovers
|-heal|p1a: Landorus|38/100 tox|[from] item: Leftovers
|-damage|p2a: Landorus|94/100 tox|[from] psn
|-damage|p1a: Landorus|31/100 tox|[from] psn
|upkeep
|turn|25
|
|t:|1661464545
|move|p2a: Landorus|Toxic|p1a: Landorus
|-fail|p1a: Landorus|tox
|move|p1a: Landorus|U-turn|p2a: Landorus
|-resisted|p2a: Landorus
|-damage|p2a: Landorus|90/100 tox
|
|t:|1661464564
|switch|p1a: Zapdos|Zapdos, shiny|100/100|[from]move: U-turn
|
|-heal|p2a: Landorus|96/100 tox|[from] item: Leftovers
|-damage|p2a: Landorus|84/100 tox|[from] psn
|upkeep
|turn|26
|
|t:|1661464572
|switch|p2a: Weavile|Weavile, F|100/100
|-ability|p2a: Weavile|Pressure
|move|p1a: Zapdos|Hurricane|p2a: Weavile
|-damage|p2a: Weavile|29/100
|
|upkeep
|turn|27
|
|t:|1661464581
|switch|p1a: Urshifu|Urshifu-Rapid-Strike, M|94/100
|move|p2a: Weavile|Icicle Crash|p1a: Urshifu
|-resisted|p1a: Urshifu
|-damage|p1a: Urshifu|63/100
|
|upkeep
|turn|28
|j| la sauce a mendy
|
|t:|1661464587
|switch|p2a: Toxapex|Toxapex, M|100/100
|move|p1a: Urshifu|U-turn|p2a: Toxapex
|-resisted|p2a: Toxapex
|-damage|p2a: Toxapex|89/100
|
|t:|1661464595
|switch|p1a: Zapdos|Zapdos, shiny|100/100|[from]move: U-turn
|
|upkeep
|turn|29
|
|t:|1661464605
|switch|p2a: Tapu Lele|Tapu Lele|88/100
|-fieldstart|move: Psychic Terrain|[from] ability: Psychic Surge|[of] p2a: Tapu Lele
|move|p1a: Zapdos|Substitute|p1a: Zapdos
|-start|p1a: Zapdos|Substitute
|-damage|p1a: Zapdos|76/100
|
|upkeep
|turn|30
|j| Toxic Facade
|
|t:|1661464612
|move|p2a: Tapu Lele|Psychic|p1a: Zapdos
|-end|p1a: Zapdos|Substitute
|move|p1a: Zapdos|Hurricane|p2a: Tapu Lele
|-damage|p2a: Tapu Lele|25/100
|
|upkeep
|turn|31
|
|t:|1661464625
|switch|p1a: Landorus|Landorus-Therian, M, shiny|31/100 tox
|-ability|p1a: Landorus|Intimidate|boost
|-unboost|p2a: Tapu Lele|atk|1
|move|p2a: Tapu Lele|Psychic|p1a: Landorus
|-damage|p1a: Landorus|0 fnt
|faint|p1a: Landorus
|
|upkeep
|
|t:|1661464632
|switch|p1a: Kartana|Kartana, shiny|94/100
|turn|32
|
|t:|1661464636
|switch|p2a: Toxapex|Toxapex, M|100/100
|move|p1a: Kartana|Leaf Blade|p2a: Toxapex
|-damage|p2a: Toxapex|63/100
|
|upkeep
|turn|33
|
|t:|1661464645
|switch|p1a: Zapdos|Zapdos, shiny|76/100
|move|p2a: Toxapex|Scald|p1a: Zapdos
|-damage|p1a: Zapdos|57/100
|
|-fieldend|move: Psychic Terrain
|upkeep
|turn|34
|
|t:|1661464654
|switch|p2a: Weavile|Weavile, F|29/100
|-ability|p2a: Weavile|Pressure
|move|p1a: Zapdos|Substitute|p1a: Zapdos
|-start|p1a: Zapdos|Substitute
|-damage|p1a: Zapdos|32/100
|
|upkeep
|turn|35
|
|t:|1661464664
|move|p2a: Weavile|Triple Axel|p1a: Zapdos
|-supereffective|p1a: Zapdos
|-end|p1a: Zapdos|Substitute
|-supereffective|p1a: Zapdos
|-damage|p1a: Zapdos|0 fnt
|-status|p2a: Weavile|par|[from] ability: Static|[of] p1a: Zapdos
|faint|p1a: Zapdos
|-hitcount|p1: Zapdos|2
|
|upkeep
|
|t:|1661464674
|switch|p1a: Kartana|Kartana, shiny|94/100
|turn|36
|
|t:|1661464677
|switch|p2a: Toxapex|Toxapex, M|96/100
|move|p1a: Kartana|Leaf Blade|p2a: Toxapex
|-damage|p2a: Toxapex|60/100
|
|upkeep
|turn|37
|
|t:|1661464684
|move|p1a: Kartana|Leaf Blade|p2a: Toxapex
|-damage|p2a: Toxapex|24/100
|move|p2a: Toxapex|Knock Off|p1a: Kartana
|-damage|p1a: Kartana|78/100
|-enditem|p1a: Kartana|Choice Scarf|[from] move: Knock Off|[of] p2a: Toxapex
|
|upkeep
|turn|38
|
|t:|1661464691
|switch|p2a: Kartana|Kartana|21/100 brn
|move|p1a: Kartana|Leaf Blade|p2a: Kartana
|-resisted|p2a: Kartana
|-damage|p2a: Kartana|4/100 brn
|
|-damage|p2a: Kartana|0 fnt|[from] brn
|faint|p2a: Kartana
|upkeep
|
|t:|1661464693
|switch|p2a: Tapu Lele|Tapu Lele|25/100
|-fieldstart|move: Psychic Terrain|[from] ability: Psychic Surge|[of] p2a: Tapu Lele
|turn|39
|
|t:|1661464705
|switch|p1a: Urshifu|Urshifu-Rapid-Strike, M|63/100
|move|p2a: Tapu Lele|Psychic|p1a: Urshifu
|-supereffective|p1a: Urshifu
|-damage|p1a: Urshifu|0 fnt
|faint|p1a: Urshifu
|
|upkeep
|
|t:|1661464711
|switch|p1a: Rillaboom|Rillaboom, M, shiny|100/100
|-fieldstart|move: Grassy Terrain|[from] ability: Grassy Surge|[of] p1a: Rillaboom
|turn|40
|
|t:|1661464714
|switch|p2a: Landorus|Landorus-Therian, M|84/100 tox
|-ability|p2a: Landorus|Intimidate|boost
|-unboost|p1a: Rillaboom|atk|1
|move|p1a: Rillaboom|Swords Dance|p1a: Rillaboom
|-boost|p1a: Rillaboom|atk|2
|
|-heal|p2a: Landorus|90/100 tox|[from] item: Leftovers
|-damage|p2a: Landorus|84/100 tox|[from] psn
|upkeep
|turn|41
|
|t:|1661464729
|move|p1a: Rillaboom|Grassy Glide|p2a: Landorus
|-damage|p2a: Landorus|35/100 tox
|move|p2a: Landorus|U-turn|p1a: Rillaboom
|-supereffective|p1a: Rillaboom
|-damage|p1a: Rillaboom|63/100
|
|t:|1661464740
|switch|p2a: Tapu Lele|Tapu Lele|25/100|[from]move: U-turn
|-fieldstart|move: Psychic Terrain|[from] ability: Psychic Surge|[of] p2a: Tapu Lele
|
|-heal|p1a: Rillaboom|69/100|[from] item: Leftovers
|upkeep
|turn|42
|inactive|LT94JE Lio has 120 seconds left.
|
|t:|1661464780
|switch|p2a: Weavile|Weavile, F|29/100 par
|-ability|p2a: Weavile|Pressure
|switch|p1a: Kartana|Kartana, shiny|78/100
|
|upkeep
|turn|43
|inactive|LT94JE Lio has 120 seconds left.
|
|t:|1661464791
|move|p1a: Kartana|Leaf Blade|p2a: Weavile
|-damage|p2a: Weavile|0 fnt
|faint|p2a: Weavile
|-ability|p1a: Kartana|Beast Boost|boost
|-boost|p1a: Kartana|atk|1
|
|upkeep
|
|t:|1661464793
|switch|p2a: Tapu Lele|Tapu Lele|25/100
|turn|44
|inactive|LT94JE Lio has 120 seconds left.
|
|t:|1661464825
|move|p2a: Tapu Lele|Psychic|p1a: Kartana
|-resisted|p1a: Kartana
|-damage|p1a: Kartana|0 fnt
|faint|p1a: Kartana
|
|upkeep
|
|t:|1661464829
|switch|p1a: Rillaboom|Rillaboom, M, shiny|69/100
|-fieldstart|move: Grassy Terrain|[from] ability: Grassy Surge|[of] p1a: Rillaboom
|turn|45
|
|t:|1661464835
|move|p1a: Rillaboom|Grassy Glide|p2a: Tapu Lele
|-crit|p2a: Tapu Lele
|-damage|p2a: Tapu Lele|0 fnt
|faint|p2a: Tapu Lele
|
|-heal|p1a: Rillaboom|76/100|[from] Grassy Terrain
|-heal|p1a: Rillaboom|82/100|[from] item: Leftovers
|upkeep
|
|t:|1661464837
|switch|p2a: Landorus|Landorus-Therian, M|35/100 tox
|-ability|p2a: Landorus|Intimidate|boost
|-unboost|p1a: Rillaboom|atk|1
|turn|46
|inactive|LT94JE Lio has 120 seconds left.
|
|t:|1661464865
|move|p2a: Landorus|Defog|p1a: Rillaboom
|-unboost|p1a: Rillaboom|evasion|1
|-fieldend|move: Grassy Terrain
|move|p1a: Rillaboom|Swords Dance|p1a: Rillaboom
|-boost|p1a: Rillaboom|atk|2
|
|-heal|p2a: Landorus|41/100 tox|[from] item: Leftovers
|-heal|p1a: Rillaboom|88/100|[from] item: Leftovers
|-damage|p2a: Landorus|35/100 tox|[from] psn
|upkeep
|turn|47
|inactive|LT94JE Lio has 90 seconds left.
|
|t:|1661464912
|move|p2a: Landorus|Toxic|p1a: Rillaboom
|-status|p1a: Rillaboom|tox
|move|p1a: Rillaboom|Swords Dance|p1a: Rillaboom
|-boost|p1a: Rillaboom|atk|2
|
|-heal|p2a: Landorus|41/100 tox|[from] item: Leftovers
|-heal|p1a: Rillaboom|94/100 tox|[from] item: Leftovers
|-damage|p2a: Landorus|29/100 tox|[from] psn
|-damage|p1a: Rillaboom|88/100 tox|[from] psn
|upkeep
|turn|48
|inactive|LT94JE Lio has 60 seconds left.
|inactive|LT94JE Lio has 30 seconds left.
|inactive|LT94JE Lio has 20 seconds left.
|inactive|LT94JE Lio has 15 seconds left.
|inactive|LT94JE Lio has 10 seconds left.
|
|t:|1661464990
|move|p2a: Landorus|U-turn|p1a: Rillaboom
|-supereffective|p1a: Rillaboom
|-damage|p1a: Rillaboom|46/100 tox
|inactive|LT94JE Lio has 15 seconds left this turn.
|
|t:|1661464994
|switch|p2a: Toxapex|Toxapex, M|58/100|[from]move: U-turn
|move|p1a: Rillaboom|Grassy Glide|p2a: Toxapex
|-damage|p2a: Toxapex|1/100
|
|-heal|p1a: Rillaboom|52/100 tox|[from] item: Leftovers
|-damage|p1a: Rillaboom|40/100 tox|[from] psn
|upkeep
|turn|49
|inactive|LT94JE Lio has 25 seconds left this turn.
|
|t:|1661465002
|move|p1a: Rillaboom|Drain Punch|p2a: Toxapex
|-resisted|p2a: Toxapex
|-damage|p2a: Toxapex|0 fnt
|-heal|p1a: Rillaboom|40/100 tox|[from] drain|[of] p2a: Toxapex
|faint|p2a: Toxapex
|
|-heal|p1a: Rillaboom|46/100 tox|[from] item: Leftovers
|-damage|p1a: Rillaboom|28/100 tox|[from] psn
|upkeep
|inactive|LT94JE Lio has 30 seconds left this turn.
|
|t:|1661465004
|switch|p2a: Landorus|Landorus-Therian, M|29/100 tox
|-ability|p2a: Landorus|Intimidate|boost
|-unboost|p1a: Rillaboom|atk|1
|turn|50
|
|t:|1661465017
|move|p2a: Landorus|U-turn|p1a: Rillaboom
|-supereffective|p1a: Rillaboom
|-damage|p1a: Rillaboom|0 fnt
|faint|p1a: Rillaboom
|
|win|LT94JE Lio
|raw|kinetic chain's rating: 1829 &rarr; <strong>1808</strong><br />(-21 for losing)
|raw|LT94JE Lio's rating: 1812 &rarr; <strong>1833</strong><br />(+21 for winning)
|l|ilcavalierebianco
|l| sgvh
||Ladder isn't responding, score probably updated but might not have (Request timeout).
