|j|☆ajb
|j|☆Makuryu
|t:|1658339436
|gametype|singles
|player|p1|ajb|erika|1808
|player|p2|Makuryu|koga|1960
|teamsize|p1|6
|teamsize|p2|6
|gen|8
|tier|[Gen 8] OU
|rated|
|rule|Sleep Clause Mod: Limit one foe put to sleep
|rule|Species Clause: Limit one of each Pokémon
|rule|OHKO Clause: OHKO moves are banned
|rule|Evasion Moves Clause: Evasion moves are banned
|rule|Endless Battle Clause: Forcing endless battles is banned
|rule|HP Percentage Mod: HP is shown in percentages
|rule|Dynamax Clause: You cannot dynamax
|clearpoke
|poke|p1|Landorus-Therian, M|
|poke|p1|Weavile, M|
|poke|p1|Aegislash, M|
|poke|p1|Dragapult, M|
|poke|p1|Urshifu-*, M|
|poke|p1|Entei|
|poke|p2|Landorus-Therian, M|
|poke|p2|Tapu Lele|
|poke|p2|Magnezone|
|poke|p2|Kartana|
|poke|p2|Dragonite, M|
|poke|p2|Weavile, F|
|teampreview
|inactive|Battle timer is ON: inactive players will automatically lose when time's up. (requested by ajb)
|inactive|Makuryu has 120 seconds left.
|j| Not_Taken_Name637
|j| lowererpls
|j| daddaz
|inactive|Makuryu has 90 seconds left.
|
|t:|1658339497
|start
|switch|p1a: Entei|Entei|100/100
|switch|p2a: Kartana|Kartana|100/100
|turn|1
|j| Okayshelikesme
|
|t:|1658339503
|switch|p2a: Landorus|Landorus-Therian, M|100/100
|-ability|p2a: Landorus|Intimidate|boost
|-fail|p1a: Entei|unboost|Attack|[from] ability: Inner Focus|[of] p1a: Entei
|move|p1a: Entei|Sacred Fire|p2a: Landorus
|-damage|p2a: Landorus|53/100
|-status|p2a: Landorus|brn
|
|-heal|p2a: Landorus|59/100 brn|[from] item: Leftovers
|-damage|p2a: Landorus|53/100 brn|[from] brn
|upkeep
|turn|2
|inactive|Makuryu has 120 seconds left.
|
|t:|1658339556
|switch|p1a: Landorus|Landorus-Therian, M|100/100
|-ability|p1a: Landorus|Intimidate|boost
|-unboost|p2a: Landorus|atk|1
|move|p2a: Landorus|Stealth Rock|p1a: Landorus
|-sidestart|p1: ajb|move: Stealth Rock
|
|-heal|p2a: Landorus|59/100 brn|[from] item: Leftovers
|-damage|p2a: Landorus|53/100 brn|[from] brn
|upkeep
|turn|3
|
|t:|1658339564
|move|p1a: Landorus|Stealth Rock|p2a: Landorus
|-sidestart|p2: Makuryu|move: Stealth Rock
|move|p2a: Landorus|Toxic|p1a: Landorus
|-status|p1a: Landorus|tox
|
|-heal|p2a: Landorus|59/100 brn|[from] item: Leftovers
|-damage|p1a: Landorus|94/100 tox|[from] psn
|-damage|p2a: Landorus|53/100 brn|[from] brn
|upkeep
|turn|4
|
|t:|1658339573
|move|p1a: Landorus|Knock Off|p2a: Landorus
|-damage|p2a: Landorus|24/100 brn
|-enditem|p2a: Landorus|Leftovers|[from] move: Knock Off|[of] p1a: Landorus
|move|p2a: Landorus|U-turn|p1a: Landorus
|-resisted|p1a: Landorus
|-damage|p1a: Landorus|91/100 tox
|
|t:|1658339584
|switch|p2a: Tapu Lele|Tapu Lele|100/100|[from]move: U-turn
|-damage|p2a: Tapu Lele|88/100|[from] Stealth Rock
|-fieldstart|move: Psychic Terrain|[from] ability: Psychic Surge|[of] p2a: Tapu Lele
|
|-heal|p1a: Landorus|97/100 tox|[from] item: Leftovers
|-damage|p1a: Landorus|85/100 tox|[from] psn
|upkeep
|turn|5
|
|t:|1658339592
|move|p2a: Tapu Lele|Psyshock|p1a: Landorus
|-damage|p1a: Landorus|3/100 tox
|move|p1a: Landorus|Earthquake|p2a: Tapu Lele
|-damage|p2a: Tapu Lele|16/100
|
|-heal|p1a: Landorus|9/100 tox|[from] item: Leftovers
|-damage|p1a: Landorus|0 fnt|[from] psn
|faint|p1a: Landorus
|upkeep
|
|t:|1658339622
|switch|p1a: Entei|Entei|100/100
|turn|6
|inactive|Makuryu has 120 seconds left.
|
|t:|1658339640
|move|p1a: Entei|Sacred Fire|p2a: Tapu Lele
|-damage|p2a: Tapu Lele|0 fnt
|faint|p2a: Tapu Lele
|
|upkeep
|
|t:|1658339645
|switch|p2a: Dragonite|Dragonite, M|100/100
|turn|7
|inactive|Makuryu has 120 seconds left.
|
|t:|1658339657
|move|p1a: Entei|Sacred Fire|p2a: Dragonite
|-resisted|p2a: Dragonite
|-damage|p2a: Dragonite|88/100
|-status|p2a: Dragonite|brn
|move|p2a: Dragonite|Dragon Dance|p2a: Dragonite
|-boost|p2a: Dragonite|atk|1
|-boost|p2a: Dragonite|spe|1
|
|-damage|p2a: Dragonite|82/100 brn|[from] brn
|upkeep
|turn|8
|
|t:|1658339669
|switch|p1a: Weavile|Weavile, M|100/100
|-damage|p1a: Weavile|76/100|[from] Stealth Rock
|-ability|p1a: Weavile|Pressure
|move|p2a: Dragonite|Earthquake|p1a: Weavile
|-damage|p1a: Weavile|30/100
|
|-damage|p2a: Dragonite|75/100 brn|[from] brn
|-fieldend|move: Psychic Terrain
|upkeep
|turn|9
|
|t:|1658339680
|switch|p2a: Magnezone|Magnezone|100/100
|-damage|p2a: Magnezone|94/100|[from] Stealth Rock
|move|p1a: Weavile|Ice Shard|p2a: Magnezone
|-resisted|p2a: Magnezone
|-damage|p2a: Magnezone|81/100
|
|upkeep
|turn|10
|
|t:|1658339687
|move|p1a: Weavile|Ice Shard|p2a: Magnezone
|-resisted|p2a: Magnezone
|-damage|p2a: Magnezone|68/100
|move|p2a: Magnezone|Thunderbolt|p1a: Weavile
|-damage|p1a: Weavile|0 fnt
|faint|p1a: Weavile
|
|upkeep
|
|t:|1658339708
|switch|p1a: Entei|Entei|100/100
|turn|11
|c| Okayshelikesme|This is a heated battle
|inactive|Makuryu has 120 seconds left.
|
|t:|1658339736
|switch|p2a: Landorus|Landorus-Therian, M|24/100 brn
|-damage|p2a: Landorus|12/100 brn|[from] Stealth Rock
|-ability|p2a: Landorus|Intimidate|boost
|-fail|p1a: Entei|unboost|Attack|[from] ability: Inner Focus|[of] p1a: Entei
|move|p1a: Entei|Sacred Fire|p2a: Landorus
|-damage|p2a: Landorus|0 fnt
|faint|p2a: Landorus
|
|upkeep
|inactive|Makuryu has 120 seconds left.
|
|t:|1658339745
|switch|p2a: Dragonite|Dragonite, M|75/100 brn
|turn|12
|inactive|ajb has 120 seconds left.
|j| shootdawn
|inactive|ajb has 90 seconds left.
|
|t:|1658339806
|switch|p1a: Dragapult|Dragapult, M|100/100
|-damage|p1a: Dragapult|88/100|[from] Stealth Rock
|move|p2a: Dragonite|Dragon Dance|p2a: Dragonite
|-boost|p2a: Dragonite|atk|1
|-boost|p2a: Dragonite|spe|1
|
|-damage|p2a: Dragonite|69/100 brn|[from] brn
|upkeep
|turn|13
|
|t:|1658339815
|move|p2a: Dragonite|Ice Punch|p1a: Dragapult
|-supereffective|p1a: Dragapult
|-damage|p1a: Dragapult|37/100
|move|p1a: Dragapult|Draco Meteor|p2a: Dragonite
|-supereffective|p2a: Dragonite
|-damage|p2a: Dragonite|0 fnt
|-unboost|p1a: Dragapult|spa|2
|faint|p2a: Dragonite
|
|upkeep
|inactive|Makuryu has 120 seconds left.
|inactive|Makuryu has 90 seconds left.
|j| pHIsych
|
|t:|1658339889
|switch|p2a: Kartana|Kartana|100/100
|-damage|p2a: Kartana|94/100|[from] Stealth Rock
|turn|14
|inactive|ajb has 90 seconds left.
|
|t:|1658339922
|move|p2a: Kartana|Knock Off|p1a: Dragapult
|-supereffective|p1a: Dragapult
|-damage|p1a: Dragapult|0 fnt
|-enditem|p1a: Dragapult|Choice Specs|[from] move: Knock Off|[of] p2a: Kartana
|faint|p1a: Dragapult
|-ability|p2a: Kartana|Beast Boost|boost
|-boost|p2a: Kartana|atk|1
|
|upkeep
|inactive|ajb has 60 seconds left.
|
|t:|1658339972
|switch|p1a: Entei|Entei|100/100
|turn|15
|inactive|Makuryu has 90 seconds left.
|
|t:|1658339993
|move|p2a: Kartana|Knock Off|p1a: Entei
|-damage|p1a: Entei|38/100
|-enditem|p1a: Entei|Heavy-Duty Boots|[from] move: Knock Off|[of] p2a: Kartana
|move|p1a: Entei|Sacred Fire|p2a: Kartana
|-supereffective|p2a: Kartana
|-damage|p2a: Kartana|0 fnt
|faint|p2a: Kartana
|
|upkeep
|
|t:|1658340003
|switch|p2a: Weavile|Weavile, F|100/100
|-ability|p2a: Weavile|Pressure
|turn|16
|inactive|ajb has 60 seconds left.
|j| ID Uc207Pr4f57t9
|
|t:|1658340012
|move|p1a: Entei|Extreme Speed|p2a: Weavile
|-damage|p2a: Weavile|59/100
|move|p2a: Weavile|Swords Dance|p2a: Weavile
|-boost|p2a: Weavile|atk|2
|
|upkeep
|turn|17
|inactive|Makuryu has 90 seconds left.
|inactive|ajb has 60 seconds left.
|
|t:|1658340022
|move|p1a: Entei|Extreme Speed|p2a: Weavile
|-damage|p2a: Weavile|15/100
|move|p2a: Weavile|Knock Off|p1a: Entei
|-damage|p1a: Entei|0 fnt
|faint|p1a: Entei
|
|upkeep
|inactive|ajb has 60 seconds left.
|inactive|ajb has 30 seconds left.
|
|t:|1658340060
|switch|p1a: Urshifu|Urshifu-Rapid-Strike, M|100/100
|-damage|p1a: Urshifu|94/100|[from] Stealth Rock
|turn|18
|j| Mushaarna
|c| lowererpls|+2 252 Atk Weavile Triple Axel (40 BP) (3 hits) vs. 0 HP / 4 Def Urshifu-Rapid-Strike: 186-219 (54.5 - 64.2%) -- approx. 2HKO
|inactive|ajb has 30 seconds left.
|inactive|ajb has 20 seconds left.
|
|t:|1658340083
|move|p2a: Weavile|Triple Axel|p1a: Urshifu
|-resisted|p1a: Urshifu
|-damage|p1a: Urshifu|85/100
|-resisted|p1a: Urshifu
|-damage|p1a: Urshifu|66/100
|-resisted|p1a: Urshifu
|-damage|p1a: Urshifu|38/100
|-hitcount|p1a: Urshifu|3
|move|p1a: Urshifu|Close Combat|p2a: Weavile
|-supereffective|p2a: Weavile
|-damage|p2a: Weavile|0 fnt
|-unboost|p1a: Urshifu|def|1
|-unboost|p1a: Urshifu|spd|1
|faint|p2a: Weavile
|
|upkeep
|inactive|ajb has 25 seconds left this turn.
|
|t:|1658340095
|switch|p2a: Magnezone|Magnezone|68/100
|-damage|p2a: Magnezone|62/100|[from] Stealth Rock
|turn|19
|
|t:|1658340099
|move|p1a: Urshifu|Close Combat|p2a: Magnezone
|-supereffective|p2a: Magnezone
|-enditem|p2a: Magnezone|Chople Berry|[eat]
|-enditem|p2a: Magnezone|Chople Berry|[weaken]
|-damage|p2a: Magnezone|0 fnt
|-unboost|p1a: Urshifu|def|1
|-unboost|p1a: Urshifu|spd|1
|faint|p2a: Magnezone
|
|win|ajb
|raw|ajb's rating: 1808 &rarr; <strong>1836</strong><br />(+28 for winning)
|raw|Makuryu's rating: 1960 &rarr; <strong>1932</strong><br />(-28 for losing)
|c|☆ajb|gg
|c|☆Makuryu|gg
|l|☆ajb
|l| lowererpls
|l|☆Makuryu
|l| daddaz
|l| shootdawn
|l| Not_Taken_Name637
|l| pHIsych
||Ladder isn't responding, score probably updated but might not have (Request timeout).
|l| Okayshelikesme
|l| ID Uc207Pr4f57t9
|l| Mushaarna
