|raw|<div class="broadcast-blue"><strong>This battle is required to be public due to a player having a name starting with 'lt81yl'.</div>
|j|☆LT81YL Ahsan
|j|☆N30N3
|t:|1625238803
|gametype|singles
|player|p1|LT81YL Ahsan|clemont|1714
|player|p2|N30N3|veteran|1805
|teamsize|p1|6
|teamsize|p2|6
|gen|8
|tier|[Gen 8] OU
|rated|
|rule|Sleep Clause Mod: Limit one foe put to sleep
|rule|Species Clause: Limit one of each Pokémon
|rule|OHKO Clause: OHKO moves are banned
|rule|Evasion Moves Clause: Evasion moves are banned
|rule|Endless Battle Clause: Forcing endless battles is banned
|rule|HP Percentage Mod: HP is shown in percentages
|rule|Dynamax Clause: You cannot dynamax
|clearpoke
|poke|p1|Kyurem|
|poke|p1|Melmetal|
|poke|p1|Slowbro, M|
|poke|p1|Nidoqueen, F|
|poke|p1|Corviknight, F|
|poke|p1|Tapu Lele|
|poke|p2|Garchomp, F|
|poke|p2|Moltres-Galar|
|poke|p2|Melmetal|
|poke|p2|Urshifu-*, F|
|poke|p2|Rillaboom, F|
|poke|p2|Dragapult, M|
|teampreview
|inactive|Battle timer is ON: inactive players will automatically lose when time's up. (requested by LT81YL Ahsan)
|
|t:|1625238829
|start
|switch|p1a: Kyurem|Kyurem|100/100
|switch|p2a: Dragapult|Dragapult, M|100/100
|-ability|p1a: Kyurem|Pressure
|turn|1
|
|t:|1625238835
|switch|p2a: Coisa|Melmetal|100/100
|switch|p1a: Corviknight|Corviknight, F|100/100
|-ability|p1a: Corviknight|Pressure
|
|upkeep
|turn|2
|
|t:|1625238841
|move|p1a: Corviknight|Body Press|p2a: Coisa
|-supereffective|p2a: Coisa
|-damage|p2a: Coisa|74/100
|move|p2a: Coisa|Acid Armor|p2a: Coisa
|-boost|p2a: Coisa|def|2
|
|-heal|p2a: Coisa|80/100|[from] item: Leftovers
|upkeep
|turn|3
|
|t:|1625238846
|move|p1a: Corviknight|U-turn|p2a: Coisa
|-resisted|p2a: Coisa
|-damage|p2a: Coisa|79/100
|
|t:|1625238847
|switch|p1a: Slowbro|Slowbro, M|100/100|[from]move: U-turn
|move|p2a: Coisa|Body Press|p1a: Slowbro
|-resisted|p1a: Slowbro
|-damage|p1a: Slowbro|86/100
|
|-heal|p2a: Coisa|85/100|[from] item: Leftovers
|upkeep
|turn|4
|
|t:|1625238854
|switch|p2a: Dragapult|Dragapult, M|100/100
|move|p1a: Slowbro|Teleport|p1a: Slowbro
|
|t:|1625238858
|switch|p1a: Tapu Lele|Tapu Lele|100/100|[from]move: Teleport
|-fieldstart|move: Psychic Terrain|[from] ability: Psychic Surge|[of] p1a: Tapu Lele
|
|upkeep
|turn|5
|
|t:|1625238863
|switch|p2a: Coisa|Melmetal|85/100
|move|p1a: Tapu Lele|Moonblast|p2a: Coisa
|-resisted|p2a: Coisa
|-damage|p2a: Coisa|69/100
|
|-heal|p2a: Coisa|75/100|[from] item: Leftovers
|upkeep
|turn|6
|
|t:|1625238867
|switch|p1a: Slowbro|Slowbro, M|100/100
|switch|p2a: Dragapult|Dragapult, M|100/100
|
|upkeep
|turn|7
|
|t:|1625238870
|switch|p1a: Corviknight|Corviknight, F|100/100
|-ability|p1a: Corviknight|Pressure
|move|p2a: Dragapult|Shadow Ball|p1a: Corviknight
|-damage|p1a: Corviknight|51/100
|-unboost|p1a: Corviknight|spd|1
|
|-heal|p1a: Corviknight|57/100|[from] item: Leftovers
|upkeep
|turn|8
|
|t:|1625238880
|switch|p1a: Kyurem|Kyurem|100/100
|-ability|p1a: Kyurem|Pressure
|move|p2a: Dragapult|Shadow Ball|p1a: Kyurem
|-damage|p1a: Kyurem|59/100
|
|-fieldend|move: Psychic Terrain
|upkeep
|turn|9
|
|t:|1625238885
|switch|p2a: Coisa|Melmetal|75/100
|move|p1a: Kyurem|Roost|p1a: Kyurem
|-heal|p1a: Kyurem|100/100
|-singleturn|p1a: Kyurem|move: Roost
|
|-heal|p2a: Coisa|81/100|[from] item: Leftovers
|upkeep
|turn|10
|
|t:|1625238890
|switch|p1a: Corviknight|Corviknight, F|57/100
|-ability|p1a: Corviknight|Pressure
|switch|p2a: Dragapult|Dragapult, M|100/100
|
|-heal|p1a: Corviknight|63/100|[from] item: Leftovers
|upkeep
|turn|11
|j| egalvanc
|
|t:|1625238895
|switch|p1a: Kyurem|Kyurem|100/100
|-ability|p1a: Kyurem|Pressure
|move|p2a: Dragapult|Fire Blast|p1a: Kyurem
|-damage|p1a: Kyurem|61/100
|
|upkeep
|turn|12
|
|t:|1625238903
|switch|p2a: Urshifu|Urshifu-Rapid-Strike, F|100/100
|move|p1a: Kyurem|Roost|p1a: Kyurem
|-heal|p1a: Kyurem|100/100
|-singleturn|p1a: Kyurem|move: Roost
|
|upkeep
|turn|13
|
|t:|1625238910
|move|p2a: Urshifu|U-turn|p1a: Kyurem
|-damage|p1a: Kyurem|79/100
|
|t:|1625238912
|switch|p2a: Coisa|Melmetal|81/100|[from]move: U-turn
|move|p1a: Kyurem|Freeze-Dry|p2a: Coisa
|-resisted|p2a: Coisa
|-crit|p2a: Coisa
|-damage|p2a: Coisa|67/100
|
|-heal|p2a: Coisa|73/100|[from] item: Leftovers
|upkeep
|turn|14
|
|t:|1625238916
|switch|p1a: Corviknight|Corviknight, F|63/100
|-ability|p1a: Corviknight|Pressure
|move|p2a: Coisa|Double Iron Bash|p1a: Corviknight
|-resisted|p1a: Corviknight
|-damage|p1a: Corviknight|53/100
|-resisted|p1a: Corviknight
|-damage|p1a: Corviknight|42/100
|-hitcount|p1a: Corviknight|2
|
|-heal|p1a: Corviknight|49/100|[from] item: Leftovers
|-heal|p2a: Coisa|79/100|[from] item: Leftovers
|upkeep
|turn|15
|
|t:|1625238919
|move|p1a: Corviknight|Roost|p1a: Corviknight
|-heal|p1a: Corviknight|99/100
|-singleturn|p1a: Corviknight|move: Roost
|move|p2a: Coisa|Body Press|p1a: Corviknight
|-supereffective|p1a: Corviknight
|-damage|p1a: Corviknight|67/100
|
|-heal|p1a: Corviknight|73/100|[from] item: Leftovers
|-heal|p2a: Coisa|85/100|[from] item: Leftovers
|upkeep
|turn|16
|
|t:|1625238923
|switch|p2a: Chomp|Garchomp, F|100/100
|move|p1a: Corviknight|U-turn|p2a: Chomp
|-damage|p2a: Chomp|92/100
|-damage|p1a: Corviknight|60/100|[from] ability: Rough Skin|[of] p2a: Chomp
|-damage|p1a: Corviknight|44/100|[from] item: Rocky Helmet|[of] p2a: Chomp
|
|t:|1625238926
|switch|p1a: Kyurem|Kyurem|79/100|[from]move: U-turn
|-ability|p1a: Kyurem|Pressure
|
|upkeep
|turn|17
|
|t:|1625238930
|switch|p1a: Nidoqueen|Nidoqueen, F|100/100
|switch|p2a: Coisa|Melmetal|85/100
|
|-heal|p2a: Coisa|91/100|[from] item: Leftovers
|upkeep
|turn|18
|
|t:|1625238948
|switch|p2a: Dragapult|Dragapult, M|100/100
|move|p1a: Nidoqueen|Stealth Rock|p2a: Dragapult
|-sidestart|p2: N30N3|move: Stealth Rock
|
|upkeep
|turn|19
|
|t:|1625238953
|switch|p1a: Corviknight|Corviknight, F|44/100
|-ability|p1a: Corviknight|Pressure
|move|p2a: Dragapult|Draco Meteor|p1a: Corviknight
|-resisted|p1a: Corviknight
|-damage|p1a: Corviknight|9/100
|-unboost|p2a: Dragapult|spa|2
|
|-heal|p1a: Corviknight|16/100|[from] item: Leftovers
|upkeep
|turn|20
|
|t:|1625238959
|switch|p1a: Melmetal|Melmetal|100/100
|move|p2a: Dragapult|Draco Meteor|p1a: Melmetal
|-resisted|p1a: Melmetal
|-damage|p1a: Melmetal|74/100
|-unboost|p2a: Dragapult|spa|2
|
|upkeep
|turn|21
|
|t:|1625238967
|switch|p2a: Urshifu|Urshifu-Rapid-Strike, F|100/100
|-damage|p2a: Urshifu|94/100|[from] Stealth Rock
|move|p1a: Melmetal|Double Iron Bash|p2a: Urshifu
|-resisted|p2a: Urshifu
|-damage|p2a: Urshifu|58/100
|-resisted|p2a: Urshifu
|-damage|p2a: Urshifu|22/100
|-hitcount|p2a: Urshifu|2
|
|upkeep
|turn|22
|j| Bald old guy
|
|t:|1625238973
|switch|p1a: Slowbro|Slowbro, M|100/100
|move|p2a: Urshifu|U-turn|p1a: Slowbro
|-supereffective|p1a: Slowbro
|-damage|p1a: Slowbro|74/100
|
|t:|1625238977
|switch|p2a: Dragapult|Dragapult, M|100/100|[from]move: U-turn
|-damage|p2a: Dragapult|88/100|[from] Stealth Rock
|
|upkeep
|turn|23
|
|t:|1625238982
|switch|p1a: Corviknight|Corviknight, F|16/100
|-ability|p1a: Corviknight|Pressure
|move|p2a: Dragapult|Shadow Ball|p1a: Corviknight
|-damage|p1a: Corviknight|0 fnt
|faint|p1a: Corviknight
|
|upkeep
|
|t:|1625238985
|switch|p1a: Tapu Lele|Tapu Lele|100/100
|-fieldstart|move: Psychic Terrain|[from] ability: Psychic Surge|[of] p1a: Tapu Lele
|turn|24
|
|t:|1625238989
|switch|p2a: Coisa|Melmetal|91/100
|-damage|p2a: Coisa|85/100|[from] Stealth Rock
|move|p1a: Tapu Lele|Moonblast|p2a: Coisa
|-resisted|p2a: Coisa
|-damage|p2a: Coisa|68/100
|
|-heal|p2a: Coisa|74/100|[from] item: Leftovers
|upkeep
|turn|25
|
|t:|1625238997
|switch|p1a: Slowbro|Slowbro, M|100/100
|switch|p2a: Dragapult|Dragapult, M|88/100
|-damage|p2a: Dragapult|76/100|[from] Stealth Rock
|
|upkeep
|turn|26
|
|t:|1625239009
|switch|p1a: Kyurem|Kyurem|79/100
|-ability|p1a: Kyurem|Pressure
|move|p2a: Dragapult|Shadow Ball|p1a: Kyurem
|-damage|p1a: Kyurem|35/100
|
|upkeep
|turn|27
|j| aimcrazygirl
|inactive|N30N3 has 120 seconds left.
|inactive|N30N3 has 90 seconds left.
|j| assddff
|j| LT81YL Unown101
|
|t:|1625239086
|move|p2a: Dragapult|Shadow Ball|p1a: Kyurem
|-damage|p1a: Kyurem|0 fnt
|faint|p1a: Kyurem
|
|upkeep
|
|t:|1625239094
|switch|p1a: Tapu Lele|Tapu Lele|100/100
|turn|28
|
|t:|1625239098
|switch|p2a: Coisa|Melmetal|74/100
|-damage|p2a: Coisa|68/100|[from] Stealth Rock
|move|p1a: Tapu Lele|Moonblast|p2a: Coisa
|-resisted|p2a: Coisa
|-damage|p2a: Coisa|50/100
|-unboost|p2a: Coisa|spa|1
|
|-heal|p2a: Coisa|56/100|[from] item: Leftovers
|-fieldend|move: Psychic Terrain
|upkeep
|turn|29
|
|t:|1625239104
|switch|p1a: Slowbro|Slowbro, M|100/100
|move|p2a: Coisa|Double Iron Bash|p1a: Slowbro
|-resisted|p1a: Slowbro
|-damage|p1a: Slowbro|91/100
|-resisted|p1a: Slowbro
|-damage|p1a: Slowbro|81/100
|-hitcount|p1a: Slowbro|2
|
|-heal|p2a: Coisa|63/100|[from] item: Leftovers
|upkeep
|turn|30
|
|t:|1625239108
|move|p2a: Coisa|Acid Armor|p2a: Coisa
|-boost|p2a: Coisa|def|2
|move|p1a: Slowbro|Teleport|p1a: Slowbro
|
|t:|1625239110
|switch|p1a: Nidoqueen|Nidoqueen, F|100/100|[from]move: Teleport
|
|-heal|p2a: Coisa|69/100|[from] item: Leftovers
|upkeep
|turn|31
|
|t:|1625239115
|move|p1a: Nidoqueen|Sludge Wave|p2a: Coisa
|-immune|p2a: Coisa
|move|p2a: Coisa|Double Iron Bash|p1a: Nidoqueen
|-damage|p1a: Nidoqueen|62/100
|-damage|p1a: Nidoqueen|19/100
|-hitcount|p1a: Nidoqueen|2
|
|-heal|p2a: Coisa|75/100|[from] item: Leftovers
|upkeep
|turn|32
|l| aimcrazygirl
|j| Zoro666
|j| The Best Team 5005
|
|t:|1625239124
|switch|p2a: Rillaboom|Rillaboom, F|100/100
|-damage|p2a: Rillaboom|88/100|[from] Stealth Rock
|-fieldstart|move: Grassy Terrain|[from] ability: Grassy Surge|[of] p2a: Rillaboom
|move|p1a: Nidoqueen|Earth Power|p2a: Rillaboom
|-resisted|p2a: Rillaboom
|-damage|p2a: Rillaboom|49/100
|
|-heal|p2a: Rillaboom|55/100|[from] Grassy Terrain
|-heal|p1a: Nidoqueen|25/100|[from] Grassy Terrain
|upkeep
|turn|33
|j| 0zorcNecropHADES
|j| LT81YL Siegfried
|l| LT81YL Siegfried
|j| crowv2
|
|t:|1625239131
|switch|p1a: Melmetal|Melmetal|74/100
|move|p2a: Rillaboom|Grassy Glide|p1a: Melmetal
|-resisted|p1a: Melmetal
|-damage|p1a: Melmetal|54/100
|
|-heal|p2a: Rillaboom|62/100|[from] Grassy Terrain
|-heal|p1a: Melmetal|60/100|[from] Grassy Terrain
|upkeep
|turn|34
|
|t:|1625239136
|switch|p2a: Chomp|Garchomp, F|92/100
|-damage|p2a: Chomp|86/100|[from] Stealth Rock
|move|p1a: Melmetal|Double Iron Bash|p2a: Chomp
|-damage|p2a: Chomp|42/100
|-damage|p1a: Melmetal|48/100|[from] ability: Rough Skin|[of] p2a: Chomp
|-damage|p1a: Melmetal|31/100|[from] item: Rocky Helmet|[of] p2a: Chomp
|-damage|p2a: Chomp|0 fnt
|-damage|p1a: Melmetal|19/100|[from] ability: Rough Skin|[of] p2a: Chomp
|-damage|p1a: Melmetal|2/100|[from] item: Rocky Helmet|[of] p2a: Chomp
|faint|p2a: Chomp
|-hitcount|p2: Chomp|2
|
|-heal|p1a: Melmetal|8/100|[from] Grassy Terrain
|upkeep
|j| aimcrazygirl
|
|t:|1625239155
|switch|p2a: Dragapult|Dragapult, M|76/100
|-damage|p2a: Dragapult|64/100|[from] Stealth Rock
|turn|35
|
|t:|1625239160
|switch|p1a: Nidoqueen|Nidoqueen, F|25/100
|move|p2a: Dragapult|Shadow Ball|p1a: Nidoqueen
|-damage|p1a: Nidoqueen|0 fnt
|faint|p1a: Nidoqueen
|
|-heal|p2a: Dragapult|70/100|[from] Grassy Terrain
|upkeep
|
|t:|1625239161
|switch|p1a: Tapu Lele|Tapu Lele|100/100
|-fieldstart|move: Psychic Terrain|[from] ability: Psychic Surge|[of] p1a: Tapu Lele
|turn|36
|
|t:|1625239166
|switch|p2a: Coisa|Melmetal|75/100
|-damage|p2a: Coisa|69/100|[from] Stealth Rock
|move|p1a: Tapu Lele|Moonblast|p2a: Coisa
|-resisted|p2a: Coisa
|-damage|p2a: Coisa|52/100
|
|-heal|p2a: Coisa|58/100|[from] item: Leftovers
|upkeep
|turn|37
|
|t:|1625239174
|switch|p1a: Slowbro|Slowbro, M|100/100
|move|p2a: Coisa|Acid Armor|p2a: Coisa
|-boost|p2a: Coisa|def|2
|
|-heal|p2a: Coisa|64/100|[from] item: Leftovers
|upkeep
|turn|38
|
|t:|1625239176
|move|p2a: Coisa|Acid Armor|p2a: Coisa
|-boost|p2a: Coisa|def|2
|move|p1a: Slowbro|Scald|p2a: Coisa
|-damage|p2a: Coisa|44/100
|-status|p2a: Coisa|brn
|
|-heal|p2a: Coisa|50/100 brn|[from] item: Leftovers
|-damage|p2a: Coisa|44/100 brn|[from] brn
|upkeep
|turn|39
|
|t:|1625239179
|move|p2a: Coisa|Rest|p2a: Coisa
|-status|p2a: Coisa|slp|[from] move: Rest
|-heal|p2a: Coisa|100/100 slp|[silent]
|move|p1a: Slowbro|Scald|p2a: Coisa
|-damage|p2a: Coisa|83/100 slp
|
|-heal|p2a: Coisa|89/100 slp|[from] item: Leftovers
|upkeep
|turn|40
|
|t:|1625239182
|cant|p2a: Coisa|slp
|move|p1a: Slowbro|Teleport|p1a: Slowbro
|
|t:|1625239184
|switch|p1a: Tapu Lele|Tapu Lele|100/100|[from]move: Teleport
|
|-heal|p2a: Coisa|95/100 slp|[from] item: Leftovers
|-fieldend|move: Psychic Terrain
|upkeep
|turn|41
|
|t:|1625239186
|switch|p2a: Dragapult|Dragapult, M|70/100
|-damage|p2a: Dragapult|57/100|[from] Stealth Rock
|move|p1a: Tapu Lele|Focus Blast|p2a: Dragapult
|-immune|p2a: Dragapult
|
|upkeep
|turn|42
|
|t:|1625239193
|switch|p1a: Melmetal|Melmetal|8/100
|move|p2a: Dragapult|Shadow Ball|p1a: Melmetal
|-damage|p1a: Melmetal|0 fnt
|faint|p1a: Melmetal
|
|upkeep
|
|t:|1625239195
|switch|p1a: Tapu Lele|Tapu Lele|100/100
|-fieldstart|move: Psychic Terrain|[from] ability: Psychic Surge|[of] p1a: Tapu Lele
|turn|43
|
|t:|1625239198
|switch|p2a: Coisa|Melmetal|95/100 slp
|-damage|p2a: Coisa|89/100 slp|[from] Stealth Rock
|move|p1a: Tapu Lele|Moonblast|p2a: Coisa
|-resisted|p2a: Coisa
|-damage|p2a: Coisa|70/100 slp
|
|-heal|p2a: Coisa|76/100 slp|[from] item: Leftovers
|upkeep
|turn|44
|-message|LT81YL Ahsan forfeited.
|
|win|N30N3
|l|☆LT81YL Ahsan
|raw|LT81YL Ahsan's rating: 1714 &rarr; <strong>1699</strong><br />(-15 for losing)
|raw|N30N3's rating: 1805 &rarr; <strong>1820</strong><br />(+15 for winning)
|c| crowv2|nice reads
|l| The Best Team 5005
|c| 0zorcNecropHADES|ye well read
|c|☆N30N3|Tks
|c| 0zorcNecropHADES|ggs
|l| LT81YL Unown101
|l| crowv2
||Ladder isn't responding, score probably updated but might not have (Request timeout).
