|j|☆2(H2O)
|j|☆quixana
|t:|1663473524
|gametype|singles
|player|p1|2(H2O)|chase|1687
|player|p2|quixana|ethan-pokeathlon|1685
|teamsize|p1|6
|teamsize|p2|6
|gen|8
|tier|[Gen 8] OU
|rated|
|rule|Sleep Clause Mod: Limit one foe put to sleep
|rule|Species Clause: Limit one of each Pokémon
|rule|OHKO Clause: OHKO moves are banned
|rule|Evasion Items Clause: Evasion items are banned
|rule|Evasion Moves Clause: Evasion moves are banned
|rule|Endless Battle Clause: Forcing endless battles is banned
|rule|HP Percentage Mod: HP is shown in percentages
|rule|Dynamax Clause: You cannot dynamax
|clearpoke
|poke|p1|Zeraora|
|poke|p1|Volcanion|
|poke|p1|Landorus-Therian, M|
|poke|p1|Volcarona, M|
|poke|p1|Blacephalon|
|poke|p1|Moltres-Galar|
|poke|p2|Tyranitar, M|
|poke|p2|Clefable, F|
|poke|p2|Excadrill, F|
|poke|p2|Tangrowth, F|
|poke|p2|Slowking-Galar, F|
|poke|p2|Rotom-Wash|
|teampreview
|
|t:|1663473548
|start
|switch|p1a: Landorus|Landorus-Therian, M|100/100
|switch|p2a: Rotom|Rotom-Wash, shiny|100/100
|-ability|p1a: Landorus|Intimidate|boost
|-unboost|p2a: Rotom|atk|1
|turn|1
|inactive|Battle timer is ON: inactive players will automatically lose when time's up. (requested by 2(H2O))
|j| TropaDeElite
|inactive|quixana has 120 seconds left.
|
|t:|1663473587
|move|p1a: Landorus|Stealth Rock|p2a: Rotom
|-sidestart|p2: quixana|move: Stealth Rock
|move|p2a: Rotom|Will-O-Wisp|p1a: Landorus
|-status|p1a: Landorus|brn
|
|-damage|p1a: Landorus|95/100 brn|[from] brn
|upkeep
|turn|2
|
|t:|1663473597
|switch|p2a: Clefable|Clefable, F, shiny|100/100
|move|p1a: Landorus|Explosion|p2a: Clefable
|-enditem|p1a: Landorus|Normal Gem|[from] gem
|-damage|p2a: Clefable|48/100
|faint|p1a: Landorus
|
|upkeep
|
|t:|1663473605
|switch|p1a: Volcarona|Volcarona, M|100/100
|turn|3
|inactive|quixana has 120 seconds left.
|inactive|quixana has 90 seconds left.
|
|t:|1663473669
|switch|p2a: Slowking|Slowking-Galar, F|100/100
|-damage|p2a: Slowking|88/100|[from] Stealth Rock
|move|p1a: Volcarona|Quiver Dance|p1a: Volcarona
|-boost|p1a: Volcarona|spa|1
|-boost|p1a: Volcarona|spd|1
|-boost|p1a: Volcarona|spe|1
|
|-heal|p2a: Slowking|94/100|[from] item: Black Sludge
|upkeep
|turn|4
|
|t:|1663473683
|move|p1a: Volcarona|Fire Blast|p2a: Slowking
|-damage|p2a: Slowking|0 fnt
|faint|p2a: Slowking
|-damage|p1a: Volcarona|91/100|[from] item: Life Orb
|
|upkeep
|
|t:|1663473687
|switch|p2a: Tyranitar|Tyranitar, M, shiny|100/100
|-damage|p2a: Tyranitar|88/100|[from] Stealth Rock
|-weather|Sandstorm|[from] ability: Sand Stream|[of] p2a: Tyranitar
|turn|5
|
|t:|1663473693
|switch|p2a: Clefable|Clefable, F, shiny|48/100
|move|p1a: Volcarona|Bug Buzz|p2a: Clefable
|-resisted|p2a: Clefable
|-damage|p2a: Clefable|0 fnt
|faint|p2a: Clefable
|-damage|p1a: Volcarona|81/100|[from] item: Life Orb
|
|-weather|Sandstorm|[upkeep]
|-damage|p1a: Volcarona|74/100|[from] Sandstorm
|upkeep
|
|t:|1663473696
|switch|p2a: Excadrill|Excadrill, F, shiny|100/100
|-damage|p2a: Excadrill|97/100|[from] Stealth Rock
|turn|6
|inactive|quixana has 120 seconds left.
|
|t:|1663473705
|switch|p1a: Moltres|Moltres-Galar|100/100
|move|p2a: Excadrill|Earthquake|p1a: Moltres
|-immune|p1a: Moltres
|
|-weather|Sandstorm|[upkeep]
|-damage|p1a: Moltres|94/100|[from] Sandstorm
|-heal|p2a: Excadrill|100/100|[from] item: Leftovers
|upkeep
|turn|7
|
|t:|1663473709
|move|p2a: Excadrill|Rapid Spin|p1a: Moltres
|-damage|p1a: Moltres|73/100
|-boost|p2a: Excadrill|spe|1
|-sideend|p2: quixana|Stealth Rock|[from] move: Rapid Spin|[of] p2a: Excadrill
|move|p1a: Moltres|Fiery Wrath|p2a: Excadrill
|-damage|p2a: Excadrill|47/100
|
|-weather|Sandstorm|[upkeep]
|-damage|p1a: Moltres|67/100|[from] Sandstorm
|-heal|p2a: Excadrill|53/100|[from] item: Leftovers
|upkeep
|turn|8
|
|t:|1663473721
|switch|p2a: Tyranitar|Tyranitar, M, shiny|88/100
|switch|p1a: Volcanion|Volcanion|100/100
|
|-weather|Sandstorm|[upkeep]
|-damage|p1a: Volcanion|94/100|[from] Sandstorm
|upkeep
|turn|9
|
|t:|1663473724
|switch|p2a: Rotom|Rotom-Wash, shiny|100/100
|move|p1a: Volcanion|Steam Eruption|p2a: Rotom
|-resisted|p2a: Rotom
|-damage|p2a: Rotom|75/100
|
|-weather|none
|-heal|p2a: Rotom|81/100|[from] item: Leftovers
|upkeep
|turn|10
|inactive|quixana has 120 seconds left.
|
|t:|1663473761
|switch|p1a: Zeraora|Zeraora|100/100
|move|p2a: Rotom|Volt Switch|p1a: Zeraora
|-immune|p1a: Zeraora|[from] ability: Volt Absorb
|
|-heal|p2a: Rotom|87/100|[from] item: Leftovers
|upkeep
|turn|11
|
|t:|1663473765
|move|p1a: Zeraora|Knock Off|p2a: Rotom
|-crit|p2a: Rotom
|-damage|p2a: Rotom|39/100
|-enditem|p2a: Rotom|Leftovers|[from] move: Knock Off|[of] p1a: Zeraora
|move|p2a: Rotom|Will-O-Wisp|p1a: Zeraora
|-status|p1a: Zeraora|brn
|
|-damage|p1a: Zeraora|95/100 brn|[from] brn
|upkeep
|turn|12
|
|t:|1663473771
|move|p1a: Zeraora|Knock Off|p2a: Rotom
|-damage|p2a: Rotom|28/100
|move|p2a: Rotom|Pain Split|p1a: Zeraora
|-sethp|p1a: Zeraora|60/100 brn|[from] move: Pain Split|[silent]
|-sethp|p2a: Rotom|63/100|[from] move: Pain Split
|
|-heal|p1a: Zeraora|66/100 brn|[from] item: Leftovers
|-damage|p1a: Zeraora|60/100 brn|[from] brn
|upkeep
|turn|13
|inactive|quixana has 120 seconds left.
|
|t:|1663473803
|switch|p2a: Tangrowth|Tangrowth, F, shiny|100/100
|move|p1a: Zeraora|Bulk Up|p1a: Zeraora
|-boost|p1a: Zeraora|atk|1
|-boost|p1a: Zeraora|def|1
|
|-heal|p1a: Zeraora|66/100 brn|[from] item: Leftovers
|-damage|p1a: Zeraora|60/100 brn|[from] brn
|upkeep
|turn|14
|
|t:|1663473808
|move|p1a: Zeraora|Knock Off|p2a: Tangrowth
|-damage|p2a: Tangrowth|89/100
|-damage|p1a: Zeraora|44/100 brn|[from] item: Rocky Helmet|[of] p2a: Tangrowth
|-enditem|p2a: Tangrowth|Rocky Helmet|[from] move: Knock Off|[of] p1a: Zeraora
|move|p2a: Tangrowth|Knock Off|p1a: Zeraora
|-damage|p1a: Zeraora|22/100 brn
|-enditem|p1a: Zeraora|Leftovers|[from] move: Knock Off|[of] p2a: Tangrowth
|
|-damage|p1a: Zeraora|16/100 brn|[from] brn
|upkeep
|turn|15
|
|t:|1663473814
|move|p1a: Zeraora|Drain Punch|p2a: Tangrowth
|-damage|p2a: Tangrowth|80/100
|-heal|p1a: Zeraora|22/100 brn|[from] drain|[of] p2a: Tangrowth
|move|p2a: Tangrowth|Giga Drain|p1a: Zeraora
|-damage|p1a: Zeraora|0 fnt
|-heal|p2a: Tangrowth|88/100|[from] drain|[of] p1a: Zeraora
|faint|p1a: Zeraora
|
|upkeep
|j| Mel0nL0rd
|
|t:|1663473818
|switch|p1a: Blacephalon|Blacephalon|100/100
|turn|16
|inactive|quixana has 120 seconds left.
|
|t:|1663473870
|switch|p1a: Volcarona|Volcarona, M|74/100
|move|p2a: Tangrowth|Knock Off|p1a: Volcarona
|-damage|p1a: Volcarona|39/100
|-enditem|p1a: Volcarona|Life Orb|[from] move: Knock Off|[of] p2a: Tangrowth
|
|upkeep
|turn|17
|
|t:|1663473886
|move|p1a: Volcarona|Quiver Dance|p1a: Volcarona
|-boost|p1a: Volcarona|spa|1
|-boost|p1a: Volcarona|spd|1
|-boost|p1a: Volcarona|spe|1
|move|p2a: Tangrowth|Toxic|p1a: Volcarona
|-status|p1a: Volcarona|tox
|
|-damage|p1a: Volcarona|33/100 tox|[from] psn
|upkeep
|turn|18
|inactive|quixana has 90 seconds left.
|
|t:|1663473923
|move|p1a: Volcarona|Bug Buzz|p2a: Tangrowth
|-supereffective|p2a: Tangrowth
|-damage|p2a: Tangrowth|0 fnt
|faint|p2a: Tangrowth
|
|-damage|p1a: Volcarona|20/100 tox|[from] psn
|upkeep
|
|t:|1663473930
|switch|p2a: Tyranitar|Tyranitar, M, shiny|88/100
|-weather|Sandstorm|[from] ability: Sand Stream|[of] p2a: Tyranitar
|turn|19
|
|t:|1663473946
|move|p1a: Volcarona|Bug Buzz|p2a: Tyranitar
|-supereffective|p2a: Tyranitar
|-damage|p2a: Tyranitar|0 fnt
|faint|p2a: Tyranitar
|
|-weather|Sandstorm|[upkeep]
|-damage|p1a: Volcarona|14/100 tox|[from] Sandstorm
|-damage|p1a: Volcarona|0 fnt|[from] psn
|faint|p1a: Volcarona
|upkeep
|
|t:|1663473954
|switch|p1a: Moltres|Moltres-Galar|67/100
|switch|p2a: Excadrill|Excadrill, F, shiny|53/100
|turn|20
|inactive|quixana has 60 seconds left.
|
|t:|1663473997
|move|p2a: Excadrill|Iron Head|p1a: Moltres
|-damage|p1a: Moltres|19/100
|-ability|p1a: Moltres|Berserk|boost
|-boost|p1a: Moltres|spa|1
|cant|p1a: Moltres|flinch
|
|-weather|Sandstorm|[upkeep]
|-damage|p1a: Moltres|13/100|[from] Sandstorm
|-heal|p2a: Excadrill|59/100|[from] item: Leftovers
|upkeep
|turn|21
|
|t:|1663474018
|move|p2a: Excadrill|Rapid Spin|p1a: Moltres
|-crit|p1a: Moltres
|-damage|p1a: Moltres|0 fnt
|-boost|p2a: Excadrill|spe|1
|faint|p1a: Moltres
|
|-weather|Sandstorm|[upkeep]
|-heal|p2a: Excadrill|65/100|[from] item: Leftovers
|upkeep
|
|t:|1663474023
|switch|p1a: Volcanion|Volcanion|94/100
|turn|22
|inactive|quixana has 60 seconds left.
|
|t:|1663474037
|move|p2a: Excadrill|Earthquake|p1a: Volcanion
|-supereffective|p1a: Volcanion
|-damage|p1a: Volcanion|3/100
|move|p1a: Volcanion|Steam Eruption|p2a: Excadrill
|-supereffective|p2a: Excadrill
|-damage|p2a: Excadrill|0 fnt
|faint|p2a: Excadrill
|
|-weather|Sandstorm|[upkeep]
|-damage|p1a: Volcanion|0 fnt|[from] Sandstorm
|faint|p1a: Volcanion
|upkeep
|
|t:|1663474042
|switch|p2a: Rotom|Rotom-Wash, shiny|63/100
|switch|p1a: Blacephalon|Blacephalon|100/100
|turn|23
|
|t:|1663474046
|move|p1a: Blacephalon|Shadow Ball|p2a: Rotom
|-damage|p2a: Rotom|24/100
|-unboost|p2a: Rotom|spd|1
|move|p2a: Rotom|Hydro Pump|p1a: Blacephalon
|-supereffective|p1a: Blacephalon
|-damage|p1a: Blacephalon|0 fnt
|faint|p1a: Blacephalon
|
|win|quixana
|raw|2(H2O)'s rating: 1687 &rarr; <strong>1667</strong><br />(-20 for losing)
|raw|quixana's rating: 1685 &rarr; <strong>1705</strong><br />(+20 for winning)
|l|☆2(H2O)
|l| TropaDeElite
||Ladder isn't responding, score probably updated but might not have (Request timeout).
