|html|<div class="broadcast-blue"><strong>[Gen 8] OU is currently suspecting Melmetal! For information on how to participate check out the <a href="https://www.smogon.com/forums/threads/np-ss-ou-suspect-process-round-12-monster-mash.3709234/">suspect thread</a>.</strong></div>
|j|☆whocanunravelme
|j|☆misplayin
|t:|1666853508
|gametype|singles
|player|p1|whocanunravelme|steven|1640
|player|p2|misplayin|bugsy|1777
|teamsize|p1|6
|teamsize|p2|6
|gen|8
|tier|[Gen 8] OU
|rated|
|rule|Sleep Clause Mod: Limit one foe put to sleep
|rule|Species Clause: Limit one of each Pokémon
|rule|OHKO Clause: OHKO moves are banned
|rule|Evasion Items Clause: Evasion items are banned
|rule|Evasion Moves Clause: Evasion moves are banned
|rule|Endless Battle Clause: Forcing endless battles is banned
|rule|HP Percentage Mod: HP is shown in percentages
|rule|Dynamax Clause: You cannot dynamax
|clearpoke
|poke|p1|Clefable, M|
|poke|p1|Reuniclus, F|
|poke|p1|Scizor, F|
|poke|p1|Skarmory, M|
|poke|p1|Toxapex, F|
|poke|p1|Zeraora|
|poke|p2|Obstagoon, M|
|poke|p2|Garchomp, M|
|poke|p2|Pelipper, M|
|poke|p2|Buzzwole|
|poke|p2|Tornadus-Therian, M|
|poke|p2|Tapu Koko|
|teampreview
|inactive|Battle timer is ON: inactive players will automatically lose when time's up. (requested by misplayin)
|inactive|whocanunravelme also wants the timer to be on.
|
|t:|1666853523
|start
|switch|p1a: Clefable|Clefable, M|100/100
|switch|p2a: Pelipper|Pelipper, M|100/100
|-weather|RainDance|[from] ability: Drizzle|[of] p2a: Pelipper
|turn|1
|
|t:|1666853546
|move|p2a: Pelipper|Weather Ball|p1a: Clefable
|-damage|p1a: Clefable|0 fnt
|faint|p1a: Clefable
|
|-weather|RainDance|[upkeep]
|upkeep
|
|t:|1666853556
|switch|p1a: Zeraora|Zeraora|100/100
|turn|2
|
|t:|1666853562
|switch|p2a: Buzzwole|Buzzwole|100/100
|move|p1a: Zeraora|Knock Off|p2a: Buzzwole
|-resisted|p2a: Buzzwole
|-crit|p2a: Buzzwole
|-damage|p2a: Buzzwole|90/100
|-damage|p1a: Zeraora|84/100|[from] item: Rocky Helmet|[of] p2a: Buzzwole
|-enditem|p2a: Buzzwole|Rocky Helmet|[from] move: Knock Off|[of] p1a: Zeraora
|
|-weather|RainDance|[upkeep]
|upkeep
|turn|3
|
|t:|1666853567
|switch|p1a: Skarmory|Skarmory, M|100/100
|switch|p2a: Tapu Koko|Tapu Koko|100/100
|-fieldstart|move: Electric Terrain|[from] ability: Electric Surge|[of] p2a: Tapu Koko
|
|-weather|RainDance|[upkeep]
|upkeep
|turn|4
|
|t:|1666853574
|switch|p1a: Zeraora|Zeraora|84/100
|move|p2a: Tapu Koko|U-turn|p1a: Zeraora
|-damage|p1a: Zeraora|62/100
|
|t:|1666853582
|switch|p2a: Garchomp|Garchomp, M|100/100|[from]move: U-turn
|
|-weather|RainDance|[upkeep]
|upkeep
|turn|5
|
|t:|1666853588
|switch|p1a: Skarmory|Skarmory, M|100/100
|move|p2a: Garchomp|Stealth Rock|p1a: Skarmory
|-sidestart|p1: whocanunravelme|move: Stealth Rock
|
|-weather|none
|upkeep
|turn|6
|
|t:|1666853590
|switch|p2a: Pelipper|Pelipper, M|100/100
|-weather|RainDance|[from] ability: Drizzle|[of] p2a: Pelipper
|move|p1a: Skarmory|Spikes|p2a: Pelipper
|-sidestart|p2: misplayin|Spikes
|
|-weather|RainDance|[upkeep]
|upkeep
|turn|7
|
|t:|1666853593
|switch|p1a: Toxapex|Toxapex, F|100/100
|-damage|p1a: Toxapex|88/100|[from] Stealth Rock
|move|p2a: Pelipper|Hurricane|p1a: Toxapex
|-damage|p1a: Toxapex|33/100
|
|-weather|RainDance|[upkeep]
|-fieldend|move: Electric Terrain
|upkeep
|turn|8
|
|t:|1666853600
|move|p2a: Pelipper|Hurricane|p1a: Toxapex
|-crit|p1a: Toxapex
|-damage|p1a: Toxapex|0 fnt
|faint|p1a: Toxapex
|
|-weather|RainDance|[upkeep]
|upkeep
|
|t:|1666853602
|switch|p1a: Zeraora|Zeraora|62/100
|turn|9
|-message|whocanunravelme forfeited.
|
|win|misplayin
|raw|whocanunravelme's rating: 1640 &rarr; <strong>1628</strong><br />(-12 for losing)
|raw|misplayin's rating: 1777 &rarr; <strong>1789</strong><br />(+12 for winning)
|l|☆whocanunravelme
