|html|<div class="broadcast-blue"><strong>[Gen 8] OU is currently suspecting Melmetal! For information on how to participate check out the <a href="https://www.smogon.com/forums/threads/np-ss-ou-suspect-process-round-12-monster-mash.3709234/">suspect thread</a>.</strong></div>
|j|☆xiaolinyo
|j|☆ChandosH
|t:|1665882187
|gametype|singles
|player|p1|xiaolinyo|concordia|1475
|player|p2|ChandosH|n-masters|1446
|teamsize|p1|6
|teamsize|p2|6
|gen|8
|tier|[Gen 8] OU
|rated|
|rule|Sleep Clause Mod: Limit one foe put to sleep
|rule|Species Clause: Limit one of each Pokémon
|rule|OHKO Clause: OHKO moves are banned
|rule|Evasion Items Clause: Evasion items are banned
|rule|Evasion Moves Clause: Evasion moves are banned
|rule|Endless Battle Clause: Forcing endless battles is banned
|rule|HP Percentage Mod: HP is shown in percentages
|rule|Dynamax Clause: You cannot dynamax
|clearpoke
|poke|p1|Rillaboom, M|
|poke|p1|Tornadus-Therian, M|
|poke|p1|Blaziken, F|
|poke|p1|Melmetal|
|poke|p1|Garchomp, F|
|poke|p1|Slowbro, F|
|poke|p2|Marowak-Alola, M|
|poke|p2|Corviknight, M|
|poke|p2|Toxapex, M|
|poke|p2|Hatterene, F|
|poke|p2|Blissey, F|
|poke|p2|Rotom-Wash|
|teampreview
|inactive|Battle timer is ON: inactive players will automatically lose when time's up. (requested by xiaolinyo)
|c|☆xiaolinyo|hello
|inactive|xiaolinyo has 120 seconds left.
|inactive|ChandosH has 120 seconds left.
|c|☆ChandosH|Hi
|c|☆ChandosH|gl hf
|c|☆xiaolinyo|u2
|
|t:|1665882234
|start
|switch|p1a: Garchomp|Garchomp, F, shiny|100/100
|switch|p2a: Rotom|Rotom-Wash|100/100
|turn|1
|inactive|ChandosH has 120 seconds left.
|inactive|ChandosH has 90 seconds left.
|inactive|ChandosH has 60 seconds left.
|
|t:|1665882337
|switch|p2a: Corviknight|Corviknight, M|100/100
|-ability|p2a: Corviknight|Pressure
|move|p1a: Garchomp|Earthquake|p2a: Corviknight
|-immune|p2a: Corviknight
|
|upkeep
|turn|2
|
|t:|1665882344
|move|p1a: Garchomp|Stealth Rock|p2a: Corviknight
|-sidestart|p2: ChandosH|move: Stealth Rock
|move|p2a: Corviknight|U-turn|p1a: Garchomp
|-damage|p1a: Garchomp|87/100
|-damage|p2a: Corviknight|88/100|[from] ability: Rough Skin|[of] p1a: Garchomp
|
|t:|1665882351
|switch|p2a: Hatterene|Hatterene, F|100/100|[from]move: U-turn
|-damage|p2a: Hatterene|88/100|[from] Stealth Rock
|
|-heal|p1a: Garchomp|93/100|[from] item: Leftovers
|-heal|p2a: Hatterene|94/100|[from] item: Leftovers
|upkeep
|turn|3
|inactive|ChandosH has 60 seconds left.
|
|t:|1665882366
|move|p1a: Garchomp|Earthquake|p2a: Hatterene
|-damage|p2a: Hatterene|59/100
|move|p2a: Hatterene|Calm Mind|p2a: Hatterene
|-boost|p2a: Hatterene|spa|1
|-boost|p2a: Hatterene|spd|1
|
|-heal|p1a: Garchomp|99/100|[from] item: Leftovers
|-heal|p2a: Hatterene|65/100|[from] item: Leftovers
|upkeep
|turn|4
|
|t:|1665882374
|switch|p1a: Melmetal|Melmetal, shiny|100/100
|move|p2a: Hatterene|Draining Kiss|p1a: Melmetal
|-resisted|p1a: Melmetal
|-damage|p1a: Melmetal|85/100
|-heal|p2a: Hatterene|80/100|[from] drain|[of] p1a: Melmetal
|
|-heal|p1a: Melmetal|92/100|[from] item: Leftovers
|-heal|p2a: Hatterene|86/100|[from] item: Leftovers
|upkeep
|turn|5
|
|t:|1665882388
|switch|p2a: Corviknight|Corviknight, M|88/100
|-damage|p2a: Corviknight|75/100|[from] Stealth Rock
|-ability|p2a: Corviknight|Pressure
|move|p1a: Melmetal|Thunder Punch|p2a: Corviknight
|-supereffective|p2a: Corviknight
|-damage|p2a: Corviknight|28/100
|
|-heal|p2a: Corviknight|34/100|[from] item: Leftovers
|-heal|p1a: Melmetal|98/100|[from] item: Leftovers
|upkeep
|turn|6
|
|t:|1665882397
|move|p2a: Corviknight|Roost|p2a: Corviknight
|-heal|p2a: Corviknight|84/100
|-singleturn|p2a: Corviknight|move: Roost
|move|p1a: Melmetal|Superpower|p2a: Corviknight
|-supereffective|p2a: Corviknight
|-damage|p2a: Corviknight|22/100
|-unboost|p1a: Melmetal|atk|1
|-unboost|p1a: Melmetal|def|1
|
|-heal|p2a: Corviknight|29/100|[from] item: Leftovers
|-heal|p1a: Melmetal|100/100|[from] item: Leftovers
|upkeep
|turn|7
|
|t:|1665882407
|switch|p1a: Slowbro|Slowbro, F, shiny|100/100
|move|p2a: Corviknight|Roost|p2a: Corviknight
|-heal|p2a: Corviknight|78/100
|-singleturn|p2a: Corviknight|move: Roost
|
|-heal|p2a: Corviknight|85/100|[from] item: Leftovers
|upkeep
|turn|8
|
|t:|1665882413
|move|p2a: Corviknight|Defog|p1a: Slowbro
|-unboost|p1a: Slowbro|evasion|1
|-sideend|p2: ChandosH|Stealth Rock|[from] move: Defog|[of] p2a: Corviknight
|move|p1a: Slowbro|Future Sight|p2a: Corviknight
|-start|p1a: Slowbro|move: Future Sight
|
|-heal|p2a: Corviknight|91/100|[from] item: Leftovers
|upkeep
|turn|9
|
|t:|1665882417
|move|p2a: Corviknight|U-turn|p1a: Slowbro
|-supereffective|p1a: Slowbro
|-damage|p1a: Slowbro|84/100
|-damage|p2a: Corviknight|74/100|[from] item: Rocky Helmet|[of] p1a: Slowbro
|
|t:|1665882427
|switch|p2a: Blissey|Blissey, F|100/100|[from]move: U-turn
|move|p1a: Slowbro|Teleport|p1a: Slowbro
|
|t:|1665882437
|switch|p1a: Blaziken|Blaziken, F, shiny|100/100|[from]move: Teleport
|
|upkeep
|turn|10
|
|t:|1665882443
|move|p1a: Blaziken|Swords Dance|p1a: Blaziken
|-boost|p1a: Blaziken|atk|2
|move|p2a: Blissey|Thunder Wave|p1a: Blaziken
|-status|p1a: Blaziken|par
|
|-end|p2a: Blissey|move: Future Sight
|-damage|p2a: Blissey|85/100
|-ability|p1a: Blaziken|Speed Boost|boost
|-boost|p1a: Blaziken|spe|1
|upkeep
|turn|11
|inactive|ChandosH has 120 seconds left.
|
|t:|1665882454
|switch|p2a: Toxapex|Toxapex, M|100/100
|cant|p1a: Blaziken|par
|
|-ability|p1a: Blaziken|Speed Boost|boost
|-boost|p1a: Blaziken|spe|1
|upkeep
|turn|12
|
|t:|1665882464
|cant|p1a: Blaziken|par
|move|p2a: Toxapex|Haze|p2a: Toxapex
|-clearallboost
|
|-ability|p1a: Blaziken|Speed Boost|boost
|-boost|p1a: Blaziken|spe|1
|upkeep
|turn|13
|
|t:|1665882469
|switch|p1a: Slowbro|Slowbro, F, shiny|100/100
|switch|p2a: Rotom|Rotom-Wash|100/100
|
|upkeep
|turn|14
|
|t:|1665882480
|switch|p1a: Garchomp|Garchomp, F, shiny|99/100
|move|p2a: Rotom|Hydro Pump|p1a: Garchomp
|-damage|p1a: Garchomp|76/100
|
|-heal|p1a: Garchomp|82/100|[from] item: Leftovers
|upkeep
|turn|15
|
|t:|1665882497
|switch|p1a: Melmetal|Melmetal, shiny|100/100
|switch|p2a: Corviknight|Corviknight, M|74/100
|-ability|p2a: Corviknight|Pressure
|
|-heal|p2a: Corviknight|81/100|[from] item: Leftovers
|upkeep
|turn|16
|
|t:|1665882515
|move|p2a: Corviknight|U-turn|p1a: Melmetal
|-resisted|p1a: Melmetal
|-damage|p1a: Melmetal|96/100
|
|t:|1665882518
|switch|p2a: Marowak|Marowak-Alola, M|100/100|[from]move: U-turn
|move|p1a: Melmetal|Thunder Punch|p2a: Marowak
|-ability|p2a: Marowak|Lightning Rod|boost
|-boost|p2a: Marowak|spa|1
|
|-heal|p1a: Melmetal|100/100|[from] item: Leftovers
|upkeep
|turn|17
|
|t:|1665882527
|switch|p1a: Garchomp|Garchomp, F, shiny|82/100
|move|p2a: Marowak|Poltergeist|p1a: Garchomp
|-activate|p1a: Garchomp|move: Poltergeist|Leftovers
|-damage|p1a: Garchomp|11/100
|
|-heal|p1a: Garchomp|17/100|[from] item: Leftovers
|upkeep
|turn|18
|
|t:|1665882540
|switch|p2a: Hatterene|Hatterene, F|86/100
|move|p1a: Garchomp|Stealth Rock|p2a: Hatterene
|move|p2a: Hatterene|Stealth Rock|p1a: Garchomp|[from]ability: Magic Bounce
|-sidestart|p1: xiaolinyo|move: Stealth Rock
|
|-heal|p1a: Garchomp|23/100|[from] item: Leftovers
|-heal|p2a: Hatterene|92/100|[from] item: Leftovers
|upkeep
|turn|19
|
|t:|1665882546
|move|p1a: Garchomp|Protect|p1a: Garchomp
|-singleturn|p1a: Garchomp|Protect
|move|p2a: Hatterene|Draining Kiss|p1a: Garchomp
|-activate|p1a: Garchomp|move: Protect
|
|-heal|p1a: Garchomp|29/100|[from] item: Leftovers
|-heal|p2a: Hatterene|98/100|[from] item: Leftovers
|upkeep
|turn|20
|
|t:|1665882555
|switch|p1a: Tornadus|Tornadus-Therian, M, shiny|100/100
|move|p2a: Hatterene|Mystical Fire|p1a: Tornadus
|-damage|p1a: Tornadus|76/100
|-unboost|p1a: Tornadus|spa|1
|
|-heal|p2a: Hatterene|100/100|[from] item: Leftovers
|upkeep
|turn|21
|
|t:|1665882563
|switch|p2a: Rotom|Rotom-Wash|100/100
|move|p1a: Tornadus|Defog|p2a: Rotom
|-unboost|p2a: Rotom|evasion|1
|-sideend|p1: xiaolinyo|Stealth Rock|[from] move: Defog|[of] p1a: Tornadus
|
|upkeep
|turn|22
|
|t:|1665882577
|switch|p1a: Garchomp|Garchomp, F, shiny|29/100
|move|p2a: Rotom|Hydro Pump|p1a: Garchomp
|-damage|p1a: Garchomp|2/100
|
|-heal|p1a: Garchomp|8/100|[from] item: Leftovers
|upkeep
|turn|23
|
|t:|1665882588
|switch|p1a: Rillaboom|Rillaboom, M, shiny|100/100
|-fieldstart|move: Grassy Terrain|[from] ability: Grassy Surge|[of] p1a: Rillaboom
|move|p2a: Rotom|Hydro Pump|p1a: Rillaboom
|-resisted|p1a: Rillaboom
|-damage|p1a: Rillaboom|77/100
|
|-heal|p1a: Rillaboom|84/100|[from] Grassy Terrain
|-heal|p1a: Rillaboom|90/100|[from] item: Leftovers
|upkeep
|turn|24
|
|t:|1665882607
|switch|p2a: Corviknight|Corviknight, M|81/100
|-ability|p2a: Corviknight|Pressure
|switch|p1a: Blaziken|Blaziken, F, shiny|100/100 par
|
|-heal|p2a: Corviknight|87/100|[from] item: Leftovers
|upkeep
|turn|25
|
|t:|1665882623
|switch|p2a: Rotom|Rotom-Wash|100/100
|move|p1a: Blaziken|Swords Dance|p1a: Blaziken
|-boost|p1a: Blaziken|atk|2
|
|-ability|p1a: Blaziken|Speed Boost|boost
|-boost|p1a: Blaziken|spe|1
|upkeep
|turn|26
|
|t:|1665882628
|move|p1a: Blaziken|Protect|p1a: Blaziken
|-singleturn|p1a: Blaziken|Protect
|move|p2a: Rotom|Hydro Pump|p1a: Blaziken
|-activate|p1a: Blaziken|move: Protect
|
|-ability|p1a: Blaziken|Speed Boost|boost
|-boost|p1a: Blaziken|spe|1
|upkeep
|turn|27
|
|t:|1665882640
|switch|p1a: Slowbro|Slowbro, F, shiny|100/100
|move|p2a: Rotom|Hydro Pump|p1a: Slowbro|[miss]
|-miss|p2a: Rotom|p1a: Slowbro
|
|-fieldend|move: Grassy Terrain
|upkeep
|turn|28
|
|t:|1665882647
|move|p2a: Rotom|Hydro Pump|p1a: Slowbro
|-resisted|p1a: Slowbro
|-damage|p1a: Slowbro|79/100
|move|p1a: Slowbro|Teleport|p1a: Slowbro
|
|t:|1665882651
|switch|p1a: Rillaboom|Rillaboom, M, shiny|90/100|[from]move: Teleport
|-fieldstart|move: Grassy Terrain|[from] ability: Grassy Surge|[of] p1a: Rillaboom
|
|-heal|p1a: Rillaboom|96/100|[from] Grassy Terrain
|-heal|p1a: Rillaboom|100/100|[from] item: Leftovers
|upkeep
|turn|29
|
|t:|1665882657
|switch|p2a: Corviknight|Corviknight, M|87/100
|-ability|p2a: Corviknight|Pressure
|move|p1a: Rillaboom|Knock Off|p2a: Corviknight
|-damage|p2a: Corviknight|63/100
|-enditem|p2a: Corviknight|Leftovers|[from] move: Knock Off|[of] p1a: Rillaboom
|
|upkeep
|turn|30
|
|t:|1665882664
|move|p1a: Rillaboom|Swords Dance|p1a: Rillaboom
|-boost|p1a: Rillaboom|atk|2
|move|p2a: Corviknight|U-turn|p1a: Rillaboom
|-supereffective|p1a: Rillaboom
|-damage|p1a: Rillaboom|72/100
|
|t:|1665882688
|switch|p2a: Rotom|Rotom-Wash|100/100|[from]move: U-turn
|
|-heal|p1a: Rillaboom|79/100|[from] Grassy Terrain
|-heal|p1a: Rillaboom|85/100|[from] item: Leftovers
|upkeep
|turn|31
|
|t:|1665882697
|switch|p2a: Corviknight|Corviknight, M|63/100
|-ability|p2a: Corviknight|Pressure
|move|p1a: Rillaboom|Grassy Glide|p2a: Corviknight
|-resisted|p2a: Corviknight
|-damage|p2a: Corviknight|48/100
|
|-heal|p1a: Rillaboom|91/100|[from] Grassy Terrain
|-heal|p1a: Rillaboom|97/100|[from] item: Leftovers
|upkeep
|turn|32
|
|t:|1665882702
|move|p1a: Rillaboom|Drain Punch|p2a: Corviknight
|-damage|p2a: Corviknight|14/100
|-heal|p1a: Rillaboom|100/100|[from] drain|[of] p2a: Corviknight
|move|p2a: Corviknight|Roost|p2a: Corviknight
|-heal|p2a: Corviknight|64/100
|-singleturn|p2a: Corviknight|move: Roost
|
|-heal|p2a: Corviknight|70/100|[from] Grassy Terrain
|-fieldend|move: Grassy Terrain
|upkeep
|turn|33
|
|t:|1665882716
|move|p1a: Rillaboom|Swords Dance|p1a: Rillaboom
|-boost|p1a: Rillaboom|atk|2
|move|p2a: Corviknight|Brave Bird|p1a: Rillaboom
|-supereffective|p1a: Rillaboom
|-damage|p1a: Rillaboom|37/100
|-damage|p2a: Corviknight|49/100|[from] Recoil
|
|-heal|p1a: Rillaboom|43/100|[from] item: Leftovers
|upkeep
|turn|34
|
|t:|1665882733
|move|p1a: Rillaboom|Drain Punch|p2a: Corviknight
|-damage|p2a: Corviknight|0 fnt
|-heal|p1a: Rillaboom|68/100|[from] drain|[of] p2a: Corviknight
|faint|p2a: Corviknight
|
|-heal|p1a: Rillaboom|74/100|[from] item: Leftovers
|upkeep
|
|t:|1665882748
|switch|p2a: Rotom|Rotom-Wash|100/100
|turn|35
|
|t:|1665882754
|move|p2a: Rotom|Thunder Wave|p1a: Rillaboom
|-status|p1a: Rillaboom|par
|move|p1a: Rillaboom|Grassy Glide|p2a: Rotom
|-supereffective|p2a: Rotom
|-damage|p2a: Rotom|0 fnt
|faint|p2a: Rotom
|
|-heal|p1a: Rillaboom|80/100 par|[from] item: Leftovers
|upkeep
|
|t:|1665882758
|switch|p2a: Marowak|Marowak-Alola, M|100/100
|turn|36
|
|t:|1665882777
|move|p2a: Marowak|Flame Charge|p1a: Rillaboom
|-supereffective|p1a: Rillaboom
|-damage|p1a: Rillaboom|0 fnt
|-boost|p2a: Marowak|spe|1
|faint|p1a: Rillaboom
|
|upkeep
|
|t:|1665882785
|switch|p1a: Tornadus|Tornadus-Therian, M, shiny|100/100
|turn|37
|
|t:|1665882789
|switch|p2a: Blissey|Blissey, F|85/100
|move|p1a: Tornadus|Knock Off|p2a: Blissey
|-damage|p2a: Blissey|68/100
|-enditem|p2a: Blissey|Heavy-Duty Boots|[from] move: Knock Off|[of] p1a: Tornadus
|
|upkeep
|turn|38
|
|t:|1665882798
|move|p1a: Tornadus|U-turn|p2a: Blissey
|-damage|p2a: Blissey|55/100
|
|t:|1665882804
|switch|p1a: Blaziken|Blaziken, F, shiny|100/100 par|[from]move: U-turn
|move|p2a: Blissey|Teleport|p2a: Blissey
|
|t:|1665882809
|switch|p2a: Marowak|Marowak-Alola, M|100/100|[from]move: Teleport
|
|upkeep
|turn|39
|
|t:|1665882815
|cant|p1a: Blaziken|par
|move|p2a: Marowak|Flame Charge|p1a: Blaziken
|-resisted|p1a: Blaziken
|-damage|p1a: Blaziken|75/100 par
|-boost|p2a: Marowak|spe|1
|
|-heal|p1a: Blaziken|81/100 par|[from] item: Leftovers
|-ability|p1a: Blaziken|Speed Boost|boost
|-boost|p1a: Blaziken|spe|1
|upkeep
|turn|40
|
|t:|1665882823
|move|p1a: Blaziken|Protect|p1a: Blaziken
|-singleturn|p1a: Blaziken|Protect
|move|p2a: Marowak|Flame Charge|p1a: Blaziken
|-activate|p1a: Blaziken|move: Protect
|
|-heal|p1a: Blaziken|87/100 par|[from] item: Leftovers
|-ability|p1a: Blaziken|Speed Boost|boost
|-boost|p1a: Blaziken|spe|1
|upkeep
|turn|41
|
|t:|1665882833
|move|p2a: Marowak|Flame Charge|p1a: Blaziken
|-resisted|p1a: Blaziken
|-damage|p1a: Blaziken|60/100 par
|-boost|p2a: Marowak|spe|1
|cant|p1a: Blaziken|par
|
|-heal|p1a: Blaziken|66/100 par|[from] item: Leftovers
|-ability|p1a: Blaziken|Speed Boost|boost
|-boost|p1a: Blaziken|spe|1
|upkeep
|turn|42
|
|t:|1665882848
|move|p1a: Blaziken|Protect|p1a: Blaziken
|-singleturn|p1a: Blaziken|Protect
|move|p2a: Marowak|Swords Dance|p2a: Marowak
|-boost|p2a: Marowak|atk|2
|
|-heal|p1a: Blaziken|72/100 par|[from] item: Leftovers
|-ability|p1a: Blaziken|Speed Boost|boost
|-boost|p1a: Blaziken|spe|1
|upkeep
|turn|43
|
|t:|1665882855
|move|p2a: Marowak|Earthquake|p1a: Blaziken
|-supereffective|p1a: Blaziken
|-damage|p1a: Blaziken|0 fnt
|faint|p1a: Blaziken
|
|upkeep
|c|☆ChandosH|Gg
|
|t:|1665882862
|switch|p1a: Garchomp|Garchomp, F, shiny|8/100
|turn|44
|
|t:|1665882872
|move|p1a: Garchomp|Protect|p1a: Garchomp
|-singleturn|p1a: Garchomp|Protect
|move|p2a: Marowak|Flame Charge|p1a: Garchomp
|-activate|p1a: Garchomp|move: Protect
|
|-heal|p1a: Garchomp|14/100|[from] item: Leftovers
|upkeep
|turn|45
|
|t:|1665882880
|switch|p1a: Slowbro|Slowbro, F, shiny|100/100
|move|p2a: Marowak|Earthquake|p1a: Slowbro
|-damage|p1a: Slowbro|40/100
|
|upkeep
|turn|46
|
|t:|1665882887
|switch|p1a: Garchomp|Garchomp, F, shiny|14/100
|move|p2a: Marowak|Earthquake|p1a: Garchomp
|-damage|p1a: Garchomp|0 fnt
|faint|p1a: Garchomp
|
|upkeep
|
|t:|1665882891
|switch|p1a: Slowbro|Slowbro, F, shiny|73/100
|turn|47
|
|t:|1665882896
|move|p2a: Marowak|Poltergeist|p1a: Slowbro
|-activate|p1a: Slowbro|move: Poltergeist|Rocky Helmet
|-supereffective|p1a: Slowbro
|-damage|p1a: Slowbro|0 fnt
|faint|p1a: Slowbro
|
|upkeep
|
|t:|1665882899
|switch|p1a: Tornadus|Tornadus-Therian, M, shiny|100/100
|turn|48
|
|t:|1665882906
|move|p2a: Marowak|Flame Charge|p1a: Tornadus
|-damage|p1a: Tornadus|7/100
|-boost|p2a: Marowak|spe|1
|move|p1a: Tornadus|Knock Off|p2a: Marowak
|-supereffective|p2a: Marowak
|-damage|p2a: Marowak|52/100
|-enditem|p2a: Marowak|Thick Club|[from] move: Knock Off|[of] p1a: Tornadus
|
|upkeep
|turn|49
|
|t:|1665882915
|move|p2a: Marowak|Flame Charge|p1a: Tornadus
|-damage|p1a: Tornadus|0 fnt
|-boost|p2a: Marowak|spe|1
|faint|p1a: Tornadus
|
|upkeep
|
|t:|1665882917
|switch|p1a: Melmetal|Melmetal, shiny|100/100
|turn|50
|
|t:|1665882921
|move|p2a: Marowak|Earthquake|p1a: Melmetal
|-supereffective|p1a: Melmetal
|-damage|p1a: Melmetal|38/100
|move|p1a: Melmetal|Double Iron Bash|p2a: Marowak
|-resisted|p2a: Marowak
|-damage|p2a: Marowak|26/100
|-resisted|p2a: Marowak
|-damage|p2a: Marowak|0 fnt
|faint|p2a: Marowak
|-hitcount|p2: Marowak|2
|
|-heal|p1a: Melmetal|44/100|[from] item: Leftovers
|upkeep
|
|t:|1665882935
|switch|p2a: Toxapex|Toxapex, M|100/100
|turn|51
|
|t:|1665882940
|move|p1a: Melmetal|Protect|p1a: Melmetal
|-singleturn|p1a: Melmetal|Protect
|move|p2a: Toxapex|Scald|p1a: Melmetal
|-activate|p1a: Melmetal|move: Protect
|
|-heal|p1a: Melmetal|50/100|[from] item: Leftovers
|upkeep
|turn|52
|
|t:|1665882943
|move|p1a: Melmetal|Thunder Punch|p2a: Toxapex
|-supereffective|p2a: Toxapex
|-damage|p2a: Toxapex|56/100
|-enditem|p2a: Toxapex|Eject Button
|
|t:|1665882947
|switch|p2a: Blissey|Blissey, F|55/100
|
|-heal|p1a: Melmetal|57/100|[from] item: Leftovers
|upkeep
|turn|53
|
|t:|1665882956
|move|p2a: Blissey|Shadow Ball|p1a: Melmetal
|-damage|p1a: Melmetal|44/100
|move|p1a: Melmetal|Double Iron Bash|p2a: Blissey
|-damage|p2a: Blissey|17/100
|-damage|p2a: Blissey|0 fnt
|faint|p2a: Blissey
|-hitcount|p2: Blissey|2
|
|-heal|p1a: Melmetal|51/100|[from] item: Leftovers
|upkeep
|
|t:|1665882966
|switch|p2a: Toxapex|Toxapex, M|89/100
|turn|54
|
|t:|1665882970
|move|p1a: Melmetal|Protect|p1a: Melmetal
|-singleturn|p1a: Melmetal|Protect
|move|p2a: Toxapex|Scald|p1a: Melmetal
|-activate|p1a: Melmetal|move: Protect
|
|-heal|p1a: Melmetal|57/100|[from] item: Leftovers
|upkeep
|turn|55
|
|t:|1665882974
|move|p1a: Melmetal|Thunder Punch|p2a: Toxapex
|-supereffective|p2a: Toxapex
|-damage|p2a: Toxapex|42/100
|move|p2a: Toxapex|Scald|p1a: Melmetal
|-damage|p1a: Melmetal|43/100
|
|-heal|p1a: Melmetal|50/100|[from] item: Leftovers
|upkeep
|turn|56
|
|t:|1665882990
|move|p1a: Melmetal|Thunder Punch|p2a: Toxapex
|-supereffective|p2a: Toxapex
|-damage|p2a: Toxapex|0 fnt
|faint|p2a: Toxapex
|
|-heal|p1a: Melmetal|56/100|[from] item: Leftovers
|upkeep
|
|t:|1665882994
|switch|p2a: Hatterene|Hatterene, F|100/100
|turn|57
|
|t:|1665882998
|move|p1a: Melmetal|Double Iron Bash|p2a: Hatterene
|-supereffective|p2a: Hatterene
|-damage|p2a: Hatterene|23/100
|-supereffective|p2a: Hatterene
|-damage|p2a: Hatterene|0 fnt
|faint|p2a: Hatterene
|-hitcount|p2: Hatterene|2
|
|win|xiaolinyo
|raw|xiaolinyo's rating: 1475 &rarr; <strong>1493</strong><br />(+18 for winning)
|raw|ChandosH's rating: 1446 &rarr; <strong>1428</strong><br />(-18 for losing)
|c|☆xiaolinyo|gg
