|j|☆samohi0
|j|☆baigu
|t:|1660701589
|gametype|singles
|player|p1|samohi0|266|1653
|player|p2|baigu|101|1689
|teamsize|p1|6
|teamsize|p2|6
|gen|8
|tier|[Gen 8] OU
|rated|
|rule|Sleep Clause Mod: Limit one foe put to sleep
|rule|Species Clause: Limit one of each Pokémon
|rule|OHKO Clause: OHKO moves are banned
|rule|Evasion Items Clause: Evasion items are banned
|rule|Evasion Moves Clause: Evasion moves are banned
|rule|Endless Battle Clause: Forcing endless battles is banned
|rule|HP Percentage Mod: HP is shown in percentages
|rule|Dynamax Clause: You cannot dynamax
|clearpoke
|poke|p1|Tapu Lele|
|poke|p1|Polteageist|
|poke|p1|Ferrothorn, M|
|poke|p1|Landorus-Therian, M|
|poke|p1|Urshifu-*, F|
|poke|p1|Volcarona, F|
|poke|p2|Pelipper, M|
|poke|p2|Ferrothorn, F|
|poke|p2|Tornadus-Therian, M|
|poke|p2|Lanturn, F|
|poke|p2|Barraskewda, M|
|poke|p2|Volcanion|
|teampreview
|inactive|Battle timer is ON: inactive players will automatically lose when time's up. (requested by samohi0)
|
|t:|1660701599
|start
|switch|p1a: Tapu Lele|Tapu Lele|100/100
|switch|p2a: Lanturn|Lanturn, F|100/100
|-fieldstart|move: Psychic Terrain|[from] ability: Psychic Surge|[of] p1a: Tapu Lele
|turn|1
|
|t:|1660701610
|move|p1a: Tapu Lele|Calm Mind|p1a: Tapu Lele
|-boost|p1a: Tapu Lele|spa|1
|-boost|p1a: Tapu Lele|spd|1
|move|p2a: Lanturn|Toxic|p1a: Tapu Lele
|-status|p1a: Tapu Lele|tox
|
|-damage|p1a: Tapu Lele|94/100 tox|[from] psn
|upkeep
|turn|2
|
|t:|1660701618
|move|p1a: Tapu Lele|Psyshock|p2a: Lanturn
|-damage|p2a: Lanturn|0 fnt
|faint|p2a: Lanturn
|
|-damage|p1a: Tapu Lele|82/100 tox|[from] psn
|upkeep
|inactive|baigu has 120 seconds left.
|inactive|baigu has 90 seconds left.
|
|t:|1660701682
|switch|p2a: Barraskewda|Barraskewda, M, shiny|100/100
|turn|3
|
|t:|1660701690
|switch|p1a: Ferrothorn|Ferrothorn, M|100/100
|move|p2a: Barraskewda|Flip Turn|p1a: Ferrothorn
|-resisted|p1a: Ferrothorn
|-damage|p1a: Ferrothorn|83/100
|-damage|p2a: Barraskewda|88/100|[from] ability: Iron Barbs|[of] p1a: Ferrothorn
|
|t:|1660701693
|switch|p2a: Volcanion|Volcanion|100/100|[from]move: Flip Turn
|
|-heal|p1a: Ferrothorn|89/100|[from] item: Leftovers
|upkeep
|turn|4
|
|t:|1660701701
|switch|p1a: Tapu Lele|Tapu Lele|82/100 tox
|move|p2a: Volcanion|Steam Eruption|p1a: Tapu Lele
|-damage|p1a: Tapu Lele|0 fnt
|faint|p1a: Tapu Lele
|
|upkeep
|
|t:|1660701704
|switch|p1a: Urshifu|Urshifu-Rapid-Strike, F|100/100
|turn|5
|
|t:|1660701715
|move|p1a: Urshifu|Close Combat|p2a: Volcanion
|-damage|p2a: Volcanion|44/100
|-unboost|p1a: Urshifu|def|1
|-unboost|p1a: Urshifu|spd|1
|move|p2a: Volcanion|Steam Eruption|p1a: Urshifu|[miss]
|-miss|p2a: Volcanion|p1a: Urshifu
|
|upkeep
|turn|6
|
|t:|1660701725
|switch|p2a: Tornadus|Tornadus-Therian, M, shiny|100/100
|move|p1a: Urshifu|Close Combat|p2a: Tornadus
|-resisted|p2a: Tornadus
|-damage|p2a: Tornadus|65/100
|-unboost|p1a: Urshifu|def|1
|-unboost|p1a: Urshifu|spd|1
|
|upkeep
|turn|7
|inactive|baigu has 120 seconds left.
|
|t:|1660701731
|switch|p1a: Landorus|Landorus-Therian, M|100/100
|-ability|p1a: Landorus|Intimidate|boost
|-unboost|p2a: Tornadus|atk|1
|move|p2a: Tornadus|Hurricane|p1a: Landorus|[miss]
|-miss|p2a: Tornadus|p1a: Landorus
|
|upkeep
|turn|8
|
|t:|1660701736
|move|p2a: Tornadus|Icy Wind|p1a: Landorus
|-supereffective|p1a: Landorus
|-damage|p1a: Landorus|59/100
|-unboost|p1a: Landorus|spe|1
|move|p1a: Landorus|U-turn|p2a: Tornadus
|-resisted|p2a: Tornadus
|-damage|p2a: Tornadus|52/100
|
|t:|1660701745
|switch|p1a: Urshifu|Urshifu-Rapid-Strike, F|100/100|[from]move: U-turn
|
|-fieldend|move: Psychic Terrain
|upkeep
|turn|9
|
|t:|1660701752
|switch|p2a: Pelipper|Pelipper, M|100/100
|-weather|RainDance|[from] ability: Drizzle|[of] p2a: Pelipper
|move|p1a: Urshifu|Ice Punch|p2a: Pelipper
|-damage|p2a: Pelipper|81/100
|
|-weather|RainDance|[upkeep]
|upkeep
|turn|10
|
|t:|1660701761
|switch|p1a: Ferrothorn|Ferrothorn, M|89/100
|switch|p2a: Ferrothorn|Ferrothorn, F|100/100
|
|-weather|RainDance|[upkeep]
|-heal|p1a: Ferrothorn|95/100|[from] item: Leftovers
|upkeep
|turn|11
|
|t:|1660701765
|switch|p1a: Volcarona|Volcarona, F|100/100
|move|p2a: Ferrothorn|Stealth Rock|p1a: Volcarona
|-sidestart|p1: samohi0|move: Stealth Rock
|
|-weather|RainDance|[upkeep]
|upkeep
|turn|12
|
|t:|1660701779
|switch|p2a: Pelipper|Pelipper, M|81/100
|move|p1a: Volcarona|Quiver Dance|p1a: Volcarona
|-boost|p1a: Volcarona|spa|1
|-boost|p1a: Volcarona|spd|1
|-boost|p1a: Volcarona|spe|1
|
|-weather|RainDance|[upkeep]
|upkeep
|turn|13
|
|t:|1660701783
|move|p1a: Volcarona|Psychic|p2a: Pelipper
|-damage|p2a: Pelipper|11/100
|move|p2a: Pelipper|U-turn|p1a: Volcarona
|-resisted|p1a: Volcarona
|-damage|p1a: Volcarona|93/100
|
|t:|1660701786
|switch|p2a: Barraskewda|Barraskewda, M, shiny|88/100|[from]move: U-turn
|
|-weather|RainDance|[upkeep]
|upkeep
|turn|14
|
|t:|1660701794
|switch|p1a: Ferrothorn|Ferrothorn, M|95/100
|-damage|p1a: Ferrothorn|89/100|[from] Stealth Rock
|move|p2a: Barraskewda|Flip Turn|p1a: Ferrothorn
|-resisted|p1a: Ferrothorn
|-damage|p1a: Ferrothorn|61/100
|-damage|p2a: Barraskewda|76/100|[from] ability: Iron Barbs|[of] p1a: Ferrothorn
|
|t:|1660701797
|switch|p2a: Volcanion|Volcanion|44/100|[from]move: Flip Turn
|
|-weather|RainDance|[upkeep]
|-heal|p1a: Ferrothorn|67/100|[from] item: Leftovers
|upkeep
|turn|15
|
|t:|1660701800
|switch|p1a: Landorus|Landorus-Therian, M|59/100
|-damage|p1a: Landorus|46/100|[from] Stealth Rock
|-ability|p1a: Landorus|Intimidate|boost
|-unboost|p2a: Volcanion|atk|1
|move|p2a: Volcanion|Steam Eruption|p1a: Landorus
|-supereffective|p1a: Landorus
|-damage|p1a: Landorus|0 fnt
|faint|p1a: Landorus
|
|-weather|RainDance|[upkeep]
|upkeep
|
|t:|1660701805
|switch|p1a: Urshifu|Urshifu-Rapid-Strike, F|100/100
|-damage|p1a: Urshifu|94/100|[from] Stealth Rock
|turn|16
|
|t:|1660701816
|move|p1a: Urshifu|Close Combat|p2a: Volcanion
|-damage|p2a: Volcanion|0 fnt
|-unboost|p1a: Urshifu|def|1
|-unboost|p1a: Urshifu|spd|1
|faint|p2a: Volcanion
|
|-weather|none
|upkeep
|
|t:|1660701821
|switch|p2a: Tornadus|Tornadus-Therian, M, shiny|85/100
|turn|17
|
|t:|1660701828
|switch|p1a: Polteageist|Polteageist|100/100
|-damage|p1a: Polteageist|88/100|[from] Stealth Rock
|move|p2a: Tornadus|U-turn|p1a: Polteageist
|-resisted|p1a: Polteageist
|-damage|p1a: Polteageist|74/100
|-ability|p1a: Polteageist|Weak Armor|boost
|-unboost|p1a: Polteageist|def|1
|-boost|p1a: Polteageist|spe|2
|
|t:|1660701836
|switch|p2a: Ferrothorn|Ferrothorn, F|100/100|[from]move: U-turn
|
|upkeep
|turn|18
|
|t:|1660701841
|move|p1a: Polteageist|Shadow Ball|p2a: Ferrothorn
|-damage|p2a: Ferrothorn|61/100
|-unboost|p2a: Ferrothorn|spd|1
|move|p2a: Ferrothorn|Gyro Ball|p1a: Polteageist
|-damage|p1a: Polteageist|0 fnt
|faint|p1a: Polteageist
|
|-heal|p2a: Ferrothorn|67/100|[from] item: Leftovers
|upkeep
|
|t:|1660701846
|switch|p1a: Volcarona|Volcarona, F|93/100
|turn|19
|
|t:|1660701851
|switch|p2a: Pelipper|Pelipper, M|11/100
|-weather|RainDance|[from] ability: Drizzle|[of] p2a: Pelipper
|move|p1a: Volcarona|Flamethrower|p2a: Pelipper
|-resisted|p2a: Pelipper
|-damage|p2a: Pelipper|0 fnt
|faint|p2a: Pelipper
|
|-weather|RainDance|[upkeep]
|upkeep
|
|t:|1660701853
|switch|p2a: Barraskewda|Barraskewda, M, shiny|76/100
|turn|20
|
|t:|1660701859
|switch|p1a: Ferrothorn|Ferrothorn, M|67/100
|-damage|p1a: Ferrothorn|61/100|[from] Stealth Rock
|move|p2a: Barraskewda|Close Combat|p1a: Ferrothorn
|-supereffective|p1a: Ferrothorn
|-crit|p1a: Ferrothorn
|-damage|p1a: Ferrothorn|0 fnt
|-unboost|p2a: Barraskewda|def|1
|-unboost|p2a: Barraskewda|spd|1
|-damage|p2a: Barraskewda|64/100|[from] ability: Iron Barbs|[of] p1a: Ferrothorn
|faint|p1a: Ferrothorn
|
|-weather|RainDance|[upkeep]
|upkeep
|
|t:|1660701861
|switch|p1a: Volcarona|Volcarona, F|93/100
|turn|21
|
|t:|1660701867
|switch|p2a: Tornadus|Tornadus-Therian, M, shiny|100/100
|move|p1a: Volcarona|Quiver Dance|p1a: Volcarona
|-boost|p1a: Volcarona|spa|1
|-boost|p1a: Volcarona|spd|1
|-boost|p1a: Volcarona|spe|1
|
|-weather|RainDance|[upkeep]
|upkeep
|turn|22
|
|t:|1660701869
|move|p1a: Volcarona|Psychic|p2a: Tornadus
|-damage|p2a: Tornadus|56/100
|move|p2a: Tornadus|U-turn|p1a: Volcarona
|-resisted|p1a: Volcarona
|-damage|p1a: Volcarona|81/100
|-status|p2a: Tornadus|brn|[from] ability: Flame Body|[of] p1a: Volcarona
|
|t:|1660701873
|switch|p2a: Barraskewda|Barraskewda, M, shiny|64/100|[from]move: U-turn
|
|-weather|RainDance|[upkeep]
|upkeep
|turn|23
|
|t:|1660701877
|switch|p1a: Urshifu|Urshifu-Rapid-Strike, F|94/100
|-damage|p1a: Urshifu|88/100|[from] Stealth Rock
|move|p2a: Barraskewda|Waterfall|p1a: Urshifu
|-resisted|p1a: Urshifu
|-damage|p1a: Urshifu|37/100
|
|-weather|RainDance|[upkeep]
|upkeep
|turn|24
|
|t:|1660701882
|move|p2a: Barraskewda|Waterfall|p1a: Urshifu
|-resisted|p1a: Urshifu
|-damage|p1a: Urshifu|0 fnt
|faint|p1a: Urshifu
|
|-weather|RainDance|[upkeep]
|upkeep
|-message|samohi0 forfeited.
|
|win|baigu
|raw|samohi0's rating: 1653 &rarr; <strong>1635</strong><br />(-18 for losing)
|raw|baigu's rating: 1689 &rarr; <strong>1707</strong><br />(+18 for winning)
|l|☆samohi0
