|html|<div class="broadcast-blue"><strong>[Gen 8] OU is currently suspecting Melmetal! For information on how to participate check out the <a href="https://www.smogon.com/forums/threads/np-ss-ou-suspect-process-round-12-monster-mash.3709234/">suspect thread</a>.</strong></div>
|j|☆stantlerdude63
|j|☆Mabej
|inactive|Battle timer is ON: inactive players will automatically lose when time's up.
|t:|1665927286
|gametype|singles
|player|p1|stantlerdude63|1|
|player|p2|Mabej|zossie|
|teamsize|p1|6
|teamsize|p2|6
|gen|8
|tier|[Gen 8] OU
|rated|Tournament battle
|rule|Sleep Clause Mod: Limit one foe put to sleep
|rule|Species Clause: Limit one of each Pokémon
|rule|OHKO Clause: OHKO moves are banned
|rule|Evasion Items Clause: Evasion items are banned
|rule|Evasion Moves Clause: Evasion moves are banned
|rule|Endless Battle Clause: Forcing endless battles is banned
|rule|HP Percentage Mod: HP is shown in percentages
|rule|Dynamax Clause: You cannot dynamax
|clearpoke
|poke|p1|Volcarona, M|
|poke|p1|Tapu Lele|
|poke|p1|Keldeo-Resolute|
|poke|p1|Blacephalon|
|poke|p1|Mew|
|poke|p1|Diggersby, M|
|poke|p2|Landorus-Therian, M|
|poke|p2|Magnezone|
|poke|p2|Tapu Lele|
|poke|p2|Alakazam, F|
|poke|p2|Toxapex, M|
|poke|p2|Dragapult, F|
|teampreview
|j| testingteams888
|c|☆Mabej|Im bouta get packed
|c|☆Mabej|By this based asf team
|
|t:|1665927305
|start
|switch|p1a: Diggersby|Diggersby, M|100/100
|switch|p2a: Enten|Landorus-Therian, M, shiny|100/100
|-ability|p2a: Enten|Intimidate|boost
|-unboost|p1a: Diggersby|atk|1
|turn|1
|
|t:|1665927311
|move|p2a: Enten|U-turn|p1a: Diggersby
|-damage|p1a: Diggersby|76/100
|
|t:|1665927313
|switch|p2a: Serpentine|Toxapex, M, shiny|100/100|[from]move: U-turn
|move|p1a: Diggersby|Toxic|p2a: Serpentine
|-immune|p2a: Serpentine
|
|upkeep
|turn|2
|
|t:|1665927316
|move|p1a: Diggersby|Spikes|p2a: Serpentine
|-sidestart|p2: Mabej|Spikes
|move|p2a: Serpentine|Scald|p1a: Diggersby
|-supereffective|p1a: Diggersby
|-damage|p1a: Diggersby|52/100
|
|upkeep
|turn|3
|j| pianotheory
|j|@Sww-Suwa
|
|t:|1665927326
|switch|p2a: Enten|Landorus-Therian, M, shiny|100/100
|-ability|p2a: Enten|Intimidate|boost
|-unboost|p1a: Diggersby|atk|1
|move|p1a: Diggersby|Spikes|p2a: Enten
|-sidestart|p2: Mabej|Spikes
|
|upkeep
|turn|4
|j| sufys12
|j| SbeveSbren
|j| luminarie
|
|t:|1665927331
|move|p2a: Enten|Defog|p1a: Diggersby
|-unboost|p1a: Diggersby|evasion|1
|-sideend|p2: Mabej|Spikes|[from] move: Defog|[of] p2a: Enten
|move|p1a: Diggersby|Toxic|p2a: Enten
|-status|p2a: Enten|tox
|
|-damage|p2a: Enten|94/100 tox|[from] psn
|upkeep
|turn|5
|j| LT94JE Allistair
|j| OUT down the drain
|j| FlynnKingsley
|l| luminarie
|j| IopenwithSpinda
|
|t:|1665927348
|switch|p1a: Keldeo|Keldeo-Resolute|100/100
|-item|p1a: Keldeo|Air Balloon
|move|p2a: Enten|Earthquake|p1a: Keldeo
|-immune|p1a: Keldeo
|
|-heal|p2a: Enten|100/100 tox|[from] item: Leftovers
|-damage|p2a: Enten|88/100 tox|[from] psn
|upkeep
|turn|6
|c|☆Mabej|Its ballon
|l| FlynnKingsley
|c|☆Mabej|Balloon
|c| OUT down the drain|baloon keldeo
|c| OUT down the drain|is crazy
|j| Billaboom
|c|☆Mabej|Fr
|
|t:|1665927368
|switch|p1a: Diggersby|Diggersby, M|52/100
|switch|p2a: Serpentine|Toxapex, M, shiny|100/100
|
|upkeep
|turn|7
|c| SbeveSbren|mans bringing fire sets fr fr
|c|☆Mabej|Ye
|
|t:|1665927379
|switch|p2a: Enten|Landorus-Therian, M, shiny|88/100 tox
|-ability|p2a: Enten|Intimidate|boost
|-unboost|p1a: Diggersby|atk|1
|move|p1a: Diggersby|Spikes|p2a: Enten
|-sidestart|p2: Mabej|Spikes
|
|-heal|p2a: Enten|94/100 tox|[from] item: Leftovers
|-damage|p2a: Enten|88/100 tox|[from] psn
|upkeep
|turn|8
|c| IopenwithSpinda|Diggersbey got that dwag in him
|j| Pike Trickfoot
|j| Leavers
|
|t:|1665927385
|move|p2a: Enten|U-turn|p1a: Diggersby
|-damage|p1a: Diggersby|28/100
|-enditem|p1a: Diggersby|Sitrus Berry|[eat]
|-heal|p1a: Diggersby|53/100|[from] item: Sitrus Berry
|-heal|p1a: Diggersby|86/100|[from] ability: Cheek Pouch
|c|☆Mabej|Sheesh
|c| sufys12|yo
|
|t:|1665927393
|switch|p2a: Raven|Tapu Lele, shiny|100/100|[from]move: U-turn
|-damage|p2a: Raven|88/100|[from] Spikes
|-fieldstart|move: Psychic Terrain|[from] ability: Psychic Surge|[of] p2a: Raven
|move|p1a: Diggersby|Spikes|p2a: Raven
|-sidestart|p2: Mabej|Spikes
|
|upkeep
|turn|9
|j| ty-tyui↻
|c| OUT down the drain|DAMN
|j| Idlovetostopthis
|c| SbeveSbren|yooooo
|c| IopenwithSpinda|cha d
|c| IopenwithSpinda|CHAD
|c| sufys12|bringing the heat fer
|c| SbeveSbren|mans bringing the HEAT
|c|☆Mabej|Giga chad team
|c| sufys12|fr*
|c|☆Mabej|Damn
|c| SbeveSbren|gahddamn
|c| IopenwithSpinda|based cheek pouch enjoyer
|
|t:|1665927419
|move|p2a: Raven|Psychic|p1a: Diggersby
|-damage|p1a: Diggersby|8/100
|move|p1a: Diggersby|U-turn|p2a: Raven
|-damage|p2a: Raven|77/100
|l| Leavers
|inactive|stantlerdude63 has 120 seconds left.
|c| IopenwithSpinda|Tapu lele is racist !!!!
|c|☆Mabej|????
|c| ty-tyui↻|it's a black lele :x
|
|t:|1665927456
|switch|p1a: Blacephalon|Blacephalon|100/100|[from]move: U-turn
|
|upkeep
|turn|10
|
|t:|1665927460
|switch|p2a: Serpentine|Toxapex, M, shiny|100/100
|-damage|p2a: Serpentine|84/100|[from] Spikes
|move|p1a: Blacephalon|Knock Off|p2a: Serpentine
|-damage|p2a: Serpentine|63/100
|-enditem|p2a: Serpentine|Eject Button|[from] move: Knock Off|[of] p1a: Blacephalon
|
|upkeep
|turn|11
|
|t:|1665927469
|move|p1a: Blacephalon|Explosion|p2a: Serpentine
|-enditem|p1a: Blacephalon|Normal Gem|[from] gem
|-damage|p2a: Serpentine|0 fnt
|faint|p1a: Blacephalon
|faint|p2a: Serpentine
|
|upkeep
|c| sufys12|LO<L
|c| SbeveSbren|YOOOO
|c| pianotheory|OOO
|inactive|stantlerdude63 has 120 seconds left.
|c|☆Mabej|YOOOOOOO
|c| IopenwithSpinda|Holy
|c| IopenwithSpinda|lmao
|
|t:|1665927485
|switch|p1a: Mew|Mew|100/100
|switch|p2a: Prophet|Alakazam, F, shiny|100/100
|turn|12
|c| IopenwithSpinda|GAMING DUDE
|
|t:|1665927497
|move|p2a: Prophet|Shadow Ball|p1a: Mew
|-supereffective|p1a: Mew
|-damage|p1a: Mew|55/100
|-unboost|p1a: Mew|spd|1
|-enditem|p1a: Mew|Weakness Policy
|-boost|p1a: Mew|atk|2|[from] item: Weakness Policy
|-boost|p1a: Mew|spa|2|[from] item: Weakness Policy
|move|p1a: Mew|Cosmic Power|p1a: Mew
|-boost|p1a: Mew|def|1
|-boost|p1a: Mew|spd|1
|
|-fieldend|move: Psychic Terrain
|upkeep
|turn|13
|c|☆Mabej|Gg
|j| xyz anxiety
|
|t:|1665927518
|switch|p2a: Raven|Tapu Lele, shiny|77/100
|-damage|p2a: Raven|61/100|[from] Spikes
|-fieldstart|move: Psychic Terrain|[from] ability: Psychic Surge|[of] p2a: Raven
|move|p1a: Mew|Soft-Boiled|p1a: Mew
|-heal|p1a: Mew|100/100
|
|upkeep
|turn|14
|c| IopenwithSpinda|Weakness policy meuwuw
|
|t:|1665927521
|move|p1a: Mew|Cosmic Power|p1a: Mew
|-boost|p1a: Mew|def|1
|-boost|p1a: Mew|spd|1
|move|p2a: Raven|Moonblast|p1a: Mew
|-damage|p1a: Mew|56/100
|
|upkeep
|turn|15
|c| OUT down the drain|bro dont tell me u dont have np
|inactive|stantlerdude63 has 120 seconds left.
|c| OUT down the drain|cmon
|
|t:|1665927528
|move|p1a: Mew|Cosmic Power|p1a: Mew
|-boost|p1a: Mew|def|1
|-boost|p1a: Mew|spd|1
|move|p2a: Raven|Moonblast|p1a: Mew
|-damage|p1a: Mew|20/100
|-unboost|p1a: Mew|spa|1
|
|upkeep
|turn|16
|
|t:|1665927534
|move|p1a: Mew|Soft-Boiled|p1a: Mew
|-heal|p1a: Mew|70/100
|move|p2a: Raven|Moonblast|p1a: Mew
|-damage|p1a: Mew|37/100
|
|upkeep
|turn|17
|
|t:|1665927538
|move|p1a: Mew|Soft-Boiled|p1a: Mew
|-heal|p1a: Mew|87/100
|move|p2a: Raven|Moonblast|p1a: Mew
|-damage|p1a: Mew|54/100
|-unboost|p1a: Mew|spa|1
|
|-fieldend|move: Psychic Terrain
|upkeep
|turn|18
|c| OUT down the drain|tf u running 3 atk recover?
|c|☆Mabej|Crit
|
|t:|1665927546
|move|p1a: Mew|Stored Power|p2a: Raven
|-resisted|p2a: Raven
|-damage|p2a: Raven|33/100
|move|p2a: Raven|Moonblast|p1a: Mew
|-damage|p1a: Mew|20/100
|-unboost|p1a: Mew|spa|1
|
|upkeep
|turn|19
|
|t:|1665927553
|move|p1a: Mew|Soft-Boiled|p1a: Mew
|-heal|p1a: Mew|70/100
|move|p2a: Raven|Moonblast|p1a: Mew
|-damage|p1a: Mew|38/100
|-unboost|p1a: Mew|spa|1
|
|upkeep
|turn|20
|
|t:|1665927558
|move|p1a: Mew|Soft-Boiled|p1a: Mew
|-heal|p1a: Mew|88/100
|move|p2a: Raven|Moonblast|p1a: Mew
|-damage|p1a: Mew|56/100
|-unboost|p1a: Mew|spa|1
|
|upkeep
|turn|21
|
|t:|1665927562
|move|p1a: Mew|Soft-Boiled|p1a: Mew
|-heal|p1a: Mew|100/100
|move|p2a: Raven|Moonblast|p1a: Mew
|-damage|p1a: Mew|64/100
|-unboost|p1a: Mew|spa|1
|
|upkeep
|turn|22
|c| ty-tyui↻|bro moonblast is broken
|c| sufys12|mew is unironically gonna be 1v1d be the spatk drops
|c|☆Mabej|CRIT
|
|t:|1665927573
|move|p1a: Mew|Cosmic Power|p1a: Mew
|-boost|p1a: Mew|def|1
|-boost|p1a: Mew|spd|1
|move|p2a: Raven|Moonblast|p1a: Mew
|-damage|p1a: Mew|34/100
|-unboost|p1a: Mew|spa|1
|
|upkeep
|turn|23
|
|t:|1665927578
|move|p1a: Mew|Soft-Boiled|p1a: Mew
|-heal|p1a: Mew|84/100
|move|p2a: Raven|Moonblast|p1a: Mew
|-damage|p1a: Mew|58/100
|
|upkeep
|turn|24
|
|t:|1665927580
|move|p1a: Mew|Soft-Boiled|p1a: Mew
|-heal|p1a: Mew|100/100
|move|p2a: Raven|Moonblast|p1a: Mew
|-damage|p1a: Mew|72/100
|
|upkeep
|turn|25
|c| SbeveSbren|special attack drops go crazy
|c|☆Mabej|0 crits
|
|t:|1665927597
|move|p1a: Mew|Stored Power|p2a: Raven
|-resisted|p2a: Raven
|-damage|p2a: Raven|24/100
|move|p2a: Raven|Moonblast|p1a: Mew
|-damage|p1a: Mew|45/100
|
|upkeep
|turn|26
|
|t:|1665927603
|switch|p2a: Enten|Landorus-Therian, M, shiny|88/100 tox
|-ability|p2a: Enten|Intimidate|boost
|-unboost|p1a: Mew|atk|1
|move|p1a: Mew|Soft-Boiled|p1a: Mew
|-heal|p1a: Mew|95/100
|
|-heal|p2a: Enten|94/100 tox|[from] item: Leftovers
|-damage|p2a: Enten|88/100 tox|[from] psn
|upkeep
|turn|27
|c| ty-tyui↻|pult can still crit
|
|t:|1665927607
|move|p1a: Mew|Taunt|p2a: Enten
|-start|p2a: Enten|move: Taunt
|cant|p2a: Enten|move: Taunt|Defog
|
|-heal|p2a: Enten|94/100 tox|[from] item: Leftovers
|-damage|p2a: Enten|82/100 tox|[from] psn
|upkeep
|turn|28
|
|t:|1665927609
|move|p1a: Mew|Cosmic Power|p1a: Mew
|-boost|p1a: Mew|def|1
|-boost|p1a: Mew|spd|1
|move|p2a: Enten|U-turn|p1a: Mew
|-supereffective|p1a: Mew
|-damage|p1a: Mew|83/100
|c| OUT down the drain|Why did u switch
|
|t:|1665927619
|switch|p2a: Prophet|Alakazam, F, shiny|100/100|[from]move: U-turn
|
|upkeep
|turn|29
|c| OUT down the drain|WHY
|c| sufys12|cosmic power taunt
|c| IopenwithSpinda|Based mew
|c| sufys12|real.
|c|☆Mabej|To defog
|c| OUT down the drain|u should have fished till death
|c| SbeveSbren|omega based mew
|
|t:|1665927630
|move|p2a: Prophet|Shadow Ball|p1a: Mew
|-supereffective|p1a: Mew
|-damage|p1a: Mew|67/100
|move|p1a: Mew|Cosmic Power|p1a: Mew
|-boost|p1a: Mew|def|1
|-boost|p1a: Mew|spd|1
|
|upkeep
|turn|30
|
|t:|1665927634
|move|p2a: Prophet|Shadow Ball|p1a: Mew
|-supereffective|p1a: Mew
|-crit|p1a: Mew
|-damage|p1a: Mew|0 fnt
|faint|p1a: Mew
|
|upkeep
|c| OUT down the drain|defog for?
|c|@Sww-Suwa|lmao
|c| SbeveSbren|rip
|c|☆Mabej|The spikes
|
|t:|1665927641
|switch|p1a: Volcarona|Volcarona, M|100/100
|turn|31
|c| sufys12|got em
|c| OUT down the drain|there's a fucking mew at +7
|c|☆Mabej|So lele can come in free
|
|t:|1665927651
|switch|p2a: Enten|Landorus-Therian, M, shiny|82/100 tox
|-ability|p2a: Enten|Intimidate|boost
|-unboost|p1a: Volcarona|atk|1
|move|p1a: Volcarona|Quiver Dance|p1a: Volcarona
|-boost|p1a: Volcarona|spa|1
|-boost|p1a: Volcarona|spd|1
|-boost|p1a: Volcarona|spe|1
|
|-heal|p2a: Enten|88/100 tox|[from] item: Leftovers
|-damage|p2a: Enten|82/100 tox|[from] psn
|upkeep
|turn|32
|c|☆Mabej|I lost
|
|t:|1665927657
|move|p1a: Volcarona|Flamethrower|p2a: Enten
|-damage|p2a: Enten|35/100 tox
|move|p2a: Enten|Earthquake|p1a: Volcarona
|-damage|p1a: Volcarona|53/100
|
|-heal|p2a: Enten|41/100 tox|[from] item: Leftovers
|-damage|p2a: Enten|29/100 tox|[from] psn
|upkeep
|turn|33
|
|t:|1665927662
|move|p1a: Volcarona|Flamethrower|p2a: Enten
|-damage|p2a: Enten|0 fnt
|faint|p2a: Enten
|
|upkeep
|l| testingteams888
|
|t:|1665927665
|switch|p2a: Leviathan|Dragapult, F, shiny|100/100
|-damage|p2a: Leviathan|84/100|[from] Spikes
|turn|34
|c| OUT down the drain|pult lives 1
|
|t:|1665927667
|move|p1a: Volcarona|Roost|p1a: Volcarona
|-heal|p1a: Volcarona|100/100
|-singleturn|p1a: Volcarona|move: Roost
|move|p2a: Leviathan|Dragon Darts|p1a: Volcarona
|-damage|p1a: Volcarona|59/100
|-anim|p2a: Leviathan|Dragon Darts|p1a: Volcarona
|-damage|p1a: Volcarona|18/100
|
|upkeep
|turn|35
|c| sufys12|o
|c|☆Mabej|I lose
|c| sufys12|eh
|c| sufys12|we'll see.
|
|t:|1665927693
|switch|p1a: Tapu Lele|Tapu Lele|100/100
|-fieldstart|move: Psychic Terrain|[from] ability: Psychic Surge|[of] p1a: Tapu Lele
|move|p2a: Leviathan|Dragon Darts|p1a: Tapu Lele
|-immune|p1a: Tapu Lele
|
|upkeep
|turn|36
|
|t:|1665927698
|switch|p2a: Grimlock|Magnezone, shiny|100/100
|-damage|p2a: Grimlock|84/100|[from] Spikes
|move|p1a: Tapu Lele|Calm Mind|p1a: Tapu Lele
|-boost|p1a: Tapu Lele|spa|1
|-boost|p1a: Tapu Lele|spd|1
|
|-heal|p2a: Grimlock|90/100|[from] item: Leftovers
|upkeep
|turn|37
|c|☆Mabej|Lost
|j| testingteams888
|
|t:|1665927707
|move|p1a: Tapu Lele|Calm Mind|p1a: Tapu Lele
|-boost|p1a: Tapu Lele|spa|1
|-boost|p1a: Tapu Lele|spd|1
|move|p2a: Grimlock|Thunderbolt|p1a: Tapu Lele
|-damage|p1a: Tapu Lele|81/100
|
|-heal|p1a: Tapu Lele|87/100|[from] item: Leftovers
|-heal|p2a: Grimlock|96/100|[from] item: Leftovers
|upkeep
|turn|38
|
|t:|1665927710
|move|p1a: Tapu Lele|Calm Mind|p1a: Tapu Lele
|-boost|p1a: Tapu Lele|spa|1
|-boost|p1a: Tapu Lele|spd|1
|move|p2a: Grimlock|Thunderbolt|p1a: Tapu Lele
|-damage|p1a: Tapu Lele|74/100
|
|-heal|p1a: Tapu Lele|80/100|[from] item: Leftovers
|-heal|p2a: Grimlock|100/100|[from] item: Leftovers
|upkeep
|turn|39
|c| sufys12|now it's over.
|
|t:|1665927719
|move|p1a: Tapu Lele|Calm Mind|p1a: Tapu Lele
|-boost|p1a: Tapu Lele|spa|1
|-boost|p1a: Tapu Lele|spd|1
|move|p2a: Grimlock|Thunderbolt|p1a: Tapu Lele
|-damage|p1a: Tapu Lele|68/100
|
|-heal|p1a: Tapu Lele|74/100|[from] item: Leftovers
|-fieldend|move: Psychic Terrain
|upkeep
|turn|40
|c| sufys12|unless you crit
|c|☆Mabej|I alrewdy told u i lost
|c| SbeveSbren|or para hacks
|
|t:|1665927730
|move|p1a: Tapu Lele|Iron Defense|p1a: Tapu Lele
|-boost|p1a: Tapu Lele|def|2
|move|p2a: Grimlock|Thunderbolt|p1a: Tapu Lele
|-damage|p1a: Tapu Lele|61/100
|
|-heal|p1a: Tapu Lele|67/100|[from] item: Leftovers
|upkeep
|turn|41
|
|t:|1665927735
|move|p1a: Tapu Lele|Stored Power|p2a: Grimlock
|-resisted|p2a: Grimlock
|-damage|p2a: Grimlock|0 fnt
|faint|p2a: Grimlock
|
|-heal|p1a: Tapu Lele|73/100|[from] item: Leftovers
|upkeep
|c| sufys12|nice.
|
|t:|1665927740
|switch|p2a: Leviathan|Dragapult, F, shiny|84/100
|-damage|p2a: Leviathan|68/100|[from] Spikes
|turn|42
|l| OUT down the drain
|c| SbeveSbren|gahddamn
|
|t:|1665927744
|move|p2a: Leviathan|Phantom Force||[still]
|-prepare|p2a: Leviathan|Phantom Force
|move|p1a: Tapu Lele|Iron Defense|p1a: Tapu Lele
|-boost|p1a: Tapu Lele|def|2
|
|-heal|p1a: Tapu Lele|79/100|[from] item: Leftovers
|upkeep
|turn|43
|
|t:|1665927746
|move|p2a: Leviathan|Phantom Force|p1a: Tapu Lele|[from]lockedmove
|-supereffective|p1a: Tapu Lele
|-damage|p1a: Tapu Lele|37/100
|move|p1a: Tapu Lele|Draining Kiss|p2a: Leviathan
|-supereffective|p2a: Leviathan
|-crit|p2a: Leviathan
|-damage|p2a: Leviathan|0 fnt
|-heal|p1a: Tapu Lele|85/100|[from] drain|[of] p2a: Leviathan
|faint|p2a: Leviathan
|
|-heal|p1a: Tapu Lele|91/100|[from] item: Leftovers
|upkeep
|c| sufys12|why lele gets iron defense is a mystery
|
|t:|1665927750
|switch|p2a: Prophet|Alakazam, F, shiny|100/100
|turn|44
|
|t:|1665927754
|move|p2a: Prophet|Shadow Ball|p1a: Tapu Lele
|-supereffective|p1a: Tapu Lele
|-damage|p1a: Tapu Lele|73/100
|move|p1a: Tapu Lele|Draining Kiss|p2a: Prophet
|-damage|p2a: Prophet|10/100
|-heal|p1a: Tapu Lele|100/100|[from] drain|[of] p2a: Prophet
|
|upkeep
|turn|45
|c| IopenwithSpinda|Machinr turn back now
|
|t:|1665927758
|move|p2a: Prophet|Shadow Ball|p1a: Tapu Lele
|-supereffective|p1a: Tapu Lele
|-damage|p1a: Tapu Lele|83/100
|move|p1a: Tapu Lele|Draining Kiss|p2a: Prophet
|-damage|p2a: Prophet|0 fnt
|-heal|p1a: Tapu Lele|89/100|[from] drain|[of] p2a: Prophet
|faint|p2a: Prophet
|
|-heal|p1a: Tapu Lele|95/100|[from] item: Leftovers
|upkeep
|
|t:|1665927761
|switch|p2a: Raven|Tapu Lele, shiny|24/100
|-damage|p2a: Raven|7/100|[from] Spikes
|-fieldstart|move: Psychic Terrain|[from] ability: Psychic Surge|[of] p2a: Raven
|turn|46
|
|t:|1665927763
|move|p2a: Raven|Moonblast|p1a: Tapu Lele
|-damage|p1a: Tapu Lele|71/100
|-unboost|p1a: Tapu Lele|spa|1
|move|p1a: Tapu Lele|Draining Kiss|p2a: Raven
|-damage|p2a: Raven|0 fnt
|-heal|p1a: Tapu Lele|75/100|[from] drain|[of] p2a: Raven
|faint|p2a: Raven
|
|win|stantlerdude63
|n|☆stantlerdude63|stantlerdude63
|n|☆Mabej|mabej
|n| pianotheory|pianotheory
|n| Sww-Suwa|swwsuwa
|n| sufys12|sufys12
|n| SbeveSbren|sbevesbren
|n| LT94JE Allistair|lt94jeallistair
|n| IopenwithSpinda|iopenwithspinda
|n| Billaboom|billaboom
|n| Pike Trickfoot|piketrickfoot
|n| ty-tyui↻|tytyui
|n| Idlovetostopthis|idlovetostopthis
|n| xyz anxiety|xyzanxiety
|n| testingteams888|testingteams888
