|raw|<div class="broadcast-blue"><strong>This battle is required to be public due to a player having a name starting with 'lt94je'.</div>
|j|☆LT94JE DS
|j|‽kinetic chain
|t:|1661342740
|gametype|singles
|player|p1|LT94JE DS|lucas|1836
|player|p2|kinetic chain|silver-gen2|1729
|teamsize|p1|6
|teamsize|p2|6
|gen|8
|tier|[Gen 8] OU
|rated|
|rule|Sleep Clause Mod: Limit one foe put to sleep
|rule|Species Clause: Limit one of each Pokémon
|rule|OHKO Clause: OHKO moves are banned
|rule|Evasion Items Clause: Evasion items are banned
|rule|Evasion Moves Clause: Evasion moves are banned
|rule|Endless Battle Clause: Forcing endless battles is banned
|rule|HP Percentage Mod: HP is shown in percentages
|rule|Dynamax Clause: You cannot dynamax
|clearpoke
|poke|p1|Tyranitar, M|
|poke|p1|Clefable, M|
|poke|p1|Excadrill, M|
|poke|p1|Tangrowth, M|
|poke|p1|Mew|
|poke|p1|Rotom-Wash|
|poke|p2|Dragapult, F|
|poke|p2|Toxapex, M|
|poke|p2|Weavile, F|
|poke|p2|Heatran, F|
|poke|p2|Landorus-Therian, M|
|poke|p2|Zapdos|
|teampreview
|inactive|Battle timer is ON: inactive players will automatically lose when time's up. (requested by kinetic chain)
|c|☆LT94JE DS|hf
|inactive|LT94JE DS has 120 seconds left.
|j| egal★vanc
|j| bdftgbhtgb
|j| LT94JenPlsComeBack
|l| egal★vanc
|
|t:|1661342796
|start
|switch|p1a: Crescent|Clefable, M, shiny|100/100
|switch|p2a: Toxapex|Toxapex, M|100/100
|turn|1
|j| KFC Chizza
|
|t:|1661342801
|move|p1a: Crescent|Knock Off|p2a: Toxapex
|-damage|p2a: Toxapex|91/100
|-enditem|p2a: Toxapex|Rocky Helmet|[from] move: Knock Off|[of] p1a: Crescent
|move|p2a: Toxapex|Knock Off|p1a: Crescent
|-resisted|p1a: Crescent
|-damage|p1a: Crescent|95/100
|-damage|p2a: Toxapex|74/100|[from] item: Rocky Helmet|[of] p1a: Crescent
|-enditem|p1a: Crescent|Rocky Helmet|[from] move: Knock Off|[of] p2a: Toxapex
|
|upkeep
|turn|2
|
|t:|1661342806
|move|p1a: Crescent|Knock Off|p2a: Toxapex
|-damage|p2a: Toxapex|68/100
|move|p2a: Toxapex|Toxic|p1a: Crescent
|-status|p1a: Crescent|tox
|
|upkeep
|turn|3
|
|t:|1661342810
|move|p1a: Crescent|Stealth Rock|p2a: Toxapex
|-sidestart|p2: kinetic chain|move: Stealth Rock
|move|p2a: Toxapex|Knock Off|p1a: Crescent
|-resisted|p1a: Crescent
|-damage|p1a: Crescent|91/100 tox
|
|upkeep
|turn|4
|
|t:|1661342812
|move|p1a: Crescent|Knock Off|p2a: Toxapex
|-damage|p2a: Toxapex|63/100
|move|p2a: Toxapex|Recover|p2a: Toxapex
|-heal|p2a: Toxapex|100/100
|
|upkeep
|turn|5
|
|t:|1661342815
|move|p1a: Crescent|Knock Off|p2a: Toxapex
|-damage|p2a: Toxapex|95/100
|move|p2a: Toxapex|Knock Off|p1a: Crescent
|-resisted|p1a: Crescent
|-damage|p1a: Crescent|87/100 tox
|
|upkeep
|turn|6
|
|t:|1661342819
|switch|p1a: Phantom|Rotom-Wash, shiny|100/100
|move|p2a: Toxapex|Knock Off|p1a: Phantom
|-damage|p1a: Phantom|85/100
|-enditem|p1a: Phantom|Leftovers|[from] move: Knock Off|[of] p2a: Toxapex
|
|upkeep
|turn|7
|j| Oily man
|
|t:|1661342824
|move|p1a: Phantom|Volt Switch|p2a: Toxapex
|-supereffective|p2a: Toxapex
|-damage|p2a: Toxapex|54/100
|
|t:|1661342828
|switch|p1a: Crescent|Clefable, M, shiny|87/100 tox|[from]move: Volt Switch
|move|p2a: Toxapex|Toxic|p1a: Crescent
|-fail|p1a: Crescent|tox
|
|upkeep
|turn|8
|
|t:|1661342831
|move|p1a: Crescent|Knock Off|p2a: Toxapex
|-damage|p2a: Toxapex|48/100
|move|p2a: Toxapex|Recover|p2a: Toxapex
|-heal|p2a: Toxapex|98/100
|
|upkeep
|turn|9
|
|t:|1661342834
|move|p1a: Crescent|Moonblast|p2a: Toxapex
|-resisted|p2a: Toxapex
|-damage|p2a: Toxapex|85/100
|move|p2a: Toxapex|Haze|p2a: Toxapex
|-clearallboost
|
|upkeep
|turn|10
|
|t:|1661342837
|move|p1a: Crescent|Knock Off|p2a: Toxapex
|-damage|p2a: Toxapex|79/100
|move|p2a: Toxapex|Haze|p2a: Toxapex
|-clearallboost
|
|upkeep
|turn|11
|
|t:|1661342845
|move|p1a: Crescent|Knock Off|p2a: Toxapex
|-damage|p2a: Toxapex|72/100
|move|p2a: Toxapex|Knock Off|p1a: Crescent
|-resisted|p1a: Crescent
|-damage|p1a: Crescent|83/100 tox
|
|upkeep
|turn|12
|c| KFC Chizza|Yo Ojama, get a different team. You are extremely boring. Using the same team all the time.
|
|t:|1661342849
|switch|p1a: Phantom|Rotom-Wash, shiny|85/100
|move|p2a: Toxapex|Knock Off|p1a: Phantom
|-damage|p1a: Phantom|72/100
|
|upkeep
|turn|13
|
|t:|1661342856
|move|p1a: Phantom|Volt Switch|p2a: Toxapex
|-supereffective|p2a: Toxapex
|-damage|p2a: Toxapex|31/100
|
|t:|1661342861
|switch|p1a: Impaler|Excadrill, M, shiny|100/100|[from]move: Volt Switch
|move|p2a: Toxapex|Knock Off|p1a: Impaler
|-damage|p1a: Impaler|79/100
|-enditem|p1a: Impaler|Leftovers|[from] move: Knock Off|[of] p2a: Toxapex
|
|upkeep
|turn|14
|
|t:|1661342865
|switch|p2a: Landorus|Landorus-Therian, M|100/100
|-damage|p2a: Landorus|88/100|[from] Stealth Rock
|-ability|p2a: Landorus|Intimidate|boost
|-unboost|p1a: Impaler|atk|1
|move|p1a: Impaler|Iron Head|p2a: Landorus
|-damage|p2a: Landorus|55/100
|
|-heal|p2a: Landorus|61/100|[from] item: Leftovers
|upkeep
|turn|15
|
|t:|1661342868
|switch|p1a: Ramen|Tangrowth, M, shiny|100/100
|move|p2a: Landorus|Stealth Rock|p1a: Ramen
|-sidestart|p1: LT94JE DS|move: Stealth Rock
|
|-heal|p2a: Landorus|67/100|[from] item: Leftovers
|upkeep
|turn|16
|
|t:|1661342875
|switch|p2a: Toxapex|Toxapex, M|64/100
|-damage|p2a: Toxapex|52/100|[from] Stealth Rock
|move|p1a: Ramen|Knock Off|p2a: Toxapex
|-damage|p2a: Toxapex|42/100
|
|upkeep
|turn|17
|
|t:|1661342880
|switch|p1a: Phantom|Rotom-Wash, shiny|72/100
|-damage|p1a: Phantom|60/100|[from] Stealth Rock
|move|p2a: Toxapex|Recover|p2a: Toxapex
|-heal|p2a: Toxapex|92/100
|
|upkeep
|turn|18
|
|t:|1661342885
|move|p1a: Phantom|Volt Switch|p2a: Toxapex
|-supereffective|p2a: Toxapex
|-damage|p2a: Toxapex|50/100
|
|t:|1661342888
|switch|p1a: Impaler|Excadrill, M, shiny|79/100|[from]move: Volt Switch
|-damage|p1a: Impaler|76/100|[from] Stealth Rock
|move|p2a: Toxapex|Toxic|p1a: Impaler
|-immune|p1a: Impaler
|
|upkeep
|turn|19
|j| Stoutberg
|
|t:|1661342894
|switch|p2a: Zapdos|Zapdos|100/100
|move|p1a: Impaler|Rapid Spin|p2a: Zapdos
|-damage|p2a: Zapdos|77/100
|-boost|p1a: Impaler|spe|1
|-sideend|p1: LT94JE DS|Stealth Rock|[from] move: Rapid Spin|[of] p1a: Impaler
|
|upkeep
|turn|20
|
|t:|1661342900
|switch|p1a: Rex|Tyranitar, M, shiny|100/100
|-weather|Sandstorm|[from] ability: Sand Stream|[of] p1a: Rex
|move|p2a: Zapdos|Volt Switch|p1a: Rex
|-damage|p1a: Rex|78/100
|
|t:|1661342904
|switch|p2a: Landorus|Landorus-Therian, M|67/100|[from]move: Volt Switch
|-damage|p2a: Landorus|55/100|[from] Stealth Rock
|-ability|p2a: Landorus|Intimidate|boost
|-unboost|p1a: Rex|atk|1
|
|-weather|Sandstorm|[upkeep]
|-heal|p2a: Landorus|61/100|[from] item: Leftovers
|upkeep
|turn|21
|c| Stoutberg|La Sand de sz est bien?
|l| KFC Chizza
|c|☆LT94JE DS|oui ça va
|
|t:|1661342915
|switch|p1a: Ramen|Tangrowth, M, shiny|100/100
|move|p2a: Landorus|U-turn|p1a: Ramen
|-supereffective|p1a: Ramen
|-damage|p1a: Ramen|79/100
|-damage|p2a: Landorus|44/100|[from] item: Rocky Helmet|[of] p1a: Ramen
|
|t:|1661342919
|switch|p2a: Heatran|Heatran, F|100/100|[from]move: U-turn
|-damage|p2a: Heatran|88/100|[from] Stealth Rock
|
|-weather|Sandstorm|[upkeep]
|-damage|p1a: Ramen|72/100|[from] Sandstorm
|-heal|p2a: Heatran|94/100|[from] item: Leftovers
|upkeep
|turn|22
|
|t:|1661342929
|switch|p1a: Phantom|Rotom-Wash, shiny|60/100
|move|p2a: Heatran|Magma Storm|p1a: Phantom
|-resisted|p1a: Phantom
|-damage|p1a: Phantom|45/100
|-activate|p1a: Phantom|move: Magma Storm|[of] p2a: Heatran
|
|-weather|Sandstorm|[upkeep]
|-damage|p1a: Phantom|39/100|[from] Sandstorm
|-heal|p2a: Heatran|100/100|[from] item: Leftovers
|-damage|p1a: Phantom|27/100|[from] move: Magma Storm|[partiallytrapped]
|upkeep
|turn|23
|
|t:|1661342934
|switch|p2a: Landorus|Landorus-Therian, M|44/100
|-damage|p2a: Landorus|32/100|[from] Stealth Rock
|-ability|p2a: Landorus|Intimidate|boost
|-unboost|p1a: Phantom|atk|1
|move|p1a: Phantom|Pain Split|p2a: Landorus
|-sethp|p2a: Landorus|27/100|[from] move: Pain Split|[silent]
|-sethp|p1a: Phantom|34/100|[from] move: Pain Split
|
|-weather|Sandstorm|[upkeep]
|-damage|p1a: Phantom|28/100|[from] Sandstorm
|-heal|p2a: Landorus|33/100|[from] item: Leftovers
|-end|p1a: Phantom|Magma Storm|[partiallytrapped]|[silent]
|upkeep
|turn|24
|
|t:|1661342947
|switch|p1a: Ramen|Tangrowth, M, shiny|100/100
|move|p2a: Landorus|Stealth Rock|p1a: Ramen
|-sidestart|p1: LT94JE DS|move: Stealth Rock
|
|-weather|none
|-heal|p2a: Landorus|39/100|[from] item: Leftovers
|upkeep
|turn|25
|
|t:|1661342954
|move|p2a: Landorus|Toxic|p1a: Ramen
|-status|p1a: Ramen|tox
|move|p1a: Ramen|Knock Off|p2a: Landorus
|-damage|p2a: Landorus|17/100
|-enditem|p2a: Landorus|Leftovers|[from] move: Knock Off|[of] p1a: Ramen
|
|-damage|p1a: Ramen|94/100 tox|[from] psn
|upkeep
|turn|26
|
|t:|1661342959
|switch|p2a: Toxapex|Toxapex, M|83/100
|-damage|p2a: Toxapex|71/100|[from] Stealth Rock
|move|p1a: Ramen|Giga Drain|p2a: Toxapex
|-damage|p2a: Toxapex|47/100
|-heal|p1a: Ramen|100/100 tox|[from] drain|[of] p2a: Toxapex
|
|-damage|p1a: Ramen|88/100 tox|[from] psn
|upkeep
|turn|27
|
|t:|1661342967
|switch|p2a: Zapdos|Zapdos|77/100
|move|p1a: Ramen|Knock Off|p2a: Zapdos
|-damage|p2a: Zapdos|49/100
|-enditem|p2a: Zapdos|Heavy-Duty Boots|[from] move: Knock Off|[of] p1a: Ramen
|
|-damage|p1a: Ramen|69/100 tox|[from] psn
|upkeep
|turn|28
|
|t:|1661342986
|switch|p1a: Chaos|Mew, shiny|100/100
|-damage|p1a: Chaos|88/100|[from] Stealth Rock
|move|p2a: Zapdos|Hurricane|p1a: Chaos
|-damage|p1a: Chaos|54/100
|-start|p1a: Chaos|confusion
|
|-heal|p1a: Chaos|60/100|[from] item: Leftovers
|upkeep
|turn|29
|
|t:|1661342994
|move|p2a: Zapdos|Volt Switch|p1a: Chaos
|-damage|p1a: Chaos|38/100
|
|t:|1661342997
|switch|p2a: Heatran|Heatran, F|100/100|[from]move: Volt Switch
|-damage|p2a: Heatran|88/100|[from] Stealth Rock
|-activate|p1a: Chaos|confusion
|move|p1a: Chaos|Roost|p1a: Chaos
|-heal|p1a: Chaos|89/100
|-singleturn|p1a: Chaos|move: Roost
|
|-heal|p1a: Chaos|95/100|[from] item: Leftovers
|-heal|p2a: Heatran|94/100|[from] item: Leftovers
|upkeep
|turn|30
|
|t:|1661343003
|-activate|p1a: Chaos|confusion
|-damage|p1a: Chaos|87/100|[from] confusion
|move|p2a: Heatran|Magma Storm|p1a: Chaos
|-damage|p1a: Chaos|60/100
|-activate|p1a: Chaos|move: Magma Storm|[of] p2a: Heatran
|
|-heal|p1a: Chaos|66/100|[from] item: Leftovers
|-heal|p2a: Heatran|100/100|[from] item: Leftovers
|-damage|p1a: Chaos|53/100|[from] move: Magma Storm|[partiallytrapped]
|upkeep
|turn|31
|
|t:|1661343013
|-activate|p1a: Chaos|confusion
|move|p1a: Chaos|Taunt|p2a: Heatran
|-start|p2a: Heatran|move: Taunt
|cant|p2a: Heatran|move: Taunt|Taunt
|
|-heal|p1a: Chaos|60/100|[from] item: Leftovers
|-damage|p1a: Chaos|47/100|[from] move: Magma Storm|[partiallytrapped]
|upkeep
|turn|32
|
|t:|1661343018
|-activate|p1a: Chaos|confusion
|move|p1a: Chaos|Roost|p1a: Chaos
|-heal|p1a: Chaos|97/100
|-singleturn|p1a: Chaos|move: Roost
|move|p2a: Heatran|Earth Power|p1a: Chaos
|-damage|p1a: Chaos|81/100
|
|-heal|p1a: Chaos|87/100|[from] item: Leftovers
|-damage|p1a: Chaos|74/100|[from] move: Magma Storm|[partiallytrapped]
|upkeep
|turn|33
|
|t:|1661343022
|-end|p1a: Chaos|confusion
|move|p1a: Chaos|Knock Off|p2a: Heatran
|-damage|p2a: Heatran|82/100
|-enditem|p2a: Heatran|Leftovers|[from] move: Knock Off|[of] p1a: Chaos
|move|p2a: Heatran|Earth Power|p1a: Chaos
|-damage|p1a: Chaos|57/100
|
|-heal|p1a: Chaos|63/100|[from] item: Leftovers
|-damage|p1a: Chaos|51/100|[from] move: Magma Storm|[partiallytrapped]
|-end|p2a: Heatran|move: Taunt
|upkeep
|turn|34
|
|t:|1661343028
|switch|p2a: Dragapult|Dragapult, F|100/100
|-damage|p2a: Dragapult|88/100|[from] Stealth Rock
|move|p1a: Chaos|Taunt|p2a: Dragapult
|-start|p2a: Dragapult|move: Taunt
|
|-heal|p1a: Chaos|57/100|[from] item: Leftovers
|-end|p1a: Chaos|Magma Storm|[partiallytrapped]|[silent]
|upkeep
|turn|35
|
|t:|1661343036
|switch|p1a: Crescent|Clefable, M, shiny|83/100 tox
|move|p2a: Dragapult|Shadow Ball|p1a: Crescent
|-damage|p1a: Crescent|30/100 tox
|
|upkeep
|turn|36
|
|t:|1661343039
|move|p2a: Dragapult|Shadow Ball|p1a: Crescent
|-crit|p1a: Crescent
|-damage|p1a: Crescent|0 fnt
|faint|p1a: Crescent
|
|-end|p2a: Dragapult|move: Taunt
|upkeep
|
|t:|1661343041
|switch|p1a: Rex|Tyranitar, M, shiny|78/100
|-damage|p1a: Rex|65/100|[from] Stealth Rock
|-weather|Sandstorm|[from] ability: Sand Stream|[of] p1a: Rex
|turn|37
|
|t:|1661343050
|switch|p2a: Landorus|Landorus-Therian, M|17/100
|-damage|p2a: Landorus|5/100|[from] Stealth Rock
|-ability|p2a: Landorus|Intimidate|boost
|-unboost|p1a: Rex|atk|1
|move|p1a: Rex|Crunch|p2a: Landorus
|-damage|p2a: Landorus|0 fnt
|faint|p2a: Landorus
|
|-weather|Sandstorm|[upkeep]
|upkeep
|
|t:|1661343059
|switch|p2a: Weavile|Weavile, F|100/100
|turn|38
|j| tapu moxo
|
|t:|1661343069
|switch|p1a: Ramen|Tangrowth, M, shiny|100/100 tox
|-damage|p1a: Ramen|88/100 tox|[from] Stealth Rock
|move|p2a: Weavile|Swords Dance|p2a: Weavile
|-boost|p2a: Weavile|atk|2
|
|-weather|Sandstorm|[upkeep]
|-damage|p2a: Weavile|94/100|[from] Sandstorm
|-damage|p1a: Ramen|82/100 tox|[from] Sandstorm
|-damage|p1a: Ramen|76/100 tox|[from] psn
|upkeep
|turn|39
|
|t:|1661343072
|move|p2a: Weavile|Triple Axel|p1a: Ramen
|-supereffective|p1a: Ramen
|-damage|p1a: Ramen|56/100 tox
|-damage|p2a: Weavile|78/100|[from] item: Rocky Helmet|[of] p1a: Ramen
|-hitcount|p1a: Ramen|1
|move|p1a: Ramen|Focus Blast|p2a: Weavile
|-supereffective|p2a: Weavile
|-damage|p2a: Weavile|0 fnt
|faint|p2a: Weavile
|
|-weather|Sandstorm|[upkeep]
|-damage|p1a: Ramen|50/100 tox|[from] Sandstorm
|-damage|p1a: Ramen|37/100 tox|[from] psn
|upkeep
|c| Stoutberg|Mdrr
|c| Stoutberg|miskin
|
|t:|1661343089
|switch|p2a: Heatran|Heatran, F|82/100
|-damage|p2a: Heatran|70/100|[from] Stealth Rock
|turn|40
|
|t:|1661343094
|move|p2a: Heatran|Magma Storm|p1a: Ramen
|-supereffective|p1a: Ramen
|-damage|p1a: Ramen|0 fnt
|faint|p1a: Ramen
|
|-weather|Sandstorm|[upkeep]
|upkeep
|
|t:|1661343100
|switch|p1a: Impaler|Excadrill, M, shiny|76/100
|-damage|p1a: Impaler|73/100|[from] Stealth Rock
|turn|41
|
|t:|1661343104
|switch|p2a: Zapdos|Zapdos|49/100
|-damage|p2a: Zapdos|24/100|[from] Stealth Rock
|move|p1a: Impaler|Earthquake|p2a: Zapdos
|-immune|p2a: Zapdos
|
|-weather|none
|upkeep
|turn|42
|
|t:|1661343113
|switch|p1a: Rex|Tyranitar, M, shiny|65/100
|-damage|p1a: Rex|53/100|[from] Stealth Rock
|-weather|Sandstorm|[from] ability: Sand Stream|[of] p1a: Rex
|move|p2a: Zapdos|Hurricane|p1a: Rex
|-resisted|p1a: Rex
|-damage|p1a: Rex|35/100
|-start|p1a: Rex|confusion
|
|-weather|Sandstorm|[upkeep]
|-damage|p2a: Zapdos|18/100|[from] Sandstorm
|upkeep
|turn|43
|j| ACII
|
|t:|1661343132
|move|p2a: Zapdos|Volt Switch|p1a: Rex
|-damage|p1a: Rex|13/100
|l| LT94JenPlsComeBack
|
|t:|1661343143
|switch|p2a: Toxapex|Toxapex, M|80/100|[from]move: Volt Switch
|-damage|p2a: Toxapex|68/100|[from] Stealth Rock
|-activate|p1a: Rex|confusion
|-damage|p1a: Rex|0 fnt|[from] confusion
|faint|p1a: Rex
|
|-weather|Sandstorm|[upkeep]
|-damage|p2a: Toxapex|62/100|[from] Sandstorm
|upkeep
|
|t:|1661343147
|switch|p1a: Impaler|Excadrill, M, shiny|73/100
|-damage|p1a: Impaler|69/100|[from] Stealth Rock
|turn|44
|
|t:|1661343152
|move|p1a: Impaler|Earthquake|p2a: Toxapex
|-supereffective|p2a: Toxapex
|-damage|p2a: Toxapex|0 fnt
|faint|p2a: Toxapex
|
|-weather|Sandstorm|[upkeep]
|upkeep
|j| LT94JenPlsComeBack
|
|t:|1661343160
|switch|p2a: Heatran|Heatran, F|70/100
|-damage|p2a: Heatran|57/100|[from] Stealth Rock
|turn|45
|
|t:|1661343164
|switch|p2a: Zapdos|Zapdos|18/100
|-damage|p2a: Zapdos|0 fnt|[from] Stealth Rock
|faint|p2a: Zapdos
|move|p1a: Impaler|Earthquake|p2: Zapdos|[notarget]
|-fail|p1a: Impaler
|
|-weather|Sandstorm|[upkeep]
|upkeep
|
|t:|1661343166
|switch|p2a: Heatran|Heatran, F|57/100
|-damage|p2a: Heatran|45/100|[from] Stealth Rock
|turn|46
|
|t:|1661343168
|move|p1a: Impaler|Earthquake|p2a: Heatran
|-supereffective|p2a: Heatran
|-damage|p2a: Heatran|0 fnt
|faint|p2a: Heatran
|
|-weather|none
|upkeep
|
|t:|1661343170
|switch|p2a: Dragapult|Dragapult, F|88/100
|-damage|p2a: Dragapult|76/100|[from] Stealth Rock
|turn|47
|l| tapu moxo
|
|t:|1661343184
|move|p2a: Dragapult|Shadow Ball|p1a: Impaler
|-damage|p1a: Impaler|0 fnt
|faint|p1a: Impaler
|
|upkeep
|c|☆LT94JE DS|g
|l| LT94JenPlsComeBack
|c|☆LT94JE DS|g
|-message|LT94JE DS forfeited.
|
|win|kinetic chain
|raw|LT94JE DS's rating: 1836 &rarr; <strong>1810</strong><br />(-26 for losing)
|raw|kinetic chain's rating: 1729 &rarr; <strong>1755</strong><br />(+26 for winning)
|l|☆LT94JE DS
|l|‽kinetic chain
|l| Stoutberg
|l| bdftgbhtgb
|j| LT94JenPlsComeBack
|l| ACII
||Ladder isn't responding, score probably updated but might not have (Request timeout).
|l| LT94JenPlsComeBack
|l| Oily man
|j| LT94JenPlsComeBack
|l| LT94JenPlsComeBack
|j| LT94JenPlsComeBack
|l| LT94JenPlsComeBack
|j| LT94JenPlsComeBack
|l| LT94JenPlsComeBack
|j| LT94JenPlsComeBack
