|html|<div class="broadcast-blue"><strong>[Gen 8] OU is currently suspecting Melmetal! For information on how to participate check out the <a href="https://www.smogon.com/forums/threads/np-ss-ou-suspect-process-round-12-monster-mash.3709234/">suspect thread</a>.</strong></div>
|j|☆HQSNonsense
|j|☆giorgionasimo
|t:|1666338302
|gametype|singles
|player|p1|HQSNonsense|veteranf|1538
|player|p2|giorgionasimo|schoolkidf-gen4|1520
|teamsize|p1|6
|teamsize|p2|6
|gen|8
|tier|[Gen 8] OU
|rated|
|rule|Sleep Clause Mod: Limit one foe put to sleep
|rule|Species Clause: Limit one of each Pokémon
|rule|OHKO Clause: OHKO moves are banned
|rule|Evasion Items Clause: Evasion items are banned
|rule|Evasion Moves Clause: Evasion moves are banned
|rule|Endless Battle Clause: Forcing endless battles is banned
|rule|HP Percentage Mod: HP is shown in percentages
|rule|Dynamax Clause: You cannot dynamax
|clearpoke
|poke|p1|Scizor, M|
|poke|p1|Rillaboom, F|
|poke|p1|Landorus-Therian, M|
|poke|p1|Urshifu-*, M|
|poke|p1|Weavile, F|
|poke|p1|Dragonite, M|
|poke|p2|Landorus-Therian, M|
|poke|p2|Slowking-Galar, F|
|poke|p2|Scizor, M|
|poke|p2|Zapdos|
|poke|p2|Toxapex, F|
|poke|p2|Weavile, M|
|teampreview
|
|t:|1666338310
|start
|switch|p1a: Landorus|Landorus-Therian, M|100/100
|switch|p2a: Zapdos|Zapdos|100/100
|-ability|p1a: Landorus|Intimidate|boost
|-unboost|p2a: Zapdos|atk|1
|turn|1
|inactive|Battle timer is ON: inactive players will automatically lose when time's up. (requested by HQSNonsense)
|
|t:|1666338315
|move|p1a: Landorus|Stone Edge|p2a: Zapdos
|-supereffective|p2a: Zapdos
|-damage|p2a: Zapdos|20/100
|move|p2a: Zapdos|Substitute|p2a: Zapdos
|-fail|p2a: Zapdos|move: Substitute|[weak]
|
|upkeep
|turn|2
|
|t:|1666338322
|switch|p2a: Scizor|Scizor, M|100/100
|move|p1a: Landorus|Stealth Rock|p2a: Scizor
|-sidestart|p2: giorgionasimo|move: Stealth Rock
|
|upkeep
|turn|3
|
|t:|1666338325
|move|p1a: Landorus|Earthquake|p2a: Scizor
|-damage|p2a: Scizor|39/100
|move|p2a: Scizor|Defog|p1a: Landorus
|-unboost|p1a: Landorus|evasion|1
|-sideend|p2: giorgionasimo|Stealth Rock|[from] move: Defog|[of] p2a: Scizor
|
|upkeep
|turn|4
|
|t:|1666338329
|switch|p2a: Landorus|Landorus-Therian, M|100/100
|-ability|p2a: Landorus|Intimidate|boost
|-unboost|p1a: Landorus|atk|1
|move|p1a: Landorus|Stealth Rock|p2a: Landorus
|-sidestart|p2: giorgionasimo|move: Stealth Rock
|
|upkeep
|turn|5
|
|t:|1666338333
|switch|p1a: Urshifu|Urshifu-Rapid-Strike, M|100/100
|move|p2a: Landorus|Toxic|p1a: Urshifu
|-status|p1a: Urshifu|tox
|
|-damage|p1a: Urshifu|94/100 tox|[from] psn
|upkeep
|turn|6
|
|t:|1666338339
|switch|p2a: Toxapex|Toxapex, F|100/100
|-damage|p2a: Toxapex|88/100|[from] Stealth Rock
|move|p1a: Urshifu|Surging Strikes|p2a: Toxapex
|-resisted|p2a: Toxapex
|-crit|p2a: Toxapex
|-damage|p2a: Toxapex|81/100
|-resisted|p2a: Toxapex
|-crit|p2a: Toxapex
|-damage|p2a: Toxapex|73/100
|-resisted|p2a: Toxapex
|-crit|p2a: Toxapex
|-damage|p2a: Toxapex|65/100
|-hitcount|p2a: Toxapex|3
|-enditem|p2a: Toxapex|Eject Button
|
|t:|1666338341
|switch|p2a: Slowking|Slowking-Galar, F|100/100
|-damage|p2a: Slowking|88/100|[from] Stealth Rock
|
|-damage|p1a: Urshifu|82/100 tox|[from] psn
|upkeep
|turn|7
|
|t:|1666338345
|switch|p2a: Toxapex|Toxapex, F|99/100
|-damage|p2a: Toxapex|86/100|[from] Stealth Rock
|move|p1a: Urshifu|Taunt|p2a: Toxapex
|-start|p2a: Toxapex|move: Taunt
|
|-damage|p1a: Urshifu|64/100 tox|[from] psn
|upkeep
|turn|8
|
|t:|1666338353
|switch|p1a: Landorus|Landorus-Therian, M|100/100
|-ability|p1a: Landorus|Intimidate|boost
|-unboost|p2a: Toxapex|atk|1
|move|p2a: Toxapex|Knock Off|p1a: Landorus
|-damage|p1a: Landorus|89/100
|-enditem|p1a: Landorus|Leftovers|[from] move: Knock Off|[of] p2a: Toxapex
|
|upkeep
|turn|9
|
|t:|1666338360
|switch|p2a: Landorus|Landorus-Therian, M|100/100
|-damage|p2a: Landorus|88/100|[from] Stealth Rock
|-ability|p2a: Landorus|Intimidate|boost
|-unboost|p1a: Landorus|atk|1
|move|p1a: Landorus|Stone Edge|p2a: Landorus
|-damage|p2a: Landorus|64/100
|
|-heal|p2a: Landorus|70/100|[from] item: Leftovers
|upkeep
|turn|10
|
|t:|1666338370
|switch|p1a: Weavile|Weavile, F|100/100
|-ability|p1a: Weavile|Pressure
|move|p2a: Landorus|Defog|p1a: Weavile
|-unboost|p1a: Weavile|evasion|1
|-sideend|p2: giorgionasimo|Stealth Rock|[from] move: Defog|[of] p2a: Landorus
|
|-heal|p2a: Landorus|76/100|[from] item: Leftovers
|upkeep
|turn|11
|
|t:|1666338376
|switch|p2a: Toxapex|Toxapex, F|100/100
|move|p1a: Weavile|Swords Dance|p1a: Weavile
|-boost|p1a: Weavile|atk|2
|
|upkeep
|turn|12
|
|t:|1666338379
|move|p1a: Weavile|Knock Off|p2a: Toxapex
|-damage|p2a: Toxapex|44/100
|-damage|p1a: Weavile|91/100|[from] item: Life Orb
|move|p2a: Toxapex|Haze|p2a: Toxapex
|-clearallboost
|
|upkeep
|turn|13
|
|t:|1666338394
|switch|p1a: Landorus|Landorus-Therian, M|89/100
|-ability|p1a: Landorus|Intimidate|boost
|-unboost|p2a: Toxapex|atk|1
|move|p2a: Toxapex|Recover|p2a: Toxapex
|-heal|p2a: Toxapex|94/100
|
|upkeep
|turn|14
|
|t:|1666338398
|switch|p2a: Landorus|Landorus-Therian, M|76/100
|-ability|p2a: Landorus|Intimidate|boost
|-unboost|p1a: Landorus|atk|1
|move|p1a: Landorus|Stealth Rock|p2a: Landorus
|-sidestart|p2: giorgionasimo|move: Stealth Rock
|
|-heal|p2a: Landorus|82/100|[from] item: Leftovers
|upkeep
|turn|15
|
|t:|1666338408
|switch|p1a: Weavile|Weavile, F|91/100
|-ability|p1a: Weavile|Pressure
|move|p2a: Landorus|Toxic|p1a: Weavile
|-status|p1a: Weavile|tox
|
|-heal|p2a: Landorus|88/100|[from] item: Leftovers
|-damage|p1a: Weavile|84/100 tox|[from] psn
|upkeep
|turn|16
|
|t:|1666338412
|move|p1a: Weavile|Triple Axel|p2a: Landorus
|-supereffective|p2a: Landorus
|-damage|p2a: Landorus|39/100
|-supereffective|p2a: Landorus
|-damage|p2a: Landorus|0 fnt
|faint|p2a: Landorus
|-hitcount|p2: Landorus|2
|-damage|p1a: Weavile|75/100 tox|[from] item: Life Orb
|
|-damage|p1a: Weavile|62/100 tox|[from] psn
|upkeep
|
|t:|1666338415
|switch|p2a: Toxapex|Toxapex, F|100/100
|-damage|p2a: Toxapex|88/100|[from] Stealth Rock
|turn|17
|
|t:|1666338420
|switch|p1a: Urshifu|Urshifu-Rapid-Strike, M|64/100 tox
|move|p2a: Toxapex|Knock Off|p1a: Urshifu
|-resisted|p1a: Urshifu
|-damage|p1a: Urshifu|56/100 tox
|-enditem|p1a: Urshifu|Focus Sash|[from] move: Knock Off|[of] p2a: Toxapex
|
|-damage|p1a: Urshifu|49/100 tox|[from] psn
|upkeep
|turn|18
|
|t:|1666338425
|move|p1a: Urshifu|Taunt|p2a: Toxapex
|-start|p2a: Toxapex|move: Taunt
|move|p2a: Toxapex|Scald|p1a: Urshifu
|-resisted|p1a: Urshifu
|-damage|p1a: Urshifu|38/100 tox
|
|-damage|p1a: Urshifu|25/100 tox|[from] psn
|upkeep
|turn|19
|
|t:|1666338432
|move|p1a: Urshifu|Surging Strikes|p2a: Toxapex
|-resisted|p2a: Toxapex
|-crit|p2a: Toxapex
|-damage|p2a: Toxapex|81/100
|-resisted|p2a: Toxapex
|-crit|p2a: Toxapex
|-damage|p2a: Toxapex|74/100
|-resisted|p2a: Toxapex
|-crit|p2a: Toxapex
|-damage|p2a: Toxapex|66/100
|-hitcount|p2a: Toxapex|3
|move|p2a: Toxapex|Scald|p1a: Urshifu
|-resisted|p1a: Urshifu
|-damage|p1a: Urshifu|13/100 tox
|
|-damage|p1a: Urshifu|0 fnt|[from] psn
|faint|p1a: Urshifu
|upkeep
|
|t:|1666338434
|switch|p1a: Landorus|Landorus-Therian, M|89/100
|-ability|p1a: Landorus|Intimidate|boost
|-unboost|p2a: Toxapex|atk|1
|turn|20
|
|t:|1666338439
|move|p1a: Landorus|Earthquake|p2a: Toxapex
|-supereffective|p2a: Toxapex
|-damage|p2a: Toxapex|0 fnt
|faint|p2a: Toxapex
|
|upkeep
|
|t:|1666338441
|switch|p2a: Weavile|Weavile, M|100/100
|-damage|p2a: Weavile|76/100|[from] Stealth Rock
|-ability|p2a: Weavile|Pressure
|turn|21
|
|t:|1666338454
|switch|p1a: Weavile|Weavile, F|62/100 tox
|-ability|p1a: Weavile|Pressure
|move|p2a: Weavile|Triple Axel|p1a: Weavile
|-resisted|p1a: Weavile
|-damage|p1a: Weavile|49/100 tox
|-resisted|p1a: Weavile
|-damage|p1a: Weavile|24/100 tox
|-resisted|p1a: Weavile
|-damage|p1a: Weavile|0 fnt
|faint|p1a: Weavile
|-hitcount|p1: Weavile|3
|
|upkeep
|
|t:|1666338461
|switch|p1a: Scizor|Scizor, M|100/100
|turn|22
|
|t:|1666338465
|switch|p2a: Scizor|Scizor, M|39/100
|-damage|p2a: Scizor|27/100|[from] Stealth Rock
|move|p1a: Scizor|Swords Dance|p1a: Scizor
|-boost|p1a: Scizor|atk|2
|
|upkeep
|turn|23
|
|t:|1666338468
|move|p1a: Scizor|Bullet Punch|p2a: Scizor
|-resisted|p2a: Scizor
|-damage|p2a: Scizor|0 fnt
|-damage|p1a: Scizor|84/100|[from] item: Rocky Helmet|[of] p2a: Scizor
|faint|p2a: Scizor
|-damage|p1a: Scizor|74/100|[from] item: Life Orb
|
|upkeep
|
|t:|1666338471
|switch|p2a: Slowking|Slowking-Galar, F|100/100
|-damage|p2a: Slowking|88/100|[from] Stealth Rock
|turn|24
|
|t:|1666338475
|move|p1a: Scizor|Double-Edge|p2a: Slowking
|-damage|p2a: Slowking|0 fnt
|faint|p2a: Slowking
|-damage|p1a: Scizor|35/100|[from] Recoil
|-damage|p1a: Scizor|25/100|[from] item: Life Orb
|
|upkeep
|
|t:|1666338479
|switch|p2a: Weavile|Weavile, M|76/100
|-damage|p2a: Weavile|51/100|[from] Stealth Rock
|-ability|p2a: Weavile|Pressure
|turn|25
|
|t:|1666338481
|move|p2a: Weavile|Ice Shard|p1a: Scizor
|-resisted|p1a: Scizor
|-damage|p1a: Scizor|6/100
|move|p1a: Scizor|Bullet Punch|p2a: Weavile
|-supereffective|p2a: Weavile
|-damage|p2a: Weavile|0 fnt
|faint|p2a: Weavile
|-damage|p1a: Scizor|0 fnt|[from] item: Life Orb
|faint|p1a: Scizor
|
|upkeep
|-message|giorgionasimo forfeited.
|
|win|HQSNonsense
|raw|HQSNonsense's rating: 1538 &rarr; <strong>1557</strong><br />(+19 for winning)
|raw|giorgionasimo's rating: 1520 &rarr; <strong>1501</strong><br />(-19 for losing)
|l|☆giorgionasimo
