|j|☆Gotham Paladin
|j|☆StillV$VP
|t:|1654109619
|gametype|singles
|player|p1|Gotham Paladin|steven|1512
|player|p2|StillV$VP|emmet|1553
|teamsize|p1|6
|teamsize|p2|6
|gen|8
|tier|[Gen 8] OU
|rated|
|rule|Sleep Clause Mod: Limit one foe put to sleep
|rule|Species Clause: Limit one of each Pokémon
|rule|OHKO Clause: OHKO moves are banned
|rule|Evasion Moves Clause: Evasion moves are banned
|rule|Endless Battle Clause: Forcing endless battles is banned
|rule|HP Percentage Mod: HP is shown in percentages
|rule|Dynamax Clause: You cannot dynamax
|clearpoke
|poke|p1|Kartana|
|poke|p1|Blaziken, M|
|poke|p1|Nihilego|
|poke|p1|Landorus-Therian, M|
|poke|p1|Urshifu-*, M|
|poke|p1|Celesteela|
|poke|p2|Chansey, F|
|poke|p2|Volcanion|
|poke|p2|Weavile, F|
|poke|p2|Corviknight, F|
|poke|p2|Landorus-Therian, M|
|poke|p2|Blacephalon|
|teampreview
|l|☆StillV$VP
|player|p2|
|inactive|Battle timer is ON: inactive players will automatically lose when time's up. (requested by Gotham Paladin)
|j|☆StillV$VP
|inactive|StillV$VP reconnected and has 145 seconds left.
|player|p2|StillV$VP|emmet
|
|t:|1654109651
|start
|switch|p1a: Urshifu|Urshifu-Rapid-Strike, M|100/100
|switch|p2a: KGB|Volcanion|100/100
|turn|1
|
|t:|1654109665
|move|p1a: Urshifu|Close Combat|p2a: KGB
|-damage|p2a: KGB|55/100
|-unboost|p1a: Urshifu|def|1
|-unboost|p1a: Urshifu|spd|1
|move|p2a: KGB|Steam Eruption|p1a: Urshifu
|-resisted|p1a: Urshifu
|-damage|p1a: Urshifu|0 fnt
|faint|p1a: Urshifu
|
|upkeep
|
|t:|1654109675
|switch|p1a: Landorus|Landorus-Therian, M|100/100
|-ability|p1a: Landorus|Intimidate|boost
|-unboost|p2a: KGB|atk|1
|turn|2
|inactive|StillV$VP has 120 seconds left.
|
|t:|1654109717
|switch|p2a: Rasheda|Corviknight, F|100/100
|-ability|p2a: Rasheda|Pressure
|move|p1a: Landorus|Swords Dance|p1a: Landorus
|-boost|p1a: Landorus|atk|2
|
|upkeep
|turn|3
|
|t:|1654109723
|move|p1a: Landorus|Rock Polish|p1a: Landorus
|-boost|p1a: Landorus|spe|2
|move|p2a: Rasheda|U-turn|p1a: Landorus
|-resisted|p1a: Landorus
|-damage|p1a: Landorus|92/100
|
|t:|1654109735
|switch|p2a: Alex The🦁|Landorus-Therian, M|100/100|[from]move: U-turn
|-ability|p2a: Alex The🦁|Intimidate|boost
|-unboost|p1a: Landorus|atk|1
|
|upkeep
|turn|4
|
|t:|1654109744
|move|p1a: Landorus|Stone Edge|p2a: Alex The🦁
|-damage|p2a: Alex The🦁|25/100
|move|p2a: Alex The🦁|Knock Off|p1a: Landorus
|-damage|p1a: Landorus|48/100
|-enditem|p1a: Landorus|Yache Berry|[from] move: Knock Off|[of] p2a: Alex The🦁
|
|upkeep
|turn|5
|inactive|StillV$VP has 120 seconds left.
|
|t:|1654109775
|move|p1a: Landorus|Stone Edge|p2a: Alex The🦁
|-damage|p2a: Alex The🦁|0 fnt
|faint|p2a: Alex The🦁
|
|upkeep
|inactive|StillV$VP has 90 seconds left.
|
|t:|1654109802
|switch|p2a: Shiesty|Weavile, F|100/100
|turn|6
|
|t:|1654109818
|switch|p1a: Blaziken|Blaziken, M|100/100
|move|p2a: Shiesty|Ice Shard|p1a: Blaziken
|-resisted|p1a: Blaziken
|-damage|p1a: Blaziken|77/100
|
|upkeep
|turn|7
|inactive|StillV$VP has 90 seconds left.
|inactive|StillV$VP has 60 seconds left.
|
|t:|1654109855
|switch|p2a: Rasheda|Corviknight, F|100/100
|-ability|p2a: Rasheda|Pressure
|move|p1a: Blaziken|Swords Dance|p1a: Blaziken
|-boost|p1a: Blaziken|atk|2
|
|-ability|p1a: Blaziken|Speed Boost|boost
|-boost|p1a: Blaziken|spe|1
|upkeep
|turn|8
|inactive|StillV$VP has 60 seconds left.
|
|t:|1654109874
|move|p1a: Blaziken|Flare Blitz|p2a: Rasheda
|-supereffective|p2a: Rasheda
|-damage|p2a: Rasheda|0 fnt
|-damage|p1a: Blaziken|61/100|[from] item: Rocky Helmet|[of] p2a: Rasheda
|faint|p2a: Rasheda
|-damage|p1a: Blaziken|17/100|[from] Recoil
|-damage|p1a: Blaziken|7/100|[from] item: Life Orb
|
|-ability|p1a: Blaziken|Speed Boost|boost
|-boost|p1a: Blaziken|spe|1
|upkeep
|inactive|StillV$VP has 60 seconds left.
|
|t:|1654109884
|switch|p2a: Shiesty|Weavile, F|100/100
|turn|9
|
|t:|1654109893
|switch|p1a: Celesteela|Celesteela|100/100
|move|p2a: Shiesty|Ice Shard|p1a: Celesteela
|-damage|p1a: Celesteela|65/100
|
|upkeep
|turn|10
|j| CoronavirusEUW
|
|t:|1654109907
|switch|p1a: Blaziken|Blaziken, M|7/100
|move|p2a: Shiesty|Ice Shard|p1a: Blaziken
|-resisted|p1a: Blaziken
|-damage|p1a: Blaziken|0 fnt
|faint|p1a: Blaziken
|
|upkeep
|inactive|Gotham Paladin has 120 seconds left.
|
|t:|1654109936
|switch|p1a: Nihilego|Nihilego|100/100
|turn|11
|
|t:|1654109942
|switch|p2a: Tickle me|Chansey, F|100/100
|move|p1a: Nihilego|Stealth Rock|p2a: Tickle me
|-sidestart|p2: StillV$VP|move: Stealth Rock
|
|upkeep
|turn|12
|
|t:|1654109947
|switch|p1a: Landorus|Landorus-Therian, M|48/100
|-ability|p1a: Landorus|Intimidate|boost
|-unboost|p2a: Tickle me|atk|1
|move|p2a: Tickle me|Seismic Toss|p1a: Landorus
|-damage|p1a: Landorus|16/100
|
|upkeep
|turn|13
|l| CoronavirusEUW
|
|t:|1654109955
|move|p1a: Landorus|Earthquake|p2a: Tickle me
|-damage|p2a: Tickle me|58/100
|move|p2a: Tickle me|Seismic Toss|p1a: Landorus
|-damage|p1a: Landorus|0 fnt
|faint|p1a: Landorus
|
|upkeep
|
|t:|1654109962
|switch|p1a: Kartana|Kartana|100/100
|turn|14
|
|t:|1654109972
|move|p1a: Kartana|Swords Dance|p1a: Kartana
|-boost|p1a: Kartana|atk|2
|move|p2a: Tickle me|Teleport|p2a: Tickle me
|j| GROSS SAMPLE TEAM
|l| GROSS SAMPLE TEAM
|
|t:|1654109979
|switch|p2a: InHo|Blacephalon, shiny|100/100|[from]move: Teleport
|-damage|p2a: InHo|76/100|[from] Stealth Rock
|
|upkeep
|turn|15
|
|t:|1654109985
|move|p1a: Kartana|Endure|p1a: Kartana
|-singleturn|p1a: Kartana|move: Endure
|move|p2a: InHo|Flamethrower|p1a: Kartana
|-supereffective|p1a: Kartana
|-activate|p1a: Kartana|move: Endure
|-damage|p1a: Kartana|1/100
|-enditem|p1a: Kartana|Salac Berry|[eat]
|-boost|p1a: Kartana|spe|1|[from] item: Salac Berry
|
|upkeep
|turn|16
|
|t:|1654109993
|switch|p2a: KGB|Volcanion|55/100
|-damage|p2a: KGB|30/100|[from] Stealth Rock
|move|p1a: Kartana|Leaf Blade|p2a: KGB
|-damage|p2a: KGB|0 fnt
|faint|p2a: KGB
|-ability|p1a: Kartana|Beast Boost|boost
|-boost|p1a: Kartana|atk|1
|
|upkeep
|
|t:|1654109994
|switch|p2a: Shiesty|Weavile, F|100/100
|-damage|p2a: Shiesty|76/100|[from] Stealth Rock
|turn|17
|
|t:|1654110000
|switch|p1a: Celesteela|Celesteela|65/100
|move|p2a: Shiesty|Ice Shard|p1a: Celesteela
|-damage|p1a: Celesteela|34/100
|
|upkeep
|turn|18
|
|t:|1654110020
|switch|p2a: InHo|Blacephalon, shiny|76/100
|-damage|p2a: InHo|51/100|[from] Stealth Rock
|move|p1a: Celesteela|Meteor Beam||[still]
|-prepare|p1a: Celesteela|Meteor Beam
|-boost|p1a: Celesteela|spa|1
|-enditem|p1a: Celesteela|Power Herb
|-anim|p1a: Celesteela|Meteor Beam|p2a: InHo
|-supereffective|p2a: InHo
|-damage|p2a: InHo|0 fnt
|faint|p2a: InHo
|-ability|p1a: Celesteela|Beast Boost|boost
|-boost|p1a: Celesteela|spa|1
|
|upkeep
|
|t:|1654110023
|switch|p2a: Tickle me|Chansey, F|58/100
|-damage|p2a: Tickle me|46/100|[from] Stealth Rock
|turn|19
|
|t:|1654110031
|move|p1a: Celesteela|Air Slash|p2a: Tickle me
|-damage|p2a: Tickle me|24/100
|cant|p2a: Tickle me|flinch
|
|upkeep
|turn|20
|
|t:|1654110034
|move|p1a: Celesteela|Air Slash|p2a: Tickle me
|-damage|p2a: Tickle me|0 fnt
|faint|p2a: Tickle me
|-ability|p1a: Celesteela|Beast Boost|boost
|-boost|p1a: Celesteela|spa|1
|
|upkeep
|c|☆StillV$VP|Breh
|
|t:|1654110044
|switch|p2a: Shiesty|Weavile, F|76/100
|-damage|p2a: Shiesty|51/100|[from] Stealth Rock
|turn|21
|
|t:|1654110049
|move|p2a: Shiesty|Triple Axel|p1a: Celesteela
|-crit|p1a: Celesteela
|-damage|p1a: Celesteela|7/100
|-hitcount|p1a: Celesteela|1
|move|p1a: Celesteela|Flamethrower|p2a: Shiesty
|-supereffective|p2a: Shiesty
|-damage|p2a: Shiesty|0 fnt
|faint|p2a: Shiesty
|
|win|Gotham Paladin
|raw|Gotham Paladin's rating: 1512 &rarr; <strong>1534</strong><br />(+22 for winning)
|raw|StillV$VP's rating: 1553 &rarr; <strong>1531</strong><br />(-22 for losing)
|c|☆Gotham Paladin|gg
|c|☆StillV$VP|There's no way
|c|☆StillV$VP|lmao
|c|☆StillV$VP|gg
|l|☆StillV$VP
||Ladder isn't responding, score probably updated but might not have (Request timeout).
