|j|☆Fastpitchkiller
|j|☆Zerotti
|t:|1649007095
|gametype|singles
|player|p1|Fastpitchkiller|169|
|player|p2|Zerotti|leon|
|teamsize|p1|6
|teamsize|p2|6
|gen|8
|tier|[Gen 8] OU
|rule|Sleep Clause Mod: Limit one foe put to sleep
|rule|Species Clause: Limit one of each Pokémon
|rule|OHKO Clause: OHKO moves are banned
|rule|Evasion Moves Clause: Evasion moves are banned
|rule|Endless Battle Clause: Forcing endless battles is banned
|rule|HP Percentage Mod: HP is shown in percentages
|rule|Dynamax Clause: You cannot dynamax
|clearpoke
|poke|p1|Blaziken, M|
|poke|p1|Slowbro, F|
|poke|p1|Tyranitar, M|
|poke|p1|Corviknight, F|
|poke|p1|Landorus-Therian, M|
|poke|p1|Tapu Koko|
|poke|p2|Dragonite, F|
|poke|p2|Magnezone|
|poke|p2|Landorus-Therian, M|
|poke|p2|Toxapex, F|
|poke|p2|Clefable, F|
|poke|p2|Kartana|
|teampreview
|inactive|Battle timer is ON: inactive players will automatically lose when time's up. (requested by Zerotti)
|
|t:|1649007117
|start
|switch|p1a: Slowgatell|Slowbro, F|100/100
|switch|p2a: Landorus|Landorus-Therian, M|100/100
|-ability|p2a: Landorus|Intimidate|boost
|-unboost|p1a: Slowgatell|atk|1
|turn|1
|
|t:|1649007125
|switch|p2a: Clefable|Clefable, F|100/100
|move|p1a: Slowgatell|Ice Beam|p2a: Clefable
|-damage|p2a: Clefable|81/100
|
|upkeep
|turn|2
|
|t:|1649007138
|move|p2a: Clefable|Trick|p1a: Slowgatell
|-activate|p2a: Clefable|move: Trick|[of] p1a: Slowgatell
|-item|p1a: Slowgatell|Sticky Barb|[from] move: Trick
|-item|p2a: Clefable|Rocky Helmet|[from] move: Trick
|move|p1a: Slowgatell|Future Sight|p2a: Clefable
|-start|p1a: Slowgatell|move: Future Sight
|
|-damage|p1a: Slowgatell|88/100|[from] item: Sticky Barb
|upkeep
|turn|3
|
|t:|1649007146
|move|p2a: Clefable|Stealth Rock|p1a: Slowgatell
|-sidestart|p1: Fastpitchkiller|move: Stealth Rock
|move|p1a: Slowgatell|Teleport|p1a: Slowgatell
|
|t:|1649007149
|switch|p1a: Claudio|Blaziken, M|100/100|[from]move: Teleport
|-damage|p1a: Claudio|88/100|[from] Stealth Rock
|
|upkeep
|turn|4
|
|t:|1649007160
|move|p1a: Claudio|Flare Blitz|p2a: Clefable
|-damage|p2a: Clefable|8/100
|-damage|p1a: Claudio|72/100|[from] item: Rocky Helmet|[of] p2a: Clefable
|-damage|p1a: Claudio|40/100|[from] Recoil
|move|p2a: Clefable|Moonblast|p1a: Claudio
|-damage|p1a: Claudio|0 fnt
|faint|p1a: Claudio
|
|-end|p2a: Clefable|move: Future Sight
|-damage|p2a: Clefable|0 fnt
|faint|p2a: Clefable
|upkeep
|
|t:|1649007185
|switch|p1a: Enamorousito|Landorus-Therian, M|100/100
|switch|p2a: Magnezone|Magnezone|100/100
|-damage|p1a: Enamorousito|88/100|[from] Stealth Rock
|-ability|p1a: Enamorousito|Intimidate|boost
|-unboost|p2a: Magnezone|atk|1
|turn|5
|
|t:|1649007193
|switch|p2a: Landorus|Landorus-Therian, M|100/100
|-ability|p2a: Landorus|Intimidate|boost
|-unboost|p1a: Enamorousito|atk|1
|move|p1a: Enamorousito|Substitute|p1a: Enamorousito
|-start|p1a: Enamorousito|Substitute
|-damage|p1a: Enamorousito|64/100
|
|-heal|p1a: Enamorousito|69/100|[from] item: Leftovers
|upkeep
|turn|6
|inactive|Zerotti has 270 seconds left.
|
|t:|1649007224
|move|p1a: Enamorousito|Swords Dance|p1a: Enamorousito
|-boost|p1a: Enamorousito|atk|2
|move|p2a: Landorus|U-turn|p1a: Enamorousito
|-resisted|p1a: Enamorousito
|-activate|p1a: Enamorousito|move: Substitute|[damage]
|
|t:|1649007231
|switch|p2a: Kartana|Kartana|100/100|[from]move: U-turn
|
|-heal|p1a: Enamorousito|75/100|[from] item: Leftovers
|upkeep
|turn|7
|
|t:|1649007238
|move|p2a: Kartana|Leaf Blade|p1a: Enamorousito
|-end|p1a: Enamorousito|Substitute
|move|p1a: Enamorousito|Earthquake|p2a: Kartana
|-damage|p2a: Kartana|9/100
|
|-heal|p1a: Enamorousito|81/100|[from] item: Leftovers
|upkeep
|turn|8
|inactive|Zerotti has 270 seconds left.
|
|t:|1649007252
|switch|p1a: Slowgatell|Slowbro, F|100/100
|-damage|p1a: Slowgatell|88/100|[from] Stealth Rock
|move|p2a: Kartana|Leaf Blade|p1a: Slowgatell
|-supereffective|p1a: Slowgatell
|-damage|p1a: Slowgatell|20/100
|
|-damage|p1a: Slowgatell|7/100|[from] item: Sticky Barb
|upkeep
|turn|9
|inactive|Zerotti has 270 seconds left.
|
|t:|1649007265
|switch|p2a: Magnezone|Magnezone|100/100
|switch|p1a: Corvikstall|Corviknight, F|100/100
|-damage|p1a: Corvikstall|88/100|[from] Stealth Rock
|-ability|p1a: Corvikstall|Pressure
|
|upkeep
|turn|10
|
|t:|1649007274
|move|p2a: Magnezone|Thunderbolt|p1a: Corvikstall
|-supereffective|p1a: Corvikstall
|-damage|p1a: Corvikstall|15/100
|-status|p1a: Corvikstall|par
|move|p1a: Corvikstall|U-turn|p2a: Magnezone
|-resisted|p2a: Magnezone
|-damage|p2a: Magnezone|95/100
|
|t:|1649007283
|switch|p1a: Enamorousito|Landorus-Therian, M|81/100|[from]move: U-turn
|-damage|p1a: Enamorousito|69/100|[from] Stealth Rock
|-ability|p1a: Enamorousito|Intimidate|boost
|-unboost|p2a: Magnezone|atk|1
|
|-heal|p1a: Enamorousito|75/100|[from] item: Leftovers
|upkeep
|turn|11
|
|t:|1649007292
|switch|p2a: Dragonite|Dragonite, F|100/100
|move|p1a: Enamorousito|Substitute|p1a: Enamorousito
|-start|p1a: Enamorousito|Substitute
|-damage|p1a: Enamorousito|50/100
|
|-heal|p1a: Enamorousito|56/100|[from] item: Leftovers
|upkeep
|turn|12
|
|t:|1649007301
|move|p1a: Enamorousito|Smack Down|p2a: Dragonite
|-supereffective|p2a: Dragonite
|-damage|p2a: Dragonite|61/100
|-start|p2a: Dragonite|Smack Down
|move|p2a: Dragonite|Ice Punch|p1a: Enamorousito
|-supereffective|p1a: Enamorousito
|-end|p1a: Enamorousito|Substitute
|
|-heal|p1a: Enamorousito|62/100|[from] item: Leftovers
|upkeep
|turn|13
|
|t:|1649007318
|switch|p1a: Corvikstall|Corviknight, F|15/100 par
|-damage|p1a: Corvikstall|2/100 par|[from] Stealth Rock
|-ability|p1a: Corvikstall|Pressure
|switch|p2a: Kartana|Kartana|9/100
|
|upkeep
|turn|14
|
|t:|1649007326
|move|p2a: Kartana|Leaf Blade|p1a: Corvikstall
|-resisted|p1a: Corvikstall
|-damage|p1a: Corvikstall|0 fnt
|-damage|p2a: Kartana|0 fnt|[from] item: Rocky Helmet|[of] p1a: Corvikstall
|faint|p1a: Corvikstall
|faint|p2a: Kartana
|
|upkeep
|
|t:|1649007339
|switch|p2a: Landorus|Landorus-Therian, M|100/100
|switch|p1a: Precoz|Tapu Koko|100/100
|-fieldstart|move: Electric Terrain|[from] ability: Electric Surge|[of] p1a: Precoz
|-ability|p2a: Landorus|Intimidate|boost
|-unboost|p1a: Precoz|atk|1
|turn|15
|
|t:|1649007349
|move|p1a: Precoz|U-turn|p2a: Landorus
|-resisted|p2a: Landorus
|-damage|p2a: Landorus|95/100
|
|t:|1649007353
|switch|p1a: Slowgatell|Slowbro, F|40/100|[from]move: U-turn
|-damage|p1a: Slowgatell|28/100|[from] Stealth Rock
|move|p2a: Landorus|Knock Off|p1a: Slowgatell
|-supereffective|p1a: Slowgatell
|-damage|p1a: Slowgatell|0 fnt
|-enditem|p1a: Slowgatell|Sticky Barb|[from] move: Knock Off|[of] p2a: Landorus
|faint|p1a: Slowgatell
|
|-heal|p2a: Landorus|100/100|[from] item: Leftovers
|upkeep
|
|t:|1649007366
|switch|p1a: Enamorousito|Landorus-Therian, M|62/100
|-damage|p1a: Enamorousito|50/100|[from] Stealth Rock
|-ability|p1a: Enamorousito|Intimidate|boost
|-unboost|p2a: Landorus|atk|1
|turn|16
|
|t:|1649007373
|switch|p1a: GODzilla|Tyranitar, M|100/100
|-damage|p1a: GODzilla|88/100|[from] Stealth Rock
|-weather|Sandstorm|[from] ability: Sand Stream|[of] p1a: GODzilla
|move|p2a: Landorus|U-turn|p1a: GODzilla
|-supereffective|p1a: GODzilla
|-damage|p1a: GODzilla|65/100
|
|t:|1649007389
|switch|p2a: Magnezone|Magnezone|95/100|[from]move: U-turn
|
|-weather|Sandstorm|[upkeep]
|-heal|p1a: GODzilla|72/100|[from] item: Leftovers
|upkeep
|turn|17
|
|t:|1649007396
|move|p2a: Magnezone|Magnet Rise|p2a: Magnezone
|-start|p2a: Magnezone|Magnet Rise
|move|p1a: GODzilla|Earthquake|p2a: Magnezone
|-immune|p2a: Magnezone
|
|-weather|Sandstorm|[upkeep]
|-heal|p1a: GODzilla|78/100|[from] item: Leftovers
|upkeep
|turn|18
|
|t:|1649007405
|move|p2a: Magnezone|Iron Defense|p2a: Magnezone
|-boost|p2a: Magnezone|def|2
|move|p1a: GODzilla|Superpower|p2a: Magnezone
|-supereffective|p2a: Magnezone
|-enditem|p2a: Magnezone|Chople Berry|[eat]
|-enditem|p2a: Magnezone|Chople Berry|[weaken]
|-damage|p2a: Magnezone|81/100
|-unboost|p1a: GODzilla|atk|1
|-unboost|p1a: GODzilla|def|1
|
|-weather|Sandstorm|[upkeep]
|-heal|p1a: GODzilla|84/100|[from] item: Leftovers
|upkeep
|turn|19
|
|t:|1649007417
|switch|p1a: Precoz|Tapu Koko|100/100
|move|p2a: Magnezone|Iron Defense|p2a: Magnezone
|-boost|p2a: Magnezone|def|2
|
|-weather|Sandstorm|[upkeep]
|-damage|p1a: Precoz|94/100|[from] Sandstorm
|-fieldend|move: Electric Terrain
|upkeep
|turn|20
|
|t:|1649007429
|move|p1a: Precoz|Thunderbolt|p2a: Magnezone
|-resisted|p2a: Magnezone
|-damage|p2a: Magnezone|55/100
|move|p2a: Magnezone|Iron Defense|p2a: Magnezone
|-boost|p2a: Magnezone|def|2
|
|-weather|none
|upkeep
|turn|21
|
|t:|1649007443
|move|p1a: Precoz|U-turn|p2a: Magnezone
|-resisted|p2a: Magnezone
|-damage|p2a: Magnezone|54/100
|
|t:|1649007445
|switch|p1a: GODzilla|Tyranitar, M|84/100|[from]move: U-turn
|-damage|p1a: GODzilla|71/100|[from] Stealth Rock
|-weather|Sandstorm|[from] ability: Sand Stream|[of] p1a: GODzilla
|move|p2a: Magnezone|Body Press|p1a: GODzilla
|-supereffective|p1a: GODzilla
|-damage|p1a: GODzilla|0 fnt
|faint|p1a: GODzilla
|
|-weather|Sandstorm|[upkeep]
|-end|p2a: Magnezone|Magnet Rise
|upkeep
|
|t:|1649007458
|switch|p1a: Enamorousito|Landorus-Therian, M|50/100
|-damage|p1a: Enamorousito|38/100|[from] Stealth Rock
|-ability|p1a: Enamorousito|Intimidate|boost
|-unboost|p2a: Magnezone|atk|1
|turn|22
|
|t:|1649007463
|move|p1a: Enamorousito|Earthquake|p2a: Magnezone
|-supereffective|p2a: Magnezone
|-damage|p2a: Magnezone|5/100
|move|p2a: Magnezone|Body Press|p1a: Enamorousito
|-resisted|p1a: Enamorousito
|-damage|p1a: Enamorousito|0 fnt
|faint|p1a: Enamorousito
|
|-weather|Sandstorm|[upkeep]
|upkeep
|-message|Fastpitchkiller forfeited.
|
|win|Zerotti
|l|☆Fastpitchkiller
