|j|☆Justin UA
|j|☆WishMakerr
|t:|1659147673
|gametype|singles
|player|p1|Justin UA|morty-masters|1710
|player|p2|WishMakerr|1|1842
|teamsize|p1|6
|teamsize|p2|6
|gen|8
|tier|[Gen 8] OU
|rated|
|rule|Sleep Clause Mod: Limit one foe put to sleep
|rule|Species Clause: Limit one of each Pokémon
|rule|OHKO Clause: OHKO moves are banned
|rule|Evasion Moves Clause: Evasion moves are banned
|rule|Endless Battle Clause: Forcing endless battles is banned
|rule|HP Percentage Mod: HP is shown in percentages
|rule|Dynamax Clause: You cannot dynamax
|clearpoke
|poke|p1|Dragapult, F|
|poke|p1|Urshifu-*, M|
|poke|p1|Tapu Lele|
|poke|p1|Blissey, F|
|poke|p1|Corviknight, M|
|poke|p1|Landorus-Therian, M|
|poke|p2|Clefable, M|
|poke|p2|Rillaboom, M|
|poke|p2|Corviknight, M|
|poke|p2|Toxapex, M|
|poke|p2|Garchomp, M|
|poke|p2|Blissey, F|
|teampreview
|inactive|Battle timer is ON: inactive players will automatically lose when time's up. (requested by Justin UA)
|
|t:|1659147696
|start
|switch|p1a: Tapu Lele|Tapu Lele|100/100
|switch|p2a: Garchomp|Garchomp, M|100/100
|-fieldstart|move: Psychic Terrain|[from] ability: Psychic Surge|[of] p1a: Tapu Lele
|turn|1
|
|t:|1659147703
|switch|p1a: Landorus|Landorus-Therian, M|100/100
|-ability|p1a: Landorus|Intimidate|boost
|-unboost|p2a: Garchomp|atk|1
|switch|p2a: Corviknight|Corviknight, M|100/100
|-ability|p2a: Corviknight|Pressure
|
|upkeep
|turn|2
|
|t:|1659147708
|move|p1a: Landorus|Stealth Rock|p2a: Corviknight
|-sidestart|p2: WishMakerr|move: Stealth Rock
|move|p2a: Corviknight|Brave Bird|p1a: Landorus
|-damage|p1a: Landorus|62/100
|-damage|p2a: Corviknight|88/100|[from] Recoil
|
|-heal|p1a: Landorus|68/100|[from] item: Leftovers
|-heal|p2a: Corviknight|94/100|[from] item: Leftovers
|upkeep
|turn|3
|
|t:|1659147713
|move|p1a: Landorus|U-turn|p2a: Corviknight
|-resisted|p2a: Corviknight
|-damage|p2a: Corviknight|90/100
|
|t:|1659147719
|switch|p1a: Dragapult|Dragapult, F, shiny|100/100|[from]move: U-turn
|move|p2a: Corviknight|Defog|p1a: Dragapult
|-unboost|p1a: Dragapult|evasion|1
|-sideend|p2: WishMakerr|Stealth Rock|[from] move: Defog|[of] p2a: Corviknight
|-fieldend|move: Psychic Terrain
|
|-heal|p2a: Corviknight|96/100|[from] item: Leftovers
|upkeep
|turn|4
|
|t:|1659147723
|switch|p2a: Toxapex|Toxapex, M|100/100
|move|p1a: Dragapult|Shadow Ball|p2a: Toxapex
|-damage|p2a: Toxapex|56/100
|-unboost|p2a: Toxapex|spd|1
|
|upkeep
|turn|5
|
|t:|1659147729
|switch|p1a: Tapu Lele|Tapu Lele|100/100
|-fieldstart|move: Psychic Terrain|[from] ability: Psychic Surge|[of] p1a: Tapu Lele
|switch|p2a: Blissey|Blissey, F|100/100
|
|upkeep
|turn|6
|
|t:|1659147732
|move|p1a: Tapu Lele|Psyshock|p2a: Blissey
|-damage|p2a: Blissey|18/100
|move|p2a: Blissey|Thunder Wave|p1a: Tapu Lele
|-status|p1a: Tapu Lele|par
|
|upkeep
|turn|7
|
|t:|1659147736
|switch|p2a: Corviknight|Corviknight, M|96/100
|-ability|p2a: Corviknight|Pressure
|move|p1a: Tapu Lele|Psyshock|p2a: Corviknight
|-resisted|p2a: Corviknight
|-damage|p2a: Corviknight|58/100
|
|-heal|p2a: Corviknight|65/100|[from] item: Leftovers
|upkeep
|turn|8
|
|t:|1659147743
|switch|p1a: Blissey|Blissey, F|100/100
|move|p2a: Corviknight|Roost|p2a: Corviknight
|-heal|p2a: Corviknight|100/100
|-singleturn|p2a: Corviknight|move: Roost
|
|upkeep
|turn|9
|
|t:|1659147749
|move|p2a: Corviknight|Brave Bird|p1a: Blissey
|-damage|p1a: Blissey|68/100
|-damage|p2a: Corviknight|81/100|[from] Recoil
|move|p1a: Blissey|Teleport|p1a: Blissey
|
|t:|1659147753
|switch|p1a: Dragapult|Dragapult, F, shiny|100/100|[from]move: Teleport
|
|-heal|p2a: Corviknight|88/100|[from] item: Leftovers
|-fieldend|move: Psychic Terrain
|upkeep
|turn|10
|
|t:|1659147760
|move|p1a: Dragapult|U-turn|p2a: Corviknight
|-resisted|p2a: Corviknight
|-damage|p2a: Corviknight|85/100
|
|t:|1659147766
|switch|p1a: Corviknight|Corviknight, M|100/100|[from]move: U-turn
|-ability|p1a: Corviknight|Pressure
|move|p2a: Corviknight|Roost|p2a: Corviknight
|-heal|p2a: Corviknight|100/100
|-singleturn|p2a: Corviknight|move: Roost
|
|upkeep
|turn|11
|
|t:|1659147770
|move|p2a: Corviknight|U-turn|p1a: Corviknight
|-resisted|p1a: Corviknight
|-damage|p1a: Corviknight|98/100
|
|t:|1659147774
|switch|p2a: Toxapex|Toxapex, M|89/100|[from]move: U-turn
|move|p1a: Corviknight|U-turn|p2a: Toxapex
|-resisted|p2a: Toxapex
|-damage|p2a: Toxapex|85/100
|-damage|p1a: Corviknight|82/100|[from] item: Rocky Helmet|[of] p2a: Toxapex
|
|t:|1659147778
|switch|p1a: Tapu Lele|Tapu Lele|100/100 par|[from]move: U-turn
|-fieldstart|move: Psychic Terrain|[from] ability: Psychic Surge|[of] p1a: Tapu Lele
|
|upkeep
|turn|12
|
|t:|1659147787
|switch|p2a: Corviknight|Corviknight, M|100/100
|-ability|p2a: Corviknight|Pressure
|move|p1a: Tapu Lele|Psychic|p2a: Corviknight
|-resisted|p2a: Corviknight
|-damage|p2a: Corviknight|67/100
|
|-heal|p2a: Corviknight|74/100|[from] item: Leftovers
|upkeep
|turn|13
|
|t:|1659147793
|switch|p1a: Corviknight|Corviknight, M|82/100
|-ability|p1a: Corviknight|Pressure
|move|p2a: Corviknight|Brave Bird|p1a: Corviknight
|-resisted|p1a: Corviknight
|-crit|p1a: Corviknight
|-damage|p1a: Corviknight|63/100
|-damage|p2a: Corviknight|68/100|[from] Recoil
|
|-heal|p2a: Corviknight|74/100|[from] item: Leftovers
|-heal|p1a: Corviknight|70/100|[from] item: Leftovers
|upkeep
|turn|14
|
|t:|1659147797
|move|p1a: Corviknight|U-turn|p2a: Corviknight
|-resisted|p2a: Corviknight
|-damage|p2a: Corviknight|71/100
|
|t:|1659147800
|switch|p1a: Dragapult|Dragapult, F, shiny|100/100|[from]move: U-turn
|move|p2a: Corviknight|Roost|p2a: Corviknight
|-heal|p2a: Corviknight|100/100
|-singleturn|p2a: Corviknight|move: Roost
|
|upkeep
|turn|15
|
|t:|1659147805
|switch|p2a: Toxapex|Toxapex, M|100/100
|move|p1a: Dragapult|Thunder|p2a: Toxapex
|-supereffective|p2a: Toxapex
|-damage|p2a: Toxapex|27/100
|
|-fieldend|move: Psychic Terrain
|upkeep
|turn|16
|
|t:|1659147815
|switch|p1a: Landorus|Landorus-Therian, M|68/100
|-ability|p1a: Landorus|Intimidate|boost
|-unboost|p2a: Toxapex|atk|1
|switch|p2a: Garchomp|Garchomp, M|100/100
|
|-heal|p1a: Landorus|74/100|[from] item: Leftovers
|upkeep
|turn|17
|
|t:|1659147819
|move|p2a: Garchomp|Toxic|p1a: Landorus
|-status|p1a: Landorus|tox
|move|p1a: Landorus|Stealth Rock|p2a: Garchomp
|-sidestart|p2: WishMakerr|move: Stealth Rock
|
|-heal|p1a: Landorus|80/100 tox|[from] item: Leftovers
|-damage|p1a: Landorus|74/100 tox|[from] psn
|upkeep
|turn|18
|
|t:|1659147824
|move|p2a: Garchomp|Stealth Rock|p1a: Landorus
|-sidestart|p1: Justin UA|move: Stealth Rock
|move|p1a: Landorus|Toxic|p2a: Garchomp
|-status|p2a: Garchomp|tox
|
|-heal|p1a: Landorus|80/100 tox|[from] item: Leftovers
|-damage|p2a: Garchomp|94/100 tox|[from] psn
|-damage|p1a: Landorus|68/100 tox|[from] psn
|upkeep
|turn|19
|
|t:|1659147830
|switch|p1a: Corviknight|Corviknight, M|70/100
|-damage|p1a: Corviknight|57/100|[from] Stealth Rock
|-ability|p1a: Corviknight|Pressure
|move|p2a: Garchomp|Earthquake|p1a: Corviknight
|-immune|p1a: Corviknight
|
|-heal|p2a: Garchomp|100/100 tox|[from] item: Leftovers
|-heal|p1a: Corviknight|63/100|[from] item: Leftovers
|-damage|p2a: Garchomp|88/100 tox|[from] psn
|upkeep
|turn|20
|
|t:|1659147836
|switch|p2a: Toxapex|Toxapex, M|61/100
|-damage|p2a: Toxapex|48/100|[from] Stealth Rock
|move|p1a: Corviknight|Roost|p1a: Corviknight
|-heal|p1a: Corviknight|100/100
|-singleturn|p1a: Corviknight|move: Roost
|
|upkeep
|turn|21
|
|t:|1659147840
|move|p1a: Corviknight|U-turn|p2a: Toxapex
|-resisted|p2a: Toxapex
|-damage|p2a: Toxapex|44/100
|-damage|p1a: Corviknight|84/100|[from] item: Rocky Helmet|[of] p2a: Toxapex
|
|t:|1659147846
|switch|p1a: Tapu Lele|Tapu Lele|100/100 par|[from]move: U-turn
|-damage|p1a: Tapu Lele|88/100 par|[from] Stealth Rock
|-fieldstart|move: Psychic Terrain|[from] ability: Psychic Surge|[of] p1a: Tapu Lele
|move|p2a: Toxapex|Recover|p2a: Toxapex
|-heal|p2a: Toxapex|94/100
|
|upkeep
|turn|22
|
|t:|1659147852
|switch|p2a: Corviknight|Corviknight, M|100/100
|-damage|p2a: Corviknight|88/100|[from] Stealth Rock
|-ability|p2a: Corviknight|Pressure
|move|p1a: Tapu Lele|Psychic|p2a: Corviknight
|-resisted|p2a: Corviknight
|-damage|p2a: Corviknight|56/100
|-unboost|p2a: Corviknight|spd|1
|
|-heal|p2a: Corviknight|62/100|[from] item: Leftovers
|upkeep
|turn|23
|
|t:|1659147856
|move|p2a: Corviknight|Roost|p2a: Corviknight
|-heal|p2a: Corviknight|100/100
|-singleturn|p2a: Corviknight|move: Roost
|move|p1a: Tapu Lele|Psychic|p2a: Corviknight
|-resisted|p2a: Corviknight
|-damage|p2a: Corviknight|48/100
|
|-heal|p2a: Corviknight|54/100|[from] item: Leftovers
|upkeep
|turn|24
|
|t:|1659147862
|switch|p1a: Dragapult|Dragapult, F, shiny|100/100
|-damage|p1a: Dragapult|88/100|[from] Stealth Rock
|move|p2a: Corviknight|Roost|p2a: Corviknight
|-heal|p2a: Corviknight|100/100
|-singleturn|p2a: Corviknight|move: Roost
|
|upkeep
|turn|25
|
|t:|1659147871
|switch|p2a: Toxapex|Toxapex, M|100/100
|-damage|p2a: Toxapex|88/100|[from] Stealth Rock
|move|p1a: Dragapult|Shadow Ball|p2a: Toxapex
|-damage|p2a: Toxapex|46/100
|
|-fieldend|move: Psychic Terrain
|upkeep
|turn|26
|
|t:|1659147880
|switch|p2a: Blissey|Blissey, F|18/100
|move|p1a: Dragapult|Shadow Ball|p2a: Blissey
|-immune|p2a: Blissey
|
|upkeep
|turn|27
|
|t:|1659147882
|switch|p1a: Urshifu|Urshifu-Rapid-Strike, M|100/100
|-damage|p1a: Urshifu|94/100|[from] Stealth Rock
|move|p2a: Blissey|Soft-Boiled|p2a: Blissey
|-heal|p2a: Blissey|68/100
|
|upkeep
|turn|28
|
|t:|1659147889
|switch|p2a: Toxapex|Toxapex, M|79/100
|-damage|p2a: Toxapex|66/100|[from] Stealth Rock
|move|p1a: Urshifu|U-turn|p2a: Toxapex
|-resisted|p2a: Toxapex
|-crit|p2a: Toxapex
|-damage|p2a: Toxapex|50/100
|-damage|p1a: Urshifu|78/100|[from] item: Rocky Helmet|[of] p2a: Toxapex
|
|t:|1659147893
|switch|p1a: Tapu Lele|Tapu Lele|88/100 par|[from]move: U-turn
|-damage|p1a: Tapu Lele|76/100 par|[from] Stealth Rock
|-fieldstart|move: Psychic Terrain|[from] ability: Psychic Surge|[of] p1a: Tapu Lele
|
|upkeep
|turn|29
|
|t:|1659147897
|switch|p2a: Corviknight|Corviknight, M|100/100
|-damage|p2a: Corviknight|88/100|[from] Stealth Rock
|-ability|p2a: Corviknight|Pressure
|cant|p1a: Tapu Lele|par
|
|-heal|p2a: Corviknight|94/100|[from] item: Leftovers
|upkeep
|turn|30
|
|t:|1659147904
|move|p2a: Corviknight|Defog|p1a: Tapu Lele
|-unboost|p1a: Tapu Lele|evasion|1
|-sideend|p1: Justin UA|Stealth Rock|[from] move: Defog|[of] p2a: Corviknight
|-sideend|p2: WishMakerr|Stealth Rock|[from] move: Defog|[of] p2a: Corviknight
|-fieldend|move: Psychic Terrain
|cant|p1a: Tapu Lele|par
|
|-heal|p2a: Corviknight|100/100|[from] item: Leftovers
|upkeep
|turn|31
|
|t:|1659147909
|move|p2a: Corviknight|Brave Bird|p1a: Tapu Lele
|-damage|p1a: Tapu Lele|19/100 par
|-damage|p2a: Corviknight|87/100|[from] Recoil
|move|p1a: Tapu Lele|Focus Blast|p2a: Corviknight
|-crit|p2a: Corviknight
|-damage|p2a: Corviknight|14/100
|
|-heal|p2a: Corviknight|20/100|[from] item: Leftovers
|upkeep
|turn|32
|
|t:|1659147917
|switch|p1a: Urshifu|Urshifu-Rapid-Strike, M|78/100
|move|p2a: Corviknight|U-turn|p1a: Urshifu
|-resisted|p1a: Urshifu
|-damage|p1a: Urshifu|71/100
|
|t:|1659147921
|switch|p2a: Rillaboom|Rillaboom, M|100/100|[from]move: U-turn
|-fieldstart|move: Grassy Terrain|[from] ability: Grassy Surge|[of] p2a: Rillaboom
|
|-heal|p1a: Urshifu|78/100|[from] Grassy Terrain
|upkeep
|turn|33
|
|t:|1659147925
|switch|p1a: Corviknight|Corviknight, M|84/100
|-ability|p1a: Corviknight|Pressure
|move|p2a: Rillaboom|Swords Dance|p2a: Rillaboom
|-boost|p2a: Rillaboom|atk|2
|
|-heal|p1a: Corviknight|90/100|[from] item: Leftovers
|upkeep
|turn|34
|
|t:|1659147929
|move|p2a: Rillaboom|Knock Off|p1a: Corviknight
|-crit|p1a: Corviknight
|-damage|p1a: Corviknight|16/100
|-enditem|p1a: Corviknight|Leftovers|[from] move: Knock Off|[of] p2a: Rillaboom
|move|p1a: Corviknight|Roost|p1a: Corviknight
|-heal|p1a: Corviknight|66/100
|-singleturn|p1a: Corviknight|move: Roost
|
|-heal|p1a: Corviknight|73/100|[from] Grassy Terrain
|upkeep
|turn|35
|
|t:|1659147935
|move|p2a: Rillaboom|Swords Dance|p2a: Rillaboom
|-boost|p2a: Rillaboom|atk|2
|move|p1a: Corviknight|U-turn|p2a: Rillaboom
|-supereffective|p2a: Rillaboom
|-damage|p2a: Rillaboom|74/100
|
|t:|1659147939
|switch|p1a: Tapu Lele|Tapu Lele|19/100 par|[from]move: U-turn
|-fieldstart|move: Psychic Terrain|[from] ability: Psychic Surge|[of] p1a: Tapu Lele
|
|-heal|p2a: Rillaboom|80/100|[from] item: Leftovers
|upkeep
|turn|36
|
|t:|1659147950
|switch|p1a: Landorus|Landorus-Therian, M|68/100 tox
|-ability|p1a: Landorus|Intimidate|boost
|-unboost|p2a: Rillaboom|atk|1
|move|p2a: Rillaboom|Drain Punch|p1a: Landorus
|-resisted|p1a: Landorus
|-damage|p1a: Landorus|37/100 tox
|-heal|p2a: Rillaboom|95/100|[from] drain|[of] p1a: Landorus
|
|-heal|p1a: Landorus|43/100 tox|[from] item: Leftovers
|-heal|p2a: Rillaboom|100/100|[from] item: Leftovers
|-damage|p1a: Landorus|37/100 tox|[from] psn
|upkeep
|turn|37
|
|t:|1659147962
|switch|p1a: Corviknight|Corviknight, M|73/100
|-ability|p1a: Corviknight|Pressure
|switch|p2a: Corviknight|Corviknight, M|20/100
|-ability|p2a: Corviknight|Pressure
|
|-heal|p2a: Corviknight|27/100|[from] item: Leftovers
|upkeep
|turn|38
|
|t:|1659147965
|move|p2a: Corviknight|Roost|p2a: Corviknight
|-heal|p2a: Corviknight|77/100
|-singleturn|p2a: Corviknight|move: Roost
|move|p1a: Corviknight|U-turn|p2a: Corviknight
|-resisted|p2a: Corviknight
|-damage|p2a: Corviknight|70/100
|
|t:|1659147971
|switch|p1a: Dragapult|Dragapult, F, shiny|88/100|[from]move: U-turn
|
|-heal|p2a: Corviknight|77/100|[from] item: Leftovers
|upkeep
|turn|39
|
|t:|1659147975
|move|p1a: Dragapult|Thunder|p2a: Corviknight
|-supereffective|p2a: Corviknight
|-damage|p2a: Corviknight|10/100
|move|p2a: Corviknight|Roost|p2a: Corviknight
|-heal|p2a: Corviknight|60/100
|-singleturn|p2a: Corviknight|move: Roost
|
|-heal|p2a: Corviknight|66/100|[from] item: Leftovers
|-fieldend|move: Psychic Terrain
|upkeep
|turn|40
|
|t:|1659147983
|switch|p1a: Urshifu|Urshifu-Rapid-Strike, M|78/100
|switch|p2a: Blissey|Blissey, F|68/100
|
|upkeep
|turn|41
|
|t:|1659147993
|switch|p1a: Tapu Lele|Tapu Lele|19/100 par
|-fieldstart|move: Psychic Terrain|[from] ability: Psychic Surge|[of] p1a: Tapu Lele
|switch|p2a: Toxapex|Toxapex, M|83/100
|
|upkeep
|turn|42
|
|t:|1659148005
|switch|p2a: Corviknight|Corviknight, M|66/100
|-ability|p2a: Corviknight|Pressure
|move|p1a: Tapu Lele|Focus Blast|p2a: Corviknight|[miss]
|-miss|p1a: Tapu Lele|p2a: Corviknight
|
|-heal|p2a: Corviknight|72/100|[from] item: Leftovers
|upkeep
|turn|43
|
|t:|1659148010
|switch|p1a: Corviknight|Corviknight, M|73/100
|-ability|p1a: Corviknight|Pressure
|move|p2a: Corviknight|Brave Bird|p1a: Corviknight
|-resisted|p1a: Corviknight
|-damage|p1a: Corviknight|61/100
|-damage|p2a: Corviknight|68/100|[from] Recoil
|
|-heal|p2a: Corviknight|74/100|[from] item: Leftovers
|upkeep
|turn|44
|
|t:|1659148019
|move|p1a: Corviknight|Roost|p1a: Corviknight
|-heal|p1a: Corviknight|100/100
|-singleturn|p1a: Corviknight|move: Roost
|move|p2a: Corviknight|U-turn|p1a: Corviknight
|-resisted|p1a: Corviknight
|-damage|p1a: Corviknight|96/100
|
|t:|1659148027
|switch|p2a: Garchomp|Garchomp, M|88/100 tox|[from]move: U-turn
|
|-heal|p2a: Garchomp|94/100 tox|[from] item: Leftovers
|-damage|p2a: Garchomp|88/100 tox|[from] psn
|upkeep
|turn|45
|
|t:|1659148032
|move|p2a: Garchomp|Stealth Rock|p1a: Corviknight
|-sidestart|p1: Justin UA|move: Stealth Rock
|move|p1a: Corviknight|Defog|p2a: Garchomp
|-unboost|p2a: Garchomp|evasion|1
|-sideend|p1: Justin UA|Stealth Rock|[from] move: Defog|[of] p1a: Corviknight
|-fieldend|move: Psychic Terrain
|
|-heal|p2a: Garchomp|94/100 tox|[from] item: Leftovers
|-damage|p2a: Garchomp|82/100 tox|[from] psn
|upkeep
|turn|46
|
|t:|1659148040
|switch|p2a: Corviknight|Corviknight, M|74/100
|-ability|p2a: Corviknight|Pressure
|move|p1a: Corviknight|Defog|p2a: Corviknight
|-unboost|p2a: Corviknight|evasion|1
|
|-heal|p2a: Corviknight|81/100|[from] item: Leftovers
|upkeep
|turn|47
|
|t:|1659148045
|move|p1a: Corviknight|U-turn|p2a: Corviknight
|-resisted|p2a: Corviknight
|-damage|p2a: Corviknight|78/100
|
|t:|1659148049
|switch|p1a: Dragapult|Dragapult, F, shiny|88/100|[from]move: U-turn
|move|p2a: Corviknight|U-turn|p1a: Dragapult
|-resisted|p1a: Dragapult
|-damage|p1a: Dragapult|78/100
|
|t:|1659148054
|switch|p2a: Blissey|Blissey, F|68/100|[from]move: U-turn
|
|upkeep
|turn|48
|
|t:|1659148058
|move|p1a: Dragapult|U-turn|p2a: Blissey
|-damage|p2a: Blissey|53/100
|
|t:|1659148061
|switch|p1a: Corviknight|Corviknight, M|96/100|[from]move: U-turn
|-ability|p1a: Corviknight|Pressure
|move|p2a: Blissey|Soft-Boiled|p2a: Blissey
|-heal|p2a: Blissey|100/100
|
|upkeep
|turn|49
|
|t:|1659148065
|move|p1a: Corviknight|Body Press|p2a: Blissey
|-supereffective|p2a: Blissey
|-damage|p2a: Blissey|55/100
|move|p2a: Blissey|Thunder Wave|p1a: Corviknight
|-status|p1a: Corviknight|par
|
|upkeep
|turn|50
|
|t:|1659148070
|move|p2a: Blissey|Soft-Boiled|p2a: Blissey
|-heal|p2a: Blissey|100/100
|move|p1a: Corviknight|U-turn|p2a: Blissey
|-damage|p2a: Blissey|87/100
|
|t:|1659148074
|switch|p1a: Blissey|Blissey, F|68/100|[from]move: U-turn
|
|upkeep
|turn|51
|
|t:|1659148080
|switch|p2a: Rillaboom|Rillaboom, M|100/100
|-fieldstart|move: Grassy Terrain|[from] ability: Grassy Surge|[of] p2a: Rillaboom
|move|p1a: Blissey|Teleport|p1a: Blissey
|
|t:|1659148083
|switch|p1a: Corviknight|Corviknight, M|96/100 par|[from]move: Teleport
|-ability|p1a: Corviknight|Pressure
|
|upkeep
|turn|52
|
|t:|1659148086
|move|p2a: Rillaboom|Swords Dance|p2a: Rillaboom
|-boost|p2a: Rillaboom|atk|2
|move|p1a: Corviknight|U-turn|p2a: Rillaboom
|-supereffective|p2a: Rillaboom
|-damage|p2a: Rillaboom|76/100
|
|t:|1659148089
|switch|p1a: Tapu Lele|Tapu Lele|19/100 par|[from]move: U-turn
|-fieldstart|move: Psychic Terrain|[from] ability: Psychic Surge|[of] p1a: Tapu Lele
|
|-heal|p2a: Rillaboom|82/100|[from] item: Leftovers
|upkeep
|turn|53
|
|t:|1659148097
|switch|p2a: Corviknight|Corviknight, M|78/100
|-ability|p2a: Corviknight|Pressure
|switch|p1a: Corviknight|Corviknight, M|96/100 par
|-ability|p1a: Corviknight|Pressure
|
|-heal|p2a: Corviknight|84/100|[from] item: Leftovers
|upkeep
|turn|54
|
|t:|1659148106
|move|p2a: Corviknight|U-turn|p1a: Corviknight
|-resisted|p1a: Corviknight
|-damage|p1a: Corviknight|94/100 par
|
|t:|1659148108
|switch|p2a: Toxapex|Toxapex, M|100/100|[from]move: U-turn
|move|p1a: Corviknight|U-turn|p2a: Toxapex
|-resisted|p2a: Toxapex
|-damage|p2a: Toxapex|97/100
|-damage|p1a: Corviknight|77/100 par|[from] item: Rocky Helmet|[of] p2a: Toxapex
|
|t:|1659148113
|switch|p1a: Tapu Lele|Tapu Lele|19/100 par|[from]move: U-turn
|
|upkeep
|turn|55
|
|t:|1659148120
|switch|p2a: Corviknight|Corviknight, M|84/100
|-ability|p2a: Corviknight|Pressure
|move|p1a: Tapu Lele|Psyshock|p2a: Corviknight
|-resisted|p2a: Corviknight
|-damage|p2a: Corviknight|47/100
|
|-heal|p2a: Corviknight|53/100|[from] item: Leftovers
|upkeep
|turn|56
|
|t:|1659148131
|switch|p1a: Corviknight|Corviknight, M|77/100 par
|-ability|p1a: Corviknight|Pressure
|move|p2a: Corviknight|Roost|p2a: Corviknight
|-heal|p2a: Corviknight|100/100
|-singleturn|p2a: Corviknight|move: Roost
|
|-fieldend|move: Psychic Terrain
|upkeep
|turn|57
|
|t:|1659148136
|move|p2a: Corviknight|U-turn|p1a: Corviknight
|-resisted|p1a: Corviknight
|-damage|p1a: Corviknight|75/100 par
|
|t:|1659148139
|switch|p2a: Garchomp|Garchomp, M|82/100 tox|[from]move: U-turn
|move|p1a: Corviknight|U-turn|p2a: Garchomp
|-damage|p2a: Garchomp|72/100 tox
|-damage|p1a: Corviknight|62/100 par|[from] ability: Rough Skin|[of] p2a: Garchomp
|
|t:|1659148143
|switch|p1a: Dragapult|Dragapult, F, shiny|78/100|[from]move: U-turn
|
|-heal|p2a: Garchomp|78/100 tox|[from] item: Leftovers
|-damage|p2a: Garchomp|72/100 tox|[from] psn
|upkeep
|turn|58
|
|t:|1659148151
|switch|p2a: Blissey|Blissey, F|87/100
|move|p1a: Dragapult|Draco Meteor|p2a: Blissey
|-crit|p2a: Blissey
|-damage|p2a: Blissey|38/100
|-unboost|p1a: Dragapult|spa|2
|
|upkeep
|turn|59
|
|t:|1659148160
|switch|p1a: Corviknight|Corviknight, M|62/100 par
|-ability|p1a: Corviknight|Pressure
|move|p2a: Blissey|Soft-Boiled|p2a: Blissey
|-heal|p2a: Blissey|88/100
|
|upkeep
|turn|60
|
|t:|1659148166
|switch|p2a: Rillaboom|Rillaboom, M|82/100
|-fieldstart|move: Grassy Terrain|[from] ability: Grassy Surge|[of] p2a: Rillaboom
|move|p1a: Corviknight|Roost|p1a: Corviknight
|-heal|p1a: Corviknight|100/100 par
|-singleturn|p1a: Corviknight|move: Roost
|
|-heal|p2a: Rillaboom|89/100|[from] Grassy Terrain
|-heal|p2a: Rillaboom|95/100|[from] item: Leftovers
|upkeep
|turn|61
|
|t:|1659148170
|move|p2a: Rillaboom|Swords Dance|p2a: Rillaboom
|-boost|p2a: Rillaboom|atk|2
|cant|p1a: Corviknight|par
|
|-heal|p2a: Rillaboom|100/100|[from] Grassy Terrain
|upkeep
|turn|62
|
|t:|1659148175
|move|p2a: Rillaboom|Knock Off|p1a: Corviknight
|-crit|p1a: Corviknight
|-damage|p1a: Corviknight|54/100 par
|move|p1a: Corviknight|U-turn|p2a: Rillaboom
|-supereffective|p2a: Rillaboom
|-damage|p2a: Rillaboom|75/100
|
|t:|1659148179
|switch|p1a: Tapu Lele|Tapu Lele|19/100 par|[from]move: U-turn
|-fieldstart|move: Psychic Terrain|[from] ability: Psychic Surge|[of] p1a: Tapu Lele
|
|-heal|p2a: Rillaboom|81/100|[from] item: Leftovers
|upkeep
|turn|63
|
|t:|1659148188
|switch|p2a: Corviknight|Corviknight, M|100/100
|-ability|p2a: Corviknight|Pressure
|switch|p1a: Landorus|Landorus-Therian, M|37/100 tox
|-ability|p1a: Landorus|Intimidate|boost
|-unboost|p2a: Corviknight|atk|1
|
|-heal|p1a: Landorus|43/100 tox|[from] item: Leftovers
|-damage|p1a: Landorus|37/100 tox|[from] psn
|upkeep
|turn|64
|
|t:|1659148194
|switch|p1a: Corviknight|Corviknight, M|54/100 par
|-ability|p1a: Corviknight|Pressure
|move|p2a: Corviknight|Brave Bird|p1a: Corviknight
|-resisted|p1a: Corviknight
|-damage|p1a: Corviknight|46/100 par
|-damage|p2a: Corviknight|98/100|[from] Recoil
|
|-heal|p2a: Corviknight|100/100|[from] item: Leftovers
|upkeep
|turn|65
|
|t:|1659148198
|move|p2a: Corviknight|U-turn|p1a: Corviknight
|-resisted|p1a: Corviknight
|-damage|p1a: Corviknight|44/100 par
|
|t:|1659148201
|switch|p2a: Rillaboom|Rillaboom, M|81/100|[from]move: U-turn
|-fieldstart|move: Grassy Terrain|[from] ability: Grassy Surge|[of] p2a: Rillaboom
|move|p1a: Corviknight|Roost|p1a: Corviknight
|-heal|p1a: Corviknight|94/100 par
|-singleturn|p1a: Corviknight|move: Roost
|
|-heal|p2a: Rillaboom|87/100|[from] Grassy Terrain
|-heal|p2a: Rillaboom|93/100|[from] item: Leftovers
|-heal|p1a: Corviknight|100/100 par|[from] Grassy Terrain
|upkeep
|turn|66
|
|t:|1659148208
|switch|p2a: Toxapex|Toxapex, M|100/100
|switch|p1a: Tapu Lele|Tapu Lele|19/100 par
|-fieldstart|move: Psychic Terrain|[from] ability: Psychic Surge|[of] p1a: Tapu Lele
|
|upkeep
|turn|67
|
|t:|1659148215
|switch|p2a: Corviknight|Corviknight, M|100/100
|-ability|p2a: Corviknight|Pressure
|move|p1a: Tapu Lele|Psyshock|p2a: Corviknight
|-resisted|p2a: Corviknight
|-damage|p2a: Corviknight|63/100
|
|-heal|p2a: Corviknight|69/100|[from] item: Leftovers
|upkeep
|turn|68
|
|t:|1659148220
|switch|p1a: Corviknight|Corviknight, M|100/100 par
|-ability|p1a: Corviknight|Pressure
|move|p2a: Corviknight|U-turn|p1a: Corviknight
|-resisted|p1a: Corviknight
|-damage|p1a: Corviknight|98/100 par
|
|t:|1659148224
|switch|p2a: Garchomp|Garchomp, M|72/100 tox|[from]move: U-turn
|
|-heal|p2a: Garchomp|78/100 tox|[from] item: Leftovers
|-damage|p2a: Garchomp|72/100 tox|[from] psn
|upkeep
|turn|69
|
|t:|1659148229
|move|p2a: Garchomp|Stealth Rock|p1a: Corviknight
|-sidestart|p1: Justin UA|move: Stealth Rock
|cant|p1a: Corviknight|par
|
|-heal|p2a: Garchomp|78/100 tox|[from] item: Leftovers
|-damage|p2a: Garchomp|66/100 tox|[from] psn
|upkeep
|turn|70
|
|t:|1659148233
|switch|p2a: Corviknight|Corviknight, M|69/100
|-ability|p2a: Corviknight|Pressure
|move|p1a: Corviknight|Defog|p2a: Corviknight
|-unboost|p2a: Corviknight|evasion|1
|-sideend|p1: Justin UA|Stealth Rock|[from] move: Defog|[of] p1a: Corviknight
|-fieldend|move: Psychic Terrain
|
|-heal|p2a: Corviknight|76/100|[from] item: Leftovers
|upkeep
|turn|71
|
|t:|1659148240
|switch|p2a: Toxapex|Toxapex, M|100/100
|cant|p1a: Corviknight|par
|
|upkeep
|turn|72
|
|t:|1659148251
|switch|p1a: Blissey|Blissey, F|68/100
|move|p2a: Toxapex|Scald|p1a: Blissey
|-damage|p1a: Blissey|62/100
|
|upkeep
|turn|73
|
|t:|1659148257
|switch|p2a: Corviknight|Corviknight, M|76/100
|-ability|p2a: Corviknight|Pressure
|move|p1a: Blissey|Teleport|p1a: Blissey
|
|t:|1659148264
|switch|p1a: Dragapult|Dragapult, F, shiny|78/100|[from]move: Teleport
|
|-heal|p2a: Corviknight|82/100|[from] item: Leftovers
|upkeep
|turn|74
|
|t:|1659148269
|switch|p2a: Blissey|Blissey, F|88/100
|move|p1a: Dragapult|Shadow Ball|p2a: Blissey
|-immune|p2a: Blissey
|
|upkeep
|turn|75
|
|t:|1659148273
|switch|p1a: Blissey|Blissey, F|62/100
|move|p2a: Blissey|Seismic Toss|p1a: Blissey
|-damage|p1a: Blissey|48/100
|
|upkeep
|turn|76
|
|t:|1659148279
|switch|p2a: Rillaboom|Rillaboom, M|93/100
|-fieldstart|move: Grassy Terrain|[from] ability: Grassy Surge|[of] p2a: Rillaboom
|move|p1a: Blissey|Soft-Boiled|p1a: Blissey
|-heal|p1a: Blissey|98/100
|
|-heal|p2a: Rillaboom|99/100|[from] Grassy Terrain
|-heal|p2a: Rillaboom|100/100|[from] item: Leftovers
|-heal|p1a: Blissey|100/100|[from] Grassy Terrain
|upkeep
|turn|77
|
|t:|1659148286
|switch|p1a: Corviknight|Corviknight, M|98/100 par
|-ability|p1a: Corviknight|Pressure
|move|p2a: Rillaboom|Swords Dance|p2a: Rillaboom
|-boost|p2a: Rillaboom|atk|2
|
|upkeep
|turn|78
|
|t:|1659148289
|move|p2a: Rillaboom|Swords Dance|p2a: Rillaboom
|-boost|p2a: Rillaboom|atk|2
|move|p1a: Corviknight|U-turn|p2a: Rillaboom
|-supereffective|p2a: Rillaboom
|-damage|p2a: Rillaboom|74/100
|
|t:|1659148293
|switch|p1a: Tapu Lele|Tapu Lele|19/100 par|[from]move: U-turn
|-fieldstart|move: Psychic Terrain|[from] ability: Psychic Surge|[of] p1a: Tapu Lele
|
|-heal|p2a: Rillaboom|80/100|[from] item: Leftovers
|upkeep
|turn|79
|
|t:|1659148302
|switch|p1a: Corviknight|Corviknight, M|98/100 par
|-ability|p1a: Corviknight|Pressure
|move|p2a: Rillaboom|Grassy Glide|p1a: Corviknight
|-resisted|p1a: Corviknight
|-damage|p1a: Corviknight|78/100 par
|
|-heal|p2a: Rillaboom|86/100|[from] item: Leftovers
|upkeep
|turn|80
|
|t:|1659148309
|switch|p1a: Dragapult|Dragapult, F, shiny|78/100
|move|p2a: Rillaboom|Drain Punch|p1a: Dragapult
|-immune|p1a: Dragapult
|
|-heal|p2a: Rillaboom|92/100|[from] item: Leftovers
|upkeep
|turn|81
|
|t:|1659148316
|switch|p2a: Blissey|Blissey, F|88/100
|move|p1a: Dragapult|U-turn|p2a: Blissey
|-damage|p2a: Blissey|74/100
|
|t:|1659148327
|switch|p1a: Urshifu|Urshifu-Rapid-Strike, M|78/100|[from]move: U-turn
|
|upkeep
|turn|82
|
|t:|1659148336
|switch|p1a: Tapu Lele|Tapu Lele|19/100 par
|switch|p2a: Toxapex|Toxapex, M|100/100
|
|-fieldend|move: Psychic Terrain
|upkeep
|turn|83
|
|t:|1659148344
|switch|p2a: Corviknight|Corviknight, M|82/100
|-ability|p2a: Corviknight|Pressure
|move|p1a: Tapu Lele|Psyshock|p2a: Corviknight
|-resisted|p2a: Corviknight
|-damage|p2a: Corviknight|52/100
|
|-heal|p2a: Corviknight|59/100|[from] item: Leftovers
|upkeep
|turn|84
|
|t:|1659148348
|switch|p1a: Corviknight|Corviknight, M|78/100 par
|-ability|p1a: Corviknight|Pressure
|move|p2a: Corviknight|Roost|p2a: Corviknight
|-heal|p2a: Corviknight|100/100
|-singleturn|p2a: Corviknight|move: Roost
|
|upkeep
|turn|85
|
|t:|1659148359
|move|p2a: Corviknight|Brave Bird|p1a: Corviknight
|-resisted|p1a: Corviknight
|-damage|p1a: Corviknight|68/100 par
|-damage|p2a: Corviknight|97/100|[from] Recoil
|move|p1a: Corviknight|U-turn|p2a: Corviknight
|-resisted|p2a: Corviknight
|-damage|p2a: Corviknight|94/100
|
|t:|1659148364
|switch|p1a: Blissey|Blissey, F|100/100|[from]move: U-turn
|
|-heal|p2a: Corviknight|99/100|[from] item: Leftovers
|upkeep
|turn|86
|
|t:|1659148371
|move|p2a: Corviknight|U-turn|p1a: Blissey
|-damage|p1a: Blissey|88/100
|
|t:|1659148376
|switch|p2a: Garchomp|Garchomp, M|66/100 tox|[from]move: U-turn
|move|p1a: Blissey|Teleport|p1a: Blissey
|
|t:|1659148384
|switch|p1a: Tapu Lele|Tapu Lele|19/100 par|[from]move: Teleport
|-fieldstart|move: Psychic Terrain|[from] ability: Psychic Surge|[of] p1a: Tapu Lele
|
|-heal|p2a: Garchomp|72/100 tox|[from] item: Leftovers
|-damage|p2a: Garchomp|66/100 tox|[from] psn
|upkeep
|turn|87
|
|t:|1659148398
|switch|p1a: Corviknight|Corviknight, M|68/100 par
|-ability|p1a: Corviknight|Pressure
|move|p2a: Garchomp|Earthquake|p1a: Corviknight
|-immune|p1a: Corviknight
|
|-heal|p2a: Garchomp|72/100 tox|[from] item: Leftovers
|-damage|p2a: Garchomp|60/100 tox|[from] psn
|upkeep
|turn|88
|
|t:|1659148413
|move|p2a: Garchomp|Stealth Rock|p1a: Corviknight
|-sidestart|p1: Justin UA|move: Stealth Rock
|move|p1a: Corviknight|Defog|p2a: Garchomp
|-unboost|p2a: Garchomp|evasion|1
|-sideend|p1: Justin UA|Stealth Rock|[from] move: Defog|[of] p1a: Corviknight
|-fieldend|move: Psychic Terrain
|
|-heal|p2a: Garchomp|66/100 tox|[from] item: Leftovers
|-damage|p2a: Garchomp|47/100 tox|[from] psn
|upkeep
|turn|89
|
|t:|1659148417
|move|p2a: Garchomp|Stealth Rock|p1a: Corviknight
|-sidestart|p1: Justin UA|move: Stealth Rock
|cant|p1a: Corviknight|par
|
|-heal|p2a: Garchomp|53/100 tox|[from] item: Leftovers
|-damage|p2a: Garchomp|29/100 tox|[from] psn
|upkeep
|turn|90
|
|t:|1659148421
|move|p2a: Garchomp|Rest|p2a: Garchomp
|-status|p2a: Garchomp|slp|[from] move: Rest
|-heal|p2a: Garchomp|100/100 slp|[silent]
|move|p1a: Corviknight|Defog|p2a: Garchomp
|-unboost|p2a: Garchomp|evasion|1
|-sideend|p1: Justin UA|Stealth Rock|[from] move: Defog|[of] p1a: Corviknight
|
|upkeep
|turn|91
|
|t:|1659148424
|cant|p2a: Garchomp|slp
|move|p1a: Corviknight|U-turn|p2a: Garchomp
|-damage|p2a: Garchomp|91/100 slp
|-damage|p1a: Corviknight|55/100 par|[from] ability: Rough Skin|[of] p2a: Garchomp
|
|t:|1659148429
|switch|p1a: Tapu Lele|Tapu Lele|19/100 par|[from]move: U-turn
|-fieldstart|move: Psychic Terrain|[from] ability: Psychic Surge|[of] p1a: Tapu Lele
|
|-heal|p2a: Garchomp|97/100 slp|[from] item: Leftovers
|upkeep
|turn|92
|
|t:|1659148437
|switch|p2a: Corviknight|Corviknight, M|99/100
|-ability|p2a: Corviknight|Pressure
|move|p1a: Tapu Lele|Focus Blast|p2a: Corviknight
|-damage|p2a: Corviknight|49/100
|
|-heal|p2a: Corviknight|55/100|[from] item: Leftovers
|upkeep
|turn|93
|
|t:|1659148446
|switch|p1a: Corviknight|Corviknight, M|55/100 par
|-ability|p1a: Corviknight|Pressure
|move|p2a: Corviknight|Brave Bird|p1a: Corviknight
|-resisted|p1a: Corviknight
|-damage|p1a: Corviknight|42/100 par
|-damage|p2a: Corviknight|51/100|[from] Recoil
|
|-heal|p2a: Corviknight|57/100|[from] item: Leftovers
|upkeep
|turn|94
|
|t:|1659148449
|move|p2a: Corviknight|Roost|p2a: Corviknight
|-heal|p2a: Corviknight|100/100
|-singleturn|p2a: Corviknight|move: Roost
|move|p1a: Corviknight|Roost|p1a: Corviknight
|-heal|p1a: Corviknight|92/100 par
|-singleturn|p1a: Corviknight|move: Roost
|
|upkeep
|turn|95
|
|t:|1659148452
|move|p2a: Corviknight|U-turn|p1a: Corviknight
|-resisted|p1a: Corviknight
|-damage|p1a: Corviknight|90/100 par
|
|t:|1659148457
|switch|p2a: Garchomp|Garchomp, M|97/100 slp|[from]move: U-turn
|move|p1a: Corviknight|U-turn|p2a: Garchomp
|-damage|p2a: Garchomp|88/100 slp
|-damage|p1a: Corviknight|78/100 par|[from] ability: Rough Skin|[of] p2a: Garchomp
|
|t:|1659148460
|switch|p1a: Dragapult|Dragapult, F, shiny|78/100|[from]move: U-turn
|
|-heal|p2a: Garchomp|94/100 slp|[from] item: Leftovers
|-fieldend|move: Psychic Terrain
|upkeep
|turn|96
|
|t:|1659148467
|switch|p2a: Blissey|Blissey, F|74/100
|move|p1a: Dragapult|U-turn|p2a: Blissey
|-crit|p2a: Blissey
|-damage|p2a: Blissey|50/100
|
|t:|1659148471
|switch|p1a: Urshifu|Urshifu-Rapid-Strike, M|78/100|[from]move: U-turn
|
|upkeep
|turn|97
|
|t:|1659148476
|switch|p1a: Tapu Lele|Tapu Lele|19/100 par
|-fieldstart|move: Psychic Terrain|[from] ability: Psychic Surge|[of] p1a: Tapu Lele
|switch|p2a: Toxapex|Toxapex, M|100/100
|
|upkeep
|turn|98
|
|t:|1659148483
|cant|p1a: Tapu Lele|par
|move|p2a: Toxapex|Scald|p1a: Tapu Lele
|-damage|p1a: Tapu Lele|2/100 par
|
|upkeep
|turn|99
|
|t:|1659148486
|switch|p2a: Corviknight|Corviknight, M|100/100
|-ability|p2a: Corviknight|Pressure
|move|p1a: Tapu Lele|Psychic|p2a: Corviknight
|-resisted|p2a: Corviknight
|-damage|p2a: Corviknight|68/100
|-unboost|p2a: Corviknight|spd|1
|
|-heal|p2a: Corviknight|74/100|[from] item: Leftovers
|upkeep
|turn|100
|
|t:|1659148491
|switch|p1a: Corviknight|Corviknight, M|78/100 par
|-ability|p1a: Corviknight|Pressure
|move|p2a: Corviknight|U-turn|p1a: Corviknight
|-resisted|p1a: Corviknight
|-damage|p1a: Corviknight|75/100 par
|
|t:|1659148495
|switch|p2a: Blissey|Blissey, F|50/100|[from]move: U-turn
|
|upkeep
|turn|101
|
|t:|1659148499
|move|p2a: Blissey|Soft-Boiled|p2a: Blissey
|-heal|p2a: Blissey|99/100
|move|p1a: Corviknight|Body Press|p2a: Blissey
|-supereffective|p2a: Blissey
|-damage|p2a: Blissey|58/100
|
|-fieldend|move: Psychic Terrain
|upkeep
|turn|102
|
|t:|1659148506
|move|p2a: Blissey|Soft-Boiled|p2a: Blissey
|-heal|p2a: Blissey|100/100
|move|p1a: Corviknight|U-turn|p2a: Blissey
|-damage|p2a: Blissey|87/100
|
|t:|1659148509
|switch|p1a: Urshifu|Urshifu-Rapid-Strike, M|78/100|[from]move: U-turn
|
|upkeep
|turn|103
|
|t:|1659148514
|switch|p2a: Toxapex|Toxapex, M|100/100
|move|p1a: Urshifu|U-turn|p2a: Toxapex
|-resisted|p2a: Toxapex
|-damage|p2a: Toxapex|90/100
|-damage|p1a: Urshifu|61/100|[from] item: Rocky Helmet|[of] p2a: Toxapex
|
|t:|1659148517
|switch|p1a: Tapu Lele|Tapu Lele|2/100 par|[from]move: U-turn
|-fieldstart|move: Psychic Terrain|[from] ability: Psychic Surge|[of] p1a: Tapu Lele
|
|upkeep
|turn|104
|
|t:|1659148520
|switch|p2a: Corviknight|Corviknight, M|74/100
|-ability|p2a: Corviknight|Pressure
|cant|p1a: Tapu Lele|par
|
|-heal|p2a: Corviknight|81/100|[from] item: Leftovers
|upkeep
|turn|105
|
|t:|1659148526
|switch|p1a: Corviknight|Corviknight, M|75/100 par
|-ability|p1a: Corviknight|Pressure
|move|p2a: Corviknight|U-turn|p1a: Corviknight
|-resisted|p1a: Corviknight
|-damage|p1a: Corviknight|73/100 par
|
|t:|1659148530
|switch|p2a: Garchomp|Garchomp, M|94/100 slp|[from]move: U-turn
|
|-heal|p2a: Garchomp|99/100 slp|[from] item: Leftovers
|upkeep
|turn|106
|
|t:|1659148536
|cant|p2a: Garchomp|slp
|move|p1a: Corviknight|U-turn|p2a: Garchomp
|-damage|p2a: Garchomp|91/100 slp
|-damage|p1a: Corviknight|61/100 par|[from] ability: Rough Skin|[of] p2a: Garchomp
|
|t:|1659148540
|switch|p1a: Dragapult|Dragapult, F, shiny|78/100|[from]move: U-turn
|
|-heal|p2a: Garchomp|97/100 slp|[from] item: Leftovers
|upkeep
|turn|107
|
|t:|1659148544
|switch|p2a: Clefable|Clefable, M|100/100
|move|p1a: Dragapult|U-turn|p2a: Clefable
|-resisted|p2a: Clefable
|-damage|p2a: Clefable|94/100
|
|t:|1659148554
|switch|p1a: Urshifu|Urshifu-Rapid-Strike, M|61/100|[from]move: U-turn
|
|-heal|p2a: Clefable|99/100|[from] item: Leftovers
|-fieldend|move: Psychic Terrain
|upkeep
|turn|108
|
|t:|1659148558
|move|p1a: Urshifu|U-turn|p2a: Clefable
|-resisted|p2a: Clefable
|-damage|p2a: Clefable|86/100
|
|t:|1659148560
|switch|p1a: Blissey|Blissey, F|88/100|[from]move: U-turn
|move|p2a: Clefable|Moonblast|p1a: Blissey
|-damage|p1a: Blissey|76/100
|
|-heal|p2a: Clefable|92/100|[from] item: Leftovers
|upkeep
|turn|109
|
|t:|1659148564
|move|p2a: Clefable|Calm Mind|p2a: Clefable
|-boost|p2a: Clefable|spa|1
|-boost|p2a: Clefable|spd|1
|move|p1a: Blissey|Seismic Toss|p2a: Clefable
|-damage|p2a: Clefable|66/100
|
|-heal|p2a: Clefable|72/100|[from] item: Leftovers
|upkeep
|turn|110
|
|t:|1659148573
|move|p2a: Clefable|Protect|p2a: Clefable
|-singleturn|p2a: Clefable|Protect
|move|p1a: Blissey|Teleport|p1a: Blissey
|
|t:|1659148577
|switch|p1a: Urshifu|Urshifu-Rapid-Strike, M|61/100|[from]move: Teleport
|
|-heal|p2a: Clefable|78/100|[from] item: Leftovers
|upkeep
|turn|111
|
|t:|1659148580
|move|p1a: Urshifu|Surging Strikes|p2a: Clefable
|-crit|p2a: Clefable
|-damage|p2a: Clefable|56/100
|-crit|p2a: Clefable
|-damage|p2a: Clefable|35/100
|-crit|p2a: Clefable
|-damage|p2a: Clefable|10/100
|-hitcount|p2a: Clefable|3
|move|p2a: Clefable|Moonblast|p1a: Urshifu
|-supereffective|p1a: Urshifu
|-damage|p1a: Urshifu|0 fnt
|faint|p1a: Urshifu
|
|-heal|p2a: Clefable|16/100|[from] item: Leftovers
|upkeep
|
|t:|1659148584
|switch|p1a: Dragapult|Dragapult, F, shiny|78/100
|turn|112
|
|t:|1659148587
|move|p2a: Clefable|Protect|p2a: Clefable
|-singleturn|p2a: Clefable|Protect
|move|p1a: Dragapult|U-turn|p2a: Clefable
|-activate|p2a: Clefable|move: Protect
|
|-heal|p2a: Clefable|23/100|[from] item: Leftovers
|upkeep
|turn|113
|
|t:|1659148592
|switch|p1a: Landorus|Landorus-Therian, M|37/100 tox
|-ability|p1a: Landorus|Intimidate|boost
|-unboost|p2a: Clefable|atk|1
|move|p2a: Clefable|Wish|p2a: Clefable
|
|-heal|p1a: Landorus|43/100 tox|[from] item: Leftovers
|-heal|p2a: Clefable|29/100|[from] item: Leftovers
|-damage|p1a: Landorus|37/100 tox|[from] psn
|upkeep
|turn|114
|
|t:|1659148596
|move|p2a: Clefable|Protect|p2a: Clefable
|-singleturn|p2a: Clefable|Protect
|move|p1a: Landorus|Stealth Rock|p2a: Clefable
|-sidestart|p2: WishMakerr|move: Stealth Rock
|
|-heal|p2a: Clefable|79/100|[from] move: Wish|[wisher] Clefable
|-heal|p1a: Landorus|43/100 tox|[from] item: Leftovers
|-heal|p2a: Clefable|85/100|[from] item: Leftovers
|-damage|p1a: Landorus|31/100 tox|[from] psn
|upkeep
|turn|115
|
|t:|1659148602
|move|p1a: Landorus|Earthquake|p2a: Clefable
|-damage|p2a: Clefable|47/100
|move|p2a: Clefable|Wish|p2a: Clefable
|
|-heal|p1a: Landorus|37/100 tox|[from] item: Leftovers
|-heal|p2a: Clefable|53/100|[from] item: Leftovers
|-damage|p1a: Landorus|19/100 tox|[from] psn
|upkeep
|turn|116
|
|t:|1659148607
|switch|p1a: Dragapult|Dragapult, F, shiny|78/100
|move|p2a: Clefable|Protect||[still]
|-fail|p2a: Clefable
|
|-heal|p2a: Clefable|100/100|[from] move: Wish|[wisher] Clefable
|upkeep
|turn|117
|-message|Justin UA forfeited.
|
|win|WishMakerr
|raw|Justin UA's rating: 1710 &rarr; <strong>1697</strong><br />(-13 for losing)
|raw|WishMakerr's rating: 1842 &rarr; <strong>1855</strong><br />(+13 for winning)
|l|☆Justin UA
