|html|<div class="broadcast-blue"><strong>[Gen 8] OU is currently suspecting Melmetal! For information on how to participate check out the <a href="https://www.smogon.com/forums/threads/np-ss-ou-suspect-process-round-12-monster-mash.3709234/">suspect thread</a>.</strong></div>
|j|☆Darkman64
|j|☆vulfpecko
|t:|1666749700
|gametype|singles
|player|p1|Darkman64|juan|1595
|player|p2|vulfpecko|interviewers|1565
|teamsize|p1|6
|teamsize|p2|6
|gen|8
|tier|[Gen 8] OU
|rated|
|rule|Sleep Clause Mod: Limit one foe put to sleep
|rule|Species Clause: Limit one of each Pokémon
|rule|OHKO Clause: OHKO moves are banned
|rule|Evasion Items Clause: Evasion items are banned
|rule|Evasion Moves Clause: Evasion moves are banned
|rule|Endless Battle Clause: Forcing endless battles is banned
|rule|HP Percentage Mod: HP is shown in percentages
|rule|Dynamax Clause: You cannot dynamax
|clearpoke
|poke|p1|Weavile, F|
|poke|p1|Slowbro, F|
|poke|p1|Landorus-Therian, M|
|poke|p1|Urshifu-*, M|
|poke|p1|Ferrothorn, F|
|poke|p1|Clefable, F|
|poke|p2|Melmetal|
|poke|p2|Slowbro, F|
|poke|p2|Nidoking, M|
|poke|p2|Tapu Lele|
|poke|p2|Kartana|
|poke|p2|Landorus-Therian, M|
|teampreview
|
|t:|1666749710
|start
|switch|p1a: Weavile|Weavile, F|100/100
|switch|p2a: Melmetal|Melmetal|100/100
|-ability|p1a: Weavile|Pressure
|turn|1
|inactive|Battle timer is ON: inactive players will automatically lose when time's up. (requested by vulfpecko)
|
|t:|1666749715
|switch|p1a: Slowbro|Slowbro, F|100/100
|move|p2a: Melmetal|Superpower|p1a: Slowbro
|-resisted|p1a: Slowbro
|-damage|p1a: Slowbro|76/100
|-unboost|p2a: Melmetal|atk|1
|-unboost|p2a: Melmetal|def|1
|
|upkeep
|turn|2
|
|t:|1666749723
|switch|p2a: Slowbro|Slowbro, F|100/100
|move|p1a: Slowbro|Scald|p2a: Slowbro
|-resisted|p2a: Slowbro
|-damage|p2a: Slowbro|86/100
|
|upkeep
|turn|3
|j| Clefan
|inactive|Darkman64 has 120 seconds left.
|inactive|Darkman64 has 90 seconds left.
|
|t:|1666749798
|move|p2a: Slowbro|Teleport|p2a: Slowbro
|
|t:|1666749809
|switch|p2a: Melmetal|Melmetal|100/100|[from]move: Teleport
|move|p1a: Slowbro|Teleport|p1a: Slowbro
|
|t:|1666749830
|switch|p1a: Landorus|Landorus-Therian, M|100/100|[from]move: Teleport
|-ability|p1a: Landorus|Intimidate|boost
|-unboost|p2a: Melmetal|atk|1
|
|upkeep
|turn|4
|
|t:|1666749841
|switch|p2a: Landorus|Landorus-Therian, M|100/100
|-ability|p2a: Landorus|Intimidate|boost
|-unboost|p1a: Landorus|atk|1
|move|p1a: Landorus|Earthquake|p2a: Landorus
|-immune|p2a: Landorus
|
|upkeep
|turn|5
|inactive|Darkman64 has 60 seconds left.
|inactive|Darkman64 has 30 seconds left.
|
|t:|1666749909
|move|p1a: Landorus|Toxic|p2a: Landorus
|-status|p2a: Landorus|tox
|move|p2a: Landorus|Stealth Rock|p1a: Landorus
|-sidestart|p1: Darkman64|move: Stealth Rock
|
|-damage|p2a: Landorus|94/100 tox|[from] psn
|upkeep
|turn|6
|
|t:|1666749923
|move|p1a: Landorus|Defog|p2a: Landorus
|-unboost|p2a: Landorus|evasion|1
|-sideend|p1: Darkman64|Stealth Rock|[from] move: Defog|[of] p1a: Landorus
|move|p2a: Landorus|U-turn|p1a: Landorus
|-resisted|p1a: Landorus
|-damage|p1a: Landorus|91/100
|
|t:|1666749930
|switch|p2a: Nidoking|Nidoking, M|100/100|[from]move: U-turn
|
|-heal|p1a: Landorus|97/100|[from] item: Leftovers
|upkeep
|turn|7
|
|t:|1666749945
|switch|p1a: Slowbro|Slowbro, F|100/100
|move|p2a: Nidoking|Ice Beam|p1a: Slowbro
|-resisted|p1a: Slowbro
|-damage|p1a: Slowbro|81/100
|
|upkeep
|turn|8
|
|t:|1666749956
|move|p2a: Nidoking|Sludge Wave|p1a: Slowbro
|-damage|p1a: Slowbro|20/100
|move|p1a: Slowbro|Scald|p2a: Nidoking
|-supereffective|p2a: Nidoking
|-damage|p2a: Nidoking|27/100
|
|upkeep
|turn|9
|inactive|Darkman64 has 30 seconds left.
|
|t:|1666749987
|switch|p1a: Ferrothorn|Ferrothorn, F|100/100
|move|p2a: Nidoking|Earth Power|p1a: Ferrothorn
|-damage|p1a: Ferrothorn|52/100
|
|-heal|p1a: Ferrothorn|59/100|[from] item: Leftovers
|upkeep
|turn|10
|
|t:|1666749994
|switch|p1a: Urshifu|Urshifu-Rapid-Strike, M|100/100
|move|p2a: Nidoking|Flamethrower|p1a: Urshifu
|-resisted|p1a: Urshifu
|-damage|p1a: Urshifu|71/100
|
|upkeep
|turn|11
|inactive|Darkman64 has 30 seconds left.
|inactive|Darkman64 has 20 seconds left.
|
|t:|1666750022
|switch|p2a: Slowbro|Slowbro, F|100/100
|move|p1a: Urshifu|Surging Strikes|p2a: Slowbro
|-resisted|p2a: Slowbro
|-crit|p2a: Slowbro
|-damage|p2a: Slowbro|91/100
|-damage|p1a: Urshifu|55/100|[from] item: Rocky Helmet|[of] p2a: Slowbro
|-resisted|p2a: Slowbro
|-crit|p2a: Slowbro
|-damage|p2a: Slowbro|82/100
|-damage|p1a: Urshifu|38/100|[from] item: Rocky Helmet|[of] p2a: Slowbro
|-resisted|p2a: Slowbro
|-crit|p2a: Slowbro
|-damage|p2a: Slowbro|73/100
|-damage|p1a: Urshifu|21/100|[from] item: Rocky Helmet|[of] p2a: Slowbro
|-hitcount|p2a: Slowbro|3
|
|upkeep
|turn|12
|inactive|Darkman64 has 30 seconds left this turn.
|
|t:|1666750029
|switch|p1a: Ferrothorn|Ferrothorn, F|59/100
|move|p2a: Slowbro|Teleport|p2a: Slowbro
|
|t:|1666750032
|switch|p2a: Nidoking|Nidoking, M|27/100|[from]move: Teleport
|
|-heal|p1a: Ferrothorn|65/100|[from] item: Leftovers
|upkeep
|turn|13
|
|t:|1666750039
|switch|p1a: Landorus|Landorus-Therian, M|97/100
|-ability|p1a: Landorus|Intimidate|boost
|-unboost|p2a: Nidoking|atk|1
|move|p2a: Nidoking|Flamethrower|p1a: Landorus
|-damage|p1a: Landorus|67/100
|
|-heal|p1a: Landorus|73/100|[from] item: Leftovers
|upkeep
|turn|14
|
|t:|1666750043
|switch|p1a: Clefable|Clefable, F|100/100
|move|p2a: Nidoking|Ice Beam|p1a: Clefable
|-damage|p1a: Clefable|61/100
|
|-heal|p1a: Clefable|67/100|[from] item: Leftovers
|upkeep
|turn|15
|
|t:|1666750046
|move|p1a: Clefable|Protect|p1a: Clefable
|-singleturn|p1a: Clefable|Protect
|move|p2a: Nidoking|Sludge Wave|p1a: Clefable
|-activate|p1a: Clefable|move: Protect
|
|-heal|p1a: Clefable|73/100|[from] item: Leftovers
|upkeep
|turn|16
|
|t:|1666750050
|switch|p1a: Ferrothorn|Ferrothorn, F|65/100
|move|p2a: Nidoking|Sludge Wave|p1a: Ferrothorn
|-immune|p1a: Ferrothorn
|
|-heal|p1a: Ferrothorn|71/100|[from] item: Leftovers
|upkeep
|turn|17
|
|t:|1666750055
|switch|p1a: Weavile|Weavile, F|100/100
|-ability|p1a: Weavile|Pressure
|move|p2a: Nidoking|Flamethrower|p1a: Weavile
|-supereffective|p1a: Weavile
|-damage|p1a: Weavile|0 fnt
|faint|p1a: Weavile
|
|upkeep
|
|t:|1666750057
|switch|p1a: Urshifu|Urshifu-Rapid-Strike, M|21/100
|turn|18
|
|t:|1666750060
|switch|p2a: Slowbro|Slowbro, F|100/100
|move|p1a: Urshifu|U-turn|p2a: Slowbro
|-supereffective|p2a: Slowbro
|-damage|p2a: Slowbro|54/100
|-damage|p1a: Urshifu|5/100|[from] item: Rocky Helmet|[of] p2a: Slowbro
|
|t:|1666750064
|switch|p1a: Ferrothorn|Ferrothorn, F|71/100|[from]move: U-turn
|
|-heal|p1a: Ferrothorn|77/100|[from] item: Leftovers
|upkeep
|turn|19
|
|t:|1666750068
|move|p1a: Ferrothorn|Knock Off|p2a: Slowbro
|-supereffective|p2a: Slowbro
|-crit|p2a: Slowbro
|-damage|p2a: Slowbro|17/100
|-damage|p1a: Ferrothorn|61/100|[from] item: Rocky Helmet|[of] p2a: Slowbro
|-enditem|p2a: Slowbro|Rocky Helmet|[from] move: Knock Off|[of] p1a: Ferrothorn
|move|p2a: Slowbro|Teleport|p2a: Slowbro
|
|t:|1666750070
|switch|p2a: Nidoking|Nidoking, M|27/100|[from]move: Teleport
|
|-heal|p1a: Ferrothorn|67/100|[from] item: Leftovers
|upkeep
|turn|20
|
|t:|1666750077
|switch|p1a: Landorus|Landorus-Therian, M|73/100
|-ability|p1a: Landorus|Intimidate|boost
|-unboost|p2a: Nidoking|atk|1
|move|p2a: Nidoking|Flamethrower|p1a: Landorus
|-crit|p1a: Landorus
|-damage|p1a: Landorus|28/100
|
|-heal|p1a: Landorus|34/100|[from] item: Leftovers
|upkeep
|turn|21
|
|t:|1666750081
|move|p2a: Nidoking|Ice Beam|p1a: Landorus
|-supereffective|p1a: Landorus
|-damage|p1a: Landorus|0 fnt
|faint|p1a: Landorus
|
|upkeep
|
|t:|1666750083
|switch|p1a: Urshifu|Urshifu-Rapid-Strike, M|5/100
|turn|22
|
|t:|1666750085
|switch|p1a: Ferrothorn|Ferrothorn, F|67/100
|switch|p2a: Slowbro|Slowbro, F|50/100
|
|-heal|p1a: Ferrothorn|74/100|[from] item: Leftovers
|upkeep
|turn|23
|
|t:|1666750088
|move|p1a: Ferrothorn|Spikes|p2a: Slowbro
|-sidestart|p2: vulfpecko|Spikes
|move|p2a: Slowbro|Teleport|p2a: Slowbro
|
|t:|1666750092
|switch|p2a: Nidoking|Nidoking, M|27/100|[from]move: Teleport
|-damage|p2a: Nidoking|14/100|[from] Spikes
|
|-heal|p1a: Ferrothorn|80/100|[from] item: Leftovers
|upkeep
|turn|24
|
|t:|1666750101
|move|p2a: Nidoking|Flamethrower|p1a: Ferrothorn
|-supereffective|p1a: Ferrothorn
|-damage|p1a: Ferrothorn|0 fnt
|faint|p1a: Ferrothorn
|
|upkeep
|
|t:|1666750103
|switch|p1a: Urshifu|Urshifu-Rapid-Strike, M|5/100
|turn|25
|
|t:|1666750106
|switch|p1a: Clefable|Clefable, F|73/100
|switch|p2a: Slowbro|Slowbro, F|83/100
|-damage|p2a: Slowbro|71/100|[from] Spikes
|
|-heal|p1a: Clefable|79/100|[from] item: Leftovers
|upkeep
|turn|26
|
|t:|1666750112
|move|p1a: Clefable|Teleport|p1a: Clefable
|
|t:|1666750113
|switch|p1a: Urshifu|Urshifu-Rapid-Strike, M|5/100|[from]move: Teleport
|move|p2a: Slowbro|Teleport|p2a: Slowbro
|
|t:|1666750120
|switch|p2a: Kartana|Kartana|100/100|[from]move: Teleport
|-damage|p2a: Kartana|88/100|[from] Spikes
|
|upkeep
|turn|27
|
|t:|1666750124
|switch|p1a: Slowbro|Slowbro, F|54/100
|move|p2a: Kartana|Leaf Blade|p1a: Slowbro
|-supereffective|p1a: Slowbro
|-crit|p1a: Slowbro
|-damage|p1a: Slowbro|0 fnt
|faint|p1a: Slowbro
|-ability|p2a: Kartana|Beast Boost|boost
|-boost|p2a: Kartana|atk|1
|
|upkeep
|
|t:|1666750126
|switch|p1a: Clefable|Clefable, F|79/100
|turn|28
|c|☆Darkman64|gg
|
|t:|1666750133
|move|p2a: Kartana|Leaf Blade|p1a: Clefable
|-crit|p1a: Clefable
|-damage|p1a: Clefable|10/100
|move|p1a: Clefable|Wish|p1a: Clefable
|
|-heal|p1a: Clefable|16/100|[from] item: Leftovers
|upkeep
|turn|29
|c|☆vulfpecko|gg
|
|t:|1666750146
|switch|p2a: Melmetal|Melmetal|100/100
|-damage|p2a: Melmetal|88/100|[from] Spikes
|move|p1a: Clefable|Protect||[still]
|-fail|p1a: Clefable
|
|-heal|p1a: Clefable|66/100|[from] move: Wish|[wisher] Clefable
|-heal|p1a: Clefable|72/100|[from] item: Leftovers
|upkeep
|turn|30
|
|t:|1666750148
|move|p1a: Clefable|Protect|p1a: Clefable
|-singleturn|p1a: Clefable|Protect
|move|p2a: Melmetal|Double Iron Bash|p1a: Clefable
|-activate|p1a: Clefable|move: Protect
|
|-heal|p1a: Clefable|78/100|[from] item: Leftovers
|upkeep
|turn|31
|
|t:|1666750150
|move|p2a: Melmetal|Double Iron Bash|p1a: Clefable
|-supereffective|p1a: Clefable
|-damage|p1a: Clefable|0 fnt
|faint|p1a: Clefable
|-hitcount|p1: Clefable|1
|
|upkeep
|
|t:|1666750151
|switch|p1a: Urshifu|Urshifu-Rapid-Strike, M|5/100
|turn|32
|
|t:|1666750154
|move|p1a: Urshifu|Close Combat|p2a: Melmetal
|-supereffective|p2a: Melmetal
|-damage|p2a: Melmetal|0 fnt
|-unboost|p1a: Urshifu|def|1
|-unboost|p1a: Urshifu|spd|1
|faint|p2a: Melmetal
|
|upkeep
|
|t:|1666750161
|switch|p2a: Landorus|Landorus-Therian, M|94/100 tox
|-ability|p2a: Landorus|Intimidate|boost
|-unboost|p1a: Urshifu|atk|1
|turn|33
|
|t:|1666750166
|switch|p2a: Nidoking|Nidoking, M|14/100
|-damage|p2a: Nidoking|2/100|[from] Spikes
|move|p1a: Urshifu|Close Combat|p2a: Nidoking
|-resisted|p2a: Nidoking
|-damage|p2a: Nidoking|0 fnt
|-unboost|p1a: Urshifu|def|1
|-unboost|p1a: Urshifu|spd|1
|faint|p2a: Nidoking
|
|upkeep
|
|t:|1666750169
|switch|p2a: Landorus|Landorus-Therian, M|94/100 tox
|-ability|p2a: Landorus|Intimidate|boost
|-unboost|p1a: Urshifu|atk|1
|turn|34
|
|t:|1666750177
|move|p1a: Urshifu|Close Combat|p2a: Landorus
|-resisted|p2a: Landorus
|-damage|p2a: Landorus|74/100 tox
|-unboost|p1a: Urshifu|def|1
|-unboost|p1a: Urshifu|spd|1
|move|p2a: Landorus|Earthquake|p1a: Urshifu
|-damage|p1a: Urshifu|0 fnt
|faint|p1a: Urshifu
|
|win|vulfpecko
|raw|Darkman64's rating: 1581 &rarr; <strong>1560</strong><br />(-21 for losing)
|raw|vulfpecko's rating: 1565 &rarr; <strong>1586</strong><br />(+21 for winning)
|l|☆Darkman64
