|j|☆Bassyxx
|j|☆ShiX-444
|player|p1|Bassyxx|teammagmagruntf-gen3|1310
|player|p2|ShiX-444|1|1267
|teamsize|p1|6
|teamsize|p2|6
|gametype|singles
|gen|8
|tier|[Gen 8] OU
|rated|
|clearpoke
|poke|p1|Togekiss, M|
|poke|p1|Kyurem|
|poke|p1|Rillaboom, F|
|poke|p1|Cinderace, M|
|poke|p1|Dragapult, M|
|poke|p1|Zeraora|
|poke|p2|Mamoswine, F|
|poke|p2|Kyurem|
|poke|p2|Corviknight, M|
|poke|p2|Hydreigon, F|
|poke|p2|Clefable, F|
|poke|p2|Toxapex, M|
|rule|Sleep Clause Mod: Limit one foe put to sleep
|rule|Species Clause: Limit one of each Pokémon
|rule|OHKO Clause: OHKO moves are banned
|rule|Evasion Moves Clause: Evasion moves are banned
|rule|Endless Battle Clause: Forcing endless battles is banned
|rule|HP Percentage Mod: HP is shown in percentages
|rule|Dynamax Clause: You cannot dynamax
|teampreview
|c|☆ShiX-444|fancy team
|inactive|Battle timer is ON: inactive players will automatically lose when time's up. (requested by Bassyxx)
|c|☆ShiX-444|i like the rilla
|
|start
|switch|p1a: Kyurem|Kyurem|100/100
|switch|p2a: Infinite Fusion?|Kyurem|100/100
|-ability|p2a: Infinite Fusion?|Pressure
|-ability|p1a: Kyurem|Pressure
|turn|1
|
|switch|p2a: Kleffer|Clefable, F|100/100
|move|p1a: Kyurem|Earth Power|p2a: Kleffer
|-damage|p2a: Kleffer|79/100
|-unboost|p2a: Kleffer|spd|1
|
|-heal|p2a: Kleffer|85/100|[from] item: Leftovers
|upkeep
|turn|2
|
|move|p1a: Kyurem|Flash Cannon|p2a: Kleffer
|-supereffective|p2a: Kleffer
|-damage|p2a: Kleffer|19/100
|move|p2a: Kleffer|Wish|p2a: Kleffer
|
|-heal|p2a: Kleffer|25/100|[from] item: Leftovers
|upkeep
|turn|3
|
|switch|p1a: Cinderace|Cinderace, M|100/100
|switch|p2a: Knight Rider|Corviknight, M|100/100
|-ability|p2a: Knight Rider|Pressure
|
|upkeep
|turn|4
|
|switch|p2a: Team ApeX|Toxapex, M|100/100
|move|p1a: Cinderace|Pyro Ball|p2a: Team ApeX
|-resisted|p2a: Team ApeX
|-damage|p2a: Team ApeX|76/100
|
|-heal|p2a: Team ApeX|82/100|[from] item: Black Sludge
|upkeep
|turn|5
|
|switch|p1a: Zeraora|Zeraora|100/100
|move|p2a: Team ApeX|Baneful Bunker||[still]
|-fail|p2a: Team ApeX
|
|-heal|p2a: Team ApeX|88/100|[from] item: Black Sludge
|upkeep
|turn|6
|
|move|p2a: Team ApeX|Baneful Bunker|p2a: Team ApeX
|-singleturn|p2a: Team ApeX|move: Protect
|move|p1a: Zeraora|Close Combat|p2a: Team ApeX
|-activate|p2a: Team ApeX|move: Protect
|-status|p1a: Zeraora|psn
|
|-heal|p2a: Team ApeX|95/100|[from] item: Black Sludge
|-damage|p1a: Zeraora|88/100 psn|[from] psn
|upkeep
|turn|7
|
|move|p1a: Zeraora|Plasma Fists|p2a: Team ApeX
|-supereffective|p2a: Team ApeX
|-damage|p2a: Team ApeX|17/100
|-fieldactivate|move: Ion Deluge
|-damage|p1a: Zeraora|78/100 psn|[from] item: Life Orb
|move|p2a: Team ApeX|Scald|p1a: Zeraora
|-damage|p1a: Zeraora|57/100 psn
|
|-heal|p2a: Team ApeX|23/100|[from] item: Black Sludge
|-damage|p1a: Zeraora|45/100 psn|[from] psn
|upkeep
|turn|8
|
|switch|p1a: Dragapult|Dragapult, M|100/100
|move|p2a: Team ApeX|Baneful Bunker||[still]
|-fail|p2a: Team ApeX
|
|-heal|p2a: Team ApeX|29/100|[from] item: Black Sludge
|upkeep
|turn|9
|
|switch|p2a: Kleffer|Clefable, F|25/100
|move|p1a: Dragapult|Dragon Darts|p2a: Kleffer
|-immune|p2a: Kleffer
|
|-heal|p2a: Kleffer|31/100|[from] item: Leftovers
|upkeep
|turn|10
|
|move|p1a: Dragapult|Phantom Force||[still]
|-prepare|p1a: Dragapult|Phantom Force|p2a: Kleffer
|move|p2a: Kleffer|Wish|p2a: Kleffer
|
|-heal|p2a: Kleffer|37/100|[from] item: Leftovers
|upkeep
|turn|11
|
|move|p2a: Kleffer|Protect|p2a: Kleffer
|-singleturn|p2a: Kleffer|Protect
|move|p1a: Dragapult|Phantom Force|p2a: Kleffer|[from]lockedmove
|-activate|p2a: Kleffer|move: Phantom Force|[broken]
|-damage|p2a: Kleffer|0 fnt
|faint|p2a: Kleffer
|
|upkeep
|
|switch|p2a: Hy3Calgon|Hydreigon, F|100/100
|turn|12
|
|move|p2a: Hy3Calgon|Draco Meteor|p1a: Dragapult
|-supereffective|p1a: Dragapult
|-damage|p1a: Dragapult|0 fnt
|-unboost|p2a: Hy3Calgon|spa|2
|faint|p1a: Dragapult
|
|upkeep
|
|switch|p1a: Togekiss|Togekiss, M|100/100
|turn|13
|
|switch|p2a: Team ApeX|Toxapex, M|62/100
|move|p1a: Togekiss|Nasty Plot|p1a: Togekiss
|-boost|p1a: Togekiss|spa|2
|
|-heal|p2a: Team ApeX|69/100|[from] item: Black Sludge
|upkeep
|turn|14
|
|move|p1a: Togekiss|Dazzling Gleam|p2a: Team ApeX
|-resisted|p2a: Team ApeX
|-crit|p2a: Team ApeX
|-damage|p2a: Team ApeX|19/100
|move|p2a: Team ApeX|Haze|p2a: Team ApeX
|-clearallboost
|
|-heal|p2a: Team ApeX|25/100|[from] item: Black Sludge
|upkeep
|turn|15
|
|switch|p2a: Knight Rider|Corviknight, M|100/100
|-ability|p2a: Knight Rider|Pressure
|move|p1a: Togekiss|Dazzling Gleam|p2a: Knight Rider
|-resisted|p2a: Knight Rider
|-damage|p2a: Knight Rider|87/100
|
|-heal|p2a: Knight Rider|93/100|[from] item: Leftovers
|upkeep
|turn|16
|
|move|p1a: Togekiss|Flamethrower|p2a: Knight Rider
|-supereffective|p2a: Knight Rider
|-crit|p2a: Knight Rider
|-damage|p2a: Knight Rider|27/100
|move|p2a: Knight Rider|U-turn|p1a: Togekiss
|-resisted|p1a: Togekiss
|-damage|p1a: Togekiss|96/100
|c|☆ShiX-444|AGAIN REAALLLLY
|
|switch|p2a: Infinite Fusion?|Kyurem|100/100|[from]move: U-turn
|-ability|p2a: Infinite Fusion?|Pressure
|
|upkeep
|turn|17
|
|switch|p1a: Cinderace|Cinderace, M|100/100
|move|p2a: Infinite Fusion?|Ice Beam|p1a: Cinderace
|-resisted|p1a: Cinderace
|-damage|p1a: Cinderace|51/100
|
|upkeep
|turn|18
|
|switch|p2a: Team ApeX|Toxapex, M|59/100
|move|p1a: Cinderace|Pyro Ball|p2a: Team ApeX
|-resisted|p2a: Team ApeX
|-damage|p2a: Team ApeX|34/100
|
|-heal|p2a: Team ApeX|40/100|[from] item: Black Sludge
|upkeep
|turn|19
|
|move|p1a: Cinderace|Pyro Ball|p2a: Team ApeX
|-resisted|p2a: Team ApeX
|-damage|p2a: Team ApeX|15/100
|move|p2a: Team ApeX|Recover|p2a: Team ApeX
|-heal|p2a: Team ApeX|65/100
|
|-heal|p2a: Team ApeX|71/100|[from] item: Black Sludge
|upkeep
|turn|20
|
|switch|p1a: Zeraora|Zeraora|45/100 psn
|move|p2a: Team ApeX|Scald|p1a: Zeraora
|-damage|p1a: Zeraora|22/100 psn
|
|-heal|p2a: Team ApeX|77/100|[from] item: Black Sludge
|-damage|p1a: Zeraora|10/100 psn|[from] psn
|upkeep
|turn|21
|
|move|p2a: Team ApeX|Baneful Bunker|p2a: Team ApeX
|-singleturn|p2a: Team ApeX|move: Protect
|move|p1a: Zeraora|Knock Off|p2a: Team ApeX
|-activate|p2a: Team ApeX|move: Protect
|
|-heal|p2a: Team ApeX|83/100|[from] item: Black Sludge
|-damage|p1a: Zeraora|0 fnt|[from] psn
|faint|p1a: Zeraora
|upkeep
|
|switch|p1a: Rillaboom|Rillaboom, F|100/100
|-fieldstart|move: Grassy Terrain|[from] ability: Grassy Surge|[of] p1a: Rillaboom
|-enditem|p1a: Rillaboom|Grassy Seed
|-boost|p1a: Rillaboom|def|1|[from] item: Grassy Seed
|turn|22
|
|switch|p2a: Infinite Fusion?|Kyurem|100/100
|-ability|p2a: Infinite Fusion?|Pressure
|move|p1a: Rillaboom|Bulk Up|p1a: Rillaboom
|-boost|p1a: Rillaboom|atk|1
|-boost|p1a: Rillaboom|def|1
|
|upkeep
|turn|23
|
|move|p2a: Infinite Fusion?|Ice Beam|p1a: Rillaboom
|-supereffective|p1a: Rillaboom
|-damage|p1a: Rillaboom|0 fnt
|faint|p1a: Rillaboom
|
|upkeep
|
|switch|p1a: Cinderace|Cinderace, M|51/100
|turn|24
|
|switch|p2a: Team ApeX|Toxapex, M|100/100
|move|p1a: Cinderace|High Jump Kick|p2a: Team ApeX|[miss]
|-start|p1a: Cinderace|typechange|Fighting|[from] ability: Libero
|-miss|p1a: Cinderace|p2a: Team ApeX
|-damage|p1a: Cinderace|1/100|[from] highjumpkick
|
|-heal|p1a: Cinderace|7/100|[from] Grassy Terrain
|upkeep
|turn|25
|c|☆Bassyxx|zzz
|
|switch|p1a: Kyurem|Kyurem|100/100
|-ability|p1a: Kyurem|Pressure
|move|p2a: Team ApeX|Baneful Bunker||[still]
|-fail|p2a: Team ApeX
|
|upkeep
|turn|26
|
|move|p2a: Team ApeX|Baneful Bunker|p2a: Team ApeX
|-singleturn|p2a: Team ApeX|move: Protect
|move|p1a: Kyurem|Freeze-Dry|p2a: Team ApeX
|-activate|p2a: Team ApeX|move: Protect
|
|-fieldend|move: Grassy Terrain
|upkeep
|turn|27
|
|switch|p2a: Momoschwein|Mamoswine, F|100/100
|move|p1a: Kyurem|Earth Power|p2a: Momoschwein
|-damage|p2a: Momoschwein|55/100
|
|upkeep
|turn|28
|
|switch|p2a: Knight Rider|Corviknight, M|27/100
|-ability|p2a: Knight Rider|Pressure
|move|p1a: Kyurem|Focus Blast|p2a: Knight Rider
|-damage|p2a: Knight Rider|0 fnt
|faint|p2a: Knight Rider
|
|upkeep
|inactive|ShiX-444 has 120 seconds left.
|
|switch|p2a: Infinite Fusion?|Kyurem|100/100
|-ability|p2a: Infinite Fusion?|Pressure
|turn|29
|
|move|p2a: Infinite Fusion?|Draco Meteor|p1a: Kyurem
|-supereffective|p1a: Kyurem
|-damage|p1a: Kyurem|0 fnt
|-unboost|p2a: Infinite Fusion?|spa|2
|faint|p1a: Kyurem
|
|upkeep
|
|switch|p1a: Togekiss|Togekiss, M|96/100
|turn|30
|
|switch|p2a: Team ApeX|Toxapex, M|100/100
|move|p1a: Togekiss|Dazzling Gleam|p2a: Team ApeX
|-resisted|p2a: Team ApeX
|-damage|p2a: Team ApeX|83/100
|
|-heal|p2a: Team ApeX|89/100|[from] item: Black Sludge
|upkeep
|turn|31
|
|switch|p1a: Cinderace|Cinderace, M|7/100
|move|p2a: Team ApeX|Scald|p1a: Cinderace
|-supereffective|p1a: Cinderace
|-damage|p1a: Cinderace|0 fnt
|faint|p1a: Cinderace
|
|-heal|p2a: Team ApeX|95/100|[from] item: Black Sludge
|upkeep
|c|☆Bassyxx|Toxic
|-message|Bassyxx forfeited.
|
|win|ShiX-444
|l|☆Bassyxx
|raw|Bassyxx's rating: 1291 &rarr; <strong>1265</strong><br />(-26 for losing)
|raw|ShiX-444's rating: 1267 &rarr; <strong>1294</strong><br />(+27 for winning)
