|raw|<div class="broadcast-blue"><strong>This battle is required to be public due to a player having a name starting with 'lt91bb'.</div>
|j|☆LT91BB crying
|j|☆nthirteen
|t:|1659045199
|gametype|singles
|player|p1|LT91BB crying|#dpppl2022luckylucarios|1794
|player|p2|nthirteen|102|1797
|teamsize|p1|6
|teamsize|p2|6
|gen|8
|tier|[Gen 8] OU
|rated|
|rule|Sleep Clause Mod: Limit one foe put to sleep
|rule|Species Clause: Limit one of each Pokémon
|rule|OHKO Clause: OHKO moves are banned
|rule|Evasion Moves Clause: Evasion moves are banned
|rule|Endless Battle Clause: Forcing endless battles is banned
|rule|HP Percentage Mod: HP is shown in percentages
|rule|Dynamax Clause: You cannot dynamax
|clearpoke
|poke|p1|Torkoal, F|
|poke|p1|Mandibuzz, F|
|poke|p1|Heatran, M|
|poke|p1|Swampert, M|
|poke|p1|Victini|
|poke|p1|Dragapult, F|
|poke|p2|Urshifu-*, F|
|poke|p2|Toxapex, F|
|poke|p2|Slowking-Galar, F|
|poke|p2|Landorus-Therian, M|
|poke|p2|Weavile, M|
|poke|p2|Corviknight, M|
|teampreview
|inactive|Battle timer is ON: inactive players will automatically lose when time's up. (requested by LT91BB crying)
|
|t:|1659045217
|start
|switch|p1a: Victini|Victini|100/100
|switch|p2a: Slowking|Slowking-Galar, F|100/100
|turn|1
|
|t:|1659045234
|switch|p2a: Corviknight|Corviknight, M|100/100
|-ability|p2a: Corviknight|Pressure
|move|p1a: Victini|Final Gambit|p2a: Corviknight
|-damage|p2a: Corviknight|0 fnt
|faint|p1a: Victini
|faint|p2a: Corviknight
|
|upkeep
|
|t:|1659045244
|switch|p1a: Torkoal|Torkoal, F|100/100
|switch|p2a: Slowking|Slowking-Galar, F|100/100
|-weather|SunnyDay|[from] ability: Drought|[of] p1a: Torkoal
|turn|2
|
|t:|1659045248
|switch|p1a: Swampert|Swampert, M|100/100
|move|p2a: Slowking|Sludge Bomb|p1a: Swampert
|-resisted|p1a: Swampert
|-damage|p1a: Swampert|79/100
|
|-weather|SunnyDay|[upkeep]
|upkeep
|turn|3
|
|t:|1659045255
|switch|p2a: Toxapex|Toxapex, F|100/100
|move|p1a: Swampert|Earthquake|p2a: Toxapex
|-supereffective|p2a: Toxapex
|-damage|p2a: Toxapex|0 fnt
|faint|p2a: Toxapex
|
|-weather|SunnyDay|[upkeep]
|upkeep
|
|t:|1659045257
|switch|p2a: Landorus|Landorus-Therian, M|100/100
|-ability|p2a: Landorus|Intimidate|boost
|-unboost|p1a: Swampert|atk|1
|turn|4
|
|t:|1659045260
|switch|p1a: Mandibuzz|Mandibuzz, F|100/100
|move|p2a: Landorus|Toxic|p1a: Mandibuzz
|-status|p1a: Mandibuzz|tox
|
|-weather|SunnyDay|[upkeep]
|-damage|p1a: Mandibuzz|94/100 tox|[from] psn
|upkeep
|turn|5
|
|t:|1659045264
|move|p1a: Mandibuzz|Toxic|p2a: Landorus
|-status|p2a: Landorus|tox
|move|p2a: Landorus|Stealth Rock|p1a: Mandibuzz
|-sidestart|p1: LT91BB crying|move: Stealth Rock
|
|-weather|SunnyDay|[upkeep]
|-damage|p1a: Mandibuzz|82/100 tox|[from] psn
|-damage|p2a: Landorus|94/100 tox|[from] psn
|upkeep
|turn|6
|
|t:|1659045266
|move|p1a: Mandibuzz|Defog|p2a: Landorus
|-unboost|p2a: Landorus|evasion|1
|-sideend|p1: LT91BB crying|Stealth Rock|[from] move: Defog|[of] p1a: Mandibuzz
|move|p2a: Landorus|U-turn|p1a: Mandibuzz
|-damage|p1a: Mandibuzz|69/100 tox
|-damage|p2a: Landorus|78/100 tox|[from] item: Rocky Helmet|[of] p1a: Mandibuzz
|
|t:|1659045268
|switch|p2a: Weavile|Weavile, M|100/100|[from]move: U-turn
|-ability|p2a: Weavile|Pressure
|
|-weather|SunnyDay|[upkeep]
|-damage|p1a: Mandibuzz|50/100 tox|[from] psn
|upkeep
|turn|7
|
|t:|1659045273
|switch|p2a: Landorus|Landorus-Therian, M|78/100 tox
|-ability|p2a: Landorus|Intimidate|boost
|-unboost|p1a: Mandibuzz|atk|1
|switch|p1a: Torkoal|Torkoal, F|100/100
|
|-weather|SunnyDay|[upkeep]
|-heal|p2a: Landorus|84/100 tox|[from] item: Leftovers
|-damage|p2a: Landorus|78/100 tox|[from] psn
|upkeep
|turn|8
|
|t:|1659045278
|move|p2a: Landorus|Earthquake|p1a: Torkoal
|-supereffective|p1a: Torkoal
|-damage|p1a: Torkoal|45/100
|move|p1a: Torkoal|Lava Plume|p2a: Landorus
|-damage|p2a: Landorus|49/100 tox
|
|-weather|SunnyDay|[upkeep]
|-heal|p2a: Landorus|55/100 tox|[from] item: Leftovers
|-damage|p2a: Landorus|43/100 tox|[from] psn
|upkeep
|turn|9
|
|t:|1659045281
|switch|p1a: Mandibuzz|Mandibuzz, F|50/100 tox
|move|p2a: Landorus|Stealth Rock|p1a: Mandibuzz
|-sidestart|p1: LT91BB crying|move: Stealth Rock
|
|-weather|none
|-heal|p2a: Landorus|49/100 tox|[from] item: Leftovers
|-damage|p1a: Mandibuzz|44/100 tox|[from] psn
|-damage|p2a: Landorus|31/100 tox|[from] psn
|upkeep
|turn|10
|
|t:|1659045286
|move|p1a: Mandibuzz|Defog|p2a: Landorus
|-unboost|p2a: Landorus|evasion|1
|-sideend|p1: LT91BB crying|Stealth Rock|[from] move: Defog|[of] p1a: Mandibuzz
|move|p2a: Landorus|Stealth Rock|p1a: Mandibuzz
|-sidestart|p1: LT91BB crying|move: Stealth Rock
|
|-heal|p2a: Landorus|37/100 tox|[from] item: Leftovers
|-damage|p1a: Mandibuzz|32/100 tox|[from] psn
|-damage|p2a: Landorus|13/100 tox|[from] psn
|upkeep
|turn|11
|
|t:|1659045289
|move|p1a: Mandibuzz|Defog|p2a: Landorus
|-unboost|p2a: Landorus|evasion|1
|-sideend|p1: LT91BB crying|Stealth Rock|[from] move: Defog|[of] p1a: Mandibuzz
|move|p2a: Landorus|Stealth Rock|p1a: Mandibuzz
|-sidestart|p1: LT91BB crying|move: Stealth Rock
|
|-heal|p2a: Landorus|19/100 tox|[from] item: Leftovers
|-damage|p1a: Mandibuzz|13/100 tox|[from] psn
|-damage|p2a: Landorus|0 fnt|[from] psn
|faint|p2a: Landorus
|upkeep
|
|t:|1659045295
|switch|p2a: Weavile|Weavile, M|100/100
|-ability|p2a: Weavile|Pressure
|turn|12
|
|t:|1659045313
|move|p2a: Weavile|Swords Dance|p2a: Weavile
|-boost|p2a: Weavile|atk|2
|move|p1a: Mandibuzz|Foul Play|p2a: Weavile
|-resisted|p2a: Weavile
|-damage|p2a: Weavile|19/100
|
|-damage|p1a: Mandibuzz|0 fnt|[from] psn
|faint|p1a: Mandibuzz
|upkeep
|
|t:|1659045321
|switch|p1a: Heatran|Heatran, M|100/100
|-damage|p1a: Heatran|88/100|[from] Stealth Rock
|-item|p1a: Heatran|Air Balloon
|turn|13
|
|t:|1659045323
|move|p2a: Weavile|Knock Off|p1a: Heatran
|-damage|p1a: Heatran|0 fnt
|-enditem|p1a: Heatran|Air Balloon
|faint|p1a: Heatran
|
|upkeep
|
|t:|1659045326
|switch|p1a: Swampert|Swampert, M|79/100
|-damage|p1a: Swampert|73/100|[from] Stealth Rock
|turn|14
|
|t:|1659045328
|move|p2a: Weavile|Knock Off|p1a: Swampert
|-damage|p1a: Swampert|0 fnt
|-enditem|p1a: Swampert|Choice Band|[from] move: Knock Off|[of] p2a: Weavile
|faint|p1a: Swampert
|
|upkeep
|-message|LT91BB crying forfeited.
|
|win|nthirteen
|raw|LT91BB crying's rating: 1794 &rarr; <strong>1774</strong><br />(-20 for losing)
|raw|nthirteen's rating: 1797 &rarr; <strong>1817</strong><br />(+20 for winning)
|l|☆LT91BB crying
||Ladder isn't responding, score probably updated but might not have (Request timeout).
