|j|☆N30N3
|j|☆pinga nangs
|player|p1|N30N3|170|1953
|player|p2|pinga nangs|115|1816
|teamsize|p1|6
|teamsize|p2|6
|gametype|singles
|gen|8
|tier|[Gen 8] OU
|rated|
|clearpoke
|poke|p1|Kyurem|
|poke|p1|Hippowdon, M|
|poke|p1|Excadrill, F|
|poke|p1|Tyranitar, M|
|poke|p1|Dragapult, M|
|poke|p1|Ferrothorn, F|
|poke|p2|Ninetales-Alola, F|
|poke|p2|Excadrill, M|
|poke|p2|Zeraora|
|poke|p2|Hawlucha, F|
|poke|p2|Cloyster, F|
|poke|p2|Bisharp, M|
|rule|Sleep Clause Mod: Limit one foe put to sleep
|rule|Species Clause: Limit one of each Pokémon
|rule|OHKO Clause: OHKO moves are banned
|rule|Evasion Moves Clause: Evasion moves are banned
|rule|Endless Battle Clause: Forcing endless battles is banned
|rule|HP Percentage Mod: HP is shown in percentages
|rule|Dynamax Clause: You cannot dynamax
|teampreview
|inactive|Battle timer is ON: inactive players will automatically lose when time's up. (requested by N30N3)
|j| bpewn
|c| bpewn|hi pinga
|
|start
|switch|p1a: Tyranitar|Tyranitar, M|100/100
|switch|p2a: Excadrill|Excadrill, M|100/100
|-ability|p2a: Excadrill|Mold Breaker
|-weather|Sandstorm|[from] ability: Sand Stream|[of] p1a: Tyranitar
|turn|1
|c|☆pinga nangs|sup
|c| bpewn|can you send me ur team quickly?
|
|switch|p1a: Hippowdon|Hippowdon, M|100/100
|move|p2a: Excadrill|Earthquake|p1a: Hippowdon
|-damage|p1a: Hippowdon|74/100
|
|-weather|Sandstorm|[upkeep]
|upkeep
|turn|2
|c| bpewn|pls
|
|move|p2a: Excadrill|Toxic|p1a: Hippowdon
|-status|p1a: Hippowdon|tox
|move|p1a: Hippowdon|Stealth Rock|p2a: Excadrill
|-sidestart|p2: pinga nangs|move: Stealth Rock
|
|-weather|Sandstorm|[upkeep]
|-damage|p1a: Hippowdon|68/100 tox|[from] psn
|upkeep
|turn|3
|c|☆pinga nangs|why
|c| bpewn|did you make it or find online
|
|move|p2a: Excadrill|Rapid Spin|p1a: Hippowdon
|-damage|p1a: Hippowdon|59/100 tox
|-boost|p2a: Excadrill|spe|1
|-sideend|p2: pinga nangs|Stealth Rock|[from] move: Rapid Spin|[of] p2a: Excadrill
|move|p1a: Hippowdon|Earthquake|p2a: Excadrill
|-supereffective|p2a: Excadrill
|-enditem|p2a: Excadrill|Focus Sash
|-damage|p2a: Excadrill|1/100
|
|-weather|Sandstorm|[upkeep]
|-damage|p1a: Hippowdon|46/100 tox|[from] psn
|upkeep
|turn|4
|c|☆pinga nangs|found
|
|move|p2a: Excadrill|Stealth Rock|p1a: Hippowdon
|-sidestart|p1: N30N3|move: Stealth Rock
|move|p1a: Hippowdon|Stealth Rock|p2a: Excadrill
|-sidestart|p2: pinga nangs|move: Stealth Rock
|
|-weather|Sandstorm|[upkeep]
|-damage|p1a: Hippowdon|28/100 tox|[from] psn
|upkeep
|turn|5
|c| bpewn|from who
|
|switch|p1a: Ferrothorn|Ferrothorn, F|100/100
|-damage|p1a: Ferrothorn|94/100|[from] Stealth Rock
|move|p2a: Excadrill|Earthquake|p1a: Ferrothorn
|-damage|p1a: Ferrothorn|59/100
|
|-weather|none
|-heal|p1a: Ferrothorn|66/100|[from] item: Leftovers
|upkeep
|turn|6
|c|☆pinga nangs|uhh
|
|move|p2a: Excadrill|Earthquake|p1a: Ferrothorn
|-damage|p1a: Ferrothorn|35/100
|move|p1a: Ferrothorn|Spikes|p2a: Excadrill
|-sidestart|p2: pinga nangs|Spikes
|
|-heal|p1a: Ferrothorn|41/100|[from] item: Leftovers
|upkeep
|turn|7
|c|☆pinga nangs|joey's website
|j| AgressivEbolAidCOV
|
|move|p2a: Excadrill|Earthquake|p1a: Ferrothorn
|-damage|p1a: Ferrothorn|8/100
|move|p1a: Ferrothorn|Spikes|p2a: Excadrill
|-sidestart|p2: pinga nangs|Spikes
|
|-heal|p1a: Ferrothorn|15/100|[from] item: Leftovers
|upkeep
|turn|8
|c| bpewn|k
|c|☆pinga nangs|but it has gyarados over cloyster
|
|switch|p1a: Hippowdon|Hippowdon, M|28/100 tox
|-damage|p1a: Hippowdon|21/100 tox|[from] Stealth Rock
|-weather|Sandstorm|[from] ability: Sand Stream|[of] p1a: Hippowdon
|move|p2a: Excadrill|Earthquake|p1a: Hippowdon
|-damage|p1a: Hippowdon|0 fnt
|faint|p1a: Hippowdon
|
|-weather|Sandstorm|[upkeep]
|upkeep
|
|switch|p1a: Excadrill|Excadrill, F|100/100
|-damage|p1a: Excadrill|97/100|[from] Stealth Rock
|turn|9
|c| AgressivEbolAidCOV|welp
|
|move|p1a: Excadrill|Rapid Spin|p2a: Excadrill
|-resisted|p2a: Excadrill
|-damage|p2a: Excadrill|0 fnt
|-boost|p1a: Excadrill|spe|1
|-sideend|p1: N30N3|Stealth Rock|[from] move: Rapid Spin|[of] p1a: Excadrill
|-damage|p1a: Excadrill|87/100|[from] item: Life Orb
|faint|p2a: Excadrill
|
|-weather|Sandstorm|[upkeep]
|upkeep
|c|☆pinga nangs|i think ive lost now
|j| xErzax
|c| AgressivEbolAidCOV|pbly
|
|switch|p2a: Hawlucha|Hawlucha, F, shiny|100/100
|-damage|p2a: Hawlucha|88/100|[from] Stealth Rock
|turn|10
|
|move|p1a: Excadrill|Iron Head|p2a: Hawlucha
|-damage|p2a: Hawlucha|2/100
|-damage|p1a: Excadrill|78/100|[from] item: Life Orb
|move|p2a: Hawlucha|Close Combat|p1a: Excadrill
|-supereffective|p1a: Excadrill
|-damage|p1a: Excadrill|0 fnt
|-unboost|p2a: Hawlucha|def|1
|-unboost|p2a: Hawlucha|spd|1
|faint|p1a: Excadrill
|
|-weather|Sandstorm|[upkeep]
|-damage|p2a: Hawlucha|0 fnt|[from] Sandstorm
|faint|p2a: Hawlucha
|upkeep
|
|switch|p2a: Bisharp|Bisharp, M, shiny|100/100
|switch|p1a: Tyranitar|Tyranitar, M|100/100
|-damage|p2a: Bisharp|84/100|[from] Spikes
|-damage|p2a: Bisharp|78/100|[from] Stealth Rock
|turn|11
|
|move|p1a: Tyranitar|Superpower|p2a: Bisharp
|-supereffective|p2a: Bisharp
|-damage|p2a: Bisharp|0 fnt
|-unboost|p1a: Tyranitar|atk|1
|-unboost|p1a: Tyranitar|def|1
|faint|p2a: Bisharp
|
|-weather|Sandstorm|[upkeep]
|upkeep
|
|switch|p2a: Ninetales|Ninetales-Alola, F, shiny|100/100
|-damage|p2a: Ninetales|76/100|[from] Stealth Rock
|-damage|p2a: Ninetales|59/100|[from] Spikes
|-weather|Hail|[from] ability: Snow Warning|[of] p2a: Ninetales
|turn|12
|
|switch|p1a: Ferrothorn|Ferrothorn, F|15/100
|move|p2a: Ninetales|Aurora Veil|p2a: Ninetales
|-sidestart|p2: pinga nangs|move: Aurora Veil
|
|-weather|Hail|[upkeep]
|-damage|p1a: Ferrothorn|8/100|[from] Hail
|-heal|p1a: Ferrothorn|15/100|[from] item: Leftovers
|upkeep
|turn|13
|
|switch|p1a: Tyranitar|Tyranitar, M|100/100
|-weather|Sandstorm|[from] ability: Sand Stream|[of] p1a: Tyranitar
|move|p2a: Ninetales|Freeze-Dry|p1a: Tyranitar
|-damage|p1a: Tyranitar|87/100
|
|-weather|Sandstorm|[upkeep]
|-damage|p2a: Ninetales|53/100|[from] Sandstorm
|upkeep
|turn|14
|c| bpewn|how long ago was that
|
|move|p2a: Ninetales|Freeze-Dry|p1a: Tyranitar
|-damage|p1a: Tyranitar|73/100
|move|p1a: Tyranitar|Stone Edge|p2a: Ninetales|[miss]
|-miss|p1a: Tyranitar|p2a: Ninetales
|
|-weather|Sandstorm|[upkeep]
|-damage|p2a: Ninetales|47/100|[from] Sandstorm
|upkeep
|turn|15
|c| AgressivEbolAidCOV|bruh
|
|move|p2a: Ninetales|Freeze-Dry|p1a: Tyranitar
|-damage|p1a: Tyranitar|59/100
|-status|p1a: Tyranitar|frz
|cant|p1a: Tyranitar|frz
|
|-weather|Sandstorm|[upkeep]
|-damage|p2a: Ninetales|41/100|[from] Sandstorm
|upkeep
|turn|16
|c| bpewn|pinga
|inactive|pinga nangs has 120 seconds left.
|
|switch|p2a: Cloyster|Cloyster, F, shiny|100/100
|-damage|p2a: Cloyster|76/100|[from] Stealth Rock
|-damage|p2a: Cloyster|59/100|[from] Spikes
|cant|p1a: Tyranitar|frz
|
|-weather|Sandstorm|[upkeep]
|-damage|p2a: Cloyster|53/100|[from] Sandstorm
|upkeep
|turn|17
|c| AgressivEbolAidCOV|has a chance finally
|
|cant|p1a: Tyranitar|frz
|move|p2a: Cloyster|Shell Smash|p2a: Cloyster
|-unboost|p2a: Cloyster|def|1
|-unboost|p2a: Cloyster|spd|1
|-boost|p2a: Cloyster|atk|2
|-boost|p2a: Cloyster|spa|2
|-boost|p2a: Cloyster|spe|2
|
|-weather|none
|upkeep
|turn|18
|c| AgressivEbolAidCOV|free placement
|
|switch|p1a: Ferrothorn|Ferrothorn, F|15/100
|move|p2a: Cloyster|Icicle Spear|p1a: Ferrothorn
|-damage|p1a: Ferrothorn|1/100
|-damage|p1a: Ferrothorn|0 fnt
|-hitcount|p1a: Ferrothorn|2
|faint|p1a: Ferrothorn
|
|upkeep
|j| Jus Stealin Sets
|
|switch|p1a: Tyranitar|Tyranitar, M|59/100 frz
|-weather|Sandstorm|[from] ability: Sand Stream|[of] p1a: Tyranitar
|turn|19
|
|move|p2a: Cloyster|Icicle Spear|p1a: Tyranitar
|-crit|p1a: Tyranitar
|-damage|p1a: Tyranitar|26/100 frz
|-damage|p1a: Tyranitar|5/100 frz
|-damage|p1a: Tyranitar|0 fnt
|-hitcount|p1a: Tyranitar|3
|faint|p1a: Tyranitar
|
|-weather|Sandstorm|[upkeep]
|-damage|p2a: Cloyster|47/100|[from] Sandstorm
|-sideend|p2: pinga nangs|move: Aurora Veil
|upkeep
|c|☆pinga nangs|idk how long man
|l| xErzax
|
|switch|p1a: Kyurem|Kyurem|100/100
|-ability|p1a: Kyurem|Pressure
|turn|20
|c|☆pinga nangs|its a bl knight team
|c|☆pinga nangs|if that helps
|
|move|p2a: Cloyster|Icicle Spear|p1a: Kyurem
|-damage|p1a: Kyurem|79/100
|-damage|p1a: Kyurem|58/100
|-damage|p1a: Kyurem|38/100
|-damage|p1a: Kyurem|15/100
|-damage|p1a: Kyurem|0 fnt
|-hitcount|p1a: Kyurem|5
|faint|p1a: Kyurem
|
|-weather|Sandstorm|[upkeep]
|-damage|p2a: Cloyster|40/100|[from] Sandstorm
|upkeep
|
|switch|p1a: Dragapult|Dragapult, M|100/100
|turn|21
|
|move|p1a: Dragapult|Sucker Punch|p2a: Cloyster
|-damage|p2a: Cloyster|7/100
|move|p2a: Cloyster|Icicle Spear|p1a: Dragapult
|-supereffective|p1a: Dragapult
|-damage|p1a: Dragapult|40/100
|-supereffective|p1a: Dragapult
|-damage|p1a: Dragapult|0 fnt
|-hitcount|p1a: Dragapult|2
|faint|p1a: Dragapult
|
|win|pinga nangs
|l|☆N30N3
|raw|N30N3's rating: 1953 &rarr; <strong>1925</strong><br />(-28 for losing)
|raw|pinga nangs's rating: 1817 &rarr; <strong>1844</strong><br />(+27 for winning)
|c| bpewn|i found the team but gyrados not cloyster
|c|☆pinga nangs|yes
|c|☆pinga nangs|i said that
