|j|☆vagmak
|j|☆KoNoMa
|t:|1621255885
|gametype|singles
|player|p1|vagmak|brawly|1741
|player|p2|KoNoMa|1|1829
|teamsize|p1|6
|teamsize|p2|6
|gen|8
|tier|[Gen 8] OU
|rated|
|rule|Sleep Clause Mod: Limit one foe put to sleep
|rule|Species Clause: Limit one of each Pokémon
|rule|OHKO Clause: OHKO moves are banned
|rule|Evasion Moves Clause: Evasion moves are banned
|rule|Endless Battle Clause: Forcing endless battles is banned
|rule|HP Percentage Mod: HP is shown in percentages
|rule|Dynamax Clause: You cannot dynamax
|clearpoke
|poke|p1|Azumarill, M|
|poke|p1|Garchomp, F|
|poke|p1|Melmetal|
|poke|p1|Latios, M|
|poke|p1|Blaziken, F|
|poke|p1|Zeraora|
|poke|p2|Weavile, F|
|poke|p2|Dragapult, M|
|poke|p2|Toxapex, M|
|poke|p2|Ferrothorn, M|
|poke|p2|Volcarona, F|
|poke|p2|Landorus-Therian, M|
|teampreview
|j| Jenx95
|
|t:|1621255889
|start
|switch|p1a: Zeraora|Zeraora|100/100
|switch|p2a: Landorus|Landorus-Therian, M|100/100
|-ability|p2a: Landorus|Intimidate|boost
|-unboost|p1a: Zeraora|atk|1
|turn|1
|inactive|Battle timer is ON: inactive players will automatically lose when time's up. (requested by vagmak)
|
|t:|1621255900
|switch|p1a: Latios|Latios, M|100/100
|move|p2a: Landorus|Stealth Rock|p1a: Latios
|-sidestart|p1: vagmak|move: Stealth Rock
|
|upkeep
|turn|2
|
|t:|1621255906
|move|p1a: Latios|Ice Beam|p2a: Landorus
|-supereffective|p2a: Landorus
|-damage|p2a: Landorus|0 fnt
|faint|p2a: Landorus
|
|upkeep
|j| Parrot67
|
|t:|1621255909
|switch|p2a: Weavile|Weavile, F|100/100
|-ability|p2a: Weavile|Pressure
|turn|3
|
|t:|1621255914
|switch|p1a: Azumarill|Azumarill, M|100/100
|-damage|p1a: Azumarill|88/100|[from] Stealth Rock
|move|p2a: Weavile|Knock Off|p1a: Azumarill
|-resisted|p1a: Azumarill
|-damage|p1a: Azumarill|63/100
|-enditem|p1a: Azumarill|Sitrus Berry|[from] move: Knock Off|[of] p2a: Weavile
|
|upkeep
|turn|4
|j| pokemonkorea co kr
|
|t:|1621255924
|switch|p2a: Ferrothorn|Ferrothorn, M|100/100
|move|p1a: Azumarill|Play Rough|p2a: Ferrothorn
|-resisted|p2a: Ferrothorn
|-damage|p2a: Ferrothorn|83/100
|-damage|p1a: Azumarill|50/100|[from] ability: Iron Barbs|[of] p2a: Ferrothorn
|
|-heal|p2a: Ferrothorn|89/100|[from] item: Leftovers
|upkeep
|turn|5
|
|t:|1621255935
|switch|p1a: Blaziken|Blaziken, F, shiny|100/100
|-damage|p1a: Blaziken|88/100|[from] Stealth Rock
|move|p2a: Ferrothorn|Spikes|p1a: Blaziken
|-sidestart|p1: vagmak|Spikes
|
|-heal|p2a: Ferrothorn|95/100|[from] item: Leftovers
|upkeep
|turn|6
|
|t:|1621255944
|move|p1a: Blaziken|Swords Dance|p1a: Blaziken
|-boost|p1a: Blaziken|atk|2
|move|p2a: Ferrothorn|Leech Seed|p1a: Blaziken
|-start|p1a: Blaziken|move: Leech Seed
|
|-heal|p2a: Ferrothorn|100/100|[from] item: Leftovers
|-damage|p1a: Blaziken|76/100|[from] Leech Seed|[of] p2a: Ferrothorn
|-ability|p1a: Blaziken|Speed Boost|boost
|-boost|p1a: Blaziken|spe|1
|upkeep
|turn|7
|
|t:|1621255955
|switch|p2a: Toxapex|Toxapex, M|100/100
|move|p1a: Blaziken|Flare Blitz|p2a: Toxapex
|-resisted|p2a: Toxapex
|-damage|p2a: Toxapex|50/100
|-damage|p1a: Blaziken|59/100|[from] Recoil
|-damage|p1a: Blaziken|49/100|[from] item: Life Orb
|
|-heal|p2a: Toxapex|56/100|[from] item: Black Sludge
|-damage|p1a: Blaziken|37/100|[from] Leech Seed|[of] p2a: Toxapex
|-heal|p2a: Toxapex|68/100|[silent]
|-ability|p1a: Blaziken|Speed Boost|boost
|-boost|p1a: Blaziken|spe|1
|upkeep
|turn|8
|
|t:|1621255968
|move|p2a: Toxapex|Baneful Bunker|p2a: Toxapex
|-singleturn|p2a: Toxapex|move: Protect
|move|p1a: Blaziken|Earthquake|p2a: Toxapex
|-activate|p2a: Toxapex|move: Protect
|
|-heal|p2a: Toxapex|74/100|[from] item: Black Sludge
|-damage|p1a: Blaziken|25/100|[from] Leech Seed|[of] p2a: Toxapex
|-heal|p2a: Toxapex|86/100|[silent]
|-ability|p1a: Blaziken|Speed Boost|boost
|-boost|p1a: Blaziken|spe|1
|upkeep
|turn|9
|
|t:|1621255978
|switch|p2a: Ferrothorn|Ferrothorn, M|100/100
|move|p1a: Blaziken|Earthquake|p2a: Ferrothorn
|-damage|p2a: Ferrothorn|45/100
|-damage|p1a: Blaziken|15/100|[from] item: Life Orb
|
|-heal|p2a: Ferrothorn|51/100|[from] item: Leftovers
|-damage|p1a: Blaziken|2/100|[from] Leech Seed|[of] p2a: Ferrothorn
|-heal|p2a: Ferrothorn|62/100|[silent]
|-ability|p1a: Blaziken|Speed Boost|boost
|-boost|p1a: Blaziken|spe|1
|upkeep
|turn|10
|
|t:|1621255989
|move|p1a: Blaziken|Flare Blitz|p2a: Ferrothorn
|-supereffective|p2a: Ferrothorn
|-damage|p2a: Ferrothorn|0 fnt
|-damage|p1a: Blaziken|0 fnt|[from] ability: Iron Barbs|[of] p2a: Ferrothorn
|faint|p2a: Ferrothorn
|faint|p1a: Blaziken
|
|upkeep
|
|t:|1621256003
|switch|p1a: Melmetal|Melmetal|100/100
|switch|p2a: Volcarona|Volcarona, F|100/100
|-damage|p1a: Melmetal|88/100|[from] Spikes
|-damage|p1a: Melmetal|82/100|[from] Stealth Rock
|turn|11
|j| Zombini62
|
|t:|1621256013
|switch|p1a: Azumarill|Azumarill, M|50/100
|-damage|p1a: Azumarill|38/100|[from] Spikes
|-damage|p1a: Azumarill|26/100|[from] Stealth Rock
|move|p2a: Volcarona|Fiery Dance|p1a: Azumarill
|-resisted|p1a: Azumarill
|-damage|p1a: Azumarill|3/100
|-boost|p2a: Volcarona|spa|1
|
|upkeep
|turn|12
|
|t:|1621256022
|move|p1a: Azumarill|Aqua Jet|p2a: Volcarona
|-supereffective|p2a: Volcarona
|-damage|p2a: Volcarona|16/100
|move|p2a: Volcarona|Fiery Dance|p1a: Azumarill
|-resisted|p1a: Azumarill
|-damage|p1a: Azumarill|0 fnt
|faint|p1a: Azumarill
|
|upkeep
|j| boredsoiplayrandom
|
|t:|1621256032
|switch|p1a: Garchomp|Garchomp, F|100/100
|-damage|p1a: Garchomp|88/100|[from] Spikes
|-damage|p1a: Garchomp|82/100|[from] Stealth Rock
|turn|13
|
|t:|1621256038
|switch|p2a: Weavile|Weavile, F|100/100
|-ability|p2a: Weavile|Pressure
|move|p1a: Garchomp|Earthquake|p2a: Weavile
|-damage|p2a: Weavile|0 fnt
|faint|p2a: Weavile
|-damage|p1a: Garchomp|72/100|[from] item: Life Orb
|
|upkeep
|
|t:|1621256041
|switch|p2a: Dragapult|Dragapult, M|100/100
|turn|14
|
|t:|1621256051
|move|p2a: Dragapult|Dragon Darts|p1a: Garchomp
|-supereffective|p1a: Garchomp
|-damage|p1a: Garchomp|0 fnt
|faint|p1a: Garchomp
|-damage|p2a: Dragapult|91/100|[from] item: Life Orb
|
|upkeep
|
|t:|1621256057
|switch|p1a: Zeraora|Zeraora|100/100
|-damage|p1a: Zeraora|88/100|[from] Stealth Rock
|-damage|p1a: Zeraora|76/100|[from] Spikes
|turn|15
|
|t:|1621256063
|switch|p2a: Toxapex|Toxapex, M|100/100
|move|p1a: Zeraora|Knock Off|p2a: Toxapex
|-damage|p2a: Toxapex|76/100
|-enditem|p2a: Toxapex|Black Sludge|[from] move: Knock Off|[of] p1a: Zeraora
|-damage|p1a: Zeraora|66/100|[from] item: Life Orb
|
|upkeep
|turn|16
|
|t:|1621256073
|move|p2a: Toxapex|Baneful Bunker|p2a: Toxapex
|-singleturn|p2a: Toxapex|move: Protect
|move|p1a: Zeraora|Plasma Fists|p2a: Toxapex
|-activate|p2a: Toxapex|move: Protect
|-status|p1a: Zeraora|psn
|
|-damage|p1a: Zeraora|54/100 psn|[from] psn
|upkeep
|turn|17
|
|t:|1621256083
|move|p1a: Zeraora|Plasma Fists|p2a: Toxapex
|-supereffective|p2a: Toxapex
|-damage|p2a: Toxapex|5/100
|-damage|p1a: Zeraora|44/100 psn|[from] item: Life Orb
|move|p2a: Toxapex|Recover|p2a: Toxapex
|-heal|p2a: Toxapex|55/100
|
|-damage|p1a: Zeraora|32/100 psn|[from] psn
|upkeep
|turn|18
|
|t:|1621256094
|switch|p1a: Latios|Latios, M|100/100
|-damage|p1a: Latios|88/100|[from] Stealth Rock
|move|p2a: Toxapex|Baneful Bunker||[still]
|-fail|p2a: Toxapex
|
|upkeep
|turn|19
|
|t:|1621256101
|move|p2a: Toxapex|Baneful Bunker|p2a: Toxapex
|-singleturn|p2a: Toxapex|move: Protect
|move|p1a: Latios|Psychic|p2a: Toxapex
|-activate|p2a: Toxapex|move: Protect
|
|upkeep
|turn|20
|
|t:|1621256107
|switch|p2a: Volcarona|Volcarona, F|16/100
|move|p1a: Latios|Psychic|p2a: Volcarona
|-damage|p2a: Volcarona|0 fnt
|faint|p2a: Volcarona
|
|upkeep
|
|t:|1621256109
|switch|p2a: Dragapult|Dragapult, M|91/100
|turn|21
|
|t:|1621256118
|switch|p1a: Melmetal|Melmetal|82/100
|-damage|p1a: Melmetal|70/100|[from] Spikes
|-damage|p1a: Melmetal|64/100|[from] Stealth Rock
|move|p2a: Dragapult|Dragon Dance|p2a: Dragapult
|-boost|p2a: Dragapult|atk|1
|-boost|p2a: Dragapult|spe|1
|
|upkeep
|turn|22
|
|t:|1621256127
|move|p2a: Dragapult|Phantom Force||[still]
|-prepare|p2a: Dragapult|Phantom Force
|move|p1a: Melmetal|Double Iron Bash|p2a: Dragapult|[miss]
|-miss|p1a: Melmetal|p2a: Dragapult
|
|upkeep
|turn|23
|
|t:|1621256131
|move|p2a: Dragapult|Phantom Force|p1a: Melmetal|[from]lockedmove
|-damage|p1a: Melmetal|4/100
|-damage|p2a: Dragapult|81/100|[from] item: Life Orb
|move|p1a: Melmetal|Double Iron Bash|p2a: Dragapult
|-damage|p2a: Dragapult|15/100
|-damage|p2a: Dragapult|0 fnt
|faint|p2a: Dragapult
|-hitcount|p2: Dragapult|2
|
|upkeep
|
|t:|1621256134
|switch|p2a: Toxapex|Toxapex, M|88/100
|turn|24
|
|t:|1621256142
|move|p2a: Toxapex|Scald|p1a: Melmetal
|-damage|p1a: Melmetal|0 fnt
|faint|p1a: Melmetal
|
|upkeep
|
|t:|1621256147
|switch|p1a: Latios|Latios, M|88/100
|-damage|p1a: Latios|76/100|[from] Stealth Rock
|turn|25
|c|☆vagmak|gg
|
|t:|1621256152
|move|p2a: Toxapex|Baneful Bunker|p2a: Toxapex
|-singleturn|p2a: Toxapex|move: Protect
|move|p1a: Latios|Psychic|p2a: Toxapex
|-activate|p2a: Toxapex|move: Protect
|
|upkeep
|turn|26
|
|t:|1621256159
|move|p1a: Latios|Psychic|p2a: Toxapex
|-supereffective|p2a: Toxapex
|-damage|p2a: Toxapex|0 fnt
|faint|p2a: Toxapex
|
|win|vagmak
|raw|vagmak's rating: 1741 &rarr; <strong>1766</strong><br />(+25 for winning)
|raw|KoNoMa's rating: 1829 &rarr; <strong>1804</strong><br />(-25 for losing)
|l|☆KoNoMa
|l|☆vagmak
|l| boredsoiplayrandom
