|j|☆hadahada
|j|☆HeatSetsTTT
|t:|1653564482
|gametype|singles
|player|p1|hadahada|gentleman-gen4dp|1421
|player|p2|HeatSetsTTT|blue|1461
|teamsize|p1|6
|teamsize|p2|6
|gen|8
|tier|[Gen 8] OU
|rated|
|rule|Sleep Clause Mod: Limit one foe put to sleep
|rule|Species Clause: Limit one of each Pokémon
|rule|OHKO Clause: OHKO moves are banned
|rule|Evasion Moves Clause: Evasion moves are banned
|rule|Endless Battle Clause: Forcing endless battles is banned
|rule|HP Percentage Mod: HP is shown in percentages
|rule|Dynamax Clause: You cannot dynamax
|clearpoke
|poke|p1|Gengar, M|
|poke|p1|Mew|
|poke|p1|Cloyster, F|
|poke|p1|Bisharp, F|
|poke|p1|Rillaboom, M|
|poke|p1|Hawlucha, M|
|poke|p2|Zygarde-10%|
|poke|p2|Slowking-Galar, F|
|poke|p2|Buzzwole|
|poke|p2|Tapu Fini|
|poke|p2|Blissey, F|
|poke|p2|Blacephalon|
|teampreview
|inactive|Battle timer is ON: inactive players will automatically lose when time's up. (requested by hadahada)
|
|t:|1653564511
|start
|switch|p1a: Mew|Mew|100/100
|switch|p2a: Blacephalon|Blacephalon|100/100
|turn|1
|
|t:|1653564515
|move|p2a: Blacephalon|Shadow Ball|p1a: Mew
|-supereffective|p1a: Mew
|-damage|p1a: Mew|19/100
|-unboost|p1a: Mew|spd|1
|-enditem|p1a: Mew|Red Card|[of] p2a: Blacephalon
|drag|p2a: Blissey|Blissey, F|100/100
|move|p1a: Mew|Stealth Rock|p2a: Blissey
|-sidestart|p2: HeatSetsTTT|move: Stealth Rock
|
|upkeep
|turn|2
|
|t:|1653564524
|move|p1a: Mew|Taunt|p2a: Blissey
|-start|p2a: Blissey|move: Taunt
|move|p2a: Blissey|Seismic Toss|p1a: Mew
|-damage|p1a: Mew|0 fnt
|faint|p1a: Mew
|
|upkeep
|
|t:|1653564526
|switch|p1a: Bisharp|Bisharp, F|100/100
|turn|3
|
|t:|1653564529
|switch|p2a: Buzzwole|Buzzwole|100/100
|-damage|p2a: Buzzwole|88/100|[from] Stealth Rock
|move|p1a: Bisharp|Swords Dance|p1a: Bisharp
|-boost|p1a: Bisharp|atk|2
|
|upkeep
|turn|4
|
|t:|1653564536
|switch|p1a: Gengar|Gengar, M|100/100
|move|p2a: Buzzwole|Close Combat|p1a: Gengar
|-immune|p1a: Gengar
|
|upkeep
|turn|5
|
|t:|1653564541
|switch|p2a: Blissey|Blissey, F|100/100
|move|p1a: Gengar|Shadow Ball|p2a: Blissey
|-immune|p2a: Blissey
|
|upkeep
|turn|6
|
|t:|1653564545
|move|p1a: Gengar|Taunt|p2a: Blissey
|-start|p2a: Blissey|move: Taunt
|cant|p2a: Blissey|move: Taunt|Stealth Rock
|
|upkeep
|turn|7
|
|t:|1653564552
|switch|p2a: Tapu Fini|Tapu Fini|100/100
|-damage|p2a: Tapu Fini|88/100|[from] Stealth Rock
|-fieldstart|move: Misty Terrain|[from] ability: Misty Surge|[of] p2a: Tapu Fini
|move|p1a: Gengar|Focus Blast|p2a: Tapu Fini|[miss]
|-miss|p1a: Gengar|p2a: Tapu Fini
|
|-heal|p2a: Tapu Fini|94/100|[from] item: Leftovers
|upkeep
|turn|8
|
|t:|1653564562
|switch|p1a: Rillaboom|Rillaboom, M|100/100
|-fieldstart|move: Grassy Terrain|[from] ability: Grassy Surge|[of] p1a: Rillaboom
|move|p2a: Tapu Fini|Defog|p1a: Rillaboom
|-unboost|p1a: Rillaboom|evasion|1
|-sideend|p2: HeatSetsTTT|Stealth Rock|[from] move: Defog|[of] p2a: Tapu Fini
|-fieldend|move: Grassy Terrain
|
|-heal|p2a: Tapu Fini|99/100|[from] item: Leftovers
|upkeep
|turn|9
|
|t:|1653564569
|switch|p2a: Buzzwole|Buzzwole|88/100
|move|p1a: Rillaboom|Swords Dance|p1a: Rillaboom
|-boost|p1a: Rillaboom|atk|2
|
|upkeep
|turn|10
|
|t:|1653564576
|move|p1a: Rillaboom|Knock Off|p2a: Buzzwole
|-resisted|p2a: Buzzwole
|-damage|p2a: Buzzwole|64/100
|-damage|p1a: Rillaboom|84/100|[from] item: Rocky Helmet|[of] p2a: Buzzwole
|-enditem|p2a: Buzzwole|Rocky Helmet|[from] move: Knock Off|[of] p1a: Rillaboom
|-damage|p1a: Rillaboom|74/100|[from] item: Life Orb
|move|p2a: Buzzwole|Ice Punch|p1a: Rillaboom
|-supereffective|p1a: Rillaboom
|-damage|p1a: Rillaboom|19/100
|
|upkeep
|turn|11
|
|t:|1653564584
|switch|p1a: Bisharp|Bisharp, F|100/100
|move|p2a: Buzzwole|Roost|p2a: Buzzwole
|-heal|p2a: Buzzwole|100/100
|-singleturn|p2a: Buzzwole|move: Roost
|
|upkeep
|turn|12
|
|t:|1653564587
|switch|p1a: Rillaboom|Rillaboom, M|19/100
|-fieldstart|move: Grassy Terrain|[from] ability: Grassy Surge|[of] p1a: Rillaboom
|move|p2a: Buzzwole|Close Combat|p1a: Rillaboom
|-damage|p1a: Rillaboom|0 fnt
|-unboost|p2a: Buzzwole|def|1
|-unboost|p2a: Buzzwole|spd|1
|faint|p1a: Rillaboom
|-ability|p2a: Buzzwole|Beast Boost|boost
|-boost|p2a: Buzzwole|def|1
|
|upkeep
|
|t:|1653564589
|switch|p1a: Hawlucha|Hawlucha, M|100/100
|-enditem|p1a: Hawlucha|Grassy Seed
|-boost|p1a: Hawlucha|def|1|[from] item: Grassy Seed
|turn|13
|
|t:|1653564595
|switch|p2a: Tapu Fini|Tapu Fini|99/100
|-fieldstart|move: Misty Terrain|[from] ability: Misty Surge|[of] p2a: Tapu Fini
|move|p1a: Hawlucha|Swords Dance|p1a: Hawlucha
|-boost|p1a: Hawlucha|atk|2
|
|-heal|p2a: Tapu Fini|100/100|[from] item: Leftovers
|upkeep
|turn|14
|
|t:|1653564602
|move|p1a: Hawlucha|Acrobatics|p2a: Tapu Fini
|-damage|p2a: Tapu Fini|30/100
|move|p2a: Tapu Fini|Moonblast|p1a: Hawlucha
|-supereffective|p1a: Hawlucha
|-damage|p1a: Hawlucha|1/100
|-unboost|p1a: Hawlucha|spa|1
|
|-heal|p2a: Tapu Fini|36/100|[from] item: Leftovers
|upkeep
|turn|15
|
|t:|1653564612
|move|p1a: Hawlucha|Acrobatics|p2a: Tapu Fini
|-damage|p2a: Tapu Fini|0 fnt
|faint|p2a: Tapu Fini
|
|upkeep
|
|t:|1653564614
|switch|p2a: Zygarde|Zygarde-10%|100/100
|-ability|p2a: Zygarde|Aura Break
|turn|16
|
|t:|1653564617
|move|p2a: Zygarde|Extreme Speed|p1a: Hawlucha
|-damage|p1a: Hawlucha|0 fnt
|faint|p1a: Hawlucha
|
|upkeep
|
|t:|1653564619
|switch|p1a: Cloyster|Cloyster, F|100/100
|turn|17
|
|t:|1653564625
|switch|p2a: Buzzwole|Buzzwole|100/100
|move|p1a: Cloyster|Ice Shard|p2a: Buzzwole
|-damage|p2a: Buzzwole|91/100
|
|-fieldend|Misty Terrain
|upkeep
|turn|18
|
|t:|1653564631
|move|p1a: Cloyster|Shell Smash|p1a: Cloyster
|-unboost|p1a: Cloyster|def|1
|-unboost|p1a: Cloyster|spd|1
|-boost|p1a: Cloyster|atk|2
|-boost|p1a: Cloyster|spa|2
|-boost|p1a: Cloyster|spe|2
|move|p2a: Buzzwole|Thunder Punch|p1a: Cloyster
|-supereffective|p1a: Cloyster
|-damage|p1a: Cloyster|42/100
|
|upkeep
|turn|19
|
|t:|1653564636
|move|p1a: Cloyster|Icicle Spear|p2a: Buzzwole
|-damage|p2a: Buzzwole|78/100
|-damage|p2a: Buzzwole|66/100
|-damage|p2a: Buzzwole|54/100
|-damage|p2a: Buzzwole|43/100
|-damage|p2a: Buzzwole|31/100
|-hitcount|p2a: Buzzwole|5
|move|p2a: Buzzwole|Thunder Punch|p1a: Cloyster
|-supereffective|p1a: Cloyster
|-damage|p1a: Cloyster|0 fnt
|faint|p1a: Cloyster
|-ability|p2a: Buzzwole|Beast Boost|boost
|-boost|p2a: Buzzwole|def|1
|
|upkeep
|
|t:|1653564639
|switch|p1a: Gengar|Gengar, M|100/100
|turn|20
|
|t:|1653564643
|move|p1a: Gengar|Shadow Ball|p2a: Buzzwole
|-damage|p2a: Buzzwole|0 fnt
|faint|p2a: Buzzwole
|
|upkeep
|
|t:|1653564652
|switch|p2a: Zygarde|Zygarde-10%|100/100
|-ability|p2a: Zygarde|Aura Break
|turn|21
|
|t:|1653564656
|move|p2a: Zygarde|Thousand Arrows|p1a: Gengar
|-supereffective|p1a: Gengar
|-enditem|p1a: Gengar|Focus Sash
|-damage|p1a: Gengar|1/100
|move|p1a: Gengar|Shadow Ball|p2a: Zygarde
|-damage|p2a: Zygarde|39/100
|
|upkeep
|turn|22
|
|t:|1653564660
|move|p2a: Zygarde|Thousand Arrows|p1a: Gengar
|-supereffective|p1a: Gengar
|-damage|p1a: Gengar|0 fnt
|-start|p2a: Zygarde|Disable|Thousand Arrows|[from] ability: Cursed Body|[of] p1a: Gengar
|faint|p1a: Gengar
|
|upkeep
|
|t:|1653564664
|switch|p1a: Bisharp|Bisharp, F|100/100
|turn|23
|
|t:|1653564673
|switch|p2a: Slowking|Slowking-Galar, F|100/100
|move|p1a: Bisharp|Swords Dance|p1a: Bisharp
|-boost|p1a: Bisharp|atk|2
|
|upkeep
|turn|24
|
|t:|1653564677
|move|p1a: Bisharp|Knock Off|p2a: Slowking
|-supereffective|p2a: Slowking
|-damage|p2a: Slowking|0 fnt
|-enditem|p2a: Slowking|Assault Vest|[from] move: Knock Off|[of] p1a: Bisharp
|faint|p2a: Slowking
|
|upkeep
|
|t:|1653564690
|switch|p2a: Blissey|Blissey, F|100/100
|turn|25
|
|t:|1653564693
|move|p1a: Bisharp|Knock Off|p2a: Blissey
|-damage|p2a: Blissey|0 fnt
|-enditem|p2a: Blissey|Heavy-Duty Boots|[from] move: Knock Off|[of] p1a: Bisharp
|faint|p2a: Blissey
|
|upkeep
|
|t:|1653564696
|switch|p2a: Zygarde|Zygarde-10%|39/100
|-ability|p2a: Zygarde|Aura Break
|turn|26
|
|t:|1653564700
|move|p1a: Bisharp|Sucker Punch||[still]
|-fail|p1a: Bisharp
|move|p2a: Zygarde|Glare|p1a: Bisharp
|-status|p1a: Bisharp|par
|
|upkeep
|turn|27
|
|t:|1653564707
|move|p1a: Bisharp|Sucker Punch||[still]
|-fail|p1a: Bisharp
|move|p2a: Zygarde|Glare|p1a: Bisharp
|-fail|p1a: Bisharp|par
|
|upkeep
|turn|28
|
|t:|1653564710
|cant|p1a: Bisharp|par
|move|p2a: Zygarde|Glare|p1a: Bisharp
|-fail|p1a: Bisharp|par
|
|upkeep
|turn|29
|
|t:|1653564715
|move|p2a: Zygarde|Glare|p1a: Bisharp
|-fail|p1a: Bisharp|par
|move|p1a: Bisharp|Knock Off|p2a: Zygarde
|-damage|p2a: Zygarde|0 fnt
|-enditem|p2a: Zygarde|Choice Band|[from] move: Knock Off|[of] p1a: Bisharp
|faint|p2a: Zygarde
|
|upkeep
|
|t:|1653564717
|switch|p2a: Blacephalon|Blacephalon|100/100
|turn|30
|
|t:|1653564720
|move|p1a: Bisharp|Sucker Punch||[still]
|-fail|p1a: Bisharp
|move|p2a: Blacephalon|Trick|p1a: Bisharp
|-activate|p2a: Blacephalon|move: Trick|[of] p1a: Bisharp
|-item|p1a: Bisharp|Choice Scarf|[from] move: Trick
|-item|p2a: Blacephalon|Black Glasses|[from] move: Trick
|
|upkeep
|turn|31
|
|t:|1653564729
|move|p2a: Blacephalon|Flamethrower|p1a: Bisharp
|-supereffective|p1a: Bisharp
|-damage|p1a: Bisharp|0 fnt
|faint|p1a: Bisharp
|
|win|HeatSetsTTT
|raw|hadahada's rating: 1421 &rarr; <strong>1403</strong><br />(-18 for losing)
|raw|HeatSetsTTT's rating: 1461 &rarr; <strong>1479</strong><br />(+18 for winning)
|c|☆HeatSetsTTT|gg
