|j|☆Run For Me Plz
|j|☆blueberry crepe
|t:|1654377153
|gametype|singles
|player|p1|Run For Me Plz|pokemaniac-gen3|1680
|player|p2|blueberry crepe|fisherman-gen4|1695
|teamsize|p1|6
|teamsize|p2|6
|gen|8
|tier|[Gen 8] OU
|rated|
|rule|Sleep Clause Mod: Limit one foe put to sleep
|rule|Species Clause: Limit one of each Pokémon
|rule|OHKO Clause: OHKO moves are banned
|rule|Evasion Moves Clause: Evasion moves are banned
|rule|Endless Battle Clause: Forcing endless battles is banned
|rule|HP Percentage Mod: HP is shown in percentages
|rule|Dynamax Clause: You cannot dynamax
|clearpoke
|poke|p1|Excadrill, M|
|poke|p1|Slowking-Galar, M|
|poke|p1|Slowbro, M|
|poke|p1|Toxapex, F|
|poke|p1|Tornadus-Therian, M|
|poke|p1|Garchomp, M|
|poke|p2|Blacephalon|
|poke|p2|Weavile, M|
|poke|p2|Landorus-Therian, M|
|poke|p2|Ferrothorn, M|
|poke|p2|Rotom-Wash|
|poke|p2|Dragapult, M|
|teampreview
|inactive|Battle timer is ON: inactive players will automatically lose when time's up. (requested by blueberry crepe)
|j| looolloool
|
|t:|1654377162
|start
|switch|p1a: Tornadus|Tornadus-Therian, M, shiny|100/100
|switch|p2a: Leviathan|Dragapult, M, shiny|100/100
|turn|1
|
|t:|1654377167
|switch|p2a: Phantom|Rotom-Wash, shiny|100/100
|move|p1a: Tornadus|Knock Off|p2a: Phantom
|-damage|p2a: Phantom|85/100
|-damage|p1a: Tornadus|84/100|[from] item: Rocky Helmet|[of] p2a: Phantom
|-enditem|p2a: Phantom|Rocky Helmet|[from] move: Knock Off|[of] p1a: Tornadus
|
|upkeep
|turn|2
|
|t:|1654377172
|move|p1a: Tornadus|U-turn|p2a: Phantom
|-damage|p2a: Phantom|72/100
|
|t:|1654377174
|switch|p1a: Slowking|Slowking-Galar, M|100/100|[from]move: U-turn
|move|p2a: Phantom|Volt Switch|p1a: Slowking
|-damage|p1a: Slowking|90/100
|
|t:|1654377177
|switch|p2a: Bandit|Weavile, M, shiny|100/100|[from]move: Volt Switch
|-ability|p2a: Bandit|Pressure
|
|upkeep
|turn|3
|
|t:|1654377182
|switch|p1a: Slowbro|Slowbro, M|100/100
|move|p2a: Bandit|Beat Up|p1a: Slowbro
|-supereffective|p1a: Slowbro
|-enditem|p1a: Slowbro|Colbur Berry|[eat]
|-enditem|p1a: Slowbro|Colbur Berry|[weaken]
|-damage|p1a: Slowbro|93/100
|-supereffective|p1a: Slowbro
|-damage|p1a: Slowbro|81/100
|-supereffective|p1a: Slowbro
|-damage|p1a: Slowbro|63/100
|-supereffective|p1a: Slowbro
|-damage|p1a: Slowbro|50/100
|-supereffective|p1a: Slowbro
|-damage|p1a: Slowbro|35/100
|-supereffective|p1a: Slowbro
|-damage|p1a: Slowbro|20/100
|-hitcount|p1a: Slowbro|6
|
|upkeep
|turn|4
|
|t:|1654377193
|move|p2a: Bandit|Beat Up|p1a: Slowbro
|-supereffective|p1a: Slowbro
|-damage|p1a: Slowbro|4/100
|-supereffective|p1a: Slowbro
|-damage|p1a: Slowbro|0 fnt
|faint|p1a: Slowbro
|-hitcount|p1: Slowbro|2
|
|upkeep
|
|t:|1654377198
|switch|p1a: Excadrill|Excadrill, M, shiny|100/100
|-ability|p1a: Excadrill|Mold Breaker
|turn|5
|
|t:|1654377201
|switch|p2a: Phantom|Rotom-Wash, shiny|72/100
|move|p1a: Excadrill|Iron Head|p2a: Phantom
|-resisted|p2a: Phantom
|-damage|p2a: Phantom|64/100
|
|upkeep
|turn|6
|
|t:|1654377208
|switch|p1a: Toxapex|Toxapex, F, shiny|100/100
|move|p2a: Phantom|Hydro Pump|p1a: Toxapex|[miss]
|-miss|p2a: Phantom|p1a: Toxapex
|
|upkeep
|turn|7
|
|t:|1654377211
|move|p2a: Phantom|Volt Switch|p1a: Toxapex
|-supereffective|p1a: Toxapex
|-damage|p1a: Toxapex|68/100
|
|t:|1654377216
|switch|p2a: Enten|Landorus-Therian, M, shiny|100/100|[from]move: Volt Switch
|-ability|p2a: Enten|Intimidate|boost
|-unboost|p1a: Toxapex|atk|1
|move|p1a: Toxapex|Toxic Spikes|p2a: Enten
|-sidestart|p2: blueberry crepe|move: Toxic Spikes
|
|-heal|p1a: Toxapex|75/100|[from] item: Black Sludge
|upkeep
|turn|8
|
|t:|1654377220
|switch|p1a: Tornadus|Tornadus-Therian, M, shiny|100/100
|move|p2a: Enten|Earthquake|p1a: Tornadus
|-immune|p1a: Tornadus
|
|upkeep
|turn|9
|
|t:|1654377222
|move|p1a: Tornadus|Knock Off|p2a: Enten
|-damage|p2a: Enten|80/100
|-enditem|p2a: Enten|Leftovers|[from] move: Knock Off|[of] p1a: Tornadus
|move|p2a: Enten|Toxic|p1a: Tornadus
|-status|p1a: Tornadus|tox
|
|-damage|p1a: Tornadus|94/100 tox|[from] psn
|upkeep
|turn|10
|
|t:|1654377224
|move|p1a: Tornadus|Hurricane|p2a: Enten
|-damage|p2a: Enten|50/100
|-start|p2a: Enten|confusion
|-activate|p2a: Enten|confusion
|-damage|p2a: Enten|38/100|[from] confusion
|
|-damage|p1a: Tornadus|82/100 tox|[from] psn
|upkeep
|turn|11
|
|t:|1654377231
|move|p1a: Tornadus|Hurricane|p2a: Enten
|-damage|p2a: Enten|5/100
|-activate|p2a: Enten|confusion
|-damage|p2a: Enten|0 fnt|[from] confusion
|faint|p2a: Enten
|
|-damage|p1a: Tornadus|64/100 tox|[from] psn
|upkeep
|
|t:|1654377236
|switch|p2a: Phantom|Rotom-Wash, shiny|64/100
|turn|12
|
|t:|1654377239
|move|p1a: Tornadus|U-turn|p2a: Phantom
|-damage|p2a: Phantom|53/100
|
|t:|1654377241
|switch|p1a: Excadrill|Excadrill, M, shiny|100/100|[from]move: U-turn
|-ability|p1a: Excadrill|Mold Breaker
|move|p2a: Phantom|Volt Switch|p1a: Excadrill
|-immune|p1a: Excadrill
|
|upkeep
|turn|13
|
|t:|1654377245
|move|p1a: Excadrill|Earthquake|p2a: Phantom
|-supereffective|p2a: Phantom
|-damage|p2a: Phantom|0 fnt
|faint|p2a: Phantom
|
|upkeep
|
|t:|1654377252
|switch|p2a: Hyperspace|Blacephalon, shiny|100/100
|-status|p2a: Hyperspace|psn
|turn|14
|
|t:|1654377257
|switch|p1a: Toxapex|Toxapex, F, shiny|100/100
|move|p2a: Hyperspace|Flamethrower|p1a: Toxapex
|-resisted|p1a: Toxapex
|-damage|p1a: Toxapex|85/100
|
|-heal|p1a: Toxapex|91/100|[from] item: Black Sludge
|-damage|p2a: Hyperspace|88/100 psn|[from] psn
|upkeep
|turn|15
|
|t:|1654377265
|switch|p2a: Temple|Ferrothorn, M, shiny|100/100
|switch|p1a: Garchomp|Garchomp, M|100/100
|
|upkeep
|turn|16
|
|t:|1654377270
|move|p1a: Garchomp|Earthquake|p2a: Temple
|-damage|p2a: Temple|71/100
|move|p2a: Temple|Iron Defense|p2a: Temple
|-boost|p2a: Temple|def|2
|
|-heal|p2a: Temple|77/100|[from] item: Leftovers
|upkeep
|turn|17
|
|t:|1654377275
|move|p1a: Garchomp|Swords Dance|p1a: Garchomp
|-boost|p1a: Garchomp|atk|2
|move|p2a: Temple|Stealth Rock|p1a: Garchomp
|-sidestart|p1: Run For Me Plz|move: Stealth Rock
|
|-heal|p2a: Temple|83/100|[from] item: Leftovers
|upkeep
|turn|18
|
|t:|1654377277
|move|p1a: Garchomp|Swords Dance|p1a: Garchomp
|-boost|p1a: Garchomp|atk|2
|move|p2a: Temple|Iron Defense|p2a: Temple
|-boost|p2a: Temple|def|2
|
|-heal|p2a: Temple|89/100|[from] item: Leftovers
|upkeep
|turn|19
|
|t:|1654377279
|move|p1a: Garchomp|Swords Dance|p1a: Garchomp
|-boost|p1a: Garchomp|atk|2
|move|p2a: Temple|Iron Defense|p2a: Temple
|-boost|p2a: Temple|def|2
|
|-heal|p2a: Temple|95/100|[from] item: Leftovers
|upkeep
|turn|20
|
|t:|1654377281
|move|p1a: Garchomp|Earthquake|p2a: Temple
|-damage|p2a: Temple|63/100
|move|p2a: Temple|Body Press|p1a: Garchomp
|-damage|p1a: Garchomp|0 fnt
|-damage|p2a: Temple|51/100|[from] ability: Rough Skin|[of] p1a: Garchomp
|faint|p1a: Garchomp
|
|-heal|p2a: Temple|57/100|[from] item: Leftovers
|upkeep
|
|t:|1654377288
|switch|p1a: Slowking|Slowking-Galar, M|100/100
|-damage|p1a: Slowking|88/100|[from] Stealth Rock
|turn|21
|
|t:|1654377293
|move|p1a: Slowking|Flamethrower|p2a: Temple
|-supereffective|p2a: Temple
|-crit|p2a: Temple
|-damage|p2a: Temple|0 fnt
|faint|p2a: Temple
|
|upkeep
|
|t:|1654377296
|switch|p2a: Leviathan|Dragapult, M, shiny|100/100
|-status|p2a: Leviathan|psn
|turn|22
|
|t:|1654377299
|move|p2a: Leviathan|Shadow Ball|p1a: Slowking
|-supereffective|p1a: Slowking
|-damage|p1a: Slowking|34/100
|-unboost|p1a: Slowking|spd|1
|move|p1a: Slowking|Sludge Bomb|p2a: Leviathan
|-resisted|p2a: Leviathan
|-damage|p2a: Leviathan|76/100 psn
|
|-damage|p2a: Leviathan|64/100 psn|[from] psn
|upkeep
|turn|23
|
|t:|1654377307
|switch|p1a: Toxapex|Toxapex, F, shiny|100/100
|-damage|p1a: Toxapex|88/100|[from] Stealth Rock
|move|p2a: Leviathan|Shadow Ball|p1a: Toxapex
|-crit|p1a: Toxapex
|-damage|p1a: Toxapex|31/100
|-unboost|p1a: Toxapex|spd|1
|
|-heal|p1a: Toxapex|38/100|[from] item: Black Sludge
|-damage|p2a: Leviathan|51/100 psn|[from] psn
|upkeep
|turn|24
|
|t:|1654377315
|switch|p1a: Slowking|Slowking-Galar, M|68/100
|-damage|p1a: Slowking|55/100|[from] Stealth Rock
|move|p2a: Leviathan|Shadow Ball|p1a: Slowking
|-supereffective|p1a: Slowking
|-damage|p1a: Slowking|4/100
|
|-damage|p2a: Leviathan|39/100 psn|[from] psn
|upkeep
|turn|25
|
|t:|1654377318
|move|p2a: Leviathan|Shadow Ball|p1a: Slowking
|-supereffective|p1a: Slowking
|-damage|p1a: Slowking|0 fnt
|faint|p1a: Slowking
|
|-damage|p2a: Leviathan|27/100 psn|[from] psn
|upkeep
|
|t:|1654377321
|switch|p1a: Toxapex|Toxapex, F, shiny|71/100
|-damage|p1a: Toxapex|58/100|[from] Stealth Rock
|turn|26
|
|t:|1654377323
|switch|p2a: Bandit|Weavile, M, shiny|100/100
|-status|p2a: Bandit|psn
|-ability|p2a: Bandit|Pressure
|move|p1a: Toxapex|Recover|p1a: Toxapex
|-heal|p1a: Toxapex|100/100
|
|-damage|p2a: Bandit|88/100 psn|[from] psn
|upkeep
|turn|27
|
|t:|1654377326
|move|p2a: Bandit|Knock Off|p1a: Toxapex
|-damage|p1a: Toxapex|40/100
|-enditem|p1a: Toxapex|Black Sludge|[from] move: Knock Off|[of] p2a: Bandit
|move|p1a: Toxapex|Poison Jab|p2a: Bandit
|-damage|p2a: Bandit|57/100 psn
|
|-damage|p2a: Bandit|45/100 psn|[from] psn
|upkeep
|turn|28
|
|t:|1654377331
|switch|p1a: Tornadus|Tornadus-Therian, M, shiny|97/100 tox
|move|p2a: Bandit|Knock Off|p1a: Tornadus
|-damage|p1a: Tornadus|19/100 tox
|-enditem|p1a: Tornadus|Heavy-Duty Boots|[from] move: Knock Off|[of] p2a: Bandit
|
|-damage|p1a: Tornadus|13/100 tox|[from] psn
|-damage|p2a: Bandit|32/100 psn|[from] psn
|upkeep
|turn|29
|
|t:|1654377340
|switch|p2a: Hyperspace|Blacephalon, shiny|88/100 psn
|move|p1a: Tornadus|U-turn|p2a: Hyperspace
|-resisted|p2a: Hyperspace
|-damage|p2a: Hyperspace|80/100 psn
|
|t:|1654377343
|switch|p1a: Toxapex|Toxapex, F, shiny|74/100|[from]move: U-turn
|-damage|p1a: Toxapex|61/100|[from] Stealth Rock
|
|-damage|p2a: Hyperspace|68/100 psn|[from] psn
|upkeep
|turn|30
|
|t:|1654377345
|move|p2a: Hyperspace|Trick|p1a: Toxapex
|-activate|p2a: Hyperspace|move: Trick|[of] p1a: Toxapex
|-item|p1a: Toxapex|Choice Scarf|[from] move: Trick
|-enditem|p2a: Hyperspace|Choice Scarf|[silent]|[from] move: Trick
|move|p1a: Toxapex|Recover|p1a: Toxapex
|-heal|p1a: Toxapex|100/100
|
|-damage|p2a: Hyperspace|56/100 psn|[from] psn
|upkeep
|turn|31
|
|t:|1654377351
|switch|p1a: Tornadus|Tornadus-Therian, M, shiny|46/100 tox
|-damage|p1a: Tornadus|21/100 tox|[from] Stealth Rock
|move|p2a: Hyperspace|Taunt|p1a: Tornadus
|-start|p1a: Tornadus|move: Taunt
|
|-damage|p1a: Tornadus|15/100 tox|[from] psn
|-damage|p2a: Hyperspace|44/100 psn|[from] psn
|upkeep
|turn|32
|
|t:|1654377358
|move|p1a: Tornadus|U-turn|p2a: Hyperspace
|-resisted|p2a: Hyperspace
|-damage|p2a: Hyperspace|35/100 psn
|
|t:|1654377359
|switch|p1a: Toxapex|Toxapex, F, shiny|100/100|[from]move: U-turn
|-damage|p1a: Toxapex|88/100|[from] Stealth Rock
|move|p2a: Hyperspace|Shadow Ball|p1a: Toxapex
|-damage|p1a: Toxapex|56/100
|
|-damage|p2a: Hyperspace|23/100 psn|[from] psn
|upkeep
|turn|33
|
|t:|1654377361
|switch|p1a: Tornadus|Tornadus-Therian, M, shiny|48/100 tox
|-damage|p1a: Tornadus|23/100 tox|[from] Stealth Rock
|move|p2a: Hyperspace|Shadow Ball|p1a: Tornadus
|-damage|p1a: Tornadus|0 fnt
|faint|p1a: Tornadus
|-ability|p2a: Hyperspace|Beast Boost|boost
|-boost|p2a: Hyperspace|spa|1
|
|-damage|p2a: Hyperspace|11/100 psn|[from] psn
|upkeep
|
|t:|1654377364
|switch|p1a: Excadrill|Excadrill, M, shiny|100/100
|-damage|p1a: Excadrill|97/100|[from] Stealth Rock
|-ability|p1a: Excadrill|Mold Breaker
|turn|34
|
|t:|1654377367
|move|p1a: Excadrill|Earthquake|p2a: Hyperspace
|-supereffective|p2a: Hyperspace
|-damage|p2a: Hyperspace|0 fnt
|faint|p2a: Hyperspace
|
|upkeep
|
|t:|1654377370
|switch|p2a: Bandit|Weavile, M, shiny|32/100 psn
|-ability|p2a: Bandit|Pressure
|turn|35
|
|t:|1654377371
|move|p2a: Bandit|Ice Shard|p1a: Excadrill
|-damage|p1a: Excadrill|51/100
|move|p1a: Excadrill|Earthquake|p2a: Bandit
|-damage|p2a: Bandit|0 fnt
|faint|p2a: Bandit
|
|upkeep
|-message|blueberry crepe forfeited.
|
|win|Run For Me Plz
|raw|Run For Me Plz's rating: 1680 &rarr; <strong>1701</strong><br />(+21 for winning)
|raw|blueberry crepe's rating: 1695 &rarr; <strong>1674</strong><br />(-21 for losing)
|l|☆blueberry crepe
|l|☆Run For Me Plz
||Ladder isn't responding, score probably updated but might not have (Request timeout).
