|j|☆minimax_ai
|j|☆Stads
|t:|1662843893
|gametype|singles
|player|p1|minimax_ai|lusamine-nihilego|1614
|player|p2|Stads|265|1782
|teamsize|p1|6
|teamsize|p2|6
|gen|8
|tier|[Gen 8] OU
|rated|
|rule|Sleep Clause Mod: Limit one foe put to sleep
|rule|Species Clause: Limit one of each Pokémon
|rule|OHKO Clause: OHKO moves are banned
|rule|Evasion Items Clause: Evasion items are banned
|rule|Evasion Moves Clause: Evasion moves are banned
|rule|Endless Battle Clause: Forcing endless battles is banned
|rule|HP Percentage Mod: HP is shown in percentages
|rule|Dynamax Clause: You cannot dynamax
|clearpoke
|poke|p1|Rotom-Wash|
|poke|p1|Weavile, M|
|poke|p1|Landorus-Therian, M|
|poke|p1|Heatran, M|
|poke|p1|Tangrowth, M|
|poke|p1|Melmetal|
|poke|p2|Clefable, F|
|poke|p2|Heatran, F|
|poke|p2|Rillaboom, M|
|poke|p2|Tornadus-Therian, M|
|poke|p2|Melmetal|
|poke|p2|Gastrodon-East, F|
|teampreview
|c|☆minimax_ai|hf
|inactive|Battle timer is ON: inactive players will automatically lose when time's up. (requested by minimax_ai)
|j| Sigggggggg
|
|t:|1662843906
|start
|switch|p1a: landorustherian|Landorus-Therian, M|100/100
|switch|p2a: Tornadus|Tornadus-Therian, M|100/100
|-ability|p1a: landorustherian|Intimidate|boost
|-unboost|p2a: Tornadus|atk|1
|turn|1
|
|t:|1662843911
|move|p2a: Tornadus|Knock Off|p1a: landorustherian
|-damage|p1a: landorustherian|87/100
|-enditem|p1a: landorustherian|Leftovers|[from] move: Knock Off|[of] p2a: Tornadus
|move|p1a: landorustherian|Toxic|p2a: Tornadus
|-status|p2a: Tornadus|tox
|
|-damage|p2a: Tornadus|94/100 tox|[from] psn
|upkeep
|turn|2
|
|t:|1662843918
|switch|p1a: Melmetal|Melmetal|100/100
|move|p2a: Tornadus|U-turn|p1a: Melmetal
|-resisted|p1a: Melmetal
|-damage|p1a: Melmetal|98/100
|
|t:|1662843921
|switch|p2a: Heatran|Heatran, F|100/100|[from]move: U-turn
|
|upkeep
|turn|3
|
|t:|1662843926
|switch|p2a: Gastrodon|Gastrodon-East, F|100/100
|move|p1a: Melmetal|Earthquake|p2a: Gastrodon
|-damage|p2a: Gastrodon|62/100
|
|upkeep
|turn|4
|
|t:|1662843929
|move|p2a: Gastrodon|Recover|p2a: Gastrodon
|-heal|p2a: Gastrodon|100/100
|move|p1a: Melmetal|Double Iron Bash|p2a: Gastrodon
|-resisted|p2a: Gastrodon
|-damage|p2a: Gastrodon|80/100
|-resisted|p2a: Gastrodon
|-damage|p2a: Gastrodon|57/100
|-hitcount|p2a: Gastrodon|2
|
|upkeep
|turn|5
|
|t:|1662843932
|move|p2a: Gastrodon|Earth Power|p1a: Melmetal
|-supereffective|p1a: Melmetal
|-damage|p1a: Melmetal|65/100
|move|p1a: Melmetal|Double Iron Bash|p2a: Gastrodon
|-resisted|p2a: Gastrodon
|-damage|p2a: Gastrodon|33/100
|-resisted|p2a: Gastrodon
|-damage|p2a: Gastrodon|10/100
|-hitcount|p2a: Gastrodon|2
|
|upkeep
|turn|6
|j| i-TigEr4
|
|t:|1662843935
|move|p2a: Gastrodon|Recover|p2a: Gastrodon
|-heal|p2a: Gastrodon|60/100
|move|p1a: Melmetal|Double Iron Bash|p2a: Gastrodon
|-resisted|p2a: Gastrodon
|-damage|p2a: Gastrodon|38/100
|-resisted|p2a: Gastrodon
|-damage|p2a: Gastrodon|17/100
|-hitcount|p2a: Gastrodon|2
|
|upkeep
|turn|7
|
|t:|1662843937
|move|p2a: Gastrodon|Recover|p2a: Gastrodon
|-heal|p2a: Gastrodon|67/100
|move|p1a: Melmetal|Double Iron Bash|p2a: Gastrodon
|-resisted|p2a: Gastrodon
|-damage|p2a: Gastrodon|44/100
|-resisted|p2a: Gastrodon
|-damage|p2a: Gastrodon|21/100
|-hitcount|p2a: Gastrodon|2
|
|upkeep
|turn|8
|
|t:|1662843939
|move|p2a: Gastrodon|Recover|p2a: Gastrodon
|-heal|p2a: Gastrodon|71/100
|move|p1a: Melmetal|Double Iron Bash|p2a: Gastrodon
|-resisted|p2a: Gastrodon
|-damage|p2a: Gastrodon|48/100
|-resisted|p2a: Gastrodon
|-damage|p2a: Gastrodon|27/100
|-hitcount|p2a: Gastrodon|2
|
|upkeep
|turn|9
|
|t:|1662843941
|move|p2a: Gastrodon|Recover|p2a: Gastrodon
|-heal|p2a: Gastrodon|77/100
|move|p1a: Melmetal|Double Iron Bash|p2a: Gastrodon
|-resisted|p2a: Gastrodon
|-damage|p2a: Gastrodon|56/100
|-resisted|p2a: Gastrodon
|-crit|p2a: Gastrodon
|-damage|p2a: Gastrodon|25/100
|-hitcount|p2a: Gastrodon|2
|
|upkeep
|turn|10
|
|t:|1662843943
|move|p2a: Gastrodon|Recover|p2a: Gastrodon
|-heal|p2a: Gastrodon|75/100
|move|p1a: Melmetal|Double Iron Bash|p2a: Gastrodon
|-resisted|p2a: Gastrodon
|-damage|p2a: Gastrodon|55/100
|-resisted|p2a: Gastrodon
|-damage|p2a: Gastrodon|31/100
|-hitcount|p2a: Gastrodon|2
|
|upkeep
|turn|11
|
|t:|1662843945
|move|p2a: Gastrodon|Recover|p2a: Gastrodon
|-heal|p2a: Gastrodon|81/100
|move|p1a: Melmetal|Double Iron Bash|p2a: Gastrodon
|-resisted|p2a: Gastrodon
|-damage|p2a: Gastrodon|59/100
|-resisted|p2a: Gastrodon
|-damage|p2a: Gastrodon|36/100
|-hitcount|p2a: Gastrodon|2
|
|upkeep
|turn|12
|
|t:|1662843948
|move|p2a: Gastrodon|Recover|p2a: Gastrodon
|-heal|p2a: Gastrodon|86/100
|move|p1a: Melmetal|Earthquake|p2a: Gastrodon
|-damage|p2a: Gastrodon|49/100
|
|upkeep
|turn|13
|
|t:|1662843950
|move|p2a: Gastrodon|Recover|p2a: Gastrodon
|-heal|p2a: Gastrodon|99/100
|move|p1a: Melmetal|Ice Punch|p2a: Gastrodon
|-damage|p2a: Gastrodon|64/100
|
|upkeep
|turn|14
|
|t:|1662843954
|move|p2a: Gastrodon|Earth Power|p1a: Melmetal
|-supereffective|p1a: Melmetal
|-damage|p1a: Melmetal|36/100
|-unboost|p1a: Melmetal|spd|1
|move|p1a: Melmetal|Ice Punch|p2a: Gastrodon
|-crit|p2a: Gastrodon
|-damage|p2a: Gastrodon|7/100
|
|upkeep
|turn|15
|
|t:|1662843957
|switch|p1a: Weavile|Weavile, M|100/100
|-ability|p1a: Weavile|Pressure
|move|p2a: Gastrodon|Recover|p2a: Gastrodon
|-heal|p2a: Gastrodon|57/100
|
|upkeep
|turn|16
|
|t:|1662843968
|switch|p2a: Melmetal|Melmetal|100/100
|move|p1a: Weavile|Knock Off|p2a: Melmetal
|-damage|p2a: Melmetal|58/100
|-enditem|p2a: Melmetal|Leftovers|[from] move: Knock Off|[of] p1a: Weavile
|
|upkeep
|turn|17
|
|t:|1662843972
|switch|p1a: rotomwash|Rotom-Wash|100/100
|move|p2a: Melmetal|Toxic|p1a: rotomwash
|-status|p1a: rotomwash|tox
|
|-damage|p1a: rotomwash|94/100 tox|[from] psn
|upkeep
|turn|18
|
|t:|1662843974
|switch|p1a: Heatran|Heatran, M|100/100
|-item|p1a: Heatran|Air Balloon
|move|p2a: Melmetal|Protect||[still]
|-fail|p2a: Melmetal
|
|upkeep
|turn|19
|
|t:|1662843976
|switch|p2a: Gastrodon|Gastrodon-East, F|57/100
|move|p1a: Heatran|Stealth Rock|p2a: Gastrodon
|-sidestart|p2: Stads|move: Stealth Rock
|
|upkeep
|turn|20
|
|t:|1662843978
|switch|p1a: rotomwash|Rotom-Wash|94/100 tox
|move|p2a: Gastrodon|Recover|p2a: Gastrodon
|-heal|p2a: Gastrodon|100/100
|
|-heal|p1a: rotomwash|100/100 tox|[from] item: Leftovers
|-damage|p1a: rotomwash|94/100 tox|[from] psn
|upkeep
|turn|21
|
|t:|1662843984
|switch|p2a: Melmetal|Melmetal|58/100
|-damage|p2a: Melmetal|52/100|[from] Stealth Rock
|move|p1a: rotomwash|Nasty Plot|p1a: rotomwash
|-boost|p1a: rotomwash|spa|2
|
|-heal|p1a: rotomwash|100/100 tox|[from] item: Leftovers
|-damage|p1a: rotomwash|88/100 tox|[from] psn
|upkeep
|turn|22
|
|t:|1662843987
|move|p2a: Melmetal|Protect|p2a: Melmetal
|-singleturn|p2a: Melmetal|Protect
|move|p1a: rotomwash|Thunderbolt|p2a: Melmetal
|-activate|p2a: Melmetal|move: Protect
|
|-heal|p1a: rotomwash|94/100 tox|[from] item: Leftovers
|-damage|p1a: rotomwash|75/100 tox|[from] psn
|upkeep
|turn|23
|
|t:|1662843990
|switch|p2a: Gastrodon|Gastrodon-East, F|100/100
|move|p1a: rotomwash|Thunderbolt|p2a: Gastrodon
|-immune|p2a: Gastrodon
|
|-heal|p1a: rotomwash|82/100 tox|[from] item: Leftovers
|-damage|p1a: rotomwash|57/100 tox|[from] psn
|upkeep
|turn|24
|
|t:|1662843993
|switch|p2a: Melmetal|Melmetal|52/100
|-damage|p2a: Melmetal|46/100|[from] Stealth Rock
|move|p1a: rotomwash|Thunderbolt|p2a: Melmetal
|-damage|p2a: Melmetal|0 fnt
|faint|p2a: Melmetal
|
|-heal|p1a: rotomwash|63/100 tox|[from] item: Leftovers
|-damage|p1a: rotomwash|32/100 tox|[from] psn
|upkeep
|
|t:|1662843999
|switch|p2a: Rillaboom|Rillaboom, M|100/100
|-damage|p2a: Rillaboom|88/100|[from] Stealth Rock
|-fieldstart|move: Grassy Terrain|[from] ability: Grassy Surge|[of] p2a: Rillaboom
|turn|25
|
|t:|1662844002
|switch|p1a: Tangrowth|Tangrowth, M|100/100
|move|p2a: Rillaboom|Grassy Glide|p1a: Tangrowth
|-resisted|p1a: Tangrowth
|-damage|p1a: Tangrowth|88/100
|-damage|p2a: Rillaboom|72/100|[from] item: Rocky Helmet|[of] p1a: Tangrowth
|
|-heal|p2a: Rillaboom|78/100|[from] Grassy Terrain
|-heal|p2a: Rillaboom|84/100|[from] item: Leftovers
|-heal|p1a: Tangrowth|94/100|[from] Grassy Terrain
|upkeep
|turn|26
|
|t:|1662844008
|switch|p2a: Tornadus|Tornadus-Therian, M|100/100 tox
|move|p1a: Tangrowth|Knock Off|p2a: Tornadus
|-damage|p2a: Tornadus|79/100 tox
|-enditem|p2a: Tornadus|Heavy-Duty Boots|[from] move: Knock Off|[of] p1a: Tangrowth
|
|-heal|p1a: Tangrowth|99/100|[from] Grassy Terrain
|-damage|p2a: Tornadus|73/100 tox|[from] psn
|upkeep
|turn|27
|
|t:|1662844009
|switch|p1a: Heatran|Heatran, M|100/100
|-item|p1a: Heatran|Air Balloon
|move|p2a: Tornadus|Defog|p1a: Heatran
|-unboost|p1a: Heatran|evasion|1
|-sideend|p2: Stads|Stealth Rock|[from] move: Defog|[of] p2a: Tornadus
|-fieldend|move: Grassy Terrain
|
|-damage|p2a: Tornadus|61/100 tox|[from] psn
|upkeep
|turn|28
|
|t:|1662844011
|move|p2a: Tornadus|U-turn|p1a: Heatran
|-resisted|p1a: Heatran
|-damage|p1a: Heatran|97/100
|-enditem|p1a: Heatran|Air Balloon
|
|t:|1662844013
|switch|p2a: Gastrodon|Gastrodon-East, F|100/100|[from]move: U-turn
|move|p1a: Heatran|Stealth Rock|p2a: Gastrodon
|-sidestart|p2: Stads|move: Stealth Rock
|
|upkeep
|turn|29
|
|t:|1662844021
|switch|p1a: rotomwash|Rotom-Wash|32/100 tox
|move|p2a: Gastrodon|Scald|p1a: rotomwash
|-resisted|p1a: rotomwash
|-damage|p1a: rotomwash|19/100 tox
|
|-heal|p1a: rotomwash|25/100 tox|[from] item: Leftovers
|-damage|p1a: rotomwash|19/100 tox|[from] psn
|upkeep
|turn|30
|
|t:|1662844025
|move|p1a: rotomwash|Pain Split|p2a: Gastrodon
|-sethp|p2a: Gastrodon|57/100|[from] move: Pain Split|[silent]
|-sethp|p1a: rotomwash|80/100 tox|[from] move: Pain Split
|move|p2a: Gastrodon|Scald|p1a: rotomwash
|-resisted|p1a: rotomwash
|-damage|p1a: rotomwash|67/100 tox
|
|-heal|p1a: rotomwash|73/100 tox|[from] item: Leftovers
|-damage|p1a: rotomwash|60/100 tox|[from] psn
|upkeep
|turn|31
|
|t:|1662844026
|move|p1a: rotomwash|Thunderbolt|p2a: Gastrodon
|-immune|p2a: Gastrodon
|move|p2a: Gastrodon|Recover|p2a: Gastrodon
|-heal|p2a: Gastrodon|100/100
|
|-heal|p1a: rotomwash|67/100 tox|[from] item: Leftovers
|-damage|p1a: rotomwash|48/100 tox|[from] psn
|upkeep
|turn|32
|
|t:|1662844029
|move|p1a: rotomwash|Thunderbolt|p2a: Gastrodon
|-immune|p2a: Gastrodon
|move|p2a: Gastrodon|Scald|p1a: rotomwash
|-resisted|p1a: rotomwash
|-damage|p1a: rotomwash|35/100 tox
|
|-heal|p1a: rotomwash|41/100 tox|[from] item: Leftovers
|-damage|p1a: rotomwash|16/100 tox|[from] psn
|upkeep
|turn|33
|
|t:|1662844032
|move|p1a: rotomwash|Pain Split|p2a: Gastrodon
|-sethp|p2a: Gastrodon|56/100|[from] move: Pain Split|[silent]
|-sethp|p1a: rotomwash|78/100 tox|[from] move: Pain Split
|move|p2a: Gastrodon|Scald|p1a: rotomwash
|-resisted|p1a: rotomwash
|-damage|p1a: rotomwash|64/100 tox
|
|-heal|p1a: rotomwash|70/100 tox|[from] item: Leftovers
|-damage|p1a: rotomwash|39/100 tox|[from] psn
|upkeep
|turn|34
|
|t:|1662844038
|switch|p1a: Tangrowth|Tangrowth, M|100/100
|move|p2a: Gastrodon|Scald|p1a: Tangrowth
|-resisted|p1a: Tangrowth
|-damage|p1a: Tangrowth|81/100
|
|upkeep
|turn|35
|
|t:|1662844039
|switch|p1a: rotomwash|Rotom-Wash|39/100 tox
|move|p2a: Gastrodon|Toxic|p1a: rotomwash
|-fail|p1a: rotomwash|tox
|
|-heal|p1a: rotomwash|45/100 tox|[from] item: Leftovers
|-damage|p1a: rotomwash|39/100 tox|[from] psn
|upkeep
|turn|36
|
|t:|1662844042
|move|p1a: rotomwash|Thunderbolt|p2a: Gastrodon
|-immune|p2a: Gastrodon
|move|p2a: Gastrodon|Scald|p1a: rotomwash
|-resisted|p1a: rotomwash
|-damage|p1a: rotomwash|25/100 tox
|
|-heal|p1a: rotomwash|32/100 tox|[from] item: Leftovers
|-damage|p1a: rotomwash|19/100 tox|[from] psn
|upkeep
|turn|37
|
|t:|1662844044
|move|p1a: rotomwash|Pain Split|p2a: Gastrodon
|-sethp|p2a: Gastrodon|35/100|[from] move: Pain Split|[silent]
|-sethp|p1a: rotomwash|49/100 tox|[from] move: Pain Split
|move|p2a: Gastrodon|Scald|p1a: rotomwash
|-resisted|p1a: rotomwash
|-damage|p1a: rotomwash|34/100 tox
|
|-heal|p1a: rotomwash|40/100 tox|[from] item: Leftovers
|-damage|p1a: rotomwash|22/100 tox|[from] psn
|upkeep
|turn|38
|
|t:|1662844050
|move|p1a: rotomwash|Pain Split|p2a: Gastrodon
|-sethp|p2a: Gastrodon|25/100|[from] move: Pain Split|[silent]
|-sethp|p1a: rotomwash|35/100 tox|[from] move: Pain Split
|move|p2a: Gastrodon|Recover|p2a: Gastrodon
|-heal|p2a: Gastrodon|75/100
|
|-heal|p1a: rotomwash|41/100 tox|[from] item: Leftovers
|-damage|p1a: rotomwash|16/100 tox|[from] psn
|upkeep
|turn|39
|l| Sigggggggg
|
|t:|1662844054
|switch|p2a: Heatran|Heatran, F|100/100
|-damage|p2a: Heatran|88/100|[from] Stealth Rock
|move|p1a: rotomwash|Pain Split|p2a: Heatran
|-sethp|p2a: Heatran|50/100|[from] move: Pain Split|[silent]
|-sethp|p1a: rotomwash|64/100 tox|[from] move: Pain Split
|
|-heal|p1a: rotomwash|70/100 tox|[from] item: Leftovers
|-heal|p2a: Heatran|57/100|[from] item: Leftovers
|-damage|p1a: rotomwash|39/100 tox|[from] psn
|upkeep
|turn|40
|
|t:|1662844056
|move|p1a: rotomwash|Hydro Pump|p2a: Heatran|[miss]
|-miss|p1a: rotomwash|p2a: Heatran
|move|p2a: Heatran|Magma Storm|p1a: rotomwash
|-resisted|p1a: rotomwash
|-damage|p1a: rotomwash|16/100 tox
|-activate|p1a: rotomwash|move: Magma Storm|[of] p2a: Heatran
|
|-heal|p1a: rotomwash|23/100 tox|[from] item: Leftovers
|-heal|p2a: Heatran|63/100|[from] item: Leftovers
|-damage|p1a: rotomwash|0 fnt|[from] psn
|faint|p1a: rotomwash
|upkeep
|
|t:|1662844056
|switch|p1a: Weavile|Weavile, M|100/100
|-ability|p1a: Weavile|Pressure
|turn|41
|
|t:|1662844062
|move|p1a: Weavile|Low Kick|p2a: Heatran
|-supereffective|p2a: Heatran
|-damage|p2a: Heatran|0 fnt
|faint|p2a: Heatran
|
|upkeep
|
|t:|1662844066
|switch|p2a: Tornadus|Tornadus-Therian, M|94/100 tox
|-damage|p2a: Tornadus|69/100 tox|[from] Stealth Rock
|turn|42
|j| Teamtest725
|
|t:|1662844069
|switch|p1a: Melmetal|Melmetal|36/100
|move|p2a: Tornadus|Defog|p1a: Melmetal
|-unboost|p1a: Melmetal|evasion|1
|-sideend|p2: Stads|Stealth Rock|[from] move: Defog|[of] p2a: Tornadus
|
|-damage|p2a: Tornadus|63/100 tox|[from] psn
|upkeep
|turn|43
|l| Teamtest725
|
|t:|1662844074
|move|p2a: Tornadus|U-turn|p1a: Melmetal
|-resisted|p1a: Melmetal
|-damage|p1a: Melmetal|32/100
|
|t:|1662844076
|switch|p2a: Rillaboom|Rillaboom, M|84/100|[from]move: U-turn
|-fieldstart|move: Grassy Terrain|[from] ability: Grassy Surge|[of] p2a: Rillaboom
|move|p1a: Melmetal|Ice Punch|p2a: Rillaboom
|-supereffective|p2a: Rillaboom
|-damage|p2a: Rillaboom|24/100
|
|-heal|p2a: Rillaboom|30/100|[from] Grassy Terrain
|-heal|p2a: Rillaboom|36/100|[from] item: Leftovers
|-heal|p1a: Melmetal|38/100|[from] Grassy Terrain
|upkeep
|turn|44
|
|t:|1662844077
|switch|p1a: Tangrowth|Tangrowth, M|100/100
|move|p2a: Rillaboom|Drain Punch|p1a: Tangrowth
|-damage|p1a: Tangrowth|87/100
|-heal|p2a: Rillaboom|43/100|[from] drain|[of] p1a: Tangrowth
|-damage|p2a: Rillaboom|27/100|[from] item: Rocky Helmet|[of] p1a: Tangrowth
|
|-heal|p2a: Rillaboom|33/100|[from] Grassy Terrain
|-heal|p2a: Rillaboom|39/100|[from] item: Leftovers
|-heal|p1a: Tangrowth|93/100|[from] Grassy Terrain
|upkeep
|turn|45
|
|t:|1662844082
|switch|p2a: Gastrodon|Gastrodon-East, F|75/100
|move|p1a: Tangrowth|Giga Drain|p2a: Gastrodon
|-supereffective|p2a: Gastrodon
|-damage|p2a: Gastrodon|0 fnt
|-heal|p1a: Tangrowth|100/100|[from] drain|[of] p2a: Gastrodon
|faint|p2a: Gastrodon
|
|upkeep
|
|t:|1662844085
|switch|p2a: Clefable|Clefable, F|100/100
|turn|46
|
|t:|1662844086
|switch|p1a: Melmetal|Melmetal|38/100
|move|p2a: Clefable|Stealth Rock|p1a: Melmetal
|-sidestart|p1: minimax_ai|move: Stealth Rock
|
|-heal|p1a: Melmetal|44/100|[from] Grassy Terrain
|upkeep
|turn|47
|
|t:|1662844090
|move|p2a: Clefable|Moonblast|p1a: Melmetal
|-resisted|p1a: Melmetal
|-damage|p1a: Melmetal|36/100
|move|p1a: Melmetal|Ice Punch|p2a: Clefable
|-damage|p2a: Clefable|75/100
|
|-heal|p2a: Clefable|81/100|[from] Grassy Terrain
|-heal|p1a: Melmetal|42/100|[from] Grassy Terrain
|-fieldend|move: Grassy Terrain
|upkeep
|turn|48
|
|t:|1662844093
|move|p2a: Clefable|Moonblast|p1a: Melmetal
|-resisted|p1a: Melmetal
|-damage|p1a: Melmetal|33/100
|move|p1a: Melmetal|Ice Punch|p2a: Clefable
|-damage|p2a: Clefable|53/100
|
|upkeep
|turn|49
|
|t:|1662844095
|move|p2a: Clefable|Soft-Boiled|p2a: Clefable
|-heal|p2a: Clefable|100/100
|move|p1a: Melmetal|Ice Punch|p2a: Clefable
|-damage|p2a: Clefable|71/100
|
|upkeep
|turn|50
|
|t:|1662844096
|move|p2a: Clefable|Moonblast|p1a: Melmetal
|-resisted|p1a: Melmetal
|-crit|p1a: Melmetal
|-damage|p1a: Melmetal|21/100
|move|p1a: Melmetal|Ice Punch|p2a: Clefable
|-damage|p2a: Clefable|44/100
|
|upkeep
|turn|51
|
|t:|1662844098
|move|p2a: Clefable|Soft-Boiled|p2a: Clefable
|-heal|p2a: Clefable|94/100
|move|p1a: Melmetal|Thunder Punch|p2a: Clefable
|-damage|p2a: Clefable|66/100
|
|upkeep
|turn|52
|
|t:|1662844100
|switch|p1a: Heatran|Heatran, M|97/100
|-damage|p1a: Heatran|84/100|[from] Stealth Rock
|move|p2a: Clefable|Moonblast|p1a: Heatran
|-resisted|p1a: Heatran
|-damage|p1a: Heatran|77/100
|
|upkeep
|turn|53
|
|t:|1662844105
|move|p1a: Heatran|Magma Storm|p2a: Clefable
|-damage|p2a: Clefable|21/100
|-activate|p2a: Clefable|move: Magma Storm|[of] p1a: Heatran
|move|p2a: Clefable|Moonblast|p1a: Heatran
|-resisted|p1a: Heatran
|-damage|p1a: Heatran|69/100
|
|upkeep
|turn|54
|
|t:|1662844108
|move|p1a: Heatran|Eruption|p2a: Clefable
|-damage|p2a: Clefable|0 fnt
|faint|p2a: Clefable
|
|upkeep
|
|t:|1662844110
|switch|p2a: Tornadus|Tornadus-Therian, M|96/100 tox
|turn|55
|
|t:|1662844111
|move|p2a: Tornadus|Hurricane|p1a: Heatran
|-resisted|p1a: Heatran
|-damage|p1a: Heatran|50/100
|-start|p1a: Heatran|confusion
|-activate|p1a: Heatran|confusion
|move|p1a: Heatran|Eruption|p2a: Tornadus
|-damage|p2a: Tornadus|55/100 tox
|
|-damage|p2a: Tornadus|48/100 tox|[from] psn
|upkeep
|turn|56
|
|t:|1662844114
|move|p2a: Tornadus|U-turn|p1a: Heatran
|-resisted|p1a: Heatran
|-damage|p1a: Heatran|47/100
|
|t:|1662844116
|switch|p2a: Rillaboom|Rillaboom, M|39/100|[from]move: U-turn
|-fieldstart|move: Grassy Terrain|[from] ability: Grassy Surge|[of] p2a: Rillaboom
|-end|p1a: Heatran|confusion
|move|p1a: Heatran|Eruption|p2a: Rillaboom
|-supereffective|p2a: Rillaboom
|-damage|p2a: Rillaboom|0 fnt
|faint|p2a: Rillaboom
|
|-heal|p1a: Heatran|53/100|[from] Grassy Terrain
|upkeep
|-message|Stads forfeited.
|
|win|minimax_ai
|raw|minimax_ai's rating: 1614 &rarr; <strong>1643</strong><br />(+29 for winning)
|raw|Stads's rating: 1782 &rarr; <strong>1753</strong><br />(-29 for losing)
|c|☆minimax_ai|gg
|l|☆Stads
