|j|☆CoconutCrabs
|j|☆stall to 2000
|t:|1631895598
|gametype|singles
|player|p1|CoconutCrabs|chuck|1684
|player|p2|stall to 2000|juggler-gen1|1685
|teamsize|p1|6
|teamsize|p2|6
|gen|8
|tier|[Gen 8] OU
|rated|
|rule|Sleep Clause Mod: Limit one foe put to sleep
|rule|Species Clause: Limit one of each Pokémon
|rule|OHKO Clause: OHKO moves are banned
|rule|Evasion Moves Clause: Evasion moves are banned
|rule|Endless Battle Clause: Forcing endless battles is banned
|rule|HP Percentage Mod: HP is shown in percentages
|rule|Dynamax Clause: You cannot dynamax
|clearpoke
|poke|p1|Tyranitar, F|
|poke|p1|Excadrill, M|
|poke|p1|Tornadus-Therian, M|
|poke|p1|Toxapex, M|
|poke|p1|Heatran, M|
|poke|p1|Tangrowth, F|
|poke|p2|Latias, F|
|poke|p2|Clefable, F|
|poke|p2|Skarmory, F|
|poke|p2|Slowbro, M|
|poke|p2|Hippowdon, F|
|poke|p2|Blissey, F|
|teampreview
|inactive|Battle timer is ON: inactive players will automatically lose when time's up. (requested by CoconutCrabs)
|c|☆stall to 2000|GLHF FATNESS V FATNESS
|
|t:|1631895627
|start
|switch|p1a: Toxapex|Toxapex, M|100/100
|switch|p2a: Latias|Latias, F|100/100
|turn|1
|inactive|CoconutCrabs has 120 seconds left.
|
|t:|1631895664
|move|p2a: Latias|Psychic|p1a: Toxapex
|-supereffective|p1a: Toxapex
|-damage|p1a: Toxapex|31/100
|-damage|p2a: Latias|91/100|[from] item: Life Orb
|move|p1a: Toxapex|Knock Off|p2a: Latias
|-supereffective|p2a: Latias
|-damage|p2a: Latias|57/100
|-enditem|p2a: Latias|Life Orb|[from] move: Knock Off|[of] p1a: Toxapex
|
|upkeep
|turn|2
|
|t:|1631895672
|switch|p1a: Tyranitar|Tyranitar, F|100/100
|-weather|Sandstorm|[from] ability: Sand Stream|[of] p1a: Tyranitar
|move|p2a: Latias|Recover|p2a: Latias
|-heal|p2a: Latias|100/100
|
|-weather|Sandstorm|[upkeep]
|-damage|p2a: Latias|94/100|[from] Sandstorm
|upkeep
|turn|3
|
|t:|1631895679
|switch|p2a: Hippowdon|Hippowdon, F|100/100
|move|p1a: Tyranitar|Thunder Wave|p2a: Hippowdon
|-immune|p2a: Hippowdon
|
|-weather|Sandstorm|[upkeep]
|upkeep
|turn|4
|
|t:|1631895681
|move|p1a: Tyranitar|Stealth Rock|p2a: Hippowdon
|-sidestart|p2: stall to 2000|move: Stealth Rock
|move|p2a: Hippowdon|Stealth Rock|p1a: Tyranitar
|-sidestart|p1: CoconutCrabs|move: Stealth Rock
|
|-weather|Sandstorm|[upkeep]
|upkeep
|turn|5
|
|t:|1631895689
|switch|p1a: Toxapex|Toxapex, M|64/100
|-damage|p1a: Toxapex|52/100|[from] Stealth Rock
|move|p2a: Hippowdon|Toxic|p1a: Toxapex|[miss]
|-miss|p2a: Hippowdon|p1a: Toxapex
|
|-weather|Sandstorm|[upkeep]
|-damage|p1a: Toxapex|46/100|[from] Sandstorm
|upkeep
|turn|6
|
|t:|1631895691
|switch|p1a: Tangrowth|Tangrowth, F|100/100
|-damage|p1a: Tangrowth|88/100|[from] Stealth Rock
|move|p2a: Hippowdon|Earthquake|p1a: Tangrowth
|-resisted|p1a: Tangrowth
|-damage|p1a: Tangrowth|77/100
|
|-weather|none
|upkeep
|turn|7
|
|t:|1631895694
|move|p1a: Tangrowth|Sleep Powder|p2a: Hippowdon
|-status|p2a: Hippowdon|slp|[from] move: Sleep Powder
|cant|p2a: Hippowdon|slp
|
|upkeep
|turn|8
|
|t:|1631895700
|switch|p2a: Skarmory|Skarmory, F|100/100
|-damage|p2a: Skarmory|88/100|[from] Stealth Rock
|move|p1a: Tangrowth|Knock Off|p2a: Skarmory
|-damage|p2a: Skarmory|76/100
|-damage|p1a: Tangrowth|61/100|[from] item: Rocky Helmet|[of] p2a: Skarmory
|-enditem|p2a: Skarmory|Rocky Helmet|[from] move: Knock Off|[of] p1a: Tangrowth
|
|upkeep
|turn|9
|
|t:|1631895710
|switch|p1a: Excadrill|Excadrill, M|100/100
|-damage|p1a: Excadrill|97/100|[from] Stealth Rock
|move|p2a: Skarmory|Body Press|p1a: Excadrill
|-supereffective|p1a: Excadrill
|-damage|p1a: Excadrill|8/100
|
|-heal|p1a: Excadrill|14/100|[from] item: Leftovers
|upkeep
|turn|10
|
|t:|1631895715
|switch|p1a: Tangrowth|Tangrowth, F|94/100
|-damage|p1a: Tangrowth|81/100|[from] Stealth Rock
|move|p2a: Skarmory|Body Press|p1a: Tangrowth
|-damage|p1a: Tangrowth|64/100
|-damage|p2a: Skarmory|60/100|[from] item: Rocky Helmet|[of] p1a: Tangrowth
|
|upkeep
|turn|11
|
|t:|1631895719
|move|p2a: Skarmory|Roost|p2a: Skarmory
|-heal|p2a: Skarmory|100/100
|-singleturn|p2a: Skarmory|move: Roost
|move|p1a: Tangrowth|Focus Blast|p2a: Skarmory
|-supereffective|p2a: Skarmory
|-damage|p2a: Skarmory|17/100
|
|upkeep
|turn|12
|
|t:|1631895727
|move|p2a: Skarmory|Roost|p2a: Skarmory
|-heal|p2a: Skarmory|67/100
|-singleturn|p2a: Skarmory|move: Roost
|move|p1a: Tangrowth|Giga Drain|p2a: Skarmory
|-resisted|p2a: Skarmory
|-crit|p2a: Skarmory
|-damage|p2a: Skarmory|39/100
|-heal|p1a: Tangrowth|76/100|[from] drain|[of] p2a: Skarmory
|
|upkeep
|turn|13
|
|t:|1631895745
|switch|p2a: Latias|Latias, F|94/100
|-damage|p2a: Latias|82/100|[from] Stealth Rock
|move|p1a: Tangrowth|Focus Blast|p2a: Latias
|-resisted|p2a: Latias
|-damage|p2a: Latias|71/100
|
|upkeep
|turn|14
|
|t:|1631895756
|switch|p1a: Tyranitar|Tyranitar, F|100/100
|-damage|p1a: Tyranitar|88/100|[from] Stealth Rock
|-weather|Sandstorm|[from] ability: Sand Stream|[of] p1a: Tyranitar
|move|p2a: Latias|Calm Mind|p2a: Latias
|-boost|p2a: Latias|spa|1
|-boost|p2a: Latias|spd|1
|
|-weather|Sandstorm|[upkeep]
|-damage|p2a: Latias|64/100|[from] Sandstorm
|-heal|p1a: Tyranitar|94/100|[from] item: Leftovers
|upkeep
|turn|15
|
|t:|1631895765
|switch|p2a: Skarmory|Skarmory, F|39/100
|-damage|p2a: Skarmory|26/100|[from] Stealth Rock
|move|p1a: Tyranitar|Thunder Wave|p2a: Skarmory
|-status|p2a: Skarmory|par
|
|-weather|Sandstorm|[upkeep]
|-heal|p1a: Tyranitar|100/100|[from] item: Leftovers
|upkeep
|turn|16
|
|t:|1631895772
|move|p1a: Tyranitar|Rock Blast|p2a: Skarmory
|-damage|p2a: Skarmory|19/100 par
|-damage|p2a: Skarmory|12/100 par
|-damage|p2a: Skarmory|6/100 par
|-damage|p2a: Skarmory|0 fnt
|faint|p2a: Skarmory
|-hitcount|p2: Skarmory|4
|
|-weather|Sandstorm|[upkeep]
|upkeep
|
|t:|1631895788
|switch|p2a: Clefable|Clefable, F|100/100
|-damage|p2a: Clefable|88/100|[from] Stealth Rock
|turn|17
|
|t:|1631895791
|move|p1a: Tyranitar|Thunder Wave|p2a: Clefable|[miss]
|-miss|p1a: Tyranitar|p2a: Clefable
|move|p2a: Clefable|Knock Off|p1a: Tyranitar
|-resisted|p1a: Tyranitar
|-damage|p1a: Tyranitar|94/100
|-enditem|p1a: Tyranitar|Leftovers|[from] move: Knock Off|[of] p2a: Clefable
|
|-weather|Sandstorm|[upkeep]
|-damage|p2a: Clefable|82/100|[from] Sandstorm
|-heal|p2a: Clefable|88/100|[from] item: Leftovers
|upkeep
|turn|18
|
|t:|1631895799
|switch|p1a: Tangrowth|Tangrowth, F|100/100
|-damage|p1a: Tangrowth|88/100|[from] Stealth Rock
|switch|p2a: Hippowdon|Hippowdon, F|100/100 slp
|-damage|p2a: Hippowdon|94/100 slp|[from] Stealth Rock
|
|-weather|none
|-heal|p2a: Hippowdon|100/100 slp|[from] item: Leftovers
|upkeep
|turn|19
|
|t:|1631895804
|switch|p2a: Blissey|Blissey, F|100/100
|move|p1a: Tangrowth|Knock Off|p2a: Blissey
|-damage|p2a: Blissey|82/100
|-enditem|p2a: Blissey|Heavy-Duty Boots|[from] move: Knock Off|[of] p1a: Tangrowth
|
|upkeep
|turn|20
|
|t:|1631895826
|switch|p1a: Tyranitar|Tyranitar, F|94/100
|-damage|p1a: Tyranitar|82/100|[from] Stealth Rock
|-weather|Sandstorm|[from] ability: Sand Stream|[of] p1a: Tyranitar
|move|p2a: Blissey|Thunder Wave|p1a: Tyranitar
|-status|p1a: Tyranitar|par
|
|-weather|Sandstorm|[upkeep]
|-damage|p2a: Blissey|76/100|[from] Sandstorm
|upkeep
|turn|21
|
|t:|1631895831
|switch|p2a: Slowbro|Slowbro, M|100/100
|-damage|p2a: Slowbro|88/100|[from] Stealth Rock
|switch|p1a: Tangrowth|Tangrowth, F|100/100
|-damage|p1a: Tangrowth|88/100|[from] Stealth Rock
|
|-weather|Sandstorm|[upkeep]
|-damage|p1a: Tangrowth|82/100|[from] Sandstorm
|-damage|p2a: Slowbro|82/100|[from] Sandstorm
|upkeep
|turn|22
|
|t:|1631895840
|move|p1a: Tangrowth|Knock Off|p2a: Slowbro
|-supereffective|p2a: Slowbro
|-damage|p2a: Slowbro|58/100
|-damage|p1a: Tangrowth|65/100|[from] item: Rocky Helmet|[of] p2a: Slowbro
|-enditem|p2a: Slowbro|Rocky Helmet|[from] move: Knock Off|[of] p1a: Tangrowth
|move|p2a: Slowbro|Counter|p1a: Tangrowth
|-damage|p1a: Tangrowth|19/100
|-damage|p2a: Slowbro|42/100|[from] item: Rocky Helmet|[of] p1a: Tangrowth
|
|-weather|Sandstorm|[upkeep]
|-damage|p1a: Tangrowth|13/100|[from] Sandstorm
|-damage|p2a: Slowbro|36/100|[from] Sandstorm
|upkeep
|turn|23
|
|t:|1631895846
|switch|p2a: Blissey|Blissey, F|76/100
|-damage|p2a: Blissey|63/100|[from] Stealth Rock
|move|p1a: Tangrowth|Giga Drain|p2a: Blissey
|-damage|p2a: Blissey|52/100
|-heal|p1a: Tangrowth|22/100|[from] drain|[of] p2a: Blissey
|
|-weather|Sandstorm|[upkeep]
|-damage|p2a: Blissey|46/100|[from] Sandstorm
|-damage|p1a: Tangrowth|16/100|[from] Sandstorm
|upkeep
|turn|24
|
|t:|1631895856
|switch|p1a: Tyranitar|Tyranitar, F|82/100 par
|-damage|p1a: Tyranitar|69/100 par|[from] Stealth Rock
|move|p2a: Blissey|Heal Bell|p2a: Blissey
|-activate|p2a: Blissey|move: Heal Bell
|-curestatus|p2: Hippowdon|slp|[msg]
|
|-weather|none
|upkeep
|turn|25
|
|t:|1631895864
|switch|p2a: Hippowdon|Hippowdon, F|100/100
|-damage|p2a: Hippowdon|94/100|[from] Stealth Rock
|-weather|Sandstorm|[from] ability: Sand Stream|[of] p2a: Hippowdon
|switch|p1a: Tangrowth|Tangrowth, F|49/100
|-damage|p1a: Tangrowth|37/100|[from] Stealth Rock
|
|-weather|Sandstorm|[upkeep]
|-damage|p1a: Tangrowth|31/100|[from] Sandstorm
|-heal|p2a: Hippowdon|100/100|[from] item: Leftovers
|upkeep
|turn|26
|
|t:|1631895871
|move|p1a: Tangrowth|Giga Drain|p2a: Hippowdon
|-supereffective|p2a: Hippowdon
|-damage|p2a: Hippowdon|55/100
|-heal|p1a: Tangrowth|54/100|[from] drain|[of] p2a: Hippowdon
|move|p2a: Hippowdon|Earthquake|p1a: Tangrowth
|-resisted|p1a: Tangrowth
|-damage|p1a: Tangrowth|45/100
|
|-weather|Sandstorm|[upkeep]
|-damage|p1a: Tangrowth|39/100|[from] Sandstorm
|-heal|p2a: Hippowdon|61/100|[from] item: Leftovers
|upkeep
|turn|27
|
|t:|1631895875
|switch|p2a: Slowbro|Slowbro, M|69/100
|-damage|p2a: Slowbro|56/100|[from] Stealth Rock
|move|p1a: Tangrowth|Sleep Powder|p2a: Slowbro
|-status|p2a: Slowbro|slp|[from] move: Sleep Powder
|
|-weather|Sandstorm|[upkeep]
|-damage|p1a: Tangrowth|33/100|[from] Sandstorm
|-damage|p2a: Slowbro|50/100 slp|[from] Sandstorm
|upkeep
|turn|28
|
|t:|1631895878
|switch|p2a: Latias|Latias, F|64/100
|-damage|p2a: Latias|52/100|[from] Stealth Rock
|move|p1a: Tangrowth|Giga Drain|p2a: Latias
|-resisted|p2a: Latias
|-damage|p2a: Latias|42/100
|-heal|p1a: Tangrowth|37/100|[from] drain|[of] p2a: Latias
|
|-weather|Sandstorm|[upkeep]
|-damage|p2a: Latias|36/100|[from] Sandstorm
|-damage|p1a: Tangrowth|31/100|[from] Sandstorm
|upkeep
|turn|29
|
|t:|1631895888
|switch|p1a: Tyranitar|Tyranitar, F|69/100 par
|-damage|p1a: Tyranitar|57/100 par|[from] Stealth Rock
|move|p2a: Latias|Aura Sphere|p1a: Tyranitar
|-supereffective|p1a: Tyranitar
|-crit|p1a: Tyranitar
|-damage|p1a: Tyranitar|6/100 par
|
|-weather|none
|upkeep
|turn|30
|
|t:|1631895898
|switch|p1a: Heatran|Heatran, M|100/100
|-damage|p1a: Heatran|88/100|[from] Stealth Rock
|move|p2a: Latias|Recover|p2a: Latias
|-heal|p2a: Latias|86/100
|
|upkeep
|turn|31
|
|t:|1631895906
|move|p1a: Heatran|Flash Cannon|p2a: Latias
|-damage|p2a: Latias|56/100
|move|p2a: Latias|Calm Mind|p2a: Latias
|-boost|p2a: Latias|spa|1
|-boost|p2a: Latias|spd|1
|
|upkeep
|turn|32
|-message|CoconutCrabs forfeited.
|
|win|stall to 2000
|l|☆CoconutCrabs
|raw|CoconutCrabs's rating: 1684 &rarr; <strong>1664</strong><br />(-20 for losing)
|raw|stall to 2000's rating: 1685 &rarr; <strong>1705</strong><br />(+20 for winning)
