|j|☆LECH24
|j|☆mcp3
|t:|1645867495
|gametype|singles
|player|p1|LECH24|1|1728
|player|p2|mcp3|roxanne-gen3|1761
|teamsize|p1|6
|teamsize|p2|6
|gen|8
|tier|[Gen 8] OU
|rated|
|rule|Sleep Clause Mod: Limit one foe put to sleep
|rule|Species Clause: Limit one of each Pokémon
|rule|OHKO Clause: OHKO moves are banned
|rule|Evasion Moves Clause: Evasion moves are banned
|rule|Endless Battle Clause: Forcing endless battles is banned
|rule|HP Percentage Mod: HP is shown in percentages
|rule|Dynamax Clause: You cannot dynamax
|clearpoke
|poke|p1|Tapu Koko|
|poke|p1|Mamoswine, M|
|poke|p1|Slowbro, F|
|poke|p1|Blacephalon|
|poke|p1|Heatran, F|
|poke|p1|Mandibuzz, F|
|poke|p2|Buzzwole|
|poke|p2|Slowking, F|
|poke|p2|Weavile, M|
|poke|p2|Landorus-Therian, M|
|poke|p2|Kartana|
|poke|p2|Heatran, F|
|teampreview
|j| Lightchanseyy
|inactive|Battle timer is ON: inactive players will automatically lose when time's up. (requested by LECH24)
|
|t:|1645867547
|start
|switch|p1a: Mamoswine|Mamoswine, M|100/100
|switch|p2a: Slowking|Slowking, F|100/100
|turn|1
|
|t:|1645867550
|move|p1a: Mamoswine|Knock Off|p2a: Slowking
|-supereffective|p2a: Slowking
|-damage|p2a: Slowking|0 fnt
|-enditem|p2a: Slowking|Shed Shell|[from] move: Knock Off|[of] p1a: Mamoswine
|faint|p2a: Slowking
|
|upkeep
|
|t:|1645867558
|switch|p2a: Weavile|Weavile, M|100/100
|-ability|p2a: Weavile|Pressure
|turn|2
|
|t:|1645867565
|switch|p1a: Mandibuzz|Mandibuzz, F|100/100
|move|p2a: Weavile|Swords Dance|p2a: Weavile
|-boost|p2a: Weavile|atk|2
|
|upkeep
|turn|3
|
|t:|1645867569
|switch|p1a: Slowbro|Slowbro, F|100/100
|move|p2a: Weavile|Triple Axel|p1a: Slowbro
|-resisted|p1a: Slowbro
|-damage|p1a: Slowbro|95/100
|-resisted|p1a: Slowbro
|-damage|p1a: Slowbro|85/100
|-hitcount|p1a: Slowbro|2
|
|upkeep
|turn|4
|
|t:|1645867574
|move|p2a: Weavile|Knock Off|p1a: Slowbro
|-supereffective|p1a: Slowbro
|-enditem|p1a: Slowbro|Colbur Berry|[eat]
|-enditem|p1a: Slowbro|Colbur Berry|[weaken]
|-damage|p1a: Slowbro|25/100
|move|p1a: Slowbro|Body Press|p2a: Weavile
|-supereffective|p2a: Weavile
|-damage|p2a: Weavile|0 fnt
|faint|p2a: Weavile
|
|upkeep
|
|t:|1645867579
|switch|p2a: Buzzwole|Buzzwole|100/100
|turn|5
|
|t:|1645867592
|switch|p1a: Heatran|Heatran, F|100/100
|move|p2a: Buzzwole|Close Combat|p1a: Heatran
|-supereffective|p1a: Heatran
|-damage|p1a: Heatran|0 fnt
|-unboost|p2a: Buzzwole|def|1
|-unboost|p2a: Buzzwole|spd|1
|faint|p1a: Heatran
|-ability|p2a: Buzzwole|Beast Boost|boost
|-boost|p2a: Buzzwole|atk|1
|
|upkeep
|
|t:|1645867599
|switch|p1a: Blacephalon|Blacephalon|100/100
|turn|6
|
|t:|1645867605
|switch|p1a: Mamoswine|Mamoswine, M|100/100
|switch|p2a: Landorus|Landorus-Therian, M|100/100
|-ability|p2a: Landorus|Intimidate|boost
|-fail|p1a: Mamoswine|unboost|Attack|[from] ability: Oblivious|[of] p1a: Mamoswine
|
|upkeep
|turn|7
|j| N/itro-glu+cose=!
|
|t:|1645867610
|switch|p2a: Buzzwole|Buzzwole|100/100
|move|p1a: Mamoswine|Icicle Crash|p2a: Buzzwole|[miss]
|-miss|p1a: Mamoswine|p2a: Buzzwole
|
|upkeep
|turn|8
|c| N/itro-glu+cose=!|yup
|
|t:|1645867622
|switch|p1a: Slowbro|Slowbro, F|58/100
|switch|p2a: Heatran|Heatran, F|100/100
|
|upkeep
|turn|9
|
|t:|1645867627
|move|p2a: Heatran|Stealth Rock|p1a: Slowbro
|-sidestart|p1: LECH24|move: Stealth Rock
|move|p1a: Slowbro|Scald|p2a: Heatran
|-supereffective|p2a: Heatran
|-damage|p2a: Heatran|66/100
|
|-heal|p2a: Heatran|72/100|[from] item: Leftovers
|upkeep
|turn|10
|
|t:|1645867633
|move|p2a: Heatran|Toxic|p1a: Slowbro
|-status|p1a: Slowbro|tox
|move|p1a: Slowbro|Teleport|p1a: Slowbro
|
|t:|1645867634
|switch|p1a: Mamoswine|Mamoswine, M|100/100|[from]move: Teleport
|-damage|p1a: Mamoswine|88/100|[from] Stealth Rock
|
|-heal|p2a: Heatran|78/100|[from] item: Leftovers
|upkeep
|turn|11
|
|t:|1645867637
|switch|p2a: Buzzwole|Buzzwole|100/100
|move|p1a: Mamoswine|Icicle Crash|p2a: Buzzwole
|-damage|p2a: Buzzwole|52/100
|
|upkeep
|turn|12
|c| N/itro-glu+cose=!|oof
|
|t:|1645867656
|switch|p1a: Tapu Koko|Tapu Koko|100/100
|-fieldstart|move: Electric Terrain|[from] ability: Electric Surge|[of] p1a: Tapu Koko
|move|p2a: Buzzwole|Roost|p2a: Buzzwole
|-heal|p2a: Buzzwole|100/100
|-singleturn|p2a: Buzzwole|move: Roost
|
|upkeep
|turn|13
|c| N/itro-glu+cose=!|choice band
|raw|<div class="broadcast-red"><strong>Moderated chat was set to +!</strong><br />Only users of rank + and higher can talk.</div>
|c|☆mcp3|shut the fuck up
|
|t:|1645867669
|switch|p2a: Landorus|Landorus-Therian, M|100/100
|-ability|p2a: Landorus|Intimidate|boost
|-unboost|p1a: Tapu Koko|atk|1
|move|p1a: Tapu Koko|Nature's Madness|p2a: Landorus
|-damage|p2a: Landorus|51/100
|
|-heal|p2a: Landorus|57/100|[from] item: Leftovers
|upkeep
|turn|14
|
|t:|1645867678
|switch|p1a: Slowbro|Slowbro, F|91/100 tox
|-damage|p1a: Slowbro|79/100 tox|[from] Stealth Rock
|move|p2a: Landorus|Toxic|p1a: Slowbro|[miss]
|-miss|p2a: Landorus|p1a: Slowbro
|
|-heal|p2a: Landorus|63/100|[from] item: Leftovers
|-damage|p1a: Slowbro|73/100 tox|[from] psn
|upkeep
|turn|15
|
|t:|1645867684
|move|p2a: Landorus|U-turn|p1a: Slowbro
|-supereffective|p1a: Slowbro
|-damage|p1a: Slowbro|45/100 tox
|
|t:|1645867686
|switch|p2a: Heatran|Heatran, F|78/100|[from]move: U-turn
|move|p1a: Slowbro|Teleport|p1a: Slowbro
|
|t:|1645867691
|switch|p1a: Mamoswine|Mamoswine, M|88/100|[from]move: Teleport
|-damage|p1a: Mamoswine|76/100|[from] Stealth Rock
|
|-heal|p2a: Heatran|84/100|[from] item: Leftovers
|upkeep
|turn|16
|
|t:|1645867696
|switch|p2a: Buzzwole|Buzzwole|100/100
|move|p1a: Mamoswine|Earthquake|p2a: Buzzwole
|-resisted|p2a: Buzzwole
|-damage|p2a: Buzzwole|67/100
|
|-fieldend|move: Electric Terrain
|upkeep
|turn|17
|
|t:|1645867705
|switch|p1a: Mandibuzz|Mandibuzz, F|100/100
|switch|p2a: Kartana|Kartana|100/100
|
|upkeep
|turn|18
|
|t:|1645867709
|switch|p2a: Heatran|Heatran, F|84/100
|move|p1a: Mandibuzz|Foul Play|p2a: Heatran
|-damage|p2a: Heatran|64/100
|
|-heal|p2a: Heatran|70/100|[from] item: Leftovers
|upkeep
|turn|19
|
|t:|1645867714
|switch|p1a: Slowbro|Slowbro, F|79/100 tox
|-damage|p1a: Slowbro|66/100 tox|[from] Stealth Rock
|move|p2a: Heatran|Magma Storm|p1a: Slowbro|[miss]
|-miss|p2a: Heatran|p1a: Slowbro
|
|-heal|p2a: Heatran|77/100|[from] item: Leftovers
|-damage|p1a: Slowbro|60/100 tox|[from] psn
|upkeep
|turn|20
|
|t:|1645867720
|move|p2a: Heatran|Earth Power|p1a: Slowbro
|-damage|p1a: Slowbro|33/100 tox
|move|p1a: Slowbro|Body Press|p2a: Heatran
|-supereffective|p2a: Heatran
|-damage|p2a: Heatran|28/100
|
|-heal|p2a: Heatran|35/100|[from] item: Leftovers
|-damage|p1a: Slowbro|21/100 tox|[from] psn
|upkeep
|turn|21
|
|t:|1645867733
|switch|p1a: Mandibuzz|Mandibuzz, F|100/100
|move|p2a: Heatran|Earth Power|p1a: Mandibuzz
|-immune|p1a: Mandibuzz
|
|-heal|p2a: Heatran|41/100|[from] item: Leftovers
|upkeep
|turn|22
|
|t:|1645867738
|move|p1a: Mandibuzz|Foul Play|p2a: Heatran
|-damage|p2a: Heatran|22/100
|move|p2a: Heatran|Toxic|p1a: Mandibuzz|[miss]
|-miss|p2a: Heatran|p1a: Mandibuzz
|
|-heal|p2a: Heatran|28/100|[from] item: Leftovers
|upkeep
|turn|23
|
|t:|1645867742
|move|p1a: Mandibuzz|Foul Play|p2a: Heatran
|-crit|p2a: Heatran
|-damage|p2a: Heatran|0 fnt
|faint|p2a: Heatran
|
|upkeep
|
|t:|1645867746
|switch|p2a: Buzzwole|Buzzwole|67/100
|turn|24
|
|t:|1645867775
|switch|p1a: Slowbro|Slowbro, F|54/100 tox
|-damage|p1a: Slowbro|41/100 tox|[from] Stealth Rock
|move|p2a: Buzzwole|Close Combat|p1a: Slowbro
|-resisted|p1a: Slowbro
|-damage|p1a: Slowbro|8/100 tox
|-unboost|p2a: Buzzwole|def|1
|-unboost|p2a: Buzzwole|spd|1
|
|-damage|p1a: Slowbro|2/100 tox|[from] psn
|upkeep
|turn|25
|
|t:|1645867783
|move|p2a: Buzzwole|Close Combat|p1a: Slowbro
|-resisted|p1a: Slowbro
|-damage|p1a: Slowbro|0 fnt
|-unboost|p2a: Buzzwole|def|1
|-unboost|p2a: Buzzwole|spd|1
|faint|p1a: Slowbro
|-ability|p2a: Buzzwole|Beast Boost|boost
|-boost|p2a: Buzzwole|atk|1
|
|upkeep
|
|t:|1645867786
|switch|p1a: Blacephalon|Blacephalon|100/100
|-damage|p1a: Blacephalon|76/100|[from] Stealth Rock
|turn|26
|
|t:|1645867796
|switch|p2a: Landorus|Landorus-Therian, M|63/100
|-ability|p2a: Landorus|Intimidate|boost
|-unboost|p1a: Blacephalon|atk|1
|move|p1a: Blacephalon|Flamethrower|p2a: Landorus
|-damage|p2a: Landorus|26/100
|
|-heal|p2a: Landorus|32/100|[from] item: Leftovers
|upkeep
|turn|27
|
|t:|1645867800
|move|p1a: Blacephalon|Flamethrower|p2a: Landorus
|-damage|p2a: Landorus|0 fnt
|faint|p2a: Landorus
|-ability|p1a: Blacephalon|Beast Boost|boost
|-boost|p1a: Blacephalon|spa|1
|
|upkeep
|
|t:|1645867803
|switch|p2a: Kartana|Kartana|100/100
|turn|28
|
|t:|1645867806
|switch|p1a: Mandibuzz|Mandibuzz, F|100/100
|move|p2a: Kartana|Knock Off|p1a: Mandibuzz
|-resisted|p1a: Mandibuzz
|-damage|p1a: Mandibuzz|84/100
|-enditem|p1a: Mandibuzz|Heavy-Duty Boots|[from] move: Knock Off|[of] p2a: Kartana
|
|upkeep
|turn|29
|
|t:|1645867810
|switch|p2a: Buzzwole|Buzzwole|67/100
|move|p1a: Mandibuzz|Defog|p2a: Buzzwole
|-unboost|p2a: Buzzwole|evasion|1
|-sideend|p1: LECH24|Stealth Rock|[from] move: Defog|[of] p1a: Mandibuzz
|
|upkeep
|turn|30
|
|t:|1645867817
|switch|p1a: Mamoswine|Mamoswine, M|76/100
|move|p2a: Buzzwole|Earthquake|p1a: Mamoswine
|-damage|p1a: Mamoswine|10/100
|
|upkeep
|turn|31
|
|t:|1645867826
|switch|p2a: Kartana|Kartana|100/100
|move|p1a: Mamoswine|Icicle Crash|p2a: Kartana
|-damage|p2a: Kartana|28/100
|
|upkeep
|turn|32
|
|t:|1645867835
|switch|p1a: Mandibuzz|Mandibuzz, F|84/100
|move|p2a: Kartana|Smart Strike|p1a: Mandibuzz
|-damage|p1a: Mandibuzz|46/100
|
|upkeep
|turn|33
|
|t:|1645867838
|switch|p2a: Buzzwole|Buzzwole|67/100
|move|p1a: Mandibuzz|Roost|p1a: Mandibuzz
|-heal|p1a: Mandibuzz|96/100
|-singleturn|p1a: Mandibuzz|move: Roost
|
|upkeep
|turn|34
|
|t:|1645867844
|switch|p2a: Kartana|Kartana|28/100
|switch|p1a: Mamoswine|Mamoswine, M|10/100
|
|upkeep
|turn|35
|
|t:|1645867850
|move|p1a: Mamoswine|Ice Shard|p2a: Kartana
|-damage|p2a: Kartana|0 fnt
|faint|p2a: Kartana
|
|upkeep
|c|☆mcp3|gg
|-message|mcp3 forfeited.
|
|win|LECH24
|raw|LECH24's rating: 1728 &rarr; <strong>1750</strong><br />(+22 for winning)
|raw|mcp3's rating: 1761 &rarr; <strong>1739</strong><br />(-22 for losing)
|l|☆mcp3
|c|☆LECH24|Gg
