|j|☆LT93OQ Fa
|j|☆tanishq1
|t:|1660414939
|gametype|singles
|player|p1|LT93OQ Fa|skyla-masters2|1656
|player|p2|tanishq1|265|1698
|teamsize|p1|6
|teamsize|p2|6
|gen|8
|tier|[Gen 8] OU
|rated|
|rule|Sleep Clause Mod: Limit one foe put to sleep
|rule|Species Clause: Limit one of each Pokémon
|rule|OHKO Clause: OHKO moves are banned
|rule|Evasion Items Clause: Evasion items are banned
|rule|Evasion Moves Clause: Evasion moves are banned
|rule|Endless Battle Clause: Forcing endless battles is banned
|rule|HP Percentage Mod: HP is shown in percentages
|rule|Dynamax Clause: You cannot dynamax
|clearpoke
|poke|p1|Tapu Koko|
|poke|p1|Victini|
|poke|p1|Dragonite, F|
|poke|p1|Landorus-Therian, M|
|poke|p1|Ferrothorn, M|
|poke|p1|Clefable, M|
|poke|p2|Tapu Koko|
|poke|p2|Victini|
|poke|p2|Ferrothorn, M|
|poke|p2|Landorus-Therian, M|
|poke|p2|Slowbro, M|
|poke|p2|Bisharp, M|
|teampreview
|inactive|Battle timer is ON: inactive players will automatically lose when time's up. (requested by tanishq1)
|
|t:|1660414955
|start
|switch|p1a: Clefable|Clefable, M|100/100
|switch|p2a: Slowbro|Slowbro, M|100/100
|turn|1
|
|t:|1660414961
|move|p1a: Clefable|Trick|p2a: Slowbro
|-activate|p1a: Clefable|move: Trick|[of] p2a: Slowbro
|-item|p2a: Slowbro|Sticky Barb|[from] move: Trick
|-item|p1a: Clefable|Heavy-Duty Boots|[from] move: Trick
|move|p2a: Slowbro|Teleport|p2a: Slowbro
|
|t:|1660414963
|switch|p2a: Bisharp|Bisharp, M|100/100|[from]move: Teleport
|
|upkeep
|turn|2
|j| NaZarty
|j| AkaHell
|inactive|LT93OQ Fa has 120 seconds left.
|
|t:|1660414999
|switch|p1a: Ferrothorn|Ferrothorn, M|100/100
|move|p2a: Bisharp|Knock Off|p1a: Ferrothorn
|-damage|p1a: Ferrothorn|62/100
|-damage|p2a: Bisharp|88/100|[from] ability: Iron Barbs|[of] p1a: Ferrothorn
|-damage|p2a: Bisharp|72/100|[from] item: Rocky Helmet|[of] p1a: Ferrothorn
|-enditem|p1a: Ferrothorn|Rocky Helmet|[from] move: Knock Off|[of] p2a: Bisharp
|
|upkeep
|turn|3
|
|t:|1660415004
|move|p2a: Bisharp|Swords Dance|p2a: Bisharp
|-boost|p2a: Bisharp|atk|2
|move|p1a: Ferrothorn|Leech Seed|p2a: Bisharp
|-start|p2a: Bisharp|move: Leech Seed
|
|-damage|p2a: Bisharp|60/100|[from] Leech Seed|[of] p1a: Ferrothorn
|-heal|p1a: Ferrothorn|71/100|[silent]
|upkeep
|turn|4
|
|t:|1660415016
|move|p2a: Bisharp|Knock Off|p1a: Ferrothorn
|-damage|p1a: Ferrothorn|22/100
|-damage|p2a: Bisharp|47/100|[from] ability: Iron Barbs|[of] p1a: Ferrothorn
|move|p1a: Ferrothorn|Spikes|p2a: Bisharp
|-sidestart|p2: tanishq1|Spikes
|
|-damage|p2a: Bisharp|35/100|[from] Leech Seed|[of] p1a: Ferrothorn
|-heal|p1a: Ferrothorn|31/100|[silent]
|upkeep
|turn|5
|
|t:|1660415028
|move|p2a: Bisharp|Knock Off|p1a: Ferrothorn
|-damage|p1a: Ferrothorn|0 fnt
|-damage|p2a: Bisharp|23/100|[from] ability: Iron Barbs|[of] p1a: Ferrothorn
|faint|p1a: Ferrothorn
|
|upkeep
|inactive|LT93OQ Fa has 120 seconds left.
|
|t:|1660415053
|switch|p1a: Tapu Koko|Tapu Koko|100/100
|-fieldstart|move: Electric Terrain|[from] ability: Electric Surge|[of] p1a: Tapu Koko
|turn|6
|
|t:|1660415061
|move|p2a: Bisharp|Sucker Punch|p1a: Tapu Koko
|-resisted|p1a: Tapu Koko
|-crit|p1a: Tapu Koko
|-damage|p1a: Tapu Koko|0 fnt
|faint|p1a: Tapu Koko
|
|upkeep
|
|t:|1660415066
|switch|p1a: Dragonite|Dragonite, F|100/100
|turn|7
|
|t:|1660415075
|move|p1a: Dragonite|Earthquake|p2a: Bisharp
|-supereffective|p2a: Bisharp
|-damage|p2a: Bisharp|0 fnt
|faint|p2a: Bisharp
|
|upkeep
|
|t:|1660415079
|switch|p2a: Ferrothorn|Ferrothorn, M|100/100
|-damage|p2a: Ferrothorn|88/100|[from] Spikes
|turn|8
|
|t:|1660415090
|switch|p1a: Landorus|Landorus-Therian, M|100/100
|-ability|p1a: Landorus|Intimidate|boost
|-unboost|p2a: Ferrothorn|atk|1
|move|p2a: Ferrothorn|Leech Seed|p1a: Landorus|[miss]
|-miss|p2a: Ferrothorn|p1a: Landorus
|
|upkeep
|turn|9
|l| NaZarty
|
|t:|1660415118
|move|p1a: Landorus|Stealth Rock|p2a: Ferrothorn
|-sidestart|p2: tanishq1|move: Stealth Rock
|move|p2a: Ferrothorn|Spikes|p1a: Landorus
|-sidestart|p1: LT93OQ Fa|Spikes
|
|upkeep
|turn|10
|
|t:|1660415122
|move|p1a: Landorus|Earthquake|p2a: Ferrothorn
|-damage|p2a: Ferrothorn|60/100
|move|p2a: Ferrothorn|Leech Seed|p1a: Landorus|[miss]
|-miss|p2a: Ferrothorn|p1a: Landorus
|
|-fieldend|move: Electric Terrain
|upkeep
|turn|11
|
|t:|1660415146
|switch|p1a: Clefable|Clefable, M|100/100
|move|p2a: Ferrothorn|Leech Seed|p1a: Clefable|[miss]
|-miss|p2a: Ferrothorn|p1a: Clefable
|
|upkeep
|turn|12
|j| playa13
|
|t:|1660415154
|switch|p2a: Slowbro|Slowbro, M|100/100
|-damage|p2a: Slowbro|88/100|[from] Spikes
|-damage|p2a: Slowbro|76/100|[from] Stealth Rock
|move|p1a: Clefable|Trick|p2a: Slowbro
|-activate|p1a: Clefable|move: Trick|[of] p2a: Slowbro
|-item|p2a: Slowbro|Heavy-Duty Boots|[from] move: Trick
|-item|p1a: Clefable|Sticky Barb|[from] move: Trick
|
|upkeep
|turn|13
|
|t:|1660415158
|move|p1a: Clefable|Trick|p2a: Slowbro
|-activate|p1a: Clefable|move: Trick|[of] p2a: Slowbro
|-item|p2a: Slowbro|Sticky Barb|[from] move: Trick
|-item|p1a: Clefable|Heavy-Duty Boots|[from] move: Trick
|move|p2a: Slowbro|Future Sight|p1a: Clefable
|-start|p2a: Slowbro|move: Future Sight
|
|-damage|p2a: Slowbro|63/100|[from] item: Sticky Barb
|upkeep
|turn|14
|
|t:|1660415160
|move|p1a: Clefable|Moonblast|p2a: Slowbro
|-damage|p2a: Slowbro|40/100
|move|p2a: Slowbro|Teleport|p2a: Slowbro
|
|t:|1660415162
|switch|p2a: Victini|Victini|100/100|[from]move: Teleport
|
|upkeep
|turn|15
|
|t:|1660415191
|move|p2a: Victini|V-create|p1a: Clefable
|-damage|p1a: Clefable|40/100
|-unboost|p2a: Victini|spe|1
|-unboost|p2a: Victini|def|1
|-unboost|p2a: Victini|spd|1
|move|p1a: Clefable|Thunder Wave|p2a: Victini
|-status|p2a: Victini|par
|
|-end|p1a: Clefable|move: Future Sight
|-damage|p1a: Clefable|0 fnt
|faint|p1a: Clefable
|upkeep
|
|t:|1660415197
|switch|p1a: Dragonite|Dragonite, F|100/100
|turn|16
|inactive|tanishq1 has 120 seconds left.
|
|t:|1660415231
|move|p1a: Dragonite|Dragon Dance|p1a: Dragonite
|-boost|p1a: Dragonite|atk|1
|-boost|p1a: Dragonite|spe|1
|move|p2a: Victini|Will-O-Wisp|p1a: Dragonite
|-status|p1a: Dragonite|brn
|
|-damage|p1a: Dragonite|94/100 brn|[from] brn
|upkeep
|turn|17
|j|+Pissog
|
|t:|1660415245
|move|p1a: Dragonite|Dragon Dance|p1a: Dragonite
|-boost|p1a: Dragonite|atk|1
|-boost|p1a: Dragonite|spe|1
|move|p2a: Victini|U-turn|p1a: Dragonite
|-resisted|p1a: Dragonite
|-damage|p1a: Dragonite|83/100 brn
|
|t:|1660415248
|switch|p2a: Ferrothorn|Ferrothorn, M|60/100|[from]move: U-turn
|-damage|p2a: Ferrothorn|48/100|[from] Spikes
|-damage|p2a: Ferrothorn|42/100|[from] Stealth Rock
|
|-damage|p1a: Dragonite|77/100 brn|[from] brn
|upkeep
|turn|18
|
|t:|1660415252
|move|p1a: Dragonite|Earthquake|p2a: Ferrothorn
|-damage|p2a: Ferrothorn|20/100
|move|p2a: Ferrothorn|Gyro Ball|p1a: Dragonite
|-damage|p1a: Dragonite|25/100 brn
|
|-damage|p1a: Dragonite|19/100 brn|[from] brn
|upkeep
|turn|19
|
|t:|1660415257
|move|p1a: Dragonite|Earthquake|p2a: Ferrothorn
|-damage|p2a: Ferrothorn|2/100
|move|p2a: Ferrothorn|Leech Seed|p1a: Dragonite
|-start|p1a: Dragonite|move: Leech Seed
|
|-damage|p1a: Dragonite|7/100 brn|[from] Leech Seed|[of] p2a: Ferrothorn
|-heal|p2a: Ferrothorn|13/100|[silent]
|-damage|p1a: Dragonite|0 fnt|[from] brn
|faint|p1a: Dragonite
|upkeep
|
|t:|1660415265
|switch|p1a: Landorus|Landorus-Therian, M|100/100
|-ability|p1a: Landorus|Intimidate|boost
|-unboost|p2a: Ferrothorn|atk|1
|turn|20
|
|t:|1660415274
|move|p1a: Landorus|Earthquake|p2a: Ferrothorn
|-damage|p2a: Ferrothorn|0 fnt
|faint|p2a: Ferrothorn
|
|upkeep
|
|t:|1660415278
|switch|p2a: Landorus|Landorus-Therian, M|100/100
|-damage|p2a: Landorus|88/100|[from] Stealth Rock
|-ability|p2a: Landorus|Intimidate|boost
|-unboost|p1a: Landorus|atk|1
|turn|21
|
|t:|1660415280
|move|p2a: Landorus|Toxic|p1a: Landorus
|-status|p1a: Landorus|tox
|move|p1a: Landorus|Toxic|p2a: Landorus
|-status|p2a: Landorus|tox
|
|-heal|p2a: Landorus|94/100 tox|[from] item: Leftovers
|-damage|p2a: Landorus|88/100 tox|[from] psn
|-damage|p1a: Landorus|94/100 tox|[from] psn
|upkeep
|turn|22
|
|t:|1660415283
|move|p2a: Landorus|U-turn|p1a: Landorus
|-resisted|p1a: Landorus
|-damage|p1a: Landorus|84/100 tox
|
|t:|1660415285
|switch|p2a: Slowbro|Slowbro, M|74/100|[from]move: U-turn
|-damage|p2a: Slowbro|61/100|[from] Spikes
|-damage|p2a: Slowbro|49/100|[from] Stealth Rock
|move|p1a: Landorus|U-turn|p2a: Slowbro
|-supereffective|p2a: Slowbro
|-damage|p2a: Slowbro|26/100
|
|t:|1660415287
|switch|p1a: Victini|Victini|100/100|[from]move: U-turn
|
|-damage|p2a: Slowbro|13/100|[from] item: Sticky Barb
|upkeep
|turn|23
|
|t:|1660415293
|move|p1a: Victini|Bolt Strike|p2a: Slowbro
|-supereffective|p2a: Slowbro
|-damage|p2a: Slowbro|0 fnt
|faint|p2a: Slowbro
|
|upkeep
|l| AkaHell
|
|t:|1660415296
|switch|p2a: Tapu Koko|Tapu Koko|100/100
|-fieldstart|move: Electric Terrain|[from] ability: Electric Surge|[of] p2a: Tapu Koko
|turn|24
|
|t:|1660415303
|move|p2a: Tapu Koko|Dazzling Gleam|p1a: Victini
|-resisted|p1a: Victini
|-damage|p1a: Victini|84/100
|move|p1a: Victini|Bolt Strike|p2a: Tapu Koko
|-resisted|p2a: Tapu Koko
|-damage|p2a: Tapu Koko|68/100
|
|upkeep
|turn|25
|
|t:|1660415307
|move|p2a: Tapu Koko|Dazzling Gleam|p1a: Victini
|-resisted|p1a: Victini
|-damage|p1a: Victini|67/100
|move|p1a: Victini|V-create|p2a: Tapu Koko
|-damage|p2a: Tapu Koko|0 fnt
|-unboost|p1a: Victini|spe|1
|-unboost|p1a: Victini|def|1
|-unboost|p1a: Victini|spd|1
|faint|p2a: Tapu Koko
|
|upkeep
|
|t:|1660415313
|switch|p2a: Victini|Victini|100/100 par
|turn|26
|
|t:|1660415317
|move|p1a: Victini|U-turn|p2a: Victini
|-damage|p2a: Victini|79/100 par
|
|t:|1660415319
|switch|p1a: Landorus|Landorus-Therian, M|84/100 tox|[from]move: U-turn
|-ability|p1a: Landorus|Intimidate|boost
|-unboost|p2a: Victini|atk|1
|move|p2a: Victini|V-create|p1a: Landorus
|-damage|p1a: Landorus|36/100 tox
|-unboost|p2a: Victini|spe|1
|-unboost|p2a: Victini|def|1
|-unboost|p2a: Victini|spd|1
|
|-heal|p1a: Landorus|42/100 tox|[from] item: Leftovers
|-damage|p1a: Landorus|36/100 tox|[from] psn
|upkeep
|turn|27
|
|t:|1660415328
|switch|p2a: Landorus|Landorus-Therian, M|88/100 tox
|-damage|p2a: Landorus|76/100 tox|[from] Stealth Rock
|-ability|p2a: Landorus|Intimidate|boost
|-unboost|p1a: Landorus|atk|1
|move|p1a: Landorus|U-turn|p2a: Landorus
|-resisted|p2a: Landorus
|-damage|p2a: Landorus|70/100 tox
|
|t:|1660415330
|switch|p1a: Victini|Victini|67/100|[from]move: U-turn
|
|-heal|p2a: Landorus|76/100 tox|[from] item: Leftovers
|-damage|p2a: Landorus|70/100 tox|[from] psn
|upkeep
|turn|28
|
|t:|1660415334
|switch|p2a: Victini|Victini|79/100 par
|move|p1a: Victini|V-create|p2a: Victini
|-resisted|p2a: Victini
|-damage|p2a: Victini|42/100 par
|-unboost|p1a: Victini|spe|1
|-unboost|p1a: Victini|def|1
|-unboost|p1a: Victini|spd|1
|
|-fieldend|move: Electric Terrain
|upkeep
|turn|29
|
|t:|1660415357
|move|p1a: Victini|V-create|p2a: Victini
|-resisted|p2a: Victini
|-damage|p2a: Victini|1/100 par
|-unboost|p1a: Victini|spe|1
|-unboost|p1a: Victini|def|1
|-unboost|p1a: Victini|spd|1
|move|p2a: Victini|V-create|p1a: Victini
|-resisted|p1a: Victini
|-damage|p1a: Victini|0 fnt
|-unboost|p2a: Victini|spe|1
|-unboost|p2a: Victini|def|1
|-unboost|p2a: Victini|spd|1
|faint|p1a: Victini
|
|upkeep
|
|t:|1660415359
|switch|p1a: Landorus|Landorus-Therian, M|36/100 tox
|-ability|p1a: Landorus|Intimidate|boost
|-unboost|p2a: Victini|atk|1
|turn|30
|
|t:|1660415364
|move|p1a: Landorus|U-turn|p2a: Victini
|-damage|p2a: Victini|0 fnt
|faint|p2a: Victini
|
|-heal|p1a: Landorus|42/100 tox|[from] item: Leftovers
|-damage|p1a: Landorus|36/100 tox|[from] psn
|upkeep
|
|t:|1660415366
|switch|p2a: Landorus|Landorus-Therian, M|70/100 tox
|-damage|p2a: Landorus|57/100 tox|[from] Stealth Rock
|-ability|p2a: Landorus|Intimidate|boost
|-unboost|p1a: Landorus|atk|1
|turn|31
|
|t:|1660415368
|move|p2a: Landorus|U-turn|p1a: Landorus
|-resisted|p1a: Landorus
|-damage|p1a: Landorus|26/100 tox
|move|p1a: Landorus|U-turn|p2a: Landorus
|-resisted|p2a: Landorus
|-damage|p2a: Landorus|51/100 tox
|
|-heal|p2a: Landorus|57/100 tox|[from] item: Leftovers
|-heal|p1a: Landorus|32/100 tox|[from] item: Leftovers
|-damage|p2a: Landorus|51/100 tox|[from] psn
|-damage|p1a: Landorus|20/100 tox|[from] psn
|upkeep
|turn|32
|
|t:|1660415370
|move|p2a: Landorus|U-turn|p1a: Landorus
|-resisted|p1a: Landorus
|-damage|p1a: Landorus|9/100 tox
|move|p1a: Landorus|U-turn|p2a: Landorus
|-resisted|p2a: Landorus
|-damage|p2a: Landorus|44/100 tox
|
|-heal|p2a: Landorus|50/100 tox|[from] item: Leftovers
|-heal|p1a: Landorus|15/100 tox|[from] item: Leftovers
|-damage|p2a: Landorus|38/100 tox|[from] psn
|-damage|p1a: Landorus|0 fnt|[from] psn
|faint|p1a: Landorus
|
|win|tanishq1
|upkeep
|raw|LT93OQ Fa's rating: 1656 &rarr; <strong>1638</strong><br />(-18 for losing)
|raw|tanishq1's rating: 1692 &rarr; <strong>1710</strong><br />(+18 for winning)
|l|☆tanishq1
|l|☆LT93OQ Fa
|l|+Pissog
||Ladder isn't responding, score probably updated but might not have (Request timeout).
