|j|☆kazt 5
|j|☆Trucklenscleaner
|inactive|Battle timer is ON: inactive players will automatically lose when time's up.
|t:|1625080641
|gametype|singles
|player|p1|kazt 5|dawn|
|player|p2|Trucklenscleaner|skier|
|teamsize|p1|6
|teamsize|p2|6
|gen|8
|tier|[Gen 8] OU
|rated|Tournament battle
|rule|Sleep Clause Mod: Limit one foe put to sleep
|rule|Species Clause: Limit one of each Pokémon
|rule|OHKO Clause: OHKO moves are banned
|rule|Evasion Moves Clause: Evasion moves are banned
|rule|Endless Battle Clause: Forcing endless battles is banned
|rule|HP Percentage Mod: HP is shown in percentages
|rule|Dynamax Clause: You cannot dynamax
|clearpoke
|poke|p1|Weavile, M|
|poke|p1|Clefable, F|
|poke|p1|Ferrothorn, M|
|poke|p1|Tapu Koko|
|poke|p1|Garchomp, M|
|poke|p1|Corviknight, M|
|poke|p2|Toxapex, M|
|poke|p2|Buzzwole|
|poke|p2|Excadrill, F|
|poke|p2|Tyranitar, M|
|poke|p2|Aegislash, F|
|poke|p2|Sylveon, M|
|teampreview
|c|☆kazt 5|hf
|c|☆Trucklenscleaner|hf
|inactive|Trucklenscleaner has 120 seconds left.
|
|t:|1625080672
|start
|switch|p1a: Ferrothorn|Ferrothorn, M|100/100
|switch|p2a: Toxapex|Toxapex, M|100/100
|turn|1
|
|t:|1625080676
|move|p2a: Toxapex|Knock Off|p1a: Ferrothorn
|-damage|p1a: Ferrothorn|90/100
|-damage|p2a: Toxapex|88/100|[from] ability: Iron Barbs|[of] p1a: Ferrothorn
|-enditem|p1a: Ferrothorn|Leftovers|[from] move: Knock Off|[of] p2a: Toxapex
|move|p1a: Ferrothorn|Knock Off|p2a: Toxapex
|-damage|p2a: Toxapex|75/100
|-enditem|p2a: Toxapex|Black Sludge|[from] move: Knock Off|[of] p1a: Ferrothorn
|
|upkeep
|turn|2
|
|t:|1625080685
|move|p2a: Toxapex|Toxic Spikes|p1a: Ferrothorn
|-sidestart|p1: kazt 5|move: Toxic Spikes
|move|p1a: Ferrothorn|Spikes|p2a: Toxapex
|-sidestart|p2: Trucklenscleaner|Spikes
|
|upkeep
|turn|3
|
|t:|1625080699
|move|p2a: Toxapex|Scald|p1a: Ferrothorn
|-resisted|p1a: Ferrothorn
|-damage|p1a: Ferrothorn|84/100
|move|p1a: Ferrothorn|Leech Seed|p2a: Toxapex
|-start|p2a: Toxapex|move: Leech Seed
|
|-damage|p2a: Toxapex|63/100|[from] Leech Seed|[of] p1a: Ferrothorn
|-heal|p1a: Ferrothorn|95/100|[silent]
|upkeep
|turn|4
|
|t:|1625080710
|move|p2a: Toxapex|Scald|p1a: Ferrothorn
|-resisted|p1a: Ferrothorn
|-damage|p1a: Ferrothorn|90/100
|move|p1a: Ferrothorn|Spikes|p2a: Toxapex
|-sidestart|p2: Trucklenscleaner|Spikes
|
|-damage|p2a: Toxapex|50/100|[from] Leech Seed|[of] p1a: Ferrothorn
|-heal|p1a: Ferrothorn|100/100|[silent]
|upkeep
|turn|5
|
|t:|1625080713
|switch|p1a: Clefable|Clefable, F|100/100
|-status|p1a: Clefable|psn
|move|p2a: Toxapex|Recover|p2a: Toxapex
|-heal|p2a: Toxapex|99/100
|
|-damage|p2a: Toxapex|88/100|[from] Leech Seed|[of] p1a: Clefable
|upkeep
|turn|6
|
|t:|1625080719
|switch|p2a: Excadrill|Excadrill, F|100/100
|-damage|p2a: Excadrill|84/100|[from] Spikes
|move|p1a: Clefable|Trick|p2a: Excadrill
|-activate|p1a: Clefable|move: Trick|[of] p2a: Excadrill
|-item|p2a: Excadrill|Sticky Barb|[from] move: Trick
|-item|p1a: Clefable|Leftovers|[from] move: Trick
|
|-damage|p2a: Excadrill|71/100|[from] item: Sticky Barb
|upkeep
|turn|7
|
|t:|1625080734
|switch|p1a: Ferrothorn|Ferrothorn, M|100/100
|move|p2a: Excadrill|Rapid Spin|p1a: Ferrothorn
|-resisted|p1a: Ferrothorn
|-damage|p1a: Ferrothorn|95/100
|-boost|p2a: Excadrill|spe|1
|-damage|p2a: Excadrill|59/100|[from] ability: Iron Barbs|[of] p1a: Ferrothorn
|-sideend|p2: Trucklenscleaner|Spikes|[from] move: Rapid Spin|[of] p2a: Excadrill
|
|-damage|p2a: Excadrill|46/100|[from] item: Sticky Barb
|upkeep
|turn|8
|
|t:|1625080743
|switch|p2a: Buzzwole|Buzzwole|100/100
|move|p1a: Ferrothorn|Leech Seed|p2a: Buzzwole
|-start|p2a: Buzzwole|move: Leech Seed
|
|-damage|p2a: Buzzwole|88/100|[from] Leech Seed|[of] p1a: Ferrothorn
|-heal|p1a: Ferrothorn|100/100|[silent]
|upkeep
|turn|9
|
|t:|1625080748
|switch|p1a: Corviknight|Corviknight, M|100/100
|-ability|p1a: Corviknight|Pressure
|move|p2a: Buzzwole|Drain Punch|p1a: Corviknight
|-damage|p1a: Corviknight|81/100
|-heal|p2a: Buzzwole|97/100|[from] drain|[of] p1a: Corviknight
|-damage|p2a: Buzzwole|81/100|[from] item: Rocky Helmet|[of] p1a: Corviknight
|
|-damage|p2a: Buzzwole|68/100|[from] Leech Seed|[of] p1a: Corviknight
|-heal|p1a: Corviknight|94/100|[silent]
|upkeep
|turn|10
|
|t:|1625080752
|switch|p2a: Aegislash|Aegislash, F|100/100
|move|p1a: Corviknight|U-turn|p2a: Aegislash
|-resisted|p2a: Aegislash
|-damage|p2a: Aegislash|97/100
|
|t:|1625080759
|switch|p1a: Ferrothorn|Ferrothorn, M|100/100|[from]move: U-turn
|
|upkeep
|turn|11
|
|t:|1625080764
|-formechange|p2a: Aegislash|Aegislash-Blade||[from] ability: Stance Change
|move|p2a: Aegislash|Shadow Ball|p1a: Ferrothorn
|-damage|p1a: Ferrothorn|45/100
|-unboost|p1a: Ferrothorn|spd|1
|move|p1a: Ferrothorn|Leech Seed|p2a: Aegislash
|-start|p2a: Aegislash|move: Leech Seed
|
|-damage|p2a: Aegislash|85/100|[from] Leech Seed|[of] p1a: Ferrothorn
|-heal|p1a: Ferrothorn|54/100|[silent]
|upkeep
|turn|12
|
|t:|1625080770
|switch|p1a: Clefable|Clefable, F|100/100 psn
|move|p2a: Aegislash|Shadow Ball|p1a: Clefable
|-crit|p1a: Clefable
|-damage|p1a: Clefable|33/100 psn
|
|-heal|p1a: Clefable|40/100 psn|[from] item: Leftovers
|-damage|p2a: Aegislash|73/100|[from] Leech Seed|[of] p1a: Clefable
|-heal|p1a: Clefable|48/100 psn|[silent]
|upkeep
|turn|13
|
|t:|1625080784
|switch|p2a: Toxapex|Toxapex, M|100/100
|move|p1a: Clefable|Soft-Boiled|p1a: Clefable
|-heal|p1a: Clefable|98/100 psn
|
|-heal|p1a: Clefable|100/100 psn|[from] item: Leftovers
|upkeep
|turn|14
|
|t:|1625080790
|switch|p1a: Tapu Koko|Tapu Koko|100/100
|-fieldstart|move: Electric Terrain|[from] ability: Electric Surge|[of] p1a: Tapu Koko
|move|p2a: Toxapex|Knock Off|p1a: Tapu Koko
|-resisted|p1a: Tapu Koko
|-damage|p1a: Tapu Koko|90/100
|-enditem|p1a: Tapu Koko|Heavy-Duty Boots|[from] move: Knock Off|[of] p2a: Toxapex
|
|upkeep
|turn|15
|
|t:|1625080798
|switch|p2a: Tyranitar|Tyranitar, M|100/100
|-weather|Sandstorm|[from] ability: Sand Stream|[of] p2a: Tyranitar
|move|p1a: Tapu Koko|Thunderbolt|p2a: Tyranitar
|-damage|p2a: Tyranitar|78/100
|
|-weather|Sandstorm|[upkeep]
|-damage|p1a: Tapu Koko|84/100|[from] Sandstorm
|-heal|p2a: Tyranitar|84/100|[from] item: Leftovers
|upkeep
|turn|16
|
|t:|1625080808
|move|p1a: Tapu Koko|U-turn|p2a: Tyranitar
|-supereffective|p2a: Tyranitar
|-damage|p2a: Tyranitar|57/100
|
|t:|1625080810
|switch|p1a: Corviknight|Corviknight, M|94/100|[from]move: U-turn
|-ability|p1a: Corviknight|Pressure
|move|p2a: Tyranitar|Stealth Rock|p1a: Corviknight
|-sidestart|p1: kazt 5|move: Stealth Rock
|
|-weather|Sandstorm|[upkeep]
|-heal|p2a: Tyranitar|64/100|[from] item: Leftovers
|upkeep
|turn|17
|
|t:|1625080815
|move|p1a: Corviknight|U-turn|p2a: Tyranitar
|-supereffective|p2a: Tyranitar
|-damage|p2a: Tyranitar|42/100
|
|t:|1625080820
|switch|p1a: Garchomp|Garchomp, M|100/100|[from]move: U-turn
|-status|p1a: Garchomp|psn
|-damage|p1a: Garchomp|94/100 psn|[from] Stealth Rock
|move|p2a: Tyranitar|Thunder Wave|p1a: Garchomp
|-immune|p1a: Garchomp
|
|-weather|Sandstorm|[upkeep]
|-heal|p1a: Garchomp|100/100 psn|[from] item: Leftovers
|-heal|p2a: Tyranitar|48/100|[from] item: Leftovers
|-damage|p1a: Garchomp|88/100 psn|[from] psn
|upkeep
|turn|18
|
|t:|1625080825
|switch|p2a: Buzzwole|Buzzwole|68/100
|move|p1a: Garchomp|Stealth Rock|p2a: Buzzwole
|-sidestart|p2: Trucklenscleaner|move: Stealth Rock
|
|-weather|Sandstorm|[upkeep]
|-damage|p2a: Buzzwole|62/100|[from] Sandstorm
|-heal|p1a: Garchomp|94/100 psn|[from] item: Leftovers
|-damage|p1a: Garchomp|82/100 psn|[from] psn
|-fieldend|move: Electric Terrain
|upkeep
|turn|19
|
|t:|1625080831
|switch|p1a: Corviknight|Corviknight, M|94/100
|-damage|p1a: Corviknight|82/100|[from] Stealth Rock
|-ability|p1a: Corviknight|Pressure
|move|p2a: Buzzwole|Ice Punch|p1a: Corviknight
|-damage|p1a: Corviknight|69/100
|-damage|p2a: Buzzwole|45/100|[from] item: Rocky Helmet|[of] p1a: Corviknight
|
|-weather|none
|upkeep
|turn|20
|
|t:|1625080835
|move|p2a: Buzzwole|Roost|p2a: Buzzwole
|-heal|p2a: Buzzwole|95/100
|-singleturn|p2a: Buzzwole|move: Roost
|move|p1a: Corviknight|Brave Bird|p2a: Buzzwole
|-supereffective|p2a: Buzzwole
|-damage|p2a: Buzzwole|23/100
|-damage|p1a: Corviknight|53/100|[from] item: Rocky Helmet|[of] p2a: Buzzwole
|-damage|p1a: Corviknight|28/100|[from] Recoil
|
|upkeep
|turn|21
|j| Oiseau Bleu
|
|t:|1625080845
|switch|p2a: Toxapex|Toxapex, M|100/100
|-damage|p2a: Toxapex|88/100|[from] Stealth Rock
|switch|p1a: Clefable|Clefable, F|100/100 psn
|
|upkeep
|turn|22
|
|t:|1625080852
|switch|p1a: Corviknight|Corviknight, M|28/100
|-damage|p1a: Corviknight|15/100|[from] Stealth Rock
|-ability|p1a: Corviknight|Pressure
|move|p2a: Toxapex|Knock Off|p1a: Corviknight
|-damage|p1a: Corviknight|6/100
|-damage|p2a: Toxapex|72/100|[from] item: Rocky Helmet|[of] p1a: Corviknight
|-enditem|p1a: Corviknight|Rocky Helmet|[from] move: Knock Off|[of] p2a: Toxapex
|
|upkeep
|turn|23
|
|t:|1625080859
|move|p1a: Corviknight|Roost|p1a: Corviknight
|-heal|p1a: Corviknight|56/100
|-singleturn|p1a: Corviknight|move: Roost
|move|p2a: Toxapex|Scald|p1a: Corviknight
|-damage|p1a: Corviknight|42/100
|
|upkeep
|turn|24
|
|t:|1625080863
|move|p1a: Corviknight|Roost|p1a: Corviknight
|-heal|p1a: Corviknight|92/100
|-singleturn|p1a: Corviknight|move: Roost
|move|p2a: Toxapex|Scald|p1a: Corviknight
|-damage|p1a: Corviknight|77/100
|
|upkeep
|turn|25
|
|t:|1625080865
|move|p1a: Corviknight|U-turn|p2a: Toxapex
|-resisted|p2a: Toxapex
|-damage|p2a: Toxapex|67/100
|
|t:|1625080872
|switch|p1a: Ferrothorn|Ferrothorn, M|54/100|[from]move: U-turn
|-damage|p1a: Ferrothorn|48/100|[from] Stealth Rock
|move|p2a: Toxapex|Scald|p1a: Ferrothorn
|-resisted|p1a: Ferrothorn
|-damage|p1a: Ferrothorn|43/100
|
|upkeep
|turn|26
|
|t:|1625080881
|switch|p2a: Buzzwole|Buzzwole|23/100
|-damage|p2a: Buzzwole|10/100|[from] Stealth Rock
|move|p1a: Ferrothorn|Leech Seed|p2a: Buzzwole
|-start|p2a: Buzzwole|move: Leech Seed
|
|-damage|p2a: Buzzwole|0 fnt|[from] Leech Seed|[of] p1a: Ferrothorn
|-heal|p1a: Ferrothorn|54/100|[silent]
|faint|p2a: Buzzwole
|upkeep
|
|t:|1625080884
|switch|p2a: Aegislash|Aegislash, F|73/100
|-damage|p2a: Aegislash|67/100|[from] Stealth Rock
|turn|27
|
|t:|1625080890
|-formechange|p2a: Aegislash|Aegislash-Blade||[from] ability: Stance Change
|move|p2a: Aegislash|Shadow Ball|p1a: Ferrothorn
|-damage|p1a: Ferrothorn|0 fnt
|faint|p1a: Ferrothorn
|
|upkeep
|
|t:|1625080898
|switch|p1a: Garchomp|Garchomp, M|82/100 psn
|-damage|p1a: Garchomp|76/100 psn|[from] Stealth Rock
|turn|28
|
|t:|1625080906
|switch|p2a: Sylveon|Sylveon, M|100/100
|-damage|p2a: Sylveon|88/100|[from] Stealth Rock
|move|p1a: Garchomp|Earthquake|p2a: Sylveon
|-damage|p2a: Sylveon|21/100
|
|-heal|p1a: Garchomp|82/100 psn|[from] item: Leftovers
|-heal|p2a: Sylveon|27/100|[from] item: Leftovers
|-damage|p1a: Garchomp|70/100 psn|[from] psn
|upkeep
|turn|29
|
|t:|1625080910
|move|p2a: Sylveon|Protect|p2a: Sylveon
|-singleturn|p2a: Sylveon|Protect
|move|p1a: Garchomp|Earthquake|p2a: Sylveon
|-activate|p2a: Sylveon|move: Protect
|
|-heal|p1a: Garchomp|76/100 psn|[from] item: Leftovers
|-heal|p2a: Sylveon|33/100|[from] item: Leftovers
|-damage|p1a: Garchomp|64/100 psn|[from] psn
|upkeep
|turn|30
|
|t:|1625080919
|move|p2a: Sylveon|Protect||[still]
|-fail|p2a: Sylveon
|move|p1a: Garchomp|Earthquake|p2a: Sylveon
|-damage|p2a: Sylveon|0 fnt
|faint|p2a: Sylveon
|
|-heal|p1a: Garchomp|70/100 psn|[from] item: Leftovers
|-damage|p1a: Garchomp|57/100 psn|[from] psn
|upkeep
|
|t:|1625080922
|switch|p2a: Aegislash|Aegislash, F|67/100
|-damage|p2a: Aegislash|61/100|[from] Stealth Rock
|turn|31
|
|t:|1625080925
|-formechange|p2a: Aegislash|Aegislash-Blade||[from] ability: Stance Change
|move|p2a: Aegislash|Shadow Sneak|p1a: Garchomp
|-damage|p1a: Garchomp|40/100 psn
|move|p1a: Garchomp|Earthquake|p2a: Aegislash
|-supereffective|p2a: Aegislash
|-crit|p2a: Aegislash
|-damage|p2a: Aegislash|0 fnt
|faint|p2a: Aegislash
|
|-heal|p1a: Garchomp|46/100 psn|[from] item: Leftovers
|-damage|p1a: Garchomp|34/100 psn|[from] psn
|upkeep
|
|t:|1625080928
|switch|p2a: Tyranitar|Tyranitar, M|48/100
|-damage|p2a: Tyranitar|35/100|[from] Stealth Rock
|-weather|Sandstorm|[from] ability: Sand Stream|[of] p2a: Tyranitar
|turn|32
|c|☆Trucklenscleaner|i played bad gg
|-message|Trucklenscleaner forfeited.
|
|win|kazt 5
|n|☆kazt 5|kazt5
|n|☆Trucklenscleaner|trucklenscleaner
|n| Oiseau Bleu|oiseaubleu
|c|☆kazt 5|it happens
|c|☆kazt 5|gg
