|raw|<div class="broadcast-blue"><strong>This battle is required to be public due to a player having a name starting with 'lt82zw'.</div>
|j|☆GuyguyLaMenace
|j|☆LT82ZW GLASS
|t:|1625826003
|gametype|singles
|player|p1|GuyguyLaMenace|volkner|1637
|player|p2|LT82ZW GLASS|1|1659
|teamsize|p1|6
|teamsize|p2|6
|gen|8
|tier|[Gen 8] OU
|rated|
|rule|Sleep Clause Mod: Limit one foe put to sleep
|rule|Species Clause: Limit one of each Pokémon
|rule|OHKO Clause: OHKO moves are banned
|rule|Evasion Moves Clause: Evasion moves are banned
|rule|Endless Battle Clause: Forcing endless battles is banned
|rule|HP Percentage Mod: HP is shown in percentages
|rule|Dynamax Clause: You cannot dynamax
|clearpoke
|poke|p1|Magnezone|
|poke|p1|Kyurem|
|poke|p1|Dragonite, F|
|poke|p1|Regidrago|
|poke|p1|Garchomp, M|
|poke|p1|Tapu Lele|
|poke|p2|Weavile, M|
|poke|p2|Ninetales-Alola, F|
|poke|p2|Landorus-Therian, M|
|poke|p2|Cloyster, F|
|poke|p2|Dragapult, M|
|poke|p2|Kartana|
|teampreview
|inactive|Battle timer is ON: inactive players will automatically lose when time's up. (requested by LT82ZW GLASS)
|j|+Lunala
|j| Romeo3
|
|t:|1625826017
|start
|switch|p1a: Garchomp|Garchomp, M|100/100
|switch|p2a: Ninetales|Ninetales-Alola, F|100/100
|-weather|Hail|[from] ability: Snow Warning|[of] p2a: Ninetales
|turn|1
|
|t:|1625826022
|move|p1a: Garchomp|Iron Head|p2a: Ninetales
|-supereffective|p2a: Ninetales
|-damage|p2a: Ninetales|0 fnt
|faint|p2a: Ninetales
|
|-weather|Hail|[upkeep]
|-damage|p1a: Garchomp|94/100|[from] Hail
|upkeep
|
|t:|1625826027
|switch|p2a: Cloyster|Cloyster, F|100/100
|turn|2
|j|+Aberforth
|
|t:|1625826031
|switch|p1a: Magnezone|Magnezone|100/100
|move|p2a: Cloyster|Shell Smash|p2a: Cloyster
|-unboost|p2a: Cloyster|def|1
|-unboost|p2a: Cloyster|spd|1
|-boost|p2a: Cloyster|atk|2
|-boost|p2a: Cloyster|spa|2
|-boost|p2a: Cloyster|spe|2
|
|-weather|Hail|[upkeep]
|-damage|p1a: Magnezone|94/100|[from] Hail
|upkeep
|turn|3
|
|t:|1625826033
|move|p2a: Cloyster|Icicle Spear|p1a: Magnezone
|-resisted|p1a: Magnezone
|-damage|p1a: Magnezone|83/100
|-resisted|p1a: Magnezone
|-damage|p1a: Magnezone|71/100
|-resisted|p1a: Magnezone
|-damage|p1a: Magnezone|57/100
|-resisted|p1a: Magnezone
|-damage|p1a: Magnezone|45/100
|-resisted|p1a: Magnezone
|-damage|p1a: Magnezone|31/100
|-hitcount|p1a: Magnezone|5
|move|p1a: Magnezone|Volt Switch|p2a: Cloyster
|-supereffective|p2a: Cloyster
|-damage|p2a: Cloyster|0 fnt
|faint|p2a: Cloyster
|
|t:|1625826037
|switch|p1a: Tapu Lele|Tapu Lele|100/100|[from]move: Volt Switch
|-fieldstart|move: Psychic Terrain|[from] ability: Psychic Surge|[of] p1a: Tapu Lele
|
|-weather|Hail|[upkeep]
|-damage|p1a: Tapu Lele|94/100|[from] Hail
|upkeep
|
|t:|1625826041
|switch|p2a: Weavile|Weavile, M|100/100
|-ability|p2a: Weavile|Pressure
|turn|4
|
|t:|1625826046
|move|p1a: Tapu Lele|Moonblast|p2a: Weavile
|-supereffective|p2a: Weavile
|-damage|p2a: Weavile|0 fnt
|faint|p2a: Weavile
|
|-weather|Hail|[upkeep]
|-damage|p1a: Tapu Lele|88/100|[from] Hail
|upkeep
|j| LT82ZW Mystical
|l|+Lunala
|
|t:|1625826051
|switch|p2a: Kartana|Kartana|100/100
|turn|5
|
|t:|1625826067
|switch|p1a: Dragonite|Dragonite, F|100/100
|move|p2a: Kartana|Knock Off|p1a: Dragonite
|-damage|p1a: Dragonite|79/100
|-enditem|p1a: Dragonite|Heavy-Duty Boots|[from] move: Knock Off|[of] p2a: Kartana
|-damage|p2a: Kartana|91/100|[from] item: Life Orb
|
|-weather|none
|upkeep
|turn|6
|
|t:|1625826071
|switch|p2a: Dragapult|Dragapult, M|100/100
|move|p1a: Dragonite|Ice Punch|p2a: Dragapult
|-supereffective|p2a: Dragapult
|-damage|p2a: Dragapult|18/100
|-enditem|p2a: Dragapult|Weakness Policy
|-boost|p2a: Dragapult|atk|2|[from] item: Weakness Policy
|-boost|p2a: Dragapult|spa|2|[from] item: Weakness Policy
|
|upkeep
|turn|7
|
|t:|1625826077
|move|p2a: Dragapult|Dragon Darts|p1a: Dragonite
|-supereffective|p1a: Dragonite
|-damage|p1a: Dragonite|0 fnt
|faint|p1a: Dragonite
|
|-fieldend|move: Psychic Terrain
|upkeep
|
|t:|1625826083
|switch|p1a: Tapu Lele|Tapu Lele|88/100
|-fieldstart|move: Psychic Terrain|[from] ability: Psychic Surge|[of] p1a: Tapu Lele
|turn|8
|
|t:|1625826086
|move|p1a: Tapu Lele|Moonblast|p2a: Dragapult
|-supereffective|p2a: Dragapult
|-damage|p2a: Dragapult|0 fnt
|faint|p2a: Dragapult
|
|upkeep
|l|romeo3
|
|t:|1625826091
|switch|p2a: Landorus|Landorus-Therian, M|100/100
|-ability|p2a: Landorus|Intimidate|boost
|-unboost|p1a: Tapu Lele|atk|1
|turn|9
|
|t:|1625826095
|switch|p1a: Magnezone|Magnezone|31/100
|move|p2a: Landorus|Rock Polish|p2a: Landorus
|-boost|p2a: Landorus|spe|2
|
|upkeep
|turn|10
|l| LT82ZW Mystical
|
|t:|1625826101
|move|p2a: Landorus|Bulk Up|p2a: Landorus
|-boost|p2a: Landorus|atk|1
|-boost|p2a: Landorus|def|1
|move|p1a: Magnezone|Flash Cannon|p2a: Landorus
|-damage|p2a: Landorus|16/100
|-enditem|p2a: Landorus|Iapapa Berry|[eat]
|-heal|p2a: Landorus|49/100|[from] item: Iapapa Berry
|
|upkeep
|turn|11
|
|t:|1625826107
|move|p2a: Landorus|Earthquake|p1a: Magnezone
|-supereffective|p1a: Magnezone
|-damage|p1a: Magnezone|0 fnt
|faint|p1a: Magnezone
|
|upkeep
|
|t:|1625826111
|switch|p1a: Tapu Lele|Tapu Lele|88/100
|turn|12
|
|t:|1625826114
|move|p2a: Landorus|Earthquake|p1a: Tapu Lele
|-damage|p1a: Tapu Lele|0 fnt
|faint|p1a: Tapu Lele
|
|-fieldend|move: Psychic Terrain
|upkeep
|
|t:|1625826121
|switch|p1a: Kyurem|Kyurem|100/100
|-ability|p1a: Kyurem|Pressure
|turn|13
|
|t:|1625826123
|move|p2a: Landorus|Earthquake|p1a: Kyurem
|-damage|p1a: Kyurem|22/100
|move|p1a: Kyurem|Freeze-Dry|p2a: Landorus
|-supereffective|p2a: Landorus
|-damage|p2a: Landorus|0 fnt
|faint|p2a: Landorus
|
|upkeep
|
|t:|1625826126
|switch|p2a: Kartana|Kartana|91/100
|turn|14
|
|t:|1625826131
|switch|p1a: Garchomp|Garchomp, M|94/100
|move|p2a: Kartana|Knock Off|p1a: Garchomp
|-damage|p1a: Garchomp|52/100
|-damage|p2a: Kartana|78/100|[from] ability: Rough Skin|[of] p1a: Garchomp
|-enditem|p1a: Garchomp|Choice Scarf|[from] move: Knock Off|[of] p2a: Kartana
|-damage|p2a: Kartana|68/100|[from] item: Life Orb
|
|upkeep
|turn|15
|
|t:|1625826136
|move|p2a: Kartana|Leaf Blade|p1a: Garchomp
|-crit|p1a: Garchomp
|-damage|p1a: Garchomp|0 fnt
|-damage|p2a: Kartana|56/100|[from] ability: Rough Skin|[of] p1a: Garchomp
|faint|p1a: Garchomp
|-ability|p2a: Kartana|Beast Boost|boost
|-boost|p2a: Kartana|spe|1
|-damage|p2a: Kartana|46/100|[from] item: Life Orb
|
|upkeep
|
|t:|1625826140
|switch|p1a: Regidrago|Regidrago|100/100
|turn|16
|j| Zheatran
|
|t:|1625826144
|move|p2a: Kartana|Swords Dance|p2a: Kartana
|-boost|p2a: Kartana|atk|2
|move|p1a: Regidrago|Explosion|p2a: Kartana
|-resisted|p2a: Kartana
|-damage|p2a: Kartana|14/100
|faint|p1a: Regidrago
|
|upkeep
|c|☆GuyguyLaMenace|Oh no
|
|t:|1625826151
|switch|p1a: Kyurem|Kyurem|22/100
|-ability|p1a: Kyurem|Pressure
|turn|17
|
|t:|1625826154
|move|p2a: Kartana|Knock Off|p1a: Kyurem
|-damage|p1a: Kyurem|0 fnt
|-enditem|p1a: Kyurem|Metronome|[from] move: Knock Off|[of] p2a: Kartana
|faint|p1a: Kyurem
|-damage|p2a: Kartana|4/100|[from] item: Life Orb
|
|win|LT82ZW GLASS
|raw|GuyguyLaMenace's rating: 1637 &rarr; <strong>1618</strong><br />(-19 for losing)
|raw|LT82ZW GLASS's rating: 1659 &rarr; <strong>1678</strong><br />(+19 for winning)
|l|☆LT82ZW GLASS
|l|☆GuyguyLaMenace
|l|+Aberforth
