|j|☆tanishq1
|j|☆Steez Ibanez
|t:|1658209288
|gametype|singles
|player|p1|tanishq1|1|1853
|player|p2|Steez Ibanez|pokemonranger-gen4|1962
|teamsize|p1|6
|teamsize|p2|6
|gen|8
|tier|[Gen 8] OU
|rated|
|rule|Sleep Clause Mod: Limit one foe put to sleep
|rule|Species Clause: Limit one of each Pokémon
|rule|OHKO Clause: OHKO moves are banned
|rule|Evasion Moves Clause: Evasion moves are banned
|rule|Endless Battle Clause: Forcing endless battles is banned
|rule|HP Percentage Mod: HP is shown in percentages
|rule|Dynamax Clause: You cannot dynamax
|clearpoke
|poke|p1|Tapu Lele|
|poke|p1|Volcanion|
|poke|p1|Landorus-Therian, M|
|poke|p1|Melmetal|
|poke|p1|Blacephalon|
|poke|p1|Corviknight, M|
|poke|p2|Zapdos|
|poke|p2|Nidoking, M|
|poke|p2|Garchomp, M|
|poke|p2|Ferrothorn, M|
|poke|p2|Landorus-Therian, M|
|poke|p2|Tapu Fini|
|teampreview
|j| PerfectPhoenix
|j| aster0710
|inactive|Battle timer is ON: inactive players will automatically lose when time's up. (requested by tanishq1)
|
|t:|1658209334
|start
|switch|p1a: Night Sky|Tapu Lele, shiny|100/100
|switch|p2a: Simba|Landorus-Therian, M|100/100
|-ability|p2a: Simba|Intimidate|boost
|-unboost|p1a: Night Sky|atk|1
|-fieldstart|move: Psychic Terrain|[from] ability: Psychic Surge|[of] p1a: Night Sky
|turn|1
|
|t:|1658209339
|switch|p1a: Corviknight|Corviknight, M|100/100
|-ability|p1a: Corviknight|Pressure
|move|p2a: Simba|U-turn|p1a: Corviknight
|-resisted|p1a: Corviknight
|-damage|p1a: Corviknight|97/100
|-damage|p2a: Simba|84/100|[from] item: Rocky Helmet|[of] p1a: Corviknight
|
|t:|1658209342
|switch|p2a: Nomu|Nidoking, M|100/100|[from]move: U-turn
|
|upkeep
|turn|2
|
|t:|1658209348
|switch|p1a: Night Sky|Tapu Lele, shiny|100/100
|move|p2a: Nomu|Stealth Rock|p1a: Night Sky
|-sidestart|p1: tanishq1|move: Stealth Rock
|
|upkeep
|turn|3
|
|t:|1658209351
|switch|p2a: Abomination|Ferrothorn, M|100/100
|move|p1a: Night Sky|Psychic|p2a: Abomination
|-resisted|p2a: Abomination
|-damage|p2a: Abomination|58/100
|
|upkeep
|turn|4
|
|t:|1658209357
|move|p1a: Night Sky|Psychic|p2a: Abomination
|-resisted|p2a: Abomination
|-damage|p2a: Abomination|13/100
|move|p2a: Abomination|Leech Seed|p1a: Night Sky
|-start|p1a: Night Sky|move: Leech Seed
|
|-damage|p1a: Night Sky|88/100|[from] Leech Seed|[of] p2a: Abomination
|-heal|p2a: Abomination|23/100|[silent]
|upkeep
|turn|5
|
|t:|1658209360
|move|p1a: Night Sky|Psychic|p2a: Abomination
|-resisted|p2a: Abomination
|-damage|p2a: Abomination|0 fnt
|faint|p2a: Abomination
|
|-fieldend|move: Psychic Terrain
|upkeep
|
|t:|1658209363
|switch|p2a: Samehada|Garchomp, M|100/100
|turn|6
|
|t:|1658209365
|move|p2a: Samehada|Swords Dance|p2a: Samehada
|-boost|p2a: Samehada|atk|2
|move|p1a: Night Sky|Psychic|p2a: Samehada
|-damage|p2a: Samehada|20/100
|
|-heal|p2a: Samehada|26/100|[from] item: Leftovers
|-damage|p1a: Night Sky|76/100|[from] Leech Seed|[of] p2a: Samehada
|-heal|p2a: Samehada|36/100|[silent]
|upkeep
|turn|7
|
|t:|1658209369
|switch|p1a: Landorus|Landorus-Therian, M|100/100
|-damage|p1a: Landorus|88/100|[from] Stealth Rock
|-ability|p1a: Landorus|Intimidate|boost
|-unboost|p2a: Samehada|atk|1
|move|p2a: Samehada|Scale Shot|p1a: Landorus
|-damage|p1a: Landorus|69/100
|-damage|p1a: Landorus|50/100
|-damage|p1a: Landorus|32/100
|-hitcount|p1a: Landorus|3
|-unboost|p2a: Samehada|def|1
|-boost|p2a: Samehada|spe|1
|
|-heal|p2a: Samehada|42/100|[from] item: Leftovers
|-heal|p1a: Landorus|38/100|[from] item: Leftovers
|upkeep
|turn|8
|
|t:|1658209373
|move|p2a: Samehada|Scale Shot|p1a: Landorus|[miss]
|-miss|p2a: Samehada|p1a: Landorus
|move|p1a: Landorus|Earthquake|p2a: Samehada
|-damage|p2a: Samehada|0 fnt
|faint|p2a: Samehada
|
|-heal|p1a: Landorus|44/100|[from] item: Leftovers
|upkeep
|
|t:|1658209380
|switch|p2a: Nomu|Nidoking, M|100/100
|turn|9
|
|t:|1658209382
|move|p2a: Nomu|Ice Beam|p1a: Landorus
|-supereffective|p1a: Landorus
|-damage|p1a: Landorus|0 fnt
|faint|p1a: Landorus
|
|upkeep
|
|t:|1658209384
|switch|p1a: Melmetal|Melmetal|100/100
|-damage|p1a: Melmetal|94/100|[from] Stealth Rock
|turn|10
|
|t:|1658209386
|move|p2a: Nomu|Earth Power|p1a: Melmetal
|-supereffective|p1a: Melmetal
|-damage|p1a: Melmetal|36/100
|move|p1a: Melmetal|Ice Punch|p2a: Nomu
|-supereffective|p2a: Nomu
|-damage|p2a: Nomu|13/100
|
|upkeep
|turn|11
|
|t:|1658209390
|move|p2a: Nomu|Earth Power|p1a: Melmetal
|-supereffective|p1a: Melmetal
|-crit|p1a: Melmetal
|-damage|p1a: Melmetal|0 fnt
|faint|p1a: Melmetal
|
|upkeep
|
|t:|1658209392
|switch|p1a: Night Sky|Tapu Lele, shiny|76/100
|-damage|p1a: Night Sky|63/100|[from] Stealth Rock
|-fieldstart|move: Psychic Terrain|[from] ability: Psychic Surge|[of] p1a: Night Sky
|turn|12
|
|t:|1658209398
|move|p2a: Nomu|Earth Power|p1a: Night Sky
|-damage|p1a: Night Sky|0 fnt
|faint|p1a: Night Sky
|
|upkeep
|
|t:|1658209401
|switch|p1a: Blacephalon|Blacephalon|100/100
|-damage|p1a: Blacephalon|76/100|[from] Stealth Rock
|turn|13
|
|t:|1658209404
|move|p1a: Blacephalon|Shadow Ball|p2a: Nomu
|-damage|p2a: Nomu|0 fnt
|faint|p2a: Nomu
|-ability|p1a: Blacephalon|Beast Boost|boost
|-boost|p1a: Blacephalon|spa|1
|
|upkeep
|
|t:|1658209405
|switch|p2a: Watcher|Tapu Fini|100/100
|-fieldstart|move: Misty Terrain|[from] ability: Misty Surge|[of] p2a: Watcher
|turn|14
|
|t:|1658209407
|switch|p1a: Volcanion|Volcanion|100/100
|-damage|p1a: Volcanion|76/100|[from] Stealth Rock
|move|p2a: Watcher|Surf|p1a: Volcanion
|-heal|p1a: Volcanion|100/100|[from] ability: Water Absorb|[of] p2a: Watcher
|
|upkeep
|turn|15
|j| Nong Kong derm
|
|t:|1658209414
|switch|p2a: Simba|Landorus-Therian, M|84/100
|-ability|p2a: Simba|Intimidate|boost
|-unboost|p1a: Volcanion|atk|1
|move|p1a: Volcanion|Steam Eruption|p2a: Simba
|-supereffective|p2a: Simba
|-damage|p2a: Simba|0 fnt
|faint|p2a: Simba
|
|upkeep
|
|t:|1658209418
|switch|p2a: Watcher|Tapu Fini|100/100
|turn|16
|
|t:|1658209420
|move|p1a: Volcanion|Steam Eruption|p2a: Watcher
|-resisted|p2a: Watcher
|-damage|p2a: Watcher|66/100
|move|p2a: Watcher|Calm Mind|p2a: Watcher
|-boost|p2a: Watcher|spa|1
|-boost|p2a: Watcher|spd|1
|
|-heal|p2a: Watcher|72/100|[from] item: Leftovers
|upkeep
|turn|17
|
|t:|1658209423
|move|p1a: Volcanion|Steam Eruption|p2a: Watcher
|-resisted|p2a: Watcher
|-damage|p2a: Watcher|47/100
|move|p2a: Watcher|Calm Mind|p2a: Watcher
|-boost|p2a: Watcher|spa|1
|-boost|p2a: Watcher|spd|1
|
|-heal|p2a: Watcher|53/100|[from] item: Leftovers
|upkeep
|turn|18
|
|t:|1658209426
|move|p1a: Volcanion|Steam Eruption|p2a: Watcher
|-resisted|p2a: Watcher
|-damage|p2a: Watcher|34/100
|move|p2a: Watcher|Calm Mind|p2a: Watcher
|-boost|p2a: Watcher|spa|1
|-boost|p2a: Watcher|spd|1
|
|-heal|p2a: Watcher|40/100|[from] item: Leftovers
|-fieldend|Misty Terrain
|upkeep
|turn|19
|
|t:|1658209428
|move|p1a: Volcanion|Steam Eruption|p2a: Watcher
|-resisted|p2a: Watcher
|-damage|p2a: Watcher|25/100
|-status|p2a: Watcher|brn
|move|p2a: Watcher|Draining Kiss|p1a: Volcanion
|-resisted|p1a: Volcanion
|-damage|p1a: Volcanion|76/100
|-heal|p2a: Watcher|41/100 brn|[from] drain|[of] p1a: Volcanion
|
|-heal|p2a: Watcher|47/100 brn|[from] item: Leftovers
|-damage|p2a: Watcher|41/100 brn|[from] brn
|upkeep
|turn|20
|
|t:|1658209432
|move|p1a: Volcanion|Steam Eruption|p2a: Watcher
|-resisted|p2a: Watcher
|-damage|p2a: Watcher|27/100 brn
|move|p2a: Watcher|Draining Kiss|p1a: Volcanion
|-resisted|p1a: Volcanion
|-damage|p1a: Volcanion|53/100
|-heal|p2a: Watcher|43/100 brn|[from] drain|[of] p1a: Volcanion
|
|-heal|p2a: Watcher|49/100 brn|[from] item: Leftovers
|-damage|p2a: Watcher|43/100 brn|[from] brn
|upkeep
|turn|21
|
|t:|1658209436
|switch|p1a: Corviknight|Corviknight, M|97/100
|-damage|p1a: Corviknight|84/100|[from] Stealth Rock
|-ability|p1a: Corviknight|Pressure
|move|p2a: Watcher|Draining Kiss|p1a: Corviknight
|-resisted|p1a: Corviknight
|-damage|p1a: Corviknight|65/100
|-heal|p2a: Watcher|60/100 brn|[from] drain|[of] p1a: Corviknight
|-damage|p2a: Watcher|43/100 brn|[from] item: Rocky Helmet|[of] p1a: Corviknight
|
|-heal|p2a: Watcher|49/100 brn|[from] item: Leftovers
|-damage|p2a: Watcher|43/100 brn|[from] brn
|upkeep
|turn|22
|
|t:|1658209440
|move|p2a: Watcher|Surf|p1a: Corviknight
|-crit|p1a: Corviknight
|-damage|p1a: Corviknight|0 fnt
|faint|p1a: Corviknight
|
|-heal|p2a: Watcher|49/100 brn|[from] item: Leftovers
|-damage|p2a: Watcher|43/100 brn|[from] brn
|upkeep
|
|t:|1658209442
|switch|p1a: Volcanion|Volcanion|53/100
|-damage|p1a: Volcanion|28/100|[from] Stealth Rock
|turn|23
|
|t:|1658209445
|move|p1a: Volcanion|Sludge Wave|p2a: Watcher
|-supereffective|p2a: Watcher
|-damage|p2a: Watcher|10/100 brn
|move|p2a: Watcher|Draining Kiss|p1a: Volcanion
|-resisted|p1a: Volcanion
|-damage|p1a: Volcanion|2/100
|-heal|p2a: Watcher|27/100 brn|[from] drain|[of] p1a: Volcanion
|
|-heal|p2a: Watcher|33/100 brn|[from] item: Leftovers
|-damage|p2a: Watcher|27/100 brn|[from] brn
|upkeep
|turn|24
|
|t:|1658209449
|move|p1a: Volcanion|Sludge Wave|p2a: Watcher
|-supereffective|p2a: Watcher
|-damage|p2a: Watcher|0 fnt
|faint|p2a: Watcher
|
|upkeep
|
|t:|1658209450
|switch|p2a: Bolt|Zapdos|100/100
|turn|25
|
|t:|1658209453
|move|p1a: Volcanion|Sludge Wave|p2a: Bolt
|-damage|p2a: Bolt|46/100
|move|p2a: Bolt|Discharge|p1a: Volcanion
|-supereffective|p1a: Volcanion
|-damage|p1a: Volcanion|0 fnt
|faint|p1a: Volcanion
|
|upkeep
|
|t:|1658209455
|switch|p1a: Blacephalon|Blacephalon|76/100
|-damage|p1a: Blacephalon|51/100|[from] Stealth Rock
|turn|26
|
|t:|1658209457
|move|p1a: Blacephalon|Flamethrower|p2a: Bolt
|-damage|p2a: Bolt|0 fnt
|faint|p2a: Bolt
|
|win|tanishq1
|raw|tanishq1's rating: 1853 &rarr; <strong>1879</strong><br />(+26 for winning)
|raw|Steez Ibanez's rating: 1962 &rarr; <strong>1936</strong><br />(-26 for losing)
|l|☆tanishq1
|l| aster0710
|l|☆Steez Ibanez
|j| ikoero
|l| PerfectPhoenix
