|j|☆Ivyon
|t:|1642198932
|gametype|singles
|player|p1|Ivyon|blue|
|player|p2|Guest 5515832|lance|
|teamsize|p1|3
|teamsize|p2|3
|gen|8
|tier|[Gen 8] OU
|rule|Sleep Clause Mod: Limit one foe put to sleep
|rule|Species Clause: Limit one of each Pokémon
|rule|OHKO Clause: OHKO moves are banned
|rule|Evasion Moves Clause: Evasion moves are banned
|rule|Endless Battle Clause: Forcing endless battles is banned
|rule|HP Percentage Mod: HP is shown in percentages
|rule|Dynamax Clause: You cannot dynamax
|clearpoke
|poke|p1|Gengar, F|
|poke|p1|Alakazam, F|
|poke|p1|Inteleon, F|
|poke|p2|Inteleon, F|
|poke|p2|Gengar, M|
|poke|p2|Alakazam, F|
|teampreview
|
|t:|1642198938
|start
|switch|p1a: Gengar|Gengar, F|100/100
|switch|p2a: Gengar|Gengar, M|100/100
|turn|1
|
|t:|1642198944
|move|p1a: Gengar|Metronome|p1a: Gengar
|move|p1a: Gengar|Magic Powder|p2a: Gengar|[from]move: Metronome
|-start|p2a: Gengar|typechange|Psychic
|move|p2a: Gengar|Metronome|p2a: Gengar
|move|p2a: Gengar|Power Split|p1a: Gengar|[from]move: Metronome
|-activate|p2a: Gengar|move: Power Split|[of] p1a: Gengar
|
|upkeep
|turn|2
|
|t:|1642198962
|move|p1a: Gengar|Metronome|p1a: Gengar
|move|p1a: Gengar|Dragon Hammer|p2a: Gengar|[from]move: Metronome
|-damage|p2a: Gengar|64/100
|-damage|p1a: Gengar|91/100|[from] item: Life Orb
|move|p2a: Gengar|Metronome|p2a: Gengar
|move|p2a: Gengar|Sleep Powder|p1a: Gengar|[from]move: Metronome|[miss]
|-miss|p2a: Gengar|p1a: Gengar
|
|upkeep
|turn|3
|
|t:|1642198978
|move|p1a: Gengar|Metronome|p1a: Gengar
|move|p1a: Gengar|Quiver Dance|p1a: Gengar|[from]move: Metronome
|-boost|p1a: Gengar|spa|1
|-boost|p1a: Gengar|spd|1
|-boost|p1a: Gengar|spe|1
|move|p2a: Gengar|Metronome|p2a: Gengar
|move|p2a: Gengar|Weather Ball|p1a: Gengar|[from]move: Metronome
|-immune|p1a: Gengar
|
|upkeep
|turn|4
|c|☆Ivyon|OOF
|
|t:|1642198994
|move|p1a: Gengar|Metronome|p1a: Gengar
|move|p1a: Gengar|Sand Attack|p2a: Gengar|[from]move: Metronome
|-unboost|p2a: Gengar|accuracy|1
|move|p2a: Gengar|Metronome|p2a: Gengar
|move|p2a: Gengar|Charge|p2a: Gengar|[from]move: Metronome
|-boost|p2a: Gengar|spd|1
|-activate|p2a: Gengar|move: Charge
|
|upkeep
|turn|5
|
|t:|1642199003
|move|p1a: Gengar|Metronome|p1a: Gengar
|move|p1a: Gengar|Fiery Dance|p2a: Gengar|[from]move: Metronome
|-damage|p2a: Gengar|10/100
|-damage|p1a: Gengar|81/100|[from] item: Life Orb
|move|p2a: Gengar|Metronome|p2a: Gengar
|move|p2a: Gengar|Horn Drill|p1a: Gengar|[from]move: Metronome
|-immune|p1a: Gengar
|
|upkeep
|turn|6
|
|t:|1642199022
|move|p1a: Gengar|Metronome|p1a: Gengar
|move|p1a: Gengar|Aqua Jet|p2a: Gengar|[from]move: Metronome
|-damage|p2a: Gengar|0 fnt
|faint|p2a: Gengar
|-damage|p1a: Gengar|71/100|[from] item: Life Orb
|
|upkeep
|c|☆Ivyon|OMG
|
|t:|1642199039
|switch|p2a: Alakazam|Alakazam, F|100/100
|turn|7
|
|t:|1642199043
|move|p1a: Gengar|Metronome|p1a: Gengar
|move|p1a: Gengar|Iron Tail|p2a: Alakazam|[from]move: Metronome
|-damage|p2a: Alakazam|45/100
|-unboost|p2a: Alakazam|def|1
|-damage|p1a: Gengar|61/100|[from] item: Life Orb
|move|p2a: Alakazam|Metronome|p2a: Alakazam
|move|p2a: Alakazam|Happy Hour|p2a: Alakazam|[from]move: Metronome
|
|upkeep
|turn|8
|
|t:|1642199060
|move|p1a: Gengar|Metronome|p1a: Gengar
|move|p1a: Gengar|Skitter Smack|p2a: Alakazam|[from]move: Metronome
|-supereffective|p2a: Alakazam
|-damage|p2a: Alakazam|0 fnt
|faint|p2a: Alakazam
|-damage|p1a: Gengar|51/100|[from] item: Life Orb
|
|upkeep
|
|t:|1642199068
|switch|p2a: Inteleon|Inteleon, F|100/100
|turn|9
|
|t:|1642199074
|move|p1a: Gengar|Metronome|p1a: Gengar
|move|p1a: Gengar|Bug Bite|p2a: Inteleon|[from]move: Metronome
|-damage|p2a: Inteleon|77/100
|-damage|p1a: Gengar|41/100|[from] item: Life Orb
|move|p2a: Inteleon|Metronome|p2a: Inteleon
|move|p2a: Inteleon|Charm|p1a: Gengar|[from]move: Metronome
|-unboost|p1a: Gengar|atk|2
|
|upkeep
|turn|10
|
|t:|1642199091
|move|p1a: Gengar|Metronome|p1a: Gengar
|move|p1a: Gengar|Thunder Punch|p2a: Inteleon|[from]move: Metronome
|-supereffective|p2a: Inteleon
|-damage|p2a: Inteleon|48/100
|-damage|p1a: Gengar|31/100|[from] item: Life Orb
|move|p2a: Inteleon|Metronome|p2a: Inteleon
|move|p2a: Inteleon|Mind Reader|p1a: Gengar|[from]move: Metronome
|-activate|p2a: Inteleon|move: Mind Reader|[of] p1a: Gengar
|
|upkeep
|turn|11
|
|t:|1642199114
|move|p1a: Gengar|Metronome|p1a: Gengar
|move|p1a: Gengar|Aqua Ring|p1a: Gengar|[from]move: Metronome
|-start|p1a: Gengar|Aqua Ring
|move|p2a: Inteleon|Metronome|p2a: Inteleon
|move|p2a: Inteleon|Attract||[from]move: Metronome|[still]
|-fail|p2a: Inteleon
|
|-heal|p1a: Gengar|37/100|[from] Aqua Ring
|upkeep
|turn|12
|
|t:|1642199144
|move|p1a: Gengar|Metronome|p1a: Gengar
|move|p1a: Gengar|Weather Ball|p2a: Inteleon|[from]move: Metronome
|-damage|p2a: Inteleon|7/100
|-damage|p1a: Gengar|27/100|[from] item: Life Orb
|move|p2a: Inteleon|Metronome|p2a: Inteleon
|move|p2a: Inteleon|Disable|p1a: Gengar|[from]move: Metronome
|-start|p1a: Gengar|Disable|Metronome
|
|-heal|p1a: Gengar|33/100|[from] Aqua Ring
|upkeep
|turn|13
|c|☆Ivyon|:OOOOOOOOOOOOO
|
|t:|1642199168
|-activate|p1a: Gengar|move: Struggle
|move|p1a: Gengar|Struggle|p2a: Inteleon
|-crit|p2a: Inteleon
|-damage|p2a: Inteleon|0 fnt
|faint|p2a: Inteleon
|-damage|p1a: Gengar|8/100|[from] recoil
|-damage|p1a: Gengar|0 fnt|[from] item: Life Orb
|faint|p1a: Gengar
|
|win|Ivyon
