|j|☆FvkboyCharmander
|j|☆STOKELESS
|t:|1667069686
|gametype|singles
|player|p1|FvkboyCharmander|101|1605
|player|p2|STOKELESS|veteran|1556
|teamsize|p1|6
|teamsize|p2|6
|gen|8
|tier|[Gen 8] OU
|rated|
|rule|Sleep Clause Mod: Limit one foe put to sleep
|rule|Species Clause: Limit one of each Pokémon
|rule|OHKO Clause: OHKO moves are banned
|rule|Evasion Items Clause: Evasion items are banned
|rule|Evasion Moves Clause: Evasion moves are banned
|rule|Endless Battle Clause: Forcing endless battles is banned
|rule|HP Percentage Mod: HP is shown in percentages
|rule|Dynamax Clause: You cannot dynamax
|clearpoke
|poke|p1|Azumarill, M|
|poke|p1|Landorus-Therian, M|
|poke|p1|Rillaboom, F|
|poke|p1|Ninetales-Alola, M|
|poke|p1|Hawlucha, F|
|poke|p1|Blaziken, M|
|poke|p2|Weavile, M|
|poke|p2|Rillaboom, F|
|poke|p2|Keldeo-Resolute|
|poke|p2|Zapdos|
|poke|p2|Rotom-Wash|
|poke|p2|Landorus-Therian, M|
|teampreview
|inactive|Battle timer is ON: inactive players will automatically lose when time's up. (requested by STOKELESS)
|j| XcountrY
|
|t:|1667069711
|start
|switch|p1a: Landorus|Landorus-Therian, M|100/100
|switch|p2a: Keldeo|Keldeo-Resolute|100/100
|-ability|p1a: Landorus|Intimidate|boost
|-unboost|p2a: Keldeo|atk|1
|turn|1
|
|t:|1667069734
|switch|p1a: Ninetales|Ninetales-Alola, M|100/100
|-weather|Hail|[from] ability: Snow Warning|[of] p1a: Ninetales
|move|p2a: Keldeo|Hydro Pump|p1a: Ninetales
|-damage|p1a: Ninetales|0 fnt
|faint|p1a: Ninetales
|
|-weather|Hail|[upkeep]
|-damage|p2a: Keldeo|94/100|[from] Hail
|upkeep
|
|t:|1667069738
|switch|p1a: Rillaboom|Rillaboom, F|100/100
|-fieldstart|move: Grassy Terrain|[from] ability: Grassy Surge|[of] p1a: Rillaboom
|turn|2
|c| XcountrY|gg
|
|t:|1667069741
|switch|p2a: Zapdos|Zapdos, shiny|100/100
|move|p1a: Rillaboom|Swords Dance|p1a: Rillaboom
|-boost|p1a: Rillaboom|atk|2
|
|-weather|Hail|[upkeep]
|-damage|p1a: Rillaboom|94/100|[from] Hail
|-damage|p2a: Zapdos|94/100|[from] Hail
|-heal|p1a: Rillaboom|100/100|[from] Grassy Terrain
|upkeep
|turn|3
|
|t:|1667069745
|move|p1a: Rillaboom|Grassy Glide|p2a: Zapdos
|-resisted|p2a: Zapdos
|-damage|p2a: Zapdos|47/100
|-damage|p1a: Rillaboom|91/100|[from] item: Life Orb
|move|p2a: Zapdos|Heat Wave|p1a: Rillaboom
|-supereffective|p1a: Rillaboom
|-damage|p1a: Rillaboom|15/100
|
|-weather|Hail|[upkeep]
|-damage|p1a: Rillaboom|9/100|[from] Hail
|-damage|p2a: Zapdos|41/100|[from] Hail
|-heal|p1a: Rillaboom|15/100|[from] Grassy Terrain
|upkeep
|turn|4
|
|t:|1667069755
|move|p1a: Rillaboom|Grassy Glide|p2a: Zapdos
|-resisted|p2a: Zapdos
|-damage|p2a: Zapdos|0 fnt
|faint|p2a: Zapdos
|-damage|p1a: Rillaboom|5/100|[from] item: Life Orb
|
|-weather|Hail|[upkeep]
|-damage|p1a: Rillaboom|0 fnt|[from] Hail
|faint|p1a: Rillaboom
|upkeep
|
|t:|1667069763
|switch|p1a: Azumarill|Azumarill, M|100/100
|switch|p2a: Rotom|Rotom-Wash|100/100
|turn|5
|
|t:|1667069770
|move|p2a: Rotom|Will-O-Wisp|p1a: Azumarill
|-status|p1a: Azumarill|brn
|move|p1a: Azumarill|Play Rough|p2a: Rotom
|-damage|p2a: Rotom|69/100
|-damage|p1a: Azumarill|91/100 brn|[from] item: Life Orb
|
|-weather|none
|-heal|p2a: Rotom|75/100|[from] item: Leftovers
|-heal|p1a: Azumarill|97/100 brn|[from] Grassy Terrain
|-damage|p1a: Azumarill|91/100 brn|[from] brn
|upkeep
|turn|6
|
|t:|1667069777
|switch|p1a: Landorus|Landorus-Therian, M|100/100
|-ability|p1a: Landorus|Intimidate|boost
|-unboost|p2a: Rotom|atk|1
|move|p2a: Rotom|Volt Switch|p1a: Landorus
|-immune|p1a: Landorus
|
|-heal|p2a: Rotom|81/100|[from] item: Leftovers
|-fieldend|move: Grassy Terrain
|upkeep
|turn|7
|
|t:|1667069781
|move|p1a: Landorus|Stealth Rock|p2a: Rotom
|-sidestart|p2: STOKELESS|move: Stealth Rock
|move|p2a: Rotom|Hydro Pump|p1a: Landorus
|-supereffective|p1a: Landorus
|-damage|p1a: Landorus|0 fnt
|faint|p1a: Landorus
|
|-heal|p2a: Rotom|87/100|[from] item: Leftovers
|upkeep
|
|t:|1667069784
|switch|p1a: Blaziken|Blaziken, M|100/100
|turn|8
|
|t:|1667069788
|switch|p2a: Landorus|Landorus-Therian, M|100/100
|-damage|p2a: Landorus|88/100|[from] Stealth Rock
|-ability|p2a: Landorus|Intimidate|boost
|-unboost|p1a: Blaziken|atk|1
|move|p1a: Blaziken|Close Combat|p2a: Landorus
|-resisted|p2a: Landorus
|-damage|p2a: Landorus|59/100
|-unboost|p1a: Blaziken|def|1
|-unboost|p1a: Blaziken|spd|1
|-damage|p1a: Blaziken|91/100|[from] item: Life Orb
|
|-heal|p2a: Landorus|65/100|[from] item: Leftovers
|-ability|p1a: Blaziken|Speed Boost|boost
|-boost|p1a: Blaziken|spe|1
|upkeep
|turn|9
|
|t:|1667069792
|switch|p1a: Azumarill|Azumarill, M|91/100 brn
|move|p2a: Landorus|Earthquake|p1a: Azumarill
|-damage|p1a: Azumarill|41/100 brn
|
|-heal|p2a: Landorus|71/100|[from] item: Leftovers
|-damage|p1a: Azumarill|34/100 brn|[from] brn
|upkeep
|turn|10
|
|t:|1667069797
|switch|p2a: Rotom|Rotom-Wash|87/100
|-damage|p2a: Rotom|75/100|[from] Stealth Rock
|switch|p1a: Hawlucha|Hawlucha, F|100/100
|
|-heal|p2a: Rotom|81/100|[from] item: Leftovers
|upkeep
|turn|11
|
|t:|1667069802
|move|p1a: Hawlucha|Substitute|p1a: Hawlucha
|-start|p1a: Hawlucha|Substitute
|-damage|p1a: Hawlucha|76/100
|move|p2a: Rotom|Will-O-Wisp|p1a: Hawlucha|[miss]
|-miss|p2a: Rotom|p1a: Hawlucha
|
|-heal|p2a: Rotom|87/100|[from] item: Leftovers
|upkeep
|turn|12
|
|t:|1667069805
|move|p1a: Hawlucha|Swords Dance|p1a: Hawlucha
|-boost|p1a: Hawlucha|atk|2
|move|p2a: Rotom|Volt Switch|p1a: Hawlucha
|-supereffective|p1a: Hawlucha
|-end|p1a: Hawlucha|Substitute
|
|t:|1667069807
|switch|p2a: Landorus|Landorus-Therian, M|71/100|[from]move: Volt Switch
|-damage|p2a: Landorus|58/100|[from] Stealth Rock
|-ability|p2a: Landorus|Intimidate|boost
|-unboost|p1a: Hawlucha|atk|1
|
|-heal|p2a: Landorus|64/100|[from] item: Leftovers
|upkeep
|turn|13
|
|t:|1667069812
|move|p1a: Hawlucha|Swords Dance|p1a: Hawlucha
|-boost|p1a: Hawlucha|atk|2
|move|p2a: Landorus|U-turn|p1a: Hawlucha
|-resisted|p1a: Hawlucha
|-damage|p1a: Hawlucha|70/100
|
|t:|1667069817
|switch|p2a: Weavile|Weavile, M|100/100|[from]move: U-turn
|
|upkeep
|turn|14
|
|t:|1667069822
|move|p2a: Weavile|Triple Axel|p1a: Hawlucha
|-supereffective|p1a: Hawlucha
|-damage|p1a: Hawlucha|47/100
|-supereffective|p1a: Hawlucha
|-damage|p1a: Hawlucha|4/100
|-supereffective|p1a: Hawlucha
|-damage|p1a: Hawlucha|0 fnt
|faint|p1a: Hawlucha
|-hitcount|p1: Hawlucha|3
|
|upkeep
|-message|FvkboyCharmander forfeited.
|
|win|STOKELESS
|raw|FvkboyCharmander's rating: 1605 &rarr; <strong>1582</strong><br />(-23 for losing)
|raw|STOKELESS's rating: 1556 &rarr; <strong>1579</strong><br />(+23 for winning)
|l|☆FvkboyCharmander
