|raw|<div class="broadcast-blue"><strong>This battle is required to be public due to a player having a name starting with 'lt91bb'.</div>
|j|☆N30N3
|j|☆LT91BB N
|t:|1659464627
|gametype|singles
|player|p1|N30N3|101|2003
|player|p2|LT91BB N|blue-gen3|2004
|teamsize|p1|6
|teamsize|p2|6
|gen|8
|tier|[Gen 8] OU
|rated|
|rule|Sleep Clause Mod: Limit one foe put to sleep
|rule|Species Clause: Limit one of each Pokémon
|rule|OHKO Clause: OHKO moves are banned
|rule|Evasion Moves Clause: Evasion moves are banned
|rule|Endless Battle Clause: Forcing endless battles is banned
|rule|HP Percentage Mod: HP is shown in percentages
|rule|Dynamax Clause: You cannot dynamax
|clearpoke
|poke|p1|Garchomp, M|
|poke|p1|Moltres-Galar|
|poke|p1|Melmetal|
|poke|p1|Urshifu-*, F|
|poke|p1|Rillaboom, F|
|poke|p1|Latias, F|
|poke|p2|Dragapult, M|
|poke|p2|Weavile, F|
|poke|p2|Clefable, M|
|poke|p2|Heatran, F|
|poke|p2|Gastrodon, M|
|poke|p2|Skarmory, M|
|teampreview
|inactive|Battle timer is ON: inactive players will automatically lose when time's up. (requested by N30N3)
|j| NDHB
|j| agentflane
|l|☆LT91BB N
|inactive|LT91BB N disconnected and has a minute to reconnect!
|player|p2|
|j| Another Brazy
|j| LT91BB Empo
|j| LT91BB ES
|l| Another Brazy
|j|☆LT91BB N
|inactive|LT91BB N reconnected and has 125 seconds left.
|player|p2|LT91BB N|blue-gen3
|inactive|LT91BB N has 120 seconds left.
|
|t:|1659464662
|start
|switch|p1a: Melmetal|Melmetal|100/100
|switch|p2a: Clefable|Clefable, M|100/100
|turn|1
|j| Tctcycyc
|j| LT91BB Scorcha
|
|t:|1659464668
|move|p2a: Clefable|Trick|p1a: Melmetal
|-activate|p2a: Clefable|move: Trick|[of] p1a: Melmetal
|-item|p1a: Melmetal|Choice Scarf|[from] move: Trick
|-item|p2a: Clefable|Leftovers|[from] move: Trick
|move|p1a: Melmetal|Double Iron Bash|p2a: Clefable
|-supereffective|p2a: Clefable
|-damage|p2a: Clefable|36/100
|-supereffective|p2a: Clefable
|-damage|p2a: Clefable|0 fnt
|faint|p2a: Clefable
|-hitcount|p2: Clefable|2
|
|upkeep
|j| PifStreamOrIScream
|l| LT91BB Scorcha
|
|t:|1659464675
|switch|p2a: Heatran|Heatran, F|100/100
|turn|2
|j| xasah❤bae
|j| Master 8 Leon
|
|t:|1659464684
|switch|p1a: Garchomp|Garchomp, M|100/100
|move|p2a: Heatran|Stealth Rock|p1a: Garchomp
|-sidestart|p1: N30N3|move: Stealth Rock
|
|upkeep
|turn|3
|
|t:|1659464688
|switch|p2a: Skarmory|Skarmory, M|100/100
|move|p1a: Garchomp|Stealth Rock|p2a: Skarmory
|-sidestart|p2: LT91BB N|move: Stealth Rock
|
|upkeep
|turn|4
|
|t:|1659464694
|switch|p1a: Moltres|Moltres-Galar|100/100
|-damage|p1a: Moltres|76/100|[from] Stealth Rock
|move|p2a: Skarmory|Toxic|p1a: Moltres
|-status|p1a: Moltres|tox
|
|-damage|p1a: Moltres|69/100 tox|[from] psn
|upkeep
|turn|5
|j| Plasmeek
|
|t:|1659464701
|move|p1a: Moltres|Fiery Wrath|p2a: Skarmory
|-damage|p2a: Skarmory|42/100
|cant|p2a: Skarmory|flinch
|
|-damage|p1a: Moltres|57/100 tox|[from] psn
|upkeep
|turn|6
|l| Tctcycyc
|j| Lance's Time
|
|t:|1659464706
|switch|p2a: Heatran|Heatran, F|100/100
|-damage|p2a: Heatran|88/100|[from] Stealth Rock
|move|p1a: Moltres|Fiery Wrath|p2a: Heatran
|-damage|p2a: Heatran|62/100
|
|-heal|p2a: Heatran|69/100|[from] item: Leftovers
|-damage|p1a: Moltres|38/100 tox|[from] psn
|upkeep
|turn|7
|
|t:|1659464715
|move|p1a: Moltres|Rest|p1a: Moltres
|-status|p1a: Moltres|slp|[from] move: Rest
|-heal|p1a: Moltres|100/100 slp|[silent]
|-enditem|p1a: Moltres|Chesto Berry|[eat]
|-curestatus|p1a: Moltres|slp|[msg]
|move|p2a: Heatran|Heavy Slam|p1a: Moltres
|-damage|p1a: Moltres|53/100
|
|-heal|p2a: Heatran|75/100|[from] item: Leftovers
|upkeep
|turn|8
|j| t0shiro m1fune
|j| Congwuyu
|
|t:|1659464721
|switch|p1a: Garchomp|Garchomp, M|100/100
|-damage|p1a: Garchomp|94/100|[from] Stealth Rock
|move|p2a: Heatran|Toxic|p1a: Garchomp
|-status|p1a: Garchomp|tox
|
|-heal|p2a: Heatran|81/100|[from] item: Leftovers
|-damage|p1a: Garchomp|88/100 tox|[from] psn
|upkeep
|turn|9
|j| Bad Players
|
|t:|1659464733
|switch|p1a: Moltres|Moltres-Galar|53/100
|-damage|p1a: Moltres|29/100|[from] Stealth Rock
|move|p2a: Heatran|Lava Plume|p1a: Moltres
|-damage|p1a: Moltres|0 fnt
|faint|p1a: Moltres
|
|-heal|p2a: Heatran|87/100|[from] item: Leftovers
|upkeep
|
|t:|1659464738
|switch|p1a: Urshifu|Urshifu-Rapid-Strike, F|100/100
|-damage|p1a: Urshifu|94/100|[from] Stealth Rock
|turn|10
|j| SilentTurb0
|
|t:|1659464749
|switch|p2a: Gastrodon|Gastrodon, M|100/100
|move|p1a: Urshifu|Close Combat|p2a: Gastrodon
|-damage|p2a: Gastrodon|36/100
|-unboost|p1a: Urshifu|def|1
|-unboost|p1a: Urshifu|spd|1
|
|upkeep
|turn|11
|j| mina romnox
|
|t:|1659464752
|switch|p2a: Dragapult|Dragapult, M|100/100
|move|p1a: Urshifu|Close Combat|p2a: Dragapult
|-immune|p2a: Dragapult
|
|upkeep
|turn|12
|
|t:|1659464760
|switch|p1a: Melmetal|Melmetal|100/100
|-damage|p1a: Melmetal|94/100|[from] Stealth Rock
|move|p2a: Dragapult|U-turn|p1a: Melmetal
|-resisted|p1a: Melmetal
|-damage|p1a: Melmetal|90/100
|j| JustFranco‽
|
|t:|1659464762
|switch|p2a: Skarmory|Skarmory, M|42/100|[from]move: U-turn
|-damage|p2a: Skarmory|30/100|[from] Stealth Rock
|
|upkeep
|turn|13
|
|t:|1659464766
|switch|p1a: Latias|Latias, F|100/100
|-damage|p1a: Latias|88/100|[from] Stealth Rock
|move|p2a: Skarmory|Roost|p2a: Skarmory
|-heal|p2a: Skarmory|80/100
|-singleturn|p2a: Skarmory|move: Roost
|
|upkeep
|turn|14
|j| LT91BB Tace
|
|t:|1659464772
|move|p1a: Latias|Trick|p2a: Skarmory
|-activate|p1a: Latias|move: Trick|[of] p2a: Skarmory
|-item|p2a: Skarmory|Choice Scarf|[from] move: Trick
|-item|p1a: Latias|Rocky Helmet|[from] move: Trick
|move|p2a: Skarmory|Toxic|p1a: Latias
|-status|p1a: Latias|tox
|
|-damage|p1a: Latias|82/100 tox|[from] psn
|upkeep
|turn|15
|j|+Howkings
|
|t:|1659464782
|switch|p1a: Urshifu|Urshifu-Rapid-Strike, F|94/100
|-damage|p1a: Urshifu|88/100|[from] Stealth Rock
|switch|p2a: Heatran|Heatran, F|87/100
|-damage|p2a: Heatran|75/100|[from] Stealth Rock
|
|-heal|p2a: Heatran|81/100|[from] item: Leftovers
|upkeep
|turn|16
|
|t:|1659464806
|switch|p2a: Skarmory|Skarmory, M|80/100
|-damage|p2a: Skarmory|68/100|[from] Stealth Rock
|move|p1a: Urshifu|Close Combat|p2a: Skarmory
|-damage|p2a: Skarmory|27/100
|-unboost|p1a: Urshifu|def|1
|-unboost|p1a: Urshifu|spd|1
|
|upkeep
|turn|17
|
|t:|1659464808
|switch|p2a: Dragapult|Dragapult, M|100/100
|move|p1a: Urshifu|Close Combat|p2a: Dragapult
|-immune|p2a: Dragapult
|
|upkeep
|turn|18
|l| xasah❤bae
|
|t:|1659464814
|switch|p1a: Melmetal|Melmetal|90/100
|-damage|p1a: Melmetal|84/100|[from] Stealth Rock
|move|p2a: Dragapult|Fire Blast|p1a: Melmetal
|-supereffective|p1a: Melmetal
|-damage|p1a: Melmetal|44/100
|
|upkeep
|turn|19
|
|t:|1659464823
|switch|p1a: Urshifu|Urshifu-Rapid-Strike, F|88/100
|-damage|p1a: Urshifu|82/100|[from] Stealth Rock
|move|p2a: Dragapult|U-turn|p1a: Urshifu
|-resisted|p1a: Urshifu
|-damage|p1a: Urshifu|74/100
|j| Phxo'
|
|t:|1659464830
|switch|p2a: Gastrodon|Gastrodon, M|36/100|[from]move: U-turn
|
|upkeep
|turn|20
|
|t:|1659464833
|switch|p2a: Dragapult|Dragapult, M|100/100
|move|p1a: Urshifu|Ice Punch|p2a: Dragapult
|-supereffective|p2a: Dragapult
|-damage|p2a: Dragapult|23/100
|
|upkeep
|turn|21
|
|t:|1659464837
|move|p1a: Urshifu|Ice Punch|p2a: Dragapult
|-supereffective|p2a: Dragapult
|-damage|p2a: Dragapult|0 fnt
|faint|p2a: Dragapult
|
|upkeep
|j|+Ox the Fox
|l| t0shiro m1fune
|
|t:|1659464842
|switch|p2a: Gastrodon|Gastrodon, M|36/100
|turn|22
|
|t:|1659464845
|switch|p1a: Rillaboom|Rillaboom, F|100/100
|-damage|p1a: Rillaboom|88/100|[from] Stealth Rock
|-fieldstart|move: Grassy Terrain|[from] ability: Grassy Surge|[of] p1a: Rillaboom
|move|p2a: Gastrodon|Recover|p2a: Gastrodon
|-heal|p2a: Gastrodon|86/100
|
|-heal|p1a: Rillaboom|94/100|[from] Grassy Terrain
|-heal|p2a: Gastrodon|92/100|[from] Grassy Terrain
|upkeep
|turn|23
|j| sendpais
|
|t:|1659464855
|move|p1a: Rillaboom|Swords Dance|p1a: Rillaboom
|-boost|p1a: Rillaboom|atk|2
|move|p2a: Gastrodon|Clear Smog|p1a: Rillaboom
|-supereffective|p1a: Rillaboom
|-damage|p1a: Rillaboom|65/100
|-clearboost|p1a: Rillaboom
|
|-heal|p1a: Rillaboom|71/100|[from] Grassy Terrain
|-heal|p2a: Gastrodon|98/100|[from] Grassy Terrain
|upkeep
|turn|24
|l| sendpais
|
|t:|1659464860
|switch|p2a: Heatran|Heatran, F|81/100
|-damage|p2a: Heatran|69/100|[from] Stealth Rock
|move|p1a: Rillaboom|Swords Dance|p1a: Rillaboom
|-boost|p1a: Rillaboom|atk|2
|
|-heal|p1a: Rillaboom|78/100|[from] Grassy Terrain
|-heal|p2a: Heatran|75/100|[from] Grassy Terrain
|-heal|p2a: Heatran|81/100|[from] item: Leftovers
|upkeep
|turn|25
|j| Worall
|j| SuperSayan2
|
|t:|1659464886
|switch|p2a: Skarmory|Skarmory, M|27/100
|-damage|p2a: Skarmory|15/100|[from] Stealth Rock
|move|p1a: Rillaboom|Drain Punch|p2a: Skarmory
|-damage|p2a: Skarmory|0 fnt
|-heal|p1a: Rillaboom|84/100|[from] drain|[of] p2a: Skarmory
|faint|p2a: Skarmory
|
|-heal|p1a: Rillaboom|90/100|[from] Grassy Terrain
|upkeep
|j| Empo1
|inactive|LT91BB N has 120 seconds left.
|
|t:|1659464896
|switch|p2a: Heatran|Heatran, F|81/100
|-damage|p2a: Heatran|69/100|[from] Stealth Rock
|turn|26
|inactive|LT91BB N has 120 seconds left.
|
|t:|1659464907
|move|p1a: Rillaboom|Drain Punch|p2a: Heatran
|-supereffective|p2a: Heatran
|-damage|p2a: Heatran|0 fnt
|-heal|p1a: Rillaboom|100/100|[from] drain|[of] p2a: Heatran
|-status|p1a: Rillaboom|brn|[from] ability: Flame Body|[of] p2a: Heatran
|faint|p2a: Heatran
|
|-damage|p1a: Rillaboom|94/100 brn|[from] brn
|-fieldend|move: Grassy Terrain
|upkeep
|
|t:|1659464911
|switch|p2a: Weavile|Weavile, F|100/100
|-ability|p2a: Weavile|Pressure
|turn|27
|n| Astrodong|pifstreamoriscream
|
|t:|1659464917
|move|p2a: Weavile|Triple Axel|p1a: Rillaboom
|-supereffective|p1a: Rillaboom
|-damage|p1a: Rillaboom|72/100 brn
|-supereffective|p1a: Rillaboom
|-damage|p1a: Rillaboom|29/100 brn
|-supereffective|p1a: Rillaboom
|-damage|p1a: Rillaboom|0 fnt
|faint|p1a: Rillaboom
|-hitcount|p1: Rillaboom|3
|
|upkeep
|
|t:|1659464919
|switch|p1a: Urshifu|Urshifu-Rapid-Strike, F|74/100
|-damage|p1a: Urshifu|68/100|[from] Stealth Rock
|turn|28
|
|t:|1659464928
|move|p1a: Urshifu|Close Combat|p2a: Weavile
|-supereffective|p2a: Weavile
|-damage|p2a: Weavile|0 fnt
|-unboost|p1a: Urshifu|def|1
|-unboost|p1a: Urshifu|spd|1
|faint|p2a: Weavile
|
|upkeep
|
|t:|1659464930
|switch|p2a: Gastrodon|Gastrodon, M|98/100
|turn|29
|j| t0shiro m1fune
|
|t:|1659464935
|switch|p1a: Garchomp|Garchomp, M|88/100 tox
|-damage|p1a: Garchomp|82/100 tox|[from] Stealth Rock
|move|p2a: Gastrodon|Recover|p2a: Gastrodon
|-heal|p2a: Gastrodon|100/100
|
|-damage|p1a: Garchomp|76/100 tox|[from] psn
|upkeep
|turn|30
|
|t:|1659464937
|move|p1a: Garchomp|Toxic|p2a: Gastrodon
|-status|p2a: Gastrodon|tox
|move|p2a: Gastrodon|Scald|p1a: Garchomp
|-damage|p1a: Garchomp|52/100 tox
|
|-damage|p1a: Garchomp|40/100 tox|[from] psn
|-damage|p2a: Gastrodon|94/100 tox|[from] psn
|upkeep
|turn|31
|
|t:|1659464939
|move|p1a: Garchomp|Earthquake|p2a: Gastrodon
|-damage|p2a: Gastrodon|51/100 tox
|move|p2a: Gastrodon|Scald|p1a: Garchomp
|-damage|p1a: Garchomp|15/100 tox
|
|-damage|p1a: Garchomp|0 fnt|[from] psn
|faint|p1a: Garchomp
|-damage|p2a: Gastrodon|39/100 tox|[from] psn
|upkeep
|-message|LT91BB N forfeited.
|
|win|N30N3
|raw|N30N3's rating: 2003 &rarr; <strong>2023</strong><br />(+20 for winning)
|raw|LT91BB N's rating: 2004 &rarr; <strong>1984</strong><br />(-20 for losing)
|l|☆LT91BB N
|j| PkmnMasterEclipse
|l| LT91BB Empo
|j| damien the genius
|l| mina romnox
|c|☆N30N3|Gg
|l| Plasmeek
|l| Master 8 Leon
|l|☆N30N3
|l| LT91BB Tace
|j| LT91BB Tace
|l| t0shiro m1fune
|l|+Howkings
|l| damien the genius
|l| Congwuyu
|l| JustFranco‽
|l| SuperSayan2
||Ladder isn't responding, score probably updated but might not have (Request timeout).
|l| LT91BB Tace
|l|+Ox the Fox
|l| Phxo'
|l| Worall
|l| SilentTurb0
|j| lt91bbxouille
|l| Bad Players
|j| egal★vanc
|l| egal★vanc
|j| egal★vanc
|l| egal★vanc
|l| PkmnMasterEclipse
|j|+ATTRIBUTE
|j| Sificon~
|l| Sificon~
|j| shadymofoswannahol
|j| LT91BB Y.
|l| LT91BB Y.
|j| LT91BB Senku
|l| Empo1
|j| Trannos
|j| sup kid
|l| NDHB
|l| sup kid
|l|+ATTRIBUTE
|l| Trannos
|j| lt91bb star
|l| lt91bbxouille
|l| LT91BB Senku
|l| shadymofoswannahol
|l| Lance's Time
|l| lt91bb star
