|j|☆Makuryu
|j|☆Highv0ltag3
|t:|1653743529
|gametype|singles
|player|p1|Makuryu|koga|1717
|player|p2|Highv0ltag3|az|1821
|teamsize|p1|6
|teamsize|p2|6
|gen|8
|tier|[Gen 8] OU
|rated|
|rule|Sleep Clause Mod: Limit one foe put to sleep
|rule|Species Clause: Limit one of each Pokémon
|rule|OHKO Clause: OHKO moves are banned
|rule|Evasion Moves Clause: Evasion moves are banned
|rule|Endless Battle Clause: Forcing endless battles is banned
|rule|HP Percentage Mod: HP is shown in percentages
|rule|Dynamax Clause: You cannot dynamax
|clearpoke
|poke|p1|Pelipper, M|
|poke|p1|Barraskewda, F|
|poke|p1|Zapdos|
|poke|p1|Ferrothorn, F|
|poke|p1|Urshifu-*, M|
|poke|p1|Crawdaunt, F|
|poke|p2|Tangrowth, F|
|poke|p2|Toxapex, M|
|poke|p2|Corviknight, F|
|poke|p2|Gastrodon, M|
|poke|p2|Blissey, F|
|poke|p2|Jirachi|
|teampreview
|l|☆Highv0ltag3
|player|p2|
|inactive|Battle timer is ON: inactive players will automatically lose when time's up. (requested by Makuryu)
|inactive|Highv0ltag3 has 30 seconds to reconnect!
|j|☆Highv0ltag3
|inactive|Highv0ltag3 reconnected and has 115 seconds left.
|player|p2|Highv0ltag3|az
|
|t:|1653743586
|start
|switch|p1a: Ferrothorn|Ferrothorn, F|100/100
|switch|p2a: Fuck tran|Toxapex, M|100/100
|turn|1
|
|t:|1653743592
|move|p2a: Fuck tran|Scald|p1a: Ferrothorn
|-resisted|p1a: Ferrothorn
|-damage|p1a: Ferrothorn|95/100
|move|p1a: Ferrothorn|Stealth Rock|p2a: Fuck tran
|-sidestart|p2: Highv0ltag3|move: Stealth Rock
|
|upkeep
|turn|2
|
|t:|1653743603
|switch|p1a: Pelipper|Pelipper, M|100/100
|-weather|RainDance|[from] ability: Drizzle|[of] p1a: Pelipper
|move|p2a: Fuck tran|Toxic|p1a: Pelipper
|-status|p1a: Pelipper|tox
|
|-weather|RainDance|[upkeep]
|-damage|p1a: Pelipper|94/100 tox|[from] psn
|upkeep
|turn|3
|j| hiffa
|
|t:|1653743612
|move|p1a: Pelipper|U-turn|p2a: Fuck tran
|-resisted|p2a: Fuck tran
|-damage|p2a: Fuck tran|98/100
|-damage|p1a: Pelipper|78/100 tox|[from] item: Rocky Helmet|[of] p2a: Fuck tran
|
|t:|1653743616
|switch|p1a: Zapdos|Zapdos|100/100|[from]move: U-turn
|move|p2a: Fuck tran|Toxic Spikes|p1a: Zapdos
|-sidestart|p1: Makuryu|move: Toxic Spikes
|
|-weather|RainDance|[upkeep]
|upkeep
|turn|4
|
|t:|1653743641
|switch|p1a: Pelipper|Pelipper, M|78/100 tox
|switch|p2a: Fuck taunt|Blissey, F|100/100
|
|-weather|RainDance|[upkeep]
|-damage|p1a: Pelipper|72/100 tox|[from] psn
|upkeep
|turn|5
|j| hxxx185h
|
|t:|1653743652
|move|p1a: Pelipper|Defog|p2a: Fuck taunt
|-unboost|p2a: Fuck taunt|evasion|1
|-sideend|p2: Highv0ltag3|Stealth Rock|[from] move: Defog|[of] p1a: Pelipper
|-sideend|p1: Makuryu|Toxic Spikes|[from] move: Defog|[of] p1a: Pelipper
|move|p2a: Fuck taunt|Stealth Rock|p1a: Pelipper
|-sidestart|p1: Makuryu|move: Stealth Rock
|
|-weather|RainDance|[upkeep]
|-damage|p1a: Pelipper|59/100 tox|[from] psn
|upkeep
|turn|6
|
|t:|1653743659
|move|p1a: Pelipper|U-turn|p2a: Fuck taunt
|-damage|p2a: Fuck taunt|93/100
|
|t:|1653743662
|switch|p1a: Urshifu|Urshifu-Rapid-Strike, M|100/100|[from]move: U-turn
|-damage|p1a: Urshifu|94/100|[from] Stealth Rock
|move|p2a: Fuck taunt|Toxic|p1a: Urshifu
|-status|p1a: Urshifu|tox
|
|-weather|RainDance|[upkeep]
|-damage|p1a: Urshifu|88/100 tox|[from] psn
|upkeep
|turn|7
|
|t:|1653743670
|switch|p2a: Fuck tran|Toxapex, M|100/100
|move|p1a: Urshifu|U-turn|p2a: Fuck tran
|-resisted|p2a: Fuck tran
|-damage|p2a: Fuck tran|94/100
|
|t:|1653743677
|switch|p1a: Zapdos|Zapdos|100/100|[from]move: U-turn
|
|-weather|RainDance|[upkeep]
|upkeep
|turn|8
|
|t:|1653743683
|switch|p1a: Crawdaunt|Crawdaunt, F|100/100
|-damage|p1a: Crawdaunt|88/100|[from] Stealth Rock
|switch|p2a: I'm also pink blob|Gastrodon, M|100/100
|
|-weather|RainDance|[upkeep]
|upkeep
|turn|9
|
|t:|1653743693
|switch|p2a: Dark resist|Tangrowth, F|100/100
|move|p1a: Crawdaunt|Knock Off|p2a: Dark resist
|-damage|p2a: Dark resist|68/100
|-damage|p1a: Crawdaunt|78/100|[from] item: Life Orb
|
|-weather|none
|upkeep
|turn|10
|c|☆Highv0ltag3|Dark resist
|
|t:|1653743705
|switch|p1a: Ferrothorn|Ferrothorn, F|95/100
|-damage|p1a: Ferrothorn|89/100|[from] Stealth Rock
|move|p2a: Dark resist|Giga Drain|p1a: Ferrothorn
|-resisted|p1a: Ferrothorn
|-damage|p1a: Ferrothorn|84/100
|-heal|p2a: Dark resist|70/100|[from] drain|[of] p1a: Ferrothorn
|
|upkeep
|turn|11
|
|t:|1653743713
|move|p2a: Dark resist|Knock Off|p1a: Ferrothorn
|-damage|p1a: Ferrothorn|66/100
|-damage|p2a: Dark resist|57/100|[from] ability: Iron Barbs|[of] p1a: Ferrothorn
|-enditem|p1a: Ferrothorn|Chople Berry|[from] move: Knock Off|[of] p2a: Dark resist
|move|p1a: Ferrothorn|Stealth Rock|p2a: Dark resist
|-sidestart|p2: Highv0ltag3|move: Stealth Rock
|
|upkeep
|turn|12
|
|t:|1653743719
|move|p2a: Dark resist|Focus Blast|p1a: Ferrothorn|[miss]
|-miss|p2a: Dark resist|p1a: Ferrothorn
|move|p1a: Ferrothorn|Spikes|p2a: Dark resist
|-sidestart|p2: Highv0ltag3|Spikes
|
|upkeep
|turn|13
|
|t:|1653743725
|switch|p1a: Zapdos|Zapdos|100/100
|move|p2a: Dark resist|Toxic|p1a: Zapdos
|-status|p1a: Zapdos|tox
|
|-damage|p1a: Zapdos|94/100 tox|[from] psn
|upkeep
|turn|14
|
|t:|1653743736
|switch|p1a: Urshifu|Urshifu-Rapid-Strike, M|88/100 tox
|-damage|p1a: Urshifu|82/100 tox|[from] Stealth Rock
|switch|p2a: Lele broken man|Jirachi|100/100
|-damage|p2a: Lele broken man|94/100|[from] Stealth Rock
|-damage|p2a: Lele broken man|82/100|[from] Spikes
|
|-heal|p2a: Lele broken man|88/100|[from] item: Leftovers
|-damage|p1a: Urshifu|76/100 tox|[from] psn
|upkeep
|turn|15
|
|t:|1653743748
|switch|p2a: Dark resist|Tangrowth, F|90/100
|-damage|p2a: Dark resist|78/100|[from] Stealth Rock
|-damage|p2a: Dark resist|66/100|[from] Spikes
|move|p1a: Urshifu|U-turn|p2a: Dark resist
|-supereffective|p2a: Dark resist
|-damage|p2a: Dark resist|41/100
|
|t:|1653743759
|switch|p1a: Zapdos|Zapdos|94/100 tox|[from]move: U-turn
|
|-damage|p1a: Zapdos|88/100 tox|[from] psn
|upkeep
|turn|16
|
|t:|1653743767
|switch|p1a: Urshifu|Urshifu-Rapid-Strike, M|76/100 tox
|-damage|p1a: Urshifu|70/100 tox|[from] Stealth Rock
|switch|p2a: Lele broken man|Jirachi|88/100
|-damage|p2a: Lele broken man|82/100|[from] Stealth Rock
|-damage|p2a: Lele broken man|70/100|[from] Spikes
|
|-heal|p2a: Lele broken man|76/100|[from] item: Leftovers
|-damage|p1a: Urshifu|64/100 tox|[from] psn
|upkeep
|turn|17
|
|t:|1653743777
|switch|p2a: Fuck tran|Toxapex, M|100/100
|-damage|p2a: Fuck tran|88/100|[from] Stealth Rock
|-damage|p2a: Fuck tran|75/100|[from] Spikes
|move|p1a: Urshifu|U-turn|p2a: Fuck tran
|-resisted|p2a: Fuck tran
|-damage|p2a: Fuck tran|68/100
|
|t:|1653743791
|switch|p1a: Crawdaunt|Crawdaunt, F|78/100|[from]move: U-turn
|-damage|p1a: Crawdaunt|66/100|[from] Stealth Rock
|
|upkeep
|turn|18
|
|t:|1653743796
|move|p1a: Crawdaunt|Swords Dance|p1a: Crawdaunt
|-boost|p1a: Crawdaunt|atk|2
|move|p2a: Fuck tran|Toxic|p1a: Crawdaunt
|-status|p1a: Crawdaunt|tox
|
|-damage|p1a: Crawdaunt|60/100 tox|[from] psn
|upkeep
|turn|19
|
|t:|1653743809
|switch|p2a: I'm also pink blob|Gastrodon, M|100/100
|-damage|p2a: I'm also pink blob|94/100|[from] Stealth Rock
|-damage|p2a: I'm also pink blob|82/100|[from] Spikes
|move|p1a: Crawdaunt|Knock Off|p2a: I'm also pink blob
|-damage|p2a: I'm also pink blob|0 fnt
|-enditem|p2a: I'm also pink blob|Leftovers|[from] move: Knock Off|[of] p1a: Crawdaunt
|faint|p2a: I'm also pink blob
|-damage|p1a: Crawdaunt|50/100 tox|[from] item: Life Orb
|
|-damage|p1a: Crawdaunt|38/100 tox|[from] psn
|upkeep
|
|t:|1653743811
|switch|p2a: Lele broken man|Jirachi|76/100
|-damage|p2a: Lele broken man|70/100|[from] Stealth Rock
|-damage|p2a: Lele broken man|57/100|[from] Spikes
|turn|20
|
|t:|1653743828
|move|p1a: Crawdaunt|Aqua Jet|p2a: Lele broken man
|-damage|p2a: Lele broken man|0 fnt
|faint|p2a: Lele broken man
|-damage|p1a: Crawdaunt|29/100 tox|[from] item: Life Orb
|
|-damage|p1a: Crawdaunt|11/100 tox|[from] psn
|upkeep
|inactive|Highv0ltag3 has 120 seconds left.
|
|t:|1653743853
|switch|p2a: Dark resist|Tangrowth, F|74/100
|-damage|p2a: Dark resist|62/100|[from] Stealth Rock
|-damage|p2a: Dark resist|49/100|[from] Spikes
|turn|21
|inactive|Highv0ltag3 has 120 seconds left.
|
|t:|1653743872
|move|p1a: Crawdaunt|Knock Off|p2a: Dark resist
|-damage|p2a: Dark resist|0 fnt
|faint|p2a: Dark resist
|-damage|p1a: Crawdaunt|1/100 tox|[from] item: Life Orb
|
|-damage|p1a: Crawdaunt|0 fnt|[from] psn
|faint|p1a: Crawdaunt
|upkeep
|inactive|Highv0ltag3 has 120 seconds left.
|
|t:|1653743883
|switch|p1a: Pelipper|Pelipper, M|59/100 tox
|switch|p2a: Shed shell7%?|Corviknight, F|100/100
|-damage|p2a: Shed shell7%?|88/100|[from] Stealth Rock
|-ability|p2a: Shed shell7%?|Pressure
|-damage|p1a: Pelipper|35/100 tox|[from] Stealth Rock
|-weather|RainDance|[from] ability: Drizzle|[of] p1a: Pelipper
|turn|22
|
|t:|1653743892
|move|p2a: Shed shell7%?|Defog|p1a: Pelipper
|-unboost|p1a: Pelipper|evasion|1
|-sideend|p1: Makuryu|Stealth Rock|[from] move: Defog|[of] p2a: Shed shell7%?
|-sideend|p2: Highv0ltag3|Spikes|[from] move: Defog|[of] p2a: Shed shell7%?
|-sideend|p2: Highv0ltag3|Stealth Rock|[from] move: Defog|[of] p2a: Shed shell7%?
|move|p1a: Pelipper|U-turn|p2a: Shed shell7%?
|-resisted|p2a: Shed shell7%?
|-damage|p2a: Shed shell7%?|87/100
|
|t:|1653743907
|switch|p1a: Barraskewda|Barraskewda, F|100/100|[from]move: U-turn
|
|-weather|RainDance|[upkeep]
|upkeep
|turn|23
|
|t:|1653743913
|switch|p2a: Fuck tran|Toxapex, M|100/100
|move|p1a: Barraskewda|Flip Turn|p2a: Fuck tran
|-resisted|p2a: Fuck tran
|-damage|p2a: Fuck tran|78/100
|-damage|p1a: Barraskewda|84/100|[from] item: Rocky Helmet|[of] p2a: Fuck tran
|
|t:|1653743924
|switch|p1a: Ferrothorn|Ferrothorn, F|66/100|[from]move: Flip Turn
|
|-weather|RainDance|[upkeep]
|upkeep
|turn|24
|
|t:|1653743929
|move|p2a: Fuck tran|Scald|p1a: Ferrothorn
|-resisted|p1a: Ferrothorn
|-damage|p1a: Ferrothorn|58/100
|move|p1a: Ferrothorn|Stealth Rock|p2a: Fuck tran
|-sidestart|p2: Highv0ltag3|move: Stealth Rock
|
|-weather|RainDance|[upkeep]
|upkeep
|turn|25
|
|t:|1653743936
|move|p2a: Fuck tran|Scald|p1a: Ferrothorn
|-resisted|p1a: Ferrothorn
|-damage|p1a: Ferrothorn|50/100
|-status|p1a: Ferrothorn|brn
|move|p1a: Ferrothorn|Spikes|p2a: Fuck tran
|-sidestart|p2: Highv0ltag3|Spikes
|
|-weather|RainDance|[upkeep]
|-damage|p1a: Ferrothorn|44/100 brn|[from] brn
|upkeep
|turn|26
|
|t:|1653743944
|move|p2a: Fuck tran|Toxic Spikes|p1a: Ferrothorn
|-sidestart|p1: Makuryu|move: Toxic Spikes
|move|p1a: Ferrothorn|Spikes|p2a: Fuck tran
|-sidestart|p2: Highv0ltag3|Spikes
|
|-weather|RainDance|[upkeep]
|-damage|p1a: Ferrothorn|38/100 brn|[from] brn
|upkeep
|turn|27
|
|t:|1653743956
|switch|p2a: Shed shell7%?|Corviknight, F|87/100
|-damage|p2a: Shed shell7%?|74/100|[from] Stealth Rock
|-ability|p2a: Shed shell7%?|Pressure
|switch|p1a: Zapdos|Zapdos|88/100 tox
|
|-weather|RainDance|[upkeep]
|-damage|p1a: Zapdos|82/100 tox|[from] psn
|upkeep
|turn|28
|
|t:|1653743972
|switch|p2a: Fuck taunt|Blissey, F|93/100
|move|p1a: Zapdos|Thunder|p2a: Fuck taunt
|-damage|p2a: Fuck taunt|72/100
|-status|p2a: Fuck taunt|par
|
|-weather|RainDance|[upkeep]
|-damage|p1a: Zapdos|69/100 tox|[from] psn
|upkeep
|turn|29
|
|t:|1653743985
|switch|p1a: Urshifu|Urshifu-Rapid-Strike, M|64/100 tox
|cant|p2a: Fuck taunt|par
|
|-weather|none
|-damage|p1a: Urshifu|57/100 tox|[from] psn
|upkeep
|turn|30
|
|t:|1653743992
|-curestatus|p2a: Fuck taunt|par|[from] ability: Natural Cure
|switch|p2a: Fuck tran|Toxapex, M|100/100
|-damage|p2a: Fuck tran|88/100|[from] Stealth Rock
|-damage|p2a: Fuck tran|72/100|[from] Spikes
|move|p1a: Urshifu|U-turn|p2a: Fuck tran
|-resisted|p2a: Fuck tran
|-damage|p2a: Fuck tran|65/100
|
|t:|1653744004
|switch|p1a: Zapdos|Zapdos|69/100 tox|[from]move: U-turn
|
|-damage|p1a: Zapdos|63/100 tox|[from] psn
|upkeep
|turn|31
|
|t:|1653744009
|switch|p1a: Pelipper|Pelipper, M|35/100 tox
|-weather|RainDance|[from] ability: Drizzle|[of] p1a: Pelipper
|switch|p2a: Fuck taunt|Blissey, F|72/100
|
|-weather|RainDance|[upkeep]
|-damage|p1a: Pelipper|28/100 tox|[from] psn
|upkeep
|turn|32
|
|t:|1653744018
|move|p1a: Pelipper|U-turn|p2a: Fuck taunt
|-damage|p2a: Fuck taunt|64/100
|
|t:|1653744020
|switch|p1a: Urshifu|Urshifu-Rapid-Strike, M|57/100 tox|[from]move: U-turn
|move|p2a: Fuck taunt|Stealth Rock|p1a: Urshifu
|-sidestart|p1: Makuryu|move: Stealth Rock
|
|-weather|RainDance|[upkeep]
|-damage|p1a: Urshifu|51/100 tox|[from] psn
|upkeep
|turn|33
|
|t:|1653744034
|switch|p2a: Fuck tran|Toxapex, M|98/100
|-damage|p2a: Fuck tran|85/100|[from] Stealth Rock
|-damage|p2a: Fuck tran|69/100|[from] Spikes
|move|p1a: Urshifu|U-turn|p2a: Fuck tran
|-resisted|p2a: Fuck tran
|-damage|p2a: Fuck tran|62/100
|
|t:|1653744044
|switch|p1a: Zapdos|Zapdos|63/100 tox|[from]move: U-turn
|
|-weather|RainDance|[upkeep]
|-damage|p1a: Zapdos|57/100 tox|[from] psn
|upkeep
|turn|34
|
|t:|1653744071
|switch|p2a: Fuck taunt|Blissey, F|64/100
|move|p1a: Zapdos|Thunder|p2a: Fuck taunt
|-damage|p2a: Fuck taunt|43/100
|
|-weather|RainDance|[upkeep]
|-damage|p1a: Zapdos|44/100 tox|[from] psn
|upkeep
|turn|35
|
|t:|1653744082
|move|p1a: Zapdos|Thunder|p2a: Fuck taunt
|-damage|p2a: Fuck taunt|23/100
|move|p2a: Fuck taunt|Soft-Boiled|p2a: Fuck taunt
|-heal|p2a: Fuck taunt|73/100
|
|-weather|RainDance|[upkeep]
|-damage|p1a: Zapdos|26/100 tox|[from] psn
|upkeep
|turn|36
|
|t:|1653744089
|move|p1a: Zapdos|Thunder|p2a: Fuck taunt
|-damage|p2a: Fuck taunt|52/100
|-status|p2a: Fuck taunt|par
|cant|p2a: Fuck taunt|par
|
|-weather|RainDance|[upkeep]
|-damage|p1a: Zapdos|1/100 tox|[from] psn
|upkeep
|turn|37
|
|t:|1653744100
|switch|p1a: Urshifu|Urshifu-Rapid-Strike, M|51/100 tox
|-damage|p1a: Urshifu|45/100 tox|[from] Stealth Rock
|cant|p2a: Fuck taunt|par
|
|-weather|RainDance|[upkeep]
|-damage|p1a: Urshifu|39/100 tox|[from] psn
|upkeep
|turn|38
|
|t:|1653744109
|-curestatus|p2a: Fuck taunt|par|[from] ability: Natural Cure
|switch|p2a: Fuck tran|Toxapex, M|95/100
|-damage|p2a: Fuck tran|82/100|[from] Stealth Rock
|-damage|p2a: Fuck tran|66/100|[from] Spikes
|move|p1a: Urshifu|U-turn|p2a: Fuck tran
|-resisted|p2a: Fuck tran
|-damage|p2a: Fuck tran|58/100
|-message|Makuryu forfeited.
|
|win|Highv0ltag3
|raw|Makuryu's rating: 1717 &rarr; <strong>1703</strong><br />(-14 for losing)
|raw|Highv0ltag3's rating: 1821 &rarr; <strong>1835</strong><br />(+14 for winning)
|l|☆Makuryu
|l|☆Highv0ltag3
|l| hiffa
