|raw|<div class="broadcast-blue"><strong>This battle is required to be public due to a player having a name starting with 'lt92pf'.</div>
|j|☆Redemption
|j|☆LT92PF Lio
|t:|1659819747
|gametype|singles
|player|p1|Redemption|#redemption|1756
|player|p2|LT92PF Lio|2|1819
|teamsize|p1|6
|teamsize|p2|6
|gen|8
|tier|[Gen 8] OU
|rated|
|rule|Sleep Clause Mod: Limit one foe put to sleep
|rule|Species Clause: Limit one of each Pokémon
|rule|OHKO Clause: OHKO moves are banned
|rule|Evasion Items Clause: Evasion items are banned
|rule|Evasion Moves Clause: Evasion moves are banned
|rule|Endless Battle Clause: Forcing endless battles is banned
|rule|HP Percentage Mod: HP is shown in percentages
|rule|Dynamax Clause: You cannot dynamax
|clearpoke
|poke|p1|Thundurus, M|
|poke|p1|Ribombee, F|
|poke|p1|Kartana|
|poke|p1|Garchomp, F|
|poke|p1|Tapu Koko|
|poke|p1|Aegislash, M|
|poke|p2|Kommo-o, F|
|poke|p2|Rillaboom, F|
|poke|p2|Landorus-Therian, M|
|poke|p2|Ninetales-Alola, M|
|poke|p2|Kartana|
|poke|p2|Aegislash, F|
|teampreview
|j| lt92pf ruby
|j| yaszou
|c| yaszou|Awuuuuuuuu
|
|t:|1659819774
|start
|switch|p1a: Rubonjour|Ribombee, F|100/100
|switch|p2a: Ninetales|Ninetales-Alola, M|100/100
|-weather|Hail|[from] ability: Snow Warning|[of] p2a: Ninetales
|turn|1
|c| yaszou|Mach mich stolt junger padawan
|j| jimaKAC
|
|t:|1659819787
|move|p1a: Rubonjour|Trick|p2a: Ninetales
|-activate|p1a: Rubonjour|move: Trick|[of] p2a: Ninetales
|-item|p2a: Ninetales|Choice Scarf|[from] move: Trick
|-item|p1a: Rubonjour|Light Clay|[from] move: Trick
|move|p2a: Ninetales|Aurora Veil|p2a: Ninetales
|-sidestart|p2: LT92PF Lio|move: Aurora Veil
|
|-weather|Hail|[upkeep]
|-damage|p1a: Rubonjour|94/100|[from] Hail
|upkeep
|turn|2
|j| Keblar
|
|t:|1659819797
|switch|p2a: Aegislash|Aegislash, F|100/100
|move|p1a: Rubonjour|Defog|p2a: Aegislash
|-unboost|p2a: Aegislash|evasion|1
|-sideend|p2: LT92PF Lio|move: Aurora Veil
|
|-weather|Hail|[upkeep]
|-damage|p1a: Rubonjour|88/100|[from] Hail
|-damage|p2a: Aegislash|94/100|[from] Hail
|upkeep
|turn|3
|j| BattleBlaziken83
|j|@ironwater
|j| yop on the flux
|j| rdtfuysrw4
|
|t:|1659819811
|move|p1a: Rubonjour|Sticky Web|p2a: Aegislash
|-sidestart|p2: LT92PF Lio|move: Sticky Web
|-formechange|p2a: Aegislash|Aegislash-Blade||[from] ability: Stance Change
|move|p2a: Aegislash|Iron Head|p1a: Rubonjour
|-supereffective|p1a: Rubonjour
|-damage|p1a: Rubonjour|0 fnt
|faint|p1a: Rubonjour
|
|-weather|Hail|[upkeep]
|-damage|p2a: Aegislash|88/100|[from] Hail
|upkeep
|j| oakdeon
|
|t:|1659819828
|switch|p1a: Fulgurine|Thundurus, M|100/100
|turn|4
|j| qitt
|c| yaszou|Stehst 6-5 glaube du gewinnst oder
|j| Menacce17
|j| LT92PF Black Lotus
|j| Co▒coonE░voluti▓on
|j| craig italian
|j| chokst du
|j| Luretad
|c| jimaKAC|ccccccc
|j| Wado BTK
|j| pokemh
|c| jimaKAC|res
|c| BattleBlaziken83|halt die fresse
|c| jimaKAC|red
|c| jimaKAC|red
|c| jimaKAC|red
|
|t:|1659819879
|switch|p2a: Kommo-o|Kommo-o, F|100/100
|-activate|p2a: Kommo-o|move: Sticky Web
|-unboost|p2a: Kommo-o|spe|1
|move|p1a: Fulgurine|Wild Charge|p2a: Kommo-o
|-resisted|p2a: Kommo-o
|-damage|p2a: Kommo-o|77/100
|-damage|p1a: Fulgurine|95/100|[from] Recoil
|
|-weather|Hail|[upkeep]
|-damage|p1a: Fulgurine|89/100|[from] Hail
|-damage|p2a: Kommo-o|71/100|[from] Hail
|upkeep
|turn|5
|c| jimaKAC|red
|c| jimaKAC|i love spam
|c| yaszou|Halt doch deine verpeep frpeep
|
|t:|1659819897
|move|p1a: Fulgurine|Fly||[still]
|-prepare|p1a: Fulgurine|Fly
|-enditem|p1a: Fulgurine|Power Herb
|-anim|p1a: Fulgurine|Fly|p2a: Kommo-o
|-supereffective|p2a: Kommo-o
|-damage|p2a: Kommo-o|0 fnt
|faint|p2a: Kommo-o
|
|-weather|none
|upkeep
|j| Ahetv
|
|t:|1659819901
|switch|p2a: Ninetales|Ninetales-Alola, M|100/100
|-activate|p2a: Ninetales|move: Sticky Web
|-unboost|p2a: Ninetales|spe|1
|-weather|Hail|[from] ability: Snow Warning|[of] p2a: Ninetales
|turn|6
|j| LT92PF Po
|l|@ironwater
|
|t:|1659819922
|move|p2a: Ninetales|Aurora Veil|p2a: Ninetales
|-sidestart|p2: LT92PF Lio|move: Aurora Veil
|move|p1a: Fulgurine|Agility|p1a: Fulgurine
|-boost|p1a: Fulgurine|spe|2
|
|-weather|Hail|[upkeep]
|-damage|p1a: Fulgurine|83/100|[from] Hail
|upkeep
|turn|7
|j| Teamtest725
|l| Teamtest725
|j|@ironwater
|c| yaszou|JimaKAC u r bad in pkmn
|c| oakdeon|jimakac je ne veux pas être désobligent mais tu es très c.n.
|
|t:|1659819949
|switch|p2a: Aegislash|Aegislash, F|88/100
|-activate|p2a: Aegislash|move: Sticky Web
|-unboost|p2a: Aegislash|spe|1
|move|p1a: Fulgurine|Wild Charge|p2a: Aegislash
|-damage|p2a: Aegislash|67/100
|-damage|p1a: Fulgurine|78/100|[from] Recoil
|
|-weather|Hail|[upkeep]
|-damage|p1a: Fulgurine|72/100|[from] Hail
|-damage|p2a: Aegislash|61/100|[from] Hail
|upkeep
|turn|8
|c| yaszou|Mdr oui
|c| yaszou|Kylian mbappe paris paris paris
|c| BattleBlaziken83|jimaKAC oruspu
|c| jimaKAC|merci
|
|t:|1659819961
|move|p1a: Fulgurine|Wild Charge|p2a: Aegislash
|-damage|p2a: Aegislash|35/100
|-damage|p1a: Fulgurine|66/100|[from] Recoil
|move|p2a: Aegislash|Swords Dance|p2a: Aegislash
|-boost|p2a: Aegislash|atk|2
|
|-weather|Hail|[upkeep]
|-damage|p1a: Fulgurine|60/100|[from] Hail
|-damage|p2a: Aegislash|29/100|[from] Hail
|upkeep
|turn|9
|c| oakdeon|np c'est un plaisir
|j| Tsukeon
|j| 13frogs
|c| jimaKAC|merci la commu
|c| BattleBlaziken83|amina kuyum
|c| yaszou|Red deutsch jude
|
|t:|1659819998
|switch|p1a: Carchasseur|Garchomp, F|100/100
|-formechange|p2a: Aegislash|Aegislash-Blade||[from] ability: Stance Change
|move|p2a: Aegislash|Shadow Sneak|p1a: Carchasseur
|-damage|p1a: Carchasseur|56/100
|-damage|p2a: Aegislash|17/100|[from] ability: Rough Skin|[of] p1a: Carchasseur
|
|-weather|Hail|[upkeep]
|-damage|p1a: Carchasseur|50/100|[from] Hail
|-damage|p2a: Aegislash|11/100|[from] Hail
|upkeep
|turn|10
|c| Tsukeon|fermez vos gueules
|
|t:|1659820013
|move|p2a: Aegislash|Shadow Sneak|p1a: Carchasseur
|-damage|p1a: Carchasseur|5/100
|-damage|p2a: Aegislash|0 fnt|[from] ability: Rough Skin|[of] p1a: Carchasseur
|faint|p2a: Aegislash
|move|p1a: Carchasseur|Swords Dance|p1a: Carchasseur
|-boost|p1a: Carchasseur|atk|2
|
|-weather|none
|-sideend|p2: LT92PF Lio|move: Aurora Veil
|upkeep
|
|t:|1659820018
|switch|p2a: Rillaboom|Rillaboom, F|100/100
|-activate|p2a: Rillaboom|move: Sticky Web
|-unboost|p2a: Rillaboom|spe|1
|-fieldstart|move: Grassy Terrain|[from] ability: Grassy Surge|[of] p2a: Rillaboom
|turn|11
|j| Testingweirdoffens
|
|t:|1659820045
|move|p2a: Rillaboom|Grassy Glide|p1a: Carchasseur
|-damage|p1a: Carchasseur|0 fnt
|-damage|p2a: Rillaboom|88/100|[from] ability: Rough Skin|[of] p1a: Carchasseur
|faint|p1a: Carchasseur
|-damage|p2a: Rillaboom|78/100|[from] item: Life Orb
|
|-heal|p2a: Rillaboom|84/100|[from] Grassy Terrain
|upkeep
|
|t:|1659820055
|switch|p1a: Fulgurine|Thundurus, M|60/100
|turn|12
|j| Arroseur de chiens
|l| LT92PF Black Lotus
|
|t:|1659820076
|switch|p2a: Ninetales|Ninetales-Alola, M|100/100
|-activate|p2a: Ninetales|move: Sticky Web
|-unboost|p2a: Ninetales|spe|1
|-weather|Hail|[from] ability: Snow Warning|[of] p2a: Ninetales
|move|p1a: Fulgurine|Fly||[still]
|-prepare|p1a: Fulgurine|Fly
|
|-weather|Hail|[upkeep]
|-damage|p1a: Fulgurine|54/100|[from] Hail
|upkeep
|turn|13
|c| yaszou|Awuuuuuuu
|
|t:|1659820084
|move|p2a: Ninetales|Aurora Veil|p2a: Ninetales
|-sidestart|p2: LT92PF Lio|move: Aurora Veil
|move|p1a: Fulgurine|Fly|p2a: Ninetales|[from]lockedmove
|-damage|p2a: Ninetales|70/100
|
|-weather|Hail|[upkeep]
|-damage|p1a: Fulgurine|48/100|[from] Hail
|-heal|p2a: Ninetales|76/100|[from] Grassy Terrain
|upkeep
|turn|14
|
|t:|1659820101
|switch|p2a: Rillaboom|Rillaboom, F|84/100
|-activate|p2a: Rillaboom|move: Sticky Web
|-unboost|p2a: Rillaboom|spe|1
|move|p1a: Fulgurine|Superpower|p2a: Rillaboom
|-crit|p2a: Rillaboom
|-damage|p2a: Rillaboom|13/100
|-unboost|p1a: Fulgurine|atk|1
|-unboost|p1a: Fulgurine|def|1
|
|-weather|Hail|[upkeep]
|-damage|p1a: Fulgurine|42/100|[from] Hail
|-damage|p2a: Rillaboom|7/100|[from] Hail
|-heal|p2a: Rillaboom|13/100|[from] Grassy Terrain
|upkeep
|turn|15
|j| nsaeognsoi
|l| qitt
|
|t:|1659820169
|move|p2a: Rillaboom|Grassy Glide|p1a: Fulgurine
|-resisted|p1a: Fulgurine
|-damage|p1a: Fulgurine|0 fnt
|faint|p1a: Fulgurine
|-damage|p2a: Rillaboom|3/100|[from] item: Life Orb
|
|-weather|Hail|[upkeep]
|-damage|p2a: Rillaboom|0 fnt|[from] Hail
|faint|p2a: Rillaboom
|-fieldend|move: Grassy Terrain
|upkeep
|l| yaszou
|
|t:|1659820207
|switch|p1a: Katagada|Kartana|100/100
|switch|p2a: Landorus|Landorus-Therian, M|100/100
|-ability|p2a: Landorus|Intimidate|boost
|-unboost|p1a: Katagada|atk|1
|turn|16
|j| lt92pf qrts
|
|t:|1659820214
|move|p1a: Katagada|Swords Dance|p1a: Katagada
|-boost|p1a: Katagada|atk|2
|move|p2a: Landorus|Earthquake|p1a: Katagada
|-damage|p1a: Katagada|44/100
|-damage|p2a: Landorus|91/100|[from] item: Life Orb
|
|-weather|none
|upkeep
|turn|17
|c| jimaKAC|cc twitch ça va ?
|
|t:|1659820228
|move|p1a: Katagada|Leaf Blade|p2a: Landorus
|-damage|p2a: Landorus|49/100
|move|p2a: Landorus|Earthquake|p1a: Katagada
|-damage|p1a: Katagada|0 fnt
|faint|p1a: Katagada
|-damage|p2a: Landorus|39/100|[from] item: Life Orb
|
|-sideend|p2: LT92PF Lio|move: Aurora Veil
|upkeep
|c| BattleBlaziken83|man halt die fresse du baguette
|j| yaszou
|j| Heinrich Kemmler
|c| yaszou|Wenn der jude noch einmal französisch redet schick ich ihn morgen zur abteilung welche sich um due gas versorgung seines camps kümmert
|
|t:|1659820311
|switch|p1a: Tokoricard|Tapu Koko|100/100
|-fieldstart|move: Electric Terrain|[from] ability: Electric Surge|[of] p1a: Tokoricard
|turn|18
|
|t:|1659820318
|switch|p2a: Kartana|Kartana|100/100
|-activate|p2a: Kartana|move: Sticky Web
|-unboost|p2a: Kartana|spe|1
|move|p1a: Tokoricard|Dazzling Gleam|p2a: Kartana
|-resisted|p2a: Kartana
|-damage|p2a: Kartana|52/100
|
|upkeep
|turn|19
|
|t:|1659820345
|move|p1a: Tokoricard|Thunderbolt|p2a: Kartana
|-resisted|p2a: Kartana
|-damage|p2a: Kartana|0 fnt
|faint|p2a: Kartana
|
|upkeep
|
|t:|1659820348
|switch|p2a: Ninetales|Ninetales-Alola, M|76/100
|-activate|p2a: Ninetales|move: Sticky Web
|-unboost|p2a: Ninetales|spe|1
|-weather|Hail|[from] ability: Snow Warning|[of] p2a: Ninetales
|turn|20
|
|t:|1659820358
|move|p1a: Tokoricard|Thunderbolt|p2a: Ninetales
|-damage|p2a: Ninetales|29/100
|move|p2a: Ninetales|Aurora Veil|p2a: Ninetales
|-sidestart|p2: LT92PF Lio|move: Aurora Veil
|
|-weather|Hail|[upkeep]
|-damage|p1a: Tokoricard|94/100|[from] Hail
|-heal|p1a: Tokoricard|100/100|[from] item: Leftovers
|upkeep
|turn|21
|
|t:|1659820370
|switch|p2a: Landorus|Landorus-Therian, M|39/100
|-ability|p2a: Landorus|Intimidate|boost
|-unboost|p1a: Tokoricard|atk|1
|move|p1a: Tokoricard|Dazzling Gleam|p2a: Landorus
|-damage|p2a: Landorus|16/100
|
|-weather|Hail|[upkeep]
|-damage|p1a: Tokoricard|94/100|[from] Hail
|-damage|p2a: Landorus|10/100|[from] Hail
|-heal|p1a: Tokoricard|100/100|[from] item: Leftovers
|upkeep
|turn|22
|-message|LT92PF Lio forfeited.
|
|win|Redemption
|raw|Redemption's rating: 1756 &rarr; <strong>1780</strong><br />(+24 for winning)
|raw|LT92PF Lio's rating: 1819 &rarr; <strong>1795</strong><br />(-24 for losing)
|l|☆LT92PF Lio
|l| Menacce17
|l| BattleBlaziken83
|c| jimaKAC|ça va la team ?
|l| lt92pf qrts
|c| yaszou|Hdf
|l| Wado BTK
|l| Keblar
|c| Tsukeon|https://www.twitch.tv/redemption
|j| YSWelcomeToForever
|l| lt92pf ruby
|l| Testingweirdoffens
|l| Ahetv
|c| yaszou|Didnt ask
|j| Keblar
|l|☆Redemption
|l| Keblar
|l| Heinrich Kemmler
|l| LT92PF Po
||Ladder isn't responding, score probably updated but might not have (Request timeout).
|l| chokst du
|j| Astreau
|l| yaszou
|l| Arroseur de chiens
|l| Tsukeon
|l|@ironwater
|l| YSWelcomeToForever
|l| craig italian
|l| Astreau
|l| Luretad
|l| 13frogs
|j| LT92PF Dflo
