|raw|<div class="broadcast-blue"><strong>This battle is required to be public due to a player having a name prefixed by 'LT71LX'.</div>
|j|‽LT71LX Gama
|j|☆LT71LX Kappucci
|t:|1597286839
|player|p1|LT71LX Gama|marlon|2103
|player|p2|LT71LX Kappucci|twins|2141
|teamsize|p1|6
|teamsize|p2|6
|gametype|singles
|gen|8
|tier|[Gen 8] OU
|rated|
|clearpoke
|poke|p1|Bisharp, M|
|poke|p1|Keldeo|
|poke|p1|Gengar, M|
|poke|p1|Kyurem|
|poke|p1|Shuckle, F|
|poke|p1|Zeraora|
|poke|p2|Avalugg, M|
|poke|p2|Corviknight, M|
|poke|p2|Chansey, F|
|poke|p2|Volcarona, F|
|poke|p2|Weezing-Galar, M|
|poke|p2|Quagsire, M|
|rule|Sleep Clause Mod: Limit one foe put to sleep
|rule|Species Clause: Limit one of each Pokémon
|rule|OHKO Clause: OHKO moves are banned
|rule|Evasion Moves Clause: Evasion moves are banned
|rule|Endless Battle Clause: Forcing endless battles is banned
|rule|HP Percentage Mod: HP is shown in percentages
|rule|Dynamax Clause: You cannot dynamax
|teampreview
|j| hipster garbage
|j| ligmadon769
|j|+Raiza
|j| Mannat
|j| Rubyblood
|j| pzowmx
|j| sub dnite and go
|j| childintheirpoor
|inactive|Battle timer is ON: inactive players will automatically lose when time's up. (requested by LT71LX Kappucci)
|j| starmaster
|j| ArcticBreezeX
|j| peekoball
|j| purchasedalargek
|j| cleann
|j| dice
|j| outu 23
|j| Briitt
|inactive|LT71LX Gama has 120 seconds left.
|j| The last Fenicio
|j| LT71LX IV
|
|t:|1597286887
|start
|switch|p1a: Keldeo|Keldeo|100/100
|switch|p2a: Weezing|Weezing-Galar, M|100/100
|-ability|p2a: Weezing|Neutralizing Gas
|turn|1
|j| listless
|j| Destro16
|j| lt71lx rewer
|c| childintheirpoor|vamos kappa
|j| TuanNguyen
|j| lt71lx Reign_X
|j| Boigunn
|l| Boigunn
|j| sugarhigh
|j| Kuyuri
|j| i9iih
|j| large owl
|j| bbeeaa
|c| sugarhigh|KAPPOAT
|j| LT71LX Storm
|j| duppyduppy
|j| melancholy hills
|c| childintheirpoor|**KAPPOAT**
|inactive|LT71LX Gama has 120 seconds left.
|j| LT71LX PJ
|l| lt71lx Reign_X
|
|t:|1597286927
|move|p1a: Keldeo|Scald|p2a: Weezing
|-damage|p2a: Weezing|36/100
|move|p2a: Weezing|Strange Steam|p1a: Keldeo
|-supereffective|p1a: Keldeo
|-damage|p1a: Keldeo|35/100
|
|-heal|p1a: Keldeo|41/100|[from] item: Leftovers
|-heal|p2a: Weezing|42/100|[from] item: Black Sludge
|upkeep
|turn|2
|j| bimber
|
|t:|1597286940
|move|p1a: Keldeo|Scald|p2a: Weezing
|-damage|p2a: Weezing|0 fnt
|faint|p2a: Weezing
|
|-heal|p1a: Keldeo|47/100|[from] item: Leftovers
|upkeep
|
|t:|1597286943
|switch|p2a: Chansey|Chansey, F|100/100
|turn|3
|j| daddy max
|n| LT71LX TSAU|childintheirpoor
|j| theoxtheo
|inactive|LT71LX Gama has 120 seconds left.
|j| Laloeck
|j| Century Express
|j| D0n Ram0n
|
|t:|1597286961
|switch|p1a: Shuckle|Shuckle, F|100/100
|move|p2a: Chansey|Thunder Wave|p1a: Shuckle
|-status|p1a: Shuckle|par
|
|upkeep
|turn|4
|l| ArcticBreezeX
|j| flyingtaco42
|
|t:|1597286972
|switch|p2a: Avalugg|Avalugg, M|100/100
|move|p1a: Shuckle|Stealth Rock|p2a: Avalugg
|-sidestart|p2: LT71LX Kappucci|move: Stealth Rock
|
|upkeep
|turn|5
|j| Spl4sh
|j| Lunarr
|j| qwolff
|j|+FMG
|j| LT71LX Vessev
|
|t:|1597286994
|switch|p2a: Corviknight|Corviknight, M|100/100
|-damage|p2a: Corviknight|88/100|[from] Stealth Rock
|-ability|p2a: Corviknight|Pressure
|move|p1a: Shuckle|Encore||[still]
|-fail|p1a: Shuckle
|
|upkeep
|turn|6
|n| peekoball|peekoball
|
|t:|1597287002
|move|p2a: Corviknight|Defog|p1a: Shuckle
|-unboost|p1a: Shuckle|evasion|1
|-sideend|p2: LT71LX Kappucci|Stealth Rock|[from] move: Defog|[of] p2a: Corviknight
|move|p1a: Shuckle|Encore|p2a: Corviknight
|-start|p2a: Corviknight|Encore
|
|upkeep
|turn|7
|j| laddr climb
|j| sonic boof
|
|t:|1597287008
|switch|p2a: Avalugg|Avalugg, M|100/100
|move|p1a: Shuckle|Stealth Rock|p2a: Avalugg
|-sidestart|p2: LT71LX Kappucci|move: Stealth Rock
|
|upkeep
|turn|8
|j| LT71LX bebo
|l| D0n Ram0n
|
|t:|1597287015
|switch|p1a: Gengar|Gengar, M|100/100
|move|p2a: Avalugg|Rapid Spin|p1a: Gengar
|-immune|p1a: Gengar
|
|upkeep
|turn|9
|l| sugarhigh
|inactive|LT71LX Gama has 120 seconds left.
|
|t:|1597287025
|switch|p2a: Chansey|Chansey, F|100/100
|-damage|p2a: Chansey|88/100|[from] Stealth Rock
|move|p1a: Gengar|Shadow Ball|p2a: Chansey
|-immune|p2a: Chansey
|
|upkeep
|turn|10
|
|t:|1597287029
|move|p1a: Gengar|Substitute|p1a: Gengar
|-start|p1a: Gengar|Substitute
|-damage|p1a: Gengar|76/100
|move|p2a: Chansey|Thunder Wave|p1a: Gengar|[miss]
|-miss|p2a: Chansey|p1a: Gengar
|
|-heal|p1a: Gengar|82/100|[from] item: Black Sludge
|upkeep
|turn|11
|
|t:|1597287034
|move|p1a: Gengar|Nasty Plot|p1a: Gengar
|-boost|p1a: Gengar|spa|2
|move|p2a: Chansey|Soft-Boiled|p2a: Chansey
|-heal|p2a: Chansey|100/100
|
|-heal|p1a: Gengar|88/100|[from] item: Black Sludge
|upkeep
|turn|12
|
|t:|1597287038
|move|p1a: Gengar|Nasty Plot|p1a: Gengar
|-boost|p1a: Gengar|spa|2
|move|p2a: Chansey|Thunder Wave||[still]
|-fail|p2a: Chansey
|
|-heal|p1a: Gengar|94/100|[from] item: Black Sludge
|upkeep
|turn|13
|
|t:|1597287041
|move|p1a: Gengar|Nasty Plot|p1a: Gengar
|-boost|p1a: Gengar|spa|2
|move|p2a: Chansey|Thunder Wave||[still]
|-fail|p2a: Chansey
|
|-heal|p1a: Gengar|99/100|[from] item: Black Sludge
|upkeep
|turn|14
|
|t:|1597287043
|move|p1a: Gengar|Sludge Wave|p2a: Chansey
|-damage|p2a: Chansey|44/100
|move|p2a: Chansey|Thunder Wave||[still]
|-fail|p2a: Chansey
|
|-heal|p1a: Gengar|100/100|[from] item: Black Sludge
|upkeep
|turn|15
|j| cheese555
|
|t:|1597287048
|move|p1a: Gengar|Sludge Wave|p2a: Chansey
|-damage|p2a: Chansey|0 fnt
|faint|p2a: Chansey
|
|upkeep
|
|t:|1597287050
|switch|p2a: Quagsire|Quagsire, M|100/100
|-damage|p2a: Quagsire|94/100|[from] Stealth Rock
|turn|16
|j| WildWave ☾★
|l| purchasedalargek
|
|t:|1597287053
|move|p1a: Gengar|Shadow Ball|p2a: Quagsire
|-damage|p2a: Quagsire|47/100
|move|p2a: Quagsire|Earthquake|p1a: Gengar
|-supereffective|p1a: Gengar
|-end|p1a: Gengar|Substitute
|
|-heal|p2a: Quagsire|53/100|[from] item: Leftovers
|upkeep
|turn|17
|j| Disorient
|j| exfir
|
|t:|1597287062
|move|p1a: Gengar|Shadow Ball|p2a: Quagsire
|-damage|p2a: Quagsire|8/100
|move|p2a: Quagsire|Recover|p2a: Quagsire
|-heal|p2a: Quagsire|59/100
|
|-heal|p2a: Quagsire|65/100|[from] item: Leftovers
|upkeep
|turn|18
|j| Brandie
|
|t:|1597287067
|move|p1a: Gengar|Shadow Ball|p2a: Quagsire
|-damage|p2a: Quagsire|16/100
|move|p2a: Quagsire|Earthquake|p1a: Gengar
|-supereffective|p1a: Gengar
|-damage|p1a: Gengar|0 fnt
|faint|p1a: Gengar
|
|-heal|p2a: Quagsire|22/100|[from] item: Leftovers
|upkeep
|l| Disorient
|c| qwolff|gg kappucci
|j| MatisXYZ
|j| Kokujo O Tatsumaki
|
|t:|1597287083
|switch|p1a: Keldeo|Keldeo|47/100
|turn|19
|j| sugarhigh
|
|t:|1597287093
|move|p1a: Keldeo|Scald|p2a: Quagsire
|-damage|p2a: Quagsire|0 fnt
|faint|p2a: Quagsire
|
|-heal|p1a: Keldeo|53/100|[from] item: Leftovers
|upkeep
|j| ratman1
|l| MatisXYZ
|
|t:|1597287102
|switch|p2a: Avalugg|Avalugg, M|100/100
|turn|20
|
|t:|1597287105
|move|p1a: Keldeo|Aura Sphere|p2a: Avalugg
|-supereffective|p2a: Avalugg
|-ability|p2a: Avalugg|Sturdy
|-damage|p2a: Avalugg|1/100
|move|p2a: Avalugg|Body Press|p1a: Keldeo
|-crit|p1a: Keldeo
|-damage|p1a: Keldeo|0 fnt
|faint|p1a: Keldeo
|
|upkeep
|
|t:|1597287120
|switch|p1a: Zeraora|Zeraora|100/100
|turn|21
|l| daddy max
|j| daddy max
|l| exfir
|j| LT71LX ABR
|inactive|LT71LX Gama has 120 seconds left.
|j| Jesus0501200355
|
|t:|1597287165
|move|p1a: Zeraora|Bulk Up|p1a: Zeraora
|-boost|p1a: Zeraora|atk|1
|-boost|p1a: Zeraora|def|1
|move|p2a: Avalugg|Rapid Spin|p1a: Zeraora
|-damage|p1a: Zeraora|88/100
|-boost|p2a: Avalugg|spe|1
|-sideend|p2: LT71LX Kappucci|Stealth Rock|[from] move: Rapid Spin|[of] p2a: Avalugg
|
|-heal|p1a: Zeraora|94/100|[from] item: Leftovers
|upkeep
|turn|22
|l| sugarhigh
|inactive|LT71LX Gama has 90 seconds left.
|
|t:|1597287193
|move|p1a: Zeraora|Bulk Up|p1a: Zeraora
|-boost|p1a: Zeraora|atk|1
|-boost|p1a: Zeraora|def|1
|move|p2a: Avalugg|Recover|p2a: Avalugg
|-heal|p2a: Avalugg|51/100
|
|-heal|p1a: Zeraora|99/100|[from] item: Leftovers
|upkeep
|turn|23
|
|t:|1597287202
|move|p1a: Zeraora|Bulk Up|p1a: Zeraora
|-boost|p1a: Zeraora|atk|1
|-boost|p1a: Zeraora|def|1
|move|p2a: Avalugg|Recover|p2a: Avalugg
|-heal|p2a: Avalugg|100/100
|
|-heal|p1a: Zeraora|100/100|[from] item: Leftovers
|upkeep
|turn|24
|j| guacamole socks
|j| sugarhigh
|l| LT71LX Vessev
|inactive|LT71LX Gama has 90 seconds left.
|
|t:|1597287220
|move|p1a: Zeraora|Substitute|p1a: Zeraora
|-start|p1a: Zeraora|Substitute
|-damage|p1a: Zeraora|76/100
|move|p2a: Avalugg|Body Press|p1a: Zeraora
|-activate|p1a: Zeraora|move: Substitute|[damage]
|
|-heal|p1a: Zeraora|82/100|[from] item: Leftovers
|upkeep
|turn|25
|j| LT71LX Vessev
|j| LingvaeX
|
|t:|1597287226
|move|p1a: Zeraora|Bulk Up|p1a: Zeraora
|-boost|p1a: Zeraora|atk|1
|-boost|p1a: Zeraora|def|1
|move|p2a: Avalugg|Body Press|p1a: Zeraora
|-end|p1a: Zeraora|Substitute
|
|-heal|p1a: Zeraora|88/100|[from] item: Leftovers
|upkeep
|turn|26
|l| ratman1
|
|t:|1597287229
|move|p1a: Zeraora|Substitute|p1a: Zeraora
|-start|p1a: Zeraora|Substitute
|-damage|p1a: Zeraora|63/100
|move|p2a: Avalugg|Body Press|p1a: Zeraora
|-activate|p1a: Zeraora|move: Substitute|[damage]
|
|-heal|p1a: Zeraora|69/100|[from] item: Leftovers
|upkeep
|turn|27
|j| ratman1
|
|t:|1597287232
|move|p1a: Zeraora|Bulk Up|p1a: Zeraora
|-boost|p1a: Zeraora|atk|1
|-boost|p1a: Zeraora|def|1
|move|p2a: Avalugg|Body Press|p1a: Zeraora
|-end|p1a: Zeraora|Substitute
|
|-heal|p1a: Zeraora|75/100|[from] item: Leftovers
|upkeep
|turn|28
|l| ratman1
|
|t:|1597287235
|move|p1a: Zeraora|Substitute|p1a: Zeraora
|-start|p1a: Zeraora|Substitute
|-damage|p1a: Zeraora|50/100
|move|p2a: Avalugg|Avalanche|p1a: Zeraora
|-activate|p1a: Zeraora|move: Substitute|[damage]
|
|-heal|p1a: Zeraora|56/100|[from] item: Leftovers
|upkeep
|turn|29
|
|t:|1597287239
|move|p1a: Zeraora|Plasma Fists|p2a: Avalugg
|-damage|p2a: Avalugg|30/100
|-fieldactivate|move: Ion Deluge
|move|p2a: Avalugg|Body Press|p1a: Zeraora
|-activate|p1a: Zeraora|move: Substitute|[damage]
|
|-heal|p1a: Zeraora|62/100|[from] item: Leftovers
|upkeep
|turn|30
|-message|LT71LX Kappucci forfeited.
|
|win|LT71LX Gama
|l|☆LT71LX Kappucci
|l| daddy max
|l| lt71lx rewer
|l| hipster garbage
|raw|LT71LX Gama's rating: 2103 &rarr; <strong>2124</strong><br />(+21 for winning)
|raw|LT71LX Kappucci's rating: 2117 &rarr; <strong>2096</strong><br />(-21 for losing)
|l|+Raiza
|l| sonic boof
|l| Spl4sh
|l| ligmadon769
|l| LT71LX Storm
|l| cheese555
