|j|☆Darkortex
|j|☆Darkness Dragoon
|inactive|Battle timer is ON: inactive players will automatically lose when time's up.
|t:|1641496697
|gametype|singles
|player|p1|Darkortex|hilbert|
|player|p2|Darkness Dragoon|lance-gen2|
|teamsize|p1|6
|teamsize|p2|6
|gen|8
|tier|[Gen 8] OU
|rated|Tournament battle
|rule|Sleep Clause Mod: Limit one foe put to sleep
|rule|Species Clause: Limit one of each Pokémon
|rule|OHKO Clause: OHKO moves are banned
|rule|Evasion Moves Clause: Evasion moves are banned
|rule|Endless Battle Clause: Forcing endless battles is banned
|rule|HP Percentage Mod: HP is shown in percentages
|rule|Dynamax Clause: You cannot dynamax
|clearpoke
|poke|p1|Torkoal, M|
|poke|p1|Venusaur, M|
|poke|p1|Heatran, M|
|poke|p1|Landorus-Therian, M|
|poke|p1|Weavile, M|
|poke|p1|Victini|
|poke|p2|Dragapult, M|
|poke|p2|Rotom-Wash|
|poke|p2|Amoonguss, M|
|poke|p2|Heatran, M|
|poke|p2|Landorus-Therian, M|
|poke|p2|Urshifu-*, F|
|teampreview
|inactive|Darkortex also wants the timer to be on.
|j| Kyurem
|j| cute asian gurl
|j| steeen
|
|t:|1641496705
|start
|switch|p1a: Landorus|Landorus-Therian, M|100/100
|switch|p2a: Rotom|Rotom-Wash|100/100
|-ability|p1a: Landorus|Intimidate|boost
|-unboost|p2a: Rotom|atk|1
|turn|1
|
|t:|1641496711
|switch|p1a: Torkoal|Torkoal, M|100/100
|-weather|SunnyDay|[from] ability: Drought|[of] p1a: Torkoal
|move|p2a: Rotom|Hydro Pump|p1a: Torkoal
|-supereffective|p1a: Torkoal
|-damage|p1a: Torkoal|53/100
|
|-weather|SunnyDay|[upkeep]
|upkeep
|turn|2
|
|t:|1641496729
|switch|p2a: Landorus|Landorus-Therian, M|100/100
|-ability|p2a: Landorus|Intimidate|boost
|-unboost|p1a: Torkoal|atk|1
|switch|p1a: Landorus|Landorus-Therian, M|100/100
|-ability|p1a: Landorus|Intimidate|boost
|-unboost|p2a: Landorus|atk|1
|
|-weather|SunnyDay|[upkeep]
|upkeep
|turn|3
|
|t:|1641496739
|move|p2a: Landorus|Toxic|p1a: Landorus
|-status|p1a: Landorus|tox
|move|p1a: Landorus|Knock Off|p2a: Landorus
|-damage|p2a: Landorus|76/100
|-enditem|p2a: Landorus|Leftovers|[from] move: Knock Off|[of] p1a: Landorus
|
|-weather|SunnyDay|[upkeep]
|-damage|p1a: Landorus|94/100 tox|[from] psn
|upkeep
|turn|4
|j| I like low ladder
|
|t:|1641496748
|switch|p1a: Victini|Victini|100/100
|move|p2a: Landorus|Stealth Rock|p1a: Victini
|-sidestart|p1: Darkortex|move: Stealth Rock
|
|-weather|SunnyDay|[upkeep]
|upkeep
|turn|5
|
|t:|1641496769
|switch|p2a: Amoonguss|Amoonguss, M|100/100
|move|p1a: Victini|Trick|p2a: Amoonguss
|-activate|p1a: Victini|move: Trick|[of] p2a: Amoonguss
|-item|p2a: Amoonguss|Choice Scarf|[from] move: Trick
|-item|p1a: Victini|Black Sludge|[from] move: Trick
|
|-weather|SunnyDay|[upkeep]
|-damage|p1a: Victini|88/100|[from] item: Black Sludge
|upkeep
|turn|6
|inactive|Darkness Dragoon has 120 seconds left.
|
|t:|1641496809
|switch|p2a: Heatran|Heatran, M|100/100
|move|p1a: Victini|Final Gambit|p2a: Heatran
|-damage|p2a: Heatran|11/100
|faint|p1a: Victini
|
|-weather|SunnyDay|[upkeep]
|-heal|p2a: Heatran|17/100|[from] item: Leftovers
|upkeep
|
|t:|1641496815
|switch|p1a: Landorus|Landorus-Therian, M|94/100 tox
|-damage|p1a: Landorus|82/100 tox|[from] Stealth Rock
|-ability|p1a: Landorus|Intimidate|boost
|-unboost|p2a: Heatran|atk|1
|turn|7
|
|t:|1641496840
|switch|p2a: Landorus|Landorus-Therian, M|76/100
|-ability|p2a: Landorus|Intimidate|boost
|-unboost|p1a: Landorus|atk|1
|move|p1a: Landorus|Defog|p2a: Landorus
|-unboost|p2a: Landorus|evasion|1
|-sideend|p1: Darkortex|Stealth Rock|[from] move: Defog|[of] p1a: Landorus
|
|-weather|SunnyDay|[upkeep]
|-heal|p1a: Landorus|88/100 tox|[from] item: Leftovers
|-damage|p1a: Landorus|82/100 tox|[from] psn
|upkeep
|turn|8
|j| Weaselfie ☾
|
|t:|1641496848
|switch|p1a: Weavile|Weavile, M|100/100
|-ability|p1a: Weavile|Pressure
|move|p2a: Landorus|Stealth Rock|p1a: Weavile
|-sidestart|p1: Darkortex|move: Stealth Rock
|
|-weather|none
|upkeep
|turn|9
|
|t:|1641496858
|switch|p2a: Urshifu|Urshifu-Rapid-Strike, F|100/100
|move|p1a: Weavile|Knock Off|p2a: Urshifu
|-resisted|p2a: Urshifu
|-damage|p2a: Urshifu|76/100
|-enditem|p2a: Urshifu|Choice Band|[from] move: Knock Off|[of] p1a: Weavile
|
|upkeep
|turn|10
|
|t:|1641496868
|switch|p1a: Heatran|Heatran, M|100/100
|-damage|p1a: Heatran|88/100|[from] Stealth Rock
|move|p2a: Urshifu|Surging Strikes|p1a: Heatran
|-supereffective|p1a: Heatran
|-crit|p1a: Heatran
|-damage|p1a: Heatran|47/100
|-supereffective|p1a: Heatran
|-crit|p1a: Heatran
|-damage|p1a: Heatran|6/100
|-supereffective|p1a: Heatran
|-crit|p1a: Heatran
|-damage|p1a: Heatran|0 fnt
|faint|p1a: Heatran
|-hitcount|p1: Heatran|3
|
|upkeep
|
|t:|1641496870
|switch|p1a: Torkoal|Torkoal, M|53/100
|-damage|p1a: Torkoal|28/100|[from] Stealth Rock
|-weather|SunnyDay|[from] ability: Drought|[of] p1a: Torkoal
|turn|11
|inactive|Darkness Dragoon has 120 seconds left.
|
|t:|1641496891
|switch|p1a: Venusaur|Venusaur, M|100/100
|-damage|p1a: Venusaur|88/100|[from] Stealth Rock
|move|p2a: Urshifu|U-turn|p1a: Venusaur
|-damage|p1a: Venusaur|55/100
|
|t:|1641496900
|switch|p2a: Dragapult|Dragapult, M|100/100|[from]move: U-turn
|
|-weather|SunnyDay|[upkeep]
|upkeep
|turn|12
|
|t:|1641496906
|switch|p1a: Landorus|Landorus-Therian, M|82/100 tox
|-damage|p1a: Landorus|70/100 tox|[from] Stealth Rock
|-ability|p1a: Landorus|Intimidate|boost
|-fail|p2a: Dragapult|unboost|[from] ability: Clear Body|[of] p2a: Dragapult
|move|p2a: Dragapult|Dragon Darts|p1a: Landorus
|-damage|p1a: Landorus|40/100 tox
|-anim|p2a: Dragapult|Dragon Darts|p1a: Landorus
|-damage|p1a: Landorus|6/100 tox
|-damage|p2a: Dragapult|91/100|[from] item: Life Orb
|
|-weather|SunnyDay|[upkeep]
|-heal|p1a: Landorus|12/100 tox|[from] item: Leftovers
|-damage|p1a: Landorus|6/100 tox|[from] psn
|upkeep
|turn|13
|-message|Darkortex forfeited.
|
|win|Darkness Dragoon
|n|☆Darkortex|darkortex
|n|☆Darkness Dragoon|darknessdragoon
|n| Kyurem|kyurem
|n| cute asian gurl|cuteasiangurl
|n| steeen|steeen
|n| I like low ladder|ilikelowladder
|n| Weaselfie ☾|weaselfie
|l|☆Darkortex
|j|☆Darkortex
|player|p1|Darkortex|hilbert
|inactive|Battle timer is ON: inactive players will automatically lose when time's up. (requested by Darkortex)
|l| cute asian gurl
|l| Weaselfie ☾
|l| Kyurem
|j| lapt1
|l|☆Darkortex
|player|p1|
|l|☆Darkness Dragoon
