|j|☆Daunzu
|j|☆ajijac
|t:|1605984168
|player|p1|Daunzu|ingo|1587
|player|p2|ajijac|colress|1568
|teamsize|p1|6
|teamsize|p2|6
|gametype|singles
|gen|8
|tier|[Gen 8] OU
|rated|
|clearpoke
|poke|p1|Landorus-Therian, M|
|poke|p1|Swampert, M|
|poke|p1|Tapu Fini|
|poke|p1|Nidoking, M|
|poke|p1|Tapu Koko|
|poke|p1|Corviknight, F|
|poke|p2|Ferrothorn, M|
|poke|p2|Urshifu-*, F|
|poke|p2|Pelipper, M|
|poke|p2|Excadrill, F|
|poke|p2|Latios, M|
|poke|p2|Tyranitar, F|
|rule|Sleep Clause Mod: Limit one foe put to sleep
|rule|Species Clause: Limit one of each Pokémon
|rule|OHKO Clause: OHKO moves are banned
|rule|Evasion Moves Clause: Evasion moves are banned
|rule|Endless Battle Clause: Forcing endless battles is banned
|rule|HP Percentage Mod: HP is shown in percentages
|rule|Dynamax Clause: You cannot dynamax
|teampreview
|inactive|Battle timer is ON: inactive players will automatically lose when time's up. (requested by ajijac)
|
|t:|1605984178
|start
|switch|p1a: Swampert|Swampert, M|100/100
|switch|p2a: Tyranitar|Tyranitar, F|100/100
|-weather|Sandstorm|[from] ability: Sand Stream|[of] p2a: Tyranitar
|turn|1
|
|t:|1605984183
|move|p2a: Tyranitar|Stealth Rock|p1a: Swampert
|-sidestart|p1: Daunzu|move: Stealth Rock
|move|p1a: Swampert|Toxic|p2a: Tyranitar
|-status|p2a: Tyranitar|tox
|
|-weather|Sandstorm|[upkeep]
|-damage|p2a: Tyranitar|94/100 tox|[from] psn
|upkeep
|turn|2
|
|t:|1605984192
|switch|p2a: Ferrothorn|Ferrothorn, M|100/100
|move|p1a: Swampert|Stealth Rock|p2a: Ferrothorn
|-sidestart|p2: ajijac|move: Stealth Rock
|
|-weather|Sandstorm|[upkeep]
|upkeep
|turn|3
|
|t:|1605984195
|switch|p1a: Corviknight|Corviknight, F|100/100
|-damage|p1a: Corviknight|88/100|[from] Stealth Rock
|move|p2a: Ferrothorn|Leech Seed|p1a: Corviknight
|-start|p1a: Corviknight|move: Leech Seed
|
|-weather|Sandstorm|[upkeep]
|-heal|p1a: Corviknight|94/100|[from] item: Leftovers
|-damage|p1a: Corviknight|82/100|[from] Leech Seed|[of] p2a: Ferrothorn
|upkeep
|turn|4
|
|t:|1605984198
|move|p1a: Corviknight|Body Press|p2a: Ferrothorn
|-supereffective|p2a: Ferrothorn
|-damage|p2a: Ferrothorn|69/100
|-damage|p1a: Corviknight|69/100|[from] ability: Iron Barbs|[of] p2a: Ferrothorn
|-damage|p1a: Corviknight|53/100|[from] item: Rocky Helmet|[of] p2a: Ferrothorn
|move|p2a: Ferrothorn|Knock Off|p1a: Corviknight
|-damage|p1a: Corviknight|40/100
|-enditem|p1a: Corviknight|Leftovers|[from] move: Knock Off|[of] p2a: Ferrothorn
|
|-weather|Sandstorm|[upkeep]
|-damage|p1a: Corviknight|27/100|[from] Leech Seed|[of] p2a: Ferrothorn
|-heal|p2a: Ferrothorn|83/100|[silent]
|upkeep
|turn|5
|
|t:|1605984209
|move|p1a: Corviknight|Roost|p1a: Corviknight
|-heal|p1a: Corviknight|77/100
|-singleturn|p1a: Corviknight|move: Roost
|move|p2a: Ferrothorn|Spikes|p1a: Corviknight
|-sidestart|p1: Daunzu|Spikes
|
|-weather|none
|-damage|p1a: Corviknight|65/100|[from] Leech Seed|[of] p2a: Ferrothorn
|-heal|p2a: Ferrothorn|97/100|[silent]
|upkeep
|turn|6
|
|t:|1605984213
|move|p1a: Corviknight|Roost|p1a: Corviknight
|-heal|p1a: Corviknight|100/100
|-singleturn|p1a: Corviknight|move: Roost
|move|p2a: Ferrothorn|Spikes|p1a: Corviknight
|-sidestart|p1: Daunzu|Spikes
|
|-damage|p1a: Corviknight|88/100|[from] Leech Seed|[of] p2a: Ferrothorn
|-heal|p2a: Ferrothorn|100/100|[silent]
|upkeep
|turn|7
|
|t:|1605984240
|move|p1a: Corviknight|Defog|p2a: Ferrothorn
|-unboost|p2a: Ferrothorn|evasion|1
|-sideend|p2: ajijac|Stealth Rock|[from] move: Defog|[of] p1a: Corviknight
|-sideend|p1: Daunzu|Spikes|[from] move: Defog|[of] p1a: Corviknight
|-sideend|p1: Daunzu|Stealth Rock|[from] move: Defog|[of] p1a: Corviknight
|move|p2a: Ferrothorn|Spikes|p1a: Corviknight
|-sidestart|p1: Daunzu|Spikes
|
|-damage|p1a: Corviknight|75/100|[from] Leech Seed|[of] p2a: Ferrothorn
|upkeep
|turn|8
|
|t:|1605984246
|switch|p1a: Landorus|Landorus-Therian, M|100/100
|-ability|p1a: Landorus|Intimidate|boost
|-unboost|p2a: Ferrothorn|atk|1
|move|p2a: Ferrothorn|Spikes|p1a: Landorus
|-sidestart|p1: Daunzu|Spikes
|
|upkeep
|turn|9
|
|t:|1605984255
|switch|p1a: Corviknight|Corviknight, F|75/100
|switch|p2a: Pelipper|Pelipper, M|100/100
|-weather|RainDance|[from] ability: Drizzle|[of] p2a: Pelipper
|
|-weather|RainDance|[upkeep]
|upkeep
|turn|10
|
|t:|1605984259
|move|p1a: Corviknight|Defog|p2a: Pelipper
|-unboost|p2a: Pelipper|evasion|1
|-sideend|p1: Daunzu|Spikes|[from] move: Defog|[of] p1a: Corviknight
|move|p2a: Pelipper|Weather Ball|p1a: Corviknight
|-damage|p1a: Corviknight|28/100
|
|-weather|RainDance|[upkeep]
|upkeep
|turn|11
|
|t:|1605984273
|switch|p1a: Tapu Fini|Tapu Fini|100/100
|-fieldstart|move: Misty Terrain|[from] ability: Misty Surge|[of] p1a: Tapu Fini
|switch|p2a: Urshifu|Urshifu-Rapid-Strike, F|100/100
|
|-weather|RainDance|[upkeep]
|upkeep
|turn|12
|
|t:|1605984276
|move|p2a: Urshifu|Thunder Punch|p1a: Tapu Fini
|-supereffective|p1a: Tapu Fini
|-damage|p1a: Tapu Fini|30/100
|move|p1a: Tapu Fini|Moonblast|p2a: Urshifu
|-supereffective|p2a: Urshifu
|-damage|p2a: Urshifu|14/100
|-unboost|p2a: Urshifu|spa|1
|
|-weather|RainDance|[upkeep]
|-heal|p1a: Tapu Fini|36/100|[from] item: Leftovers
|upkeep
|turn|13
|
|t:|1605984300
|switch|p1a: Swampert|Swampert, M|100/100
|move|p2a: Urshifu|Thunder Punch|p1a: Swampert
|-immune|p1a: Swampert
|
|-weather|none
|upkeep
|turn|14
|
|t:|1605984307
|switch|p2a: Ferrothorn|Ferrothorn, M|100/100
|move|p1a: Swampert|Flip Turn|p2a: Ferrothorn
|-resisted|p2a: Ferrothorn
|-damage|p2a: Ferrothorn|94/100
|-damage|p1a: Swampert|88/100|[from] ability: Iron Barbs|[of] p2a: Ferrothorn
|-damage|p1a: Swampert|72/100|[from] item: Rocky Helmet|[of] p2a: Ferrothorn
|
|t:|1605984309
|switch|p1a: Nidoking|Nidoking, M|100/100|[from]move: Flip Turn
|
|upkeep
|turn|15
|
|t:|1605984313
|switch|p2a: Tyranitar|Tyranitar, F|94/100 tox
|-weather|Sandstorm|[from] ability: Sand Stream|[of] p2a: Tyranitar
|move|p1a: Nidoking|Flamethrower|p2a: Tyranitar
|-resisted|p2a: Tyranitar
|-damage|p2a: Tyranitar|84/100 tox
|
|-weather|Sandstorm|[upkeep]
|-heal|p2a: Tyranitar|91/100 tox|[from] item: Leftovers
|-damage|p2a: Tyranitar|84/100 tox|[from] psn
|-fieldend|Misty Terrain
|upkeep
|turn|16
|
|t:|1605984316
|move|p1a: Nidoking|Earth Power|p2a: Tyranitar
|-supereffective|p2a: Tyranitar
|-damage|p2a: Tyranitar|30/100 tox
|move|p2a: Tyranitar|Ice Beam|p1a: Nidoking
|-supereffective|p1a: Nidoking
|-damage|p1a: Nidoking|31/100
|-status|p1a: Nidoking|frz
|
|-weather|Sandstorm|[upkeep]
|-heal|p2a: Tyranitar|36/100 tox|[from] item: Leftovers
|-damage|p2a: Tyranitar|24/100 tox|[from] psn
|upkeep
|turn|17
|
|t:|1605984325
|switch|p1a: Corviknight|Corviknight, F|28/100
|move|p2a: Tyranitar|Stealth Rock|p1a: Corviknight
|-sidestart|p1: Daunzu|move: Stealth Rock
|
|-weather|Sandstorm|[upkeep]
|-heal|p2a: Tyranitar|30/100 tox|[from] item: Leftovers
|-damage|p2a: Tyranitar|11/100 tox|[from] psn
|upkeep
|turn|18
|
|t:|1605984329
|move|p1a: Corviknight|Defog|p2a: Tyranitar
|-unboost|p2a: Tyranitar|evasion|1
|-sideend|p1: Daunzu|Stealth Rock|[from] move: Defog|[of] p1a: Corviknight
|move|p2a: Tyranitar|Fire Blast|p1a: Corviknight
|-supereffective|p1a: Corviknight
|-damage|p1a: Corviknight|0 fnt
|faint|p1a: Corviknight
|
|-weather|Sandstorm|[upkeep]
|-heal|p2a: Tyranitar|17/100 tox|[from] item: Leftovers
|-damage|p2a: Tyranitar|0 fnt|[from] psn
|faint|p2a: Tyranitar
|upkeep
|
|t:|1605984356
|switch|p1a: Landorus|Landorus-Therian, M|100/100
|switch|p2a: Ferrothorn|Ferrothorn, M|94/100
|-ability|p1a: Landorus|Intimidate|boost
|-unboost|p2a: Ferrothorn|atk|1
|turn|19
|j| DanJVGC
|
|t:|1605984385
|switch|p1a: Tapu Fini|Tapu Fini|36/100
|-fieldstart|move: Misty Terrain|[from] ability: Misty Surge|[of] p1a: Tapu Fini
|move|p2a: Ferrothorn|Spikes|p1a: Tapu Fini
|-sidestart|p1: Daunzu|Spikes
|
|-weather|none
|-heal|p1a: Tapu Fini|42/100|[from] item: Leftovers
|upkeep
|turn|20
|
|t:|1605984391
|move|p1a: Tapu Fini|Taunt|p2a: Ferrothorn
|-start|p2a: Ferrothorn|move: Taunt
|cant|p2a: Ferrothorn|move: Taunt|Leech Seed
|
|-heal|p1a: Tapu Fini|48/100|[from] item: Leftovers
|upkeep
|turn|21
|
|t:|1605984405
|move|p1a: Tapu Fini|Defog|p2a: Ferrothorn
|-unboost|p2a: Ferrothorn|evasion|1
|-sideend|p1: Daunzu|Spikes|[from] move: Defog|[of] p1a: Tapu Fini
|-fieldend|Misty Terrain
|move|p2a: Ferrothorn|Knock Off|p1a: Tapu Fini
|-resisted|p1a: Tapu Fini
|-damage|p1a: Tapu Fini|41/100
|-enditem|p1a: Tapu Fini|Leftovers|[from] move: Knock Off|[of] p2a: Ferrothorn
|
|upkeep
|turn|22
|
|t:|1605984419
|switch|p1a: Nidoking|Nidoking, M|31/100 frz
|switch|p2a: Pelipper|Pelipper, M|100/100
|-weather|RainDance|[from] ability: Drizzle|[of] p2a: Pelipper
|
|-weather|RainDance|[upkeep]
|upkeep
|turn|23
|
|t:|1605984436
|switch|p1a: Swampert|Swampert, M|72/100
|move|p2a: Pelipper|Hurricane|p1a: Swampert
|-damage|p1a: Swampert|46/100
|
|-weather|RainDance|[upkeep]
|-heal|p1a: Swampert|52/100|[from] item: Leftovers
|upkeep
|turn|24
|inactive|ajijac has 120 seconds left.
|
|t:|1605984454
|move|p2a: Pelipper|Hurricane|p1a: Swampert
|-damage|p1a: Swampert|29/100
|move|p1a: Swampert|Flip Turn|p2a: Pelipper
|-resisted|p2a: Pelipper
|-damage|p2a: Pelipper|87/100
|
|t:|1605984457
|switch|p1a: Tapu Koko|Tapu Koko|100/100|[from]move: Flip Turn
|-fieldstart|move: Electric Terrain|[from] ability: Electric Surge|[of] p1a: Tapu Koko
|
|-weather|RainDance|[upkeep]
|upkeep
|turn|25
|
|t:|1605984468
|switch|p2a: Excadrill|Excadrill, F|100/100
|move|p1a: Tapu Koko|U-turn|p2a: Excadrill
|-resisted|p2a: Excadrill
|-damage|p2a: Excadrill|89/100
|
|t:|1605984472
|switch|p1a: Landorus|Landorus-Therian, M|100/100|[from]move: U-turn
|-ability|p1a: Landorus|Intimidate|boost
|-unboost|p2a: Excadrill|atk|1
|
|-weather|RainDance|[upkeep]
|upkeep
|turn|26
|
|t:|1605984478
|switch|p2a: Ferrothorn|Ferrothorn, M|94/100
|move|p1a: Landorus|Knock Off|p2a: Ferrothorn
|-damage|p2a: Ferrothorn|75/100
|-damage|p1a: Landorus|88/100|[from] ability: Iron Barbs|[of] p2a: Ferrothorn
|-damage|p1a: Landorus|72/100|[from] item: Rocky Helmet|[of] p2a: Ferrothorn
|-enditem|p2a: Ferrothorn|Rocky Helmet|[from] move: Knock Off|[of] p1a: Landorus
|
|-weather|none
|-heal|p1a: Landorus|78/100|[from] item: Leftovers
|upkeep
|turn|27
|
|t:|1605984482
|move|p1a: Landorus|Earthquake|p2a: Ferrothorn
|-crit|p2a: Ferrothorn
|-damage|p2a: Ferrothorn|33/100
|move|p2a: Ferrothorn|Leech Seed|p1a: Landorus
|-start|p1a: Landorus|move: Leech Seed
|
|-heal|p1a: Landorus|84/100|[from] item: Leftovers
|-damage|p1a: Landorus|71/100|[from] Leech Seed|[of] p2a: Ferrothorn
|-heal|p2a: Ferrothorn|47/100|[silent]
|upkeep
|turn|28
|
|t:|1605984494
|switch|p1a: Nidoking|Nidoking, M|31/100 frz
|move|p2a: Ferrothorn|Spikes|p1a: Nidoking
|-sidestart|p1: Daunzu|Spikes
|
|-fieldend|move: Electric Terrain
|upkeep
|turn|29
|
|t:|1605984509
|cant|p1a: Nidoking|frz
|move|p2a: Ferrothorn|Gyro Ball|p1a: Nidoking
|-damage|p1a: Nidoking|0 fnt
|faint|p1a: Nidoking
|
|upkeep
|
|t:|1605984513
|switch|p1a: Landorus|Landorus-Therian, M|71/100
|-ability|p1a: Landorus|Intimidate|boost
|-unboost|p2a: Ferrothorn|atk|1
|turn|30
|
|t:|1605984519
|switch|p2a: Pelipper|Pelipper, M|87/100
|-weather|RainDance|[from] ability: Drizzle|[of] p2a: Pelipper
|move|p1a: Landorus|Earthquake|p2a: Pelipper
|-immune|p2a: Pelipper
|
|-weather|RainDance|[upkeep]
|-heal|p1a: Landorus|77/100|[from] item: Leftovers
|upkeep
|turn|31
|-message|Daunzu forfeited.
|
|win|ajijac
|l|☆Daunzu
||Ladder (probably) updated, but score could not be retrieved (Request timeout).
