|raw|<div class="broadcast-blue"><strong>This battle is required to be public due to a player having a name starting with 'lt94je'.</div>
|j|☆LT94JE IcicleCrash
|j|☆return nirvana
|t:|1661578785
|gametype|singles
|player|p1|LT94JE IcicleCrash|marley|1703
|player|p2|return nirvana|cynthia-masters2|1934
|teamsize|p1|6
|teamsize|p2|6
|gen|8
|tier|[Gen 8] OU
|rated|
|rule|Sleep Clause Mod: Limit one foe put to sleep
|rule|Species Clause: Limit one of each Pokémon
|rule|OHKO Clause: OHKO moves are banned
|rule|Evasion Items Clause: Evasion items are banned
|rule|Evasion Moves Clause: Evasion moves are banned
|rule|Endless Battle Clause: Forcing endless battles is banned
|rule|HP Percentage Mod: HP is shown in percentages
|rule|Dynamax Clause: You cannot dynamax
|clearpoke
|poke|p1|Tapu Lele|
|poke|p1|Volcanion|
|poke|p1|Porygon2|
|poke|p1|Corviknight, M|
|poke|p1|Dragapult, M|
|poke|p1|Zeraora|
|poke|p2|Pelipper, F|
|poke|p2|Dragapult, F|
|poke|p2|Kingdra, M|
|poke|p2|Kartana|
|poke|p2|Ferrothorn, M|
|poke|p2|Landorus-Therian, M|
|teampreview
|c|☆LT94JE IcicleCrash|glhf
|j| 3d
|j| LT94JenPlsComeBack
|
|t:|1661578821
|start
|switch|p1a: Volcanion|Volcanion|100/100
|switch|p2a: Dragapult|Dragapult, F|100/100
|turn|1
|
|t:|1661578828
|move|p2a: Dragapult|Draco Meteor|p1a: Volcanion
|-damage|p1a: Volcanion|18/100
|-unboost|p2a: Dragapult|spa|2
|move|p1a: Volcanion|Flamethrower|p2a: Dragapult
|-resisted|p2a: Dragapult
|-damage|p2a: Dragapult|51/100
|
|upkeep
|turn|2
|inactive|Battle timer is ON: inactive players will automatically lose when time's up. (requested by LT94JE IcicleCrash)
|
|t:|1661578840
|switch|p2a: Pelipper|Pelipper, F|100/100
|-weather|RainDance|[from] ability: Drizzle|[of] p2a: Pelipper
|switch|p1a: Zeraora|Zeraora|100/100
|
|-weather|RainDance|[upkeep]
|upkeep
|turn|3
|
|t:|1661578847
|switch|p1a: Volcanion|Volcanion|18/100
|switch|p2a: Ferrothorn|Ferrothorn, M|100/100
|
|-weather|RainDance|[upkeep]
|upkeep
|turn|4
|
|t:|1661578854
|switch|p2a: Kingdra|Kingdra, M|100/100
|move|p1a: Volcanion|Steam Eruption|p2a: Kingdra
|-resisted|p2a: Kingdra
|-damage|p2a: Kingdra|56/100
|
|-weather|RainDance|[upkeep]
|upkeep
|turn|5
|
|t:|1661578860
|switch|p1a: Porygon2|Porygon2|100/100
|-ability|p1a: Porygon2|Swift Swim|[from] ability: Trace|[of] p2a: Kingdra
|move|p2a: Kingdra|Draco Meteor|p1a: Porygon2
|-damage|p1a: Porygon2|63/100
|-unboost|p2a: Kingdra|spa|2
|
|-weather|RainDance|[upkeep]
|upkeep
|turn|6
|
|t:|1661578866
|switch|p2a: Kartana|Kartana|100/100
|move|p1a: Porygon2|Recover|p1a: Porygon2
|-heal|p1a: Porygon2|100/100
|
|-weather|RainDance|[upkeep]
|upkeep
|turn|7
|
|t:|1661578870
|move|p2a: Kartana|Knock Off|p1a: Porygon2
|-damage|p1a: Porygon2|55/100
|-enditem|p1a: Porygon2|Eviolite|[from] move: Knock Off|[of] p2a: Kartana
|move|p1a: Porygon2|Thunder Wave|p2a: Kartana
|-status|p2a: Kartana|par
|
|-weather|RainDance|[upkeep]
|upkeep
|turn|8
|
|t:|1661578874
|switch|p2a: Ferrothorn|Ferrothorn, M|100/100
|move|p1a: Porygon2|Recover|p1a: Porygon2
|-heal|p1a: Porygon2|100/100
|
|-weather|RainDance|[upkeep]
|upkeep
|turn|9
|
|t:|1661578876
|move|p2a: Ferrothorn|Stealth Rock|p1a: Porygon2
|-sidestart|p1: LT94JE IcicleCrash|move: Stealth Rock
|move|p1a: Porygon2|Teleport|p1a: Porygon2
|
|t:|1661578879
|switch|p1a: Corviknight|Corviknight, M|100/100|[from]move: Teleport
|-damage|p1a: Corviknight|88/100|[from] Stealth Rock
|-ability|p1a: Corviknight|Pressure
|
|-weather|none
|upkeep
|turn|10
|
|t:|1661578882
|move|p1a: Corviknight|Defog|p2a: Ferrothorn
|-unboost|p2a: Ferrothorn|evasion|1
|-sideend|p1: LT94JE IcicleCrash|Stealth Rock|[from] move: Defog|[of] p1a: Corviknight
|move|p2a: Ferrothorn|Leech Seed|p1a: Corviknight
|-start|p1a: Corviknight|move: Leech Seed
|
|-damage|p1a: Corviknight|76/100|[from] Leech Seed|[of] p2a: Ferrothorn
|upkeep
|turn|11
|
|t:|1661578884
|switch|p1a: Volcanion|Volcanion|18/100
|move|p2a: Ferrothorn|Stealth Rock|p1a: Volcanion
|-sidestart|p1: LT94JE IcicleCrash|move: Stealth Rock
|
|upkeep
|turn|12
|
|t:|1661578889
|switch|p2a: Kingdra|Kingdra, M|56/100
|move|p1a: Volcanion|Earth Power|p2a: Kingdra
|-damage|p2a: Kingdra|0 fnt
|faint|p2a: Kingdra
|
|upkeep
|
|t:|1661578894
|switch|p2a: Pelipper|Pelipper, F|100/100
|-weather|RainDance|[from] ability: Drizzle|[of] p2a: Pelipper
|turn|13
|
|t:|1661578909
|move|p1a: Volcanion|Earth Power|p2a: Pelipper
|-immune|p2a: Pelipper
|move|p2a: Pelipper|U-turn|p1a: Volcanion
|-resisted|p1a: Volcanion
|-damage|p1a: Volcanion|14/100
|
|t:|1661578911
|switch|p2a: Landorus|Landorus-Therian, M|100/100|[from]move: U-turn
|-ability|p2a: Landorus|Intimidate|boost
|-unboost|p1a: Volcanion|atk|1
|
|-weather|RainDance|[upkeep]
|upkeep
|turn|14
|
|t:|1661578916
|switch|p1a: Tapu Lele|Tapu Lele|100/100
|-damage|p1a: Tapu Lele|88/100|[from] Stealth Rock
|-fieldstart|move: Psychic Terrain|[from] ability: Psychic Surge|[of] p1a: Tapu Lele
|move|p2a: Landorus|U-turn|p1a: Tapu Lele
|-damage|p1a: Tapu Lele|56/100
|
|t:|1661578919
|switch|p2a: Dragapult|Dragapult, F|51/100|[from]move: U-turn
|
|-weather|RainDance|[upkeep]
|upkeep
|turn|15
|
|t:|1661578923
|move|p2a: Dragapult|Surf|p1a: Tapu Lele
|-crit|p1a: Tapu Lele
|-damage|p1a: Tapu Lele|0 fnt
|faint|p1a: Tapu Lele
|
|-weather|RainDance|[upkeep]
|upkeep
|
|t:|1661578933
|switch|p1a: Dragapult|Dragapult, M|100/100
|-damage|p1a: Dragapult|88/100|[from] Stealth Rock
|turn|16
|
|t:|1661578935
|switch|p2a: Landorus|Landorus-Therian, M|100/100
|-ability|p2a: Landorus|Intimidate|boost
|-unboost|p1a: Dragapult|atk|1
|move|p1a: Dragapult|Shadow Ball|p2a: Landorus
|-damage|p2a: Landorus|59/100
|
|-weather|RainDance|[upkeep]
|-heal|p2a: Landorus|65/100|[from] item: Leftovers
|upkeep
|turn|17
|
|t:|1661578941
|switch|p1a: Corviknight|Corviknight, M|76/100
|-damage|p1a: Corviknight|64/100|[from] Stealth Rock
|-ability|p1a: Corviknight|Pressure
|move|p2a: Landorus|Toxic|p1a: Corviknight
|-immune|p1a: Corviknight
|
|-weather|RainDance|[upkeep]
|-heal|p2a: Landorus|71/100|[from] item: Leftovers
|upkeep
|turn|18
|
|t:|1661578944
|switch|p2a: Ferrothorn|Ferrothorn, M|100/100
|move|p1a: Corviknight|Defog|p2a: Ferrothorn
|-unboost|p2a: Ferrothorn|evasion|1
|-sideend|p1: LT94JE IcicleCrash|Stealth Rock|[from] move: Defog|[of] p1a: Corviknight
|-fieldend|move: Psychic Terrain
|
|-weather|RainDance|[upkeep]
|upkeep
|turn|19
|
|t:|1661578947
|switch|p1a: Volcanion|Volcanion|14/100
|move|p2a: Ferrothorn|Knock Off|p1a: Volcanion
|-damage|p1a: Volcanion|0 fnt
|-enditem|p1a: Volcanion|Choice Specs|[from] move: Knock Off|[of] p2a: Ferrothorn
|faint|p1a: Volcanion
|
|-weather|RainDance|[upkeep]
|upkeep
|
|t:|1661578953
|switch|p1a: Dragapult|Dragapult, M|88/100
|turn|20
|
|t:|1661578957
|move|p1a: Dragapult|Fire Blast|p2a: Ferrothorn
|-supereffective|p2a: Ferrothorn
|-damage|p2a: Ferrothorn|16/100
|move|p2a: Ferrothorn|Gyro Ball|p1a: Dragapult
|-damage|p1a: Dragapult|24/100
|
|-weather|none
|-heal|p2a: Ferrothorn|23/100|[from] item: Leftovers
|upkeep
|turn|21
|
|t:|1661578962
|switch|p1a: Zeraora|Zeraora|100/100
|switch|p2a: Pelipper|Pelipper, F|100/100
|-weather|RainDance|[from] ability: Drizzle|[of] p2a: Pelipper
|
|-weather|RainDance|[upkeep]
|upkeep
|turn|22
|
|t:|1661578969
|move|p1a: Zeraora|Knock Off|p2a: Pelipper
|-damage|p2a: Pelipper|70/100
|-enditem|p2a: Pelipper|Damp Rock|[from] move: Knock Off|[of] p1a: Zeraora
|move|p2a: Pelipper|Scald|p1a: Zeraora
|-damage|p1a: Zeraora|48/100
|
|-weather|RainDance|[upkeep]
|upkeep
|turn|23
|
|t:|1661578972
|move|p1a: Zeraora|Knock Off|p2a: Pelipper
|-damage|p2a: Pelipper|47/100
|move|p2a: Pelipper|Scald|p1a: Zeraora
|-damage|p1a: Zeraora|0 fnt
|faint|p1a: Zeraora
|
|-weather|RainDance|[upkeep]
|upkeep
|j| ZXCZXCZXCZXCZXCZXC
|
|t:|1661578977
|switch|p1a: Porygon2|Porygon2|100/100
|-ability|p1a: Porygon2|Drizzle|[from] ability: Trace|[of] p2a: Pelipper
|turn|24
|
|t:|1661578983
|move|p2a: Pelipper|Scald|p1a: Porygon2
|-damage|p1a: Porygon2|72/100
|move|p1a: Porygon2|Teleport|p1a: Porygon2
|j| storm zone
|
|t:|1661578988
|switch|p1a: Dragapult|Dragapult, M|24/100|[from]move: Teleport
|
|-weather|RainDance|[upkeep]
|upkeep
|turn|25
|
|t:|1661579001
|move|p1a: Dragapult|Shadow Ball|p2a: Pelipper
|-damage|p2a: Pelipper|0 fnt
|faint|p2a: Pelipper
|
|-weather|RainDance|[upkeep]
|upkeep
|
|t:|1661579004
|switch|p2a: Dragapult|Dragapult, F|51/100
|turn|26
|
|t:|1661579016
|switch|p1a: Porygon2|Porygon2|72/100
|-ability|p1a: Porygon2|Infiltrator|[from] ability: Trace|[of] p2a: Dragapult
|move|p2a: Dragapult|Surf|p1a: Porygon2
|-damage|p1a: Porygon2|32/100
|
|-weather|RainDance|[upkeep]
|upkeep
|turn|27
|
|t:|1661579022
|move|p2a: Dragapult|Surf|p1a: Porygon2
|-damage|p1a: Porygon2|0 fnt
|faint|p1a: Porygon2
|
|-weather|RainDance|[upkeep]
|upkeep
|c|☆LT94JE IcicleCrash|thats gotta be specs
|
|t:|1661579026
|switch|p1a: Dragapult|Dragapult, M|24/100
|turn|28
|
|t:|1661579028
|move|p2a: Dragapult|Surf|p1a: Dragapult
|-resisted|p1a: Dragapult
|-damage|p1a: Dragapult|0 fnt
|faint|p1a: Dragapult
|
|-weather|none
|upkeep
|c|☆LT94JE IcicleCrash|time to coinflip
|c|☆LT94JE IcicleCrash|ggs
|
|t:|1661579032
|switch|p1a: Corviknight|Corviknight, M|64/100
|-ability|p1a: Corviknight|Pressure
|turn|29
|c|☆return nirvana|i'm timid
|c|☆LT94JE IcicleCrash|likewise
|c| 3d|r u really timid
|c| 3d|..
|c|☆LT94JE IcicleCrash|both 421 speed
|c| 3d|did u change it
|c| 3d|icicel
|c| 3d|icicle
|c|☆LT94JE IcicleCrash|?
|inactive|LT94JE IcicleCrash has 120 seconds left.
|c| 3d|last time we played my pult outsped urs
|c| 3d|andit was modest
|c|☆return nirvana|my calc must be wrong then
|c|☆LT94JE IcicleCrash|mine is 421
|c|☆LT94JE IcicleCrash|i swears it
|c| 3d|damn
|c| 3d|ig u changed it
|inactive|LT94JE IcicleCrash has 90 seconds left.
|c|☆LT94JE IcicleCrash|i didnt change it
|c|☆LT94JE IcicleCrash|are you certain yours was modest?
|c|☆LT94JE IcicleCrash|ah whatevr ggs
|c| 3d|yea
|inactive|LT94JE IcicleCrash has 60 seconds left.
|-message|LT94JE IcicleCrash forfeited.
|
|win|return nirvana
|raw|LT94JE IcicleCrash's rating: 1703 &rarr; <strong>1695</strong><br />(-8 for losing)
|raw|return nirvana's rating: 1934 &rarr; <strong>1942</strong><br />(+8 for winning)
|c| 3d|i nvr use timid pult
|l|☆LT94JE IcicleCrash
|l|☆return nirvana
|l| 3d
|l| LT94JenPlsComeBack
