|raw|<div class="broadcast-blue"><strong>This battle is required to be public due to a player having a name starting with 'lt91bb'.</div>
|j|☆LT91BB Dasmer
|j|☆xyz anxiety
|t:|1659538274
|gametype|singles
|player|p1|LT91BB Dasmer|rei|1933
|player|p2|xyz anxiety|byron|1985
|teamsize|p1|6
|teamsize|p2|6
|gen|8
|tier|[Gen 8] OU
|rated|
|rule|Sleep Clause Mod: Limit one foe put to sleep
|rule|Species Clause: Limit one of each Pokémon
|rule|OHKO Clause: OHKO moves are banned
|rule|Evasion Moves Clause: Evasion moves are banned
|rule|Endless Battle Clause: Forcing endless battles is banned
|rule|HP Percentage Mod: HP is shown in percentages
|rule|Dynamax Clause: You cannot dynamax
|clearpoke
|poke|p1|Landorus-Therian, M|
|poke|p1|Gastrodon, M|
|poke|p1|Weavile, F|
|poke|p1|Clefable, M|
|poke|p1|Tornadus-Therian, M|
|poke|p1|Buzzwole|
|poke|p2|Mew|
|poke|p2|Landorus-Therian, M|
|poke|p2|Celesteela|
|poke|p2|Nihilego|
|poke|p2|Zeraora|
|poke|p2|Dragapult, M|
|teampreview
|
|t:|1659538284
|start
|switch|p1a: Landorus|Landorus-Therian, M|100/100
|switch|p2a: Mew|Mew|100/100
|-ability|p1a: Landorus|Intimidate|boost
|-unboost|p2a: Mew|atk|1
|turn|1
|j| Mimikyu Stardust
|
|t:|1659538287
|move|p2a: Mew|Stealth Rock|p1a: Landorus
|-sidestart|p1: LT91BB Dasmer|move: Stealth Rock
|move|p1a: Landorus|Earthquake|p2a: Mew
|-damage|p2a: Mew|57/100
|
|upkeep
|turn|2
|
|t:|1659538290
|move|p2a: Mew|Spikes|p1a: Landorus
|-sidestart|p1: LT91BB Dasmer|Spikes
|move|p1a: Landorus|Earthquake|p2a: Mew
|-damage|p2a: Mew|21/100
|
|upkeep
|turn|3
|
|t:|1659538292
|move|p2a: Mew|Taunt|p1a: Landorus
|-start|p1a: Landorus|move: Taunt
|cant|p1a: Landorus|move: Taunt|Defog
|
|upkeep
|turn|4
|j| siowastaken
|
|t:|1659538296
|move|p2a: Mew|Spikes|p1a: Landorus
|-sidestart|p1: LT91BB Dasmer|Spikes
|move|p1a: Landorus|U-turn|p2a: Mew
|-supereffective|p2a: Mew
|-damage|p2a: Mew|0 fnt
|faint|p2a: Mew
|j| coeur de les ciel
|
|t:|1659538300
|switch|p1a: Tornadus|Tornadus-Therian, M|100/100|[from]move: U-turn
|
|upkeep
|
|t:|1659538303
|switch|p2a: Zeraora|Zeraora|100/100
|turn|5
|
|t:|1659538305
|switch|p1a: Landorus|Landorus-Therian, M|100/100
|-damage|p1a: Landorus|88/100|[from] Stealth Rock
|-ability|p1a: Landorus|Intimidate|boost
|-unboost|p2a: Zeraora|atk|1
|move|p2a: Zeraora|Knock Off|p1a: Landorus
|-damage|p1a: Landorus|67/100
|-enditem|p1a: Landorus|Leftovers|[from] move: Knock Off|[of] p2a: Zeraora
|
|upkeep
|turn|6
|
|t:|1659538307
|move|p2a: Zeraora|Taunt|p1a: Landorus
|-start|p1a: Landorus|move: Taunt
|move|p1a: Landorus|Earthquake|p2a: Zeraora
|-supereffective|p2a: Zeraora
|-damage|p2a: Zeraora|0 fnt
|faint|p2a: Zeraora
|
|upkeep
|
|t:|1659538311
|switch|p2a: Celesteela|Celesteela|100/100
|turn|7
|j| Goatseemen
|
|t:|1659538313
|move|p2a: Celesteela|Meteor Beam||[still]
|-prepare|p2a: Celesteela|Meteor Beam
|-boost|p2a: Celesteela|spa|1
|-enditem|p2a: Celesteela|Power Herb
|-anim|p2a: Celesteela|Meteor Beam|p1a: Landorus
|-damage|p1a: Landorus|19/100
|move|p1a: Landorus|U-turn|p2a: Celesteela
|-resisted|p2a: Celesteela
|-damage|p2a: Celesteela|95/100
|l| Goatseemen
|
|t:|1659538317
|switch|p1a: Tornadus|Tornadus-Therian, M|100/100|[from]move: U-turn
|
|upkeep
|turn|8
|
|t:|1659538320
|move|p1a: Tornadus|Heat Wave|p2a: Celesteela
|-supereffective|p2a: Celesteela
|-damage|p2a: Celesteela|40/100
|-status|p2a: Celesteela|brn
|move|p2a: Celesteela|Autotomize|p2a: Celesteela
|-boost|p2a: Celesteela|spe|2
|-start|p2a: Celesteela|Autotomize
|
|-damage|p2a: Celesteela|34/100 brn|[from] brn
|upkeep
|turn|9
|j| horsehunter
|j| lt91bb croo
|j| LT91BB Storm
|j| LT91BB Ox
|j| Legend Kerbecs
|
|t:|1659538339
|move|p2a: Celesteela|Air Slash|p1a: Tornadus
|-damage|p1a: Tornadus|31/100
|cant|p1a: Tornadus|flinch
|
|-damage|p2a: Celesteela|28/100 brn|[from] brn
|upkeep
|turn|10
|
|t:|1659538342
|switch|p1a: Landorus|Landorus-Therian, M|19/100
|-damage|p1a: Landorus|7/100|[from] Stealth Rock
|-ability|p1a: Landorus|Intimidate|boost
|-unboost|p2a: Celesteela|atk|1
|move|p2a: Celesteela|Air Slash|p1a: Landorus
|-damage|p1a: Landorus|0 fnt
|faint|p1a: Landorus
|-ability|p2a: Celesteela|Beast Boost|boost
|-boost|p2a: Celesteela|spa|1
|
|-damage|p2a: Celesteela|22/100 brn|[from] brn
|upkeep
|j| lt91bb fenomeno
|
|t:|1659538350
|switch|p1a: Tornadus|Tornadus-Therian, M|65/100
|turn|11
|j|+heroictobias
|
|t:|1659538353
|switch|p1a: Buzzwole|Buzzwole|100/100
|-damage|p1a: Buzzwole|88/100|[from] Stealth Rock
|-damage|p1a: Buzzwole|72/100|[from] Spikes
|move|p2a: Celesteela|Air Slash|p1a: Buzzwole
|-supereffective|p1a: Buzzwole
|-damage|p1a: Buzzwole|0 fnt
|faint|p1a: Buzzwole
|-ability|p2a: Celesteela|Beast Boost|boost
|-boost|p2a: Celesteela|spa|1
|
|-damage|p2a: Celesteela|16/100 brn|[from] brn
|upkeep
|j| Pais
|
|t:|1659538355
|switch|p1a: Weavile|Weavile, F|100/100
|-ability|p1a: Weavile|Pressure
|turn|12
|
|t:|1659538358
|move|p1a: Weavile|Ice Shard|p2a: Celesteela
|-damage|p2a: Celesteela|0 fnt
|faint|p2a: Celesteela
|
|upkeep
|j| Tamagochi azulado
|
|t:|1659538360
|switch|p2a: Dragapult|Dragapult, M|100/100
|turn|13
|j| lt91bbe
|
|t:|1659538363
|switch|p1a: Clefable|Clefable, M|100/100
|move|p2a: Dragapult|U-turn|p1a: Clefable
|-resisted|p1a: Clefable
|-damage|p1a: Clefable|93/100
|
|t:|1659538365
|switch|p2a: Landorus|Landorus-Therian, M|100/100|[from]move: U-turn
|-ability|p2a: Landorus|Intimidate|boost
|-unboost|p1a: Clefable|atk|1
|
|upkeep
|turn|14
|j| LT91BB Tace
|l| Pais
|
|t:|1659538369
|move|p2a: Landorus|Earthquake|p1a: Clefable
|-damage|p1a: Clefable|30/100
|move|p1a: Clefable|Trick|p2a: Landorus
|-activate|p1a: Clefable|move: Trick|[of] p2a: Landorus
|-item|p2a: Landorus|Sticky Barb|[from] move: Trick
|-item|p1a: Clefable|Soft Sand|[from] move: Trick
|
|-damage|p2a: Landorus|88/100|[from] item: Sticky Barb
|upkeep
|turn|15
|
|t:|1659538373
|switch|p2a: Nihilego|Nihilego|100/100
|move|p1a: Clefable|Moonblast|p2a: Nihilego
|-resisted|p2a: Nihilego
|-damage|p2a: Nihilego|89/100
|-unboost|p2a: Nihilego|spa|1
|
|upkeep
|turn|16
|j| rozfu
|
|t:|1659538375
|switch|p1a: Gastrodon|Gastrodon, M|100/100
|-damage|p1a: Gastrodon|94/100|[from] Stealth Rock
|-damage|p1a: Gastrodon|78/100|[from] Spikes
|move|p2a: Nihilego|Meteor Beam||[still]
|-prepare|p2a: Nihilego|Meteor Beam
|-boost|p2a: Nihilego|spa|1
|-enditem|p2a: Nihilego|Power Herb
|-anim|p2a: Nihilego|Meteor Beam|p1a: Gastrodon|[miss]
|-miss|p2a: Nihilego|p1a: Gastrodon
|
|-heal|p1a: Gastrodon|84/100|[from] item: Leftovers
|upkeep
|turn|17
|l| rozfu
|
|t:|1659538385
|switch|p2a: Landorus|Landorus-Therian, M|88/100
|-ability|p2a: Landorus|Intimidate|boost
|-unboost|p1a: Gastrodon|atk|1
|move|p1a: Gastrodon|Earthquake|p2a: Landorus
|-immune|p2a: Landorus
|
|-heal|p1a: Gastrodon|90/100|[from] item: Leftovers
|-damage|p2a: Landorus|76/100|[from] item: Sticky Barb
|upkeep
|turn|18
|j| Lemon to Aid
|l| Lemon to Aid
|
|t:|1659538390
|switch|p2a: Nihilego|Nihilego|89/100
|switch|p1a: Tornadus|Tornadus-Therian, M|98/100
|
|upkeep
|turn|19
|
|t:|1659538401
|move|p1a: Tornadus|Focus Blast|p2a: Nihilego
|-damage|p2a: Nihilego|62/100
|-unboost|p2a: Nihilego|spd|1
|move|p2a: Nihilego|Meteor Beam||[still]
|-prepare|p2a: Nihilego|Meteor Beam
|-boost|p2a: Nihilego|spa|1
|
|upkeep
|turn|20
|j| MVA Mengo
|j| LT91BB Originality
|j| KFC Chizza
|
|t:|1659538408
|move|p1a: Tornadus|Focus Blast|p2a: Nihilego|[miss]
|-miss|p1a: Tornadus|p2a: Nihilego
|move|p2a: Nihilego|Meteor Beam|p1a: Tornadus|[from]lockedmove
|-supereffective|p1a: Tornadus
|-damage|p1a: Tornadus|0 fnt
|faint|p1a: Tornadus
|-ability|p2a: Nihilego|Beast Boost|boost
|-boost|p2a: Nihilego|spe|1
|
|upkeep
|
|t:|1659538410
|switch|p1a: Gastrodon|Gastrodon, M|90/100
|-damage|p1a: Gastrodon|84/100|[from] Stealth Rock
|-damage|p1a: Gastrodon|67/100|[from] Spikes
|turn|21
|
|t:|1659538413
|move|p2a: Nihilego|Grass Knot|p1a: Gastrodon
|-supereffective|p1a: Gastrodon
|-damage|p1a: Gastrodon|0 fnt
|faint|p1a: Gastrodon
|-ability|p2a: Nihilego|Beast Boost|boost
|-boost|p2a: Nihilego|spe|1
|
|upkeep
|j| LT91BB dranb
|-message|LT91BB Dasmer forfeited.
|
|win|xyz anxiety
|raw|LT91BB Dasmer's rating: 1933 &rarr; <strong>1916</strong><br />(-17 for losing)
|raw|xyz anxiety's rating: 1985 &rarr; <strong>2002</strong><br />(+17 for winning)
|l|☆LT91BB Dasmer
|c|☆xyz anxiety|GG
