|j|☆Blastoise Expert
|j|☆someidiot19
|t:|1667241322
|gametype|singles
|player|p1|Blastoise Expert|pokemaniac|1632
|player|p2|someidiot19|karen-gen2|1727
|teamsize|p1|6
|teamsize|p2|6
|gen|8
|tier|[Gen 8] OU
|rated|
|rule|Sleep Clause Mod: Limit one foe put to sleep
|rule|Species Clause: Limit one of each Pokémon
|rule|OHKO Clause: OHKO moves are banned
|rule|Evasion Items Clause: Evasion items are banned
|rule|Evasion Moves Clause: Evasion moves are banned
|rule|Endless Battle Clause: Forcing endless battles is banned
|rule|HP Percentage Mod: HP is shown in percentages
|rule|Dynamax Clause: You cannot dynamax
|clearpoke
|poke|p1|Buzzwole|
|poke|p1|Orbeetle, F|
|poke|p1|Corviknight, M|
|poke|p1|Diggersby, F|
|poke|p1|Togekiss, F|
|poke|p1|Marowak-Alola, F|
|poke|p2|Volcanion|
|poke|p2|Landorus-Therian, M|
|poke|p2|Zapdos|
|poke|p2|Melmetal|
|poke|p2|Tapu Lele|
|poke|p2|Dragapult, F|
|teampreview
|inactive|Battle timer is ON: inactive players will automatically lose when time's up. (requested by someidiot19)
|
|t:|1667241344
|start
|switch|p1a: Aerosmith|Togekiss, F|100/100
|switch|p2a: Dragapult|Dragapult, F|100/100
|turn|1
|
|t:|1667241349
|switch|p2a: Melmetal|Melmetal|100/100
|move|p1a: Aerosmith|Air Slash|p2a: Melmetal
|-resisted|p2a: Melmetal
|-damage|p2a: Melmetal|90/100
|
|upkeep
|turn|2
|j| yumya233
|
|t:|1667241355
|switch|p1a: Corviknight|Corviknight, M|100/100
|-ability|p1a: Corviknight|Pressure
|move|p2a: Melmetal|Thunder Punch|p1a: Corviknight
|-supereffective|p1a: Corviknight
|-damage|p1a: Corviknight|59/100
|-damage|p2a: Melmetal|74/100|[from] item: Rocky Helmet|[of] p1a: Corviknight
|
|upkeep
|turn|3
|
|t:|1667241362
|switch|p1a: Bone Errr|Marowak-Alola, F|100/100
|switch|p2a: Landorus|Landorus-Therian, M|100/100
|-ability|p2a: Landorus|Intimidate|boost
|-unboost|p1a: Bone Errr|atk|1
|
|upkeep
|turn|4
|
|t:|1667241366
|switch|p1a: Corviknight|Corviknight, M|59/100
|-ability|p1a: Corviknight|Pressure
|move|p2a: Landorus|Earthquake|p1a: Corviknight
|-immune|p1a: Corviknight
|
|upkeep
|turn|5
|
|t:|1667241371
|move|p2a: Landorus|Stealth Rock|p1a: Corviknight
|-sidestart|p1: Blastoise Expert|move: Stealth Rock
|move|p1a: Corviknight|Roost|p1a: Corviknight
|-heal|p1a: Corviknight|100/100
|-singleturn|p1a: Corviknight|move: Roost
|
|upkeep
|turn|6
|
|t:|1667241374
|switch|p2a: Volcanion|Volcanion|100/100
|move|p1a: Corviknight|Defog|p2a: Volcanion
|-unboost|p2a: Volcanion|evasion|1
|-sideend|p1: Blastoise Expert|Stealth Rock|[from] move: Defog|[of] p1a: Corviknight
|
|upkeep
|turn|7
|
|t:|1667241384
|move|p2a: Volcanion|Flamethrower|p1a: Corviknight
|-supereffective|p1a: Corviknight
|-damage|p1a: Corviknight|9/100
|move|p1a: Corviknight|Brave Bird|p2a: Volcanion
|-damage|p2a: Volcanion|64/100
|-damage|p1a: Corviknight|0 fnt|[from] Recoil
|faint|p1a: Corviknight
|
|upkeep
|
|t:|1667241388
|switch|p1a: Notorious BIG|Diggersby, F|100/100
|turn|8
|
|t:|1667241395
|switch|p2a: Landorus|Landorus-Therian, M|100/100
|-ability|p2a: Landorus|Intimidate|boost
|-unboost|p1a: Notorious BIG|atk|1
|move|p1a: Notorious BIG|Body Slam|p2a: Landorus
|-damage|p2a: Landorus|48/100
|
|-heal|p2a: Landorus|54/100|[from] item: Leftovers
|upkeep
|turn|9
|
|t:|1667241400
|switch|p2a: Dragapult|Dragapult, F|100/100
|move|p1a: Notorious BIG|Body Slam|p2a: Dragapult
|-immune|p2a: Dragapult
|
|upkeep
|turn|10
|
|t:|1667241405
|switch|p1a: Aerosmith|Togekiss, F|100/100
|move|p2a: Dragapult|U-turn|p1a: Aerosmith
|-resisted|p1a: Aerosmith
|-damage|p1a: Aerosmith|91/100
|
|t:|1667241410
|switch|p2a: Melmetal|Melmetal|74/100|[from]move: U-turn
|
|upkeep
|turn|11
|
|t:|1667241415
|switch|p2a: Tapu Lele|Tapu Lele|100/100
|-fieldstart|move: Psychic Terrain|[from] ability: Psychic Surge|[of] p2a: Tapu Lele
|move|p1a: Aerosmith|Fire Blast|p2a: Tapu Lele
|-damage|p2a: Tapu Lele|64/100
|
|upkeep
|turn|12
|
|t:|1667241426
|move|p2a: Tapu Lele|Psychic|p1a: Aerosmith
|-damage|p1a: Aerosmith|29/100
|move|p1a: Aerosmith|Fire Blast|p2a: Tapu Lele
|-damage|p2a: Tapu Lele|22/100
|
|upkeep
|turn|13
|
|t:|1667241432
|move|p2a: Tapu Lele|Psychic|p1a: Aerosmith
|-damage|p1a: Aerosmith|0 fnt
|faint|p1a: Aerosmith
|
|upkeep
|
|t:|1667241437
|switch|p1a: Invertebrate|Orbeetle, F|100/100
|turn|14
|
|t:|1667241441
|switch|p2a: Zapdos|Zapdos|100/100
|move|p1a: Invertebrate|Sticky Web|p2a: Zapdos
|-sidestart|p2: someidiot19|move: Sticky Web
|
|upkeep
|turn|15
|
|t:|1667241446
|move|p2a: Zapdos|Defog|p1a: Invertebrate
|-unboost|p1a: Invertebrate|evasion|1
|-sideend|p2: someidiot19|Sticky Web|[from] move: Defog|[of] p2a: Zapdos
|-fieldend|move: Psychic Terrain
|move|p1a: Invertebrate|Future Sight|p2a: Zapdos
|-start|p1a: Invertebrate|move: Future Sight
|
|upkeep
|turn|16
|
|t:|1667241453
|move|p2a: Zapdos|Hurricane|p1a: Invertebrate
|-supereffective|p1a: Invertebrate
|-damage|p1a: Invertebrate|41/100
|-start|p1a: Invertebrate|confusion
|-activate|p1a: Invertebrate|confusion
|-damage|p1a: Invertebrate|38/100|[from] confusion
|
|-heal|p1a: Invertebrate|44/100|[from] item: Leftovers
|upkeep
|turn|17
|
|t:|1667241483
|move|p2a: Zapdos|Hurricane|p1a: Invertebrate
|-supereffective|p1a: Invertebrate
|-damage|p1a: Invertebrate|0 fnt
|faint|p1a: Invertebrate
|
|-end|p2a: Zapdos|move: Future Sight
|-damage|p2a: Zapdos|67/100
|upkeep
|
|t:|1667241489
|switch|p1a: Notorious BIG|Diggersby, F|100/100
|turn|18
|
|t:|1667241497
|move|p1a: Notorious BIG|Thunder Punch|p2a: Zapdos
|-damage|p2a: Zapdos|32/100
|move|p2a: Zapdos|Roost|p2a: Zapdos
|-heal|p2a: Zapdos|82/100
|-singleturn|p2a: Zapdos|move: Roost
|
|upkeep
|turn|19
|
|t:|1667241502
|switch|p1a: Bone Errr|Marowak-Alola, F|100/100
|move|p2a: Zapdos|Roost|p2a: Zapdos
|-heal|p2a: Zapdos|100/100
|-singleturn|p2a: Zapdos|move: Roost
|
|upkeep
|turn|20
|
|t:|1667241517
|switch|p2a: Dragapult|Dragapult, F|100/100
|move|p1a: Bone Errr|Stealth Rock|p2a: Dragapult
|-sidestart|p2: someidiot19|move: Stealth Rock
|
|upkeep
|turn|21
|j| Immuno (¬_¬)'
|
|t:|1667241525
|switch|p1a: Notorious BIG|Diggersby, F|100/100
|move|p2a: Dragapult|Dragon Darts|p1a: Notorious BIG
|-damage|p1a: Notorious BIG|48/100
|-anim|p2a: Dragapult|Dragon Darts|p1a: Notorious BIG
|-damage|p1a: Notorious BIG|0 fnt
|faint|p1a: Notorious BIG
|
|upkeep
|
|t:|1667241528
|switch|p1a: Bone Errr|Marowak-Alola, F|100/100
|turn|22
|
|t:|1667241531
|move|p2a: Dragapult|Dragon Darts|p1a: Bone Errr
|-damage|p1a: Bone Errr|65/100
|-anim|p2a: Dragapult|Dragon Darts|p1a: Bone Errr
|-damage|p1a: Bone Errr|31/100
|move|p1a: Bone Errr|Poltergeist|p2a: Dragapult
|-activate|p2a: Dragapult|move: Poltergeist|Choice Band
|-supereffective|p2a: Dragapult
|-damage|p2a: Dragapult|0 fnt
|faint|p2a: Dragapult
|
|upkeep
|
|t:|1667241535
|switch|p2a: Tapu Lele|Tapu Lele|22/100
|-damage|p2a: Tapu Lele|10/100|[from] Stealth Rock
|-fieldstart|move: Psychic Terrain|[from] ability: Psychic Surge|[of] p2a: Tapu Lele
|turn|23
|
|t:|1667241538
|move|p2a: Tapu Lele|Psychic|p1a: Bone Errr
|-damage|p1a: Bone Errr|0 fnt
|faint|p1a: Bone Errr
|
|upkeep
|-message|Blastoise Expert forfeited.
|
|win|someidiot19
|raw|Blastoise Expert's rating: 1632 &rarr; <strong>1617</strong><br />(-15 for losing)
|raw|someidiot19's rating: 1727 &rarr; <strong>1742</strong><br />(+15 for winning)
|l|☆Blastoise Expert
|l|☆someidiot19
