|j|‽LT82ZW Guatemala
|j|☆Chikami
|t:|1636933750
|gametype|singles
|player|p1|LT82ZW Guatemala|169|1874
|player|p2|Chikami|ethan|1867
|teamsize|p1|6
|teamsize|p2|6
|gen|8
|tier|[Gen 8] OU
|rated|
|rule|Sleep Clause Mod: Limit one foe put to sleep
|rule|Species Clause: Limit one of each Pokémon
|rule|OHKO Clause: OHKO moves are banned
|rule|Evasion Moves Clause: Evasion moves are banned
|rule|Endless Battle Clause: Forcing endless battles is banned
|rule|HP Percentage Mod: HP is shown in percentages
|rule|Dynamax Clause: You cannot dynamax
|clearpoke
|poke|p1|Seismitoad, F|
|poke|p1|Jirachi|
|poke|p1|Dragonite, M|
|poke|p1|Pelipper, M|
|poke|p1|Ferrothorn, M|
|poke|p1|Crawdaunt, M|
|poke|p2|Mew|
|poke|p2|Ninetales-Alola, M|
|poke|p2|Garchomp, M|
|poke|p2|Bisharp, M|
|poke|p2|Kartana|
|poke|p2|Zapdos-Galar|
|teampreview
|
|t:|1636933759
|start
|switch|p1a: Pelipper|Pelipper, M|100/100
|switch|p2a: Mew|Mew|100/100
|-weather|RainDance|[from] ability: Drizzle|[of] p1a: Pelipper
|turn|1
|
|t:|1636933770
|move|p2a: Mew|Stealth Rock|p1a: Pelipper
|-sidestart|p1: LT82ZW Guatemala|move: Stealth Rock
|move|p1a: Pelipper|U-turn|p2a: Mew
|-supereffective|p2a: Mew
|-damage|p2a: Mew|82/100
|
|t:|1636933775
|switch|p1a: Seismitoad|Seismitoad, F|100/100|[from]move: U-turn
|-damage|p1a: Seismitoad|95/100|[from] Stealth Rock
|
|-weather|RainDance|[upkeep]
|upkeep
|turn|2
|
|t:|1636933780
|move|p1a: Seismitoad|Weather Ball|p2a: Mew
|-crit|p2a: Mew
|-damage|p2a: Mew|0 fnt
|faint|p2a: Mew
|
|-weather|RainDance|[upkeep]
|upkeep
|
|t:|1636933796
|switch|p2a: Ninetales|Ninetales-Alola, M|100/100
|-weather|Hail|[from] ability: Snow Warning|[of] p2a: Ninetales
|turn|3
|j| Volc is for pssys
|j| Hsidicock
|
|t:|1636933810
|switch|p1a: Ferrothorn|Ferrothorn, M|100/100
|-damage|p1a: Ferrothorn|95/100|[from] Stealth Rock
|move|p2a: Ninetales|Freeze-Dry|p1a: Ferrothorn
|-damage|p1a: Ferrothorn|82/100
|
|-weather|Hail|[upkeep]
|-damage|p1a: Ferrothorn|76/100|[from] Hail
|upkeep
|turn|4
|
|t:|1636933815
|switch|p2a: Kartana|Kartana|100/100
|move|p1a: Ferrothorn|Stealth Rock|p2a: Kartana
|-sidestart|p2: Chikami|move: Stealth Rock
|
|-weather|Hail|[upkeep]
|-damage|p2a: Kartana|94/100|[from] Hail
|-damage|p1a: Ferrothorn|70/100|[from] Hail
|upkeep
|turn|5
|
|t:|1636933824
|switch|p1a: Pelipper|Pelipper, M|100/100
|-damage|p1a: Pelipper|76/100|[from] Stealth Rock
|-weather|RainDance|[from] ability: Drizzle|[of] p1a: Pelipper
|move|p2a: Kartana|Swords Dance|p2a: Kartana
|-boost|p2a: Kartana|atk|2
|
|-weather|RainDance|[upkeep]
|upkeep
|turn|6
|
|t:|1636933839
|switch|p1a: Jirachi|Jirachi|100/100
|-damage|p1a: Jirachi|94/100|[from] Stealth Rock
|move|p2a: Kartana|Knock Off|p1a: Jirachi
|-supereffective|p1a: Jirachi
|-damage|p1a: Jirachi|0 fnt
|-enditem|p1a: Jirachi|Weakness Policy|[from] move: Knock Off|[of] p2a: Kartana
|faint|p1a: Jirachi
|-ability|p2a: Kartana|Beast Boost|boost
|-boost|p2a: Kartana|atk|1
|-damage|p2a: Kartana|85/100|[from] item: Life Orb
|
|-weather|RainDance|[upkeep]
|upkeep
|
|t:|1636933842
|switch|p1a: Seismitoad|Seismitoad, F|95/100
|-damage|p1a: Seismitoad|89/100|[from] Stealth Rock
|turn|7
|j| hfeath
|l| Hsidicock
|inactive|Battle timer is ON: inactive players will automatically lose when time's up. (requested by LT82ZW Guatemala)
|j| jeanmilapipe
|j| ssd3221d
|j| Zabruel
|inactive|Chikami has 120 seconds left.
|
|t:|1636933915
|switch|p2a: Bisharp|Bisharp, M|100/100
|-damage|p2a: Bisharp|95/100|[from] Stealth Rock
|move|p1a: Seismitoad|Scald|p2a: Bisharp
|-damage|p2a: Bisharp|0 fnt
|faint|p2a: Bisharp
|
|-weather|RainDance|[upkeep]
|upkeep
|
|t:|1636933923
|switch|p2a: Ninetales|Ninetales-Alola, M|100/100
|-damage|p2a: Ninetales|76/100|[from] Stealth Rock
|-weather|Hail|[from] ability: Snow Warning|[of] p2a: Ninetales
|turn|8
|
|t:|1636933930
|switch|p2a: Kartana|Kartana|85/100
|-damage|p2a: Kartana|78/100|[from] Stealth Rock
|move|p1a: Seismitoad|Scald|p2a: Kartana
|-resisted|p2a: Kartana
|-damage|p2a: Kartana|0 fnt
|faint|p2a: Kartana
|
|-weather|Hail|[upkeep]
|-damage|p1a: Seismitoad|83/100|[from] Hail
|upkeep
|j| sir_up
|c| ssd3221d|was that a prediction
|
|t:|1636933955
|switch|p2a: Ninetales|Ninetales-Alola, M|76/100
|-damage|p2a: Ninetales|51/100|[from] Stealth Rock
|turn|9
|
|t:|1636933958
|switch|p1a: Pelipper|Pelipper, M|76/100
|-damage|p1a: Pelipper|51/100|[from] Stealth Rock
|-weather|RainDance|[from] ability: Drizzle|[of] p1a: Pelipper
|move|p2a: Ninetales|Aurora Veil||[still]
|-fail|p2a: Ninetales
|
|-weather|RainDance|[upkeep]
|upkeep
|turn|10
|c| ssd3221d|r u specs?
|
|t:|1636933970
|switch|p1a: Ferrothorn|Ferrothorn, M|70/100
|-damage|p1a: Ferrothorn|64/100|[from] Stealth Rock
|move|p2a: Ninetales|Hail|p2a: Ninetales
|-weather|Hail
|
|-weather|Hail|[upkeep]
|-damage|p1a: Ferrothorn|58/100|[from] Hail
|upkeep
|turn|11
|
|t:|1636933980
|switch|p2a: Zapdos|Zapdos-Galar|100/100
|-damage|p2a: Zapdos|88/100|[from] Stealth Rock
|move|p1a: Ferrothorn|Toxic|p2a: Zapdos
|-status|p2a: Zapdos|tox
|
|-weather|Hail|[upkeep]
|-damage|p2a: Zapdos|82/100 tox|[from] Hail
|-damage|p1a: Ferrothorn|52/100|[from] Hail
|-damage|p2a: Zapdos|76/100 tox|[from] psn
|upkeep
|turn|12
|c| ssd3221d|LT8ZZW Guatemala can u send me that team pls?
|
|t:|1636933991
|move|p2a: Zapdos|Close Combat|p1a: Ferrothorn
|-supereffective|p1a: Ferrothorn
|-enditem|p1a: Ferrothorn|Chople Berry|[eat]
|-enditem|p1a: Ferrothorn|Chople Berry|[weaken]
|-damage|p1a: Ferrothorn|3/100
|-unboost|p2a: Zapdos|def|1
|-unboost|p2a: Zapdos|spd|1
|-damage|p2a: Zapdos|63/100 tox|[from] ability: Iron Barbs|[of] p1a: Ferrothorn
|move|p1a: Ferrothorn|Spikes|p2a: Zapdos
|-sidestart|p2: Chikami|Spikes
|
|-weather|Hail|[upkeep]
|-damage|p2a: Zapdos|57/100 tox|[from] Hail
|-damage|p1a: Ferrothorn|0 fnt|[from] Hail
|faint|p1a: Ferrothorn
|-damage|p2a: Zapdos|44/100 tox|[from] psn
|upkeep
|
|t:|1636933996
|switch|p1a: Crawdaunt|Crawdaunt, M|100/100
|-damage|p1a: Crawdaunt|88/100|[from] Stealth Rock
|turn|13
|j| mederinha
|
|t:|1636934017
|move|p1a: Crawdaunt|Aqua Jet|p2a: Zapdos
|-damage|p2a: Zapdos|0 fnt
|faint|p2a: Zapdos
|
|-weather|Hail|[upkeep]
|-damage|p1a: Crawdaunt|82/100|[from] Hail
|upkeep
|l| ssd3221d
|
|t:|1636934021
|switch|p2a: Garchomp|Garchomp, M|100/100
|-damage|p2a: Garchomp|94/100|[from] Stealth Rock
|-damage|p2a: Garchomp|82/100|[from] Spikes
|turn|14
|j| kaao
|
|t:|1636934029
|switch|p1a: Pelipper|Pelipper, M|51/100
|-damage|p1a: Pelipper|26/100|[from] Stealth Rock
|-weather|RainDance|[from] ability: Drizzle|[of] p1a: Pelipper
|move|p2a: Garchomp|Earthquake|p1a: Pelipper
|-immune|p1a: Pelipper
|
|-weather|RainDance|[upkeep]
|-heal|p2a: Garchomp|88/100|[from] item: Leftovers
|upkeep
|turn|15
|
|t:|1636934037
|move|p2a: Garchomp|Scale Shot|p1a: Pelipper
|-damage|p1a: Pelipper|15/100
|-damage|p1a: Pelipper|5/100
|-damage|p1a: Pelipper|0 fnt
|faint|p1a: Pelipper
|-hitcount|p1: Pelipper|3
|-unboost|p2a: Garchomp|def|1
|-boost|p2a: Garchomp|spe|1
|
|-weather|RainDance|[upkeep]
|-heal|p2a: Garchomp|94/100|[from] item: Leftovers
|upkeep
|j| Ava<3
|l|‽LT82ZW Guatemala
|inactive|LT82ZW Guatemala disconnected and has a minute to reconnect!
|player|p1|
|j|‽LT82ZW Guatemala
|inactive|LT82ZW Guatemala reconnected and has 125 seconds left.
|player|p1|LT82ZW Guatemala|169
|n|‽LT82ZW Guatemala|lt82zwguatemala
|n|‽LT82ZW Guatemala|lt82zwguatemala
|n|‽LT82ZW Guatemala|lt82zwguatemala
|n|‽LT82ZW Guatemala|lt82zwguatemala
|n|‽LT82ZW Guatemala|lt82zwguatemala
|n|‽LT82ZW Guatemala|lt82zwguatemala
|n|‽LT82ZW Guatemala|lt82zwguatemala
|n|‽LT82ZW Guatemala|lt82zwguatemala
|n|‽LT82ZW Guatemala|lt82zwguatemala
|n|‽LT82ZW Guatemala|lt82zwguatemala
|n|‽LT82ZW Guatemala|lt82zwguatemala
|n|‽LT82ZW Guatemala|lt82zwguatemala
|n|‽LT82ZW Guatemala|lt82zwguatemala
|n|‽LT82ZW Guatemala|lt82zwguatemala
|n|‽LT82ZW Guatemala|lt82zwguatemala
|n|‽LT82ZW Guatemala|lt82zwguatemala
|n|‽LT82ZW Guatemala|lt82zwguatemala
|n|‽LT82ZW Guatemala|lt82zwguatemala
|n|‽LT82ZW Guatemala|lt82zwguatemala
|n|‽LT82ZW Guatemala|lt82zwguatemala
|n|‽LT82ZW Guatemala|lt82zwguatemala
|n|‽LT82ZW Guatemala|lt82zwguatemala
|n|‽LT82ZW Guatemala|lt82zwguatemala
|n|‽LT82ZW Guatemala|lt82zwguatemala
|n|‽LT82ZW Guatemala|lt82zwguatemala
|n|‽LT82ZW Guatemala|lt82zwguatemala
|n|‽LT82ZW Guatemala|lt82zwguatemala
|n|‽LT82ZW Guatemala|lt82zwguatemala
|n|‽LT82ZW Guatemala|lt82zwguatemala
|n|‽LT82ZW Guatemala|lt82zwguatemala
|n|‽LT82ZW Guatemala|lt82zwguatemala
|n|‽LT82ZW Guatemala|lt82zwguatemala
|n|‽LT82ZW Guatemala|lt82zwguatemala
|n|‽LT82ZW Guatemala|lt82zwguatemala
|n|‽LT82ZW Guatemala|lt82zwguatemala
|n|‽LT82ZW Guatemala|lt82zwguatemala
|n|‽LT82ZW Guatemala|lt82zwguatemala
|n|‽LT82ZW Guatemala|lt82zwguatemala
|n|‽LT82ZW Guatemala|lt82zwguatemala
|n|‽LT82ZW Guatemala|lt82zwguatemala
|n|‽LT82ZW Guatemala|lt82zwguatemala
|n|‽LT82ZW Guatemala|lt82zwguatemala
|n|‽LT82ZW Guatemala|lt82zwguatemala
|inactive|LT82ZW Guatemala has 120 seconds left.
|
|t:|1636934090
|switch|p1a: Crawdaunt|Crawdaunt, M|82/100
|-damage|p1a: Crawdaunt|70/100|[from] Stealth Rock
|turn|16
|
|t:|1636934095
|switch|p2a: Ninetales|Ninetales-Alola, M|51/100
|-damage|p2a: Ninetales|26/100|[from] Stealth Rock
|-damage|p2a: Ninetales|14/100|[from] Spikes
|-weather|Hail|[from] ability: Snow Warning|[of] p2a: Ninetales
|move|p1a: Crawdaunt|Aqua Jet|p2a: Ninetales
|-damage|p2a: Ninetales|0 fnt
|faint|p2a: Ninetales
|
|-weather|Hail|[upkeep]
|-damage|p1a: Crawdaunt|64/100|[from] Hail
|upkeep
|
|t:|1636934109
|switch|p2a: Garchomp|Garchomp, M|94/100
|-damage|p2a: Garchomp|82/100|[from] Spikes
|-damage|p2a: Garchomp|76/100|[from] Stealth Rock
|turn|17
|
|t:|1636934112
|move|p1a: Crawdaunt|Aqua Jet|p2a: Garchomp
|-damage|p2a: Garchomp|35/100
|-damage|p1a: Crawdaunt|51/100|[from] ability: Rough Skin|[of] p2a: Garchomp
|move|p2a: Garchomp|Swords Dance|p2a: Garchomp
|-boost|p2a: Garchomp|atk|2
|
|-weather|Hail|[upkeep]
|-damage|p2a: Garchomp|29/100|[from] Hail
|-damage|p1a: Crawdaunt|45/100|[from] Hail
|-heal|p2a: Garchomp|35/100|[from] item: Leftovers
|upkeep
|turn|18
|inactive|LT82ZW Guatemala has 120 seconds left.
|l|‽LT82ZW Guatemala
|inactive|LT82ZW Guatemala disconnected and has a minute to reconnect!
|player|p1|
|inactive|Chikami has 120 seconds left.
|j|‽LT82ZW Guatemala
|inactive|LT82ZW Guatemala reconnected and has 85 seconds left.
|player|p1|LT82ZW Guatemala|169
|n|‽LT82ZW Guatemala|lt82zwguatemala
|n|‽LT82ZW Guatemala|lt82zwguatemala
|n|‽LT82ZW Guatemala|lt82zwguatemala
|n|‽LT82ZW Guatemala|lt82zwguatemala
|n|‽LT82ZW Guatemala|lt82zwguatemala
|n|‽LT82ZW Guatemala|lt82zwguatemala
|n|‽LT82ZW Guatemala|lt82zwguatemala
|n|‽LT82ZW Guatemala|lt82zwguatemala
|n|‽LT82ZW Guatemala|lt82zwguatemala
|n|‽LT82ZW Guatemala|lt82zwguatemala
|n|‽LT82ZW Guatemala|lt82zwguatemala
|n|‽LT82ZW Guatemala|lt82zwguatemala
|n|‽LT82ZW Guatemala|lt82zwguatemala
|n|‽LT82ZW Guatemala|lt82zwguatemala
|n|‽LT82ZW Guatemala|lt82zwguatemala
|n|‽LT82ZW Guatemala|lt82zwguatemala
|n|‽LT82ZW Guatemala|lt82zwguatemala
|n|‽LT82ZW Guatemala|lt82zwguatemala
|n|‽LT82ZW Guatemala|lt82zwguatemala
|n|‽LT82ZW Guatemala|lt82zwguatemala
|n|‽LT82ZW Guatemala|lt82zwguatemala
|n|‽LT82ZW Guatemala|lt82zwguatemala
|n|‽LT82ZW Guatemala|lt82zwguatemala
|n|‽LT82ZW Guatemala|lt82zwguatemala
|n|‽LT82ZW Guatemala|lt82zwguatemala
|n|‽LT82ZW Guatemala|lt82zwguatemala
|n|‽LT82ZW Guatemala|lt82zwguatemala
|n|‽LT82ZW Guatemala|lt82zwguatemala
|n|‽LT82ZW Guatemala|lt82zwguatemala
|n|‽LT82ZW Guatemala|lt82zwguatemala
|n|‽LT82ZW Guatemala|lt82zwguatemala
|n|‽LT82ZW Guatemala|lt82zwguatemala
|n|‽LT82ZW Guatemala|lt82zwguatemala
|n|‽LT82ZW Guatemala|lt82zwguatemala
|n|‽LT82ZW Guatemala|lt82zwguatemala
|n|‽LT82ZW Guatemala|lt82zwguatemala
|n|‽LT82ZW Guatemala|lt82zwguatemala
|n|‽LT82ZW Guatemala|lt82zwguatemala
|n|‽LT82ZW Guatemala|lt82zwguatemala
|n|‽LT82ZW Guatemala|lt82zwguatemala
|n|‽LT82ZW Guatemala|lt82zwguatemala
|n|‽LT82ZW Guatemala|lt82zwguatemala
|n|‽LT82ZW Guatemala|lt82zwguatemala
|n|‽LT82ZW Guatemala|lt82zwguatemala
|
|t:|1636934175
|move|p1a: Crawdaunt|Aqua Jet|p2a: Garchomp
|-damage|p2a: Garchomp|0 fnt
|-damage|p1a: Crawdaunt|33/100|[from] ability: Rough Skin|[of] p2a: Garchomp
|faint|p2a: Garchomp
|
|win|LT82ZW Guatemala
|raw|LT82ZW Guatemala's rating: 1874 &rarr; <strong>1894</strong><br />(+20 for winning)
|raw|Chikami's rating: 1867 &rarr; <strong>1847</strong><br />(-20 for losing)
|c|☆Chikami|Gg
|l| hfeath
|l|☆Chikami
|l| kaao
|l| mederinha
||Ladder isn't responding, score probably updated but might not have (Request timeout).
