|j|☆d18l
|j|☆HahaGamerDays
|t:|1661997650
|gametype|singles
|player|p1|d18l|backpacker|1733
|player|p2|HahaGamerDays|burglar|1713
|teamsize|p1|6
|teamsize|p2|6
|gen|8
|tier|[Gen 8] OU
|rated|
|rule|Sleep Clause Mod: Limit one foe put to sleep
|rule|Species Clause: Limit one of each Pokémon
|rule|OHKO Clause: OHKO moves are banned
|rule|Evasion Items Clause: Evasion items are banned
|rule|Evasion Moves Clause: Evasion moves are banned
|rule|Endless Battle Clause: Forcing endless battles is banned
|rule|HP Percentage Mod: HP is shown in percentages
|rule|Dynamax Clause: You cannot dynamax
|clearpoke
|poke|p1|Tapu Koko|
|poke|p1|Victini|
|poke|p1|Landorus-Therian, M|
|poke|p1|Tornadus-Therian, M|
|poke|p1|Rotom-Wash|
|poke|p1|Ferrothorn, M|
|poke|p2|Garchomp, M|
|poke|p2|Ferrothorn, M|
|poke|p2|Heatran, M|
|poke|p2|Zapdos|
|poke|p2|Tapu Fini|
|poke|p2|Weavile, F|
|teampreview
|inactive|Battle timer is ON: inactive players will automatically lose when time's up. (requested by HahaGamerDays)
|inactive|HahaGamerDays has 120 seconds left.
|
|t:|1661997688
|start
|switch|p1a: Ferrothorn|Ferrothorn, M|100/100
|switch|p2a: Zapdos|Zapdos|100/100
|turn|1
|
|t:|1661997697
|switch|p1a: Rotom|Rotom-Wash|100/100
|move|p2a: Zapdos|Volt Switch|p1a: Rotom
|-damage|p1a: Rotom|64/100
|j| I'll forfite
|
|t:|1661997709
|switch|p2a: Ferrothorn|Ferrothorn, M|100/100|[from]move: Volt Switch
|
|upkeep
|turn|2
|
|t:|1661997735
|switch|p2a: Garchomp|Garchomp, M|100/100
|move|p1a: Rotom|Will-O-Wisp|p2a: Garchomp
|-status|p2a: Garchomp|brn
|
|-damage|p2a: Garchomp|94/100 brn|[from] brn
|upkeep
|turn|3
|c|☆HahaGamerDays|Damn
|j| Toxic Facade
|inactive|HahaGamerDays has 120 seconds left.
|c|☆HahaGamerDays|I thought it was trick
|
|t:|1661997757
|switch|p1a: Ferrothorn|Ferrothorn, M|100/100
|move|p2a: Garchomp|Swords Dance|p2a: Garchomp
|-boost|p2a: Garchomp|atk|2
|
|-heal|p2a: Garchomp|100/100 brn|[from] item: Leftovers
|-damage|p2a: Garchomp|94/100 brn|[from] brn
|upkeep
|turn|4
|inactive|HahaGamerDays has 120 seconds left.
|c|☆HahaGamerDays|Catch this fire blast
|
|t:|1661997774
|switch|p1a: Landorus|Landorus-Therian, M|100/100
|-ability|p1a: Landorus|Intimidate|boost
|-unboost|p2a: Garchomp|atk|1
|move|p2a: Garchomp|Swords Dance|p2a: Garchomp
|-boost|p2a: Garchomp|atk|2
|
|-heal|p2a: Garchomp|100/100 brn|[from] item: Leftovers
|-damage|p2a: Garchomp|94/100 brn|[from] brn
|upkeep
|turn|5
|
|t:|1661997780
|switch|p1a: Tapu Koko|Tapu Koko|100/100
|-fieldstart|move: Electric Terrain|[from] ability: Electric Surge|[of] p1a: Tapu Koko
|move|p2a: Garchomp|Aqua Tail|p1a: Tapu Koko
|-damage|p1a: Tapu Koko|46/100
|
|-heal|p2a: Garchomp|100/100 brn|[from] item: Leftovers
|-damage|p2a: Garchomp|94/100 brn|[from] brn
|upkeep
|turn|6
|
|t:|1661997786
|move|p1a: Tapu Koko|Dazzling Gleam|p2a: Garchomp
|-supereffective|p2a: Garchomp
|-damage|p2a: Garchomp|0 fnt
|faint|p2a: Garchomp
|
|upkeep
|
|t:|1661997791
|switch|p2a: Ferrothorn|Ferrothorn, M|100/100
|turn|7
|
|t:|1661997810
|switch|p1a: Tornadus|Tornadus-Therian, M|100/100
|move|p2a: Ferrothorn|Spikes|p1a: Tornadus
|-sidestart|p1: d18l|Spikes
|
|upkeep
|turn|8
|
|t:|1661997830
|switch|p2a: Zapdos|Zapdos|100/100
|move|p1a: Tornadus|Knock Off|p2a: Zapdos
|-damage|p2a: Zapdos|78/100
|-enditem|p2a: Zapdos|Heavy-Duty Boots|[from] move: Knock Off|[of] p1a: Tornadus
|
|upkeep
|turn|9
|
|t:|1661997840
|switch|p1a: Landorus|Landorus-Therian, M|100/100
|-ability|p1a: Landorus|Intimidate|boost
|-unboost|p2a: Zapdos|atk|1
|move|p2a: Zapdos|Hurricane|p1a: Landorus|[miss]
|-miss|p2a: Zapdos|p1a: Landorus
|
|-fieldend|move: Electric Terrain
|upkeep
|turn|10
|l| Toxic Facade
|
|t:|1661997851
|switch|p2a: Ferrothorn|Ferrothorn, M|100/100
|move|p1a: Landorus|Toxic|p2a: Ferrothorn
|-immune|p2a: Ferrothorn
|
|upkeep
|turn|11
|j| Nwjdudhehs
|
|t:|1661997861
|switch|p1a: Rotom|Rotom-Wash|64/100
|move|p2a: Ferrothorn|Leech Seed|p1a: Rotom
|-start|p1a: Rotom|move: Leech Seed
|
|-damage|p1a: Rotom|52/100|[from] Leech Seed|[of] p2a: Ferrothorn
|upkeep
|turn|12
|j| Loon999
|j| Jongruenwald
|j| TwoTreesWaiting
|j| Jaden726
|inactive|HahaGamerDays has 120 seconds left.
|c|☆HahaGamerDays|Let me win?
|
|t:|1661997900
|move|p1a: Rotom|Volt Switch|p2a: Ferrothorn
|-resisted|p2a: Ferrothorn
|-damage|p2a: Ferrothorn|91/100
|
|t:|1661997919
|switch|p1a: Tornadus|Tornadus-Therian, M|100/100|[from]move: Volt Switch
|move|p2a: Ferrothorn|Spikes|p1a: Tornadus
|-sidestart|p1: d18l|Spikes
|
|upkeep
|turn|13
|
|t:|1661997926
|move|p1a: Tornadus|U-turn|p2a: Ferrothorn
|-damage|p2a: Ferrothorn|82/100
|-damage|p1a: Tornadus|88/100|[from] ability: Iron Barbs|[of] p2a: Ferrothorn
|-damage|p1a: Tornadus|71/100|[from] item: Rocky Helmet|[of] p2a: Ferrothorn
|
|t:|1661997929
|switch|p1a: Ferrothorn|Ferrothorn, M|100/100|[from]move: U-turn
|-damage|p1a: Ferrothorn|84/100|[from] Spikes
|move|p2a: Ferrothorn|Leech Seed|p1a: Ferrothorn
|-immune|p1a: Ferrothorn
|
|upkeep
|turn|14
|
|t:|1661997934
|move|p2a: Ferrothorn|Knock Off|p1a: Ferrothorn
|-damage|p1a: Ferrothorn|71/100
|-damage|p2a: Ferrothorn|70/100|[from] ability: Iron Barbs|[of] p1a: Ferrothorn
|-damage|p2a: Ferrothorn|53/100|[from] item: Rocky Helmet|[of] p1a: Ferrothorn
|-enditem|p1a: Ferrothorn|Rocky Helmet|[from] move: Knock Off|[of] p2a: Ferrothorn
|move|p1a: Ferrothorn|Stealth Rock|p2a: Ferrothorn
|-sidestart|p2: HahaGamerDays|move: Stealth Rock
|
|upkeep
|turn|15
|
|t:|1661997941
|switch|p1a: Victini|Victini|100/100
|move|p2a: Ferrothorn|Spikes|p1a: Victini
|-sidestart|p1: d18l|Spikes
|
|upkeep
|turn|16
|
|t:|1661997950
|switch|p2a: Tapu Fini|Tapu Fini|100/100
|-damage|p2a: Tapu Fini|88/100|[from] Stealth Rock
|-fieldstart|move: Misty Terrain|[from] ability: Misty Surge|[of] p2a: Tapu Fini
|move|p1a: Victini|U-turn|p2a: Tapu Fini
|-resisted|p2a: Tapu Fini
|-damage|p2a: Tapu Fini|81/100
|j| x555
|
|t:|1661997956
|switch|p1a: Rotom|Rotom-Wash|52/100|[from]move: U-turn
|
|-heal|p2a: Tapu Fini|87/100|[from] item: Leftovers
|upkeep
|turn|17
|l| Jaden726
|
|t:|1661997961
|switch|p2a: Ferrothorn|Ferrothorn, M|53/100
|-damage|p2a: Ferrothorn|47/100|[from] Stealth Rock
|move|p1a: Rotom|Pain Split|p2a: Ferrothorn
|-sethp|p2a: Ferrothorn|46/100|[from] move: Pain Split|[silent]
|-sethp|p1a: Rotom|53/100|[from] move: Pain Split
|
|upkeep
|turn|18
|
|t:|1661997967
|move|p1a: Rotom|Volt Switch|p2a: Ferrothorn
|-resisted|p2a: Ferrothorn
|-damage|p2a: Ferrothorn|36/100
|
|t:|1661997971
|switch|p1a: Tornadus|Tornadus-Therian, M|100/100|[from]move: Volt Switch
|move|p2a: Ferrothorn|Knock Off|p1a: Tornadus
|-damage|p1a: Tornadus|79/100
|-enditem|p1a: Tornadus|Assault Vest|[from] move: Knock Off|[of] p2a: Ferrothorn
|
|upkeep
|turn|19
|
|t:|1661997979
|move|p1a: Tornadus|Knock Off|p2a: Ferrothorn
|-damage|p2a: Ferrothorn|25/100
|-damage|p1a: Tornadus|66/100|[from] ability: Iron Barbs|[of] p2a: Ferrothorn
|-damage|p1a: Tornadus|50/100|[from] item: Rocky Helmet|[of] p2a: Ferrothorn
|-enditem|p2a: Ferrothorn|Rocky Helmet|[from] move: Knock Off|[of] p1a: Tornadus
|move|p2a: Ferrothorn|Leech Seed|p1a: Tornadus
|-start|p1a: Tornadus|move: Leech Seed
|
|-damage|p1a: Tornadus|37/100|[from] Leech Seed|[of] p2a: Ferrothorn
|-heal|p2a: Ferrothorn|38/100|[silent]
|upkeep
|turn|20
|
|t:|1661997984
|switch|p2a: Zapdos|Zapdos|78/100
|-damage|p2a: Zapdos|53/100|[from] Stealth Rock
|move|p1a: Tornadus|Heat Wave|p2a: Zapdos
|-damage|p2a: Zapdos|29/100
|-status|p2a: Zapdos|brn
|
|-damage|p1a: Tornadus|25/100|[from] Leech Seed|[of] p2a: Zapdos
|-heal|p2a: Zapdos|42/100 brn|[silent]
|-damage|p2a: Zapdos|36/100 brn|[from] brn
|-fieldend|Misty Terrain
|upkeep
|turn|21
|l| x555
|c|☆HahaGamerDays|Unlucky
|
|t:|1661997990
|switch|p1a: Landorus|Landorus-Therian, M|100/100
|-ability|p1a: Landorus|Intimidate|boost
|-unboost|p2a: Zapdos|atk|1
|move|p2a: Zapdos|Roost|p2a: Zapdos
|-heal|p2a: Zapdos|86/100 brn
|-singleturn|p2a: Zapdos|move: Roost
|
|-damage|p2a: Zapdos|80/100 brn|[from] brn
|upkeep
|turn|22
|l| Nwjdudhehs
|
|t:|1661997996
|switch|p2a: Ferrothorn|Ferrothorn, M|38/100
|-damage|p2a: Ferrothorn|31/100|[from] Stealth Rock
|move|p1a: Landorus|Defog|p2a: Ferrothorn
|-unboost|p2a: Ferrothorn|evasion|1
|-sideend|p2: HahaGamerDays|Stealth Rock|[from] move: Defog|[of] p1a: Landorus
|-sideend|p1: d18l|Spikes|[from] move: Defog|[of] p1a: Landorus
|
|upkeep
|turn|23
|
|t:|1661997998
|move|p1a: Landorus|Earthquake|p2a: Ferrothorn
|-crit|p2a: Ferrothorn
|-damage|p2a: Ferrothorn|0 fnt
|faint|p2a: Ferrothorn
|
|upkeep
|
|t:|1661998025
|switch|p2a: Tapu Fini|Tapu Fini|87/100
|-fieldstart|move: Misty Terrain|[from] ability: Misty Surge|[of] p2a: Tapu Fini
|turn|24
|
|t:|1661998040
|switch|p1a: Rotom|Rotom-Wash|53/100
|move|p2a: Tapu Fini|Moonblast|p1a: Rotom
|-damage|p1a: Rotom|20/100
|
|-heal|p2a: Tapu Fini|94/100|[from] item: Leftovers
|upkeep
|turn|25
|j| Mishima Blood
|
|t:|1661998051
|move|p1a: Rotom|Volt Switch|p2a: Tapu Fini
|-supereffective|p2a: Tapu Fini
|-damage|p2a: Tapu Fini|55/100
|
|t:|1661998057
|switch|p1a: Tornadus|Tornadus-Therian, M|58/100|[from]move: Volt Switch
|move|p2a: Tapu Fini|Moonblast|p1a: Tornadus
|-damage|p1a: Tornadus|28/100
|-unboost|p1a: Tornadus|spa|1
|
|-heal|p2a: Tapu Fini|61/100|[from] item: Leftovers
|upkeep
|turn|26
|
|t:|1661998063
|move|p1a: Tornadus|Knock Off|p2a: Tapu Fini
|-resisted|p2a: Tapu Fini
|-damage|p2a: Tapu Fini|53/100
|-enditem|p2a: Tapu Fini|Leftovers|[from] move: Knock Off|[of] p1a: Tornadus
|move|p2a: Tapu Fini|Nature's Madness|p1a: Tornadus|[miss]
|-miss|p2a: Tapu Fini|p1a: Tornadus
|
|upkeep
|turn|27
|
|t:|1661998083
|move|p1a: Tornadus|Knock Off|p2a: Tapu Fini
|-resisted|p2a: Tapu Fini
|-damage|p2a: Tapu Fini|48/100
|move|p2a: Tapu Fini|Moonblast|p1a: Tornadus
|-damage|p1a: Tornadus|0 fnt
|faint|p1a: Tornadus
|
|upkeep
|
|t:|1661998086
|switch|p1a: Tapu Koko|Tapu Koko|46/100
|-fieldstart|move: Electric Terrain|[from] ability: Electric Surge|[of] p1a: Tapu Koko
|turn|28
|c|☆HahaGamerDays|Rough
|inactive|d18l has 120 seconds left.
|
|t:|1661998133
|move|p1a: Tapu Koko|Thunderbolt|p2a: Tapu Fini
|-supereffective|p2a: Tapu Fini
|-damage|p2a: Tapu Fini|0 fnt
|faint|p2a: Tapu Fini
|
|upkeep
|
|t:|1661998142
|switch|p2a: Heatran|Heatran, M|100/100
|-item|p2a: Heatran|Air Balloon
|turn|29
|
|t:|1661998152
|move|p1a: Tapu Koko|Thunderbolt|p2a: Heatran
|-crit|p2a: Heatran
|-damage|p2a: Heatran|0 fnt
|-enditem|p2a: Heatran|Air Balloon
|faint|p2a: Heatran
|
|upkeep
|c| TwoTreesWaiting|unlucky
|c|☆HahaGamerDays|ye
|
|t:|1661998178
|switch|p2a: Zapdos|Zapdos|80/100 brn
|turn|30
|
|t:|1661998184
|move|p1a: Tapu Koko|Thunderbolt|p2a: Zapdos
|-damage|p2a: Zapdos|0 fnt
|faint|p2a: Zapdos
|
|upkeep
|
|t:|1661998191
|switch|p2a: Weavile|Weavile, F|100/100
|-ability|p2a: Weavile|Pressure
|turn|31
|l| Loon999
|
|t:|1661998195
|move|p1a: Tapu Koko|Thunderbolt|p2a: Weavile
|-damage|p2a: Weavile|0 fnt
|faint|p2a: Weavile
|
|win|d18l
|raw|d18l's rating: 1733 &rarr; <strong>1752</strong><br />(+19 for winning)
|raw|HahaGamerDays's rating: 1713 &rarr; <strong>1694</strong><br />(-19 for losing)
|c|☆HahaGamerDays|gg
|l| TwoTreesWaiting
|c|☆HahaGamerDays|i guess
|l|☆HahaGamerDays
||Ladder isn't responding, score probably updated but might not have (Request timeout).
|l| Mishima Blood
