|j|☆minimax_ai
|j|☆sfesgfew
|t:|1662224525
|gametype|singles
|player|p1|minimax_ai|lusamine-nihilego|1619
|player|p2|sfesgfew|skyla|1738
|teamsize|p1|6
|teamsize|p2|6
|gen|8
|tier|[Gen 8] OU
|rated|
|rule|Sleep Clause Mod: Limit one foe put to sleep
|rule|Species Clause: Limit one of each Pokémon
|rule|OHKO Clause: OHKO moves are banned
|rule|Evasion Items Clause: Evasion items are banned
|rule|Evasion Moves Clause: Evasion moves are banned
|rule|Endless Battle Clause: Forcing endless battles is banned
|rule|HP Percentage Mod: HP is shown in percentages
|rule|Dynamax Clause: You cannot dynamax
|clearpoke
|poke|p1|Rotom-Wash|
|poke|p1|Weavile, M|
|poke|p1|Landorus-Therian, M|
|poke|p1|Heatran, M|
|poke|p1|Tangrowth, F|
|poke|p1|Melmetal|
|poke|p2|Melmetal|
|poke|p2|Tyranitar, F|
|poke|p2|Landorus-Therian, M|
|poke|p2|Urshifu-*, M|
|poke|p2|Slowbro, M|
|poke|p2|Kartana|
|teampreview
|c|☆minimax_ai|hf
|inactive|Battle timer is ON: inactive players will automatically lose when time's up. (requested by minimax_ai)
|j| Malabar323
|
|t:|1662224547
|start
|switch|p1a: Tangrowth|Tangrowth, F|100/100
|switch|p2a: Kartana|Kartana|100/100
|turn|1
|
|t:|1662224551
|move|p2a: Kartana|Knock Off|p1a: Tangrowth
|-damage|p1a: Tangrowth|80/100
|-damage|p2a: Kartana|84/100|[from] item: Rocky Helmet|[of] p1a: Tangrowth
|-enditem|p1a: Tangrowth|Rocky Helmet|[from] move: Knock Off|[of] p2a: Kartana
|-damage|p2a: Kartana|74/100|[from] item: Life Orb
|move|p1a: Tangrowth|Giga Drain|p2a: Kartana
|-resisted|p2a: Kartana
|-damage|p2a: Kartana|57/100
|-heal|p1a: Tangrowth|87/100|[from] drain|[of] p2a: Kartana
|
|upkeep
|turn|2
|j| maybeimwrong
|
|t:|1662224558
|switch|p2a: Melmetal|Melmetal|100/100
|move|p1a: Tangrowth|Giga Drain|p2a: Melmetal
|-resisted|p2a: Melmetal
|-damage|p2a: Melmetal|88/100
|-heal|p1a: Tangrowth|93/100|[from] drain|[of] p2a: Melmetal
|
|-heal|p2a: Melmetal|94/100|[from] item: Leftovers
|upkeep
|turn|3
|
|t:|1662224562
|move|p1a: Tangrowth|Sleep Powder|p2a: Melmetal|[miss]
|-miss|p1a: Tangrowth|p2a: Melmetal
|move|p2a: Melmetal|Toxic|p1a: Tangrowth
|-status|p1a: Tangrowth|tox
|
|-heal|p2a: Melmetal|99/100|[from] item: Leftovers
|-damage|p1a: Tangrowth|87/100 tox|[from] psn
|upkeep
|turn|4
|
|t:|1662224564
|move|p2a: Melmetal|Protect|p2a: Melmetal
|-singleturn|p2a: Melmetal|Protect
|move|p1a: Tangrowth|Sleep Powder|p2a: Melmetal
|-activate|p2a: Melmetal|move: Protect
|
|-heal|p2a: Melmetal|100/100|[from] item: Leftovers
|-damage|p1a: Tangrowth|75/100 tox|[from] psn
|upkeep
|turn|5
|
|t:|1662224567
|switch|p1a: rotomwash|Rotom-Wash|100/100
|switch|p2a: Kartana|Kartana|57/100
|
|upkeep
|turn|6
|
|t:|1662224573
|switch|p1a: landorustherian|Landorus-Therian, M|100/100
|-ability|p1a: landorustherian|Intimidate|boost
|-unboost|p2a: Kartana|atk|1
|move|p2a: Kartana|Swords Dance|p2a: Kartana
|-boost|p2a: Kartana|atk|2
|
|upkeep
|turn|7
|
|t:|1662224577
|switch|p1a: Tangrowth|Tangrowth, F|100/100 tox
|move|p2a: Kartana|Knock Off|p1a: Tangrowth
|-damage|p1a: Tangrowth|78/100 tox
|-damage|p2a: Kartana|47/100|[from] item: Life Orb
|
|-damage|p1a: Tangrowth|72/100 tox|[from] psn
|upkeep
|turn|8
|
|t:|1662224585
|switch|p2a: Landorus|Landorus-Therian, M|100/100
|-ability|p2a: Landorus|Intimidate|boost
|-unboost|p1a: Tangrowth|atk|1
|move|p1a: Tangrowth|Focus Blast|p2a: Landorus|[miss]
|-miss|p1a: Tangrowth|p2a: Landorus
|
|-damage|p1a: Tangrowth|59/100 tox|[from] psn
|upkeep
|turn|9
|
|t:|1662224588
|switch|p1a: rotomwash|Rotom-Wash|100/100
|move|p2a: Landorus|U-turn|p1a: rotomwash
|-damage|p1a: rotomwash|78/100
|
|t:|1662224591
|switch|p2a: Kartana|Kartana|47/100|[from]move: U-turn
|
|-heal|p1a: rotomwash|84/100|[from] item: Leftovers
|upkeep
|turn|10
|
|t:|1662224595
|switch|p1a: landorustherian|Landorus-Therian, M|100/100
|-ability|p1a: landorustherian|Intimidate|boost
|-unboost|p2a: Kartana|atk|1
|move|p2a: Kartana|Swords Dance|p2a: Kartana
|-boost|p2a: Kartana|atk|2
|
|upkeep
|turn|11
|
|t:|1662224598
|switch|p1a: Tangrowth|Tangrowth, F|93/100 tox
|move|p2a: Kartana|Leaf Blade|p1a: Tangrowth
|-resisted|p1a: Tangrowth
|-damage|p1a: Tangrowth|71/100 tox
|-damage|p2a: Kartana|37/100|[from] item: Life Orb
|
|-damage|p1a: Tangrowth|65/100 tox|[from] psn
|upkeep
|turn|12
|
|t:|1662224602
|move|p2a: Kartana|Sacred Sword|p1a: Tangrowth
|-damage|p1a: Tangrowth|35/100 tox
|-damage|p2a: Kartana|27/100|[from] item: Life Orb
|move|p1a: Tangrowth|Focus Blast|p2a: Kartana
|-supereffective|p2a: Kartana
|-damage|p2a: Kartana|0 fnt
|faint|p2a: Kartana
|
|-damage|p1a: Tangrowth|23/100 tox|[from] psn
|upkeep
|
|t:|1662224604
|switch|p2a: Tyranitar|Tyranitar, F|100/100
|-weather|Sandstorm|[from] ability: Sand Stream|[of] p2a: Tyranitar
|turn|13
|
|t:|1662224608
|switch|p1a: Melmetal|Melmetal|100/100
|move|p2a: Tyranitar|Stone Edge|p1a: Melmetal
|-resisted|p1a: Melmetal
|-damage|p1a: Melmetal|77/100
|
|-weather|Sandstorm|[upkeep]
|upkeep
|turn|14
|
|t:|1662224611
|switch|p2a: Slowbro|Slowbro, M|100/100
|move|p1a: Melmetal|Double Iron Bash|p2a: Slowbro
|-resisted|p2a: Slowbro
|-damage|p2a: Slowbro|89/100
|-damage|p1a: Melmetal|60/100|[from] item: Rocky Helmet|[of] p2a: Slowbro
|-resisted|p2a: Slowbro
|-damage|p2a: Slowbro|78/100
|-damage|p1a: Melmetal|44/100|[from] item: Rocky Helmet|[of] p2a: Slowbro
|-hitcount|p2a: Slowbro|2
|
|-weather|Sandstorm|[upkeep]
|-damage|p2a: Slowbro|72/100|[from] Sandstorm
|upkeep
|turn|15
|
|t:|1662224615
|move|p1a: Melmetal|Double Iron Bash|p2a: Slowbro
|-resisted|p2a: Slowbro
|-damage|p2a: Slowbro|60/100
|-damage|p1a: Melmetal|27/100|[from] item: Rocky Helmet|[of] p2a: Slowbro
|-resisted|p2a: Slowbro
|-damage|p2a: Slowbro|49/100
|-damage|p1a: Melmetal|10/100|[from] item: Rocky Helmet|[of] p2a: Slowbro
|-hitcount|p2a: Slowbro|2
|move|p2a: Slowbro|Teleport|p2a: Slowbro
|
|t:|1662224625
|switch|p2a: Tyranitar|Tyranitar, F|100/100|[from]move: Teleport
|
|-weather|Sandstorm|[upkeep]
|upkeep
|turn|16
|
|t:|1662224628
|move|p2a: Tyranitar|Crunch|p1a: Melmetal
|-damage|p1a: Melmetal|0 fnt
|faint|p1a: Melmetal
|
|-weather|Sandstorm|[upkeep]
|upkeep
|
|t:|1662224628
|switch|p1a: Tangrowth|Tangrowth, F|56/100 tox
|turn|17
|l| Malabar323
|
|t:|1662224641
|move|p2a: Tyranitar|Crunch|p1a: Tangrowth
|-damage|p1a: Tangrowth|17/100 tox
|move|p1a: Tangrowth|Giga Drain|p2a: Tyranitar
|-supereffective|p2a: Tyranitar
|-damage|p2a: Tyranitar|69/100
|-heal|p1a: Tangrowth|32/100 tox|[from] drain|[of] p2a: Tyranitar
|
|-weather|none
|-damage|p1a: Tangrowth|26/100 tox|[from] psn
|upkeep
|turn|18
|
|t:|1662224643
|switch|p1a: landorustherian|Landorus-Therian, M|100/100
|-ability|p1a: landorustherian|Intimidate|boost
|-unboost|p2a: Tyranitar|atk|1
|move|p2a: Tyranitar|Crunch|p1a: landorustherian
|-damage|p1a: landorustherian|57/100
|
|-heal|p1a: landorustherian|63/100|[from] item: Leftovers
|upkeep
|turn|19
|
|t:|1662224650
|move|p1a: landorustherian|Earthquake|p2a: Tyranitar
|-supereffective|p2a: Tyranitar
|-damage|p2a: Tyranitar|0 fnt
|faint|p2a: Tyranitar
|
|-heal|p1a: landorustherian|69/100|[from] item: Leftovers
|upkeep
|
|t:|1662224653
|switch|p2a: Urshifu|Urshifu-Rapid-Strike, M|100/100
|turn|20
|
|t:|1662224657
|switch|p1a: Tangrowth|Tangrowth, F|59/100 tox
|move|p2a: Urshifu|Close Combat|p1a: Tangrowth
|-damage|p1a: Tangrowth|26/100 tox
|-unboost|p2a: Urshifu|def|1
|-unboost|p2a: Urshifu|spd|1
|
|-damage|p1a: Tangrowth|20/100 tox|[from] psn
|upkeep
|turn|21
|
|t:|1662224659
|move|p2a: Urshifu|Close Combat|p1a: Tangrowth
|-damage|p1a: Tangrowth|0 fnt
|-unboost|p2a: Urshifu|def|1
|-unboost|p2a: Urshifu|spd|1
|faint|p1a: Tangrowth
|
|upkeep
|
|t:|1662224659
|switch|p1a: rotomwash|Rotom-Wash|84/100
|turn|22
|
|t:|1662224664
|switch|p2a: Landorus|Landorus-Therian, M|100/100
|-ability|p2a: Landorus|Intimidate|boost
|-unboost|p1a: rotomwash|atk|1
|move|p1a: rotomwash|Thunderbolt|p2a: Landorus
|-immune|p2a: Landorus
|
|-heal|p1a: rotomwash|91/100|[from] item: Leftovers
|upkeep
|turn|23
|
|t:|1662224667
|move|p1a: rotomwash|Nasty Plot|p1a: rotomwash
|-boost|p1a: rotomwash|spa|2
|move|p2a: Landorus|Stealth Rock|p1a: rotomwash
|-sidestart|p1: minimax_ai|move: Stealth Rock
|
|-heal|p1a: rotomwash|97/100|[from] item: Leftovers
|upkeep
|turn|24
|
|t:|1662224668
|move|p1a: rotomwash|Hydro Pump|p2a: Landorus
|-supereffective|p2a: Landorus
|-damage|p2a: Landorus|0 fnt
|faint|p2a: Landorus
|
|-heal|p1a: rotomwash|100/100|[from] item: Leftovers
|upkeep
|
|t:|1662224671
|switch|p2a: Melmetal|Melmetal|100/100
|turn|25
|
|t:|1662224672
|move|p1a: rotomwash|Thunderbolt|p2a: Melmetal
|-damage|p2a: Melmetal|37/100
|move|p2a: Melmetal|Toxic|p1a: rotomwash
|-status|p1a: rotomwash|tox
|
|-heal|p2a: Melmetal|44/100|[from] item: Leftovers
|-damage|p1a: rotomwash|94/100 tox|[from] psn
|upkeep
|turn|26
|
|t:|1662224675
|move|p2a: Melmetal|Protect|p2a: Melmetal
|-singleturn|p2a: Melmetal|Protect
|move|p1a: rotomwash|Thunderbolt|p2a: Melmetal
|-activate|p2a: Melmetal|move: Protect
|
|-heal|p1a: rotomwash|100/100 tox|[from] item: Leftovers
|-heal|p2a: Melmetal|50/100|[from] item: Leftovers
|-damage|p1a: rotomwash|88/100 tox|[from] psn
|upkeep
|turn|27
|
|t:|1662224680
|switch|p2a: Slowbro|Slowbro, M|82/100
|move|p1a: rotomwash|Thunderbolt|p2a: Slowbro
|-supereffective|p2a: Slowbro
|-crit|p2a: Slowbro
|-damage|p2a: Slowbro|0 fnt
|faint|p2a: Slowbro
|
|-heal|p1a: rotomwash|94/100 tox|[from] item: Leftovers
|-damage|p1a: rotomwash|75/100 tox|[from] psn
|upkeep
|
|t:|1662224681
|switch|p2a: Melmetal|Melmetal|50/100
|turn|28
|
|t:|1662224683
|move|p2a: Melmetal|Protect|p2a: Melmetal
|-singleturn|p2a: Melmetal|Protect
|move|p1a: rotomwash|Thunderbolt|p2a: Melmetal
|-activate|p2a: Melmetal|move: Protect
|
|-heal|p1a: rotomwash|82/100 tox|[from] item: Leftovers
|-heal|p2a: Melmetal|56/100|[from] item: Leftovers
|-damage|p1a: rotomwash|57/100 tox|[from] psn
|upkeep
|turn|29
|
|t:|1662224687
|move|p2a: Melmetal|Protect|p2a: Melmetal
|-singleturn|p2a: Melmetal|Protect
|move|p1a: rotomwash|Thunderbolt|p2a: Melmetal
|-activate|p2a: Melmetal|move: Protect
|
|-heal|p1a: rotomwash|63/100 tox|[from] item: Leftovers
|-heal|p2a: Melmetal|62/100|[from] item: Leftovers
|-damage|p1a: rotomwash|32/100 tox|[from] psn
|upkeep
|turn|30
|
|t:|1662224689
|move|p1a: rotomwash|Thunderbolt|p2a: Melmetal
|-damage|p2a: Melmetal|0 fnt
|faint|p2a: Melmetal
|
|-heal|p1a: rotomwash|38/100 tox|[from] item: Leftovers
|-damage|p1a: rotomwash|0 fnt|[from] psn
|faint|p1a: rotomwash
|upkeep
|
|t:|1662224691
|switch|p1a: Weavile|Weavile, M|100/100
|switch|p2a: Urshifu|Urshifu-Rapid-Strike, M|100/100
|-damage|p1a: Weavile|76/100|[from] Stealth Rock
|-ability|p1a: Weavile|Pressure
|turn|31
|
|t:|1662224694
|move|p2a: Urshifu|Surging Strikes|p1a: Weavile
|-crit|p1a: Weavile
|-damage|p1a: Weavile|41/100
|-crit|p1a: Weavile
|-damage|p1a: Weavile|8/100
|-crit|p1a: Weavile
|-damage|p1a: Weavile|0 fnt
|faint|p1a: Weavile
|-hitcount|p1: Weavile|3
|
|upkeep
|
|t:|1662224694
|switch|p1a: landorustherian|Landorus-Therian, M|69/100
|-damage|p1a: landorustherian|57/100|[from] Stealth Rock
|-ability|p1a: landorustherian|Intimidate|boost
|-unboost|p2a: Urshifu|atk|1
|turn|32
|
|t:|1662224696
|move|p2a: Urshifu|Surging Strikes|p1a: landorustherian
|-supereffective|p1a: landorustherian
|-crit|p1a: landorustherian
|-damage|p1a: landorustherian|18/100
|-supereffective|p1a: landorustherian
|-crit|p1a: landorustherian
|-damage|p1a: landorustherian|0 fnt
|faint|p1a: landorustherian
|-hitcount|p1: landorustherian|2
|
|upkeep
|
|t:|1662224696
|switch|p1a: Heatran|Heatran, M|100/100
|-damage|p1a: Heatran|88/100|[from] Stealth Rock
|-item|p1a: Heatran|Air Balloon
|turn|33
|
|t:|1662224697
|move|p2a: Urshifu|Surging Strikes|p1a: Heatran
|-supereffective|p1a: Heatran
|-crit|p1a: Heatran
|-damage|p1a: Heatran|45/100
|-enditem|p1a: Heatran|Air Balloon
|-supereffective|p1a: Heatran
|-crit|p1a: Heatran
|-damage|p1a: Heatran|3/100
|-supereffective|p1a: Heatran
|-crit|p1a: Heatran
|-damage|p1a: Heatran|0 fnt
|faint|p1a: Heatran
|-hitcount|p1: Heatran|3
|
|win|sfesgfew
|raw|minimax_ai's rating: 1619 &rarr; <strong>1606</strong><br />(-13 for losing)
|raw|sfesgfew's rating: 1738 &rarr; <strong>1751</strong><br />(+13 for winning)
|c|☆minimax_ai|gg
