|raw|<div class="broadcast-blue"><strong>This battle is required to be public due to a player having a name starting with 'lt92pf'.</div>
|j|☆escalando
|j|☆LT92PF Lio
|t:|1659825813
|gametype|singles
|player|p1|escalando|169|1656
|player|p2|LT92PF Lio|2|1761
|teamsize|p1|6
|teamsize|p2|6
|gen|8
|tier|[Gen 8] OU
|rated|
|rule|Sleep Clause Mod: Limit one foe put to sleep
|rule|Species Clause: Limit one of each Pokémon
|rule|OHKO Clause: OHKO moves are banned
|rule|Evasion Items Clause: Evasion items are banned
|rule|Evasion Moves Clause: Evasion moves are banned
|rule|Endless Battle Clause: Forcing endless battles is banned
|rule|HP Percentage Mod: HP is shown in percentages
|rule|Dynamax Clause: You cannot dynamax
|clearpoke
|poke|p1|Dragapult, M|
|poke|p1|Landorus-Therian, M|
|poke|p1|Rotom-Wash|
|poke|p1|Heatran, M|
|poke|p1|Clefable, M|
|poke|p1|Tornadus-Therian, M|
|poke|p2|Clefable, F|
|poke|p2|Gastrodon, F|
|poke|p2|Marowak-Alola, F|
|poke|p2|Dragapult, F|
|poke|p2|Corviknight, F|
|poke|p2|Toxapex, F|
|teampreview
|
|t:|1659825850
|start
|switch|p1a: Landorus|Landorus-Therian, M|100/100
|switch|p2a: Marowak|Marowak-Alola, F|100/100
|-ability|p1a: Landorus|Intimidate|boost
|-unboost|p2a: Marowak|atk|1
|turn|1
|
|t:|1659825855
|switch|p2a: Corviknight|Corviknight, F|100/100
|-ability|p2a: Corviknight|Pressure
|move|p1a: Landorus|Earthquake|p2a: Corviknight
|-immune|p2a: Corviknight
|
|upkeep
|turn|2
|
|t:|1659825865
|switch|p1a: Tornadus|Tornadus-Therian, M|100/100
|move|p2a: Corviknight|U-turn|p1a: Tornadus
|-resisted|p1a: Tornadus
|-damage|p1a: Tornadus|94/100
|
|t:|1659825868
|switch|p2a: Gastrodon|Gastrodon, F|100/100|[from]move: U-turn
|
|upkeep
|turn|3
|
|t:|1659825875
|move|p1a: Tornadus|Toxic|p2a: Gastrodon
|-status|p2a: Gastrodon|tox
|move|p2a: Gastrodon|Toxic|p1a: Tornadus
|-status|p1a: Tornadus|tox
|
|-damage|p1a: Tornadus|88/100 tox|[from] psn
|-damage|p2a: Gastrodon|94/100 tox|[from] psn
|upkeep
|turn|4
|
|t:|1659825881
|move|p1a: Tornadus|Knock Off|p2a: Gastrodon
|-damage|p2a: Gastrodon|73/100 tox
|-enditem|p2a: Gastrodon|Leftovers|[from] move: Knock Off|[of] p1a: Tornadus
|move|p2a: Gastrodon|Scald|p1a: Tornadus
|-damage|p1a: Tornadus|59/100 tox
|
|-damage|p1a: Tornadus|46/100 tox|[from] psn
|-damage|p2a: Gastrodon|61/100 tox|[from] psn
|upkeep
|turn|5
|
|t:|1659825886
|move|p1a: Tornadus|U-turn|p2a: Gastrodon
|-damage|p2a: Gastrodon|44/100 tox
|
|t:|1659825890
|switch|p1a: Clefable|Clefable, M|100/100|[from]move: U-turn
|move|p2a: Gastrodon|Recover|p2a: Gastrodon
|-heal|p2a: Gastrodon|94/100 tox
|
|-damage|p2a: Gastrodon|76/100 tox|[from] psn
|upkeep
|turn|6
|
|t:|1659825895
|switch|p2a: Corviknight|Corviknight, F|100/100
|-ability|p2a: Corviknight|Pressure
|move|p1a: Clefable|Thunder Wave|p2a: Corviknight
|-status|p2a: Corviknight|par
|
|upkeep
|turn|7
|
|t:|1659825901
|move|p1a: Clefable|Knock Off|p2a: Corviknight
|-damage|p2a: Corviknight|91/100 par
|-enditem|p2a: Corviknight|Leftovers|[from] move: Knock Off|[of] p1a: Clefable
|move|p2a: Corviknight|U-turn|p1a: Clefable
|-resisted|p1a: Clefable
|-damage|p1a: Clefable|95/100
|-damage|p2a: Corviknight|75/100 par|[from] item: Rocky Helmet|[of] p1a: Clefable
|
|t:|1659825904
|switch|p2a: Clefable|Clefable, F|100/100|[from]move: U-turn
|
|upkeep
|turn|8
|
|t:|1659825909
|move|p1a: Clefable|Knock Off|p2a: Clefable
|-resisted|p2a: Clefable
|-damage|p2a: Clefable|94/100
|-enditem|p2a: Clefable|Leftovers|[from] move: Knock Off|[of] p1a: Clefable
|move|p2a: Clefable|Knock Off|p1a: Clefable
|-resisted|p1a: Clefable
|-damage|p1a: Clefable|89/100
|-enditem|p1a: Clefable|Rocky Helmet|[from] move: Knock Off|[of] p2a: Clefable
|
|upkeep
|turn|9
|
|t:|1659825914
|move|p1a: Clefable|Thunder Wave|p2a: Clefable
|-status|p2a: Clefable|par
|cant|p2a: Clefable|par
|
|upkeep
|turn|10
|
|t:|1659825919
|move|p1a: Clefable|Moonblast|p2a: Clefable
|-damage|p2a: Clefable|71/100 par
|-unboost|p2a: Clefable|spa|1
|move|p2a: Clefable|Stealth Rock|p1a: Clefable
|-sidestart|p1: escalando|move: Stealth Rock
|
|upkeep
|turn|11
|j| BDSPLT1JL Bhalal
|
|t:|1659825928
|move|p1a: Clefable|Moonblast|p2a: Clefable
|-damage|p2a: Clefable|47/100 par
|move|p2a: Clefable|Soft-Boiled|p2a: Clefable
|-heal|p2a: Clefable|97/100 par
|
|upkeep
|turn|12
|
|t:|1659825935
|switch|p2a: Corviknight|Corviknight, F|75/100 par
|-ability|p2a: Corviknight|Pressure
|move|p1a: Clefable|Knock Off|p2a: Corviknight
|-damage|p2a: Corviknight|68/100 par
|
|upkeep
|turn|13
|
|t:|1659825940
|switch|p1a: Landorus|Landorus-Therian, M|100/100
|-damage|p1a: Landorus|88/100|[from] Stealth Rock
|-ability|p1a: Landorus|Intimidate|boost
|-unboost|p2a: Corviknight|atk|1
|move|p2a: Corviknight|Roost|p2a: Corviknight
|-heal|p2a: Corviknight|100/100 par
|-singleturn|p2a: Corviknight|move: Roost
|
|-heal|p1a: Landorus|94/100|[from] item: Leftovers
|upkeep
|turn|14
|
|t:|1659825946
|move|p1a: Landorus|Defog|p2a: Corviknight
|-unboost|p2a: Corviknight|evasion|1
|-sideend|p1: escalando|Stealth Rock|[from] move: Defog|[of] p1a: Landorus
|move|p2a: Corviknight|U-turn|p1a: Landorus
|-resisted|p1a: Landorus
|-damage|p1a: Landorus|89/100
|
|t:|1659825950
|switch|p2a: Toxapex|Toxapex, F|100/100|[from]move: U-turn
|
|-heal|p1a: Landorus|96/100|[from] item: Leftovers
|upkeep
|turn|15
|
|t:|1659825955
|switch|p1a: Tornadus|Tornadus-Therian, M|80/100 tox
|move|p2a: Toxapex|Knock Off|p1a: Tornadus
|-damage|p1a: Tornadus|66/100 tox
|-enditem|p1a: Tornadus|Heavy-Duty Boots|[from] move: Knock Off|[of] p2a: Toxapex
|
|-damage|p1a: Tornadus|60/100 tox|[from] psn
|upkeep
|turn|16
|
|t:|1659825964
|switch|p2a: Corviknight|Corviknight, F|100/100 par
|-ability|p2a: Corviknight|Pressure
|move|p1a: Tornadus|U-turn|p2a: Corviknight
|-resisted|p2a: Corviknight
|-damage|p2a: Corviknight|98/100 par
|
|t:|1659825966
|switch|p1a: Heatran|Heatran, M|100/100|[from]move: U-turn
|
|upkeep
|turn|17
|
|t:|1659825972
|switch|p2a: Gastrodon|Gastrodon, F|76/100 tox
|move|p1a: Heatran|Stealth Rock|p2a: Gastrodon
|-sidestart|p2: LT92PF Lio|move: Stealth Rock
|
|-damage|p2a: Gastrodon|70/100 tox|[from] psn
|upkeep
|turn|18
|
|t:|1659825988
|switch|p1a: Clefable|Clefable, M|89/100
|switch|p2a: Clefable|Clefable, F|97/100 par
|
|upkeep
|turn|19
|
|t:|1659825994
|move|p1a: Clefable|Soft-Boiled|p1a: Clefable
|-heal|p1a: Clefable|100/100
|move|p2a: Clefable|Stealth Rock|p1a: Clefable
|-sidestart|p1: escalando|move: Stealth Rock
|
|upkeep
|turn|20
|
|t:|1659825998
|switch|p2a: Corviknight|Corviknight, F|98/100 par
|-damage|p2a: Corviknight|85/100 par|[from] Stealth Rock
|-ability|p2a: Corviknight|Pressure
|move|p1a: Clefable|Knock Off|p2a: Corviknight
|-damage|p2a: Corviknight|79/100 par
|
|upkeep
|turn|21
|
|t:|1659826002
|switch|p1a: Landorus|Landorus-Therian, M|96/100
|-damage|p1a: Landorus|83/100|[from] Stealth Rock
|-ability|p1a: Landorus|Intimidate|boost
|-unboost|p2a: Corviknight|atk|1
|cant|p2a: Corviknight|par
|
|-heal|p1a: Landorus|89/100|[from] item: Leftovers
|upkeep
|turn|22
|
|t:|1659826012
|move|p1a: Landorus|U-turn|p2a: Corviknight
|-resisted|p2a: Corviknight
|-damage|p2a: Corviknight|75/100 par
|
|t:|1659826014
|switch|p1a: Tornadus|Tornadus-Therian, M|93/100 tox|[from]move: U-turn
|-damage|p1a: Tornadus|68/100 tox|[from] Stealth Rock
|cant|p2a: Corviknight|par
|
|-damage|p1a: Tornadus|62/100 tox|[from] psn
|upkeep
|turn|23
|
|t:|1659826019
|move|p1a: Tornadus|U-turn|p2a: Corviknight
|-resisted|p2a: Corviknight
|-damage|p2a: Corviknight|73/100 par
|
|t:|1659826024
|switch|p1a: Rotom|Rotom-Wash|100/100|[from]move: U-turn
|-damage|p1a: Rotom|88/100|[from] Stealth Rock
|move|p2a: Corviknight|U-turn|p1a: Rotom
|-damage|p1a: Rotom|79/100
|
|t:|1659826028
|switch|p2a: Dragapult|Dragapult, F|100/100|[from]move: U-turn
|-damage|p2a: Dragapult|88/100|[from] Stealth Rock
|
|-heal|p1a: Rotom|86/100|[from] item: Leftovers
|upkeep
|turn|24
|
|t:|1659826035
|switch|p1a: Heatran|Heatran, M|100/100
|-damage|p1a: Heatran|88/100|[from] Stealth Rock
|move|p2a: Dragapult|Shadow Ball|p1a: Heatran
|-damage|p1a: Heatran|57/100
|
|-heal|p1a: Heatran|64/100|[from] item: Leftovers
|upkeep
|turn|25
|j|+spoo
|
|t:|1659826043
|move|p2a: Dragapult|Shadow Ball|p1a: Heatran
|-damage|p1a: Heatran|29/100
|move|p1a: Heatran|Toxic|p2a: Dragapult
|-status|p2a: Dragapult|tox
|
|-heal|p1a: Heatran|36/100|[from] item: Leftovers
|-damage|p2a: Dragapult|82/100 tox|[from] psn
|upkeep
|turn|26
|
|t:|1659826059
|move|p1a: Heatran|Protect|p1a: Heatran
|-singleturn|p1a: Heatran|Protect
|move|p2a: Dragapult|Shadow Ball|p1a: Heatran
|-activate|p1a: Heatran|move: Protect
|
|-heal|p1a: Heatran|42/100|[from] item: Leftovers
|-damage|p2a: Dragapult|70/100 tox|[from] psn
|upkeep
|turn|27
|l|+spoo
|j| chokst du
|
|t:|1659826110
|switch|p2a: Toxapex|Toxapex, F|100/100
|-damage|p2a: Toxapex|88/100|[from] Stealth Rock
|switch|p1a: Landorus|Landorus-Therian, M|89/100
|-damage|p1a: Landorus|77/100|[from] Stealth Rock
|-ability|p1a: Landorus|Intimidate|boost
|-unboost|p2a: Toxapex|atk|1
|
|-heal|p1a: Landorus|83/100|[from] item: Leftovers
|upkeep
|turn|28
|
|t:|1659826117
|switch|p1a: Clefable|Clefable, M|100/100
|move|p2a: Toxapex|Knock Off|p1a: Clefable
|-resisted|p1a: Clefable
|-damage|p1a: Clefable|98/100
|
|upkeep
|turn|29
|l| BDSPLT1JL Bhalal
|
|t:|1659826124
|move|p1a: Clefable|Knock Off|p2a: Toxapex
|-damage|p2a: Toxapex|79/100
|-enditem|p2a: Toxapex|Rocky Helmet|[from] move: Knock Off|[of] p1a: Clefable
|move|p2a: Toxapex|Toxic Spikes|p1a: Clefable
|-sidestart|p1: escalando|move: Toxic Spikes
|
|upkeep
|turn|30
|
|t:|1659826131
|switch|p1a: Rotom|Rotom-Wash|86/100
|-damage|p1a: Rotom|73/100|[from] Stealth Rock
|switch|p2a: Gastrodon|Gastrodon, F|70/100 tox
|-damage|p2a: Gastrodon|64/100 tox|[from] Stealth Rock
|
|-heal|p1a: Rotom|79/100|[from] item: Leftovers
|-damage|p2a: Gastrodon|58/100 tox|[from] psn
|upkeep
|turn|31
|
|t:|1659826137
|switch|p1a: Clefable|Clefable, M|98/100
|-status|p1a: Clefable|psn
|move|p2a: Gastrodon|Recover|p2a: Gastrodon
|-heal|p2a: Gastrodon|100/100 tox
|
|-damage|p2a: Gastrodon|88/100 tox|[from] psn
|upkeep
|turn|32
|
|t:|1659826145
|switch|p2a: Corviknight|Corviknight, F|73/100 par
|-damage|p2a: Corviknight|61/100 par|[from] Stealth Rock
|-ability|p2a: Corviknight|Pressure
|move|p1a: Clefable|Thunder Wave|p2a: Corviknight
|-fail|p2a: Corviknight|par
|
|upkeep
|turn|33
|
|t:|1659826151
|switch|p1a: Landorus|Landorus-Therian, M|83/100
|-damage|p1a: Landorus|71/100|[from] Stealth Rock
|-ability|p1a: Landorus|Intimidate|boost
|-unboost|p2a: Corviknight|atk|1
|cant|p2a: Corviknight|par
|
|-heal|p1a: Landorus|77/100|[from] item: Leftovers
|upkeep
|turn|34
|
|t:|1659826154
|move|p1a: Landorus|Defog|p2a: Corviknight
|-unboost|p2a: Corviknight|evasion|1
|-sideend|p2: LT92PF Lio|Stealth Rock|[from] move: Defog|[of] p1a: Landorus
|-sideend|p1: escalando|Toxic Spikes|[from] move: Defog|[of] p1a: Landorus
|-sideend|p1: escalando|Stealth Rock|[from] move: Defog|[of] p1a: Landorus
|move|p2a: Corviknight|Roost|p2a: Corviknight
|-heal|p2a: Corviknight|100/100 par
|-singleturn|p2a: Corviknight|move: Roost
|
|-heal|p1a: Landorus|83/100|[from] item: Leftovers
|upkeep
|turn|35
|
|t:|1659826161
|move|p1a: Landorus|U-turn|p2a: Corviknight
|-resisted|p2a: Corviknight
|-damage|p2a: Corviknight|97/100 par
|
|t:|1659826164
|switch|p1a: Rotom|Rotom-Wash|79/100|[from]move: U-turn
|move|p2a: Corviknight|U-turn|p1a: Rotom
|-damage|p1a: Rotom|72/100
|
|t:|1659826170
|switch|p2a: Clefable|Clefable, F|97/100 par|[from]move: U-turn
|
|-heal|p1a: Rotom|78/100|[from] item: Leftovers
|upkeep
|turn|36
|
|t:|1659826178
|move|p1a: Rotom|Volt Switch|p2a: Clefable
|-damage|p2a: Clefable|78/100 par
|
|t:|1659826181
|switch|p1a: Clefable|Clefable, M|98/100 psn|[from]move: Volt Switch
|move|p2a: Clefable|Stealth Rock|p1a: Clefable
|-sidestart|p1: escalando|move: Stealth Rock
|
|upkeep
|turn|37
|
|t:|1659826187
|switch|p1a: Heatran|Heatran, M|42/100
|-damage|p1a: Heatran|29/100|[from] Stealth Rock
|switch|p2a: Marowak|Marowak-Alola, F|100/100
|
|-heal|p1a: Heatran|36/100|[from] item: Leftovers
|upkeep
|turn|38
|
|t:|1659826198
|switch|p1a: Landorus|Landorus-Therian, M|83/100
|-damage|p1a: Landorus|70/100|[from] Stealth Rock
|-ability|p1a: Landorus|Intimidate|boost
|-unboost|p2a: Marowak|atk|1
|move|p2a: Marowak|Poltergeist|p1a: Landorus
|-activate|p1a: Landorus|move: Poltergeist|Leftovers
|-damage|p1a: Landorus|14/100
|
|-heal|p1a: Landorus|20/100|[from] item: Leftovers
|upkeep
|turn|39
|
|t:|1659826206
|switch|p2a: Corviknight|Corviknight, F|97/100 par
|-ability|p2a: Corviknight|Pressure
|move|p1a: Landorus|U-turn|p2a: Corviknight
|-resisted|p2a: Corviknight
|-damage|p2a: Corviknight|93/100 par
|
|t:|1659826213
|switch|p1a: Heatran|Heatran, M|36/100|[from]move: U-turn
|-damage|p1a: Heatran|23/100|[from] Stealth Rock
|
|-heal|p1a: Heatran|29/100|[from] item: Leftovers
|upkeep
|turn|40
|
|t:|1659826216
|switch|p2a: Marowak|Marowak-Alola, F|100/100
|move|p1a: Heatran|Stealth Rock|p2a: Marowak
|-sidestart|p2: LT92PF Lio|move: Stealth Rock
|
|-heal|p1a: Heatran|36/100|[from] item: Leftovers
|upkeep
|turn|41
|
|t:|1659826223
|switch|p1a: Landorus|Landorus-Therian, M|20/100
|-damage|p1a: Landorus|8/100|[from] Stealth Rock
|-ability|p1a: Landorus|Intimidate|boost
|-unboost|p2a: Marowak|atk|1
|move|p2a: Marowak|Poltergeist|p1a: Landorus
|-activate|p1a: Landorus|move: Poltergeist|Leftovers
|-damage|p1a: Landorus|0 fnt
|faint|p1a: Landorus
|
|upkeep
|
|t:|1659826229
|switch|p1a: Dragapult|Dragapult, M|100/100
|-damage|p1a: Dragapult|88/100|[from] Stealth Rock
|turn|42
|
|t:|1659826235
|switch|p2a: Toxapex|Toxapex, F|100/100
|-damage|p2a: Toxapex|88/100|[from] Stealth Rock
|move|p1a: Dragapult|Shadow Ball|p2a: Toxapex
|-damage|p2a: Toxapex|45/100
|-unboost|p2a: Toxapex|spd|1
|
|upkeep
|turn|43
|
|t:|1659826244
|switch|p2a: Gastrodon|Gastrodon, F|88/100 tox
|-damage|p2a: Gastrodon|82/100 tox|[from] Stealth Rock
|move|p1a: Dragapult|Shadow Ball|p2a: Gastrodon
|-damage|p2a: Gastrodon|43/100 tox
|
|-damage|p2a: Gastrodon|37/100 tox|[from] psn
|upkeep
|turn|44
|
|t:|1659826253
|move|p1a: Dragapult|Shadow Ball|p2a: Gastrodon
|-damage|p2a: Gastrodon|0 fnt
|faint|p2a: Gastrodon
|
|upkeep
|
|t:|1659826257
|switch|p2a: Toxapex|Toxapex, F|78/100
|-damage|p2a: Toxapex|65/100|[from] Stealth Rock
|turn|45
|
|t:|1659826260
|switch|p1a: Clefable|Clefable, M|98/100 psn
|move|p2a: Toxapex|Knock Off|p1a: Clefable
|-resisted|p1a: Clefable
|-damage|p1a: Clefable|94/100 psn
|
|upkeep
|turn|46
|
|t:|1659826263
|move|p1a: Clefable|Knock Off|p2a: Toxapex
|-damage|p2a: Toxapex|59/100
|move|p2a: Toxapex|Toxic Spikes|p1a: Clefable
|-sidestart|p1: escalando|move: Toxic Spikes
|
|upkeep
|turn|47
|
|t:|1659826269
|switch|p2a: Corviknight|Corviknight, F|93/100 par
|-damage|p2a: Corviknight|81/100 par|[from] Stealth Rock
|-ability|p2a: Corviknight|Pressure
|move|p1a: Clefable|Knock Off|p2a: Corviknight
|-damage|p2a: Corviknight|74/100 par
|
|upkeep
|turn|48
|
|t:|1659826277
|switch|p1a: Rotom|Rotom-Wash|78/100
|-damage|p1a: Rotom|65/100|[from] Stealth Rock
|move|p2a: Corviknight|U-turn|p1a: Rotom
|-damage|p1a: Rotom|52/100
|
|t:|1659826281
|switch|p2a: Dragapult|Dragapult, F|70/100 tox|[from]move: U-turn
|-damage|p2a: Dragapult|58/100 tox|[from] Stealth Rock
|
|-heal|p1a: Rotom|59/100|[from] item: Leftovers
|-damage|p2a: Dragapult|52/100 tox|[from] psn
|upkeep
|turn|49
|
|t:|1659826318
|move|p2a: Dragapult|Shadow Ball|p1a: Rotom
|-damage|p1a: Rotom|9/100
|move|p1a: Rotom|Volt Switch|p2a: Dragapult
|-resisted|p2a: Dragapult
|-damage|p2a: Dragapult|36/100 tox
|
|t:|1659826325
|switch|p1a: Clefable|Clefable, M|94/100 psn|[from]move: Volt Switch
|
|-damage|p2a: Dragapult|24/100 tox|[from] psn
|upkeep
|turn|50
|
|t:|1659826328
|switch|p2a: Corviknight|Corviknight, F|74/100 par
|-damage|p2a: Corviknight|61/100 par|[from] Stealth Rock
|-ability|p2a: Corviknight|Pressure
|move|p1a: Clefable|Soft-Boiled|p1a: Clefable
|-heal|p1a: Clefable|100/100 psn
|
|upkeep
|turn|51
|
|t:|1659826338
|switch|p1a: Tornadus|Tornadus-Therian, M|95/100 tox
|-damage|p1a: Tornadus|70/100 tox|[from] Stealth Rock
|move|p2a: Corviknight|Roost|p2a: Corviknight
|-heal|p2a: Corviknight|100/100 par
|-singleturn|p2a: Corviknight|move: Roost
|
|-damage|p1a: Tornadus|64/100 tox|[from] psn
|upkeep
|turn|52
|
|t:|1659826352
|move|p1a: Tornadus|Knock Off|p2a: Corviknight
|-damage|p2a: Corviknight|91/100 par
|move|p2a: Corviknight|Body Press|p1a: Tornadus
|-resisted|p1a: Tornadus
|-damage|p1a: Tornadus|52/100 tox
|
|-damage|p1a: Tornadus|40/100 tox|[from] psn
|upkeep
|turn|53
|
|t:|1659826361
|move|p1a: Tornadus|U-turn|p2a: Corviknight
|-resisted|p2a: Corviknight
|-damage|p2a: Corviknight|89/100 par
|
|t:|1659826363
|switch|p1a: Clefable|Clefable, M|100/100 psn|[from]move: U-turn
|move|p2a: Corviknight|U-turn|p1a: Clefable
|-resisted|p1a: Clefable
|-damage|p1a: Clefable|94/100 psn
|
|t:|1659826365
|switch|p2a: Toxapex|Toxapex, F|92/100|[from]move: U-turn
|-damage|p2a: Toxapex|80/100|[from] Stealth Rock
|
|upkeep
|turn|54
|
|t:|1659826369
|switch|p2a: Corviknight|Corviknight, F|89/100 par
|-damage|p2a: Corviknight|76/100 par|[from] Stealth Rock
|-ability|p2a: Corviknight|Pressure
|move|p1a: Clefable|Thunder Wave|p2a: Corviknight
|-fail|p2a: Corviknight|par
|
|upkeep
|turn|55
|
|t:|1659826383
|move|p1a: Clefable|Knock Off|p2a: Corviknight
|-damage|p2a: Corviknight|70/100 par
|move|p2a: Corviknight|Roost|p2a: Corviknight
|-heal|p2a: Corviknight|100/100 par
|-singleturn|p2a: Corviknight|move: Roost
|
|upkeep
|turn|56
|
|t:|1659826393
|switch|p1a: Tornadus|Tornadus-Therian, M|73/100 tox
|-damage|p1a: Tornadus|48/100 tox|[from] Stealth Rock
|move|p2a: Corviknight|Body Press|p1a: Tornadus
|-resisted|p1a: Tornadus
|-damage|p1a: Tornadus|37/100 tox
|
|-damage|p1a: Tornadus|31/100 tox|[from] psn
|upkeep
|turn|57
|
|t:|1659826399
|move|p1a: Tornadus|U-turn|p2a: Corviknight
|-resisted|p2a: Corviknight
|-damage|p2a: Corviknight|98/100 par
|
|t:|1659826401
|switch|p1a: Clefable|Clefable, M|94/100 psn|[from]move: U-turn
|cant|p2a: Corviknight|par
|
|upkeep
|turn|58
|
|t:|1659826408
|switch|p1a: Heatran|Heatran, M|36/100
|-damage|p1a: Heatran|23/100|[from] Stealth Rock
|move|p2a: Corviknight|Body Press|p1a: Heatran
|-supereffective|p1a: Heatran
|-damage|p1a: Heatran|0 fnt
|faint|p1a: Heatran
|
|upkeep
|
|t:|1659826415
|switch|p1a: Dragapult|Dragapult, M|88/100
|-damage|p1a: Dragapult|76/100|[from] Stealth Rock
|-status|p1a: Dragapult|psn
|turn|59
|
|t:|1659826421
|move|p1a: Dragapult|Shadow Ball|p2a: Corviknight
|-damage|p2a: Corviknight|46/100 par
|cant|p2a: Corviknight|par
|
|-damage|p1a: Dragapult|64/100 psn|[from] psn
|upkeep
|turn|60
|
|t:|1659826425
|switch|p2a: Toxapex|Toxapex, F|100/100
|-damage|p2a: Toxapex|88/100|[from] Stealth Rock
|move|p1a: Dragapult|Shadow Ball|p2a: Toxapex
|-damage|p2a: Toxapex|41/100
|
|-damage|p1a: Dragapult|51/100 psn|[from] psn
|upkeep
|turn|61
|
|t:|1659826432
|switch|p2a: Clefable|Clefable, F|78/100 par
|move|p1a: Dragapult|Shadow Ball|p2a: Clefable
|-damage|p2a: Clefable|34/100 par
|
|-damage|p1a: Dragapult|39/100 psn|[from] psn
|upkeep
|turn|62
|
|t:|1659826436
|move|p1a: Dragapult|Shadow Ball|p2a: Clefable
|-damage|p2a: Clefable|0 fnt
|faint|p2a: Clefable
|
|-damage|p1a: Dragapult|27/100 psn|[from] psn
|upkeep
|
|t:|1659826439
|switch|p2a: Toxapex|Toxapex, F|74/100
|-damage|p2a: Toxapex|61/100|[from] Stealth Rock
|turn|63
|
|t:|1659826447
|switch|p1a: Clefable|Clefable, M|94/100 psn
|move|p2a: Toxapex|Knock Off|p1a: Clefable
|-resisted|p1a: Clefable
|-damage|p1a: Clefable|90/100 psn
|
|upkeep
|turn|64
|
|t:|1659826451
|switch|p2a: Corviknight|Corviknight, F|46/100 par
|-damage|p2a: Corviknight|34/100 par|[from] Stealth Rock
|-ability|p2a: Corviknight|Pressure
|move|p1a: Clefable|Thunder Wave|p2a: Corviknight
|-fail|p2a: Corviknight|par
|
|upkeep
|turn|65
|
|t:|1659826476
|switch|p1a: Dragapult|Dragapult, M|27/100 psn
|-damage|p1a: Dragapult|14/100 psn|[from] Stealth Rock
|move|p2a: Corviknight|Roost|p2a: Corviknight
|-heal|p2a: Corviknight|84/100 par
|-singleturn|p2a: Corviknight|move: Roost
|
|-damage|p1a: Dragapult|2/100 psn|[from] psn
|upkeep
|turn|66
|
|t:|1659826481
|switch|p2a: Toxapex|Toxapex, F|95/100
|-damage|p2a: Toxapex|82/100|[from] Stealth Rock
|move|p1a: Dragapult|Hex|p2a: Toxapex
|-damage|p2a: Toxapex|41/100
|
|-damage|p1a: Dragapult|0 fnt|[from] psn
|faint|p1a: Dragapult
|upkeep
|-message|escalando forfeited.
|
|win|LT92PF Lio
|raw|escalando's rating: 1656 &rarr; <strong>1642</strong><br />(-14 for losing)
|raw|LT92PF Lio's rating: 1761 &rarr; <strong>1775</strong><br />(+14 for winning)
|l|☆escalando
|j|☆escalando
|player|p1|escalando|169
|l|☆escalando
|player|p1|
||Ladder isn't responding, score probably updated but might not have (Request timeout).
