|j|☆Huskothy
|j|☆Yrrol
|t:|1664892133
|gametype|singles
|player|p1|Huskothy|lucas|1503
|player|p2|Yrrol|169|1457
|teamsize|p1|6
|teamsize|p2|6
|gen|8
|tier|[Gen 8] OU
|rated|
|rule|Sleep Clause Mod: Limit one foe put to sleep
|rule|Species Clause: Limit one of each Pokémon
|rule|OHKO Clause: OHKO moves are banned
|rule|Evasion Items Clause: Evasion items are banned
|rule|Evasion Moves Clause: Evasion moves are banned
|rule|Endless Battle Clause: Forcing endless battles is banned
|rule|HP Percentage Mod: HP is shown in percentages
|rule|Dynamax Clause: You cannot dynamax
|clearpoke
|poke|p1|Rotom-Wash|
|poke|p1|Tornadus-Therian, M|
|poke|p1|Ferrothorn, M|
|poke|p1|Landorus-Therian, M|
|poke|p1|Weavile, F|
|poke|p1|Dragapult, M|
|poke|p2|Ditto|
|poke|p2|Vileplume, F|
|poke|p2|Tapu Fini|
|poke|p2|Moltres|
|poke|p2|Zygarde-10%|
|poke|p2|Shedinja|
|teampreview
|
|t:|1664892145
|start
|switch|p1a: Dragapult|Dragapult, M|100/100
|switch|p2a: Ditto|Ditto|100/100
|-transform|p2a: Ditto|p1a: Dragapult|[from] ability: Imposter
|turn|1
|
|t:|1664892152
|switch|p1a: Ferrothorn|Ferrothorn, M|100/100
|move|p2a: Ditto|Draco Meteor|p1a: Ferrothorn
|-resisted|p1a: Ferrothorn
|-damage|p1a: Ferrothorn|81/100
|-unboost|p2a: Ditto|spa|2
|
|-heal|p1a: Ferrothorn|88/100|[from] item: Leftovers
|upkeep
|turn|2
|
|t:|1664892161
|switch|p2a: Vileplume|Vileplume, F|100/100
|move|p1a: Ferrothorn|Stealth Rock|p2a: Vileplume
|-sidestart|p2: Yrrol|move: Stealth Rock
|
|-heal|p1a: Ferrothorn|94/100|[from] item: Leftovers
|upkeep
|turn|3
|
|t:|1664892164
|move|p2a: Vileplume|Strength Sap|p1a: Ferrothorn
|-unboost|p1a: Ferrothorn|atk|1
|move|p1a: Ferrothorn|Knock Off|p2a: Vileplume
|-damage|p2a: Vileplume|90/100
|-damage|p1a: Ferrothorn|77/100|[from] item: Rocky Helmet|[of] p2a: Vileplume
|-enditem|p2a: Vileplume|Rocky Helmet|[from] move: Knock Off|[of] p1a: Ferrothorn
|
|-heal|p1a: Ferrothorn|84/100|[from] item: Leftovers
|upkeep
|turn|4
|
|t:|1664892171
|switch|p2a: Moltres|Moltres|100/100
|switch|p1a: Tornadus|Tornadus-Therian, M|100/100
|
|upkeep
|turn|5
|
|t:|1664892178
|move|p1a: Tornadus|Toxic|p2a: Moltres
|-status|p2a: Moltres|tox
|move|p2a: Moltres|Burn Up|p1a: Tornadus
|-damage|p1a: Tornadus|32/100
|-start|p2a: Moltres|typechange|???/Flying|[from] move: Burn Up
|
|-damage|p2a: Moltres|94/100 tox|[from] psn
|upkeep
|turn|6
|
|t:|1664892189
|switch|p2a: Vileplume|Vileplume, F|90/100
|-damage|p2a: Vileplume|77/100|[from] Stealth Rock
|move|p1a: Tornadus|U-turn|p2a: Vileplume
|-damage|p2a: Vileplume|67/100
|
|t:|1664892201
|switch|p1a: Landorus|Landorus-Therian, M|100/100|[from]move: U-turn
|-ability|p1a: Landorus|Intimidate|boost
|-unboost|p2a: Vileplume|atk|1
|
|upkeep
|turn|7
|
|t:|1664892205
|move|p1a: Landorus|Substitute|p1a: Landorus
|-start|p1a: Landorus|Substitute
|-damage|p1a: Landorus|76/100
|move|p2a: Vileplume|Strength Sap||[still]
|-fail|p2a: Vileplume
|
|-heal|p1a: Landorus|82/100|[from] item: Leftovers
|upkeep
|turn|8
|
|t:|1664892210
|move|p1a: Landorus|Bulk Up|p1a: Landorus
|-boost|p1a: Landorus|atk|1
|-boost|p1a: Landorus|def|1
|move|p2a: Vileplume|Giga Drain|p1a: Landorus
|-end|p1a: Landorus|Substitute
|-heal|p2a: Vileplume|80/100|[from] drain|[of] p1a: Landorus
|
|-heal|p1a: Landorus|88/100|[from] item: Leftovers
|upkeep
|turn|9
|
|t:|1664892215
|move|p1a: Landorus|Earthquake|p2a: Vileplume
|-damage|p2a: Vileplume|23/100
|move|p2a: Vileplume|Giga Drain|p1a: Landorus
|-damage|p1a: Landorus|59/100
|-heal|p2a: Vileplume|39/100|[from] drain|[of] p1a: Landorus
|
|-heal|p1a: Landorus|65/100|[from] item: Leftovers
|upkeep
|turn|10
|
|t:|1664892221
|switch|p2a: Ditto|Ditto|100/100
|-damage|p2a: Ditto|88/100|[from] Stealth Rock
|-transform|p2a: Ditto|p1a: Landorus|[from] ability: Imposter
|-ability|p2a: Ditto|Intimidate|boost
|-unboost|p1a: Landorus|atk|1
|move|p1a: Landorus|Earthquake|p2a: Ditto
|-immune|p2a: Ditto
|
|-heal|p1a: Landorus|71/100|[from] item: Leftovers
|upkeep
|turn|11
|
|t:|1664892241
|switch|p2a: Tapu Fini|Tapu Fini|100/100
|-damage|p2a: Tapu Fini|88/100|[from] Stealth Rock
|-fieldstart|move: Misty Terrain|[from] ability: Misty Surge|[of] p2a: Tapu Fini
|move|p1a: Landorus|Bulk Up|p1a: Landorus
|-boost|p1a: Landorus|atk|1
|-boost|p1a: Landorus|def|1
|
|-heal|p1a: Landorus|77/100|[from] item: Leftovers
|-heal|p2a: Tapu Fini|94/100|[from] item: Leftovers
|upkeep
|turn|12
|
|t:|1664892246
|switch|p1a: Rotom|Rotom-Wash|100/100
|move|p2a: Tapu Fini|Defog|p1a: Rotom
|-unboost|p1a: Rotom|evasion|1
|-sideend|p2: Yrrol|Stealth Rock|[from] move: Defog|[of] p2a: Tapu Fini
|-fieldend|Misty Terrain
|
|-heal|p2a: Tapu Fini|100/100|[from] item: Leftovers
|upkeep
|turn|13
|
|t:|1664892252
|switch|p2a: Zygarde|Zygarde-10%|100/100
|-ability|p2a: Zygarde|Aura Break
|move|p1a: Rotom|Hydro Pump|p2a: Zygarde
|-damage|p2a: Zygarde|19/100
|
|upkeep
|turn|14
|
|t:|1664892265
|switch|p1a: Landorus|Landorus-Therian, M|77/100
|-ability|p1a: Landorus|Intimidate|boost
|-unboost|p2a: Zygarde|atk|1
|move|p2a: Zygarde|Thousand Arrows|p1a: Landorus
|-damage|p1a: Landorus|41/100
|-start|p1a: Landorus|Smack Down
|
|-heal|p1a: Landorus|47/100|[from] item: Leftovers
|upkeep
|turn|15
|
|t:|1664892275
|switch|p1a: Dragapult|Dragapult, M|100/100
|move|p2a: Zygarde|Thousand Arrows|p1a: Dragapult
|-damage|p1a: Dragapult|49/100
|
|upkeep
|turn|16
|
|t:|1664892289
|switch|p2a: Tapu Fini|Tapu Fini|100/100
|-fieldstart|move: Misty Terrain|[from] ability: Misty Surge|[of] p2a: Tapu Fini
|move|p1a: Dragapult|Hex|p2a: Tapu Fini
|-damage|p2a: Tapu Fini|79/100
|
|-heal|p2a: Tapu Fini|85/100|[from] item: Leftovers
|upkeep
|turn|17
|
|t:|1664892301
|switch|p2a: Ditto|Ditto|88/100
|-transform|p2a: Ditto|p1a: Dragapult|[from] ability: Imposter
|move|p1a: Dragapult|U-turn|p2a: Ditto
|-resisted|p2a: Ditto
|-damage|p2a: Ditto|77/100
|
|t:|1664892305
|switch|p1a: Ferrothorn|Ferrothorn, M|84/100|[from]move: U-turn
|
|-heal|p1a: Ferrothorn|90/100|[from] item: Leftovers
|upkeep
|turn|18
|
|t:|1664892315
|switch|p2a: Vileplume|Vileplume, F|39/100
|move|p1a: Ferrothorn|Leech Seed|p2a: Vileplume
|-immune|p2a: Vileplume
|
|-heal|p1a: Ferrothorn|96/100|[from] item: Leftovers
|upkeep
|turn|19
|
|t:|1664892319
|move|p2a: Vileplume|Strength Sap|p1a: Ferrothorn
|-unboost|p1a: Ferrothorn|atk|1
|-heal|p2a: Vileplume|100/100
|move|p1a: Ferrothorn|Stealth Rock|p2a: Vileplume
|-sidestart|p2: Yrrol|move: Stealth Rock
|
|-heal|p1a: Ferrothorn|100/100|[from] item: Leftovers
|upkeep
|turn|20
|
|t:|1664892332
|switch|p2a: Ditto|Ditto|77/100
|-damage|p2a: Ditto|64/100|[from] Stealth Rock
|-transform|p2a: Ditto|p1a: Ferrothorn|[from] ability: Imposter
|switch|p1a: Tornadus|Tornadus-Therian, M|65/100
|
|-fieldend|Misty Terrain
|upkeep
|turn|21
|
|t:|1664892348
|move|p1a: Tornadus|Hurricane|p2a: Ditto
|-damage|p2a: Ditto|34/100
|move|p2a: Ditto|Stealth Rock|p1a: Tornadus
|-sidestart|p1: Huskothy|move: Stealth Rock
|
|upkeep
|turn|22
|
|t:|1664892358
|switch|p2a: Tapu Fini|Tapu Fini|85/100
|-damage|p2a: Tapu Fini|73/100|[from] Stealth Rock
|-fieldstart|move: Misty Terrain|[from] ability: Misty Surge|[of] p2a: Tapu Fini
|move|p1a: Tornadus|Hurricane|p2a: Tapu Fini|[miss]
|-miss|p1a: Tornadus|p2a: Tapu Fini
|
|-heal|p2a: Tapu Fini|79/100|[from] item: Leftovers
|upkeep
|turn|23
|
|t:|1664892374
|switch|p2a: Moltres|Moltres|94/100 tox
|move|p1a: Tornadus|Hurricane|p2a: Moltres
|-damage|p2a: Moltres|52/100 tox
|
|-damage|p2a: Moltres|46/100 tox|[from] psn
|upkeep
|turn|24
|
|t:|1664892382
|move|p1a: Tornadus|U-turn|p2a: Moltres
|-resisted|p2a: Moltres
|-damage|p2a: Moltres|43/100 tox
|-status|p1a: Tornadus|brn|[from] ability: Flame Body|[of] p2a: Moltres
|
|t:|1664892384
|switch|p1a: Rotom|Rotom-Wash|100/100|[from]move: U-turn
|-damage|p1a: Rotom|88/100|[from] Stealth Rock
|move|p2a: Moltres|Roost|p2a: Moltres
|-heal|p2a: Moltres|93/100 tox
|-singleturn|p2a: Moltres|move: Roost
|
|-heal|p1a: Rotom|94/100|[from] item: Leftovers
|-damage|p2a: Moltres|81/100 tox|[from] psn
|upkeep
|turn|25
|
|t:|1664892394
|switch|p2a: I might die|Shedinja|100/100
|move|p1a: Rotom|Hydro Pump|p2a: I might die
|-immune|p2a: I might die|[from] ability: Wonder Guard
|
|-heal|p1a: Rotom|100/100|[from] item: Leftovers
|upkeep
|turn|26
|
|t:|1664892403
|move|p1a: Rotom|Hex|p2a: I might die
|-supereffective|p2a: I might die
|-damage|p2a: I might die|0 fnt
|faint|p2a: I might die
|
|-fieldend|Misty Terrain
|upkeep
|
|t:|1664892412
|switch|p2a: Zygarde|Zygarde-10%|19/100
|-damage|p2a: Zygarde|13/100|[from] Stealth Rock
|-ability|p2a: Zygarde|Aura Break
|turn|27
|
|t:|1664892433
|switch|p1a: Tornadus|Tornadus-Therian, M|98/100 brn
|move|p2a: Zygarde|Thousand Arrows|p1a: Tornadus
|-damage|p1a: Tornadus|35/100 brn
|-start|p1a: Tornadus|Smack Down
|
|-damage|p1a: Tornadus|29/100 brn|[from] brn
|upkeep
|turn|28
|
|t:|1664892440
|switch|p1a: Ferrothorn|Ferrothorn, M|100/100
|-damage|p1a: Ferrothorn|94/100|[from] Stealth Rock
|move|p2a: Zygarde|Thousand Arrows|p1a: Ferrothorn
|-damage|p1a: Ferrothorn|55/100
|
|-heal|p1a: Ferrothorn|61/100|[from] item: Leftovers
|upkeep
|turn|29
|
|t:|1664892463
|switch|p2a: Vileplume|Vileplume, F|100/100
|-damage|p2a: Vileplume|88/100|[from] Stealth Rock
|move|p1a: Ferrothorn|Knock Off|p2a: Vileplume
|-damage|p2a: Vileplume|78/100
|
|-heal|p1a: Ferrothorn|68/100|[from] item: Leftovers
|upkeep
|turn|30
|
|t:|1664892479
|switch|p2a: Tapu Fini|Tapu Fini|79/100
|-damage|p2a: Tapu Fini|67/100|[from] Stealth Rock
|-fieldstart|move: Misty Terrain|[from] ability: Misty Surge|[of] p2a: Tapu Fini
|switch|p1a: Tornadus|Tornadus-Therian, M|62/100 brn
|
|-heal|p2a: Tapu Fini|73/100|[from] item: Leftovers
|-damage|p1a: Tornadus|56/100 brn|[from] brn
|upkeep
|turn|31
|
|t:|1664892487
|move|p1a: Tornadus|Hurricane|p2a: Tapu Fini|[miss]
|-miss|p1a: Tornadus|p2a: Tapu Fini
|move|p2a: Tapu Fini|Defog|p1a: Tornadus
|-unboost|p1a: Tornadus|evasion|1
|-sideend|p1: Huskothy|Stealth Rock|[from] move: Defog|[of] p2a: Tapu Fini
|-sideend|p2: Yrrol|Stealth Rock|[from] move: Defog|[of] p2a: Tapu Fini
|-fieldend|Misty Terrain
|
|-heal|p2a: Tapu Fini|79/100|[from] item: Leftovers
|-damage|p1a: Tornadus|50/100 brn|[from] brn
|upkeep
|turn|32
|
|t:|1664892490
|move|p1a: Tornadus|U-turn|p2a: Tapu Fini
|-resisted|p2a: Tapu Fini
|-damage|p2a: Tapu Fini|76/100
|
|t:|1664892491
|switch|p1a: Ferrothorn|Ferrothorn, M|68/100|[from]move: U-turn
|move|p2a: Tapu Fini|Hydro Pump|p1a: Ferrothorn
|-resisted|p1a: Ferrothorn
|-damage|p1a: Ferrothorn|53/100
|
|-heal|p2a: Tapu Fini|83/100|[from] item: Leftovers
|-heal|p1a: Ferrothorn|60/100|[from] item: Leftovers
|upkeep
|turn|33
|
|t:|1664892496
|switch|p2a: Moltres|Moltres|81/100 tox
|move|p1a: Ferrothorn|Stealth Rock|p2a: Moltres
|-sidestart|p2: Yrrol|move: Stealth Rock
|
|-heal|p1a: Ferrothorn|66/100|[from] item: Leftovers
|-damage|p2a: Moltres|75/100 tox|[from] psn
|upkeep
|turn|34
|
|t:|1664892503
|switch|p1a: Rotom|Rotom-Wash|100/100
|move|p2a: Moltres|Burn Up|p1a: Rotom
|-resisted|p1a: Rotom
|-damage|p1a: Rotom|55/100
|-start|p2a: Moltres|typechange|???/Flying|[from] move: Burn Up
|
|-heal|p1a: Rotom|61/100|[from] item: Leftovers
|-damage|p2a: Moltres|63/100 tox|[from] psn
|upkeep
|turn|35
|
|t:|1664892522
|switch|p1a: Dragapult|Dragapult, M|49/100
|switch|p2a: Vileplume|Vileplume, F|78/100
|-damage|p2a: Vileplume|65/100|[from] Stealth Rock
|
|upkeep
|turn|36
|
|t:|1664892531
|move|p1a: Dragapult|Draco Meteor|p2a: Vileplume|[miss]
|-miss|p1a: Dragapult|p2a: Vileplume
|move|p2a: Vileplume|Strength Sap|p1a: Dragapult
|-unboost|p1a: Dragapult|atk|1
|-heal|p2a: Vileplume|100/100
|
|upkeep
|turn|37
|
|t:|1664892553
|switch|p2a: Tapu Fini|Tapu Fini|83/100
|-damage|p2a: Tapu Fini|70/100|[from] Stealth Rock
|-fieldstart|move: Misty Terrain|[from] ability: Misty Surge|[of] p2a: Tapu Fini
|move|p1a: Dragapult|Thunder Wave|p2a: Tapu Fini
|-activate|p2a: Tapu Fini|move: Misty Terrain
|
|-heal|p2a: Tapu Fini|76/100|[from] item: Leftovers
|upkeep
|turn|38
|
|t:|1664892559
|move|p1a: Dragapult|U-turn|p2a: Tapu Fini
|-resisted|p2a: Tapu Fini
|-crit|p2a: Tapu Fini
|-damage|p2a: Tapu Fini|66/100
|
|t:|1664892561
|switch|p1a: Ferrothorn|Ferrothorn, M|66/100|[from]move: U-turn
|move|p2a: Tapu Fini|Defog|p1a: Ferrothorn
|-unboost|p1a: Ferrothorn|evasion|1
|-sideend|p2: Yrrol|Stealth Rock|[from] move: Defog|[of] p2a: Tapu Fini
|-fieldend|Misty Terrain
|
|-heal|p2a: Tapu Fini|72/100|[from] item: Leftovers
|-heal|p1a: Ferrothorn|72/100|[from] item: Leftovers
|upkeep
|turn|39
|
|t:|1664892579
|switch|p2a: Zygarde|Zygarde-10%|13/100
|-ability|p2a: Zygarde|Aura Break
|move|p1a: Ferrothorn|Stealth Rock|p2a: Zygarde
|-sidestart|p2: Yrrol|move: Stealth Rock
|
|-heal|p1a: Ferrothorn|78/100|[from] item: Leftovers
|upkeep
|turn|40
|
|t:|1664892582
|move|p2a: Zygarde|Superpower|p1a: Ferrothorn
|-supereffective|p1a: Ferrothorn
|-damage|p1a: Ferrothorn|0 fnt
|-unboost|p2a: Zygarde|atk|1
|-unboost|p2a: Zygarde|def|1
|-damage|p2a: Zygarde|0 fnt|[from] ability: Iron Barbs|[of] p1a: Ferrothorn
|faint|p1a: Ferrothorn
|faint|p2a: Zygarde
|
|upkeep
|
|t:|1664892593
|switch|p2a: Ditto|Ditto|34/100
|switch|p1a: Dragapult|Dragapult, M|49/100
|-damage|p2a: Ditto|22/100|[from] Stealth Rock
|-transform|p2a: Ditto|p1a: Dragapult|[from] ability: Imposter
|turn|41
|
|t:|1664892611
|switch|p1a: Landorus|Landorus-Therian, M|47/100
|-ability|p1a: Landorus|Intimidate|boost
|-unboost|p2a: Ditto|atk|1
|move|p2a: Ditto|Draco Meteor|p1a: Landorus
|-damage|p1a: Landorus|0 fnt
|-unboost|p2a: Ditto|spa|2
|faint|p1a: Landorus
|
|upkeep
|
|t:|1664892621
|switch|p1a: Weavile|Weavile, F|100/100
|-ability|p1a: Weavile|Pressure
|turn|42
|
|t:|1664892624
|switch|p2a: Tapu Fini|Tapu Fini|72/100
|-damage|p2a: Tapu Fini|60/100|[from] Stealth Rock
|-fieldstart|move: Misty Terrain|[from] ability: Misty Surge|[of] p2a: Tapu Fini
|move|p1a: Weavile|Knock Off|p2a: Tapu Fini
|-resisted|p2a: Tapu Fini
|-damage|p2a: Tapu Fini|41/100
|-enditem|p2a: Tapu Fini|Leftovers|[from] move: Knock Off|[of] p1a: Weavile
|
|upkeep
|turn|43
|
|t:|1664892635
|switch|p1a: Rotom|Rotom-Wash|61/100
|move|p2a: Tapu Fini|Defog|p1a: Rotom
|-unboost|p1a: Rotom|evasion|1
|-sideend|p2: Yrrol|Stealth Rock|[from] move: Defog|[of] p2a: Tapu Fini
|-fieldend|Misty Terrain
|
|-heal|p1a: Rotom|67/100|[from] item: Leftovers
|upkeep
|turn|44
|
|t:|1664892645
|switch|p1a: Dragapult|Dragapult, M|49/100
|switch|p2a: Vileplume|Vileplume, F|100/100
|
|upkeep
|turn|45
|
|t:|1664892654
|move|p1a: Dragapult|Hex|p2a: Vileplume
|-damage|p2a: Vileplume|73/100
|move|p2a: Vileplume|Leech Seed|p1a: Dragapult
|-start|p1a: Dragapult|move: Leech Seed
|
|-damage|p1a: Dragapult|37/100|[from] Leech Seed|[of] p2a: Vileplume
|-heal|p2a: Vileplume|84/100|[silent]
|upkeep
|turn|46
|
|t:|1664892665
|switch|p2a: Tapu Fini|Tapu Fini|41/100
|-fieldstart|move: Misty Terrain|[from] ability: Misty Surge|[of] p2a: Tapu Fini
|move|p1a: Dragapult|U-turn|p2a: Tapu Fini
|-resisted|p2a: Tapu Fini
|-damage|p2a: Tapu Fini|34/100
|
|t:|1664892671
|switch|p1a: Rotom|Rotom-Wash|67/100|[from]move: U-turn
|
|-heal|p1a: Rotom|73/100|[from] item: Leftovers
|upkeep
|turn|47
|
|t:|1664892686
|switch|p1a: Weavile|Weavile, F|100/100
|-ability|p1a: Weavile|Pressure
|switch|p2a: Vileplume|Vileplume, F|84/100
|
|upkeep
|turn|48
|
|t:|1664892708
|switch|p2a: Tapu Fini|Tapu Fini|34/100
|move|p1a: Weavile|Triple Axel|p2a: Tapu Fini
|-resisted|p2a: Tapu Fini
|-damage|p2a: Tapu Fini|31/100
|-resisted|p2a: Tapu Fini
|-damage|p2a: Tapu Fini|23/100
|-resisted|p2a: Tapu Fini
|-damage|p2a: Tapu Fini|11/100
|-hitcount|p2a: Tapu Fini|3
|
|upkeep
|turn|49
|
|t:|1664892717
|move|p1a: Weavile|Triple Axel|p2a: Tapu Fini
|-resisted|p2a: Tapu Fini
|-damage|p2a: Tapu Fini|8/100
|-hitcount|p2a: Tapu Fini|1
|move|p2a: Tapu Fini|Draining Kiss|p1a: Weavile
|-supereffective|p1a: Weavile
|-damage|p1a: Weavile|51/100
|-heal|p2a: Tapu Fini|38/100|[from] drain|[of] p1a: Weavile
|
|upkeep
|turn|50
|
|t:|1664892726
|switch|p1a: Rotom|Rotom-Wash|73/100
|move|p2a: Tapu Fini|Draining Kiss|p1a: Rotom
|-damage|p1a: Rotom|53/100
|-heal|p2a: Tapu Fini|51/100|[from] drain|[of] p1a: Rotom
|
|-heal|p1a: Rotom|59/100|[from] item: Leftovers
|-fieldend|Misty Terrain
|upkeep
|turn|51
|
|t:|1664892735
|switch|p1a: Tornadus|Tornadus-Therian, M|83/100 brn
|move|p2a: Tapu Fini|Draining Kiss|p1a: Tornadus
|-damage|p1a: Tornadus|64/100 brn
|-heal|p2a: Tapu Fini|67/100|[from] drain|[of] p1a: Tornadus
|
|-damage|p1a: Tornadus|58/100 brn|[from] brn
|upkeep
|turn|52
|
|t:|1664892742
|switch|p2a: Moltres|Moltres|63/100 tox
|move|p1a: Tornadus|Toxic|p2a: Moltres
|-fail|p2a: Moltres|tox
|
|-damage|p2a: Moltres|57/100 tox|[from] psn
|-damage|p1a: Tornadus|52/100 brn|[from] brn
|upkeep
|turn|53
|
|t:|1664892785
|switch|p1a: Rotom|Rotom-Wash|59/100
|switch|p2a: Ditto|Ditto|22/100
|-transform|p2a: Ditto|p1a: Rotom|[from] ability: Imposter
|
|-heal|p1a: Rotom|65/100|[from] item: Leftovers
|upkeep
|turn|54
|
|t:|1664892802
|move|p2a: Ditto|Thunderbolt|p1a: Rotom
|-damage|p1a: Rotom|13/100
|move|p1a: Rotom|Thunderbolt|p2a: Ditto
|-damage|p2a: Ditto|0 fnt
|faint|p2a: Ditto
|
|-heal|p1a: Rotom|19/100|[from] item: Leftovers
|upkeep
|
|t:|1664892811
|switch|p2a: Vileplume|Vileplume, F|84/100
|turn|55
|
|t:|1664892817
|switch|p1a: Tornadus|Tornadus-Therian, M|85/100 brn
|move|p2a: Vileplume|Leech Seed|p1a: Tornadus
|-start|p1a: Tornadus|move: Leech Seed
|
|-damage|p1a: Tornadus|72/100 brn|[from] Leech Seed|[of] p2a: Vileplume
|-heal|p2a: Vileplume|97/100|[silent]
|-damage|p1a: Tornadus|66/100 brn|[from] brn
|upkeep
|turn|56
|
|t:|1664892830
|switch|p2a: Moltres|Moltres|57/100 tox
|move|p1a: Tornadus|U-turn|p2a: Moltres
|-resisted|p2a: Moltres
|-damage|p2a: Moltres|55/100 tox
|
|t:|1664892835
|switch|p1a: Dragapult|Dragapult, M|37/100|[from]move: U-turn
|
|-damage|p2a: Moltres|49/100 tox|[from] psn
|upkeep
|turn|57
|
|t:|1664892845
|switch|p2a: Tapu Fini|Tapu Fini|67/100
|-fieldstart|move: Misty Terrain|[from] ability: Misty Surge|[of] p2a: Tapu Fini
|move|p1a: Dragapult|Hex|p2a: Tapu Fini
|-damage|p2a: Tapu Fini|47/100
|
|upkeep
|turn|58
|
|t:|1664892852
|move|p1a: Dragapult|U-turn|p2a: Tapu Fini
|-resisted|p2a: Tapu Fini
|-damage|p2a: Tapu Fini|41/100
|
|t:|1664892854
|switch|p1a: Tornadus|Tornadus-Therian, M|99/100 brn|[from]move: U-turn
|move|p2a: Tapu Fini|Draining Kiss|p1a: Tornadus
|-damage|p1a: Tornadus|81/100 brn
|-heal|p2a: Tapu Fini|55/100|[from] drain|[of] p1a: Tornadus
|
|-damage|p1a: Tornadus|75/100 brn|[from] brn
|upkeep
|turn|59
|
|t:|1664892861
|move|p1a: Tornadus|Hurricane|p2a: Tapu Fini|[miss]
|-miss|p1a: Tornadus|p2a: Tapu Fini
|move|p2a: Tapu Fini|Calm Mind|p2a: Tapu Fini
|-boost|p2a: Tapu Fini|spa|1
|-boost|p2a: Tapu Fini|spd|1
|
|-damage|p1a: Tornadus|69/100 brn|[from] brn
|upkeep
|turn|60
|
|t:|1664892865
|move|p1a: Tornadus|Hurricane|p2a: Tapu Fini|[miss]
|-miss|p1a: Tornadus|p2a: Tapu Fini
|move|p2a: Tapu Fini|Draining Kiss|p1a: Tornadus
|-damage|p1a: Tornadus|39/100 brn
|-heal|p2a: Tapu Fini|79/100|[from] drain|[of] p1a: Tornadus
|
|-damage|p1a: Tornadus|33/100 brn|[from] brn
|upkeep
|turn|61
|
|t:|1664892869
|move|p1a: Tornadus|Hurricane|p2a: Tapu Fini
|-damage|p2a: Tapu Fini|60/100
|move|p2a: Tapu Fini|Draining Kiss|p1a: Tornadus
|-damage|p1a: Tornadus|3/100 brn
|-heal|p2a: Tapu Fini|84/100|[from] drain|[of] p1a: Tornadus
|
|-damage|p1a: Tornadus|0 fnt|[from] brn
|faint|p1a: Tornadus
|-fieldend|Misty Terrain
|upkeep
|
|t:|1664892873
|switch|p1a: Rotom|Rotom-Wash|19/100
|turn|62
|
|t:|1664892875
|move|p1a: Rotom|Thunderbolt|p2a: Tapu Fini
|-supereffective|p2a: Tapu Fini
|-damage|p2a: Tapu Fini|41/100
|-status|p2a: Tapu Fini|par
|move|p2a: Tapu Fini|Draining Kiss|p1a: Rotom
|-damage|p1a: Rotom|0 fnt
|-heal|p2a: Tapu Fini|52/100 par|[from] drain|[of] p1a: Rotom
|faint|p1a: Rotom
|
|upkeep
|
|t:|1664892879
|switch|p1a: Dragapult|Dragapult, M|37/100
|turn|63
|
|t:|1664892881
|move|p1a: Dragapult|Hex|p2a: Tapu Fini
|-damage|p2a: Tapu Fini|24/100 par
|cant|p2a: Tapu Fini|par
|
|upkeep
|turn|64
|
|t:|1664892917
|switch|p2a: Vileplume|Vileplume, F|97/100
|move|p1a: Dragapult|Hex|p2a: Vileplume
|-damage|p2a: Vileplume|65/100
|
|upkeep
|turn|65
|
|t:|1664892927
|move|p1a: Dragapult|Thunder Wave|p2a: Vileplume
|-status|p2a: Vileplume|par
|move|p2a: Vileplume|Leech Seed|p1a: Dragapult
|-start|p1a: Dragapult|move: Leech Seed
|
|-damage|p1a: Dragapult|24/100|[from] Leech Seed|[of] p2a: Vileplume
|-heal|p2a: Vileplume|76/100 par|[silent]
|upkeep
|turn|66
|
|t:|1664892937
|move|p1a: Dragapult|U-turn|p2a: Vileplume
|-damage|p2a: Vileplume|63/100 par
|
|t:|1664892940
|switch|p1a: Weavile|Weavile, F|51/100|[from]move: U-turn
|-ability|p1a: Weavile|Pressure
|move|p2a: Vileplume|Sludge Wave|p1a: Weavile
|-damage|p1a: Weavile|4/100
|
|upkeep
|turn|67
|
|t:|1664892944
|move|p1a: Weavile|Triple Axel|p2a: Vileplume
|-supereffective|p2a: Vileplume
|-damage|p2a: Vileplume|47/100 par
|-supereffective|p2a: Vileplume
|-damage|p2a: Vileplume|17/100 par
|-supereffective|p2a: Vileplume
|-damage|p2a: Vileplume|0 fnt
|faint|p2a: Vileplume
|-hitcount|p2: Vileplume|3
|
|upkeep
|
|t:|1664892950
|switch|p2a: Tapu Fini|Tapu Fini|24/100 par
|-fieldstart|move: Misty Terrain|[from] ability: Misty Surge|[of] p2a: Tapu Fini
|turn|68
|
|t:|1664892955
|move|p1a: Weavile|Triple Axel|p2a: Tapu Fini
|-resisted|p2a: Tapu Fini
|-damage|p2a: Tapu Fini|19/100 par
|-resisted|p2a: Tapu Fini
|-damage|p2a: Tapu Fini|11/100 par
|-resisted|p2a: Tapu Fini
|-damage|p2a: Tapu Fini|0 fnt
|faint|p2a: Tapu Fini
|-hitcount|p2: Tapu Fini|3
|
|upkeep
|
|t:|1664892962
|switch|p2a: Moltres|Moltres|49/100 tox
|turn|69
|
|t:|1664892964
|move|p1a: Weavile|Knock Off|p2a: Moltres
|-damage|p2a: Moltres|5/100 tox
|-enditem|p2a: Moltres|Heavy-Duty Boots|[from] move: Knock Off|[of] p1a: Weavile
|move|p2a: Moltres|Roost|p2a: Moltres
|-heal|p2a: Moltres|55/100 tox
|-singleturn|p2a: Moltres|move: Roost
|
|-damage|p2a: Moltres|49/100 tox|[from] psn
|upkeep
|turn|70
|
|t:|1664892967
|move|p1a: Weavile|Triple Axel|p2a: Moltres
|-damage|p2a: Moltres|39/100 tox
|-damage|p2a: Moltres|18/100 tox
|-hitcount|p2a: Moltres|2
|move|p2a: Moltres|Roost|p2a: Moltres
|-heal|p2a: Moltres|68/100 tox
|-singleturn|p2a: Moltres|move: Roost
|
|-damage|p2a: Moltres|56/100 tox|[from] psn
|upkeep
|turn|71
|
|t:|1664892989
|move|p1a: Weavile|Triple Axel|p2a: Moltres
|-damage|p2a: Moltres|47/100 tox
|-damage|p2a: Moltres|26/100 tox
|-damage|p2a: Moltres|0 fnt
|faint|p2a: Moltres
|-hitcount|p2: Moltres|3
|
|win|Huskothy
|raw|Huskothy's rating: 1503 &rarr; <strong>1520</strong><br />(+17 for winning)
|raw|Yrrol's rating: 1457 &rarr; <strong>1440</strong><br />(-17 for losing)
|l|☆Yrrol
||Ladder isn't responding, score probably updated but might not have (Request timeout).
