|j|☆Dr. Elite
|j|☆BeastyJ157
|inactive|Battle timer is ON: inactive players will automatically lose when time's up.
|t:|1658347360
|gametype|singles
|player|p1|Dr. Elite|#drelite|
|player|p2|BeastyJ157|cynthia-gen4|
|teamsize|p1|6
|teamsize|p2|6
|gen|8
|tier|[Gen 8] OU
|rated|Tournament battle
|rule|Sleep Clause Mod: Limit one foe put to sleep
|rule|Species Clause: Limit one of each Pokémon
|rule|OHKO Clause: OHKO moves are banned
|rule|Evasion Moves Clause: Evasion moves are banned
|rule|Endless Battle Clause: Forcing endless battles is banned
|rule|HP Percentage Mod: HP is shown in percentages
|rule|Dynamax Clause: You cannot dynamax
|clearpoke
|poke|p1|Primarina, F|
|poke|p1|Rapidash-Galar, F|
|poke|p1|Togekiss, M|
|poke|p1|Hatterene, F|
|poke|p1|Klefki, F|
|poke|p1|Gardevoir, F|
|poke|p2|Toxapex, F|
|poke|p2|Kartana|
|poke|p2|Tapu Fini|
|poke|p2|Nidoking, M|
|poke|p2|Zapdos|
|poke|p2|Victini|
|teampreview
|inactive|BeastyJ157 also wants the timer to be on.
|j| tesla roadster
|c|☆BeastyJ157|mono fairy
|c|☆BeastyJ157|nice
|j| TheWishingWellIII
|inactive|BeastyJ157 has 120 seconds left.
|c|☆Dr. Elite|This will be tough for me.
|c|☆BeastyJ157|maybe i got king kart and pex
|c|☆BeastyJ157|rip
|c| tesla roadster|and tini
|inactive|BeastyJ157 has 90 seconds left.
|l| TheWishingWellIII
|c| tesla roadster|all ur guys are huge threats
|c|☆BeastyJ157|tini only hurts like klefi and kiss
|
|t:|1658347445
|start
|switch|p1a: Love|Primarina, F|100/100
|switch|p2a: Toxapex|Toxapex, F|100/100
|turn|1
|c|☆Dr. Elite|You underestimate
|c|☆Dr. Elite|no.
|c|☆BeastyJ157|tini?
|c|☆BeastyJ157|prob yes
|c|☆Dr. Elite|You overestimate Rapidash's bulk.
|
|t:|1658347469
|move|p1a: Love|Substitute|p1a: Love
|-start|p1a: Love|Substitute
|-damage|p1a: Love|75/100
|move|p2a: Toxapex|Knock Off|p1a: Love
|-resisted|p1a: Love
|-activate|p1a: Love|move: Substitute|[damage]
|
|-heal|p1a: Love|82/100|[from] item: Leftovers
|upkeep
|turn|2
|
|t:|1658347477
|move|p1a: Love|Calm Mind|p1a: Love
|-boost|p1a: Love|spa|1
|-boost|p1a: Love|spd|1
|move|p2a: Toxapex|Knock Off|p1a: Love
|-resisted|p1a: Love
|-activate|p1a: Love|move: Substitute|[damage]
|
|-heal|p1a: Love|88/100|[from] item: Leftovers
|upkeep
|turn|3
|
|t:|1658347480
|move|p1a: Love|Calm Mind|p1a: Love
|-boost|p1a: Love|spa|1
|-boost|p1a: Love|spd|1
|move|p2a: Toxapex|Haze|p2a: Toxapex
|-clearallboost
|
|-heal|p1a: Love|94/100|[from] item: Leftovers
|upkeep
|turn|4
|
|t:|1658347486
|move|p1a: Love|Calm Mind|p1a: Love
|-boost|p1a: Love|spa|1
|-boost|p1a: Love|spd|1
|move|p2a: Toxapex|Knock Off|p1a: Love
|-resisted|p1a: Love
|-activate|p1a: Love|move: Substitute|[damage]
|
|-heal|p1a: Love|99/100|[from] item: Leftovers
|upkeep
|turn|5
|
|t:|1658347488
|move|p1a: Love|Scald|p2a: Toxapex
|-resisted|p2a: Toxapex
|-damage|p2a: Toxapex|85/100
|move|p2a: Toxapex|Haze|p2a: Toxapex
|-clearallboost
|
|-heal|p1a: Love|100/100|[from] item: Leftovers
|-heal|p2a: Toxapex|92/100|[from] item: Black Sludge
|upkeep
|turn|6
|
|t:|1658347494
|move|p1a: Love|Calm Mind|p1a: Love
|-boost|p1a: Love|spa|1
|-boost|p1a: Love|spd|1
|move|p2a: Toxapex|Knock Off|p1a: Love
|-resisted|p1a: Love
|-end|p1a: Love|Substitute
|
|-heal|p2a: Toxapex|98/100|[from] item: Black Sludge
|upkeep
|turn|7
|
|t:|1658347498
|move|p1a: Love|Substitute|p1a: Love
|-start|p1a: Love|Substitute
|-damage|p1a: Love|75/100
|move|p2a: Toxapex|Haze|p2a: Toxapex
|-clearallboost
|
|-heal|p1a: Love|82/100|[from] item: Leftovers
|-heal|p2a: Toxapex|100/100|[from] item: Black Sludge
|upkeep
|turn|8
|
|t:|1658347509
|move|p1a: Love|Calm Mind|p1a: Love
|-boost|p1a: Love|spa|1
|-boost|p1a: Love|spd|1
|move|p2a: Toxapex|Knock Off|p1a: Love
|-resisted|p1a: Love
|-activate|p1a: Love|move: Substitute|[damage]
|
|-heal|p1a: Love|88/100|[from] item: Leftovers
|upkeep
|turn|9
|
|t:|1658347511
|move|p1a: Love|Scald|p2a: Toxapex
|-resisted|p2a: Toxapex
|-damage|p2a: Toxapex|85/100
|-status|p2a: Toxapex|brn
|move|p2a: Toxapex|Knock Off|p1a: Love
|-resisted|p1a: Love
|-activate|p1a: Love|move: Substitute|[damage]
|
|-heal|p1a: Love|94/100|[from] item: Leftovers
|-heal|p2a: Toxapex|91/100 brn|[from] item: Black Sludge
|-damage|p2a: Toxapex|85/100 brn|[from] brn
|upkeep
|turn|10
|
|t:|1658347521
|move|p1a: Love|Draining Kiss|p2a: Toxapex
|-resisted|p2a: Toxapex
|-damage|p2a: Toxapex|75/100 brn
|-heal|p1a: Love|99/100|[from] drain|[of] p2a: Toxapex
|move|p2a: Toxapex|Haze|p2a: Toxapex
|-clearallboost
|
|-heal|p1a: Love|100/100|[from] item: Leftovers
|-heal|p2a: Toxapex|81/100 brn|[from] item: Black Sludge
|-damage|p2a: Toxapex|75/100 brn|[from] brn
|upkeep
|turn|11
|c| tesla roadster|what you doin
|c|☆BeastyJ157|idk man i could pp stall but idk if i cba
|inactive|BeastyJ157 has 120 seconds left.
|
|t:|1658347554
|move|p1a: Love|Calm Mind|p1a: Love
|-boost|p1a: Love|spa|1
|-boost|p1a: Love|spd|1
|move|p2a: Toxapex|Knock Off|p1a: Love
|-resisted|p1a: Love
|-activate|p1a: Love|move: Substitute|[damage]
|
|-heal|p2a: Toxapex|81/100 brn|[from] item: Black Sludge
|-damage|p2a: Toxapex|75/100 brn|[from] brn
|upkeep
|turn|12
|
|t:|1658347560
|move|p1a: Love|Scald|p2a: Toxapex
|-resisted|p2a: Toxapex
|-damage|p2a: Toxapex|60/100 brn
|move|p2a: Toxapex|Haze|p2a: Toxapex
|-clearallboost
|
|-heal|p2a: Toxapex|66/100 brn|[from] item: Black Sludge
|-damage|p2a: Toxapex|60/100 brn|[from] brn
|upkeep
|turn|13
|
|t:|1658347563
|move|p1a: Love|Calm Mind|p1a: Love
|-boost|p1a: Love|spa|1
|-boost|p1a: Love|spd|1
|move|p2a: Toxapex|Recover|p2a: Toxapex
|-heal|p2a: Toxapex|100/100 brn
|
|-damage|p2a: Toxapex|94/100 brn|[from] brn
|upkeep
|turn|14
|
|t:|1658347566
|move|p1a: Love|Scald|p2a: Toxapex
|-resisted|p2a: Toxapex
|-damage|p2a: Toxapex|78/100 brn
|move|p2a: Toxapex|Knock Off|p1a: Love
|-resisted|p1a: Love
|-activate|p1a: Love|move: Substitute|[damage]
|
|-heal|p2a: Toxapex|84/100 brn|[from] item: Black Sludge
|-damage|p2a: Toxapex|78/100 brn|[from] brn
|upkeep
|turn|15
|c|☆BeastyJ157|wait let me do some math brb
|c|☆Dr. Elite|Okay.
|j|%htcl (>◡<)
|inactive|BeastyJ157 has 120 seconds left.
|inactive|BeastyJ157 has 90 seconds left.
|
|t:|1658347656
|move|p1a: Love|Draining Kiss|p2a: Toxapex
|-resisted|p2a: Toxapex
|-damage|p2a: Toxapex|68/100 brn
|move|p2a: Toxapex|Knock Off|p1a: Love
|-resisted|p1a: Love
|-activate|p1a: Love|move: Substitute|[damage]
|
|-heal|p2a: Toxapex|74/100 brn|[from] item: Black Sludge
|-damage|p2a: Toxapex|68/100 brn|[from] brn
|upkeep
|turn|16
|
|t:|1658347663
|move|p1a: Love|Draining Kiss|p2a: Toxapex
|-resisted|p2a: Toxapex
|-damage|p2a: Toxapex|59/100 brn
|move|p2a: Toxapex|Knock Off|p1a: Love
|-resisted|p1a: Love
|-activate|p1a: Love|move: Substitute|[damage]
|
|-heal|p2a: Toxapex|65/100 brn|[from] item: Black Sludge
|-damage|p2a: Toxapex|59/100 brn|[from] brn
|upkeep
|turn|17
|
|t:|1658347668
|move|p1a: Love|Calm Mind|p1a: Love
|-boost|p1a: Love|spa|1
|-boost|p1a: Love|spd|1
|move|p2a: Toxapex|Recover|p2a: Toxapex
|-heal|p2a: Toxapex|100/100 brn
|
|-damage|p2a: Toxapex|94/100 brn|[from] brn
|upkeep
|turn|18
|
|t:|1658347671
|move|p1a: Love|Scald|p2a: Toxapex
|-resisted|p2a: Toxapex
|-damage|p2a: Toxapex|72/100 brn
|move|p2a: Toxapex|Haze|p2a: Toxapex
|-clearallboost
|
|-heal|p2a: Toxapex|78/100 brn|[from] item: Black Sludge
|-damage|p2a: Toxapex|72/100 brn|[from] brn
|upkeep
|turn|19
|
|t:|1658347677
|move|p1a: Love|Calm Mind|p1a: Love
|-boost|p1a: Love|spa|1
|-boost|p1a: Love|spd|1
|move|p2a: Toxapex|Knock Off|p1a: Love
|-resisted|p1a: Love
|-activate|p1a: Love|move: Substitute|[damage]
|
|-heal|p2a: Toxapex|78/100 brn|[from] item: Black Sludge
|-damage|p2a: Toxapex|72/100 brn|[from] brn
|upkeep
|turn|20
|inactive|BeastyJ157 has 90 seconds left.
|c|☆BeastyJ157|wait if u use sub while behind a sub does it use pp
|
|t:|1658347701
|move|p1a: Love|Calm Mind|p1a: Love
|-boost|p1a: Love|spa|1
|-boost|p1a: Love|spd|1
|move|p2a: Toxapex|Knock Off|p1a: Love
|-resisted|p1a: Love
|-end|p1a: Love|Substitute
|
|-heal|p2a: Toxapex|78/100 brn|[from] item: Black Sludge
|-damage|p2a: Toxapex|72/100 brn|[from] brn
|upkeep
|turn|21
|c|☆Dr. Elite|Yes.
|
|t:|1658347709
|move|p1a: Love|Substitute|p1a: Love
|-start|p1a: Love|Substitute
|-damage|p1a: Love|75/100
|move|p2a: Toxapex|Haze|p2a: Toxapex
|-clearallboost
|
|-heal|p1a: Love|82/100|[from] item: Leftovers
|-heal|p2a: Toxapex|78/100 brn|[from] item: Black Sludge
|-damage|p2a: Toxapex|72/100 brn|[from] brn
|upkeep
|turn|22
|c|☆BeastyJ157|aight thx
|
|t:|1658347720
|move|p1a: Love|Calm Mind|p1a: Love
|-boost|p1a: Love|spa|1
|-boost|p1a: Love|spd|1
|move|p2a: Toxapex|Toxic||[still]
|-fail|p2a: Toxapex
|
|-heal|p1a: Love|88/100|[from] item: Leftovers
|-heal|p2a: Toxapex|78/100 brn|[from] item: Black Sludge
|-damage|p2a: Toxapex|72/100 brn|[from] brn
|upkeep
|turn|23
|
|t:|1658347728
|move|p1a: Love|Scald|p2a: Toxapex
|-resisted|p2a: Toxapex
|-damage|p2a: Toxapex|57/100 brn
|move|p2a: Toxapex|Haze|p2a: Toxapex
|-clearallboost
|
|-heal|p1a: Love|94/100|[from] item: Leftovers
|-heal|p2a: Toxapex|63/100 brn|[from] item: Black Sludge
|-damage|p2a: Toxapex|57/100 brn|[from] brn
|upkeep
|turn|24
|
|t:|1658347731
|move|p1a: Love|Calm Mind|p1a: Love
|-boost|p1a: Love|spa|1
|-boost|p1a: Love|spd|1
|move|p2a: Toxapex|Recover|p2a: Toxapex
|-heal|p2a: Toxapex|100/100 brn
|
|-heal|p1a: Love|99/100|[from] item: Leftovers
|-damage|p2a: Toxapex|94/100 brn|[from] brn
|upkeep
|turn|25
|
|t:|1658347741
|move|p1a: Love|Calm Mind|p1a: Love
|-boost|p1a: Love|spa|1
|-boost|p1a: Love|spd|1
|move|p2a: Toxapex|Haze|p2a: Toxapex
|-clearallboost
|
|-heal|p1a: Love|100/100|[from] item: Leftovers
|-heal|p2a: Toxapex|100/100 brn|[from] item: Black Sludge
|-damage|p2a: Toxapex|94/100 brn|[from] brn
|upkeep
|turn|26
|
|t:|1658347746
|move|p1a: Love|Calm Mind|p1a: Love
|-boost|p1a: Love|spa|1
|-boost|p1a: Love|spd|1
|move|p2a: Toxapex|Knock Off|p1a: Love
|-resisted|p1a: Love
|-activate|p1a: Love|move: Substitute|[damage]
|
|-heal|p2a: Toxapex|100/100 brn|[from] item: Black Sludge
|-damage|p2a: Toxapex|94/100 brn|[from] brn
|upkeep
|turn|27
|
|t:|1658347754
|move|p1a: Love|Draining Kiss|p2a: Toxapex
|-resisted|p2a: Toxapex
|-damage|p2a: Toxapex|85/100 brn
|move|p2a: Toxapex|Knock Off|p1a: Love
|-resisted|p1a: Love
|-activate|p1a: Love|move: Substitute|[damage]
|
|-heal|p2a: Toxapex|91/100 brn|[from] item: Black Sludge
|-damage|p2a: Toxapex|85/100 brn|[from] brn
|upkeep
|turn|28
|j| Amongus24923424
|
|t:|1658347758
|move|p1a: Love|Calm Mind|p1a: Love
|-boost|p1a: Love|spa|1
|-boost|p1a: Love|spd|1
|move|p2a: Toxapex|Toxic||[still]
|-fail|p2a: Toxapex
|
|-heal|p2a: Toxapex|91/100 brn|[from] item: Black Sludge
|-damage|p2a: Toxapex|85/100 brn|[from] brn
|upkeep
|turn|29
|
|t:|1658347761
|move|p1a: Love|Scald|p2a: Toxapex
|-resisted|p2a: Toxapex
|-damage|p2a: Toxapex|64/100 brn
|move|p2a: Toxapex|Haze|p2a: Toxapex
|-clearallboost
|
|-heal|p2a: Toxapex|71/100 brn|[from] item: Black Sludge
|-damage|p2a: Toxapex|64/100 brn|[from] brn
|upkeep
|turn|30
|
|t:|1658347765
|move|p1a: Love|Calm Mind|p1a: Love
|-boost|p1a: Love|spa|1
|-boost|p1a: Love|spd|1
|move|p2a: Toxapex|Recover|p2a: Toxapex
|-heal|p2a: Toxapex|100/100 brn
|
|-damage|p2a: Toxapex|94/100 brn|[from] brn
|upkeep
|turn|31
|
|t:|1658347787
|move|p1a: Love|Calm Mind|p1a: Love
|-boost|p1a: Love|spa|1
|-boost|p1a: Love|spd|1
|move|p2a: Toxapex|Haze|p2a: Toxapex
|-clearallboost
|
|-heal|p2a: Toxapex|100/100 brn|[from] item: Black Sludge
|-damage|p2a: Toxapex|94/100 brn|[from] brn
|upkeep
|turn|32
|c| Amongus24923424|mono fairy based
|
|t:|1658347792
|move|p1a: Love|Calm Mind|p1a: Love
|-boost|p1a: Love|spa|1
|-boost|p1a: Love|spd|1
|move|p2a: Toxapex|Knock Off|p1a: Love
|-resisted|p1a: Love
|-activate|p1a: Love|move: Substitute|[damage]
|
|-heal|p2a: Toxapex|100/100 brn|[from] item: Black Sludge
|-damage|p2a: Toxapex|94/100 brn|[from] brn
|upkeep
|turn|33
|
|t:|1658347796
|move|p1a: Love|Draining Kiss|p2a: Toxapex
|-resisted|p2a: Toxapex
|-damage|p2a: Toxapex|84/100 brn
|move|p2a: Toxapex|Haze|p2a: Toxapex
|-clearallboost
|
|-heal|p2a: Toxapex|91/100 brn|[from] item: Black Sludge
|-damage|p2a: Toxapex|84/100 brn|[from] brn
|upkeep
|turn|34
|
|t:|1658347800
|move|p1a: Love|Calm Mind|p1a: Love
|-boost|p1a: Love|spa|1
|-boost|p1a: Love|spd|1
|move|p2a: Toxapex|Haze|p2a: Toxapex
|-clearallboost
|
|-heal|p2a: Toxapex|91/100 brn|[from] item: Black Sludge
|-damage|p2a: Toxapex|84/100 brn|[from] brn
|upkeep
|turn|35
|
|t:|1658347806
|move|p1a: Love|Calm Mind|p1a: Love
|-boost|p1a: Love|spa|1
|-boost|p1a: Love|spd|1
|move|p2a: Toxapex|Knock Off|p1a: Love
|-resisted|p1a: Love
|-activate|p1a: Love|move: Substitute|[damage]
|
|-heal|p2a: Toxapex|91/100 brn|[from] item: Black Sludge
|-damage|p2a: Toxapex|84/100 brn|[from] brn
|upkeep
|turn|36
|
|t:|1658347809
|move|p1a: Love|Draining Kiss|p2a: Toxapex
|-resisted|p2a: Toxapex
|-damage|p2a: Toxapex|75/100 brn
|move|p2a: Toxapex|Haze|p2a: Toxapex
|-clearallboost
|
|-heal|p2a: Toxapex|81/100 brn|[from] item: Black Sludge
|-damage|p2a: Toxapex|75/100 brn|[from] brn
|upkeep
|turn|37
|
|t:|1658347820
|move|p1a: Love|Calm Mind|p1a: Love
|-boost|p1a: Love|spa|1
|-boost|p1a: Love|spd|1
|move|p2a: Toxapex|Haze|p2a: Toxapex
|-clearallboost
|
|-heal|p2a: Toxapex|81/100 brn|[from] item: Black Sludge
|-damage|p2a: Toxapex|75/100 brn|[from] brn
|upkeep
|turn|38
|
|t:|1658347825
|move|p1a: Love|Calm Mind|p1a: Love
|-boost|p1a: Love|spa|1
|-boost|p1a: Love|spd|1
|move|p2a: Toxapex|Knock Off|p1a: Love
|-resisted|p1a: Love
|-activate|p1a: Love|move: Substitute|[damage]
|
|-heal|p2a: Toxapex|81/100 brn|[from] item: Black Sludge
|-damage|p2a: Toxapex|75/100 brn|[from] brn
|upkeep
|turn|39
|
|t:|1658347829
|move|p1a: Love|Draining Kiss|p2a: Toxapex
|-resisted|p2a: Toxapex
|-damage|p2a: Toxapex|65/100 brn
|move|p2a: Toxapex|Haze|p2a: Toxapex
|-clearallboost
|
|-heal|p2a: Toxapex|71/100 brn|[from] item: Black Sludge
|-damage|p2a: Toxapex|65/100 brn|[from] brn
|upkeep
|turn|40
|
|t:|1658347846
|move|p1a: Love|Calm Mind|p1a: Love
|-boost|p1a: Love|spa|1
|-boost|p1a: Love|spd|1
|move|p2a: Toxapex|Knock Off|p1a: Love
|-resisted|p1a: Love
|-activate|p1a: Love|move: Substitute|[damage]
|
|-heal|p2a: Toxapex|71/100 brn|[from] item: Black Sludge
|-damage|p2a: Toxapex|65/100 brn|[from] brn
|upkeep
|turn|41
|
|t:|1658347851
|move|p1a: Love|Draining Kiss|p2a: Toxapex
|-resisted|p2a: Toxapex
|-damage|p2a: Toxapex|55/100 brn
|move|p2a: Toxapex|Haze|p2a: Toxapex
|-clearallboost
|
|-heal|p2a: Toxapex|61/100 brn|[from] item: Black Sludge
|-damage|p2a: Toxapex|55/100 brn|[from] brn
|upkeep
|turn|42
|
|t:|1658347854
|move|p1a: Love|Calm Mind|p1a: Love
|-boost|p1a: Love|spa|1
|-boost|p1a: Love|spd|1
|move|p2a: Toxapex|Recover|p2a: Toxapex
|-heal|p2a: Toxapex|100/100 brn
|
|-damage|p2a: Toxapex|94/100 brn|[from] brn
|upkeep
|turn|43
|
|t:|1658347859
|move|p1a: Love|Draining Kiss|p2a: Toxapex
|-resisted|p2a: Toxapex
|-damage|p2a: Toxapex|85/100 brn
|move|p2a: Toxapex|Haze|p2a: Toxapex
|-clearallboost
|
|-heal|p2a: Toxapex|91/100 brn|[from] item: Black Sludge
|-damage|p2a: Toxapex|85/100 brn|[from] brn
|upkeep
|turn|44
|
|t:|1658347883
|move|p1a: Love|Calm Mind|p1a: Love
|-boost|p1a: Love|spa|1
|-boost|p1a: Love|spd|1
|move|p2a: Toxapex|Haze|p2a: Toxapex
|-clearallboost
|
|-heal|p2a: Toxapex|91/100 brn|[from] item: Black Sludge
|-damage|p2a: Toxapex|85/100 brn|[from] brn
|upkeep
|turn|45
|
|t:|1658347888
|move|p1a: Love|Calm Mind|p1a: Love
|-boost|p1a: Love|spa|1
|-boost|p1a: Love|spd|1
|move|p2a: Toxapex|Knock Off|p1a: Love
|-resisted|p1a: Love
|-activate|p1a: Love|move: Substitute|[damage]
|
|-heal|p2a: Toxapex|91/100 brn|[from] item: Black Sludge
|-damage|p2a: Toxapex|85/100 brn|[from] brn
|upkeep
|turn|46
|
|t:|1658347891
|move|p1a: Love|Draining Kiss|p2a: Toxapex
|-resisted|p2a: Toxapex
|-damage|p2a: Toxapex|75/100 brn
|move|p2a: Toxapex|Haze|p2a: Toxapex
|-clearallboost
|
|-heal|p2a: Toxapex|81/100 brn|[from] item: Black Sludge
|-damage|p2a: Toxapex|75/100 brn|[from] brn
|upkeep
|turn|47
|
|t:|1658347898
|move|p1a: Love|Calm Mind|p1a: Love
|-boost|p1a: Love|spa|1
|-boost|p1a: Love|spd|1
|move|p2a: Toxapex|Haze|p2a: Toxapex
|-clearallboost
|
|-heal|p2a: Toxapex|81/100 brn|[from] item: Black Sludge
|-damage|p2a: Toxapex|75/100 brn|[from] brn
|upkeep
|turn|48
|
|t:|1658347924
|move|p1a: Love|Calm Mind|p1a: Love
|-boost|p1a: Love|spa|1
|-boost|p1a: Love|spd|1
|move|p2a: Toxapex|Haze|p2a: Toxapex
|-clearallboost
|
|-heal|p2a: Toxapex|81/100 brn|[from] item: Black Sludge
|-damage|p2a: Toxapex|75/100 brn|[from] brn
|upkeep
|turn|49
|inactive|BeastyJ157 has 120 seconds left.
|
|t:|1658347944
|move|p1a: Love|Calm Mind|p1a: Love
|-boost|p1a: Love|spa|1
|-boost|p1a: Love|spd|1
|move|p2a: Toxapex|Haze|p2a: Toxapex
|-clearallboost
|
|-heal|p2a: Toxapex|81/100 brn|[from] item: Black Sludge
|-damage|p2a: Toxapex|75/100 brn|[from] brn
|upkeep
|turn|50
|
|t:|1658347948
|move|p1a: Love|Calm Mind|p1a: Love
|-boost|p1a: Love|spa|1
|-boost|p1a: Love|spd|1
|move|p2a: Toxapex|Knock Off|p1a: Love
|-resisted|p1a: Love
|-activate|p1a: Love|move: Substitute|[damage]
|
|-heal|p2a: Toxapex|81/100 brn|[from] item: Black Sludge
|-damage|p2a: Toxapex|75/100 brn|[from] brn
|upkeep
|turn|51
|
|t:|1658347951
|move|p1a: Love|Draining Kiss|p2a: Toxapex
|-resisted|p2a: Toxapex
|-crit|p2a: Toxapex
|-damage|p2a: Toxapex|61/100 brn
|move|p2a: Toxapex|Haze|p2a: Toxapex
|-clearallboost
|
|-heal|p2a: Toxapex|67/100 brn|[from] item: Black Sludge
|-damage|p2a: Toxapex|61/100 brn|[from] brn
|upkeep
|turn|52
|
|t:|1658347955
|move|p1a: Love|Calm Mind|p1a: Love
|-boost|p1a: Love|spa|1
|-boost|p1a: Love|spd|1
|move|p2a: Toxapex|Haze|p2a: Toxapex
|-clearallboost
|
|-heal|p2a: Toxapex|67/100 brn|[from] item: Black Sludge
|-damage|p2a: Toxapex|61/100 brn|[from] brn
|upkeep
|turn|53
|
|t:|1658347960
|move|p1a: Love|Calm Mind|p1a: Love
|-boost|p1a: Love|spa|1
|-boost|p1a: Love|spd|1
|move|p2a: Toxapex|Knock Off|p1a: Love
|-resisted|p1a: Love
|-end|p1a: Love|Substitute
|
|-heal|p2a: Toxapex|67/100 brn|[from] item: Black Sludge
|-damage|p2a: Toxapex|61/100 brn|[from] brn
|upkeep
|turn|54
|
|t:|1658347962
|move|p1a: Love|Substitute|p1a: Love
|-start|p1a: Love|Substitute
|-damage|p1a: Love|75/100
|move|p2a: Toxapex|Haze|p2a: Toxapex
|-clearallboost
|
|-heal|p1a: Love|82/100|[from] item: Leftovers
|-heal|p2a: Toxapex|67/100 brn|[from] item: Black Sludge
|-damage|p2a: Toxapex|61/100 brn|[from] brn
|upkeep
|turn|55
|c|☆BeastyJ157|FINALLY
|
|t:|1658347972
|move|p1a: Love|Draining Kiss|p2a: Toxapex
|-resisted|p2a: Toxapex
|-damage|p2a: Toxapex|54/100 brn
|-heal|p1a: Love|86/100|[from] drain|[of] p2a: Toxapex
|move|p2a: Toxapex|Knock Off|p1a: Love
|-resisted|p1a: Love
|-activate|p1a: Love|move: Substitute|[damage]
|
|-heal|p1a: Love|92/100|[from] item: Leftovers
|-heal|p2a: Toxapex|60/100 brn|[from] item: Black Sludge
|-damage|p2a: Toxapex|54/100 brn|[from] brn
|upkeep
|turn|56
|c|☆Dr. Elite|You have passed the first gate.
|j| PLSM4
|inactive|BeastyJ157 has 120 seconds left.
|c|☆BeastyJ157|40 SpA Primarina Scald vs. 0 HP / 4 SpD Kartana: 129-153 (49.8 - 59%) -- 99.6% chance to 2HKO
|c|☆BeastyJ157|bruh i cant even go into kart too lol
|
|t:|1658348014
|switch|p1a: Peace|Togekiss, M|100/100
|move|p2a: Toxapex|Recover|p2a: Toxapex
|-heal|p2a: Toxapex|100/100 brn
|
|-damage|p2a: Toxapex|94/100 brn|[from] brn
|upkeep
|turn|57
|
|t:|1658348019
|move|p1a: Peace|Nasty Plot|p1a: Peace
|-boost|p1a: Peace|spa|2
|move|p2a: Toxapex|Toxic|p1a: Peace
|-status|p1a: Peace|tox
|
|-heal|p2a: Toxapex|100/100 brn|[from] item: Black Sludge
|-damage|p1a: Peace|94/100 tox|[from] psn
|-damage|p2a: Toxapex|94/100 brn|[from] brn
|upkeep
|turn|58
|
|t:|1658348022
|move|p1a: Peace|Air Slash|p2a: Toxapex
|-damage|p2a: Toxapex|48/100 brn
|move|p2a: Toxapex|Haze|p2a: Toxapex
|-clearallboost
|
|-heal|p2a: Toxapex|54/100 brn|[from] item: Black Sludge
|-damage|p1a: Peace|82/100 tox|[from] psn
|-damage|p2a: Toxapex|48/100 brn|[from] brn
|upkeep
|turn|59
|
|t:|1658348027
|switch|p2a: Zapdos|Zapdos|100/100
|move|p1a: Peace|Nasty Plot|p1a: Peace
|-boost|p1a: Peace|spa|2
|
|-damage|p1a: Peace|64/100 tox|[from] psn
|upkeep
|turn|60
|
|t:|1658348030
|move|p1a: Peace|Flamethrower|p2a: Zapdos
|-damage|p2a: Zapdos|39/100
|move|p2a: Zapdos|Discharge|p1a: Peace
|-supereffective|p1a: Peace
|-damage|p1a: Peace|0 fnt
|faint|p1a: Peace
|
|upkeep
|
|t:|1658348041
|switch|p1a: Joy|Rapidash-Galar, F|100/100
|turn|61
|
|t:|1658348046
|move|p1a: Joy|Calm Mind|p1a: Joy
|-boost|p1a: Joy|spa|1
|-boost|p1a: Joy|spd|1
|move|p2a: Zapdos|Roost|p2a: Zapdos
|-heal|p2a: Zapdos|89/100
|-singleturn|p2a: Zapdos|move: Roost
|
|upkeep
|turn|62
|l| Amongus24923424
|c|☆BeastyJ157|bruh r all ur mons setup mons?
|
|t:|1658348062
|move|p1a: Joy|Calm Mind|p1a: Joy
|-boost|p1a: Joy|spa|1
|-boost|p1a: Joy|spd|1
|move|p2a: Zapdos|Discharge|p1a: Joy
|-damage|p1a: Joy|73/100
|
|upkeep
|turn|63
|c|☆Dr. Elite|Yes.
|
|t:|1658348069
|move|p1a: Joy|Calm Mind|p1a: Joy
|-boost|p1a: Joy|spa|1
|-boost|p1a: Joy|spd|1
|move|p2a: Zapdos|Discharge|p1a: Joy
|-damage|p1a: Joy|50/100
|
|upkeep
|turn|64
|
|t:|1658348074
|move|p1a: Joy|Calm Mind|p1a: Joy
|-boost|p1a: Joy|spa|1
|-boost|p1a: Joy|spd|1
|move|p2a: Zapdos|Discharge|p1a: Joy
|-damage|p1a: Joy|34/100
|
|upkeep
|turn|65
|j| Normie Bitch
|
|t:|1658348083
|move|p1a: Joy|Calm Mind|p1a: Joy
|-boost|p1a: Joy|spa|1
|-boost|p1a: Joy|spd|1
|move|p2a: Zapdos|Hurricane|p1a: Joy|[miss]
|-miss|p2a: Zapdos|p1a: Joy
|
|upkeep
|turn|66
|c| tesla roadster|well not klefki
|
|t:|1658348088
|move|p1a: Joy|Calm Mind|p1a: Joy
|-boost|p1a: Joy|spa|1
|-boost|p1a: Joy|spd|1
|move|p2a: Zapdos|Discharge|p1a: Joy
|-damage|p1a: Joy|21/100
|-enditem|p1a: Joy|Salac Berry|[eat]
|-boost|p1a: Joy|spe|1|[from] item: Salac Berry
|
|upkeep
|turn|67
|l| Normie Bitch
|c|☆BeastyJ157|AYOOOO
|c|☆Dr. Elite|Now,
|j| AShulkPlayer
|c|☆BeastyJ157|OMMMMGg
|c| tesla roadster|LMAO
|c|☆Dr. Elite|We ride into battle.
|c|☆Dr. Elite|You don't have priority or Focus Sash, do you?
|c| tesla roadster|how does he do it
|c| AShulkPlayer|anime protoganist moment
|c|☆BeastyJ157|WHY DID DISCHARGE NOT WORK REEEE
|
|t:|1658348116
|move|p1a: Joy|Stored Power|p2a: Zapdos
|-damage|p2a: Zapdos|0 fnt
|faint|p2a: Zapdos
|
|upkeep
|c|☆BeastyJ157|OMG
|c| tesla roadster|scarf kart?
|c|☆BeastyJ157|nooo lol
|
|t:|1658348132
|switch|p2a: Victini|Victini|100/100
|turn|68
|c| tesla roadster|LMAO
|c| tesla roadster|you just lost
|
|t:|1658348138
|move|p1a: Joy|Stored Power|p2a: Victini
|-resisted|p2a: Victini
|-damage|p2a: Victini|0 fnt
|faint|p2a: Victini
|
|upkeep
|c| AShulkPlayer|why
|c|☆BeastyJ157|screw this game
|c| tesla roadster|im saving this replay
|c|☆Dr. Elite|Joy is my wild card.
|c| tesla roadster|holy shit
|c| PLSM4|F
|inactive|BeastyJ157 has 120 seconds left.
|c|☆BeastyJ157|discharge was nerfed
|
|t:|1658348162
|switch|p2a: Tapu Fini|Tapu Fini|100/100
|-fieldstart|move: Misty Terrain|[from] ability: Misty Surge|[of] p2a: Tapu Fini
|turn|69
|
|t:|1658348167
|move|p1a: Joy|Stored Power|p2a: Tapu Fini
|-damage|p2a: Tapu Fini|0 fnt
|faint|p2a: Tapu Fini
|
|upkeep
|
|t:|1658348169
|switch|p2a: Kartana|Kartana|100/100
|turn|70
|j| Swagataka
|
|t:|1658348174
|move|p1a: Joy|Mystical Fire|p2a: Kartana
|-supereffective|p2a: Kartana
|-damage|p2a: Kartana|0 fnt
|faint|p2a: Kartana
|
|upkeep
|
|t:|1658348178
|switch|p2a: Toxapex|Toxapex, F|81/100 brn
|turn|71
|
|t:|1658348180
|move|p1a: Joy|Stored Power|p2a: Toxapex
|-supereffective|p2a: Toxapex
|-damage|p2a: Toxapex|0 fnt
|faint|p2a: Toxapex
|
|upkeep
|
|t:|1658348183
|switch|p2a: Nidoking|Nidoking, M|100/100
|turn|72
|c| PLSM4|cant wait to be swept by that next round
|
|t:|1658348186
|move|p1a: Joy|Stored Power|p2a: Nidoking
|-supereffective|p2a: Nidoking
|-damage|p2a: Nidoking|0 fnt
|faint|p2a: Nidoking
|
|win|Dr. Elite
|n|☆Dr. Elite|drelite
|n|☆BeastyJ157|beastyj157
|n| tesla roadster|teslaroadster
|n| htcl (>◡<)|htcl
|n| PLSM4|plsm4
|n| AShulkPlayer|ashulkplayer
|n| Swagataka|swagataka
|c| PLSM4|XD
|c|☆BeastyJ157|gg
|l|☆BeastyJ157
|l| PLSM4
|l| tesla roadster
|c|☆Dr. Elite|You did well with Toxapex.
|l| Swagataka
|l| AShulkPlayer
|l|☆Dr. Elite
|j|☆Dr. Elite
|player|p1|Dr. Elite|#drelite
