|html|<div class="broadcast-blue"><strong>[Gen 8] OU is currently suspecting Melmetal! For information on how to participate check out the <a href="https://www.smogon.com/forums/threads/np-ss-ou-suspect-process-round-12-monster-mash.3709234/">suspect thread</a>.</strong></div>
|j|☆dd absol
|j|☆StakaReset
|t:|1665796413
|gametype|singles
|player|p1|dd absol|acetrainerf|1421
|player|p2|StakaReset|dawn-gen4pt|1379
|teamsize|p1|6
|teamsize|p2|6
|gen|8
|tier|[Gen 8] OU
|rated|
|rule|Sleep Clause Mod: Limit one foe put to sleep
|rule|Species Clause: Limit one of each Pokémon
|rule|OHKO Clause: OHKO moves are banned
|rule|Evasion Items Clause: Evasion items are banned
|rule|Evasion Moves Clause: Evasion moves are banned
|rule|Endless Battle Clause: Forcing endless battles is banned
|rule|HP Percentage Mod: HP is shown in percentages
|rule|Dynamax Clause: You cannot dynamax
|clearpoke
|poke|p1|Landorus-Therian, M|
|poke|p1|Ferrothorn, F|
|poke|p1|Urshifu-*, M|
|poke|p1|Tornadus-Therian, M|
|poke|p1|Dragapult, F|
|poke|p1|Tapu Lele|
|poke|p2|Suicune|
|poke|p2|Zapdos|
|poke|p2|Corviknight, M|
|poke|p2|Chansey, F|
|poke|p2|Mienshao, M|
|poke|p2|Clefable, F|
|teampreview
|
|t:|1665796464
|start
|switch|p1a: Tapu Lele|Tapu Lele|100/100
|switch|p2a: Chansey|Chansey, F|100/100
|-fieldstart|move: Psychic Terrain|[from] ability: Psychic Surge|[of] p1a: Tapu Lele
|turn|1
|
|t:|1665796471
|switch|p1a: Ferrothorn|Ferrothorn, F|100/100
|move|p2a: Chansey|Stealth Rock|p1a: Ferrothorn
|-sidestart|p1: dd absol|move: Stealth Rock
|
|upkeep
|turn|2
|
|t:|1665796487
|switch|p2a: Corviknight|Corviknight, M|100/100
|-ability|p2a: Corviknight|Pressure
|move|p1a: Ferrothorn|Stealth Rock|p2a: Corviknight
|-sidestart|p2: StakaReset|move: Stealth Rock
|
|upkeep
|turn|3
|
|t:|1665796500
|move|p2a: Corviknight|U-turn|p1a: Ferrothorn
|-damage|p1a: Ferrothorn|92/100
|-damage|p2a: Corviknight|88/100|[from] ability: Iron Barbs|[of] p1a: Ferrothorn
|-damage|p2a: Corviknight|72/100|[from] item: Rocky Helmet|[of] p1a: Ferrothorn
|
|t:|1665796508
|switch|p2a: Mienshao|Mienshao, M|100/100|[from]move: U-turn
|-damage|p2a: Mienshao|94/100|[from] Stealth Rock
|move|p1a: Ferrothorn|Leech Seed|p2a: Mienshao
|-start|p2a: Mienshao|move: Leech Seed
|
|-damage|p2a: Mienshao|82/100|[from] Leech Seed|[of] p1a: Ferrothorn
|-heal|p1a: Ferrothorn|100/100|[silent]
|upkeep
|turn|4
|
|t:|1665796519
|switch|p1a: Tornadus|Tornadus-Therian, M|100/100
|-damage|p1a: Tornadus|75/100|[from] Stealth Rock
|move|p2a: Mienshao|Knock Off|p1a: Tornadus
|-damage|p1a: Tornadus|45/100
|-enditem|p1a: Tornadus|Assault Vest|[from] move: Knock Off|[of] p2a: Mienshao
|
|-damage|p2a: Mienshao|70/100|[from] Leech Seed|[of] p1a: Tornadus
|-heal|p1a: Tornadus|56/100|[silent]
|upkeep
|turn|5
|
|t:|1665796537
|switch|p2a: Zapdos|Zapdos|100/100
|-ability|p2a: Zapdos|Pressure
|move|p1a: Tornadus|U-turn|p2a: Zapdos
|-resisted|p2a: Zapdos
|-damage|p2a: Zapdos|95/100
|
|t:|1665796551
|switch|p1a: Landorus|Landorus-Therian, M|100/100|[from]move: U-turn
|-damage|p1a: Landorus|88/100|[from] Stealth Rock
|-ability|p1a: Landorus|Intimidate|boost
|-unboost|p2a: Zapdos|atk|1
|
|-heal|p1a: Landorus|94/100|[from] item: Leftovers
|-fieldend|move: Psychic Terrain
|upkeep
|turn|6
|
|t:|1665796556
|move|p2a: Zapdos|Substitute|p2a: Zapdos
|-start|p2a: Zapdos|Substitute
|-damage|p2a: Zapdos|70/100
|move|p1a: Landorus|Toxic||[still]
|-fail|p1a: Landorus
|
|-heal|p1a: Landorus|99/100|[from] item: Leftovers
|upkeep
|turn|7
|inactive|Battle timer is ON: inactive players will automatically lose when time's up. (requested by StakaReset)
|
|t:|1665796619
|move|p2a: Zapdos|Roost|p2a: Zapdos
|-heal|p2a: Zapdos|100/100
|-singleturn|p2a: Zapdos|move: Roost
|move|p1a: Landorus|Defog|p2a: Zapdos
|-sideend|p2: StakaReset|Stealth Rock|[from] move: Defog|[of] p1a: Landorus
|-sideend|p1: dd absol|Stealth Rock|[from] move: Defog|[of] p1a: Landorus
|
|-heal|p1a: Landorus|100/100|[from] item: Leftovers
|upkeep
|turn|8
|
|t:|1665796626
|switch|p1a: Ferrothorn|Ferrothorn, F|100/100
|move|p2a: Zapdos|Hurricane|p1a: Ferrothorn|[miss]
|-miss|p2a: Zapdos|p1a: Ferrothorn
|
|upkeep
|turn|9
|
|t:|1665796633
|move|p2a: Zapdos|Thunderbolt|p1a: Ferrothorn
|-resisted|p1a: Ferrothorn
|-damage|p1a: Ferrothorn|84/100
|move|p1a: Ferrothorn|Stealth Rock|p2a: Zapdos
|-sidestart|p2: StakaReset|move: Stealth Rock
|
|upkeep
|turn|10
|
|t:|1665796636
|move|p2a: Zapdos|Hurricane|p1a: Ferrothorn
|-damage|p1a: Ferrothorn|49/100
|move|p1a: Ferrothorn|Knock Off|p2a: Zapdos
|-activate|p2a: Zapdos|move: Substitute|[damage]
|
|upkeep
|turn|11
|
|t:|1665796646
|move|p2a: Zapdos|Hurricane|p1a: Ferrothorn
|-damage|p1a: Ferrothorn|11/100
|move|p1a: Ferrothorn|Knock Off|p2a: Zapdos
|-end|p2a: Zapdos|Substitute
|
|upkeep
|turn|12
|
|t:|1665796652
|switch|p1a: Dragapult|Dragapult, F|100/100
|move|p2a: Zapdos|Substitute|p2a: Zapdos
|-start|p2a: Zapdos|Substitute
|-damage|p2a: Zapdos|76/100
|
|upkeep
|turn|13
|
|t:|1665796656
|switch|p2a: Clefable|Clefable, F|100/100
|-damage|p2a: Clefable|88/100|[from] Stealth Rock
|move|p1a: Dragapult|Shadow Ball|p2a: Clefable
|-damage|p2a: Clefable|47/100
|
|-heal|p2a: Clefable|53/100|[from] item: Leftovers
|upkeep
|turn|14
|
|t:|1665796662
|switch|p1a: Ferrothorn|Ferrothorn, F|11/100
|move|p2a: Clefable|Wish|p2a: Clefable
|
|-heal|p2a: Clefable|60/100|[from] item: Leftovers
|upkeep
|turn|15
|
|t:|1665796665
|move|p2a: Clefable|Moonblast|p1a: Ferrothorn
|-resisted|p1a: Ferrothorn
|-damage|p1a: Ferrothorn|0 fnt
|faint|p1a: Ferrothorn
|
|-heal|p2a: Clefable|100/100|[from] move: Wish|[wisher] Clefable
|upkeep
|
|t:|1665796676
|switch|p1a: Tapu Lele|Tapu Lele|100/100
|-fieldstart|move: Psychic Terrain|[from] ability: Psychic Surge|[of] p1a: Tapu Lele
|turn|16
|
|t:|1665796684
|switch|p2a: Chansey|Chansey, F|100/100
|-damage|p2a: Chansey|88/100|[from] Stealth Rock
|move|p1a: Tapu Lele|Psyshock|p2a: Chansey
|-damage|p2a: Chansey|51/100
|
|upkeep
|turn|17
|
|t:|1665796693
|switch|p1a: Urshifu|Urshifu-Rapid-Strike, M|100/100
|move|p2a: Chansey|Soft-Boiled|p2a: Chansey
|-heal|p2a: Chansey|100/100
|
|upkeep
|turn|18
|
|t:|1665796702
|switch|p2a: Suicune|Suicune|100/100
|-damage|p2a: Suicune|88/100|[from] Stealth Rock
|-ability|p2a: Suicune|Pressure
|move|p1a: Urshifu|Surging Strikes|p2a: Suicune
|-resisted|p2a: Suicune
|-crit|p2a: Suicune
|-damage|p2a: Suicune|81/100
|-resisted|p2a: Suicune
|-crit|p2a: Suicune
|-damage|p2a: Suicune|76/100
|-resisted|p2a: Suicune
|-crit|p2a: Suicune
|-damage|p2a: Suicune|69/100
|-hitcount|p2a: Suicune|3
|
|-heal|p2a: Suicune|75/100|[from] item: Leftovers
|upkeep
|turn|19
|
|t:|1665796709
|move|p1a: Urshifu|U-turn|p2a: Suicune
|-damage|p2a: Suicune|60/100
|
|t:|1665796712
|switch|p1a: Dragapult|Dragapult, F|100/100|[from]move: U-turn
|move|p2a: Suicune|Scald|p1a: Dragapult
|-resisted|p1a: Dragapult
|-damage|p1a: Dragapult|84/100
|
|-heal|p2a: Suicune|66/100|[from] item: Leftovers
|upkeep
|turn|20
|
|t:|1665796720
|switch|p2a: Chansey|Chansey, F|100/100
|-damage|p2a: Chansey|88/100|[from] Stealth Rock
|move|p1a: Dragapult|U-turn|p2a: Chansey
|-damage|p2a: Chansey|77/100
|
|t:|1665796722
|switch|p1a: Urshifu|Urshifu-Rapid-Strike, M|100/100|[from]move: U-turn
|
|-fieldend|move: Psychic Terrain
|upkeep
|turn|21
|
|t:|1665796734
|move|p1a: Urshifu|Close Combat|p2a: Chansey
|-supereffective|p2a: Chansey
|-damage|p2a: Chansey|0 fnt
|-unboost|p1a: Urshifu|def|1
|-unboost|p1a: Urshifu|spd|1
|faint|p2a: Chansey
|
|upkeep
|
|t:|1665796742
|switch|p2a: Zapdos|Zapdos|76/100
|-ability|p2a: Zapdos|Pressure
|turn|22
|
|t:|1665796767
|switch|p1a: Dragapult|Dragapult, F|84/100
|move|p2a: Zapdos|Hurricane|p1a: Dragapult|[miss]
|-miss|p2a: Zapdos|p1a: Dragapult
|
|upkeep
|turn|23
|
|t:|1665796773
|switch|p2a: Clefable|Clefable, F|100/100
|-damage|p2a: Clefable|88/100|[from] Stealth Rock
|move|p1a: Dragapult|Shadow Ball|p2a: Clefable
|-damage|p2a: Clefable|48/100
|
|-heal|p2a: Clefable|54/100|[from] item: Leftovers
|upkeep
|turn|24
|
|t:|1665796787
|switch|p1a: Tapu Lele|Tapu Lele|100/100
|-fieldstart|move: Psychic Terrain|[from] ability: Psychic Surge|[of] p1a: Tapu Lele
|move|p2a: Clefable|Wish|p2a: Clefable
|
|-heal|p2a: Clefable|60/100|[from] item: Leftovers
|upkeep
|turn|25
|
|t:|1665796806
|move|p1a: Tapu Lele|Future Sight|p2a: Clefable
|-start|p1a: Tapu Lele|move: Future Sight
|move|p2a: Clefable|Moonblast|p1a: Tapu Lele
|-damage|p1a: Tapu Lele|68/100
|-unboost|p1a: Tapu Lele|spa|1
|
|-heal|p2a: Clefable|100/100|[from] move: Wish|[wisher] Clefable
|upkeep
|turn|26
|
|t:|1665796813
|switch|p1a: Tornadus|Tornadus-Therian, M|89/100
|move|p2a: Clefable|Wish|p2a: Clefable
|
|upkeep
|turn|27
|
|t:|1665796822
|switch|p2a: Corviknight|Corviknight, M|72/100
|-damage|p2a: Corviknight|59/100|[from] Stealth Rock
|-ability|p2a: Corviknight|Pressure
|move|p1a: Tornadus|U-turn|p2a: Corviknight
|-resisted|p2a: Corviknight
|-damage|p2a: Corviknight|57/100
|-damage|p1a: Tornadus|73/100|[from] item: Rocky Helmet|[of] p2a: Corviknight
|
|t:|1665796826
|switch|p1a: Urshifu|Urshifu-Rapid-Strike, M|100/100|[from]move: U-turn
|
|-end|p2a: Corviknight|move: Future Sight
|-resisted|p2a: Corviknight
|-damage|p2a: Corviknight|13/100
|-heal|p2a: Corviknight|62/100|[from] move: Wish|[wisher] Clefable
|upkeep
|turn|28
|
|t:|1665796848
|switch|p1a: Dragapult|Dragapult, F|84/100
|move|p2a: Corviknight|Roost|p2a: Corviknight
|-heal|p2a: Corviknight|100/100
|-singleturn|p2a: Corviknight|move: Roost
|
|-fieldend|move: Psychic Terrain
|upkeep
|turn|29
|
|t:|1665796856
|switch|p2a: Clefable|Clefable, F|100/100
|-damage|p2a: Clefable|88/100|[from] Stealth Rock
|move|p1a: Dragapult|Flamethrower|p2a: Clefable
|-damage|p2a: Clefable|55/100
|
|-heal|p2a: Clefable|62/100|[from] item: Leftovers
|upkeep
|turn|30
|
|t:|1665796863
|switch|p1a: Tornadus|Tornadus-Therian, M|100/100
|move|p2a: Clefable|Wish|p2a: Clefable
|
|-heal|p2a: Clefable|68/100|[from] item: Leftovers
|upkeep
|turn|31
|
|t:|1665796867
|move|p1a: Tornadus|Knock Off|p2a: Clefable
|-resisted|p2a: Clefable
|-damage|p2a: Clefable|59/100
|-enditem|p2a: Clefable|Leftovers|[from] move: Knock Off|[of] p1a: Tornadus
|move|p2a: Clefable|Moonblast|p1a: Tornadus
|-damage|p1a: Tornadus|67/100
|-unboost|p1a: Tornadus|spa|1
|
|-heal|p2a: Clefable|100/100|[from] move: Wish|[wisher] Clefable
|upkeep
|turn|32
|
|t:|1665796878
|move|p1a: Tornadus|U-turn|p2a: Clefable
|-resisted|p2a: Clefable
|-damage|p2a: Clefable|94/100
|
|t:|1665796883
|switch|p1a: Landorus|Landorus-Therian, M|100/100|[from]move: U-turn
|-ability|p1a: Landorus|Intimidate|boost
|-unboost|p2a: Clefable|atk|1
|move|p2a: Clefable|Wish|p2a: Clefable
|
|upkeep
|turn|33
|
|t:|1665796889
|switch|p2a: Suicune|Suicune|66/100
|-damage|p2a: Suicune|54/100|[from] Stealth Rock
|-ability|p2a: Suicune|Pressure
|move|p1a: Landorus|U-turn|p2a: Suicune
|-crit|p2a: Suicune
|-damage|p2a: Suicune|33/100
|
|t:|1665796896
|switch|p1a: Tapu Lele|Tapu Lele|68/100|[from]move: U-turn
|-fieldstart|move: Psychic Terrain|[from] ability: Psychic Surge|[of] p1a: Tapu Lele
|
|-heal|p2a: Suicune|81/100|[from] move: Wish|[wisher] Clefable
|-heal|p2a: Suicune|87/100|[from] item: Leftovers
|upkeep
|turn|34
|
|t:|1665796910
|move|p1a: Tapu Lele|Future Sight|p2a: Suicune
|-start|p1a: Tapu Lele|move: Future Sight
|move|p2a: Suicune|Calm Mind|p2a: Suicune
|-boost|p2a: Suicune|spa|1
|-boost|p2a: Suicune|spd|1
|
|-heal|p2a: Suicune|94/100|[from] item: Leftovers
|upkeep
|turn|35
|
|t:|1665796918
|switch|p1a: Landorus|Landorus-Therian, M|100/100
|-ability|p1a: Landorus|Intimidate|boost
|-unboost|p2a: Suicune|atk|1
|move|p2a: Suicune|Calm Mind|p2a: Suicune
|-boost|p2a: Suicune|spa|1
|-boost|p2a: Suicune|spd|1
|
|-heal|p2a: Suicune|99/100|[from] item: Leftovers
|upkeep
|turn|36
|
|t:|1665796927
|move|p2a: Suicune|Calm Mind|p2a: Suicune
|-boost|p2a: Suicune|spa|1
|-boost|p2a: Suicune|spd|1
|move|p1a: Landorus|Toxic|p2a: Suicune
|-status|p2a: Suicune|tox
|
|-end|p2a: Suicune|move: Future Sight
|-damage|p2a: Suicune|72/100 tox
|-heal|p2a: Suicune|78/100 tox|[from] item: Leftovers
|-damage|p2a: Suicune|72/100 tox|[from] psn
|upkeep
|turn|37
|
|t:|1665796938
|switch|p1a: Tornadus|Tornadus-Therian, M|100/100
|move|p2a: Suicune|Scald|p1a: Tornadus
|-damage|p1a: Tornadus|35/100
|
|-heal|p2a: Suicune|78/100 tox|[from] item: Leftovers
|-damage|p2a: Suicune|66/100 tox|[from] psn
|-fieldend|move: Psychic Terrain
|upkeep
|turn|38
|
|t:|1665796950
|move|p1a: Tornadus|Knock Off|p2a: Suicune
|-damage|p2a: Suicune|54/100 tox
|-enditem|p2a: Suicune|Leftovers|[from] move: Knock Off|[of] p1a: Tornadus
|move|p2a: Suicune|Scald|p1a: Tornadus
|-crit|p1a: Tornadus
|-damage|p1a: Tornadus|0 fnt
|faint|p1a: Tornadus
|
|-damage|p2a: Suicune|35/100 tox|[from] psn
|upkeep
|
|t:|1665796954
|switch|p1a: Tapu Lele|Tapu Lele|68/100
|-fieldstart|move: Psychic Terrain|[from] ability: Psychic Surge|[of] p1a: Tapu Lele
|turn|39
|
|t:|1665796957
|move|p1a: Tapu Lele|Psyshock|p2a: Suicune
|-damage|p2a: Suicune|3/100 tox
|move|p2a: Suicune|Rest|p2a: Suicune
|-status|p2a: Suicune|slp|[from] move: Rest
|-heal|p2a: Suicune|100/100 slp|[silent]
|
|upkeep
|turn|40
|
|t:|1665796961
|move|p1a: Tapu Lele|Psyshock|p2a: Suicune
|-crit|p2a: Suicune
|-damage|p2a: Suicune|50/100 slp
|cant|p2a: Suicune|slp
|move|p2a: Suicune|Sleep Talk|p2a: Suicune
|move|p2a: Suicune|Calm Mind|p2a: Suicune|[from]move: Sleep Talk
|-boost|p2a: Suicune|spa|1
|-boost|p2a: Suicune|spd|1
|
|upkeep
|turn|41
|
|t:|1665796964
|move|p1a: Tapu Lele|Psyshock|p2a: Suicune
|-damage|p2a: Suicune|17/100 slp
|cant|p2a: Suicune|slp
|move|p2a: Suicune|Sleep Talk|p2a: Suicune
|move|p2a: Suicune|Scald|p1a: Tapu Lele|[from]move: Sleep Talk
|-damage|p1a: Tapu Lele|0 fnt
|faint|p1a: Tapu Lele
|
|upkeep
|
|t:|1665796967
|switch|p1a: Urshifu|Urshifu-Rapid-Strike, M|100/100
|turn|42
|
|t:|1665796983
|move|p1a: Urshifu|Close Combat|p2a: Suicune
|-damage|p2a: Suicune|0 fnt
|-unboost|p1a: Urshifu|def|1
|-unboost|p1a: Urshifu|spd|1
|faint|p2a: Suicune
|
|upkeep
|
|t:|1665796992
|switch|p2a: Mienshao|Mienshao, M|100/100
|-damage|p2a: Mienshao|94/100|[from] Stealth Rock
|turn|43
|
|t:|1665796997
|switch|p1a: Landorus|Landorus-Therian, M|100/100
|-ability|p1a: Landorus|Intimidate|boost
|-unboost|p2a: Mienshao|atk|1
|move|p2a: Mienshao|Knock Off|p1a: Landorus
|-damage|p1a: Landorus|85/100
|-enditem|p1a: Landorus|Leftovers|[from] move: Knock Off|[of] p2a: Mienshao
|
|-fieldend|move: Psychic Terrain
|upkeep
|turn|44
|
|t:|1665797008
|switch|p1a: Dragapult|Dragapult, F|84/100
|move|p2a: Mienshao|U-turn|p1a: Dragapult
|-resisted|p1a: Dragapult
|-damage|p1a: Dragapult|75/100
|
|t:|1665797012
|switch|p2a: Clefable|Clefable, F|94/100|[from]move: U-turn
|-damage|p2a: Clefable|81/100|[from] Stealth Rock
|
|upkeep
|turn|45
|
|t:|1665797026
|switch|p1a: Landorus|Landorus-Therian, M|85/100
|-ability|p1a: Landorus|Intimidate|boost
|-unboost|p2a: Clefable|atk|1
|move|p2a: Clefable|Wish|p2a: Clefable
|
|upkeep
|turn|46
|
|t:|1665797045
|move|p1a: Landorus|Toxic|p2a: Clefable
|-status|p2a: Clefable|tox
|move|p2a: Clefable|Moonblast|p1a: Landorus
|-crit|p1a: Landorus
|-damage|p1a: Landorus|47/100
|-unboost|p1a: Landorus|spa|1
|
|-heal|p2a: Clefable|100/100 tox|[from] move: Wish|[wisher] Clefable
|-damage|p2a: Clefable|94/100 tox|[from] psn
|upkeep
|turn|47
|
|t:|1665797051
|move|p1a: Landorus|Earthquake|p2a: Clefable
|-damage|p2a: Clefable|51/100 tox
|move|p2a: Clefable|Wish|p2a: Clefable
|
|-damage|p2a: Clefable|39/100 tox|[from] psn
|upkeep
|turn|48
|inactive|StakaReset has 120 seconds left.
|
|t:|1665797084
|switch|p2a: Zapdos|Zapdos|76/100
|-ability|p2a: Zapdos|Pressure
|move|p1a: Landorus|U-turn|p2a: Zapdos
|-resisted|p2a: Zapdos
|-damage|p2a: Zapdos|67/100
|
|t:|1665797088
|switch|p1a: Dragapult|Dragapult, F|75/100|[from]move: U-turn
|
|-heal|p2a: Zapdos|100/100|[from] move: Wish|[wisher] Clefable
|upkeep
|turn|49
|
|t:|1665797096
|move|p1a: Dragapult|Shadow Ball|p2a: Zapdos
|-damage|p2a: Zapdos|49/100
|-unboost|p2a: Zapdos|spd|1
|move|p2a: Zapdos|Hurricane|p1a: Dragapult
|-damage|p1a: Dragapult|11/100
|
|upkeep
|turn|50
|
|t:|1665797109
|move|p1a: Dragapult|Shadow Ball|p2a: Zapdos
|-damage|p2a: Zapdos|0 fnt
|faint|p2a: Zapdos
|
|upkeep
|
|t:|1665797115
|switch|p2a: Corviknight|Corviknight, M|100/100
|-damage|p2a: Corviknight|88/100|[from] Stealth Rock
|-ability|p2a: Corviknight|Pressure
|turn|51
|
|t:|1665797122
|move|p1a: Dragapult|Shadow Ball|p2a: Corviknight
|-damage|p2a: Corviknight|36/100
|move|p2a: Corviknight|U-turn|p1a: Dragapult
|-resisted|p1a: Dragapult
|-damage|p1a: Dragapult|1/100
|
|t:|1665797125
|switch|p2a: Mienshao|Mienshao, M|100/100|[from]move: U-turn
|-damage|p2a: Mienshao|94/100|[from] Stealth Rock
|
|upkeep
|turn|52
|
|t:|1665797131
|move|p1a: Dragapult|Shadow Ball|p2a: Mienshao
|-damage|p2a: Mienshao|56/100
|move|p2a: Mienshao|U-turn|p1a: Dragapult
|-resisted|p1a: Dragapult
|-damage|p1a: Dragapult|0 fnt
|faint|p1a: Dragapult
|
|t:|1665797138
|switch|p2a: Clefable|Clefable, F|39/100 tox|[from]move: U-turn
|-damage|p2a: Clefable|27/100 tox|[from] Stealth Rock
|
|-damage|p2a: Clefable|21/100 tox|[from] psn
|upkeep
|
|t:|1665797140
|switch|p1a: Urshifu|Urshifu-Rapid-Strike, M|100/100
|turn|53
|
|t:|1665797143
|switch|p2a: Corviknight|Corviknight, M|36/100
|-damage|p2a: Corviknight|24/100|[from] Stealth Rock
|-ability|p2a: Corviknight|Pressure
|move|p1a: Urshifu|Surging Strikes|p2a: Corviknight
|-crit|p2a: Corviknight
|-damage|p2a: Corviknight|10/100
|-crit|p2a: Corviknight
|-damage|p2a: Corviknight|0 fnt
|faint|p2a: Corviknight
|-hitcount|p2: Corviknight|2
|
|upkeep
|
|t:|1665797153
|switch|p2a: Mienshao|Mienshao, M|90/100
|-damage|p2a: Mienshao|83/100|[from] Stealth Rock
|turn|54
|
|t:|1665797158
|move|p1a: Urshifu|Surging Strikes|p2a: Mienshao
|-crit|p2a: Mienshao
|-damage|p2a: Mienshao|44/100
|-crit|p2a: Mienshao
|-damage|p2a: Mienshao|7/100
|-crit|p2a: Mienshao
|-damage|p2a: Mienshao|0 fnt
|faint|p2a: Mienshao
|-hitcount|p2: Mienshao|3
|
|upkeep
|
|t:|1665797163
|switch|p2a: Clefable|Clefable, F|21/100 tox
|-damage|p2a: Clefable|8/100 tox|[from] Stealth Rock
|turn|55
|
|t:|1665797164
|move|p1a: Urshifu|Surging Strikes|p2a: Clefable
|-crit|p2a: Clefable
|-damage|p2a: Clefable|0 fnt
|faint|p2a: Clefable
|-hitcount|p2: Clefable|1
|
|win|dd absol
|raw|dd absol's rating: 1421 &rarr; <strong>1439</strong><br />(+18 for winning)
|raw|StakaReset's rating: 1379 &rarr; <strong>1361</strong><br />(-18 for losing)
|l|☆StakaReset
||Ladder isn't responding, score probably updated but might not have (Request timeout).
