|j|☆wolverine111
|j|☆Blue chen
|player|p1|wolverine111|benga|1594
|player|p2|Blue chen|karen|1646
|teamsize|p1|6
|teamsize|p2|6
|gametype|singles
|gen|8
|tier|[Gen 8] OU
|rated|
|clearpoke
|poke|p1|Mandibuzz, F|
|poke|p1|Rotom-Wash|
|poke|p1|Conkeldurr, M|
|poke|p1|Cinderace, M|
|poke|p1|Excadrill, F|
|poke|p1|Aegislash, M|
|poke|p2|Shuckle, M|
|poke|p2|Togekiss, M|
|poke|p2|Cinderace, M|
|poke|p2|Kyurem|
|poke|p2|Dracozolt|
|poke|p2|Zeraora|
|rule|Sleep Clause Mod: Limit one foe put to sleep
|rule|Species Clause: Limit one of each Pokémon
|rule|OHKO Clause: OHKO moves are banned
|rule|Evasion Moves Clause: Evasion moves are banned
|rule|Endless Battle Clause: Forcing endless battles is banned
|rule|HP Percentage Mod: HP is shown in percentages
|rule|Dynamax Clause: You cannot dynamax
|teampreview
|
|start
|switch|p1a: MerryXmas|Excadrill, F|100/100
|switch|p2a: Cinderace|Cinderace, M|100/100
|-ability|p1a: MerryXmas|Mold Breaker
|turn|1
|inactive|Battle timer is ON: inactive players will automatically lose when time's up. (requested by wolverine111)
|
|move|p2a: Cinderace|U-turn|p1a: MerryXmas
|-start|p2a: Cinderace|typechange|Bug|[from] ability: Libero
|-resisted|p1a: MerryXmas
|-damage|p1a: MerryXmas|74/100
|
|switch|p2a: Shuckle|Shuckle, M|100/100|[from]move: U-turn
|move|p1a: MerryXmas|Earthquake|p2a: Shuckle
|-damage|p2a: Shuckle|73/100
|-enditem|p2a: Shuckle|Red Card|[of] p1a: MerryXmas
|drag|p1a: WreckIt|Rotom-Wash|100/100
|
|upkeep
|turn|2
|
|move|p1a: WreckIt|Hydro Pump|p2a: Shuckle
|-supereffective|p2a: Shuckle
|-damage|p2a: Shuckle|26/100
|move|p2a: Shuckle|Sticky Web|p1a: WreckIt
|-sidestart|p1: wolverine111|move: Sticky Web
|
|upkeep
|turn|3
|
|move|p1a: WreckIt|Hydro Pump|p2a: Shuckle
|-supereffective|p2a: Shuckle
|-damage|p2a: Shuckle|0 fnt
|faint|p2a: Shuckle
|
|upkeep
|j| Mrousset
|
|switch|p2a: Dracozolt|Dracozolt|100/100
|turn|4
|
|move|p1a: WreckIt|Will-O-Wisp|p2a: Dracozolt|[miss]
|-miss|p1a: WreckIt|p2a: Dracozolt
|move|p2a: Dracozolt|Earthquake|p1a: WreckIt
|-immune|p1a: WreckIt|[from] ability: Levitate
|
|upkeep
|turn|5
|
|switch|p2a: Cinderace|Cinderace, M|100/100
|move|p1a: WreckIt|Will-O-Wisp|p2a: Cinderace
|-immune|p2a: Cinderace
|
|upkeep
|turn|6
|
|move|p2a: Cinderace|U-turn|p1a: WreckIt
|-start|p2a: Cinderace|typechange|Bug|[from] ability: Libero
|-damage|p1a: WreckIt|67/100
|
|switch|p2a: Kyurem|Kyurem|100/100|[from]move: U-turn
|-ability|p2a: Kyurem|Pressure
|move|p1a: WreckIt|Hydro Pump|p2a: Kyurem|[miss]
|-miss|p1a: WreckIt|p2a: Kyurem
|
|-heal|p1a: WreckIt|73/100|[from] item: Leftovers
|upkeep
|turn|7
|
|switch|p1a: Enma|Aegislash, M, shiny|100/100
|-activate|p1a: Enma|move: Sticky Web
|-unboost|p1a: Enma|spe|1
|move|p2a: Kyurem|Substitute|p2a: Kyurem
|-start|p2a: Kyurem|Substitute
|-damage|p2a: Kyurem|75/100
|
|upkeep
|turn|8
|
|move|p2a: Kyurem|Earth Power|p1a: Enma
|-supereffective|p1a: Enma
|-crit|p1a: Enma
|-damage|p1a: Enma|47/100
|-enditem|p1a: Enma|Weakness Policy
|-boost|p1a: Enma|atk|2|[from] item: Weakness Policy
|-boost|p1a: Enma|spa|2|[from] item: Weakness Policy
|-unboost|p1a: Enma|spd|1
|-formechange|p1a: Enma|Aegislash-Blade||[from] ability: Stance Change
|move|p1a: Enma|Flash Cannon|p2a: Kyurem
|-supereffective|p2a: Kyurem
|-end|p2a: Kyurem|Substitute
|
|upkeep
|turn|9
|
|move|p1a: Enma|Shadow Sneak|p2a: Kyurem
|-damage|p2a: Kyurem|41/100
|move|p2a: Kyurem|Ice Beam|p1a: Enma
|-resisted|p1a: Enma
|-crit|p1a: Enma
|-damage|p1a: Enma|0 fnt
|faint|p1a: Enma
|
|upkeep
|
|switch|p1a: U mad bro?|Conkeldurr, M|100/100
|-activate|p1a: U mad bro?|move: Sticky Web
|-unboost|p1a: U mad bro?|spe|1
|turn|10
|
|switch|p2a: Togekiss|Togekiss, M|100/100
|move|p1a: U mad bro?|Thunder Punch|p2a: Togekiss
|-supereffective|p2a: Togekiss
|-damage|p2a: Togekiss|36/100
|
|-heal|p2a: Togekiss|42/100|[from] item: Leftovers
|upkeep
|turn|11
|
|switch|p1a: WreckIt|Rotom-Wash|73/100
|move|p2a: Togekiss|Air Slash|p1a: WreckIt
|-resisted|p1a: WreckIt
|-damage|p1a: WreckIt|54/100
|
|-heal|p2a: Togekiss|48/100|[from] item: Leftovers
|-heal|p1a: WreckIt|60/100|[from] item: Leftovers
|upkeep
|turn|12
|
|move|p2a: Togekiss|Air Slash|p1a: WreckIt
|-resisted|p1a: WreckIt
|-damage|p1a: WreckIt|38/100
|cant|p1a: WreckIt|flinch
|
|-heal|p2a: Togekiss|54/100|[from] item: Leftovers
|-heal|p1a: WreckIt|44/100|[from] item: Leftovers
|upkeep
|turn|13
|
|move|p2a: Togekiss|Air Slash|p1a: WreckIt
|-resisted|p1a: WreckIt
|-damage|p1a: WreckIt|27/100
|move|p1a: WreckIt|Volt Switch|p2a: Togekiss
|-supereffective|p2a: Togekiss
|-damage|p2a: Togekiss|0 fnt
|faint|p2a: Togekiss
|
|switch|p1a: Pebbles|Mandibuzz, F|100/100|[from]move: Volt Switch
|
|upkeep
|
|switch|p2a: Dracozolt|Dracozolt|100/100
|turn|14
|
|move|p2a: Dracozolt|Bolt Beak|p1a: Pebbles
|-supereffective|p1a: Pebbles
|-damage|p1a: Pebbles|0 fnt
|faint|p1a: Pebbles
|
|upkeep
|
|switch|p1a: WreckIt|Rotom-Wash|27/100
|turn|15
|
|switch|p2a: Cinderace|Cinderace, M|100/100
|move|p1a: WreckIt|Volt Switch|p2a: Cinderace
|-damage|p2a: Cinderace|67/100
|
|switch|p1a: U mad bro?|Conkeldurr, M|100/100|[from]move: Volt Switch
|-activate|p1a: U mad bro?|move: Sticky Web
|-unboost|p1a: U mad bro?|spe|1
|
|upkeep
|turn|16
|
|move|p2a: Cinderace|Pyro Ball|p1a: U mad bro?
|-damage|p1a: U mad bro?|47/100
|move|p1a: U mad bro?|Drain Punch|p2a: Cinderace
|-damage|p2a: Cinderace|0 fnt
|-heal|p1a: U mad bro?|72/100|[from] drain|[of] p2a: Cinderace
|faint|p2a: Cinderace
|
|upkeep
|
|switch|p2a: Dracozolt|Dracozolt|100/100
|turn|17
|
|move|p1a: U mad bro?|Mach Punch|p2a: Dracozolt
|-damage|p2a: Dracozolt|74/100
|move|p2a: Dracozolt|Bolt Beak|p1a: U mad bro?
|-damage|p1a: U mad bro?|18/100
|
|upkeep
|turn|18
|
|move|p1a: U mad bro?|Mach Punch|p2a: Dracozolt
|-damage|p2a: Dracozolt|47/100
|move|p2a: Dracozolt|Bolt Beak|p1a: U mad bro?
|-damage|p1a: U mad bro?|0 fnt
|faint|p1a: U mad bro?
|
|upkeep
|
|switch|p1a: Duracell|Cinderace, M|100/100
|turn|19
|
|move|p1a: Duracell|Court Change|p1a: Duracell
|-start|p1a: Duracell|typechange|Normal|[from] ability: Libero
|-sideend|p1: wolverine111|Sticky Web|[silent]
|-sidestart|p2: Blue chen|Sticky Web|[silent]
|-activate|p1a: Duracell|move: Court Change
|move|p2a: Dracozolt|Earthquake|p1a: Duracell
|-damage|p1a: Duracell|28/100
|
|upkeep
|turn|20
|
|move|p1a: Duracell|Pyro Ball|p2a: Dracozolt|[miss]
|-start|p1a: Duracell|typechange|Fire|[from] ability: Libero
|-miss|p1a: Duracell|p2a: Dracozolt
|move|p2a: Dracozolt|Bolt Beak|p1a: Duracell|[miss]
|-miss|p2a: Dracozolt|p1a: Duracell
|
|upkeep
|turn|21
|
|move|p1a: Duracell|Pyro Ball|p2a: Dracozolt
|-resisted|p2a: Dracozolt
|-damage|p2a: Dracozolt|12/100
|move|p2a: Dracozolt|Earthquake|p1a: Duracell
|-supereffective|p1a: Duracell
|-damage|p1a: Duracell|0 fnt
|faint|p1a: Duracell
|
|upkeep
|
|switch|p1a: WreckIt|Rotom-Wash|27/100
|turn|22
|
|move|p1a: WreckIt|Will-O-Wisp|p2a: Dracozolt
|-status|p2a: Dracozolt|brn
|move|p2a: Dracozolt|Bolt Beak|p1a: WreckIt
|-crit|p1a: WreckIt
|-damage|p1a: WreckIt|0 fnt
|faint|p1a: WreckIt
|
|-damage|p2a: Dracozolt|6/100 brn|[from] brn
|upkeep
|
|switch|p1a: MerryXmas|Excadrill, F|74/100
|-ability|p1a: MerryXmas|Mold Breaker
|turn|23
|j| IDHB
|
|move|p1a: MerryXmas|Rapid Spin|p2a: Dracozolt
|-damage|p2a: Dracozolt|0 fnt
|-boost|p1a: MerryXmas|spe|1
|faint|p2a: Dracozolt
|
|upkeep
|
|switch|p2a: Zeraora|Zeraora|100/100
|-activate|p2a: Zeraora|move: Sticky Web
|-unboost|p2a: Zeraora|spe|1
|turn|24
|
|move|p1a: MerryXmas|Earthquake|p2a: Zeraora
|-supereffective|p2a: Zeraora
|-damage|p2a: Zeraora|0 fnt
|faint|p2a: Zeraora
|
|upkeep
|-message|Blue chen forfeited.
|
|win|wolverine111
|l|☆Blue chen
|raw|wolverine111's rating: 1595 &rarr; <strong>1618</strong><br />(+23 for winning)
|raw|Blue chen's rating: 1646 &rarr; <strong>1623</strong><br />(-23 for losing)
|l|☆wolverine111
|l| Mrousset
