|j|☆testotesto321
|j|☆PlsNoSalamance
|player|p1|testotesto321|bellelba|1562
|player|p2|PlsNoSalamance|2|1615
|teamsize|p1|6
|teamsize|p2|6
|gametype|singles
|gen|8
|tier|[Gen 8] OU
|rated|
|clearpoke
|poke|p1|Alakazam, M|
|poke|p1|Cinderace, M|
|poke|p1|Urshifu, M|
|poke|p1|Hippowdon, F|
|poke|p1|Corviknight, F|
|poke|p1|Toxapex, F|
|poke|p2|Pelipper, F|
|poke|p2|Azumarill, M|
|poke|p2|Barraskewda, F|
|poke|p2|Ferrothorn, F|
|poke|p2|Toxicroak, M|
|poke|p2|Kingdra, F|
|rule|Sleep Clause Mod: Limit one foe put to sleep
|rule|Species Clause: Limit one of each Pokémon
|rule|OHKO Clause: OHKO moves are banned
|rule|Evasion Moves Clause: Evasion moves are banned
|rule|Endless Battle Clause: Forcing endless battles is banned
|rule|HP Percentage Mod: HP is shown in percentages
|rule|Dynamax Clause: You cannot dynamax
|teampreview
|
|start
|switch|p1a: Alakazam|Alakazam, M|100/100
|switch|p2a: Barraskewda|Barraskewda, F|100/100
|turn|1
|
|switch|p1a: Toxapex|Toxapex, F, shiny|100/100
|switch|p2a: Ferrothorn|Ferrothorn, F|100/100
|
|upkeep
|turn|2
|
|move|p1a: Toxapex|Scald|p2a: Ferrothorn
|-resisted|p2a: Ferrothorn
|-damage|p2a: Ferrothorn|95/100
|move|p2a: Ferrothorn|Stealth Rock|p1a: Toxapex
|-sidestart|p1: testotesto321|move: Stealth Rock
|
|-heal|p2a: Ferrothorn|100/100|[from] item: Leftovers
|upkeep
|turn|3
|
|move|p1a: Toxapex|Scald|p2a: Ferrothorn
|-resisted|p2a: Ferrothorn
|-damage|p2a: Ferrothorn|95/100
|move|p2a: Ferrothorn|Leech Seed|p1a: Toxapex
|-start|p1a: Toxapex|move: Leech Seed
|
|-heal|p2a: Ferrothorn|100/100|[from] item: Leftovers
|-damage|p1a: Toxapex|88/100|[from] Leech Seed|[of] p2a: Ferrothorn
|upkeep
|turn|4
|
|switch|p1a: Hippowdon|Hippowdon, F|100/100
|-damage|p1a: Hippowdon|94/100|[from] Stealth Rock
|-weather|Sandstorm|[from] ability: Sand Stream|[of] p1a: Hippowdon
|move|p2a: Ferrothorn|Spikes|p1a: Hippowdon
|-sidestart|p1: testotesto321|Spikes
|
|-weather|Sandstorm|[upkeep]
|upkeep
|turn|5
|
|switch|p1a: Corviknight|Corviknight, F|100/100
|-damage|p1a: Corviknight|88/100|[from] Stealth Rock
|-ability|p1a: Corviknight|Pressure
|move|p2a: Ferrothorn|Leech Seed|p1a: Corviknight
|-start|p1a: Corviknight|move: Leech Seed
|
|-weather|Sandstorm|[upkeep]
|-heal|p1a: Corviknight|94/100|[from] item: Leftovers
|-damage|p1a: Corviknight|82/100|[from] Leech Seed|[of] p2a: Ferrothorn
|upkeep
|turn|6
|inactive|Battle timer is ON: inactive players will automatically lose when time's up. (requested by testotesto321)
|
|move|p1a: Corviknight|Defog|p2a: Ferrothorn
|-unboost|p2a: Ferrothorn|evasion|1
|-sideend|p1: testotesto321|Spikes|[from] move: Defog|[of] p1a: Corviknight
|-sideend|p1: testotesto321|Stealth Rock|[from] move: Defog|[of] p1a: Corviknight
|move|p2a: Ferrothorn|Spikes|p1a: Corviknight
|-sidestart|p1: testotesto321|Spikes
|
|-weather|Sandstorm|[upkeep]
|-heal|p1a: Corviknight|88/100|[from] item: Leftovers
|-damage|p1a: Corviknight|75/100|[from] Leech Seed|[of] p2a: Ferrothorn
|upkeep
|turn|7
|
|move|p1a: Corviknight|Defog|p2a: Ferrothorn
|-unboost|p2a: Ferrothorn|evasion|1
|-sideend|p1: testotesto321|Spikes|[from] move: Defog|[of] p1a: Corviknight
|move|p2a: Ferrothorn|Stealth Rock|p1a: Corviknight
|-sidestart|p1: testotesto321|move: Stealth Rock
|
|-weather|Sandstorm|[upkeep]
|-heal|p1a: Corviknight|82/100|[from] item: Leftovers
|-damage|p1a: Corviknight|69/100|[from] Leech Seed|[of] p2a: Ferrothorn
|upkeep
|turn|8
|
|move|p1a: Corviknight|Defog|p2a: Ferrothorn
|-unboost|p2a: Ferrothorn|evasion|1
|-sideend|p1: testotesto321|Stealth Rock|[from] move: Defog|[of] p1a: Corviknight
|move|p2a: Ferrothorn|Spikes|p1a: Corviknight
|-sidestart|p1: testotesto321|Spikes
|
|-weather|none
|-heal|p1a: Corviknight|75/100|[from] item: Leftovers
|-damage|p1a: Corviknight|63/100|[from] Leech Seed|[of] p2a: Ferrothorn
|upkeep
|turn|9
|
|move|p1a: Corviknight|Defog|p2a: Ferrothorn
|-unboost|p2a: Ferrothorn|evasion|1
|-sideend|p1: testotesto321|Spikes|[from] move: Defog|[of] p1a: Corviknight
|move|p2a: Ferrothorn|Stealth Rock|p1a: Corviknight
|-sidestart|p1: testotesto321|move: Stealth Rock
|
|-heal|p1a: Corviknight|69/100|[from] item: Leftovers
|-damage|p1a: Corviknight|57/100|[from] Leech Seed|[of] p2a: Ferrothorn
|upkeep
|turn|10
|
|move|p1a: Corviknight|Roost|p1a: Corviknight
|-heal|p1a: Corviknight|100/100
|-singleturn|p1a: Corviknight|move: Roost
|move|p2a: Ferrothorn|Spikes|p1a: Corviknight
|-sidestart|p1: testotesto321|Spikes
|
|-damage|p1a: Corviknight|88/100|[from] Leech Seed|[of] p2a: Ferrothorn
|upkeep
|turn|11
|
|move|p1a: Corviknight|Defog|p2a: Ferrothorn
|-unboost|p2a: Ferrothorn|evasion|1
|-sideend|p1: testotesto321|Spikes|[from] move: Defog|[of] p1a: Corviknight
|-sideend|p1: testotesto321|Stealth Rock|[from] move: Defog|[of] p1a: Corviknight
|move|p2a: Ferrothorn|Spikes|p1a: Corviknight
|-sidestart|p1: testotesto321|Spikes
|
|-heal|p1a: Corviknight|94/100|[from] item: Leftovers
|-damage|p1a: Corviknight|82/100|[from] Leech Seed|[of] p2a: Ferrothorn
|upkeep
|turn|12
|
|switch|p1a: Cinderace|Cinderace, M|100/100
|move|p2a: Ferrothorn|Stealth Rock|p1a: Cinderace
|-sidestart|p1: testotesto321|move: Stealth Rock
|
|upkeep
|turn|13
|
|switch|p2a: Pelipper|Pelipper, F|100/100
|-weather|RainDance|[from] ability: Drizzle|[of] p2a: Pelipper
|move|p1a: Cinderace|U-turn|p2a: Pelipper
|-start|p1a: Cinderace|typechange|Bug|[from] ability: Libero
|-resisted|p2a: Pelipper
|-damage|p2a: Pelipper|88/100
|
|switch|p1a: Corviknight|Corviknight, F|82/100|[from]move: U-turn
|-damage|p1a: Corviknight|69/100|[from] Stealth Rock
|-ability|p1a: Corviknight|Pressure
|
|-weather|RainDance|[upkeep]
|-heal|p1a: Corviknight|75/100|[from] item: Leftovers
|upkeep
|turn|14
|
|move|p2a: Pelipper|U-turn|p1a: Corviknight
|-resisted|p1a: Corviknight
|-damage|p1a: Corviknight|74/100
|c|☆testotesto321|no hazards
|c|☆testotesto321|heh
|inactive|PlsNoSalamance has 120 seconds left.
|
|switch|p2a: Azumarill|Azumarill, M|100/100|[from]move: U-turn
|move|p1a: Corviknight|Defog|p2a: Azumarill
|-unboost|p2a: Azumarill|evasion|1
|-sideend|p1: testotesto321|Spikes|[from] move: Defog|[of] p1a: Corviknight
|-sideend|p1: testotesto321|Stealth Rock|[from] move: Defog|[of] p1a: Corviknight
|
|-weather|RainDance|[upkeep]
|-heal|p1a: Corviknight|80/100|[from] item: Leftovers
|upkeep
|turn|15
|c|☆testotesto321|hazards are for the weak :p
|
|move|p1a: Corviknight|Brave Bird|p2a: Azumarill
|-damage|p2a: Azumarill|63/100
|-damage|p1a: Corviknight|68/100|[from] Recoil
|move|p2a: Azumarill|Belly Drum|p2a: Azumarill
|-damage|p2a: Azumarill|13/100
|-setboost|p2a: Azumarill|atk|6|[from] move: Belly Drum
|-enditem|p2a: Azumarill|Sitrus Berry|[eat]
|-heal|p2a: Azumarill|38/100|[from] item: Sitrus Berry
|
|-weather|RainDance|[upkeep]
|-heal|p1a: Corviknight|74/100|[from] item: Leftovers
|upkeep
|turn|16
|
|switch|p1a: Hippowdon|Hippowdon, F|94/100
|-weather|Sandstorm|[from] ability: Sand Stream|[of] p1a: Hippowdon
|move|p2a: Azumarill|Aqua Jet|p1a: Hippowdon
|-supereffective|p1a: Hippowdon
|-damage|p1a: Hippowdon|0 fnt
|-damage|p2a: Azumarill|21/100|[from] item: Rocky Helmet|[of] p1a: Hippowdon
|faint|p1a: Hippowdon
|
|-weather|Sandstorm|[upkeep]
|-damage|p2a: Azumarill|15/100|[from] Sandstorm
|upkeep
|
|switch|p1a: Cinderace|Cinderace, M|100/100
|turn|17
|
|move|p1a: Cinderace|Sucker Punch|p2a: Azumarill
|-start|p1a: Cinderace|typechange|Dark|[from] ability: Libero
|-resisted|p2a: Azumarill
|-damage|p2a: Azumarill|0 fnt
|faint|p2a: Azumarill
|
|-weather|Sandstorm|[upkeep]
|-damage|p1a: Cinderace|95/100|[from] Sandstorm
|upkeep
|
|switch|p2a: Pelipper|Pelipper, F|88/100
|-weather|RainDance|[from] ability: Drizzle|[of] p2a: Pelipper
|turn|18
|
|move|p1a: Cinderace|U-turn|p2a: Pelipper
|-start|p1a: Cinderace|typechange|Bug|[from] ability: Libero
|-resisted|p2a: Pelipper
|-damage|p2a: Pelipper|76/100
|
|switch|p1a: Corviknight|Corviknight, F|74/100|[from]move: U-turn
|-ability|p1a: Corviknight|Pressure
|move|p2a: Pelipper|U-turn|p1a: Corviknight
|-resisted|p1a: Corviknight
|-damage|p1a: Corviknight|72/100
|
|switch|p2a: Barraskewda|Barraskewda, F|100/100|[from]move: U-turn
|
|-weather|RainDance|[upkeep]
|-heal|p1a: Corviknight|79/100|[from] item: Leftovers
|upkeep
|turn|19
|
|switch|p1a: Toxapex|Toxapex, F, shiny|100/100
|move|p2a: Barraskewda|Flip Turn|p1a: Toxapex
|-resisted|p1a: Toxapex
|-damage|p1a: Toxapex|77/100
|
|switch|p2a: Ferrothorn|Ferrothorn, F|100/100|[from]move: Flip Turn
|
|-weather|RainDance|[upkeep]
|-heal|p1a: Toxapex|83/100|[from] item: Black Sludge
|upkeep
|turn|20
|
|move|p1a: Toxapex|Scald|p2a: Ferrothorn
|-resisted|p2a: Ferrothorn
|-crit|p2a: Ferrothorn
|-damage|p2a: Ferrothorn|89/100
|move|p2a: Ferrothorn|Stealth Rock|p1a: Toxapex
|-sidestart|p1: testotesto321|move: Stealth Rock
|
|-weather|RainDance|[upkeep]
|-heal|p1a: Toxapex|90/100|[from] item: Black Sludge
|-heal|p2a: Ferrothorn|96/100|[from] item: Leftovers
|upkeep
|turn|21
|
|switch|p1a: Cinderace|Cinderace, M|95/100
|switch|p2a: Toxicroak|Toxicroak, M|100/100
|
|-weather|RainDance|[upkeep]
|upkeep
|turn|22
|
|switch|p2a: Pelipper|Pelipper, F|76/100
|move|p1a: Cinderace|Zen Headbutt|p2a: Pelipper
|-start|p1a: Cinderace|typechange|Psychic|[from] ability: Libero
|-crit|p2a: Pelipper
|-damage|p2a: Pelipper|30/100
|
|-weather|RainDance|[upkeep]
|upkeep
|turn|23
|
|move|p1a: Cinderace|Zen Headbutt|p2a: Pelipper
|-damage|p2a: Pelipper|1/100
|move|p2a: Pelipper|Roost|p2a: Pelipper
|-heal|p2a: Pelipper|51/100
|-singleturn|p2a: Pelipper|move: Roost
|
|-weather|RainDance|[upkeep]
|upkeep
|turn|24
|
|move|p1a: Cinderace|U-turn|p2a: Pelipper
|-start|p1a: Cinderace|typechange|Bug|[from] ability: Libero
|-resisted|p2a: Pelipper
|-damage|p2a: Pelipper|39/100
|
|switch|p1a: Alakazam|Alakazam, M|100/100|[from]move: U-turn
|move|p2a: Pelipper|Roost|p2a: Pelipper
|-heal|p2a: Pelipper|89/100
|-singleturn|p2a: Pelipper|move: Roost
|
|-weather|RainDance|[upkeep]
|upkeep
|turn|25
|
|move|p1a: Alakazam|Psychic|p2a: Pelipper
|-damage|p2a: Pelipper|6/100
|-unboost|p2a: Pelipper|spd|1
|move|p2a: Pelipper|U-turn|p1a: Alakazam
|-supereffective|p1a: Alakazam
|-damage|p1a: Alakazam|56/100
|
|switch|p2a: Ferrothorn|Ferrothorn, F|96/100|[from]move: U-turn
|
|-weather|none
|-heal|p2a: Ferrothorn|100/100|[from] item: Leftovers
|upkeep
|turn|26
|
|move|p1a: Alakazam|Focus Blast|p2a: Ferrothorn
|-supereffective|p2a: Ferrothorn
|-damage|p2a: Ferrothorn|28/100
|move|p2a: Ferrothorn|Gyro Ball|p1a: Alakazam
|-damage|p1a: Alakazam|0 fnt
|faint|p1a: Alakazam
|
|-heal|p2a: Ferrothorn|34/100|[from] item: Leftovers
|upkeep
|
|switch|p1a: Cinderace|Cinderace, M|95/100
|turn|27
|
|move|p1a: Cinderace|Pyro Ball|p2a: Ferrothorn
|-supereffective|p2a: Ferrothorn
|-damage|p2a: Ferrothorn|0 fnt
|faint|p2a: Ferrothorn
|
|upkeep
|
|switch|p2a: Pelipper|Pelipper, F|6/100
|-weather|RainDance|[from] ability: Drizzle|[of] p2a: Pelipper
|turn|28
|
|switch|p2a: Kingdra|Kingdra, F|100/100
|move|p1a: Cinderace|U-turn|p2a: Kingdra
|-start|p1a: Cinderace|typechange|Bug|[from] ability: Libero
|-crit|p2a: Kingdra
|-damage|p2a: Kingdra|36/100
|
|switch|p1a: Urshifu|Urshifu, M|100/100|[from]move: U-turn
|-damage|p1a: Urshifu|94/100|[from] Stealth Rock
|
|-weather|RainDance|[upkeep]
|upkeep
|turn|29
|
|move|p2a: Kingdra|Surf|p1a: Urshifu
|-damage|p1a: Urshifu|0 fnt
|faint|p1a: Urshifu
|
|-weather|RainDance|[upkeep]
|upkeep
|
|switch|p1a: Cinderace|Cinderace, M|95/100
|turn|30
|
|switch|p2a: Barraskewda|Barraskewda, F|100/100
|move|p1a: Cinderace|Sucker Punch||[still]
|-start|p1a: Cinderace|typechange|Dark|[from] ability: Libero
|-fail|p1a: Cinderace
|
|-weather|RainDance|[upkeep]
|upkeep
|turn|31
|
|switch|p1a: Toxapex|Toxapex, F, shiny|100/100
|-damage|p1a: Toxapex|88/100|[from] Stealth Rock
|move|p2a: Barraskewda|Liquidation|p1a: Toxapex
|-resisted|p1a: Toxapex
|-damage|p1a: Toxapex|55/100
|
|-weather|RainDance|[upkeep]
|-heal|p1a: Toxapex|61/100|[from] item: Black Sludge
|upkeep
|turn|32
|
|switch|p2a: Toxicroak|Toxicroak, M|100/100
|switch|p1a: Cinderace|Cinderace, M|95/100
|
|-weather|RainDance|[upkeep]
|upkeep
|turn|33
|
|move|p1a: Cinderace|Zen Headbutt|p2a: Toxicroak|[miss]
|-start|p1a: Cinderace|typechange|Psychic|[from] ability: Libero
|-miss|p1a: Cinderace|p2a: Toxicroak
|move|p2a: Toxicroak|Drain Punch|p1a: Cinderace
|-resisted|p1a: Cinderace
|-damage|p1a: Cinderace|63/100
|-damage|p2a: Toxicroak|91/100|[from] item: Life Orb
|
|-weather|RainDance|[upkeep]
|-heal|p2a: Toxicroak|100/100|[from] ability: Dry Skin
|upkeep
|turn|34
|
|move|p1a: Cinderace|Sucker Punch|p2a: Toxicroak
|-start|p1a: Cinderace|typechange|Dark|[from] ability: Libero
|-resisted|p2a: Toxicroak
|-damage|p2a: Toxicroak|75/100
|move|p2a: Toxicroak|Sucker Punch||[still]
|-fail|p2a: Toxicroak
|
|-weather|RainDance|[upkeep]
|-heal|p2a: Toxicroak|88/100|[from] ability: Dry Skin
|upkeep
|turn|35
|
|move|p2a: Toxicroak|Sucker Punch|p1a: Cinderace
|-resisted|p1a: Cinderace
|-damage|p1a: Cinderace|41/100
|-damage|p2a: Toxicroak|78/100|[from] item: Life Orb
|move|p1a: Cinderace|Zen Headbutt|p2a: Toxicroak
|-start|p1a: Cinderace|typechange|Psychic|[from] ability: Libero
|-supereffective|p2a: Toxicroak
|-damage|p2a: Toxicroak|0 fnt
|faint|p2a: Toxicroak
|
|-weather|none
|upkeep
|
|switch|p2a: Pelipper|Pelipper, F|6/100
|-weather|RainDance|[from] ability: Drizzle|[of] p2a: Pelipper
|turn|36
|
|move|p1a: Cinderace|U-turn|p2a: Pelipper
|-start|p1a: Cinderace|typechange|Bug|[from] ability: Libero
|-resisted|p2a: Pelipper
|-damage|p2a: Pelipper|0 fnt
|faint|p2a: Pelipper
|
|switch|p1a: Toxapex|Toxapex, F, shiny|95/100|[from]move: U-turn
|-damage|p1a: Toxapex|82/100|[from] Stealth Rock
|
|-weather|RainDance|[upkeep]
|-heal|p1a: Toxapex|88/100|[from] item: Black Sludge
|upkeep
|
|switch|p2a: Kingdra|Kingdra, F|36/100
|turn|37
|
|move|p2a: Kingdra|Hurricane|p1a: Toxapex
|-damage|p1a: Toxapex|47/100
|-start|p1a: Toxapex|confusion
|-activate|p1a: Toxapex|confusion
|move|p1a: Toxapex|Toxic|p2a: Kingdra
|-status|p2a: Kingdra|tox
|
|-weather|RainDance|[upkeep]
|-heal|p1a: Toxapex|53/100|[from] item: Black Sludge
|-damage|p2a: Kingdra|29/100 tox|[from] psn
|upkeep
|turn|38
|
|switch|p1a: Corviknight|Corviknight, F|79/100
|-damage|p1a: Corviknight|66/100|[from] Stealth Rock
|-ability|p1a: Corviknight|Pressure
|move|p2a: Kingdra|Hurricane|p1a: Corviknight
|-resisted|p1a: Corviknight
|-damage|p1a: Corviknight|47/100
|-start|p1a: Corviknight|confusion
|
|-weather|RainDance|[upkeep]
|-heal|p1a: Corviknight|54/100|[from] item: Leftovers
|-damage|p2a: Kingdra|17/100 tox|[from] psn
|upkeep
|turn|39
|
|move|p2a: Kingdra|Hurricane|p1a: Corviknight
|-resisted|p1a: Corviknight
|-damage|p1a: Corviknight|35/100
|-activate|p1a: Corviknight|confusion
|move|p1a: Corviknight|U-turn|p2a: Kingdra
|-damage|p2a: Kingdra|0 fnt
|faint|p2a: Kingdra
|
|switch|p1a: Cinderace|Cinderace, M|41/100|[from]move: U-turn
|
|-weather|RainDance|[upkeep]
|upkeep
|
|switch|p2a: Barraskewda|Barraskewda, F|100/100
|turn|40
|
|move|p1a: Cinderace|Sucker Punch|p2a: Barraskewda
|-start|p1a: Cinderace|typechange|Dark|[from] ability: Libero
|-damage|p2a: Barraskewda|29/100
|move|p2a: Barraskewda|Liquidation|p1a: Cinderace
|-damage|p1a: Cinderace|0 fnt
|faint|p1a: Cinderace
|
|-weather|RainDance|[upkeep]
|upkeep
|
|switch|p1a: Toxapex|Toxapex, F, shiny|87/100
|-damage|p1a: Toxapex|74/100|[from] Stealth Rock
|turn|41
|
|move|p2a: Barraskewda|Liquidation|p1a: Toxapex
|-resisted|p1a: Toxapex
|-damage|p1a: Toxapex|42/100
|move|p1a: Toxapex|Scald|p2a: Barraskewda
|-resisted|p2a: Barraskewda
|-damage|p2a: Barraskewda|2/100
|-status|p2a: Barraskewda|brn
|
|-weather|RainDance|[upkeep]
|-heal|p1a: Toxapex|48/100|[from] item: Black Sludge
|-damage|p2a: Barraskewda|0 fnt|[from] brn
|faint|p2a: Barraskewda
|
|win|testotesto321
|upkeep
|l|☆PlsNoSalamance
|c|☆testotesto321|gg
