|j|☆Deepfriedmagikarp
|j|‽Steelix Fusion
|t:|1657497610
|gametype|singles
|player|p1|Deepfriedmagikarp|102|1728
|player|p2|Steelix Fusion|marshal|1655
|teamsize|p1|6
|teamsize|p2|6
|gen|8
|tier|[Gen 8] OU
|rated|
|rule|Sleep Clause Mod: Limit one foe put to sleep
|rule|Species Clause: Limit one of each Pokémon
|rule|OHKO Clause: OHKO moves are banned
|rule|Evasion Moves Clause: Evasion moves are banned
|rule|Endless Battle Clause: Forcing endless battles is banned
|rule|HP Percentage Mod: HP is shown in percentages
|rule|Dynamax Clause: You cannot dynamax
|clearpoke
|poke|p1|Tapu Koko|
|poke|p1|Victini|
|poke|p1|Ferrothorn, M|
|poke|p1|Landorus-Therian, M|
|poke|p1|Slowbro, M|
|poke|p1|Bisharp, M|
|poke|p2|Ninetales-Alola, M|
|poke|p2|Klefki, M|
|poke|p2|Flygon, F|
|poke|p2|Escavalier, M|
|poke|p2|Sylveon, M|
|poke|p2|Carracosta, M|
|teampreview
|inactive|Battle timer is ON: inactive players will automatically lose when time's up. (requested by Deepfriedmagikarp)
|
|t:|1657497622
|start
|switch|p1a: Victini|Victini|100/100
|switch|p2a: Ninetales|Ninetales-Alola, M|100/100
|-weather|Hail|[from] ability: Snow Warning|[of] p2a: Ninetales
|turn|1
|
|t:|1657497628
|move|p2a: Ninetales|Aurora Veil|p2a: Ninetales
|-sidestart|p2: Steelix Fusion|move: Aurora Veil
|move|p1a: Victini|V-create|p2a: Ninetales
|-supereffective|p2a: Ninetales
|-damage|p2a: Ninetales|3/100
|-unboost|p1a: Victini|spe|1
|-unboost|p1a: Victini|def|1
|-unboost|p1a: Victini|spd|1
|
|-weather|Hail|[upkeep]
|-damage|p1a: Victini|94/100|[from] Hail
|upkeep
|turn|2
|j| Down$hift
|
|t:|1657497636
|switch|p1a: Slowbro|Slowbro, M|100/100
|move|p2a: Ninetales|Encore||[still]
|-fail|p2a: Ninetales
|
|-weather|Hail|[upkeep]
|-damage|p1a: Slowbro|94/100|[from] Hail
|upkeep
|turn|3
|
|t:|1657497643
|move|p2a: Ninetales|Freeze-Dry|p1a: Slowbro
|-supereffective|p1a: Slowbro
|-damage|p1a: Slowbro|65/100
|move|p1a: Slowbro|Teleport|p1a: Slowbro
|
|t:|1657497650
|switch|p1a: Ferrothorn|Ferrothorn, M|100/100|[from]move: Teleport
|
|-weather|Hail|[upkeep]
|-damage|p1a: Ferrothorn|95/100|[from] Hail
|upkeep
|turn|4
|
|t:|1657497656
|switch|p2a: Escavalier|Escavalier, M|100/100
|move|p1a: Ferrothorn|Spikes|p2a: Escavalier
|-sidestart|p2: Steelix Fusion|Spikes
|
|-weather|Hail|[upkeep]
|-damage|p2a: Escavalier|94/100|[from] Hail
|-damage|p1a: Ferrothorn|89/100|[from] Hail
|upkeep
|turn|5
|
|t:|1657497662
|move|p2a: Escavalier|Megahorn|p1a: Ferrothorn
|-damage|p1a: Ferrothorn|48/100
|-damage|p2a: Escavalier|82/100|[from] ability: Iron Barbs|[of] p1a: Ferrothorn
|-damage|p2a: Escavalier|66/100|[from] item: Rocky Helmet|[of] p1a: Ferrothorn
|move|p1a: Ferrothorn|Leech Seed|p2a: Escavalier
|-start|p2a: Escavalier|move: Leech Seed
|
|-weather|none
|-damage|p2a: Escavalier|53/100|[from] Leech Seed|[of] p1a: Ferrothorn
|-heal|p1a: Ferrothorn|60/100|[silent]
|upkeep
|turn|6
|
|t:|1657497672
|switch|p1a: Landorus|Landorus-Therian, M|100/100
|-ability|p1a: Landorus|Intimidate|boost
|-unboost|p2a: Escavalier|atk|1
|move|p2a: Escavalier|Close Combat|p1a: Landorus
|-resisted|p1a: Landorus
|-damage|p1a: Landorus|87/100
|-unboost|p2a: Escavalier|def|1
|-unboost|p2a: Escavalier|spd|1
|
|-heal|p1a: Landorus|93/100|[from] item: Leftovers
|-damage|p2a: Escavalier|41/100|[from] Leech Seed|[of] p1a: Landorus
|-heal|p1a: Landorus|100/100|[silent]
|upkeep
|turn|7
|
|t:|1657497683
|switch|p2a: Flygon|Flygon, F|100/100
|move|p1a: Landorus|Stealth Rock|p2a: Flygon
|-sidestart|p2: Steelix Fusion|move: Stealth Rock
|
|upkeep
|turn|8
|
|t:|1657497687
|move|p2a: Flygon|Dragon Dance|p2a: Flygon
|-boost|p2a: Flygon|atk|1
|-boost|p2a: Flygon|spe|1
|move|p1a: Landorus|Toxic|p2a: Flygon|[miss]
|-miss|p1a: Landorus|p2a: Flygon
|
|-sideend|p2: Steelix Fusion|move: Aurora Veil
|upkeep
|turn|9
|j| 8th Hokage Killua
|
|t:|1657497693
|move|p2a: Flygon|Outrage|p1a: Landorus
|-damage|p1a: Landorus|3/100
|-damage|p2a: Flygon|91/100|[from] item: Life Orb
|move|p1a: Landorus|Toxic|p2a: Flygon
|-status|p2a: Flygon|tox
|
|-heal|p1a: Landorus|9/100|[from] item: Leftovers
|-damage|p2a: Flygon|85/100 tox|[from] psn
|upkeep
|turn|10
|
|t:|1657497702
|switch|p1a: Ferrothorn|Ferrothorn, M|60/100
|move|p2a: Flygon|Outrage|p1a: Ferrothorn|[from]lockedmove
|-resisted|p1a: Ferrothorn
|-damage|p1a: Ferrothorn|28/100
|-damage|p2a: Flygon|72/100 tox|[from] ability: Iron Barbs|[of] p1a: Ferrothorn
|-damage|p2a: Flygon|56/100 tox|[from] item: Rocky Helmet|[of] p1a: Ferrothorn
|-damage|p2a: Flygon|46/100 tox|[from] item: Life Orb
|
|-damage|p2a: Flygon|34/100 tox|[from] psn
|upkeep
|turn|11
|
|t:|1657497713
|move|p2a: Flygon|Outrage|p1a: Ferrothorn|[from]lockedmove
|-resisted|p1a: Ferrothorn
|-damage|p1a: Ferrothorn|0 fnt
|-damage|p2a: Flygon|21/100 tox|[from] ability: Iron Barbs|[of] p1a: Ferrothorn
|-damage|p2a: Flygon|5/100 tox|[from] item: Rocky Helmet|[of] p1a: Ferrothorn
|faint|p1a: Ferrothorn
|-damage|p2a: Flygon|0 fnt|[from] item: Life Orb
|faint|p2a: Flygon
|
|upkeep
|
|t:|1657497722
|switch|p2a: Klefki|Klefki, M|100/100
|switch|p1a: Tapu Koko|Tapu Koko|100/100
|-fieldstart|move: Electric Terrain|[from] ability: Electric Surge|[of] p1a: Tapu Koko
|-damage|p2a: Klefki|88/100|[from] Spikes
|-damage|p2a: Klefki|82/100|[from] Stealth Rock
|turn|12
|l| Down$hift
|
|t:|1657497729
|move|p2a: Klefki|Defog|p1a: Tapu Koko
|-unboost|p1a: Tapu Koko|evasion|1
|-sideend|p2: Steelix Fusion|Spikes|[from] move: Defog|[of] p2a: Klefki
|-sideend|p2: Steelix Fusion|Stealth Rock|[from] move: Defog|[of] p2a: Klefki
|-fieldend|move: Electric Terrain
|move|p1a: Tapu Koko|Taunt|p2a: Klefki
|-start|p2a: Klefki|move: Taunt
|
|upkeep
|turn|13
|j| Mooseidon
|
|t:|1657497738
|switch|p2a: Escavalier|Escavalier, M|41/100
|move|p1a: Tapu Koko|Thunderbolt|p2a: Escavalier
|-damage|p2a: Escavalier|5/100
|
|upkeep
|turn|14
|
|t:|1657497744
|move|p1a: Tapu Koko|Dazzling Gleam|p2a: Escavalier
|-resisted|p2a: Escavalier
|-damage|p2a: Escavalier|0 fnt
|faint|p2a: Escavalier
|
|upkeep
|
|t:|1657497748
|switch|p2a: Klefki|Klefki, M|82/100
|turn|15
|
|t:|1657497751
|move|p2a: Klefki|Light Screen|p2a: Klefki
|-sidestart|p2: Steelix Fusion|move: Light Screen
|move|p1a: Tapu Koko|Thunderbolt|p2a: Klefki
|-damage|p2a: Klefki|60/100
|
|upkeep
|turn|16
|
|t:|1657497756
|move|p2a: Klefki|Reflect|p2a: Klefki
|-sidestart|p2: Steelix Fusion|Reflect
|move|p1a: Tapu Koko|U-turn|p2a: Klefki
|-resisted|p2a: Klefki
|-damage|p2a: Klefki|58/100
|
|t:|1657497761
|switch|p1a: Landorus|Landorus-Therian, M|9/100|[from]move: U-turn
|-ability|p1a: Landorus|Intimidate|boost
|-unboost|p2a: Klefki|atk|1
|
|-heal|p1a: Landorus|15/100|[from] item: Leftovers
|upkeep
|turn|17
|
|t:|1657497767
|switch|p2a: Ninetales|Ninetales-Alola, M|3/100
|-weather|Hail|[from] ability: Snow Warning|[of] p2a: Ninetales
|move|p1a: Landorus|U-turn|p2a: Ninetales
|-resisted|p2a: Ninetales
|-damage|p2a: Ninetales|0 fnt
|faint|p2a: Ninetales
|
|t:|1657497771
|switch|p1a: Tapu Koko|Tapu Koko|100/100|[from]move: U-turn
|-fieldstart|move: Electric Terrain|[from] ability: Electric Surge|[of] p1a: Tapu Koko
|
|-weather|Hail|[upkeep]
|-damage|p1a: Tapu Koko|94/100|[from] Hail
|upkeep
|
|t:|1657497780
|switch|p2a: Sylveon|Sylveon, M|100/100
|turn|18
|
|t:|1657497783
|move|p1a: Tapu Koko|U-turn|p2a: Sylveon
|-resisted|p2a: Sylveon
|-damage|p2a: Sylveon|96/100
|
|t:|1657497786
|switch|p1a: Slowbro|Slowbro, M|98/100|[from]move: U-turn
|move|p2a: Sylveon|Hyper Voice|p1a: Slowbro
|-damage|p1a: Slowbro|57/100
|
|-weather|Hail|[upkeep]
|-damage|p2a: Sylveon|90/100|[from] Hail
|-damage|p1a: Slowbro|51/100|[from] Hail
|-heal|p2a: Sylveon|96/100|[from] item: Leftovers
|upkeep
|turn|19
|
|t:|1657497794
|move|p2a: Sylveon|Calm Mind|p2a: Sylveon
|-boost|p2a: Sylveon|spa|1
|-boost|p2a: Sylveon|spd|1
|move|p1a: Slowbro|Slack Off|p1a: Slowbro
|-heal|p1a: Slowbro|100/100
|
|-weather|Hail|[upkeep]
|-damage|p2a: Sylveon|90/100|[from] Hail
|-damage|p1a: Slowbro|94/100|[from] Hail
|-heal|p2a: Sylveon|96/100|[from] item: Leftovers
|upkeep
|turn|20
|
|t:|1657497803
|move|p2a: Sylveon|Hyper Voice|p1a: Slowbro
|-damage|p1a: Slowbro|32/100
|move|p1a: Slowbro|Teleport|p1a: Slowbro
|
|t:|1657497811
|switch|p1a: Bisharp|Bisharp, M|100/100|[from]move: Teleport
|
|-weather|Hail|[upkeep]
|-damage|p1a: Bisharp|95/100|[from] Hail
|-damage|p2a: Sylveon|90/100|[from] Hail
|-heal|p2a: Sylveon|96/100|[from] item: Leftovers
|upkeep
|turn|21
|
|t:|1657497817
|move|p1a: Bisharp|Iron Head|p2a: Sylveon
|-supereffective|p2a: Sylveon
|-damage|p2a: Sylveon|51/100
|cant|p2a: Sylveon|flinch
|
|-weather|none
|-heal|p2a: Sylveon|57/100|[from] item: Leftovers
|-fieldend|move: Electric Terrain
|upkeep
|turn|22
|
|t:|1657497824
|move|p1a: Bisharp|Iron Head|p2a: Sylveon
|-supereffective|p2a: Sylveon
|-damage|p2a: Sylveon|9/100
|move|p2a: Sylveon|Mystical Fire|p1a: Bisharp
|-supereffective|p1a: Bisharp
|-damage|p1a: Bisharp|0 fnt
|faint|p1a: Bisharp
|
|-heal|p2a: Sylveon|15/100|[from] item: Leftovers
|-sideend|p2: Steelix Fusion|move: Light Screen
|upkeep
|
|t:|1657497831
|switch|p1a: Tapu Koko|Tapu Koko|94/100
|-fieldstart|move: Electric Terrain|[from] ability: Electric Surge|[of] p1a: Tapu Koko
|turn|23
|
|t:|1657497835
|move|p1a: Tapu Koko|Thunderbolt|p2a: Sylveon
|-damage|p2a: Sylveon|0 fnt
|faint|p2a: Sylveon
|
|-sideend|p2: Steelix Fusion|Reflect
|upkeep
|
|t:|1657497839
|switch|p2a: Klefki|Klefki, M|58/100
|turn|24
|
|t:|1657497842
|move|p2a: Klefki|Light Screen|p2a: Klefki
|-sidestart|p2: Steelix Fusion|move: Light Screen
|move|p1a: Tapu Koko|Taunt|p2a: Klefki
|-start|p2a: Klefki|move: Taunt
|
|upkeep
|turn|25
|
|t:|1657497847
|move|p1a: Tapu Koko|Thunderbolt|p2a: Klefki
|-damage|p2a: Klefki|28/100
|-activate|p2a: Klefki|move: Struggle
|move|p2a: Klefki|Struggle|p1a: Tapu Koko
|-damage|p1a: Tapu Koko|85/100
|-damage|p2a: Klefki|3/100|[from] recoil
|
|upkeep
|turn|26
|
|t:|1657497858
|move|p1a: Tapu Koko|Thunderbolt|p2a: Klefki
|-damage|p2a: Klefki|0 fnt
|faint|p2a: Klefki
|
|upkeep
|
|t:|1657497862
|switch|p2a: Carracosta|Carracosta, M|100/100
|turn|27
|
|t:|1657497865
|move|p1a: Tapu Koko|Thunderbolt|p2a: Carracosta
|-supereffective|p2a: Carracosta
|-damage|p2a: Carracosta|22/100
|move|p2a: Carracosta|Shell Smash|p2a: Carracosta
|-unboost|p2a: Carracosta|def|1
|-unboost|p2a: Carracosta|spd|1
|-boost|p2a: Carracosta|atk|2
|-boost|p2a: Carracosta|spa|2
|-boost|p2a: Carracosta|spe|2
|
|-fieldend|move: Electric Terrain
|upkeep
|turn|28
|
|t:|1657497873
|move|p1a: Tapu Koko|Thunderbolt|p2a: Carracosta
|-supereffective|p2a: Carracosta
|-damage|p2a: Carracosta|0 fnt
|faint|p2a: Carracosta
|
|win|Deepfriedmagikarp
|raw|Deepfriedmagikarp's rating: 1728 &rarr; <strong>1743</strong><br />(+15 for winning)
|raw|Steelix Fusion's rating: 1643 &rarr; <strong>1628</strong><br />(-15 for losing)
|l|‽Steelix Fusion
|c|☆Deepfriedmagikarp|gg
