|j|☆Poudrozieu
|j|☆friedfreak
|t:|1615273931
|player|p1|Poudrozieu|101|1761
|player|p2|friedfreak|2|1859
|teamsize|p1|6
|teamsize|p2|6
|gametype|singles
|gen|8
|tier|[Gen 8] OU
|rated|
|clearpoke
|poke|p1|Dragapult, M|
|poke|p1|Ferrothorn, F|
|poke|p1|Heatran, M|
|poke|p1|Nidoking, M|
|poke|p1|Tapu Lele|
|poke|p1|Landorus-Therian, M|
|poke|p2|Clefable, M|
|poke|p2|Garchomp, F|
|poke|p2|Tapu Koko|
|poke|p2|Ferrothorn, M|
|poke|p2|Corviknight, F|
|poke|p2|Urshifu-*, M|
|rule|Sleep Clause Mod: Limit one foe put to sleep
|rule|Species Clause: Limit one of each Pokémon
|rule|OHKO Clause: OHKO moves are banned
|rule|Evasion Moves Clause: Evasion moves are banned
|rule|Endless Battle Clause: Forcing endless battles is banned
|rule|HP Percentage Mod: HP is shown in percentages
|rule|Dynamax Clause: You cannot dynamax
|teampreview
|j| AcrOne
|inactive|Battle timer is ON: inactive players will automatically lose when time's up. (requested by Poudrozieu)
|
|t:|1615273946
|start
|switch|p1a: Tapu Lele|Tapu Lele|100/100
|switch|p2a: Clefable|Clefable, M|100/100
|-fieldstart|move: Psychic Terrain|[from] ability: Psychic Surge|[of] p1a: Tapu Lele
|turn|1
|
|t:|1615273956
|switch|p2a: Corviknight|Corviknight, F|100/100
|-ability|p2a: Corviknight|Pressure
|move|p1a: Tapu Lele|Psychic|p2a: Corviknight
|-resisted|p2a: Corviknight
|-damage|p2a: Corviknight|69/100
|
|-heal|p2a: Corviknight|75/100|[from] item: Leftovers
|upkeep
|turn|2
|
|t:|1615273965
|move|p1a: Tapu Lele|Psychic|p2a: Corviknight
|-resisted|p2a: Corviknight
|-damage|p2a: Corviknight|41/100
|move|p2a: Corviknight|U-turn|p1a: Tapu Lele
|-damage|p1a: Tapu Lele|79/100
|j| K30 2.0
|
|t:|1615273982
|switch|p2a: Urshifu|Urshifu-Rapid-Strike, M|100/100|[from]move: U-turn
|
|upkeep
|turn|3
|j| nerdwatergym
|
|t:|1615273993
|switch|p1a: Landorus|Landorus-Therian, M|100/100
|-ability|p1a: Landorus|Intimidate|boost
|-unboost|p2a: Urshifu|atk|1
|move|p2a: Urshifu|U-turn|p1a: Landorus
|-resisted|p1a: Landorus
|-damage|p1a: Landorus|92/100
|-damage|p2a: Urshifu|84/100|[from] item: Rocky Helmet|[of] p1a: Landorus
|j| pidewepobappy
|
|t:|1615274001
|switch|p2a: Corviknight|Corviknight, F|41/100|[from]move: U-turn
|-ability|p2a: Corviknight|Pressure
|
|-heal|p2a: Corviknight|47/100|[from] item: Leftovers
|upkeep
|turn|4
|
|t:|1615274007
|move|p1a: Landorus|U-turn|p2a: Corviknight
|-resisted|p2a: Corviknight
|-damage|p2a: Corviknight|43/100
|
|t:|1615274010
|switch|p1a: Heatran|Heatran, M|100/100|[from]move: U-turn
|-item|p1a: Heatran|Air Balloon
|move|p2a: Corviknight|Roost|p2a: Corviknight
|-heal|p2a: Corviknight|93/100
|-singleturn|p2a: Corviknight|move: Roost
|
|-heal|p2a: Corviknight|99/100|[from] item: Leftovers
|upkeep
|turn|5
|
|t:|1615274021
|switch|p2a: Garchomp|Garchomp, F|100/100
|move|p1a: Heatran|Stealth Rock|p2a: Garchomp
|-sidestart|p2: friedfreak|move: Stealth Rock
|
|-fieldend|move: Psychic Terrain
|upkeep
|turn|6
|
|t:|1615274029
|move|p2a: Garchomp|Stealth Rock|p1a: Heatran
|-sidestart|p1: Poudrozieu|move: Stealth Rock
|move|p1a: Heatran|Toxic|p2a: Garchomp
|-status|p2a: Garchomp|tox
|-enditem|p2a: Garchomp|Lum Berry|[eat]
|-curestatus|p2a: Garchomp|tox|[msg]
|
|upkeep
|turn|7
|
|t:|1615274034
|move|p2a: Garchomp|Stone Edge|p1a: Heatran
|-damage|p1a: Heatran|72/100
|-enditem|p1a: Heatran|Air Balloon
|move|p1a: Heatran|Toxic|p2a: Garchomp
|-status|p2a: Garchomp|tox
|
|-damage|p2a: Garchomp|94/100 tox|[from] psn
|upkeep
|turn|8
|
|t:|1615274040
|switch|p1a: Ferrothorn|Ferrothorn, F|100/100
|-damage|p1a: Ferrothorn|94/100|[from] Stealth Rock
|move|p2a: Garchomp|Swords Dance|p2a: Garchomp
|-boost|p2a: Garchomp|atk|2
|
|-heal|p1a: Ferrothorn|100/100|[from] item: Leftovers
|-damage|p2a: Garchomp|82/100 tox|[from] psn
|upkeep
|turn|9
|
|t:|1615274048
|move|p2a: Garchomp|Earthquake|p1a: Ferrothorn
|-damage|p1a: Ferrothorn|40/100
|move|p1a: Ferrothorn|Leech Seed|p2a: Garchomp|[miss]
|-miss|p1a: Ferrothorn|p2a: Garchomp
|
|-heal|p1a: Ferrothorn|46/100|[from] item: Leftovers
|-damage|p2a: Garchomp|64/100 tox|[from] psn
|upkeep
|turn|10
|
|t:|1615274065
|switch|p2a: Ferrothorn|Ferrothorn, M|100/100
|-damage|p2a: Ferrothorn|95/100|[from] Stealth Rock
|move|p1a: Ferrothorn|Protect||[still]
|-fail|p1a: Ferrothorn
|
|-heal|p2a: Ferrothorn|100/100|[from] item: Leftovers
|-heal|p1a: Ferrothorn|52/100|[from] item: Leftovers
|upkeep
|turn|11
|j| R.Kellicent
|
|t:|1615274078
|move|p2a: Ferrothorn|Body Press|p1a: Ferrothorn
|-supereffective|p1a: Ferrothorn
|-damage|p1a: Ferrothorn|16/100
|-damage|p2a: Ferrothorn|88/100|[from] ability: Iron Barbs|[of] p1a: Ferrothorn
|move|p1a: Ferrothorn|Spikes|p2a: Ferrothorn
|-sidestart|p2: friedfreak|Spikes
|
|-heal|p2a: Ferrothorn|94/100|[from] item: Leftovers
|-heal|p1a: Ferrothorn|22/100|[from] item: Leftovers
|upkeep
|turn|12
|n| ENZ1|acrone
|
|t:|1615274093
|switch|p1a: Nidoking|Nidoking, M|100/100
|-damage|p1a: Nidoking|95/100|[from] Stealth Rock
|move|p2a: Ferrothorn|Spikes|p1a: Nidoking
|-sidestart|p1: Poudrozieu|Spikes
|
|-heal|p2a: Ferrothorn|99/100|[from] item: Leftovers
|upkeep
|turn|13
|j| Cchbbg
|
|t:|1615274113
|switch|p2a: Corviknight|Corviknight, F|99/100
|-damage|p2a: Corviknight|87/100|[from] Stealth Rock
|-ability|p2a: Corviknight|Pressure
|move|p1a: Nidoking|Earth Power|p2a: Corviknight
|-immune|p2a: Corviknight
|
|-heal|p2a: Corviknight|93/100|[from] item: Leftovers
|upkeep
|turn|14
|
|t:|1615274125
|move|p1a: Nidoking|Flamethrower|p2a: Corviknight
|-supereffective|p2a: Corviknight
|-damage|p2a: Corviknight|39/100
|move|p2a: Corviknight|Iron Head|p1a: Nidoking
|-damage|p1a: Nidoking|61/100
|
|-heal|p2a: Corviknight|45/100|[from] item: Leftovers
|upkeep
|turn|15
|
|t:|1615274140
|move|p1a: Nidoking|Flamethrower|p2a: Corviknight
|-supereffective|p2a: Corviknight
|-damage|p2a: Corviknight|0 fnt
|faint|p2a: Corviknight
|
|upkeep
|
|t:|1615274149
|switch|p2a: Urshifu|Urshifu-Rapid-Strike, M|84/100
|-damage|p2a: Urshifu|78/100|[from] Stealth Rock
|-damage|p2a: Urshifu|66/100|[from] Spikes
|turn|16
|
|t:|1615274161
|switch|p1a: Ferrothorn|Ferrothorn, F|22/100
|-damage|p1a: Ferrothorn|9/100|[from] Spikes
|-damage|p1a: Ferrothorn|3/100|[from] Stealth Rock
|move|p2a: Urshifu|Surging Strikes|p1a: Ferrothorn
|-resisted|p1a: Ferrothorn
|-crit|p1a: Ferrothorn
|-damage|p1a: Ferrothorn|0 fnt
|-damage|p2a: Urshifu|53/100|[from] ability: Iron Barbs|[of] p1a: Ferrothorn
|-hitcount|p1a: Ferrothorn|1
|faint|p1a: Ferrothorn
|
|upkeep
|
|t:|1615274173
|switch|p1a: Dragapult|Dragapult, M|100/100
|-damage|p1a: Dragapult|88/100|[from] Spikes
|-damage|p1a: Dragapult|76/100|[from] Stealth Rock
|turn|17
|
|t:|1615274181
|switch|p1a: Tapu Lele|Tapu Lele|79/100
|-damage|p1a: Tapu Lele|66/100|[from] Spikes
|-damage|p1a: Tapu Lele|54/100|[from] Stealth Rock
|-fieldstart|move: Psychic Terrain|[from] ability: Psychic Surge|[of] p1a: Tapu Lele
|switch|p2a: Clefable|Clefable, M|100/100
|
|upkeep
|turn|18
|
|t:|1615274205
|switch|p2a: Garchomp|Garchomp, F|64/100 tox
|-damage|p2a: Garchomp|57/100 tox|[from] Stealth Rock
|-damage|p2a: Garchomp|45/100 tox|[from] Spikes
|move|p1a: Tapu Lele|Psychic|p2a: Garchomp
|-damage|p2a: Garchomp|0 fnt
|faint|p2a: Garchomp
|
|upkeep
|
|t:|1615274213
|switch|p2a: Urshifu|Urshifu-Rapid-Strike, M|53/100
|-damage|p2a: Urshifu|41/100|[from] Spikes
|-damage|p2a: Urshifu|35/100|[from] Stealth Rock
|turn|19
|
|t:|1615274217
|switch|p1a: Landorus|Landorus-Therian, M|92/100
|-damage|p1a: Landorus|79/100|[from] Stealth Rock
|-ability|p1a: Landorus|Intimidate|boost
|-unboost|p2a: Urshifu|atk|1
|move|p2a: Urshifu|Surging Strikes|p1a: Landorus
|-supereffective|p1a: Landorus
|-crit|p1a: Landorus
|-damage|p1a: Landorus|33/100
|-damage|p2a: Urshifu|18/100|[from] item: Rocky Helmet|[of] p1a: Landorus
|-supereffective|p1a: Landorus
|-crit|p1a: Landorus
|-damage|p1a: Landorus|0 fnt
|-damage|p2a: Urshifu|2/100|[from] item: Rocky Helmet|[of] p1a: Landorus
|-hitcount|p1a: Landorus|2
|faint|p1a: Landorus
|
|upkeep
|
|t:|1615274230
|switch|p1a: Dragapult|Dragapult, M|76/100
|-damage|p1a: Dragapult|64/100|[from] Stealth Rock
|-damage|p1a: Dragapult|51/100|[from] Spikes
|turn|20
|
|t:|1615274245
|move|p1a: Dragapult|Dragon Darts|p2a: Urshifu
|-damage|p2a: Urshifu|0 fnt
|faint|p2a: Urshifu
|
|-heal|p1a: Dragapult|57/100|[from] item: Leftovers
|upkeep
|
|t:|1615274259
|switch|p2a: Ferrothorn|Ferrothorn, M|99/100
|-damage|p2a: Ferrothorn|94/100|[from] Stealth Rock
|-damage|p2a: Ferrothorn|82/100|[from] Spikes
|turn|21
|
|t:|1615274266
|switch|p1a: Heatran|Heatran, M|72/100
|-damage|p1a: Heatran|60/100|[from] Stealth Rock
|-damage|p1a: Heatran|47/100|[from] Spikes
|move|p2a: Ferrothorn|Knock Off|p1a: Heatran
|-damage|p1a: Heatran|35/100
|
|-heal|p2a: Ferrothorn|88/100|[from] item: Leftovers
|-fieldend|move: Psychic Terrain
|upkeep
|turn|22
|
|t:|1615274280
|switch|p2a: Clefable|Clefable, M|100/100
|move|p1a: Heatran|Magma Storm|p2a: Clefable
|-damage|p2a: Clefable|58/100
|-activate|p2a: Clefable|move: Magma Storm|[of] p1a: Heatran
|
|-heal|p2a: Clefable|64/100|[from] item: Leftovers
|upkeep
|turn|23
|
|t:|1615274289
|switch|p1a: Tapu Lele|Tapu Lele|54/100
|-damage|p1a: Tapu Lele|41/100|[from] Stealth Rock
|-damage|p1a: Tapu Lele|29/100|[from] Spikes
|-fieldstart|move: Psychic Terrain|[from] ability: Psychic Surge|[of] p1a: Tapu Lele
|move|p2a: Clefable|Knock Off|p1a: Tapu Lele
|-damage|p1a: Tapu Lele|7/100
|-enditem|p1a: Tapu Lele|Choice Specs|[from] move: Knock Off|[of] p2a: Clefable
|
|-heal|p2a: Clefable|70/100|[from] item: Leftovers
|-end|p2a: Clefable|Magma Storm|[partiallytrapped]|[silent]
|upkeep
|turn|24
|
|t:|1615274310
|move|p1a: Tapu Lele|Psychic|p2a: Clefable
|-damage|p2a: Clefable|14/100
|move|p2a: Clefable|Moonblast|p1a: Tapu Lele
|-damage|p1a: Tapu Lele|0 fnt
|faint|p1a: Tapu Lele
|
|-heal|p2a: Clefable|20/100|[from] item: Leftovers
|upkeep
|
|t:|1615274313
|switch|p1a: Nidoking|Nidoking, M|61/100
|-damage|p1a: Nidoking|48/100|[from] Spikes
|-damage|p1a: Nidoking|42/100|[from] Stealth Rock
|turn|25
|
|t:|1615274321
|move|p1a: Nidoking|Sludge Wave|p2a: Clefable
|-supereffective|p2a: Clefable
|-damage|p2a: Clefable|0 fnt
|faint|p2a: Clefable
|
|upkeep
|
|t:|1615274330
|switch|p2a: Tapu Koko|Tapu Koko|100/100
|-fieldstart|move: Electric Terrain|[from] ability: Electric Surge|[of] p2a: Tapu Koko
|turn|26
|
|t:|1615274343
|move|p2a: Tapu Koko|U-turn|p1a: Nidoking
|-resisted|p1a: Nidoking
|-damage|p1a: Nidoking|31/100
|
|t:|1615274346
|switch|p2a: Ferrothorn|Ferrothorn, M|88/100|[from]move: U-turn
|-damage|p2a: Ferrothorn|82/100|[from] Stealth Rock
|-damage|p2a: Ferrothorn|70/100|[from] Spikes
|move|p1a: Nidoking|Earth Power|p2a: Ferrothorn
|-damage|p2a: Ferrothorn|16/100
|
|-heal|p2a: Ferrothorn|22/100|[from] item: Leftovers
|upkeep
|turn|27
|j| Eternal Lugia
|
|t:|1615274353
|move|p1a: Nidoking|Earth Power|p2a: Ferrothorn
|-damage|p2a: Ferrothorn|0 fnt
|faint|p2a: Ferrothorn
|
|upkeep
|
|t:|1615274355
|switch|p2a: Tapu Koko|Tapu Koko|100/100
|turn|28
|
|t:|1615274357
|move|p2a: Tapu Koko|Dazzling Gleam|p1a: Nidoking
|-resisted|p1a: Nidoking
|-damage|p1a: Nidoking|6/100
|move|p1a: Nidoking|Earth Power|p2a: Tapu Koko
|-supereffective|p2a: Tapu Koko
|-damage|p2a: Tapu Koko|0 fnt
|faint|p2a: Tapu Koko
|
|win|Poudrozieu
|raw|Poudrozieu's rating: 1761 &rarr; <strong>1781</strong><br />(+20 for winning)
|raw|friedfreak's rating: 1859 &rarr; <strong>1839</strong><br />(-20 for losing)
|raw|Poudrozieu's rating: 1761 &rarr; <strong>1787</strong><br />(+26 for winning)
|raw|friedfreak's rating: 1859 &rarr; <strong>1833</strong><br />(-26 for losing)
|l|☆Poudrozieu
|l|☆friedfreak
|l| Cchbbg
