|j|☆satchmo8D
|j|☆vagmak
|t:|1607289012
|player|p1|satchmo8D|volkner|1538
|player|p2|vagmak|brawly|1534
|teamsize|p1|6
|teamsize|p2|6
|gametype|singles
|gen|8
|tier|[Gen 8] OU
|rated|
|clearpoke
|poke|p1|Swampert, M|
|poke|p1|Heatran, M|
|poke|p1|Rillaboom, F|
|poke|p1|Clefable, F|
|poke|p1|Dragapult, F|
|poke|p1|Zapdos|
|poke|p2|Kartana|
|poke|p2|Azumarill, M|
|poke|p2|Garchomp, M|
|poke|p2|Zapdos|
|poke|p2|Nidoking, M|
|poke|p2|Galvantula, F|
|rule|Sleep Clause Mod: Limit one foe put to sleep
|rule|Species Clause: Limit one of each Pokémon
|rule|OHKO Clause: OHKO moves are banned
|rule|Evasion Moves Clause: Evasion moves are banned
|rule|Endless Battle Clause: Forcing endless battles is banned
|rule|HP Percentage Mod: HP is shown in percentages
|rule|Dynamax Clause: You cannot dynamax
|teampreview
|inactive|Battle timer is ON: inactive players will automatically lose when time's up. (requested by vagmak)
|j| donbestupid123t
|
|t:|1607289046
|start
|switch|p1a: Swampert|Swampert, M|100/100
|switch|p2a: Galvantula|Galvantula, F|100/100
|turn|1
|
|t:|1607289066
|move|p2a: Galvantula|Sticky Web|p1a: Swampert
|-sidestart|p1: satchmo8D|move: Sticky Web
|move|p1a: Swampert|Earthquake|p2a: Galvantula
|-damage|p2a: Galvantula|34/100
|
|upkeep
|turn|2
|
|t:|1607289071
|move|p2a: Galvantula|Bug Buzz|p1a: Swampert
|-damage|p1a: Swampert|67/100
|move|p1a: Swampert|Flip Turn|p2a: Galvantula
|-damage|p2a: Galvantula|0 fnt
|faint|p2a: Galvantula
|
|t:|1607289090
|switch|p1a: Clefable|Clefable, F, shiny|100/100|[from]move: Flip Turn
|-activate|p1a: Clefable|move: Sticky Web
|-unboost|p1a: Clefable|spe|1
|
|upkeep
|
|t:|1607289096
|switch|p2a: Kartana|Kartana|100/100
|turn|3
|
|t:|1607289105
|move|p2a: Kartana|Smart Strike|p1a: Clefable
|-supereffective|p1a: Clefable
|-damage|p1a: Clefable|2/100
|-damage|p2a: Kartana|84/100|[from] item: Rocky Helmet|[of] p1a: Clefable
|-damage|p2a: Kartana|74/100|[from] item: Life Orb
|move|p1a: Clefable|Thunder Wave|p2a: Kartana
|-status|p2a: Kartana|par
|
|upkeep
|turn|4
|
|t:|1607289122
|switch|p1a: Zapdos|Zapdos|100/100
|move|p2a: Kartana|Knock Off|p1a: Zapdos
|-damage|p1a: Zapdos|47/100
|-enditem|p1a: Zapdos|Heavy-Duty Boots|[from] move: Knock Off|[of] p2a: Kartana
|-damage|p2a: Kartana|65/100 par|[from] item: Life Orb
|
|upkeep
|turn|5
|
|t:|1607289136
|switch|p2a: Garchomp|Garchomp, M|100/100
|move|p1a: Zapdos|Roost|p1a: Zapdos
|-heal|p1a: Zapdos|98/100
|-singleturn|p1a: Zapdos|move: Roost
|
|upkeep
|turn|6
|
|t:|1607289149
|move|p2a: Garchomp|Poison Jab|p1a: Zapdos
|-damage|p1a: Zapdos|70/100
|-status|p1a: Zapdos|psn
|move|p1a: Zapdos|Defog|p2a: Garchomp
|-unboost|p2a: Garchomp|evasion|1
|-sideend|p1: satchmo8D|Sticky Web|[from] move: Defog|[of] p1a: Zapdos
|
|-damage|p1a: Zapdos|58/100 psn|[from] psn
|upkeep
|turn|7
|
|t:|1607289171
|switch|p1a: Clefable|Clefable, F, shiny|2/100
|move|p2a: Garchomp|Outrage|p1a: Clefable
|-immune|p1a: Clefable
|
|upkeep
|turn|8
|
|t:|1607289186
|move|p2a: Garchomp|Earthquake|p1a: Clefable
|-damage|p1a: Clefable|0 fnt
|faint|p1a: Clefable
|
|upkeep
|
|t:|1607289200
|switch|p1a: Dragapult|Dragapult, F|100/100
|turn|9
|
|t:|1607289218
|switch|p2a: Azumarill|Azumarill, M|100/100
|move|p1a: Dragapult|Dragon Darts|p2a: Azumarill
|-immune|p2a: Azumarill
|
|upkeep
|turn|10
|
|t:|1607289233
|move|p1a: Dragapult|Phantom Force||[still]
|-prepare|p1a: Dragapult|Phantom Force
|move|p2a: Azumarill|Play Rough|p1a: Dragapult|[miss]
|-miss|p2a: Azumarill|p1a: Dragapult
|
|upkeep
|turn|11
|
|t:|1607289238
|move|p1a: Dragapult|Phantom Force|p2a: Azumarill|[from]lockedmove
|-damage|p2a: Azumarill|46/100
|-enditem|p2a: Azumarill|Sitrus Berry|[eat]
|-heal|p2a: Azumarill|71/100|[from] item: Sitrus Berry
|-damage|p1a: Dragapult|91/100|[from] item: Life Orb
|move|p2a: Azumarill|Play Rough|p1a: Dragapult
|-supereffective|p1a: Dragapult
|-damage|p1a: Dragapult|0 fnt
|faint|p1a: Dragapult
|
|upkeep
|
|t:|1607289250
|switch|p1a: Rillaboom|Rillaboom, F|100/100
|-fieldstart|move: Grassy Terrain|[from] ability: Grassy Surge|[of] p1a: Rillaboom
|turn|12
|
|t:|1607289270
|switch|p2a: Kartana|Kartana|65/100 par
|move|p1a: Rillaboom|Swords Dance|p1a: Rillaboom
|-boost|p1a: Rillaboom|atk|2
|
|-heal|p2a: Kartana|71/100 par|[from] Grassy Terrain
|upkeep
|turn|13
|
|t:|1607289278
|move|p1a: Rillaboom|Drain Punch|p2a: Kartana
|-supereffective|p2a: Kartana
|-damage|p2a: Kartana|0 fnt
|-damage|p1a: Rillaboom|91/100|[from] item: Life Orb
|faint|p2a: Kartana
|
|-heal|p1a: Rillaboom|97/100|[from] Grassy Terrain
|upkeep
|
|t:|1607289292
|switch|p2a: Garchomp|Garchomp, M|100/100
|turn|14
|
|t:|1607289305
|move|p1a: Rillaboom|Grassy Glide|p2a: Garchomp
|-damage|p2a: Garchomp|0 fnt
|-damage|p1a: Rillaboom|84/100|[from] ability: Rough Skin|[of] p2a: Garchomp
|-damage|p1a: Rillaboom|68/100|[from] item: Rocky Helmet|[of] p2a: Garchomp
|-damage|p1a: Rillaboom|58/100|[from] item: Life Orb
|faint|p2a: Garchomp
|
|-heal|p1a: Rillaboom|64/100|[from] Grassy Terrain
|upkeep
|
|t:|1607289328
|switch|p2a: Zapdos|Zapdos|100/100
|turn|15
|
|t:|1607289337
|switch|p1a: Heatran|Heatran, M|100/100
|move|p2a: Zapdos|Heat Wave|p1a: Heatran
|-start|p1a: Heatran|ability: Flash Fire
|
|upkeep
|turn|16
|
|t:|1607289349
|switch|p2a: Azumarill|Azumarill, M|71/100
|move|p1a: Heatran|Magma Storm|p2a: Azumarill|[miss]
|-miss|p1a: Heatran|p2a: Azumarill
|
|-heal|p2a: Azumarill|77/100|[from] Grassy Terrain
|-fieldend|move: Grassy Terrain
|upkeep
|turn|17
|
|t:|1607289366
|-end|p1a: Heatran|ability: Flash Fire|[silent]
|switch|p1a: Zapdos|Zapdos|58/100 psn
|move|p2a: Azumarill|Liquidation|p1a: Zapdos
|-damage|p1a: Zapdos|6/100 psn
|-status|p2a: Azumarill|par|[from] ability: Static|[of] p1a: Zapdos
|
|-damage|p1a: Zapdos|0 fnt|[from] psn
|faint|p1a: Zapdos
|upkeep
|
|t:|1607289376
|switch|p1a: Rillaboom|Rillaboom, F|64/100
|-fieldstart|move: Grassy Terrain|[from] ability: Grassy Surge|[of] p1a: Rillaboom
|turn|18
|inactive|vagmak has 120 seconds left.
|
|t:|1607289417
|switch|p2a: Zapdos|Zapdos|100/100
|move|p1a: Rillaboom|Swords Dance|p1a: Rillaboom
|-boost|p1a: Rillaboom|atk|2
|
|-heal|p1a: Rillaboom|70/100|[from] Grassy Terrain
|upkeep
|turn|19
|
|t:|1607289432
|move|p1a: Rillaboom|Grassy Glide|p2a: Zapdos
|-resisted|p2a: Zapdos
|-damage|p2a: Zapdos|30/100
|-damage|p1a: Rillaboom|60/100|[from] item: Life Orb
|move|p2a: Zapdos|Hurricane|p1a: Rillaboom|[miss]
|-miss|p2a: Zapdos|p1a: Rillaboom
|
|-heal|p1a: Rillaboom|66/100|[from] Grassy Terrain
|upkeep
|turn|20
|
|t:|1607289446
|move|p1a: Rillaboom|Grassy Glide|p2a: Zapdos
|-resisted|p2a: Zapdos
|-damage|p2a: Zapdos|0 fnt
|-damage|p1a: Rillaboom|57/100|[from] item: Life Orb
|faint|p2a: Zapdos
|
|-heal|p1a: Rillaboom|63/100|[from] Grassy Terrain
|upkeep
|
|t:|1607289455
|switch|p2a: Nidoking|Nidoking, M|100/100
|turn|21
|
|t:|1607289460
|move|p1a: Rillaboom|Grassy Glide|p2a: Nidoking
|-damage|p2a: Nidoking|0 fnt
|-damage|p1a: Rillaboom|53/100|[from] item: Life Orb
|faint|p2a: Nidoking
|
|-heal|p1a: Rillaboom|59/100|[from] Grassy Terrain
|upkeep
|inactive|vagmak has 120 seconds left.
|c|☆vagmak|gg
|c|☆satchmo8D|gg
|-message|vagmak forfeited.
|
|win|satchmo8D
|l|☆vagmak
||Ladder (probably) updated, but score could not be retrieved (Request timeout).
