|html|<div class="broadcast-blue"><strong>[Gen 8] OU is currently suspecting Urshifu-S! For information on how to participate check out the <a href="https://www.smogon.com/forums/threads/np-ss-ou-suspect-process-round-8-aint-no-rest-for-the-wicked.3675310/">suspect thread</a>.</strong></div>
|j|‽jrg123
|j|☆Contorted Lies
|t:|1609363936
|player|p1|jrg123|ltsurge|1712
|player|p2|Contorted Lies|2|1713
|teamsize|p1|6
|teamsize|p2|6
|gametype|singles
|gen|8
|tier|[Gen 8] OU
|rated|
|clearpoke
|poke|p1|Kartana|
|poke|p1|Landorus-Therian, M|
|poke|p1|Clefable, M|
|poke|p1|Rillaboom, F|
|poke|p1|Heatran, F|
|poke|p1|Dragapult, M|
|poke|p2|Pelipper, F|
|poke|p2|Urshifu-*, F|
|poke|p2|Omastar, M|
|poke|p2|Ferrothorn, F|
|poke|p2|Dragapult, F|
|poke|p2|Krookodile, F|
|rule|Sleep Clause Mod: Limit one foe put to sleep
|rule|Species Clause: Limit one of each Pokémon
|rule|OHKO Clause: OHKO moves are banned
|rule|Evasion Moves Clause: Evasion moves are banned
|rule|Endless Battle Clause: Forcing endless battles is banned
|rule|HP Percentage Mod: HP is shown in percentages
|rule|Dynamax Clause: You cannot dynamax
|teampreview
|j| ljqsdi
|inactive|Battle timer is ON: inactive players will automatically lose when time's up. (requested by jrg123)
|
|t:|1609363947
|start
|switch|p1a: Dragapult|Dragapult, M|100/100
|switch|p2a: Pelipper|Pelipper, F|100/100
|-weather|RainDance|[from] ability: Drizzle|[of] p2a: Pelipper
|turn|1
|
|t:|1609363952
|switch|p2a: Ferrothorn|Ferrothorn, F|100/100
|move|p1a: Dragapult|U-turn|p2a: Ferrothorn
|-damage|p2a: Ferrothorn|91/100
|-damage|p1a: Dragapult|88/100|[from] ability: Iron Barbs|[of] p2a: Ferrothorn
|
|t:|1609363959
|switch|p1a: Kartana|Kartana|100/100|[from]move: U-turn
|
|-weather|RainDance|[upkeep]
|upkeep
|turn|2
|
|t:|1609363964
|move|p1a: Kartana|Swords Dance|p1a: Kartana
|-boost|p1a: Kartana|atk|2
|move|p2a: Ferrothorn|Thunder Wave|p1a: Kartana
|-status|p1a: Kartana|par
|
|-weather|RainDance|[upkeep]
|upkeep
|turn|3
|
|t:|1609363968
|move|p1a: Kartana|Leaf Blade|p2a: Ferrothorn
|-resisted|p2a: Ferrothorn
|-damage|p2a: Ferrothorn|68/100
|-damage|p1a: Kartana|88/100 par|[from] ability: Iron Barbs|[of] p2a: Ferrothorn
|-damage|p1a: Kartana|78/100 par|[from] item: Life Orb
|move|p2a: Ferrothorn|Body Press|p1a: Kartana
|-supereffective|p1a: Kartana
|-damage|p1a: Kartana|16/100 par
|
|-weather|RainDance|[upkeep]
|upkeep
|turn|4
|
|t:|1609363973
|move|p1a: Kartana|Sacred Sword|p2a: Ferrothorn
|-supereffective|p2a: Ferrothorn
|-enditem|p2a: Ferrothorn|Chople Berry|[eat]
|-enditem|p2a: Ferrothorn|Chople Berry|[weaken]
|-damage|p2a: Ferrothorn|7/100
|-damage|p1a: Kartana|4/100 par|[from] ability: Iron Barbs|[of] p2a: Ferrothorn
|-damage|p1a: Kartana|0 fnt|[from] item: Life Orb
|faint|p1a: Kartana
|move|p2a: Ferrothorn|Body Press|p1: Kartana|[notarget]
|-fail|p2a: Ferrothorn
|
|-weather|RainDance|[upkeep]
|upkeep
|j| outw loll
|
|t:|1609363983
|switch|p1a: Dragapult|Dragapult, M|88/100
|turn|5
|
|t:|1609363994
|move|p1a: Dragapult|Shadow Ball|p2a: Ferrothorn
|-damage|p2a: Ferrothorn|0 fnt
|faint|p2a: Ferrothorn
|
|-weather|none
|upkeep
|j| tryingNOT2bTOXIC
|
|t:|1609364000
|switch|p2a: Pelipper|Pelipper, F|100/100
|-weather|RainDance|[from] ability: Drizzle|[of] p2a: Pelipper
|turn|6
|
|t:|1609364003
|move|p1a: Dragapult|Shadow Ball|p2a: Pelipper
|-damage|p2a: Pelipper|5/100
|move|p2a: Pelipper|Hurricane|p1a: Dragapult
|-damage|p1a: Dragapult|0 fnt
|faint|p1a: Dragapult
|
|-weather|RainDance|[upkeep]
|upkeep
|
|t:|1609364011
|switch|p1a: Landorus|Landorus-Therian, M|100/100
|-ability|p1a: Landorus|Intimidate|boost
|-unboost|p2a: Pelipper|atk|1
|turn|7
|
|t:|1609364018
|switch|p2a: Urshifu|Urshifu-Rapid-Strike, F|100/100
|move|p1a: Landorus|U-turn|p2a: Urshifu
|-resisted|p2a: Urshifu
|-damage|p2a: Urshifu|87/100
|
|t:|1609364028
|switch|p1a: Rillaboom|Rillaboom, F|100/100|[from]move: U-turn
|-fieldstart|move: Grassy Terrain|[from] ability: Grassy Surge|[of] p1a: Rillaboom
|
|-weather|RainDance|[upkeep]
|-heal|p2a: Urshifu|93/100|[from] Grassy Terrain
|upkeep
|turn|8
|
|t:|1609364032
|switch|p2a: Pelipper|Pelipper, F|5/100
|move|p1a: Rillaboom|Grassy Glide|p2a: Pelipper
|-damage|p2a: Pelipper|0 fnt
|-damage|p1a: Rillaboom|91/100|[from] item: Life Orb
|faint|p2a: Pelipper
|
|-weather|RainDance|[upkeep]
|-heal|p1a: Rillaboom|97/100|[from] Grassy Terrain
|upkeep
|
|t:|1609364038
|switch|p2a: Dragapult|Dragapult, F|100/100
|turn|9
|
|t:|1609364044
|switch|p1a: Heatran|Heatran, F|100/100
|move|p2a: Dragapult|Substitute|p2a: Dragapult
|-start|p2a: Dragapult|Substitute
|-damage|p2a: Dragapult|76/100
|
|-weather|RainDance|[upkeep]
|-heal|p2a: Dragapult|82/100|[from] Grassy Terrain
|upkeep
|turn|10
|
|t:|1609364052
|move|p2a: Dragapult|Dragon Dance|p2a: Dragapult
|-boost|p2a: Dragapult|atk|1
|-boost|p2a: Dragapult|spe|1
|move|p1a: Heatran|Earth Power|p2a: Dragapult
|-end|p2a: Dragapult|Substitute
|
|-weather|none
|-heal|p2a: Dragapult|88/100|[from] Grassy Terrain
|upkeep
|turn|11
|
|t:|1609364060
|switch|p2a: Urshifu|Urshifu-Rapid-Strike, F|93/100
|move|p1a: Heatran|Toxic|p2a: Urshifu
|-status|p2a: Urshifu|tox
|
|-heal|p2a: Urshifu|99/100 tox|[from] Grassy Terrain
|-fieldend|move: Grassy Terrain
|-damage|p2a: Urshifu|93/100 tox|[from] psn
|upkeep
|turn|12
|j| Vessev
|
|t:|1609364071
|switch|p1a: Landorus|Landorus-Therian, M|100/100
|-ability|p1a: Landorus|Intimidate|boost
|-unboost|p2a: Urshifu|atk|1
|move|p2a: Urshifu|Surging Strikes|p1a: Landorus
|-supereffective|p1a: Landorus
|-crit|p1a: Landorus
|-damage|p1a: Landorus|36/100
|-damage|p2a: Urshifu|76/100 tox|[from] item: Rocky Helmet|[of] p1a: Landorus
|-supereffective|p1a: Landorus
|-crit|p1a: Landorus
|-damage|p1a: Landorus|0 fnt
|-damage|p2a: Urshifu|60/100 tox|[from] item: Rocky Helmet|[of] p1a: Landorus
|-hitcount|p1a: Landorus|2
|faint|p1a: Landorus
|
|-damage|p2a: Urshifu|48/100 tox|[from] psn
|upkeep
|
|t:|1609364073
|switch|p1a: Rillaboom|Rillaboom, F|97/100
|-fieldstart|move: Grassy Terrain|[from] ability: Grassy Surge|[of] p1a: Rillaboom
|turn|13
|
|t:|1609364081
|move|p2a: Urshifu|Surging Strikes|p1a: Rillaboom
|-resisted|p1a: Rillaboom
|-crit|p1a: Rillaboom
|-damage|p1a: Rillaboom|81/100
|-resisted|p1a: Rillaboom
|-crit|p1a: Rillaboom
|-damage|p1a: Rillaboom|65/100
|-resisted|p1a: Rillaboom
|-crit|p1a: Rillaboom
|-damage|p1a: Rillaboom|47/100
|-hitcount|p1a: Rillaboom|3
|move|p1a: Rillaboom|Swords Dance|p1a: Rillaboom
|-boost|p1a: Rillaboom|atk|2
|
|-heal|p2a: Urshifu|54/100 tox|[from] Grassy Terrain
|-heal|p1a: Rillaboom|54/100|[from] Grassy Terrain
|-damage|p2a: Urshifu|35/100 tox|[from] psn
|upkeep
|turn|14
|j| TBJL
|
|t:|1609364089
|move|p1a: Rillaboom|Grassy Glide|p2a: Urshifu
|-supereffective|p2a: Urshifu
|-damage|p2a: Urshifu|0 fnt
|-damage|p1a: Rillaboom|44/100|[from] item: Life Orb
|faint|p2a: Urshifu
|
|-heal|p1a: Rillaboom|50/100|[from] Grassy Terrain
|upkeep
|
|t:|1609364090
|switch|p2a: Dragapult|Dragapult, F|88/100
|turn|15
|j| Bulumusslos
|
|t:|1609364097
|move|p1a: Rillaboom|Grassy Glide|p2a: Dragapult
|-resisted|p2a: Dragapult
|-damage|p2a: Dragapult|0 fnt
|-damage|p1a: Rillaboom|40/100|[from] item: Life Orb
|faint|p2a: Dragapult
|
|-heal|p1a: Rillaboom|46/100|[from] Grassy Terrain
|upkeep
|-message|Contorted Lies forfeited.
|
|win|jrg123
|l|☆Contorted Lies
|l|‽jrg123
|l| TBJL
|l| Bulumusslos
||Ladder (probably) updated, but score could not be retrieved (Request timeout).
|l| tryingNOT2bTOXIC
|l| outw loll
