|raw|<div class="broadcast-blue"><strong>This battle is required to be public due to a player having a name starting with 'lt83aq'.</div>
|j|☆Orangesss
|j|☆LT83AQ EL NANO
|t:|1626458751
|gametype|singles
|player|p1|Orangesss|silver|1631
|player|p2|LT83AQ EL NANO|barry|1805
|teamsize|p1|6
|teamsize|p2|6
|gen|8
|tier|[Gen 8] OU
|rated|
|rule|Sleep Clause Mod: Limit one foe put to sleep
|rule|Species Clause: Limit one of each Pokémon
|rule|OHKO Clause: OHKO moves are banned
|rule|Evasion Moves Clause: Evasion moves are banned
|rule|Endless Battle Clause: Forcing endless battles is banned
|rule|HP Percentage Mod: HP is shown in percentages
|rule|Dynamax Clause: You cannot dynamax
|clearpoke
|poke|p1|Pelipper, M|
|poke|p1|Barraskewda, M|
|poke|p1|Ferrothorn, F|
|poke|p1|Seismitoad, F|
|poke|p1|Tapu Koko|
|poke|p1|Tornadus-Therian, M|
|poke|p2|Dragapult, F|
|poke|p2|Volcarona, M|
|poke|p2|Mew|
|poke|p2|Garchomp, F|
|poke|p2|Cloyster, F|
|poke|p2|Bisharp, M|
|teampreview
|inactive|Battle timer is ON: inactive players will automatically lose when time's up. (requested by Orangesss)
|inactive|LT83AQ EL NANO has 120 seconds left.
|
|t:|1626458802
|start
|switch|p1a: Speed Overdose|Tapu Koko|100/100
|switch|p2a: Mew|Mew|100/100
|-fieldstart|move: Electric Terrain|[from] ability: Electric Surge|[of] p1a: Speed Overdose
|turn|1
|
|t:|1626458831
|move|p1a: Speed Overdose|Volt Switch|p2a: Mew
|-damage|p2a: Mew|49/100
|
|t:|1626458835
|switch|p1a: One fish two fish|Barraskewda, M|100/100|[from]move: Volt Switch
|move|p2a: Mew|Stealth Rock|p1a: One fish two fish
|-sidestart|p1: Orangesss|move: Stealth Rock
|
|upkeep
|turn|2
|
|t:|1626458840
|move|p1a: One fish two fish|Crunch|p2a: Mew
|-supereffective|p2a: Mew
|-enditem|p2a: Mew|Colbur Berry|[eat]
|-enditem|p2a: Mew|Colbur Berry|[weaken]
|-damage|p2a: Mew|13/100
|-unboost|p2a: Mew|def|1
|move|p2a: Mew|Spikes|p1a: One fish two fish
|-sidestart|p1: Orangesss|Spikes
|
|upkeep
|turn|3
|
|t:|1626458846
|switch|p2a: Bisharp|Bisharp, M|100/100
|move|p1a: One fish two fish|Crunch|p2a: Bisharp
|-resisted|p2a: Bisharp
|-damage|p2a: Bisharp|75/100
|-unboost|p2a: Bisharp|def|1
|-ability|p2a: Bisharp|Defiant
|-boost|p2a: Bisharp|atk|2
|
|upkeep
|turn|4
|
|t:|1626458856
|switch|p1a: Speed Overdose|Tapu Koko|100/100
|-damage|p1a: Speed Overdose|88/100|[from] Spikes
|-damage|p1a: Speed Overdose|76/100|[from] Stealth Rock
|move|p2a: Bisharp|Knock Off|p1a: Speed Overdose
|-resisted|p1a: Speed Overdose
|-damage|p1a: Speed Overdose|0 fnt
|-enditem|p1a: Speed Overdose|Choice Specs|[from] move: Knock Off|[of] p2a: Bisharp
|faint|p1a: Speed Overdose
|-damage|p2a: Bisharp|65/100|[from] item: Life Orb
|
|upkeep
|
|t:|1626458859
|switch|p1a: Agent ¥|Seismitoad, F|100/100
|-damage|p1a: Agent ¥|88/100|[from] Spikes
|-damage|p1a: Agent ¥|82/100|[from] Stealth Rock
|turn|5
|
|t:|1626458861
|move|p2a: Bisharp|Sucker Punch|p1a: Agent ¥
|-damage|p1a: Agent ¥|0 fnt
|faint|p1a: Agent ¥
|-damage|p2a: Bisharp|55/100|[from] item: Life Orb
|
|-fieldend|move: Electric Terrain
|upkeep
|-message|Orangesss forfeited.
|
|win|LT83AQ EL NANO
|l|☆Orangesss
|raw|Orangesss's rating: 1631 &rarr; <strong>1621</strong><br />(-10 for losing)
|raw|LT83AQ EL NANO's rating: 1826 &rarr; <strong>1836</strong><br />(+10 for winning)
|l|☆LT83AQ EL NANO
||Ladder isn't responding, score probably updated but might not have (Request timeout).
