|j|☆knexhawk2
|j|☆ninjamage13
|t:|1665076520
|gametype|singles
|player|p1|knexhawk2|acetrainer-gen4dp|1871
|player|p2|ninjamage13|pokemonranger-gen6xy|1832
|teamsize|p1|6
|teamsize|p2|6
|gen|8
|tier|[Gen 8] OU
|rated|
|rule|Sleep Clause Mod: Limit one foe put to sleep
|rule|Species Clause: Limit one of each Pokémon
|rule|OHKO Clause: OHKO moves are banned
|rule|Evasion Items Clause: Evasion items are banned
|rule|Evasion Moves Clause: Evasion moves are banned
|rule|Endless Battle Clause: Forcing endless battles is banned
|rule|HP Percentage Mod: HP is shown in percentages
|rule|Dynamax Clause: You cannot dynamax
|clearpoke
|poke|p1|Blissey, F|
|poke|p1|Clefable, M|
|poke|p1|Toxapex, M|
|poke|p1|Slowking-Galar, M|
|poke|p1|Avalugg, F|
|poke|p1|Skarmory, F|
|poke|p2|Mamoswine, M|
|poke|p2|Primarina, M|
|poke|p2|Zapdos|
|poke|p2|Victini|
|poke|p2|Ferrothorn, F|
|poke|p2|Latios, M|
|teampreview
|c|☆knexhawk2|oh dear round 2
|j| Congwuyu
|c|☆ninjamage13|oh naur
|c|☆ninjamage13|aren't there any other ppl on ladder lmao
|c|☆knexhawk2|i guess not
|c|☆knexhawk2|i played 2 dudes
|c|☆ninjamage13|the downsides of high ladder
|c|☆ninjamage13|alas
|c|☆knexhawk2|one haxxed me in 16 turns the other one just offertied at 100 stall v stall lol
|c|☆ninjamage13|stall v stall sounds aids lmao
|c|☆knexhawk2|yeah he had block pex
|c|☆ninjamage13|EWWWW
|c|☆knexhawk2|and his pex barely could take mine out
|c|☆knexhawk2|he had like 5 pp left
|c|☆knexhawk2|total
|c|☆ninjamage13|oml
|c|☆knexhawk2|so it was basically a 1 for 1 lol
|c|☆knexhawk2|at least he didnt hold me prisoner
|j| Perfexxxion
|l| Perfexxxion
|
|t:|1665076624
|start
|switch|p1a: sexy|Toxapex, M, shiny|100/100
|switch|p2a: SPINE CURVES|Ferrothorn, F|100/100
|turn|1
|
|t:|1665076630
|move|p1a: sexy|Knock Off|p2a: SPINE CURVES
|-damage|p2a: SPINE CURVES|91/100
|-damage|p1a: sexy|88/100|[from] ability: Iron Barbs|[of] p2a: SPINE CURVES
|-enditem|p2a: SPINE CURVES|Leftovers|[from] move: Knock Off|[of] p1a: sexy
|move|p2a: SPINE CURVES|Stealth Rock|p1a: sexy
|-sidestart|p1: knexhawk2|move: Stealth Rock
|
|upkeep
|turn|2
|
|t:|1665076640
|switch|p2a: SEA CHANGE|Primarina, M|100/100
|move|p1a: sexy|Scald|p2a: SEA CHANGE
|-resisted|p2a: SEA CHANGE
|-damage|p2a: SEA CHANGE|94/100
|-status|p2a: SEA CHANGE|brn
|
|-heal|p2a: SEA CHANGE|100/100 brn|[from] item: Leftovers
|-damage|p2a: SEA CHANGE|94/100 brn|[from] brn
|upkeep
|turn|3
|
|t:|1665076648
|move|p2a: SEA CHANGE|Substitute|p2a: SEA CHANGE
|-start|p2a: SEA CHANGE|Substitute
|-damage|p2a: SEA CHANGE|70/100 brn
|move|p1a: sexy|Knock Off|p2a: SEA CHANGE
|-resisted|p2a: SEA CHANGE
|-activate|p2a: SEA CHANGE|move: Substitute|[damage]
|
|-heal|p2a: SEA CHANGE|76/100 brn|[from] item: Leftovers
|-damage|p2a: SEA CHANGE|70/100 brn|[from] brn
|upkeep
|turn|4
|
|t:|1665076651
|move|p2a: SEA CHANGE|Calm Mind|p2a: SEA CHANGE
|-boost|p2a: SEA CHANGE|spa|1
|-boost|p2a: SEA CHANGE|spd|1
|move|p1a: sexy|Haze|p1a: sexy
|-clearallboost
|
|-heal|p2a: SEA CHANGE|76/100 brn|[from] item: Leftovers
|-damage|p2a: SEA CHANGE|70/100 brn|[from] brn
|upkeep
|turn|5
|
|t:|1665076657
|move|p2a: SEA CHANGE|Calm Mind|p2a: SEA CHANGE
|-boost|p2a: SEA CHANGE|spa|1
|-boost|p2a: SEA CHANGE|spd|1
|move|p1a: sexy|Knock Off|p2a: SEA CHANGE
|-resisted|p2a: SEA CHANGE
|-crit|p2a: SEA CHANGE
|-activate|p2a: SEA CHANGE|move: Substitute|[damage]
|
|-heal|p2a: SEA CHANGE|76/100 brn|[from] item: Leftovers
|-damage|p2a: SEA CHANGE|70/100 brn|[from] brn
|upkeep
|turn|6
|
|t:|1665076659
|move|p2a: SEA CHANGE|Moonblast|p1a: sexy
|-resisted|p1a: sexy
|-damage|p1a: sexy|63/100
|move|p1a: sexy|Haze|p1a: sexy
|-clearallboost
|
|-heal|p2a: SEA CHANGE|76/100 brn|[from] item: Leftovers
|-damage|p2a: SEA CHANGE|70/100 brn|[from] brn
|upkeep
|turn|7
|
|t:|1665076665
|move|p2a: SEA CHANGE|Scald|p1a: sexy
|-resisted|p1a: sexy
|-damage|p1a: sexy|49/100
|move|p1a: sexy|Scald|p2a: SEA CHANGE
|-resisted|p2a: SEA CHANGE
|-crit|p2a: SEA CHANGE
|-end|p2a: SEA CHANGE|Substitute
|
|-heal|p2a: SEA CHANGE|76/100 brn|[from] item: Leftovers
|-damage|p2a: SEA CHANGE|70/100 brn|[from] brn
|upkeep
|turn|8
|
|t:|1665076674
|switch|p2a: SPINE CURVES|Ferrothorn, F|91/100
|switch|p1a: volt switch me|Slowking-Galar, M|100/100
|-damage|p1a: volt switch me|88/100|[from] Stealth Rock
|
|upkeep
|turn|9
|
|t:|1665076683
|switch|p2a: TESSELATE|Latios, M|100/100
|move|p1a: volt switch me|Flamethrower|p2a: TESSELATE
|-resisted|p2a: TESSELATE
|-damage|p2a: TESSELATE|89/100
|
|upkeep
|turn|10
|
|t:|1665076697
|move|p2a: TESSELATE|Trick|p1a: volt switch me
|-activate|p2a: TESSELATE|move: Trick|[of] p1a: volt switch me
|-item|p1a: volt switch me|Choice Scarf|[from] move: Trick
|-item|p2a: TESSELATE|Assault Vest|[from] move: Trick
|move|p1a: volt switch me|Sludge Bomb|p2a: TESSELATE
|-damage|p2a: TESSELATE|64/100
|
|upkeep
|turn|11
|j| OmegaTroll
|
|t:|1665076715
|move|p2a: TESSELATE|Psychic|p1a: volt switch me
|-damage|p1a: volt switch me|61/100
|move|p1a: volt switch me|Sludge Bomb|p2a: TESSELATE
|-damage|p2a: TESSELATE|41/100
|-status|p2a: TESSELATE|psn
|
|-damage|p2a: TESSELATE|28/100 psn|[from] psn
|upkeep
|turn|12
|
|t:|1665076722
|switch|p2a: CAPALA|Zapdos|100/100
|switch|p1a: average blob|Blissey, F|100/100
|-damage|p1a: average blob|88/100|[from] Stealth Rock
|
|-heal|p1a: average blob|94/100|[from] item: Leftovers
|upkeep
|turn|13
|c|☆knexhawk2|fastking
|c|☆ninjamage13|kachow
|
|t:|1665076740
|move|p2a: CAPALA|Volt Switch|p1a: average blob
|-damage|p1a: average blob|84/100
|
|t:|1665076750
|switch|p2a: HOT THOUGHTS|Victini|100/100|[from]move: Volt Switch
|move|p1a: average blob|Toxic|p2a: HOT THOUGHTS|[miss]
|-miss|p1a: average blob|p2a: HOT THOUGHTS
|
|-heal|p1a: average blob|90/100|[from] item: Leftovers
|upkeep
|turn|14
|c|☆knexhawk2|fuck
|c|☆knexhawk2|man
|c|☆ninjamage13|that blows
|
|t:|1665076766
|move|p2a: HOT THOUGHTS|U-turn|p1a: average blob
|-damage|p1a: average blob|71/100
|c|☆knexhawk2|yeah i read it and everything
|c|☆knexhawk2|oh well im fucked now
|
|t:|1665076770
|switch|p2a: SPINE CURVES|Ferrothorn, F|91/100|[from]move: U-turn
|move|p1a: average blob|Soft-Boiled|p1a: average blob
|-heal|p1a: average blob|100/100
|
|upkeep
|turn|15
|
|t:|1665076778
|switch|p1a: god table|Avalugg, F, shiny|100/100
|move|p2a: SPINE CURVES|Leech Seed|p1a: god table
|-start|p1a: god table|move: Leech Seed
|
|-damage|p1a: god table|88/100|[from] Leech Seed|[of] p2a: SPINE CURVES
|-heal|p2a: SPINE CURVES|100/100|[silent]
|upkeep
|turn|16
|
|t:|1665076790
|switch|p2a: HOT THOUGHTS|Victini|100/100
|move|p1a: god table|Rapid Spin|p2a: HOT THOUGHTS
|-damage|p2a: HOT THOUGHTS|85/100
|-boost|p1a: god table|spe|1
|-end|p1a: god table|Leech Seed|[from] move: Rapid Spin|[of] p1a: god table
|-sideend|p1: knexhawk2|Stealth Rock|[from] move: Rapid Spin|[of] p1a: god table
|
|upkeep
|turn|17
|
|t:|1665076798
|move|p2a: HOT THOUGHTS|U-turn|p1a: god table
|-damage|p1a: god table|80/100
|
|t:|1665076804
|switch|p2a: CAPALA|Zapdos|100/100|[from]move: U-turn
|move|p1a: god table|Recover|p1a: god table
|-heal|p1a: god table|100/100
|
|upkeep
|turn|18
|
|t:|1665076812
|switch|p1a: volt switch me|Slowking-Galar, M|94/100
|move|p2a: CAPALA|Volt Switch|p1a: volt switch me
|-damage|p1a: volt switch me|77/100
|
|t:|1665076815
|switch|p2a: HOT THOUGHTS|Victini|85/100|[from]move: Volt Switch
|
|upkeep
|turn|19
|
|t:|1665076818
|switch|p1a: god table|Avalugg, F, shiny|100/100
|move|p2a: HOT THOUGHTS|V-create|p1a: god table
|-supereffective|p1a: god table
|-damage|p1a: god table|38/100
|-unboost|p2a: HOT THOUGHTS|spe|1
|-unboost|p2a: HOT THOUGHTS|def|1
|-unboost|p2a: HOT THOUGHTS|spd|1
|
|upkeep
|turn|20
|
|t:|1665076824
|switch|p1a: another pink blob|Clefable, M|100/100
|move|p2a: HOT THOUGHTS|Bolt Strike|p1a: another pink blob
|-damage|p1a: another pink blob|71/100
|
|-heal|p1a: another pink blob|77/100|[from] item: Leftovers
|upkeep
|turn|21
|
|t:|1665076829
|move|p2a: HOT THOUGHTS|U-turn|p1a: another pink blob
|-resisted|p1a: another pink blob
|-damage|p1a: another pink blob|68/100
|
|t:|1665076833
|switch|p2a: HORRIBLY RIGHT|Mamoswine, M|100/100|[from]move: U-turn
|move|p1a: another pink blob|Knock Off|p2a: HORRIBLY RIGHT
|-damage|p2a: HORRIBLY RIGHT|80/100
|-enditem|p2a: HORRIBLY RIGHT|Expert Belt|[from] move: Knock Off|[of] p1a: another pink blob
|
|-heal|p1a: another pink blob|74/100|[from] item: Leftovers
|upkeep
|turn|22
|c|☆knexhawk2|oh i always thought yhat was scarfed
|j| JozeLRygBda
|c|☆ninjamage13|the amount of volcanions i've killed by bluffing scarf is unreal
|c|☆knexhawk2|lmao
|c|☆knexhawk2|i have a team like that
|c|☆knexhawk2|with a xurkitree
|c|☆ninjamage13|heat
|c|☆knexhawk2|bro u tbolt and switch on their gking once
|
|t:|1665076894
|switch|p1a: god table|Avalugg, F, shiny|38/100
|move|p2a: HORRIBLY RIGHT|Knock Off|p1a: god table
|-damage|p1a: god table|23/100
|-enditem|p1a: god table|Heavy-Duty Boots|[from] move: Knock Off|[of] p2a: HORRIBLY RIGHT
|
|upkeep
|turn|23
|c|☆knexhawk2|then they think scarf and its a free energy ball kill on gastro
|c|☆knexhawk2|no way eq does 23
|
|t:|1665076909
|move|p2a: HORRIBLY RIGHT|Earthquake|p1a: god table
|-damage|p1a: god table|3/100
|move|p1a: god table|Recover|p1a: god table
|-heal|p1a: god table|53/100
|
|upkeep
|turn|24
|c|☆knexhawk2|hes so fat
|
|t:|1665076925
|switch|p2a: CAPALA|Zapdos|100/100
|move|p1a: god table|Recover|p1a: god table
|-heal|p1a: god table|100/100
|
|upkeep
|turn|25
|
|t:|1665076930
|switch|p1a: average blob|Blissey, F|100/100
|move|p2a: CAPALA|Volt Switch|p1a: average blob
|-damage|p1a: average blob|90/100
|
|t:|1665076934
|switch|p2a: HORRIBLY RIGHT|Mamoswine, M|80/100|[from]move: Volt Switch
|
|-heal|p1a: average blob|96/100|[from] item: Leftovers
|upkeep
|turn|26
|j| Cyberacc
|
|t:|1665076951
|switch|p2a: HOT THOUGHTS|Victini|85/100
|switch|p1a: spike bird|Skarmory, F, shiny|100/100
|
|upkeep
|turn|27
|
|t:|1665076960
|move|p2a: HOT THOUGHTS|Bolt Strike|p1a: spike bird
|-supereffective|p1a: spike bird
|-damage|p1a: spike bird|55/100
|move|p1a: spike bird|Roost|p1a: spike bird
|-heal|p1a: spike bird|100/100
|-singleturn|p1a: spike bird|move: Roost
|
|upkeep
|turn|28
|j| TheMightyDRE
|
|t:|1665076965
|move|p2a: HOT THOUGHTS|U-turn|p1a: spike bird
|-resisted|p1a: spike bird
|-damage|p1a: spike bird|98/100
|
|t:|1665076969
|switch|p2a: SPINE CURVES|Ferrothorn, F|100/100|[from]move: U-turn
|move|p1a: spike bird|Roost|p1a: spike bird
|-heal|p1a: spike bird|100/100
|-singleturn|p1a: spike bird|move: Roost
|
|upkeep
|turn|29
|l| OmegaTroll
|
|t:|1665076978
|switch|p1a: god table|Avalugg, F, shiny|100/100
|move|p2a: SPINE CURVES|Stealth Rock|p1a: god table
|-sidestart|p1: knexhawk2|move: Stealth Rock
|
|upkeep
|turn|30
|
|t:|1665076984
|switch|p2a: CAPALA|Zapdos|100/100
|move|p1a: god table|Rapid Spin|p2a: CAPALA
|-damage|p2a: CAPALA|90/100
|-boost|p1a: god table|spe|1
|-sideend|p1: knexhawk2|Stealth Rock|[from] move: Rapid Spin|[of] p1a: god table
|
|upkeep
|turn|31
|
|t:|1665076995
|switch|p1a: volt switch me|Slowking-Galar, M|100/100
|move|p2a: CAPALA|Volt Switch|p1a: volt switch me
|-damage|p1a: volt switch me|82/100
|
|t:|1665077007
|switch|p2a: HOT THOUGHTS|Victini|85/100|[from]move: Volt Switch
|
|upkeep
|turn|32
|
|t:|1665077036
|switch|p1a: sexy|Toxapex, M, shiny|82/100
|move|p2a: HOT THOUGHTS|V-create|p1a: sexy
|-resisted|p1a: sexy
|-damage|p1a: sexy|58/100
|-unboost|p2a: HOT THOUGHTS|spe|1
|-unboost|p2a: HOT THOUGHTS|def|1
|-unboost|p2a: HOT THOUGHTS|spd|1
|
|upkeep
|turn|33
|j| lolka8971
|
|t:|1665077045
|move|p2a: HOT THOUGHTS|U-turn|p1a: sexy
|-resisted|p1a: sexy
|-damage|p1a: sexy|52/100
|
|t:|1665077050
|switch|p2a: TESSELATE|Latios, M|28/100 psn|[from]move: U-turn
|move|p1a: sexy|Recover|p1a: sexy
|-heal|p1a: sexy|100/100
|
|-damage|p2a: TESSELATE|16/100 psn|[from] psn
|upkeep
|turn|34
|l| TheMightyDRE
|c|☆ninjamage13|yknow i'm kinda dumb bc i thought i was gonna trick the av onto blissey or something
|c|☆ninjamage13|that doesn't really work
|j| uudujdjdhd
|c|☆knexhawk2|lmao
|
|t:|1665077093
|switch|p2a: SPINE CURVES|Ferrothorn, F|100/100
|switch|p1a: average blob|Blissey, F|96/100
|
|-heal|p1a: average blob|100/100|[from] item: Leftovers
|upkeep
|turn|35
|c|☆knexhawk2|thats why i let u take the av
|
|t:|1665077108
|switch|p1a: god table|Avalugg, F, shiny|100/100
|move|p2a: SPINE CURVES|Stealth Rock|p1a: god table
|-sidestart|p1: knexhawk2|move: Stealth Rock
|
|upkeep
|turn|36
|
|t:|1665077111
|move|p1a: god table|Rapid Spin|p2a: SPINE CURVES
|-resisted|p2a: SPINE CURVES
|-damage|p2a: SPINE CURVES|97/100
|-boost|p1a: god table|spe|1
|-damage|p1a: god table|88/100|[from] ability: Iron Barbs|[of] p2a: SPINE CURVES
|-sideend|p1: knexhawk2|Stealth Rock|[from] move: Rapid Spin|[of] p1a: god table
|move|p2a: SPINE CURVES|Leech Seed|p1a: god table
|-start|p1a: god table|move: Leech Seed
|
|-damage|p1a: god table|76/100|[from] Leech Seed|[of] p2a: SPINE CURVES
|-heal|p2a: SPINE CURVES|100/100|[silent]
|upkeep
|turn|37
|
|t:|1665077114
|move|p1a: god table|Rapid Spin|p2a: SPINE CURVES
|-resisted|p2a: SPINE CURVES
|-damage|p2a: SPINE CURVES|97/100
|-boost|p1a: god table|spe|1
|-damage|p1a: god table|63/100|[from] ability: Iron Barbs|[of] p2a: SPINE CURVES
|-end|p1a: god table|Leech Seed|[from] move: Rapid Spin|[of] p1a: god table
|move|p2a: SPINE CURVES|Stealth Rock|p1a: god table
|-sidestart|p1: knexhawk2|move: Stealth Rock
|
|upkeep
|turn|38
|
|t:|1665077117
|move|p1a: god table|Body Press|p2a: SPINE CURVES
|-supereffective|p2a: SPINE CURVES
|-damage|p2a: SPINE CURVES|49/100
|-damage|p1a: god table|51/100|[from] ability: Iron Barbs|[of] p2a: SPINE CURVES
|move|p2a: SPINE CURVES|Leech Seed|p1a: god table
|-start|p1a: god table|move: Leech Seed
|
|-damage|p1a: god table|38/100|[from] Leech Seed|[of] p2a: SPINE CURVES
|-heal|p2a: SPINE CURVES|63/100|[silent]
|upkeep
|turn|39
|
|t:|1665077123
|move|p1a: god table|Recover|p1a: god table
|-heal|p1a: god table|88/100
|move|p2a: SPINE CURVES|Body Press|p1a: god table
|-supereffective|p1a: god table
|-damage|p1a: god table|63/100
|
|-damage|p1a: god table|50/100|[from] Leech Seed|[of] p2a: SPINE CURVES
|-heal|p2a: SPINE CURVES|77/100|[silent]
|upkeep
|turn|40
|c|☆knexhawk2|we are doing this again
|
|t:|1665077129
|move|p1a: god table|Rapid Spin|p2a: SPINE CURVES
|-resisted|p2a: SPINE CURVES
|-damage|p2a: SPINE CURVES|73/100
|-boost|p1a: god table|spe|1
|-damage|p1a: god table|38/100|[from] ability: Iron Barbs|[of] p2a: SPINE CURVES
|-end|p1a: god table|Leech Seed|[from] move: Rapid Spin|[of] p1a: god table
|-sideend|p1: knexhawk2|Stealth Rock|[from] move: Rapid Spin|[of] p1a: god table
|move|p2a: SPINE CURVES|Body Press|p1a: god table
|-supereffective|p1a: god table
|-damage|p1a: god table|12/100
|
|upkeep
|turn|41
|
|t:|1665077133
|move|p1a: god table|Recover|p1a: god table
|-heal|p1a: god table|62/100
|move|p2a: SPINE CURVES|Leech Seed|p1a: god table
|-start|p1a: god table|move: Leech Seed
|
|-damage|p1a: god table|49/100|[from] Leech Seed|[of] p2a: SPINE CURVES
|-heal|p2a: SPINE CURVES|87/100|[silent]
|upkeep
|turn|42
|
|t:|1665077135
|move|p1a: god table|Recover|p1a: god table
|-heal|p1a: god table|99/100
|move|p2a: SPINE CURVES|Stealth Rock|p1a: god table
|-sidestart|p1: knexhawk2|move: Stealth Rock
|
|-damage|p1a: god table|87/100|[from] Leech Seed|[of] p2a: SPINE CURVES
|-heal|p2a: SPINE CURVES|100/100|[silent]
|upkeep
|turn|43
|
|t:|1665077142
|move|p1a: god table|Rapid Spin|p2a: SPINE CURVES
|-resisted|p2a: SPINE CURVES
|-damage|p2a: SPINE CURVES|97/100
|-boost|p1a: god table|spe|1
|-damage|p1a: god table|74/100|[from] ability: Iron Barbs|[of] p2a: SPINE CURVES
|-end|p1a: god table|Leech Seed|[from] move: Rapid Spin|[of] p1a: god table
|-sideend|p1: knexhawk2|Stealth Rock|[from] move: Rapid Spin|[of] p1a: god table
|move|p2a: SPINE CURVES|Leech Seed|p1a: god table
|-start|p1a: god table|move: Leech Seed
|
|-damage|p1a: god table|62/100|[from] Leech Seed|[of] p2a: SPINE CURVES
|-heal|p2a: SPINE CURVES|100/100|[silent]
|upkeep
|turn|44
|
|t:|1665077146
|switch|p1a: volt switch me|Slowking-Galar, M|100/100
|move|p2a: SPINE CURVES|Body Press|p1a: volt switch me
|-resisted|p1a: volt switch me
|-damage|p1a: volt switch me|93/100
|
|upkeep
|turn|45
|
|t:|1665077150
|move|p1a: volt switch me|Flamethrower|p2a: SPINE CURVES
|-supereffective|p2a: SPINE CURVES
|-damage|p2a: SPINE CURVES|16/100
|move|p2a: SPINE CURVES|Stealth Rock|p1a: volt switch me
|-sidestart|p1: knexhawk2|move: Stealth Rock
|
|upkeep
|turn|46
|c|☆ninjamage13|*totally* worth it
|
|t:|1665077165
|switch|p2a: HORRIBLY RIGHT|Mamoswine, M|80/100
|move|p1a: volt switch me|Flamethrower|p2a: HORRIBLY RIGHT
|-supereffective|p2a: HORRIBLY RIGHT
|-damage|p2a: HORRIBLY RIGHT|46/100
|
|upkeep
|turn|47
|c|☆knexhawk2|i mean rocks do help u alot
|
|t:|1665077183
|switch|p1a: spike bird|Skarmory, F, shiny|100/100
|-damage|p1a: spike bird|88/100|[from] Stealth Rock
|move|p2a: HORRIBLY RIGHT|Knock Off|p1a: spike bird
|-damage|p1a: spike bird|67/100
|-enditem|p1a: spike bird|Leftovers|[from] move: Knock Off|[of] p2a: HORRIBLY RIGHT
|
|upkeep
|turn|48
|
|t:|1665077197
|move|p2a: HORRIBLY RIGHT|Icicle Crash|p1a: spike bird
|-damage|p1a: spike bird|42/100
|move|p1a: spike bird|Roost|p1a: spike bird
|-heal|p1a: spike bird|92/100
|-singleturn|p1a: spike bird|move: Roost
|
|upkeep
|turn|49
|
|t:|1665077201
|switch|p2a: HOT THOUGHTS|Victini|85/100
|move|p1a: spike bird|Spikes|p2a: HOT THOUGHTS
|-sidestart|p2: ninjamage13|Spikes
|
|upkeep
|turn|50
|
|t:|1665077213
|move|p2a: HOT THOUGHTS|V-create|p1a: spike bird
|-supereffective|p1a: spike bird
|-damage|p1a: spike bird|7/100
|-unboost|p2a: HOT THOUGHTS|spe|1
|-unboost|p2a: HOT THOUGHTS|def|1
|-unboost|p2a: HOT THOUGHTS|spd|1
|move|p1a: spike bird|Roost|p1a: spike bird
|-heal|p1a: spike bird|57/100
|-singleturn|p1a: spike bird|move: Roost
|
|upkeep
|turn|51
|
|t:|1665077220
|switch|p1a: sexy|Toxapex, M, shiny|100/100
|-damage|p1a: sexy|88/100|[from] Stealth Rock
|move|p2a: HOT THOUGHTS|Bolt Strike|p1a: sexy
|-supereffective|p1a: sexy
|-damage|p1a: sexy|41/100
|
|upkeep
|turn|52
|j| Waziao
|
|t:|1665077241
|switch|p1a: volt switch me|Slowking-Galar, M|100/100
|-damage|p1a: volt switch me|88/100|[from] Stealth Rock
|move|p2a: HOT THOUGHTS|Bolt Strike|p1a: volt switch me
|-damage|p1a: volt switch me|46/100
|
|upkeep
|turn|53
|j| utut
|
|t:|1665077248
|switch|p1a: another pink blob|Clefable, M|74/100
|-damage|p1a: another pink blob|62/100|[from] Stealth Rock
|move|p2a: HOT THOUGHTS|U-turn|p1a: another pink blob
|-resisted|p1a: another pink blob
|-damage|p1a: another pink blob|53/100
|j| zgiata 创世神
|
|t:|1665077273
|switch|p2a: HORRIBLY RIGHT|Mamoswine, M|46/100|[from]move: U-turn
|-damage|p2a: HORRIBLY RIGHT|33/100|[from] Spikes
|
|-heal|p1a: another pink blob|59/100|[from] item: Leftovers
|upkeep
|turn|54
|
|t:|1665077281
|move|p2a: HORRIBLY RIGHT|Icicle Crash|p1a: another pink blob
|-damage|p1a: another pink blob|24/100
|move|p1a: another pink blob|Soft-Boiled|p1a: another pink blob
|-heal|p1a: another pink blob|74/100
|
|-heal|p1a: another pink blob|80/100|[from] item: Leftovers
|upkeep
|turn|55
|l| Congwuyu
|c|☆ninjamage13|dammit mamo ur supposed to flinch him
|c|☆knexhawk2|hehe
|
|t:|1665077300
|move|p2a: HORRIBLY RIGHT|Icicle Crash|p1a: another pink blob
|-damage|p1a: another pink blob|44/100
|move|p1a: another pink blob|Soft-Boiled|p1a: another pink blob
|-heal|p1a: another pink blob|94/100
|
|-heal|p1a: another pink blob|100/100|[from] item: Leftovers
|upkeep
|turn|56
|
|t:|1665077313
|switch|p2a: SEA CHANGE|Primarina, M|70/100 brn
|-damage|p2a: SEA CHANGE|57/100 brn|[from] Spikes
|move|p1a: another pink blob|Moonblast|p2a: SEA CHANGE
|-damage|p2a: SEA CHANGE|34/100 brn
|-unboost|p2a: SEA CHANGE|spa|1
|
|-heal|p2a: SEA CHANGE|40/100 brn|[from] item: Leftovers
|-damage|p2a: SEA CHANGE|34/100 brn|[from] brn
|upkeep
|turn|57
|c|☆knexhawk2|that mamo is kinda scary now
|c|☆knexhawk2|since my lugg struggles to come in and skarm is low
|
|t:|1665077337
|switch|p1a: sexy|Toxapex, M, shiny|74/100
|-damage|p1a: sexy|61/100|[from] Stealth Rock
|move|p2a: SEA CHANGE|Scald|p1a: sexy
|-resisted|p1a: sexy
|-damage|p1a: sexy|49/100
|-status|p1a: sexy|brn
|
|-heal|p2a: SEA CHANGE|40/100 brn|[from] item: Leftovers
|-damage|p2a: SEA CHANGE|34/100 brn|[from] brn
|-damage|p1a: sexy|42/100 brn|[from] brn
|upkeep
|turn|58
|c|☆ninjamage13|yea
|j| laughokenisis\
|
|t:|1665077352
|switch|p2a: CAPALA|Zapdos|90/100
|move|p1a: sexy|Recover|p1a: sexy
|-heal|p1a: sexy|92/100 brn
|
|-damage|p1a: sexy|86/100 brn|[from] brn
|upkeep
|turn|59
|
|t:|1665077356
|move|p2a: CAPALA|Volt Switch|p1a: sexy
|-supereffective|p1a: sexy
|-damage|p1a: sexy|38/100 brn
|c| laughokenisis\|avalugg stall is the only acceptable stall
|
|t:|1665077369
|switch|p2a: TESSELATE|Latios, M|16/100 psn|[from]move: Volt Switch
|move|p1a: sexy|Recover|p1a: sexy
|-heal|p1a: sexy|88/100 brn
|
|-damage|p2a: TESSELATE|4/100 psn|[from] psn
|-damage|p1a: sexy|82/100 brn|[from] brn
|upkeep
|turn|60
|
|t:|1665077381
|switch|p1a: average blob|Blissey, F|100/100
|-damage|p1a: average blob|88/100|[from] Stealth Rock
|move|p2a: TESSELATE|Draco Meteor|p1a: average blob
|-damage|p1a: average blob|64/100
|-unboost|p2a: TESSELATE|spa|2
|
|-heal|p1a: average blob|71/100|[from] item: Leftovers
|-damage|p2a: TESSELATE|0 fnt|[from] psn
|faint|p2a: TESSELATE
|upkeep
|
|t:|1665077386
|switch|p2a: HOT THOUGHTS|Victini|85/100
|turn|61
|c|☆knexhawk2|agreed
|
|t:|1665077396
|move|p2a: HOT THOUGHTS|V-create|p1a: average blob
|-damage|p1a: average blob|0 fnt
|-unboost|p2a: HOT THOUGHTS|spe|1
|-unboost|p2a: HOT THOUGHTS|def|1
|-unboost|p2a: HOT THOUGHTS|spd|1
|faint|p1a: average blob
|
|upkeep
|c|☆knexhawk2|aw max roll
|c|☆knexhawk2|did 73 max
|
|t:|1665077405
|switch|p1a: another pink blob|Clefable, M|100/100
|-damage|p1a: another pink blob|88/100|[from] Stealth Rock
|turn|62
|c| laughokenisis\|add cofagrigus and you're even more goated
|
|t:|1665077410
|move|p2a: HOT THOUGHTS|U-turn|p1a: another pink blob
|-resisted|p1a: another pink blob
|-damage|p1a: another pink blob|79/100
|
|t:|1665077422
|switch|p2a: SEA CHANGE|Primarina, M|34/100 brn|[from]move: U-turn
|-damage|p2a: SEA CHANGE|21/100 brn|[from] Spikes
|move|p1a: another pink blob|Aromatherapy|p1a: another pink blob
|-activate|p1a: another pink blob|move: Aromatherapy
|-curestatus|p1: sexy|brn|[msg]
|
|-heal|p2a: SEA CHANGE|27/100 brn|[from] item: Leftovers
|-heal|p1a: another pink blob|85/100|[from] item: Leftovers
|-damage|p2a: SEA CHANGE|21/100 brn|[from] brn
|upkeep
|turn|63
|
|t:|1665077430
|move|p2a: SEA CHANGE|Scald|p1a: another pink blob
|-damage|p1a: another pink blob|42/100
|move|p1a: another pink blob|Moonblast|p2a: SEA CHANGE
|-damage|p2a: SEA CHANGE|0 fnt
|faint|p2a: SEA CHANGE
|
|-heal|p1a: another pink blob|48/100|[from] item: Leftovers
|upkeep
|l| Waziao
|
|t:|1665077441
|switch|p2a: HORRIBLY RIGHT|Mamoswine, M|33/100
|-damage|p2a: HORRIBLY RIGHT|21/100|[from] Spikes
|turn|64
|c|☆knexhawk2|mamoswine
|c|☆knexhawk2|you can hear me
|c|☆knexhawk2|do not flinch me
|
|t:|1665077455
|switch|p1a: god table|Avalugg, F, shiny|62/100
|-damage|p1a: god table|37/100|[from] Stealth Rock
|move|p2a: HORRIBLY RIGHT|Icicle Crash|p1a: god table
|-resisted|p1a: god table
|-crit|p1a: god table
|-damage|p1a: god table|23/100
|
|upkeep
|turn|65
|c|☆ninjamage13|mm
|c|☆ninjamage13|lost the 50/50
|c| laughokenisis\|it didnt flinch
|c|☆knexhawk2|mind games
|c|☆knexhawk2|you can still go for flinch
|
|t:|1665077482
|move|p2a: HORRIBLY RIGHT|Icicle Crash|p1a: god table|[miss]
|-miss|p2a: HORRIBLY RIGHT|p1a: god table
|move|p1a: god table|Rapid Spin|p2a: HORRIBLY RIGHT
|-damage|p2a: HORRIBLY RIGHT|5/100
|-boost|p1a: god table|spe|1
|-sideend|p1: knexhawk2|Stealth Rock|[from] move: Rapid Spin|[of] p1a: god table
|
|upkeep
|turn|66
|c|☆ninjamage13|mamo you
|c|☆ninjamage13|fucking idiot
|c|☆ninjamage13|LOL
|c|☆knexhawk2|lmao
|c|☆knexhawk2|LOL
|
|t:|1665077496
|move|p2a: HORRIBLY RIGHT|Icicle Crash|p1a: god table
|-resisted|p1a: god table
|-damage|p1a: god table|14/100
|move|p1a: god table|Recover|p1a: god table
|-heal|p1a: god table|64/100
|
|upkeep
|turn|67
|
|t:|1665077502
|switch|p2a: CAPALA|Zapdos|90/100
|move|p1a: god table|Recover|p1a: god table
|-heal|p1a: god table|100/100
|
|upkeep
|turn|68
|c|☆knexhawk2|showdown
|c|☆knexhawk2|at its finest
|
|t:|1665077510
|move|p2a: CAPALA|Defog|p1a: god table
|-unboost|p1a: god table|evasion|1
|-sideend|p2: ninjamage13|Spikes|[from] move: Defog|[of] p2a: CAPALA
|move|p1a: god table|Icicle Spear|p2a: CAPALA
|-supereffective|p2a: CAPALA
|-damage|p2a: CAPALA|73/100
|-supereffective|p2a: CAPALA
|-damage|p2a: CAPALA|56/100
|-hitcount|p2a: CAPALA|2
|
|upkeep
|turn|69
|c|☆ninjamage13|well, i think it's probably over now lol
|c|☆knexhawk2|its not
|
|t:|1665077524
|switch|p1a: volt switch me|Slowking-Galar, M|79/100
|move|p2a: CAPALA|Volt Switch|p1a: volt switch me
|-damage|p1a: volt switch me|61/100
|
|t:|1665077526
|switch|p2a: HORRIBLY RIGHT|Mamoswine, M|5/100|[from]move: Volt Switch
|
|upkeep
|turn|70
|l| utut
|c|☆knexhawk2|ur victini still can tear me apart
|
|t:|1665077538
|switch|p2a: HOT THOUGHTS|Victini|85/100
|switch|p1a: god table|Avalugg, F, shiny|100/100
|
|upkeep
|turn|71
|
|t:|1665077546
|move|p2a: HOT THOUGHTS|U-turn|p1a: god table
|-damage|p1a: god table|92/100
|c| laughokenisis\|me when someone complains about rng on showdown after critting an ohko move:
|c|☆knexhawk2|just has to conserve pp
|
|t:|1665077553
|switch|p2a: CAPALA|Zapdos|56/100|[from]move: U-turn
|move|p1a: god table|Recover|p1a: god table
|-heal|p1a: god table|100/100
|
|upkeep
|turn|72
|
|t:|1665077558
|switch|p1a: volt switch me|Slowking-Galar, M|94/100
|move|p2a: CAPALA|Hurricane|p1a: volt switch me
|-damage|p1a: volt switch me|68/100
|
|upkeep
|turn|73
|
|t:|1665077565
|move|p2a: CAPALA|Hurricane|p1a: volt switch me|[miss]
|-miss|p2a: CAPALA|p1a: volt switch me
|move|p1a: volt switch me|Flamethrower|p2a: CAPALA
|-damage|p2a: CAPALA|33/100
|-status|p2a: CAPALA|brn
|
|-damage|p2a: CAPALA|27/100 brn|[from] brn
|upkeep
|turn|74
|
|t:|1665077569
|move|p2a: CAPALA|Roost|p2a: CAPALA
|-heal|p2a: CAPALA|77/100 brn
|-singleturn|p2a: CAPALA|move: Roost
|move|p1a: volt switch me|Flamethrower|p2a: CAPALA
|-damage|p2a: CAPALA|56/100 brn
|
|-damage|p2a: CAPALA|50/100 brn|[from] brn
|upkeep
|turn|75
|
|t:|1665077574
|move|p2a: CAPALA|Roost|p2a: CAPALA
|-heal|p2a: CAPALA|99/100 brn
|-singleturn|p2a: CAPALA|move: Roost
|move|p1a: volt switch me|Flamethrower|p2a: CAPALA
|-damage|p2a: CAPALA|79/100 brn
|
|-damage|p2a: CAPALA|73/100 brn|[from] brn
|upkeep
|turn|76
|
|t:|1665077578
|move|p2a: CAPALA|Hurricane|p1a: volt switch me|[miss]
|-miss|p2a: CAPALA|p1a: volt switch me
|move|p1a: volt switch me|Flamethrower|p2a: CAPALA
|-damage|p2a: CAPALA|50/100 brn
|
|-damage|p2a: CAPALA|44/100 brn|[from] brn
|upkeep
|turn|77
|
|t:|1665077581
|switch|p1a: another pink blob|Clefable, M|48/100
|move|p2a: CAPALA|Roost|p2a: CAPALA
|-heal|p2a: CAPALA|94/100 brn
|-singleturn|p2a: CAPALA|move: Roost
|
|-heal|p1a: another pink blob|55/100|[from] item: Leftovers
|-damage|p2a: CAPALA|88/100 brn|[from] brn
|upkeep
|turn|78
|
|t:|1665077586
|move|p2a: CAPALA|Hurricane|p1a: another pink blob
|-damage|p1a: another pink blob|16/100
|move|p1a: another pink blob|Soft-Boiled|p1a: another pink blob
|-heal|p1a: another pink blob|66/100
|
|-heal|p1a: another pink blob|73/100|[from] item: Leftovers
|-damage|p2a: CAPALA|82/100 brn|[from] brn
|upkeep
|turn|79
|
|t:|1665077590
|move|p2a: CAPALA|Volt Switch|p1a: another pink blob
|-damage|p1a: another pink blob|47/100
|
|t:|1665077593
|switch|p2a: SPINE CURVES|Ferrothorn, F|16/100|[from]move: Volt Switch
|move|p1a: another pink blob|Soft-Boiled|p1a: another pink blob
|-heal|p1a: another pink blob|97/100
|
|-heal|p1a: another pink blob|100/100|[from] item: Leftovers
|upkeep
|turn|80
|
|t:|1665077598
|switch|p1a: god table|Avalugg, F, shiny|100/100
|move|p2a: SPINE CURVES|Stealth Rock|p1a: god table
|-sidestart|p1: knexhawk2|move: Stealth Rock
|
|upkeep
|turn|81
|
|t:|1665077607
|move|p1a: god table|Icicle Spear|p2a: SPINE CURVES
|-damage|p2a: SPINE CURVES|10/100
|-damage|p2a: SPINE CURVES|4/100
|-hitcount|p2a: SPINE CURVES|2
|move|p2a: SPINE CURVES|Stealth Rock||[still]
|-fail|p2a: SPINE CURVES
|
|upkeep
|turn|82
|
|t:|1665077617
|move|p1a: god table|Rapid Spin|p2a: SPINE CURVES
|-resisted|p2a: SPINE CURVES
|-damage|p2a: SPINE CURVES|0 fnt
|-boost|p1a: god table|spe|1
|-damage|p1a: god table|88/100|[from] ability: Iron Barbs|[of] p2a: SPINE CURVES
|-sideend|p1: knexhawk2|Stealth Rock|[from] move: Rapid Spin|[of] p1a: god table
|faint|p2a: SPINE CURVES
|
|upkeep
|
|t:|1665077625
|switch|p2a: CAPALA|Zapdos|82/100 brn
|turn|83
|
|t:|1665077631
|switch|p1a: volt switch me|Slowking-Galar, M|100/100
|move|p2a: CAPALA|Volt Switch|p1a: volt switch me
|-damage|p1a: volt switch me|83/100
|
|t:|1665077634
|switch|p2a: HOT THOUGHTS|Victini|85/100|[from]move: Volt Switch
|
|upkeep
|turn|84
|
|t:|1665077640
|switch|p1a: sexy|Toxapex, M, shiny|100/100
|move|p2a: HOT THOUGHTS|Bolt Strike|p1a: sexy
|-supereffective|p1a: sexy
|-damage|p1a: sexy|52/100
|-status|p1a: sexy|par
|
|upkeep
|turn|85
|j| Congwuyu
|
|t:|1665077658
|move|p2a: HOT THOUGHTS|V-create|p1a: sexy
|-resisted|p1a: sexy
|-damage|p1a: sexy|28/100 par
|-unboost|p2a: HOT THOUGHTS|spe|1
|-unboost|p2a: HOT THOUGHTS|def|1
|-unboost|p2a: HOT THOUGHTS|spd|1
|move|p1a: sexy|Recover|p1a: sexy
|-heal|p1a: sexy|78/100 par
|
|upkeep
|turn|86
|
|t:|1665077664
|move|p2a: HOT THOUGHTS|U-turn|p1a: sexy
|-resisted|p1a: sexy
|-crit|p1a: sexy
|-damage|p1a: sexy|68/100 par
|
|t:|1665077665
|switch|p2a: HORRIBLY RIGHT|Mamoswine, M|5/100|[from]move: U-turn
|move|p1a: sexy|Recover|p1a: sexy
|-heal|p1a: sexy|100/100 par
|
|upkeep
|turn|87
|
|t:|1665077673
|switch|p2a: CAPALA|Zapdos|82/100 brn
|switch|p1a: god table|Avalugg, F, shiny|88/100
|
|-damage|p2a: CAPALA|76/100 brn|[from] brn
|upkeep
|turn|88
|
|t:|1665077676
|switch|p1a: volt switch me|Slowking-Galar, M|100/100
|move|p2a: CAPALA|Volt Switch|p1a: volt switch me
|-damage|p1a: volt switch me|81/100
|
|t:|1665077679
|switch|p2a: HOT THOUGHTS|Victini|85/100|[from]move: Volt Switch
|
|upkeep
|turn|89
|
|t:|1665077682
|switch|p1a: another pink blob|Clefable, M|100/100
|move|p2a: HOT THOUGHTS|U-turn|p1a: another pink blob
|-resisted|p1a: another pink blob
|-crit|p1a: another pink blob
|-damage|p1a: another pink blob|87/100
|
|t:|1665077684
|switch|p2a: HORRIBLY RIGHT|Mamoswine, M|5/100|[from]move: U-turn
|
|-heal|p1a: another pink blob|93/100|[from] item: Leftovers
|upkeep
|turn|90
|
|t:|1665077689
|switch|p1a: god table|Avalugg, F, shiny|88/100
|move|p2a: HORRIBLY RIGHT|Icicle Crash|p1a: god table
|-resisted|p1a: god table
|-damage|p1a: god table|78/100
|
|upkeep
|turn|91
|c|☆ninjamage13|ok mamo do your best jirachi impression
|
|t:|1665077702
|move|p2a: HORRIBLY RIGHT|Icicle Crash|p1a: god table
|-resisted|p1a: god table
|-damage|p1a: god table|70/100
|move|p1a: god table|Icicle Spear|p2a: HORRIBLY RIGHT
|-damage|p2a: HORRIBLY RIGHT|0 fnt
|faint|p2a: HORRIBLY RIGHT
|-hitcount|p2: HORRIBLY RIGHT|1
|
|upkeep
|c|☆ninjamage13|rip
|c|☆knexhawk2|he is a shit jirqxhi
|
|t:|1665077713
|switch|p2a: HOT THOUGHTS|Victini|85/100
|turn|92
|c|☆knexhawk2|jirachi
|
|t:|1665077722
|move|p2a: HOT THOUGHTS|V-create|p1a: god table
|-supereffective|p1a: god table
|-damage|p1a: god table|12/100
|-unboost|p2a: HOT THOUGHTS|spe|1
|-unboost|p2a: HOT THOUGHTS|def|1
|-unboost|p2a: HOT THOUGHTS|spd|1
|move|p1a: god table|Recover|p1a: god table
|-heal|p1a: god table|62/100
|
|upkeep
|turn|93
|
|t:|1665077730
|move|p2a: HOT THOUGHTS|Bolt Strike|p1a: god table
|-damage|p1a: god table|45/100
|move|p1a: god table|Recover|p1a: god table
|-heal|p1a: god table|95/100
|
|upkeep
|turn|94
|c|☆knexhawk2|its so dumb how little this takes
|
|t:|1665077735
|move|p2a: HOT THOUGHTS|U-turn|p1a: god table
|-damage|p1a: god table|86/100
|
|t:|1665077738
|switch|p2a: CAPALA|Zapdos|76/100 brn|[from]move: U-turn
|move|p1a: god table|Recover|p1a: god table
|-heal|p1a: god table|100/100
|
|-damage|p2a: CAPALA|70/100 brn|[from] brn
|upkeep
|turn|95
|
|t:|1665077743
|switch|p1a: volt switch me|Slowking-Galar, M|100/100
|move|p2a: CAPALA|Volt Switch|p1a: volt switch me
|-damage|p1a: volt switch me|82/100
|
|t:|1665077754
|switch|p2a: HOT THOUGHTS|Victini|85/100|[from]move: Volt Switch
|
|upkeep
|turn|96
|
|t:|1665077757
|switch|p1a: sexy|Toxapex, M, shiny|100/100 par
|move|p2a: HOT THOUGHTS|U-turn|p1a: sexy
|-resisted|p1a: sexy
|-damage|p1a: sexy|94/100 par
|
|t:|1665077760
|switch|p2a: CAPALA|Zapdos|70/100 brn|[from]move: U-turn
|
|-damage|p2a: CAPALA|64/100 brn|[from] brn
|upkeep
|turn|97
|
|t:|1665077761
|switch|p1a: volt switch me|Slowking-Galar, M|100/100
|move|p2a: CAPALA|Volt Switch|p1a: volt switch me
|-damage|p1a: volt switch me|84/100
|-message|ninjamage13 forfeited.
|
|win|knexhawk2
|raw|knexhawk2's rating: 1871 &rarr; <strong>1889</strong><br />(+18 for winning)
|raw|ninjamage13's rating: 1832 &rarr; <strong>1814</strong><br />(-18 for losing)
|c|☆knexhawk2|gg
|c|☆ninjamage13|not enough pp :(
|c|☆ninjamage13|gg
|l|☆knexhawk2
|l| laughokenisis\
|c|☆ninjamage13|shoulda eqed on turn whatever it was
|l|☆ninjamage13
|l| JozeLRygBda
|l| Congwuyu
||Ladder isn't responding, score probably updated but might not have (Request timeout).
