|raw|<div class="broadcast-blue"><strong>This battle is required to be public due to a player having a name starting with 'lt92pf'.</div>
|j|☆Maitredouard2
|j|☆LT92PF rej
|t:|1660219980
|gametype|singles
|player|p1|Maitredouard2|lance|1708
|player|p2|LT92PF rej|pokefanf-gen4|1760
|teamsize|p1|6
|teamsize|p2|6
|gen|8
|tier|[Gen 8] OU
|rated|
|rule|Sleep Clause Mod: Limit one foe put to sleep
|rule|Species Clause: Limit one of each Pokémon
|rule|OHKO Clause: OHKO moves are banned
|rule|Evasion Items Clause: Evasion items are banned
|rule|Evasion Moves Clause: Evasion moves are banned
|rule|Endless Battle Clause: Forcing endless battles is banned
|rule|HP Percentage Mod: HP is shown in percentages
|rule|Dynamax Clause: You cannot dynamax
|clearpoke
|poke|p1|Mandibuzz, F|
|poke|p1|Landorus-Therian, M|
|poke|p1|Blissey, F|
|poke|p1|Heatran, M|
|poke|p1|Toxapex, M|
|poke|p1|Tapu Lele|
|poke|p2|Tornadus-Therian, M|
|poke|p2|Urshifu-*, M|
|poke|p2|Landorus-Therian, M|
|poke|p2|Tapu Fini|
|poke|p2|Melmetal|
|poke|p2|Slowking-Galar, M|
|teampreview
|inactive|Battle timer is ON: inactive players will automatically lose when time's up. (requested by LT92PF rej)
|
|t:|1660219988
|start
|switch|p1a: Landorus|Landorus-Therian, M|100/100
|switch|p2a: Tornadus|Tornadus-Therian, M, shiny|100/100
|-ability|p1a: Landorus|Intimidate|boost
|-unboost|p2a: Tornadus|atk|1
|turn|1
|
|t:|1660219996
|move|p1a: Landorus|Explosion|p2a: Tornadus
|-damage|p2a: Tornadus|0 fnt
|faint|p1a: Landorus
|faint|p2a: Tornadus
|
|upkeep
|
|t:|1660220009
|switch|p2a: Urshifu|Urshifu-Rapid-Strike, M|100/100
|switch|p1a: Tapu Lele|Tapu Lele|100/100
|-fieldstart|move: Psychic Terrain|[from] ability: Psychic Surge|[of] p1a: Tapu Lele
|turn|2
|
|t:|1660220015
|switch|p2a: Melmetal|Melmetal, shiny|100/100
|move|p1a: Tapu Lele|Focus Blast|p2a: Melmetal|[miss]
|-miss|p1a: Tapu Lele|p2a: Melmetal
|
|upkeep
|turn|3
|
|t:|1660220023
|switch|p1a: Toxapex|Toxapex, M|100/100
|move|p2a: Melmetal|Double Iron Bash|p1a: Toxapex
|-resisted|p1a: Toxapex
|-damage|p1a: Toxapex|86/100
|-damage|p2a: Melmetal|84/100|[from] item: Rocky Helmet|[of] p1a: Toxapex
|-resisted|p1a: Toxapex
|-damage|p1a: Toxapex|74/100
|-damage|p2a: Melmetal|67/100|[from] item: Rocky Helmet|[of] p1a: Toxapex
|-hitcount|p1a: Toxapex|2
|
|-heal|p2a: Melmetal|74/100|[from] item: Leftovers
|upkeep
|turn|4
|
|t:|1660220035
|switch|p2a: Landorus|Landorus-Therian, M, shiny|100/100
|-ability|p2a: Landorus|Intimidate|boost
|-unboost|p1a: Toxapex|atk|1
|move|p1a: Toxapex|Scald|p2a: Landorus
|-supereffective|p2a: Landorus
|-crit|p2a: Landorus
|-damage|p2a: Landorus|46/100
|-status|p2a: Landorus|brn
|
|-heal|p2a: Landorus|52/100 brn|[from] item: Leftovers
|-damage|p2a: Landorus|46/100 brn|[from] brn
|upkeep
|turn|5
|
|t:|1660220047
|move|p2a: Landorus|Stealth Rock|p1a: Toxapex
|-sidestart|p1: Maitredouard2|move: Stealth Rock
|move|p1a: Toxapex|Scald|p2a: Landorus
|-supereffective|p2a: Landorus
|-damage|p2a: Landorus|11/100 brn
|
|-heal|p2a: Landorus|17/100 brn|[from] item: Leftovers
|-damage|p2a: Landorus|11/100 brn|[from] brn
|upkeep
|turn|6
|
|t:|1660220057
|move|p2a: Landorus|Knock Off|p1a: Toxapex
|-damage|p1a: Toxapex|64/100
|-damage|p2a: Landorus|0 fnt|[from] item: Rocky Helmet|[of] p1a: Toxapex
|faint|p2a: Landorus
|move|p1a: Toxapex|Scald|p2: Landorus|[notarget]
|-fail|p1a: Toxapex
|
|-fieldend|move: Psychic Terrain
|upkeep
|
|t:|1660220061
|switch|p2a: Slowking|Slowking-Galar, M, shiny|100/100
|turn|7
|
|t:|1660220069
|move|p1a: Toxapex|Scald|p2a: Slowking
|-damage|p2a: Slowking|91/100
|move|p2a: Slowking|Sludge Bomb|p1a: Toxapex
|-resisted|p1a: Toxapex
|-damage|p1a: Toxapex|45/100
|
|upkeep
|turn|8
|
|t:|1660220076
|move|p1a: Toxapex|Recover|p1a: Toxapex
|-heal|p1a: Toxapex|95/100
|move|p2a: Slowking|Future Sight|p1a: Toxapex
|-start|p2a: Slowking|move: Future Sight
|
|upkeep
|turn|9
|
|t:|1660220083
|switch|p1a: Mandibuzz|Mandibuzz, F|100/100
|move|p2a: Slowking|Sludge Bomb|p1a: Mandibuzz
|-damage|p1a: Mandibuzz|68/100
|-status|p1a: Mandibuzz|psn
|
|-damage|p1a: Mandibuzz|56/100 psn|[from] psn
|upkeep
|turn|10
|j| playa13
|
|t:|1660220093
|switch|p2a: Tapu Fini|Tapu Fini, shiny|100/100
|-fieldstart|move: Misty Terrain|[from] ability: Misty Surge|[of] p2a: Tapu Fini
|move|p1a: Mandibuzz|Foul Play|p2a: Tapu Fini
|-resisted|p2a: Tapu Fini
|-damage|p2a: Tapu Fini|90/100
|
|-end|p1a: Mandibuzz|move: Future Sight
|-immune|p1a: Mandibuzz
|-damage|p1a: Mandibuzz|43/100 psn|[from] psn
|upkeep
|turn|11
|
|t:|1660220107
|move|p2a: Tapu Fini|Trick|p1a: Mandibuzz
|-activate|p2a: Tapu Fini|move: Trick|[of] p1a: Mandibuzz
|-item|p1a: Mandibuzz|Choice Scarf|[from] move: Trick
|-item|p2a: Tapu Fini|Heavy-Duty Boots|[from] move: Trick
|move|p1a: Mandibuzz|Roost|p1a: Mandibuzz
|-heal|p1a: Mandibuzz|93/100 psn
|-singleturn|p1a: Mandibuzz|move: Roost
|
|-damage|p1a: Mandibuzz|81/100 psn|[from] psn
|upkeep
|turn|12
|
|t:|1660220117
|switch|p1a: Blissey|Blissey, F|100/100
|switch|p2a: Slowking|Slowking-Galar, M, shiny|100/100
|
|upkeep
|turn|13
|
|t:|1660220124
|move|p1a: Blissey|Seismic Toss|p2a: Slowking
|-damage|p2a: Slowking|75/100
|move|p2a: Slowking|Future Sight|p1a: Blissey
|-start|p2a: Slowking|move: Future Sight
|
|upkeep
|turn|14
|
|t:|1660220130
|move|p2a: Slowking|Sludge Bomb|p1a: Blissey
|-damage|p1a: Blissey|83/100
|move|p1a: Blissey|Teleport|p1a: Blissey
|
|t:|1660220135
|switch|p1a: Tapu Lele|Tapu Lele|100/100|[from]move: Teleport
|-damage|p1a: Tapu Lele|88/100|[from] Stealth Rock
|-fieldstart|move: Psychic Terrain|[from] ability: Psychic Surge|[of] p1a: Tapu Lele
|
|upkeep
|turn|15
|
|t:|1660220143
|switch|p2a: Melmetal|Melmetal, shiny|74/100
|move|p1a: Tapu Lele|Psyshock|p2a: Melmetal
|-resisted|p2a: Melmetal
|-damage|p2a: Melmetal|51/100
|
|-end|p1a: Tapu Lele|move: Future Sight
|-resisted|p1a: Tapu Lele
|-damage|p1a: Tapu Lele|49/100
|-heal|p2a: Melmetal|57/100|[from] item: Leftovers
|upkeep
|turn|16
|
|t:|1660220154
|switch|p1a: Toxapex|Toxapex, M|100/100
|-damage|p1a: Toxapex|88/100|[from] Stealth Rock
|switch|p2a: Slowking|Slowking-Galar, M, shiny|100/100
|
|upkeep
|turn|17
|
|t:|1660220162
|move|p1a: Toxapex|Scald|p2a: Slowking
|-damage|p2a: Slowking|92/100
|-status|p2a: Slowking|brn
|move|p2a: Slowking|Future Sight|p1a: Toxapex
|-start|p2a: Slowking|move: Future Sight
|
|-damage|p2a: Slowking|86/100 brn|[from] brn
|upkeep
|turn|18
|
|t:|1660220170
|switch|p1a: Heatran|Heatran, M|100/100
|-damage|p1a: Heatran|88/100|[from] Stealth Rock
|-item|p1a: Heatran|Air Balloon
|switch|p2a: Urshifu|Urshifu-Rapid-Strike, M|100/100
|
|-fieldend|move: Psychic Terrain
|upkeep
|turn|19
|
|t:|1660220180
|switch|p1a: Tapu Lele|Tapu Lele|49/100
|-damage|p1a: Tapu Lele|36/100|[from] Stealth Rock
|-fieldstart|move: Psychic Terrain|[from] ability: Psychic Surge|[of] p1a: Tapu Lele
|move|p2a: Urshifu|Surging Strikes|p1a: Tapu Lele
|-crit|p1a: Tapu Lele
|-damage|p1a: Tapu Lele|3/100
|-crit|p1a: Tapu Lele
|-damage|p1a: Tapu Lele|0 fnt
|faint|p1a: Tapu Lele
|-hitcount|p1: Tapu Lele|2
|
|-hint|Future Sight did not hit because the target is fainted.
|upkeep
|-message|Maitredouard2 forfeited.
|
|win|LT92PF rej
|raw|Maitredouard2's rating: 1708 &rarr; <strong>1691</strong><br />(-17 for losing)
|raw|LT92PF rej's rating: 1760 &rarr; <strong>1777</strong><br />(+17 for winning)
|l|☆Maitredouard2
|l|☆LT92PF rej
