|j|☆8balljacketguy
|j|☆Pengoid
|t:|1623905315
|gametype|singles
|player|p1|8balljacketguy|red|1118
|player|p2|Pengoid|waiter-gen4|1169
|teamsize|p1|6
|teamsize|p2|6
|gen|8
|tier|[Gen 8] OU
|rated|
|rule|Sleep Clause Mod: Limit one foe put to sleep
|rule|Species Clause: Limit one of each Pokémon
|rule|OHKO Clause: OHKO moves are banned
|rule|Evasion Moves Clause: Evasion moves are banned
|rule|Endless Battle Clause: Forcing endless battles is banned
|rule|HP Percentage Mod: HP is shown in percentages
|rule|Dynamax Clause: You cannot dynamax
|clearpoke
|poke|p1|Kyurem|
|poke|p1|Heatran, M|
|poke|p1|Landorus-Therian, M|
|poke|p1|Tapu Koko|
|poke|p1|Scizor, M|
|poke|p1|Mandibuzz, F|
|poke|p2|Kyurem|
|poke|p2|Mandibuzz, F|
|poke|p2|Dragapult, F|
|poke|p2|Landorus-Therian, M|
|poke|p2|Scizor, M|
|poke|p2|Tapu Koko|
|teampreview
|inactive|Battle timer is ON: inactive players will automatically lose when time's up. (requested by 8balljacketguy)
|c|☆Pengoid|lmao do we have the same team?
|
|t:|1623905338
|start
|switch|p1a: Kyurem|Kyurem|100/100
|switch|p2a: borb?|Tapu Koko|100/100
|-fieldstart|move: Electric Terrain|[from] ability: Electric Surge|[of] p2a: borb?
|-ability|p1a: Kyurem|Pressure
|turn|1
|
|t:|1623905344
|move|p2a: borb?|Dazzling Gleam|p1a: Kyurem
|-supereffective|p1a: Kyurem
|-damage|p1a: Kyurem|36/100
|move|p1a: Kyurem|Earth Power|p2a: borb?
|-supereffective|p2a: borb?
|-damage|p2a: borb?|0 fnt
|faint|p2a: borb?
|
|upkeep
|
|t:|1623905352
|switch|p2a: Dubious parent|Dragapult, F|100/100
|turn|2
|c|☆8balljacketguy|"Confused spiderman meme"
|
|t:|1623905367
|switch|p1a: Mandibuzz|Mandibuzz, F|100/100
|move|p2a: Dubious parent|Draco Meteor|p1a: Mandibuzz
|-damage|p1a: Mandibuzz|43/100
|-unboost|p2a: Dubious parent|spa|2
|
|upkeep
|turn|3
|
|t:|1623905373
|switch|p2a: Stray puppy!|Kyurem|100/100
|-ability|p2a: Stray puppy!|Pressure
|move|p1a: Mandibuzz|Roost|p1a: Mandibuzz
|-heal|p1a: Mandibuzz|93/100
|-singleturn|p1a: Mandibuzz|move: Roost
|
|upkeep
|turn|4
|
|t:|1623905378
|switch|p1a: Heatran|Heatran, M|100/100
|move|p2a: Stray puppy!|Focus Blast|p1a: Heatran
|-supereffective|p1a: Heatran
|-damage|p1a: Heatran|0 fnt
|faint|p1a: Heatran
|
|upkeep
|
|t:|1623905380
|switch|p1a: Tapu Koko|Tapu Koko|100/100
|turn|5
|
|t:|1623905385
|switch|p2a: Reverse furry|Landorus-Therian, M|100/100
|-ability|p2a: Reverse furry|Intimidate|boost
|-unboost|p1a: Tapu Koko|atk|1
|move|p1a: Tapu Koko|U-turn|p2a: Reverse furry
|-resisted|p2a: Reverse furry
|-damage|p2a: Reverse furry|95/100
|
|t:|1623905388
|switch|p1a: Kyurem|Kyurem|36/100|[from]move: U-turn
|-ability|p1a: Kyurem|Pressure
|
|-heal|p2a: Reverse furry|100/100|[from] item: Leftovers
|-fieldend|move: Electric Terrain
|upkeep
|turn|6
|
|t:|1623905392
|switch|p2a: Body Horror|Scizor, M|100/100
|move|p1a: Kyurem|Ice Beam|p2a: Body Horror
|-resisted|p2a: Body Horror
|-damage|p2a: Body Horror|65/100
|
|-heal|p2a: Body Horror|71/100|[from] item: Leftovers
|upkeep
|turn|7
|
|t:|1623905395
|switch|p1a: Scizor|Scizor, M|100/100
|move|p2a: Body Horror|Knock Off|p1a: Scizor
|-damage|p1a: Scizor|74/100
|-enditem|p1a: Scizor|Heavy-Duty Boots|[from] move: Knock Off|[of] p2a: Body Horror
|
|-heal|p2a: Body Horror|77/100|[from] item: Leftovers
|upkeep
|turn|8
|
|t:|1623905399
|move|p1a: Scizor|Swords Dance|p1a: Scizor
|-boost|p1a: Scizor|atk|2
|move|p2a: Body Horror|U-turn|p1a: Scizor
|-resisted|p1a: Scizor
|-damage|p1a: Scizor|59/100
|
|t:|1623905404
|switch|p2a: Borb!|Mandibuzz, F|100/100|[from]move: U-turn
|
|upkeep
|turn|9
|
|t:|1623905411
|move|p2a: Borb!|Foul Play|p1a: Scizor
|-damage|p1a: Scizor|0 fnt
|faint|p1a: Scizor
|
|upkeep
|
|t:|1623905417
|switch|p1a: Kyurem|Kyurem|36/100
|-ability|p1a: Kyurem|Pressure
|turn|10
|
|t:|1623905420
|switch|p2a: Body Horror|Scizor, M|77/100
|move|p1a: Kyurem|Ice Beam|p2a: Body Horror
|-resisted|p2a: Body Horror
|-damage|p2a: Body Horror|44/100
|
|-heal|p2a: Body Horror|50/100|[from] item: Leftovers
|upkeep
|turn|11
|
|t:|1623905426
|switch|p1a: Mandibuzz|Mandibuzz, F|93/100
|move|p2a: Body Horror|Roost|p2a: Body Horror
|-heal|p2a: Body Horror|99/100
|-singleturn|p2a: Body Horror|move: Roost
|
|-heal|p2a: Body Horror|100/100|[from] item: Leftovers
|upkeep
|turn|12
|
|t:|1623905429
|move|p1a: Mandibuzz|Foul Play|p2a: Body Horror
|-damage|p2a: Body Horror|65/100
|move|p2a: Body Horror|U-turn|p1a: Mandibuzz
|-damage|p1a: Mandibuzz|72/100
|
|t:|1623905434
|switch|p2a: Stray puppy!|Kyurem|100/100|[from]move: U-turn
|-ability|p2a: Stray puppy!|Pressure
|
|upkeep
|turn|13
|
|t:|1623905437
|switch|p1a: Tapu Koko|Tapu Koko|100/100
|-fieldstart|move: Electric Terrain|[from] ability: Electric Surge|[of] p1a: Tapu Koko
|move|p2a: Stray puppy!|Ice Beam|p1a: Tapu Koko
|-damage|p1a: Tapu Koko|0 fnt
|faint|p1a: Tapu Koko
|
|upkeep
|
|t:|1623905439
|switch|p1a: Kyurem|Kyurem|36/100
|-ability|p1a: Kyurem|Pressure
|turn|14
|
|t:|1623905446
|switch|p2a: Borb!|Mandibuzz, F|100/100
|move|p1a: Kyurem|Earth Power|p2a: Borb!
|-immune|p2a: Borb!
|
|upkeep
|turn|15
|-message|8balljacketguy forfeited.
|
|win|Pengoid
|raw|8balljacketguy's rating: 1118 &rarr; <strong>1097</strong><br />(-21 for losing)
|raw|Pengoid's rating: 1169 &rarr; <strong>1190</strong><br />(+21 for winning)
|l|☆8balljacketguy
