|j|☆SuperTheoryBros
|j|☆MegaTotomon
|t:|1648604890
|gametype|singles
|player|p1|SuperTheoryBros|102|1510
|player|p2|MegaTotomon|fantina|1530
|teamsize|p1|6
|teamsize|p2|6
|gen|8
|tier|[Gen 8] OU
|rated|
|rule|Sleep Clause Mod: Limit one foe put to sleep
|rule|Species Clause: Limit one of each Pokémon
|rule|OHKO Clause: OHKO moves are banned
|rule|Evasion Moves Clause: Evasion moves are banned
|rule|Endless Battle Clause: Forcing endless battles is banned
|rule|HP Percentage Mod: HP is shown in percentages
|rule|Dynamax Clause: You cannot dynamax
|clearpoke
|poke|p1|Pelipper, M|
|poke|p1|Nidoking, M|
|poke|p1|Dragapult, F|
|poke|p1|Volcanion|
|poke|p1|Blissey, F|
|poke|p1|Ferrothorn, F|
|poke|p2|Mew|
|poke|p2|Rillaboom, F|
|poke|p2|Bisharp, F|
|poke|p2|Dragonite, F|
|poke|p2|Hawlucha, F|
|poke|p2|Gengar, F|
|teampreview
|
|t:|1648604905
|start
|switch|p1a: Dragapult|Dragapult, F|100/100
|switch|p2a: Mew|Mew|100/100
|turn|1
|j| DA COME UP ♛
|j| BabyPigsAreLaughin
|l| DA COME UP ♛
|
|t:|1648604941
|move|p1a: Dragapult|Shadow Ball|p2a: Mew
|-supereffective|p2a: Mew
|-damage|p2a: Mew|5/100
|move|p2a: Mew|Stealth Rock|p1a: Dragapult
|-sidestart|p1: SuperTheoryBros|move: Stealth Rock
|
|upkeep
|turn|2
|
|t:|1648604947
|move|p1a: Dragapult|Shadow Ball|p2a: Mew
|-supereffective|p2a: Mew
|-damage|p2a: Mew|0 fnt
|faint|p2a: Mew
|
|upkeep
|
|t:|1648604955
|switch|p2a: Bisharp|Bisharp, F|100/100
|turn|3
|
|t:|1648604959
|switch|p1a: Ferrothorn|Ferrothorn, F|100/100
|-damage|p1a: Ferrothorn|94/100|[from] Stealth Rock
|move|p2a: Bisharp|Swords Dance|p2a: Bisharp
|-boost|p2a: Bisharp|atk|2
|
|-heal|p1a: Ferrothorn|100/100|[from] item: Leftovers
|upkeep
|turn|4
|
|t:|1648604970
|move|p2a: Bisharp|Swords Dance|p2a: Bisharp
|-boost|p2a: Bisharp|atk|2
|move|p1a: Ferrothorn|Body Press|p2a: Bisharp
|-supereffective|p2a: Bisharp
|-enditem|p2a: Bisharp|Chople Berry|[eat]
|-enditem|p2a: Bisharp|Chople Berry|[weaken]
|-damage|p2a: Bisharp|18/100
|
|upkeep
|turn|5
|
|t:|1648604984
|move|p2a: Bisharp|Knock Off|p1a: Ferrothorn
|-damage|p1a: Ferrothorn|10/100
|-damage|p2a: Bisharp|6/100|[from] ability: Iron Barbs|[of] p1a: Ferrothorn
|-enditem|p1a: Ferrothorn|Leftovers|[from] move: Knock Off|[of] p2a: Bisharp
|move|p1a: Ferrothorn|Body Press|p2a: Bisharp
|-supereffective|p2a: Bisharp
|-damage|p2a: Bisharp|0 fnt
|faint|p2a: Bisharp
|
|upkeep
|
|t:|1648604991
|switch|p2a: Dragonite|Dragonite, F|100/100
|turn|6
|j| YB IS BETTER
|
|t:|1648605028
|switch|p1a: Blissey|Blissey, F|100/100
|move|p2a: Dragonite|Dragon Dance|p2a: Dragonite
|-boost|p2a: Dragonite|atk|1
|-boost|p2a: Dragonite|spe|1
|
|upkeep
|turn|7
|
|t:|1648605037
|move|p2a: Dragonite|Dragon Dance|p2a: Dragonite
|-boost|p2a: Dragonite|atk|1
|-boost|p2a: Dragonite|spe|1
|move|p1a: Blissey|Toxic|p2a: Dragonite
|-status|p2a: Dragonite|tox
|
|-damage|p2a: Dragonite|94/100 tox|[from] psn
|upkeep
|turn|8
|
|t:|1648605058
|switch|p1a: Pelipper|Pelipper, M|100/100
|-damage|p1a: Pelipper|76/100|[from] Stealth Rock
|-weather|RainDance|[from] ability: Drizzle|[of] p1a: Pelipper
|move|p2a: Dragonite|Dragon Dance|p2a: Dragonite
|-boost|p2a: Dragonite|atk|1
|-boost|p2a: Dragonite|spe|1
|
|-weather|RainDance|[upkeep]
|-damage|p2a: Dragonite|82/100 tox|[from] psn
|upkeep
|turn|9
|
|t:|1648605064
|move|p2a: Dragonite|Dual Wingbeat|p1a: Pelipper
|-damage|p1a: Pelipper|18/100
|-damage|p1a: Pelipper|0 fnt
|faint|p1a: Pelipper
|-hitcount|p1: Pelipper|2
|
|-weather|RainDance|[upkeep]
|-damage|p2a: Dragonite|63/100 tox|[from] psn
|upkeep
|
|t:|1648605070
|switch|p1a: Ferrothorn|Ferrothorn, F|10/100
|-damage|p1a: Ferrothorn|4/100|[from] Stealth Rock
|turn|10
|
|t:|1648605078
|move|p2a: Dragonite|Earthquake|p1a: Ferrothorn
|-damage|p1a: Ferrothorn|0 fnt
|faint|p1a: Ferrothorn
|
|-weather|RainDance|[upkeep]
|-damage|p2a: Dragonite|39/100 tox|[from] psn
|upkeep
|c| BabyPigsAreLaughin|Is this about to be a reverse sweep?
|
|t:|1648605089
|switch|p1a: Dragapult|Dragapult, F|100/100
|-damage|p1a: Dragapult|88/100|[from] Stealth Rock
|turn|11
|
|t:|1648605106
|switch|p1a: Volcanion|Volcanion|100/100
|move|p2a: Dragonite|Earthquake|p1a: Volcanion
|-supereffective|p1a: Volcanion
|-damage|p1a: Volcanion|0 fnt
|faint|p1a: Volcanion
|
|-weather|RainDance|[upkeep]
|-damage|p2a: Dragonite|8/100 tox|[from] psn
|upkeep
|c|☆MegaTotomon|it isnt a reverse sweep if u werent sweepeing me in the st place idk what u mean
|c|☆MegaTotomon|unless u mean u sweep me
|
|t:|1648605135
|switch|p1a: Blissey|Blissey, F|100/100
|turn|12
|c| BabyPigsAreLaughin|Yeah, I meant you sweeping your opponent.
|
|t:|1648605148
|switch|p1a: Nidoking|Nidoking, M|100/100
|-damage|p1a: Nidoking|95/100|[from] Stealth Rock
|move|p2a: Dragonite|Dual Wingbeat|p1a: Nidoking
|-damage|p1a: Nidoking|14/100
|-damage|p1a: Nidoking|0 fnt
|faint|p1a: Nidoking
|-hitcount|p1: Nidoking|2
|
|-weather|none
|-damage|p2a: Dragonite|0 fnt|[from] psn
|faint|p2a: Dragonite
|upkeep
|
|t:|1648605159
|switch|p2a: Gengar|Gengar, F|100/100
|switch|p1a: Dragapult|Dragapult, F|88/100
|-damage|p1a: Dragapult|76/100|[from] Stealth Rock
|turn|13
|
|t:|1648605167
|move|p1a: Dragapult|Shadow Ball|p2a: Gengar
|-supereffective|p2a: Gengar
|-enditem|p2a: Gengar|Focus Sash
|-damage|p2a: Gengar|1/100
|move|p2a: Gengar|Shadow Ball|p1a: Dragapult
|-supereffective|p1a: Dragapult
|-damage|p1a: Dragapult|0 fnt
|faint|p1a: Dragapult
|
|upkeep
|-message|SuperTheoryBros forfeited.
|
|win|MegaTotomon
|raw|SuperTheoryBros's rating: 1510 &rarr; <strong>1491</strong><br />(-19 for losing)
|raw|MegaTotomon's rating: 1530 &rarr; <strong>1549</strong><br />(+19 for winning)
|l|☆SuperTheoryBros
|c|☆MegaTotomon|gg
|l|☆MegaTotomon
|c| BabyPigsAreLaughin|Nice reverse sweep.
|l| BabyPigsAreLaughin
