|j|☆Sp0onl0rd
|j|☆Jugloo
|inactive|Battle timer is ON: inactive players will automatically lose when time's up.
|t:|1653420012
|gametype|singles
|player|p1|Sp0onl0rd|teamrocket|
|player|p2|Jugloo|iris-gen5bw2|
|teamsize|p1|6
|teamsize|p2|6
|gen|8
|tier|[Gen 8] OU
|rated|Tournament battle
|rule|Sleep Clause Mod: Limit one foe put to sleep
|rule|OHKO Clause: OHKO moves are banned
|rule|Evasion Moves Clause: Evasion moves are banned
|rule|Endless Battle Clause: Forcing endless battles is banned
|rule|HP Percentage Mod: HP is shown in percentages
|rule|Dynamax Clause: You cannot dynamax
|clearpoke
|poke|p1|Toxapex, F|
|poke|p1|Toxapex, F|
|poke|p1|Toxapex, M|
|poke|p1|Toxapex, M|
|poke|p1|Toxapex, F|
|poke|p1|Toxapex, M|
|poke|p2|Toxapex, M|
|poke|p2|Toxapex, M|
|poke|p2|Toxapex, M|
|poke|p2|Toxapex, M|
|poke|p2|Toxapex, F|
|poke|p2|Toxapex, F|
|teampreview
|inactive|Sp0onl0rd also wants the timer to be on.
|j| justletmeplaythx
|j| yaboiAshK.
|j|%htcl (>◡<)
|j| nxvnt
|j| EkkhoTV
|j| galaxyxxivory
|j| Mango Carlsen
|j| vnmmv
|c|☆Jugloo|gl
|c|☆Sp0onl0rd|u2
|c|%htcl (>◡<)|i how spoon loses
|j|+lalaya ☾
|j| deesnut
|c|%htcl (>◡<)|tbh
|j| Chin Cheng Hanji
|j| Stads
|
|t:|1653420029
|start
|switch|p1a: Finchinator|Toxapex, F, shiny|100/100
|switch|p2a: Toxapex|Toxapex, M|100/100
|turn|1
|c|%htcl (>◡<)|Jugloo the goat
|c|%htcl (>◡<)|im rooting for Jugloo
|j| G3n0YT
|
|t:|1653420034
|move|p2a: Toxapex|Metronome|p2a: Toxapex
|move|p2a: Toxapex|Forest's Curse|p1a: Finchinator|[from]move: Metronome
|-start|p1a: Finchinator|typeadd|Grass|[from] move: Forest's Curse
|move|p1a: Finchinator|Metronome|p1a: Finchinator
|move|p1a: Finchinator|Thrash|p2a: Toxapex|[from]move: Metronome
|-damage|p2a: Toxapex|86/100
|
|upkeep
|turn|2
|c|☆Sp0onl0rd|I mean I have the shiny ones
|j| knexhawk2
|c|☆Jugloo|its shiny
|c| Chin Cheng Hanji|forest c u r s e
|c|%htcl (>◡<)|imprison spoon rn
|
|t:|1653420042
|move|p2a: Toxapex|Metronome|p2a: Toxapex
|move|p2a: Toxapex|Court Change||[from]move: Metronome|[still]
|-swapsideconditions
|-fail|p2a: Toxapex
|move|p1a: Finchinator|Thrash|p2a: Toxapex|[from]lockedmove
|-damage|p2a: Toxapex|72/100
|-start|p1a: Finchinator|confusion|[fatigue]
|
|upkeep
|turn|3
|c|+lalaya ☾|!weak poison water grass
|c|+lalaya ☾|/raw <div class="infobox">poison water grass isn't a recognized type or Pokemon.</div>
|c| knexhawk2|LOl what is this tour
|c|+lalaya ☾|rip
|c|%htcl (>◡<)|!weak poison/water/grass
|c| htcl (>◡<)|/raw <div class="infobox">Poison/Water/Grass:<br /><span class="message-effect-weak">Weaknesses</span>: Flying, Psychic<br /><span class="message-effect-resist">Resistances</span>: Fairy, Fighting, Grass, Steel, <b>Water</b><br /><span class="message-effect-immune">Immunities</span>: Powder moves, Toxic</div>
|inactive|Sp0onl0rd has 120 seconds left.
|j| RedDiamond1024
|j| bobertsmalls1
|c|%htcl (>◡<)|good typing wtf
|c| knexhawk2|i wish i was in this tour
|l| RedDiamond1024
|c|%htcl (>◡<)|thats actually clean
|c| knexhawk2|fr that typing is insane
|j| psychoshawk
|j| SmackPackt
|
|t:|1653420090
|move|p2a: Toxapex|Metronome|p2a: Toxapex
|move|p2a: Toxapex|Pay Day|p1a: Finchinator|[from]move: Metronome
|-damage|p1a: Finchinator|96/100
|-fieldactivate|move: Pay Day
|-activate|p1a: Finchinator|confusion
|-damage|p1a: Finchinator|92/100|[from] confusion
|
|upkeep
|turn|4
|c|☆Jugloo|im rich
|
|t:|1653420099
|move|p2a: Toxapex|Metronome|p2a: Toxapex
|move|p2a: Toxapex|Fury Attack|p1a: Finchinator|[from]move: Metronome
|-damage|p1a: Finchinator|90/100
|-damage|p1a: Finchinator|89/100
|-damage|p1a: Finchinator|87/100
|-damage|p1a: Finchinator|85/100
|-crit|p1a: Finchinator
|-damage|p1a: Finchinator|83/100
|-hitcount|p1a: Finchinator|5
|-activate|p1a: Finchinator|confusion
|move|p1a: Finchinator|Metronome|p1a: Finchinator
|move|p1a: Finchinator|Worry Seed|p2a: Toxapex|[from]move: Metronome
|-endability|p2a: Toxapex|Arena Trap|[from] move: Worry Seed
|-ability|p2a: Toxapex|Insomnia|[from] move: Worry Seed
|
|upkeep
|turn|5
|c| yaboiAshK.|when that 3 type gimmick gets revealed in SV yall can use poison/water/grass mhm
|c|%htcl (>◡<)|u can switch
|c|%htcl (>◡<)|:OOO
|c| Chin Cheng Hanji|switching loses grass tho
|c| Chin Cheng Hanji|:c
|c|%htcl (>◡<)|o true
|inactive|Sp0onl0rd has 90 seconds left.
|c|%htcl (>◡<)|real decisions being made
|c| knexhawk2|switching not worth
|c|%htcl (>◡<)|in pex cup
|c|%htcl (>◡<)|wtf
|j| Heracrossfit
|
|t:|1653420141
|move|p2a: Toxapex|Metronome|p2a: Toxapex
|move|p2a: Toxapex|Superpower|p1a: Finchinator|[from]move: Metronome
|-resisted|p1a: Finchinator
|-damage|p1a: Finchinator|77/100
|-unboost|p2a: Toxapex|atk|1
|-unboost|p2a: Toxapex|def|1
|-activate|p1a: Finchinator|confusion
|-damage|p1a: Finchinator|74/100|[from] confusion
|
|upkeep
|turn|6
|
|t:|1653420147
|move|p2a: Toxapex|Metronome|p2a: Toxapex
|move|p2a: Toxapex|Prismatic Laser|p1a: Finchinator|[from]move: Metronome
|-supereffective|p1a: Finchinator
|-damage|p1a: Finchinator|39/100
|-mustrecharge|p2a: Toxapex
|-end|p1a: Finchinator|confusion
|move|p1a: Finchinator|Metronome|p1a: Finchinator
|move|p1a: Finchinator|Crabhammer|p2a: Toxapex|[from]move: Metronome
|-resisted|p2a: Toxapex
|-damage|p2a: Toxapex|57/100
|
|upkeep
|turn|7
|c| knexhawk2|ez resit?
|
|t:|1653420153
|cant|p2a: Toxapex|recharge
|move|p1a: Finchinator|Metronome|p1a: Finchinator
|move|p1a: Finchinator|Fishious Rend|p2a: Toxapex|[from]move: Metronome
|-resisted|p2a: Toxapex
|-damage|p2a: Toxapex|44/100
|
|upkeep
|turn|8
|c| Heracrossfit|wtf is this
|c| knexhawk2|pex ate it
|c| G3n0YT|holy shit
|
|t:|1653420157
|move|p2a: Toxapex|Metronome|p2a: Toxapex
|move|p2a: Toxapex|Nasty Plot|p2a: Toxapex|[from]move: Metronome
|-boost|p2a: Toxapex|spa|2
|move|p1a: Finchinator|Metronome|p1a: Finchinator
|move|p1a: Finchinator|Steel Wing|p2a: Toxapex|[from]move: Metronome
|-resisted|p2a: Toxapex
|-damage|p2a: Toxapex|38/100
|
|upkeep
|turn|9
|
|t:|1653420161
|move|p2a: Toxapex|Metronome|p2a: Toxapex
|move|p2a: Toxapex|Thunder Wave|p1a: Finchinator|[from]move: Metronome
|-status|p1a: Finchinator|par
|cant|p1a: Finchinator|par
|
|upkeep
|turn|10
|c| knexhawk2|prismatic beam did zero
|c|%htcl (>◡<)|+2
|
|t:|1653420165
|move|p2a: Toxapex|Metronome|p2a: Toxapex
|move|p2a: Toxapex|Mist Ball|p1a: Finchinator|[from]move: Metronome
|-supereffective|p1a: Finchinator
|-damage|p1a: Finchinator|8/100 par
|-unboost|p1a: Finchinator|spa|1
|move|p1a: Finchinator|Metronome|p1a: Finchinator
|move|p1a: Finchinator|Sand Attack|p2a: Toxapex|[from]move: Metronome
|-unboost|p2a: Toxapex|accuracy|1
|
|upkeep
|turn|11
|c| psychoshawk|damn that did a whopping 6% id switch if i was him
|c|☆Sp0onl0rd|wow this is serious hax in finals
|
|t:|1653420174
|move|p2a: Toxapex|Metronome|p2a: Toxapex
|move|p2a: Toxapex|Infestation|p1a: Finchinator|[from]move: Metronome
|-damage|p1a: Finchinator|3/100 par
|-activate|p1a: Finchinator|move: Infestation|[of] p2a: Toxapex
|move|p1a: Finchinator|Metronome|p1a: Finchinator
|move|p1a: Finchinator|Extreme Speed|p2a: Toxapex|[from]move: Metronome
|-damage|p2a: Toxapex|24/100
|
|-damage|p1a: Finchinator|0 fnt|[from] move: Infestation|[partiallytrapped]
|faint|p1a: Finchinator
|upkeep
|
|t:|1653420177
|switch|p1a: The OU room|Toxapex, F, shiny|100/100
|turn|12
|c| Chin Cheng Hanji|jugloo always spamming statuses
|c|☆Sp0onl0rd|how disrespectful smh
|c| knexhawk2|oh man he getting all the psychic moves
|
|t:|1653420183
|move|p2a: Toxapex|Metronome|p2a: Toxapex
|move|p2a: Toxapex|Fusion Flare|p1a: The OU room|[from]move: Metronome
|-resisted|p1a: The OU room
|-damage|p1a: The OU room|91/100
|move|p1a: The OU room|Metronome|p1a: The OU room
|move|p1a: The OU room|Lava Plume|p2a: Toxapex|[from]move: Metronome
|-resisted|p2a: Toxapex
|-damage|p2a: Toxapex|20/100
|
|upkeep
|turn|13
|c|%htcl (>◡<)|Sp0onl0rd i mean theres a reason why
|
|t:|1653420186
|move|p2a: Toxapex|Metronome|p2a: Toxapex
|move|p2a: Toxapex|Spit Up||[from]move: Metronome|[still]
|-fail|p2a: Toxapex
|move|p1a: The OU room|Metronome|p1a: The OU room
|move|p1a: The OU room|Pay Day|p2a: Toxapex|[from]move: Metronome
|-damage|p2a: Toxapex|11/100
|-fieldactivate|move: Pay Day
|
|upkeep
|turn|14
|c|%htcl (>◡<)|hes in the finals
|c| Chin Cheng Hanji|status spam
|
|t:|1653420190
|move|p2a: Toxapex|Metronome|p2a: Toxapex
|move|p2a: Toxapex|Sand Attack|p1a: The OU room|[from]move: Metronome
|-unboost|p1a: The OU room|accuracy|1
|move|p1a: The OU room|Metronome|p1a: The OU room
|move|p1a: The OU room|Role Play|p2a: Toxapex|[from]move: Metronome
|-endability|p1a: The OU room|Arena Trap|[from] move: Role Play
|-ability|p1a: The OU room|Insomnia|[from] move: Role Play|[of] p2a: Toxapex
|
|upkeep
|turn|15
|
|t:|1653420194
|move|p2a: Toxapex|Metronome|p2a: Toxapex
|move|p2a: Toxapex|Dynamic Punch|p1a: The OU room|[from]move: Metronome|[miss]
|-miss|p2a: Toxapex|p1a: The OU room
|move|p1a: The OU room|Metronome|p1a: The OU room
|move|p1a: The OU room|Feather Dance|p2a: Toxapex|[from]move: Metronome
|-unboost|p2a: Toxapex|atk|2
|
|upkeep
|turn|16
|c|%htcl (>◡<)|in the first place
|c| knexhawk2|no burn
|
|t:|1653420201
|move|p2a: Toxapex|Metronome|p2a: Toxapex
|move|p2a: Toxapex|Razor Leaf|p1a: The OU room|[from]move: Metronome
|-damage|p1a: The OU room|88/100
|move|p1a: The OU room|Metronome|p1a: The OU room
|move|p1a: The OU room|Scorching Sands|p2a: Toxapex|[from]move: Metronome
|-supereffective|p2a: Toxapex
|-damage|p2a: Toxapex|0 fnt
|faint|p2a: Toxapex
|
|upkeep
|c| knexhawk2|hax
|
|t:|1653420207
|switch|p2a: Toxapex|Toxapex, M|100/100
|turn|17
|
|t:|1653420208
|move|p2a: Toxapex|Metronome|p2a: Toxapex
|move|p2a: Toxapex|Coil|p2a: Toxapex|[from]move: Metronome
|-boost|p2a: Toxapex|atk|1
|-boost|p2a: Toxapex|def|1
|-boost|p2a: Toxapex|accuracy|1
|move|p1a: The OU room|Metronome|p1a: The OU room
|move|p1a: The OU room|Rock Slide|p2a: Toxapex|[from]move: Metronome
|-damage|p2a: Toxapex|94/100
|
|upkeep
|turn|18
|j| Oreotrague★✿
|
|t:|1653420211
|move|p2a: Toxapex|Metronome|p2a: Toxapex
|move|p2a: Toxapex|Spore|p1a: The OU room|[from]move: Metronome
|-immune|p1a: The OU room|[from] ability: Insomnia
|move|p1a: The OU room|Metronome|p1a: The OU room
|move|p1a: The OU room|Charge|p1a: The OU room|[from]move: Metronome
|-boost|p1a: The OU room|spd|1
|-activate|p1a: The OU room|move: Charge
|
|upkeep
|turn|19
|l| Oreotrague★✿
|c|%htcl (>◡<)|LMFAO
|c|☆Jugloo|NO
|c|☆Sp0onl0rd|INSOMNIA LAMO
|c|☆Jugloo|THE HARD COUNTER
|c|%htcl (>◡<)|INSOMNIA
|c|%htcl (>◡<)|LOOOOL
|
|t:|1653420220
|move|p2a: Toxapex|Metronome|p2a: Toxapex
|move|p2a: Toxapex|Bone Rush|p1a: The OU room|[from]move: Metronome
|-supereffective|p1a: The OU room
|-damage|p1a: The OU room|80/100
|-supereffective|p1a: The OU room
|-damage|p1a: The OU room|73/100
|-supereffective|p1a: The OU room
|-damage|p1a: The OU room|65/100
|-hitcount|p1a: The OU room|3
|move|p1a: The OU room|Metronome|p1a: The OU room
|move|p1a: The OU room|Play Rough|p2a: Toxapex|[from]move: Metronome
|-resisted|p2a: Toxapex
|-damage|p2a: Toxapex|91/100
|
|upkeep
|turn|20
|c| knexhawk2|harc counter
|
|t:|1653420225
|move|p2a: Toxapex|Metronome|p2a: Toxapex
|move|p2a: Toxapex|Leafage|p1a: The OU room|[from]move: Metronome
|-damage|p1a: The OU room|59/100
|move|p1a: The OU room|Metronome|p1a: The OU room
|move|p1a: The OU room|Rock Blast|p2a: Toxapex|[from]move: Metronome
|-damage|p2a: Toxapex|88/100
|-damage|p2a: Toxapex|86/100
|-damage|p2a: Toxapex|84/100
|-crit|p2a: Toxapex
|-damage|p2a: Toxapex|78/100
|-hitcount|p2a: Toxapex|4
|
|upkeep
|turn|21
|c| G3n0YT|WHOA
|c|+lalaya ☾|LMAOOOOOOOO
|c|☆Sp0onl0rd|I did worry seed into entrainment
|c|☆Sp0onl0rd|for this moment
|
|t:|1653420233
|move|p2a: Toxapex|Metronome|p2a: Toxapex
|move|p2a: Toxapex|Multi-Attack|p1a: The OU room|[from]move: Metronome
|-damage|p1a: The OU room|41/100
|move|p1a: The OU room|Metronome|p1a: The OU room
|move|p1a: The OU room|Flatter|p2a: Toxapex|[from]move: Metronome
|-boost|p2a: Toxapex|spa|1
|-start|p2a: Toxapex|confusion
|
|upkeep
|turn|22
|
|t:|1653420237
|-activate|p2a: Toxapex|confusion
|move|p2a: Toxapex|Metronome|p2a: Toxapex
|move|p2a: Toxapex|Autotomize|p2a: Toxapex|[from]move: Metronome
|-boost|p2a: Toxapex|spe|2
|-start|p2a: Toxapex|Autotomize
|move|p1a: The OU room|Metronome|p1a: The OU room
|move|p1a: The OU room|Sand Attack|p2a: Toxapex|[from]move: Metronome|[miss]
|-miss|p1a: The OU room|p2a: Toxapex
|
|upkeep
|turn|23
|c|+lalaya ☾|predicted as fuck...
|c|☆Sp0onl0rd|I saw years in advance
|c|%htcl (>◡<)|stored power
|c|%htcl (>◡<)|rn
|
|t:|1653420243
|-activate|p2a: Toxapex|confusion
|-damage|p2a: Toxapex|73/100|[from] confusion
|move|p1a: The OU room|Metronome|p1a: The OU room
|move|p1a: The OU room|Crabhammer|p2a: Toxapex|[from]move: Metronome
|-resisted|p2a: Toxapex
|-damage|p2a: Toxapex|67/100
|
|upkeep
|turn|24
|
|t:|1653420247
|-activate|p2a: Toxapex|confusion
|-damage|p2a: Toxapex|62/100|[from] confusion
|move|p1a: The OU room|Metronome|p1a: The OU room
|move|p1a: The OU room|Dig||[from]move: Metronome|[still]
|-prepare|p1a: The OU room|Dig
|
|upkeep
|turn|25
|c| psychoshawk|bro this shit got me dying ngl
|
|t:|1653420249
|-end|p2a: Toxapex|confusion
|move|p2a: Toxapex|Metronome|p2a: Toxapex
|move|p2a: Toxapex|Crush Grip|p1a: The OU room|[from]move: Metronome|[miss]
|-miss|p2a: Toxapex|p1a: The OU room
|move|p1a: The OU room|Dig|p2a: Toxapex|[from]lockedmove
|-supereffective|p2a: Toxapex
|-damage|p2a: Toxapex|47/100
|
|upkeep
|turn|26
|c|%htcl (>◡<)|store his power
|
|t:|1653420253
|move|p2a: Toxapex|Metronome|p2a: Toxapex
|move|p2a: Toxapex|Double-Edge|p1a: The OU room|[from]move: Metronome
|-damage|p1a: The OU room|25/100
|-damage|p2a: Toxapex|42/100|[from] Recoil
|move|p1a: The OU room|Metronome|p1a: The OU room
|move|p1a: The OU room|Foul Play|p2a: Toxapex|[from]move: Metronome
|-damage|p2a: Toxapex|30/100
|
|upkeep
|turn|27
|c| knexhawk2|haze
|
|t:|1653420257
|move|p2a: Toxapex|Metronome|p2a: Toxapex
|move|p2a: Toxapex|Cross Poison|p1a: The OU room|[from]move: Metronome
|-resisted|p1a: The OU room
|-damage|p1a: The OU room|17/100
|move|p1a: The OU room|Metronome|p1a: The OU room
|move|p1a: The OU room|Calm Mind|p1a: The OU room|[from]move: Metronome
|-boost|p1a: The OU room|spa|1
|-boost|p1a: The OU room|spd|1
|
|upkeep
|turn|28
|j| yurangatang
|c| psychoshawk|im actually intrigued into this
|c|+lalaya ☾|dawg imagine the topsy turvy now
|
|t:|1653420261
|move|p2a: Toxapex|Metronome|p2a: Toxapex
|move|p2a: Toxapex|Power Swap|p1a: The OU room|[from]move: Metronome
|-swapboost|p2a: Toxapex|p1a: The OU room|atk, spa|[from] move: Power Swap
|move|p1a: The OU room|Metronome|p1a: The OU room
|move|p1a: The OU room|Hydro Pump|p2a: Toxapex|[from]move: Metronome
|-resisted|p2a: Toxapex
|-damage|p2a: Toxapex|16/100
|-enditem|p1a: The OU room|Leppa Berry|[eat]
|-activate|p1a: The OU room|item: Leppa Berry|Metronome|[consumed]
|
|upkeep
|turn|29
|c| Chin Cheng Hanji|FOUL PLAY
|c| knexhawk2|imagine the punishment
|c|%htcl (>◡<)|power swap :O
|
|t:|1653420271
|move|p2a: Toxapex|Metronome|p2a: Toxapex
|move|p2a: Toxapex|Air Cutter|p1a: The OU room|[from]move: Metronome
|-damage|p1a: The OU room|12/100
|move|p1a: The OU room|Metronome|p1a: The OU room
|move|p1a: The OU room|Minimize|p1a: The OU room|[from]move: Metronome
|-boost|p1a: The OU room|evasion|2
|
|upkeep
|turn|30
|
|t:|1653420274
|move|p2a: Toxapex|Metronome|p2a: Toxapex
|move|p2a: Toxapex|Volt Switch|p1a: The OU room|[from]move: Metronome|[miss]
|-miss|p2a: Toxapex|p1a: The OU room
|move|p1a: The OU room|Metronome|p1a: The OU room
|move|p1a: The OU room|Autotomize|p1a: The OU room|[from]move: Metronome
|-boost|p1a: The OU room|spe|2
|-start|p1a: The OU room|Autotomize
|
|upkeep
|turn|31
|c|%htcl (>◡<)|ayo evasion wtf
|
|t:|1653420277
|move|p2a: Toxapex|Metronome|p2a: Toxapex
|move|p2a: Toxapex|Cross Poison|p1a: The OU room|[from]move: Metronome|[miss]
|-miss|p2a: Toxapex|p1a: The OU room
|move|p1a: The OU room|Metronome|p1a: The OU room
|move|p1a: The OU room|Double-Edge|p2a: Toxapex|[from]move: Metronome|[miss]
|-miss|p1a: The OU room|p2a: Toxapex
|
|upkeep
|turn|32
|
|t:|1653420280
|move|p2a: Toxapex|Metronome|p2a: Toxapex
|move|p2a: Toxapex|Poison Sting|p1a: The OU room|[from]move: Metronome
|-resisted|p1a: The OU room
|-crit|p1a: The OU room
|-damage|p1a: The OU room|11/100
|move|p1a: The OU room|Metronome|p1a: The OU room
|move|p1a: The OU room|Trick-or-Treat|p2a: Toxapex|[from]move: Metronome
|-start|p2a: Toxapex|typeadd|Ghost|[from] move: Trick-or-Treat
|
|upkeep
|turn|33
|c| Chin Cheng Hanji|POWER SWAP
|c|+lalaya ☾|DODGED
|c| knexhawk2|bruhhhh
|
|t:|1653420287
|move|p2a: Toxapex|Metronome|p2a: Toxapex
|move|p2a: Toxapex|Whirlpool|p1a: The OU room|[from]move: Metronome|[miss]
|-miss|p2a: Toxapex|p1a: The OU room
|move|p1a: The OU room|Metronome|p1a: The OU room
|move|p1a: The OU room|Ice Shard|p2a: Toxapex|[from]move: Metronome
|-resisted|p2a: Toxapex
|-damage|p2a: Toxapex|13/100
|
|upkeep
|turn|34
|c| Chin Cheng Hanji|LOL
|c| psychoshawk|that’s a weird ass animation ngl
|
|t:|1653420290
|move|p2a: Toxapex|Metronome|p2a: Toxapex
|move|p2a: Toxapex|Fell Stinger|p1a: The OU room|[from]move: Metronome|[miss]
|-miss|p2a: Toxapex|p1a: The OU room
|-enditem|p2a: Toxapex|Leppa Berry|[eat]
|-activate|p2a: Toxapex|item: Leppa Berry|Metronome|[consumed]
|move|p1a: The OU room|Metronome|p1a: The OU room
|move|p1a: The OU room|Dragon Tail|p2a: Toxapex|[from]move: Metronome
|-damage|p2a: Toxapex|5/100
|drag|p2a: Toxapex|Toxapex, M|100/100
|
|upkeep
|turn|35
|c|%htcl (>◡<)|!weak water/poison/ghost
|c| htcl (>◡<)|/raw <div class="infobox">Water/Poison/Ghost:<br /><span class="message-effect-weak">Weaknesses</span>: Dark, Electric, Ghost, Ground, Psychic<br /><span class="message-effect-resist">Resistances</span>: <b>Bug</b>, Fairy, Fire, Ice, <b>Poison</b>, Steel, Water<br /><span class="message-effect-immune">Immunities</span>: Fighting, Normal, Toxic, Trapping</div>
|c|☆Sp0onl0rd|gotta get my boosts
|c| knexhawk2|minimize pex
|c| knexhawk2|its over
|
|t:|1653420296
|move|p1a: The OU room|Metronome|p1a: The OU room
|move|p1a: The OU room|Land's Wrath|p2a: Toxapex|[from]move: Metronome
|-supereffective|p2a: Toxapex
|-damage|p2a: Toxapex|66/100
|move|p2a: Toxapex|Metronome|p2a: Toxapex
|move|p2a: Toxapex|Ancient Power|p1a: The OU room|[from]move: Metronome|[miss]
|-miss|p2a: Toxapex|p1a: The OU room
|
|upkeep
|turn|36
|c|☆Jugloo|AAAAH
|
|t:|1653420300
|move|p1a: The OU room|Metronome|p1a: The OU room
|move|p1a: The OU room|Volt Switch|p2a: Toxapex|[from]move: Metronome
|-supereffective|p2a: Toxapex
|-damage|p2a: Toxapex|41/100
|c| Chin Cheng Hanji|its done for
|
|t:|1653420304
|switch|p1a: Pexorus-T|Toxapex, M|100/100|[from]move: Volt Switch
|move|p2a: Toxapex|Metronome|p2a: Toxapex
|move|p2a: Toxapex|Skull Bash||[from]move: Metronome|[still]
|-prepare|p2a: Toxapex|Skull Bash
|-boost|p2a: Toxapex|def|1
|
|upkeep
|turn|37
|c|+lalaya ☾|RIPBOZO
|l| Heracrossfit
|
|t:|1653420307
|move|p2a: Toxapex|Skull Bash|p1a: Pexorus-T|[from]lockedmove
|-crit|p1a: Pexorus-T
|-damage|p1a: Pexorus-T|82/100
|move|p1a: Pexorus-T|Metronome|p1a: Pexorus-T
|move|p1a: Pexorus-T|Baton Pass|p1a: Pexorus-T|[from]move: Metronome
|c| Chin Cheng Hanji|1% crit
|c|%htcl (>◡<)|its ok
|c|☆Sp0onl0rd|nah saving it
|c|%htcl (>◡<)|keeping a 1% pex is genius
|c|☆Sp0onl0rd|for the healing wish later
|c|%htcl (>◡<)|for healing wish
|
|t:|1653420316
|switch|p1a: Landorus-P|Toxapex, M|100/100|[from]move: Baton Pass
|
|upkeep
|turn|38
|
|t:|1653420319
|move|p2a: Toxapex|Metronome|p2a: Toxapex
|move|p2a: Toxapex|Hydro Cannon|p1a: Landorus-P|[from]move: Metronome
|-resisted|p1a: Landorus-P
|-damage|p1a: Landorus-P|89/100
|-mustrecharge|p2a: Toxapex
|move|p1a: Landorus-P|Metronome|p1a: Landorus-P
|move|p1a: Landorus-P|Heal Pulse|p2a: Toxapex|[from]move: Metronome
|-heal|p2a: Toxapex|91/100
|
|upkeep
|turn|39
|c| knexhawk2|lmao
|c|%htcl (>◡<)|F
|c|☆Sp0onl0rd|it's the only actual strategy
|c| knexhawk2|nah u get lunar dance
|c|☆Sp0onl0rd|in the tour
|c| Chin Cheng Hanji|BAHAHAH
|
|t:|1653420327
|cant|p2a: Toxapex|recharge
|move|p1a: Landorus-P|Metronome|p1a: Landorus-P
|move|p1a: Landorus-P|Venom Drench||[from]move: Metronome|[still]
|-fail|p1a: Landorus-P
|
|upkeep
|turn|40
|c| G3n0YT|ayo what
|c| psychoshawk|LMFAOO
|
|t:|1653420330
|move|p2a: Toxapex|Metronome|p2a: Toxapex
|move|p2a: Toxapex|Rock Blast|p1a: Landorus-P|[from]move: Metronome|[miss]
|-miss|p2a: Toxapex|p1a: Landorus-P
|move|p1a: Landorus-P|Metronome|p1a: Landorus-P
|move|p1a: Landorus-P|Air Cutter|p2a: Toxapex|[from]move: Metronome
|-damage|p2a: Toxapex|85/100
|
|upkeep
|turn|41
|
|t:|1653420333
|move|p2a: Toxapex|Metronome|p2a: Toxapex
|move|p2a: Toxapex|Stun Spore|p1a: Landorus-P|[from]move: Metronome|[miss]
|-miss|p2a: Toxapex|p1a: Landorus-P
|move|p1a: Landorus-P|Metronome|p1a: Landorus-P
|move|p1a: Landorus-P|Dual Chop|p2a: Toxapex|[from]move: Metronome
|-damage|p2a: Toxapex|81/100
|-damage|p2a: Toxapex|77/100
|-hitcount|p2a: Toxapex|2
|
|upkeep
|turn|42
|c| Chin Cheng Hanji|O VOLT SWITCH
|
|t:|1653420336
|move|p2a: Toxapex|Metronome|p2a: Toxapex
|move|p2a: Toxapex|Roar of Time|p1a: Landorus-P|[from]move: Metronome
|-damage|p1a: Landorus-P|74/100
|-mustrecharge|p2a: Toxapex
|move|p1a: Landorus-P|Metronome|p1a: Landorus-P
|move|p1a: Landorus-P|Autotomize|p1a: Landorus-P|[from]move: Metronome
|-boost|p1a: Landorus-P|spe|2
|-start|p1a: Landorus-P|Autotomize
|
|upkeep
|turn|43
|
|t:|1653420340
|move|p1a: Landorus-P|Metronome|p1a: Landorus-P
|move|p1a: Landorus-P|Retaliate|p2a: Toxapex|[from]move: Metronome
|-damage|p2a: Toxapex|72/100
|cant|p2a: Toxapex|recharge
|
|upkeep
|turn|44
|
|t:|1653420343
|move|p1a: Landorus-P|Metronome|p1a: Landorus-P
|move|p1a: Landorus-P|Sucker Punch||[from]move: Metronome|[still]
|-fail|p1a: Landorus-P
|move|p2a: Toxapex|Metronome|p2a: Toxapex
|move|p2a: Toxapex|Focus Blast|p1a: Landorus-P|[from]move: Metronome|[miss]
|-miss|p2a: Toxapex|p1a: Landorus-P
|
|upkeep
|turn|45
|
|t:|1653420348
|move|p1a: Landorus-P|Metronome|p1a: Landorus-P
|move|p1a: Landorus-P|Darkest Lariat|p2a: Toxapex|[from]move: Metronome
|-damage|p2a: Toxapex|60/100
|move|p2a: Toxapex|Metronome|p2a: Toxapex
|move|p2a: Toxapex|Waterfall|p1a: Landorus-P|[from]move: Metronome
|-resisted|p1a: Landorus-P
|-damage|p1a: Landorus-P|68/100
|
|upkeep
|turn|46
|c|☆Jugloo|i miss all of them
|
|t:|1653420355
|move|p1a: Landorus-P|Metronome|p1a: Landorus-P
|move|p1a: Landorus-P|Arm Thrust|p2a: Toxapex|[from]move: Metronome
|-resisted|p2a: Toxapex
|-damage|p2a: Toxapex|59/100
|-resisted|p2a: Toxapex
|-damage|p2a: Toxapex|58/100
|-hitcount|p2a: Toxapex|2
|move|p2a: Toxapex|Metronome|p2a: Toxapex
|move|p2a: Toxapex|Night Shade|p1a: Landorus-P|[from]move: Metronome
|-damage|p1a: Landorus-P|35/100
|
|upkeep
|turn|47
|c|%htcl (>◡<)|night shade huge
|c|%htcl (>◡<)|chip
|
|t:|1653420364
|move|p1a: Landorus-P|Metronome|p1a: Landorus-P
|move|p1a: Landorus-P|Spit Up||[from]move: Metronome|[still]
|-fail|p1a: Landorus-P
|move|p2a: Toxapex|Metronome|p2a: Toxapex
|move|p2a: Toxapex|Shadow Ball|p1a: Landorus-P|[from]move: Metronome
|-damage|p1a: Landorus-P|27/100
|-unboost|p1a: Landorus-P|spd|1
|
|upkeep
|turn|48
|c| knexhawk2|night shade big move
|
|t:|1653420371
|move|p1a: Landorus-P|Metronome|p1a: Landorus-P
|move|p1a: Landorus-P|Giga Drain|p2a: Toxapex|[from]move: Metronome
|-damage|p2a: Toxapex|50/100
|-heal|p1a: Landorus-P|31/100|[from] drain|[of] p2a: Toxapex
|move|p2a: Toxapex|Metronome|p2a: Toxapex
|move|p2a: Toxapex|Wing Attack|p1a: Landorus-P|[from]move: Metronome
|-crit|p1a: Landorus-P
|-damage|p1a: Landorus-P|22/100
|
|upkeep
|turn|49
|c|☆Sp0onl0rd|even in pex tour
|c|☆Sp0onl0rd|I can't evade sball spdef drop
|c|☆Sp0onl0rd|come on
|
|t:|1653420380
|move|p1a: Landorus-P|Metronome|p1a: Landorus-P
|move|p1a: Landorus-P|Scratch|p2a: Toxapex|[from]move: Metronome
|-damage|p2a: Toxapex|46/100
|move|p2a: Toxapex|Metronome|p2a: Toxapex
|move|p2a: Toxapex|Eerie Impulse|p1a: Landorus-P|[from]move: Metronome
|-unboost|p1a: Landorus-P|spa|2
|
|upkeep
|turn|50
|c|%htcl (>◡<)|lmfaoo
|
|t:|1653420389
|move|p1a: Landorus-P|Metronome|p1a: Landorus-P
|move|p1a: Landorus-P|Swift|p2a: Toxapex|[from]move: Metronome
|-damage|p2a: Toxapex|43/100
|move|p2a: Toxapex|Metronome|p2a: Toxapex
|move|p2a: Toxapex|Laser Focus|p2a: Toxapex|[from]move: Metronome
|-start|p2a: Toxapex|move: Laser Focus
|
|upkeep
|turn|51
|c| knexhawk2|no one can
|j| HOF69
|
|t:|1653420397
|move|p1a: Landorus-P|Metronome|p1a: Landorus-P
|move|p1a: Landorus-P|Incinerate|p2a: Toxapex|[from]move: Metronome
|-resisted|p2a: Toxapex
|-damage|p2a: Toxapex|41/100
|-enditem|p2a: Toxapex|Leppa Berry|[from] move: Incinerate
|move|p2a: Toxapex|Metronome|p2a: Toxapex
|move|p2a: Toxapex|Synthesis|p2a: Toxapex|[from]move: Metronome
|-heal|p2a: Toxapex|91/100
|
|-end|p2a: Toxapex|move: Laser Focus|[silent]
|upkeep
|turn|52
|c|+lalaya ☾|OH NO
|c| knexhawk2|inc crit ur done for
|c|☆Jugloo|NOOO
|c| HOF69|uh oh
|c|+lalaya ☾|L
|
|t:|1653420407
|move|p1a: Landorus-P|Metronome|p1a: Landorus-P
|move|p1a: Landorus-P|Hurricane|p2a: Toxapex|[from]move: Metronome
|-damage|p2a: Toxapex|84/100
|move|p2a: Toxapex|Metronome|p2a: Toxapex
|move|p2a: Toxapex|Aqua Ring|p2a: Toxapex|[from]move: Metronome
|-start|p2a: Toxapex|Aqua Ring
|
|-heal|p2a: Toxapex|91/100|[from] Aqua Ring
|upkeep
|turn|53
|c| knexhawk2|no leppa berry its over
|c|☆Sp0onl0rd|wait that's huge
|c| G3n0YT|WHOA
|c| Chin Cheng Hanji|synthesis yo
|
|t:|1653420411
|move|p1a: Landorus-P|Metronome|p1a: Landorus-P
|move|p1a: Landorus-P|Throat Chop|p2a: Toxapex|[from]move: Metronome
|-damage|p2a: Toxapex|84/100
|-start|p2a: Toxapex|Throat Chop|[silent]
|-enditem|p1a: Landorus-P|Leppa Berry|[eat]
|-activate|p1a: Landorus-P|item: Leppa Berry|Metronome|[consumed]
|move|p2a: Toxapex|Metronome|p2a: Toxapex
|move|p2a: Toxapex|Wing Attack|p1a: Landorus-P|[from]move: Metronome
|-damage|p1a: Landorus-P|16/100
|
|-heal|p2a: Toxapex|90/100|[from] Aqua Ring
|upkeep
|turn|54
|c| knexhawk2|hes gonna struggle
|
|t:|1653420413
|move|p1a: Landorus-P|Metronome|p1a: Landorus-P
|move|p1a: Landorus-P|Leaf Storm|p2a: Toxapex|[from]move: Metronome
|-damage|p2a: Toxapex|83/100
|-unboost|p1a: Landorus-P|spa|2
|-activate|p2a: Toxapex|move: Struggle
|move|p2a: Toxapex|Struggle|p1a: Landorus-P
|-damage|p1a: Landorus-P|11/100
|-damage|p2a: Toxapex|58/100|[from] recoil
|
|-heal|p2a: Toxapex|64/100|[from] Aqua Ring
|-end|p2a: Toxapex|Throat Chop|[silent]
|upkeep
|turn|55
|c| knexhawk2|its o k
|c|%htcl (>◡<)|burnt is leppa
|c|%htcl (>◡<)|to a crisp
|
|t:|1653420417
|move|p1a: Landorus-P|Metronome|p1a: Landorus-P
|move|p1a: Landorus-P|Aqua Tail|p2a: Toxapex|[from]move: Metronome
|-resisted|p2a: Toxapex
|-crit|p2a: Toxapex
|-damage|p2a: Toxapex|50/100
|-activate|p2a: Toxapex|move: Struggle
|move|p2a: Toxapex|Struggle|p1a: Landorus-P
|-damage|p1a: Landorus-P|6/100
|-damage|p2a: Toxapex|25/100|[from] recoil
|
|-heal|p2a: Toxapex|32/100|[from] Aqua Ring
|upkeep
|turn|56
|c|%htcl (>◡<)|tragic
|
|t:|1653420419
|move|p1a: Landorus-P|Metronome|p1a: Landorus-P
|move|p1a: Landorus-P|Fire Punch|p2a: Toxapex|[from]move: Metronome
|-resisted|p2a: Toxapex
|-damage|p2a: Toxapex|28/100
|-activate|p2a: Toxapex|move: Struggle
|move|p2a: Toxapex|Struggle|p1a: Landorus-P
|-damage|p1a: Landorus-P|1/100
|-damage|p2a: Toxapex|3/100|[from] recoil
|
|-heal|p2a: Toxapex|10/100|[from] Aqua Ring
|upkeep
|turn|57
|c| psychoshawk|aqua ring ggs
|
|t:|1653420421
|move|p1a: Landorus-P|Metronome|p1a: Landorus-P
|move|p1a: Landorus-P|Fusion Bolt|p2a: Toxapex|[from]move: Metronome
|-supereffective|p2a: Toxapex
|-damage|p2a: Toxapex|0 fnt
|faint|p2a: Toxapex
|
|upkeep
|
|t:|1653420425
|switch|p2a: Toxapex|Toxapex, F|100/100
|turn|58
|c|☆Sp0onl0rd|cmon rest
|c|☆Sp0onl0rd|rn
|
|t:|1653420428
|move|p1a: Landorus-P|Metronome|p1a: Landorus-P
|move|p1a: Landorus-P|Venom Drench||[from]move: Metronome|[still]
|-fail|p1a: Landorus-P
|move|p2a: Toxapex|Metronome|p2a: Toxapex
|move|p2a: Toxapex|Crush Grip|p1a: Landorus-P|[from]move: Metronome
|-damage|p1a: Landorus-P|1/100
|
|upkeep
|turn|59
|c| knexhawk2|save the pex
|c|%htcl (>◡<)|aqua ring would've been huge if
|
|t:|1653420432
|move|p1a: Landorus-P|Metronome|p1a: Landorus-P
|move|p1a: Landorus-P|Wish|p1a: Landorus-P|[from]move: Metronome
|move|p2a: Toxapex|Metronome|p2a: Toxapex
|move|p2a: Toxapex|Electrify||[from]move: Metronome|[still]
|-fail|p2a: Toxapex
|
|upkeep
|turn|60
|c|+lalaya ☾|the clutch 1% fusion bolt
|c|%htcl (>◡<)|he had leppa
|c|%htcl (>◡<)|AYO
|c|☆Jugloo|0%
|c|%htcl (>◡<)|WISH
|c| knexhawk2|OHOHS
|c|+lalaya ☾|OH
|
|t:|1653420439
|move|p1a: Landorus-P|Metronome|p1a: Landorus-P
|move|p1a: Landorus-P|Metal Claw|p2a: Toxapex|[from]move: Metronome
|-resisted|p2a: Toxapex
|-damage|p2a: Toxapex|97/100
|move|p2a: Toxapex|Metronome|p2a: Toxapex
|move|p2a: Toxapex|Geomancy||[from]move: Metronome|[still]
|-prepare|p2a: Toxapex|Geomancy
|
|-heal|p1a: Landorus-P|51/100|[from] move: Wish|[wisher] Landorus-P
|upkeep
|turn|61
|c|%htcl (>◡<)|KILL IT
|c|+lalaya ☾|OHHHHHH
|c|☆Sp0onl0rd|please pex live
|c|☆Jugloo|NOOOO
|
|t:|1653420445
|move|p1a: Landorus-P|Metronome|p1a: Landorus-P
|move|p1a: Landorus-P|Defend Order|p1a: Landorus-P|[from]move: Metronome
|-boost|p1a: Landorus-P|def|1
|-boost|p1a: Landorus-P|spd|1
|move|p2a: Toxapex|Geomancy|p2a: Toxapex|[from]lockedmove
|-boost|p2a: Toxapex|spa|2
|-boost|p2a: Toxapex|spd|2
|-boost|p2a: Toxapex|spe|2
|
|upkeep
|turn|62
|c| knexhawk2|LOL
|c| Chin Cheng Hanji|GEOMANCY
|c| psychoshawk|LMAOOO
|c| knexhawk2|i dont know whos winning here
|
|t:|1653420450
|move|p2a: Toxapex|Metronome|p2a: Toxapex
|move|p2a: Toxapex|Flame Wheel|p1a: Landorus-P|[from]move: Metronome
|-resisted|p1a: Landorus-P
|-damage|p1a: Landorus-P|49/100
|-status|p1a: Landorus-P|brn
|move|p1a: Landorus-P|Metronome|p1a: Landorus-P
|move|p1a: Landorus-P|Solar Blade||[from]move: Metronome|[still]
|-prepare|p1a: Landorus-P|Solar Blade
|
|-damage|p1a: Landorus-P|43/100 brn|[from] brn
|upkeep
|turn|63
|c|☆Sp0onl0rd|dtail this pex
|
|t:|1653420454
|move|p2a: Toxapex|Metronome|p2a: Toxapex
|move|p2a: Toxapex|Mud Shot|p1a: Landorus-P|[from]move: Metronome
|-supereffective|p1a: Landorus-P
|-damage|p1a: Landorus-P|21/100 brn
|-unboost|p1a: Landorus-P|spe|1
|move|p1a: Landorus-P|Solar Blade|p2a: Toxapex|[from]lockedmove
|-damage|p2a: Toxapex|90/100
|
|-damage|p1a: Landorus-P|14/100 brn|[from] brn
|upkeep
|turn|64
|c| psychoshawk|gg
|c|☆Jugloo|LETS GOO
|c| knexhawk2|;p;
|c|☆Sp0onl0rd|pex please
|c| Chin Cheng Hanji|BURN HACKS
|
|t:|1653420462
|move|p2a: Toxapex|Metronome|p2a: Toxapex
|move|p2a: Toxapex|Glare||[from]move: Metronome|[still]
|-fail|p2a: Toxapex
|move|p1a: Landorus-P|Metronome|p1a: Landorus-P
|move|p1a: Landorus-P|Superpower|p2a: Toxapex|[from]move: Metronome
|-resisted|p2a: Toxapex
|-damage|p2a: Toxapex|86/100
|-unboost|p1a: Landorus-P|atk|1
|-unboost|p1a: Landorus-P|def|1
|
|-damage|p1a: Landorus-P|8/100 brn|[from] brn
|upkeep
|turn|65
|c|☆Sp0onl0rd|healing wish now
|c| HOF69|OMG
|
|t:|1653420466
|move|p2a: Toxapex|Metronome|p2a: Toxapex
|move|p2a: Toxapex|Swords Dance|p2a: Toxapex|[from]move: Metronome
|-boost|p2a: Toxapex|atk|2
|-activate|p1a: Landorus-P|move: Struggle
|move|p1a: Landorus-P|Struggle|p2a: Toxapex
|-damage|p2a: Toxapex|84/100
|-damage|p1a: Landorus-P|0 fnt|[from] recoil
|faint|p1a: Landorus-P
|
|upkeep
|
|t:|1653420470
|switch|p1a: Pexorus-T|Toxapex, M|82/100
|turn|66
|c|☆Jugloo|MY SWEEPER
|c| knexhawk2|heart swap my man
|c|%htcl (>◡<)|mans has
|c| knexhawk2|rn
|
|t:|1653420475
|move|p2a: Toxapex|Metronome|p2a: Toxapex
|move|p2a: Toxapex|Shadow Ball|p1a: Pexorus-T|[from]move: Metronome
|-damage|p1a: Pexorus-T|64/100
|move|p1a: Pexorus-T|Metronome|p1a: Pexorus-T
|move|p1a: Pexorus-T|Mist Ball|p2a: Toxapex|[from]move: Metronome
|-supereffective|p2a: Toxapex
|-damage|p2a: Toxapex|75/100
|
|upkeep
|turn|67
|c|%htcl (>◡<)|every boost
|l| yurangatang
|
|t:|1653420479
|move|p2a: Toxapex|Metronome|p2a: Toxapex
|move|p2a: Toxapex|Venoshock|p1a: Pexorus-T|[from]move: Metronome
|-resisted|p1a: Pexorus-T
|-damage|p1a: Pexorus-T|54/100
|move|p1a: Pexorus-T|Metronome|p1a: Pexorus-T
|move|p1a: Pexorus-T|Play Rough|p2a: Toxapex|[from]move: Metronome|[miss]
|-miss|p1a: Pexorus-T|p2a: Toxapex
|
|upkeep
|turn|68
|
|t:|1653420483
|move|p2a: Toxapex|Metronome|p2a: Toxapex
|move|p2a: Toxapex|Dive||[from]move: Metronome|[still]
|-prepare|p2a: Toxapex|Dive
|move|p1a: Pexorus-T|Metronome|p1a: Pexorus-T
|move|p1a: Pexorus-T|Gear Grind|p2a: Toxapex|[from]move: Metronome|[miss]
|-miss|p1a: Pexorus-T|p2a: Toxapex
|
|upkeep
|turn|69
|c|☆Sp0onl0rd|pex please
|
|t:|1653420487
|move|p2a: Toxapex|Dive|p1a: Pexorus-T|[from]lockedmove
|-resisted|p1a: Pexorus-T
|-damage|p1a: Pexorus-T|44/100
|move|p1a: Pexorus-T|Metronome|p1a: Pexorus-T
|move|p1a: Pexorus-T|Defog|p2a: Toxapex|[from]move: Metronome
|-unboost|p2a: Toxapex|evasion|1
|
|upkeep
|turn|70
|c| Chin Cheng Hanji|yooo
|
|t:|1653420490
|move|p2a: Toxapex|Metronome|p2a: Toxapex
|move|p2a: Toxapex|Dragon Rush|p1a: Pexorus-T|[from]move: Metronome
|-damage|p1a: Pexorus-T|25/100
|move|p1a: Pexorus-T|Metronome|p1a: Pexorus-T
|move|p1a: Pexorus-T|Aqua Ring|p1a: Pexorus-T|[from]move: Metronome
|-start|p1a: Pexorus-T|Aqua Ring
|
|-heal|p1a: Pexorus-T|31/100|[from] Aqua Ring
|upkeep
|turn|71
|
|t:|1653420493
|move|p2a: Toxapex|Metronome|p2a: Toxapex
|move|p2a: Toxapex|Ingrain|p2a: Toxapex|[from]move: Metronome
|-start|p2a: Toxapex|move: Ingrain
|move|p1a: Pexorus-T|Metronome|p1a: Pexorus-T
|move|p1a: Pexorus-T|Pin Missile|p2a: Toxapex|[from]move: Metronome
|-resisted|p2a: Toxapex
|-damage|p2a: Toxapex|74/100
|-resisted|p2a: Toxapex
|-damage|p2a: Toxapex|72/100
|-hitcount|p2a: Toxapex|2
|
|-heal|p1a: Pexorus-T|37/100|[from] Aqua Ring
|-heal|p2a: Toxapex|78/100|[from] Ingrain
|upkeep
|turn|72
|
|t:|1653420496
|move|p2a: Toxapex|Metronome|p2a: Toxapex
|move|p2a: Toxapex|Poison Gas|p1a: Pexorus-T|[from]move: Metronome
|-immune|p1a: Pexorus-T
|move|p1a: Pexorus-T|Metronome|p1a: Pexorus-T
|move|p1a: Pexorus-T|Lunar Dance|p1a: Pexorus-T|[from]move: Metronome
|faint|p1a: Pexorus-T
|
|-heal|p2a: Toxapex|85/100|[from] Ingrain
|upkeep
|c| psychoshawk|stored power
|c| psychoshawk|rn
|c| knexhawk2|lol
|c|+lalaya ☾|LOOL
|c|☆Jugloo|NOOO
|
|t:|1653420504
|switch|p1a: The OU room|Toxapex, F, shiny|11/100
|-heal|p1a: The OU room|100/100|[from] move: Lunar Dance
|turn|73
|c| knexhawk2|called it
|c| HOF69|wtf
|c|+lalaya ☾|you cant even phaze it
|c|%htcl (>◡<)|well thats what we keep
|
|t:|1653420507
|move|p2a: Toxapex|Metronome|p2a: Toxapex
|move|p2a: Toxapex|Cut|p1a: The OU room|[from]move: Metronome
|-damage|p1a: The OU room|91/100
|move|p1a: The OU room|Metronome|p1a: The OU room
|move|p1a: The OU room|Reflect Type|p2a: Toxapex|[from]move: Metronome
|-start|p1a: The OU room|typechange|[from] move: Reflect Type|[of] p2a: Toxapex
|
|-heal|p2a: Toxapex|91/100|[from] Ingrain
|upkeep
|turn|74
|c|%htcl (>◡<)|the 1% for
|c|☆Jugloo|XD
|c|☆Sp0onl0rd|tactics
|c|+lalaya ☾|dang
|
|t:|1653420514
|move|p2a: Toxapex|Metronome|p2a: Toxapex
|move|p2a: Toxapex|Taunt|p1a: The OU room|[from]move: Metronome
|-start|p1a: The OU room|move: Taunt
|cant|p1a: The OU room|move: Taunt|Metronome
|
|-heal|p2a: Toxapex|97/100|[from] Ingrain
|upkeep
|turn|75
|c|%htcl (>◡<)|LMFAO
|c| knexhawk2|ITS OVEr
|c|+lalaya ☾|LOOL
|
|t:|1653420518
|move|p2a: Toxapex|Metronome|p2a: Toxapex
|move|p2a: Toxapex|Wild Charge|p1a: The OU room|[from]move: Metronome
|-supereffective|p1a: The OU room
|-damage|p1a: The OU room|53/100
|-enditem|p2a: Toxapex|Leppa Berry|[eat]
|-activate|p2a: Toxapex|item: Leppa Berry|Metronome|[consumed]
|-damage|p2a: Toxapex|88/100|[from] Recoil
|-activate|p1a: The OU room|move: Struggle
|move|p1a: The OU room|Struggle|p2a: Toxapex
|-damage|p2a: Toxapex|82/100
|-damage|p1a: The OU room|28/100|[from] recoil
|
|-heal|p2a: Toxapex|88/100|[from] Ingrain
|upkeep
|turn|76
|c| knexhawk2|TAUNT
|c| vnmmv|rip
|c|☆Jugloo|YESSS
|c| psychoshawk|ITS OVER
|
|t:|1653420524
|move|p2a: Toxapex|Metronome|p2a: Toxapex
|move|p2a: Toxapex|Fury Attack|p1a: The OU room|[from]move: Metronome
|-damage|p1a: The OU room|25/100
|-damage|p1a: The OU room|22/100
|-hitcount|p1a: The OU room|2
|-activate|p1a: The OU room|move: Struggle
|move|p1a: The OU room|Struggle|p2a: Toxapex
|-damage|p2a: Toxapex|82/100
|-damage|p1a: The OU room|0 fnt|[from] recoil
|faint|p1a: The OU room
|
|-heal|p2a: Toxapex|88/100|[from] Ingrain
|upkeep
|c| Chin Cheng Hanji|TAUNT
|
|t:|1653420527
|switch|p1a: Toxaflex|Toxapex, M|100/100
|turn|77
|c|%htcl (>◡<)|spoon getting rolled in finals
|c| G3n0YT|yo that ingrain
|j| xxxbanettefanxxx
|
|t:|1653420531
|move|p2a: Toxapex|Metronome|p2a: Toxapex
|move|p2a: Toxapex|Stomping Tantrum|p1a: Toxaflex|[from]move: Metronome
|-supereffective|p1a: Toxaflex
|-damage|p1a: Toxaflex|69/100
|move|p1a: Toxaflex|Metronome|p1a: Toxaflex
|move|p1a: Toxaflex|Prismatic Laser|p2a: Toxapex|[from]move: Metronome
|-supereffective|p2a: Toxapex
|-damage|p2a: Toxapex|68/100
|-mustrecharge|p1a: Toxaflex
|
|-heal|p2a: Toxapex|75/100|[from] Ingrain
|upkeep
|turn|78
|c|%htcl (>◡<)|after haxing his way here
|c|%htcl (>◡<)|with imprison
|j| Alejandro Paz VGC
|c|☆Sp0onl0rd|nah I'm getting imprison
|c|☆Sp0onl0rd|rn
|c| knexhawk2|nah i believe in the topsy turvy
|l| Alejandro Paz VGC
|c|☆Sp0onl0rd|and both healing moves
|
|t:|1653420542
|move|p2a: Toxapex|Metronome|p2a: Toxapex
|move|p2a: Toxapex|Weather Ball|p1a: Toxaflex|[from]move: Metronome
|-damage|p1a: Toxaflex|59/100
|cant|p1a: Toxaflex|recharge
|
|-heal|p2a: Toxapex|81/100|[from] Ingrain
|upkeep
|turn|79
|c| Chin Cheng Hanji|we believe u
|
|t:|1653420546
|move|p2a: Toxapex|Metronome|p2a: Toxapex
|move|p2a: Toxapex|Outrage|p1a: Toxaflex|[from]move: Metronome
|-damage|p1a: Toxaflex|34/100
|move|p1a: Toxaflex|Metronome|p1a: Toxaflex
|move|p1a: Toxaflex|Octazooka|p2a: Toxapex|[from]move: Metronome
|-resisted|p2a: Toxapex
|-damage|p2a: Toxapex|78/100
|
|-heal|p2a: Toxapex|84/100|[from] Ingrain
|upkeep
|turn|80
|
|t:|1653420549
|move|p2a: Toxapex|Outrage|p1a: Toxaflex|[from]lockedmove
|-damage|p1a: Toxaflex|14/100
|move|p1a: Toxaflex|Metronome|p1a: Toxaflex
|move|p1a: Toxaflex|Fire Fang|p2a: Toxapex|[from]move: Metronome
|-resisted|p2a: Toxapex
|-damage|p2a: Toxapex|80/100
|
|-heal|p2a: Toxapex|86/100|[from] Ingrain
|upkeep
|turn|81
|
|t:|1653420551
|move|p2a: Toxapex|Outrage|p1a: Toxaflex|[from]lockedmove
|-damage|p1a: Toxaflex|0 fnt
|faint|p1a: Toxaflex
|-start|p2a: Toxapex|confusion|[fatigue]
|
|-heal|p2a: Toxapex|93/100|[from] Ingrain
|upkeep
|c| knexhawk2|outrage ooooof
|
|t:|1653420554
|switch|p1a: Pexinator|Toxapex, F|100/100
|turn|82
|c|☆Jugloo|THE SWEEPER
|
|t:|1653420558
|-activate|p2a: Toxapex|confusion
|move|p2a: Toxapex|Metronome|p2a: Toxapex
|move|p2a: Toxapex|Stealth Rock|p1a: Pexinator|[from]move: Metronome
|-sidestart|p1: Sp0onl0rd|move: Stealth Rock
|move|p1a: Pexinator|Metronome|p1a: Pexinator
|move|p1a: Pexinator|Charge|p1a: Pexinator|[from]move: Metronome
|-boost|p1a: Pexinator|spd|1
|-activate|p1a: Pexinator|move: Charge
|
|-heal|p2a: Toxapex|99/100|[from] Ingrain
|upkeep
|turn|83
|c| psychoshawk|oh nah
|c| G3n0YT|AYO
|
|t:|1653420562
|-activate|p2a: Toxapex|confusion
|move|p2a: Toxapex|Metronome|p2a: Toxapex
|move|p2a: Toxapex|Flash Cannon|p1a: Pexinator|[from]move: Metronome
|-resisted|p1a: Pexinator
|-damage|p1a: Pexinator|95/100
|move|p1a: Pexinator|Metronome|p1a: Pexinator
|move|p1a: Pexinator|Hold Back|p2a: Toxapex|[from]move: Metronome
|-damage|p2a: Toxapex|94/100
|
|-heal|p2a: Toxapex|99/100|[from] Ingrain
|upkeep
|turn|84
|c| knexhawk2|late game rocks
|c|%htcl (>◡<)|rocks up
|c| psychoshawk|this is actually gonna win
|c|+lalaya ☾|UP
|
|t:|1653420568
|-activate|p2a: Toxapex|confusion
|move|p2a: Toxapex|Metronome|p2a: Toxapex
|move|p2a: Toxapex|Seismic Toss|p1a: Pexinator|[from]move: Metronome
|-damage|p1a: Pexinator|62/100
|move|p1a: Pexinator|Metronome|p1a: Pexinator
|move|p1a: Pexinator|Slash|p2a: Toxapex|[from]move: Metronome
|-crit|p2a: Toxapex
|-damage|p2a: Toxapex|87/100
|
|-heal|p2a: Toxapex|93/100|[from] Ingrain
|upkeep
|turn|85
|
|t:|1653420572
|-end|p2a: Toxapex|confusion
|move|p2a: Toxapex|Metronome|p2a: Toxapex
|move|p2a: Toxapex|Leaf Tornado|p1a: Pexinator|[from]move: Metronome
|-damage|p1a: Pexinator|54/100
|move|p1a: Pexinator|Metronome|p1a: Pexinator
|move|p1a: Pexinator|Earth Power|p2a: Toxapex|[from]move: Metronome
|-supereffective|p2a: Toxapex
|-damage|p2a: Toxapex|82/100
|
|-heal|p2a: Toxapex|88/100|[from] Ingrain
|upkeep
|turn|86
|c| knexhawk2|bro that pex
|
|t:|1653420576
|move|p2a: Toxapex|Metronome|p2a: Toxapex
|move|p2a: Toxapex|Land's Wrath|p1a: Pexinator|[from]move: Metronome
|-supereffective|p1a: Pexinator
|-damage|p1a: Pexinator|20/100
|move|p1a: Pexinator|Metronome|p1a: Pexinator
|move|p1a: Pexinator|Power Swap|p2a: Toxapex|[from]move: Metronome
|-swapboost|p1a: Pexinator|p2a: Toxapex|atk, spa|[from] move: Power Swap
|
|-heal|p2a: Toxapex|94/100|[from] Ingrain
|upkeep
|turn|87
|c| knexhawk2|is insane
|
|t:|1653420580
|move|p2a: Toxapex|Metronome|p2a: Toxapex
|move|p2a: Toxapex|Conversion|p2a: Toxapex|[from]move: Metronome
|-start|p2a: Toxapex|typechange|Normal
|move|p1a: Pexinator|Metronome|p1a: Pexinator
|move|p1a: Pexinator|Aurora Veil||[from]move: Metronome|[still]
|-fail|p1a: Pexinator
|
|-heal|p2a: Toxapex|100/100|[from] Ingrain
|upkeep
|turn|88
|c| knexhawk2|WAit
|c| knexhawk2|theres a chance
|c|☆Sp0onl0rd|winnable
|
|t:|1653420585
|-activate|p2a: Toxapex|move: Struggle
|move|p2a: Toxapex|Struggle|p1a: Pexinator
|-damage|p1a: Pexinator|14/100
|-damage|p2a: Toxapex|75/100|[from] recoil
|move|p1a: Pexinator|Metronome|p1a: Pexinator
|move|p1a: Pexinator|Swords Dance|p1a: Pexinator|[from]move: Metronome
|-boost|p1a: Pexinator|atk|2
|
|-heal|p2a: Toxapex|82/100|[from] Ingrain
|upkeep
|turn|89
|c|☆Sp0onl0rd|pex
|c|☆Sp0onl0rd|please
|c|☆Sp0onl0rd|heal
|c|%htcl (>◡<)|maybe with some healing
|
|t:|1653420591
|-activate|p2a: Toxapex|move: Struggle
|move|p2a: Toxapex|Struggle|p1a: Pexinator
|-damage|p1a: Pexinator|9/100
|-damage|p2a: Toxapex|57/100|[from] recoil
|move|p1a: Pexinator|Metronome|p1a: Pexinator
|move|p1a: Pexinator|Role Play||[from]move: Metronome|[still]
|-fail|p1a: Pexinator
|
|-heal|p2a: Toxapex|63/100|[from] Ingrain
|upkeep
|turn|90
|
|t:|1653420594
|-activate|p2a: Toxapex|move: Struggle
|move|p2a: Toxapex|Struggle|p1a: Pexinator
|-damage|p1a: Pexinator|4/100
|-damage|p2a: Toxapex|38/100|[from] recoil
|move|p1a: Pexinator|Metronome|p1a: Pexinator
|move|p1a: Pexinator|Leafage|p2a: Toxapex|[from]move: Metronome
|-damage|p2a: Toxapex|22/100
|
|-heal|p2a: Toxapex|28/100|[from] Ingrain
|upkeep
|turn|91
|c|%htcl (>◡<)|rip
|c| knexhawk2|give my man recover
|
|t:|1653420597
|-activate|p2a: Toxapex|move: Struggle
|move|p2a: Toxapex|Struggle|p1a: Pexinator
|-damage|p1a: Pexinator|0 fnt
|faint|p1a: Pexinator
|-damage|p2a: Toxapex|3/100|[from] recoil
|
|win|Jugloo
|n|☆Sp0onl0rd|sp0onl0rd
|n|☆Jugloo|jugloo
|n| justletmeplaythx|justletmeplaythx
|n| yaboiAshK.|yaboiashk
|n| htcl (>◡<)|htcl
|n| nxvnt|nxvnt
|n| EkkhoTV|ekkhotv
|n| galaxyxxivory|galaxyxxivory
|n| Mango Carlsen|mangocarlsen
|n| vnmmv|vnmmv
|n|+lalaya ☾|lalaya
|n| deesnut|deesnut
|n| Chin Cheng Hanji|chinchenghanji
|n| Stads|stads
|n| G3n0YT|g3n0yt
|n| knexhawk2|knexhawk2
|n| bobertsmalls1|bobertsmalls1
|n| psychoshawk|psychoshawk
|n| SmackPackt|smackpackt
|n| HOF69|hof69
|n| xxxbanettefanxxx|xxxbanettefanxxx
|c|☆Sp0onl0rd|pex
|c| Chin Cheng Hanji|role play xd
|c| knexhawk2|lol
|c|☆Jugloo|gg
|c|☆Sp0onl0rd|cmon man
|c|☆Sp0onl0rd|ggs
|c|☆Sp0onl0rd|wp
|l| SmackPackt
