|j|☆gaijineagle
|j|☆teggun burcs
|t:|1619930098
|gametype|singles
|player|p1|gaijineagle|170|
|player|p2|teggun burcs|2|
|teamsize|p1|6
|teamsize|p2|6
|gen|8
|tier|[Gen 8] OU
|clearpoke
|poke|p1|Landorus-Therian, M|
|poke|p1|Dragonite, M|
|poke|p1|Clefable, F|
|poke|p1|Magnezone|
|poke|p1|Rillaboom, F|
|poke|p1|Heatran, M|
|poke|p2|Landorus-Therian, M|
|poke|p2|Moltres-Galar|
|poke|p2|Rillaboom, M|
|poke|p2|Melmetal|
|poke|p2|Urshifu-*, M|
|poke|p2|Dragapult, M|
|rule|Sleep Clause Mod: Limit one foe put to sleep
|rule|Species Clause: Limit one of each Pokémon
|rule|OHKO Clause: OHKO moves are banned
|rule|Evasion Moves Clause: Evasion moves are banned
|rule|Endless Battle Clause: Forcing endless battles is banned
|rule|HP Percentage Mod: HP is shown in percentages
|rule|Dynamax Clause: You cannot dynamax
|teampreview
|c|☆gaijineagle|brb, let me put this on the pl channel
|c|☆teggun burcs|kk
|c|☆gaijineagle|ok, im back
|c|☆gaijineagle|gl hf
|c|☆teggun burcs|hf
|j| Anvil Head
|c| Anvil Head|LGI EAGLE
|j| DNNP
|j| Amir
|c| Amir|lets goo
|
|t:|1619930203
|start
|switch|p1a: Landorus|Landorus-Therian, M, shiny|100/100
|switch|p2a: Landorus|Landorus-Therian, M|100/100
|-ability|p2a: Landorus|Intimidate|boost
|-unboost|p1a: Landorus|atk|1
|-ability|p1a: Landorus|Intimidate|boost
|-unboost|p2a: Landorus|atk|1
|turn|1
|
|t:|1619930224
|move|p2a: Landorus|Stealth Rock|p1a: Landorus
|-sidestart|p1: gaijineagle|move: Stealth Rock
|move|p1a: Landorus|Toxic|p2a: Landorus
|-status|p2a: Landorus|tox
|
|-damage|p2a: Landorus|95/100 tox|[from] psn
|upkeep
|turn|2
|j| Drivers LlCENSE
|
|t:|1619930242
|move|p1a: Landorus|Protect|p1a: Landorus
|-singleturn|p1a: Landorus|Protect
|move|p2a: Landorus|Swords Dance|p2a: Landorus
|-boost|p2a: Landorus|atk|2
|
|-damage|p2a: Landorus|83/100 tox|[from] psn
|upkeep
|turn|3
|j| Jomatoes
|
|t:|1619930281
|move|p1a: Landorus|Protect||[still]
|-fail|p1a: Landorus
|move|p2a: Landorus|Explosion|p1a: Landorus
|-damage|p1a: Landorus|0 fnt
|faint|p2a: Landorus
|faint|p1a: Landorus
|
|upkeep
|c| Jomatoes|Go gaijin eagle
|c| Amir|wait
|c| Amir|that team looks familiar
|raw|<div class="broadcast-red"><strong>Moderated chat was set to +!</strong><br />Only users of rank + and higher can talk.</div>
|
|t:|1619930333
|switch|p2a: Dragapult|Dragapult, M|100/100
|switch|p1a: Magnezone|Magnezone, shiny|100/100
|-damage|p1a: Magnezone|94/100|[from] Stealth Rock
|-item|p1a: Magnezone|Air Balloon
|turn|4
|
|t:|1619930353
|switch|p1a: Clefable|Clefable, F|100/100
|move|p2a: Dragapult|Flamethrower|p1a: Clefable
|-damage|p1a: Clefable|66/100
|
|upkeep
|turn|5
|
|t:|1619930403
|switch|p2a: Melmetal|Melmetal|100/100
|move|p1a: Clefable|Soft-Boiled|p1a: Clefable
|-heal|p1a: Clefable|100/100
|
|upkeep
|turn|6
|
|t:|1619930445
|switch|p2a: Urshifu|Urshifu-Rapid-Strike, M|100/100
|switch|p1a: Magnezone|Magnezone, shiny|94/100
|-damage|p1a: Magnezone|88/100|[from] Stealth Rock
|-item|p1a: Magnezone|Air Balloon
|
|upkeep
|turn|7
|
|t:|1619930537
|switch|p1a: Dragonite|Dragonite, M, shiny|100/100
|move|p2a: Urshifu|U-turn|p1a: Dragonite
|-resisted|p1a: Dragonite
|-damage|p1a: Dragonite|91/100
|
|t:|1619930604
|switch|p2a: Dragapult|Dragapult, M|100/100|[from]move: U-turn
|
|upkeep
|turn|8
|
|t:|1619930677
|switch|p1a: Clefable|Clefable, F|100/100
|move|p2a: Dragapult|Draco Meteor|p1a: Clefable
|-immune|p1a: Clefable
|
|upkeep
|turn|9
|
|t:|1619930708
|switch|p2a: Melmetal|Melmetal|100/100
|switch|p1a: Magnezone|Magnezone, shiny|88/100
|-damage|p1a: Magnezone|82/100|[from] Stealth Rock
|-item|p1a: Magnezone|Air Balloon
|
|upkeep
|turn|10
|
|t:|1619930723
|move|p1a: Magnezone|Iron Defense|p1a: Magnezone
|-boost|p1a: Magnezone|def|2
|move|p2a: Melmetal|Superpower|p1a: Magnezone
|-supereffective|p1a: Magnezone
|-damage|p1a: Magnezone|41/100
|-unboost|p2a: Melmetal|atk|1
|-unboost|p2a: Melmetal|def|1
|-enditem|p1a: Magnezone|Air Balloon
|
|upkeep
|turn|11
|
|t:|1619930762
|move|p1a: Magnezone|Body Press|p2a: Melmetal
|-supereffective|p2a: Melmetal
|-damage|p2a: Melmetal|7/100
|move|p2a: Melmetal|Superpower|p1a: Magnezone
|-supereffective|p1a: Magnezone
|-crit|p1a: Magnezone
|-damage|p1a: Magnezone|0 fnt
|-unboost|p2a: Melmetal|atk|1
|-unboost|p2a: Melmetal|def|1
|faint|p1a: Magnezone
|
|upkeep
|
|t:|1619930765
|switch|p1a: Heatran|Heatran, M|100/100
|-damage|p1a: Heatran|88/100|[from] Stealth Rock
|turn|12
|
|t:|1619930795
|switch|p2a: Urshifu|Urshifu-Rapid-Strike, M|100/100
|move|p1a: Heatran|Eruption|p2a: Urshifu
|-resisted|p2a: Urshifu
|-damage|p2a: Urshifu|49/100
|
|upkeep
|turn|13
|
|t:|1619930802
|move|p1a: Heatran|Eruption|p2a: Urshifu
|-resisted|p2a: Urshifu
|-damage|p2a: Urshifu|0 fnt
|faint|p2a: Urshifu
|
|upkeep
|
|t:|1619930855
|switch|p2a: Dragapult|Dragapult, M|100/100
|turn|14
|
|t:|1619930915
|switch|p1a: Rillaboom|Rillaboom, F|100/100
|-damage|p1a: Rillaboom|88/100|[from] Stealth Rock
|-fieldstart|move: Grassy Terrain|[from] ability: Grassy Surge|[of] p1a: Rillaboom
|move|p2a: Dragapult|Shadow Ball|p1a: Rillaboom
|-damage|p1a: Rillaboom|17/100
|-unboost|p1a: Rillaboom|spd|1
|
|-heal|p1a: Rillaboom|23/100|[from] Grassy Terrain
|upkeep
|turn|15
|
|t:|1619930927
|move|p1a: Rillaboom|Grassy Glide|p2a: Dragapult
|-resisted|p2a: Dragapult
|-damage|p2a: Dragapult|59/100
|-damage|p1a: Rillaboom|13/100|[from] item: Life Orb
|move|p2a: Dragapult|Shadow Ball|p1a: Rillaboom
|-damage|p1a: Rillaboom|0 fnt
|faint|p1a: Rillaboom
|
|-heal|p2a: Dragapult|65/100|[from] Grassy Terrain
|upkeep
|
|t:|1619930931
|switch|p1a: Clefable|Clefable, F|100/100
|turn|16
|
|t:|1619930955
|switch|p2a: Melmetal|Melmetal|7/100
|move|p1a: Clefable|Moonblast|p2a: Melmetal
|-resisted|p2a: Melmetal
|-damage|p2a: Melmetal|0 fnt
|faint|p2a: Melmetal
|
|upkeep
|
|t:|1619931100
|switch|p2a: Rillaboom|Rillaboom, M|100/100
|turn|17
|
|t:|1619931134
|switch|p2a: Moltres|Moltres-Galar|100/100
|switch|p1a: Dragonite|Dragonite, M, shiny|91/100
|
|upkeep
|turn|18
|
|t:|1619931175
|move|p1a: Dragonite|Dragon Dance|p1a: Dragonite
|-boost|p1a: Dragonite|atk|1
|-boost|p1a: Dragonite|spe|1
|move|p2a: Moltres|Nasty Plot|p2a: Moltres
|-boost|p2a: Moltres|spa|2
|
|-fieldend|move: Grassy Terrain
|upkeep
|turn|19
|
|t:|1619931190
|move|p1a: Dragonite|Ice Punch|p2a: Moltres
|-supereffective|p2a: Moltres
|-damage|p2a: Moltres|14/100
|-ability|p2a: Moltres|Berserk|boost
|-boost|p2a: Moltres|spa|1
|move|p2a: Moltres|Hurricane|p1a: Dragonite|[miss]
|-miss|p2a: Moltres|p1a: Dragonite
|
|upkeep
|turn|20
|
|t:|1619931215
|move|p1a: Dragonite|Ice Punch|p2a: Moltres
|-supereffective|p2a: Moltres
|-damage|p2a: Moltres|0 fnt
|faint|p2a: Moltres
|
|upkeep
|
|t:|1619931227
|switch|p2a: Dragapult|Dragapult, M|65/100
|turn|21
|
|t:|1619931249
|move|p1a: Dragonite|Ice Punch|p2a: Dragapult
|-supereffective|p2a: Dragapult
|-damage|p2a: Dragapult|0 fnt
|faint|p2a: Dragapult
|
|upkeep
|
|t:|1619931256
|switch|p2a: Rillaboom|Rillaboom, M|100/100
|-fieldstart|move: Grassy Terrain|[from] ability: Grassy Surge|[of] p2a: Rillaboom
|turn|22
|
|t:|1619931272
|move|p2a: Rillaboom|Grassy Glide|p1a: Dragonite
|-resisted|p1a: Dragonite
|-crit|p1a: Dragonite
|-damage|p1a: Dragonite|67/100
|-damage|p2a: Rillaboom|91/100|[from] item: Life Orb
|move|p1a: Dragonite|Ice Punch|p2a: Rillaboom
|-supereffective|p2a: Rillaboom
|-damage|p2a: Rillaboom|4/100
|-status|p2a: Rillaboom|frz
|
|-heal|p2a: Rillaboom|10/100 frz|[from] Grassy Terrain
|upkeep
|turn|23
|c|☆teggun burcs|gg
|
|t:|1619931277
|-curestatus|p2a: Rillaboom|frz|[msg]
|move|p2a: Rillaboom|Grassy Glide|p1a: Dragonite
|-resisted|p1a: Dragonite
|-damage|p1a: Dragonite|50/100
|-damage|p2a: Rillaboom|0 fnt|[from] item: Life Orb
|faint|p2a: Rillaboom
|
|win|gaijineagle
|c|☆gaijineagle|gg bro
|l|☆teggun burcs
