|j|☆test31415
|j|☆JoeyOwesMeMoney
|player|p1|test31415|101|1656
|player|p2|JoeyOwesMeMoney|170|1793
|teamsize|p1|6
|teamsize|p2|6
|gametype|singles
|gen|8
|tier|[Gen 8] OU
|rated|
|html|<div class="broadcast-blue"><strong>OU is currently suspecting Dracovish! For information on how to participate check out the <a href="https://www.smogon.com/forums/threads/3664521/">suspect thread</a>.</strong></div>
|clearpoke
|poke|p1|Hydreigon, M|
|poke|p1|Venusaur, M|
|poke|p1|Cinderace, M|
|poke|p1|Bisharp, M|
|poke|p1|Jirachi|
|poke|p1|Corviknight, M|
|poke|p2|Toxapex, M|
|poke|p2|Ferrothorn, M|
|poke|p2|Seismitoad, F|
|poke|p2|Tyranitar, F|
|poke|p2|Clefable, M|
|poke|p2|Corviknight, M|
|rule|Sleep Clause Mod: Limit one foe put to sleep
|rule|Species Clause: Limit one of each Pokémon
|rule|OHKO Clause: OHKO moves are banned
|rule|Evasion Moves Clause: Evasion moves are banned
|rule|Endless Battle Clause: Forcing endless battles is banned
|rule|HP Percentage Mod: HP is shown in percentages
|rule|Dynamax Clause: You cannot dynamax
|teampreview
|inactive|Battle timer is ON: inactive players will automatically lose when time's up. (requested by test31415)
|
|start
|switch|p1a: Jirachi|Jirachi|100/100
|switch|p2a: Toxapex|Toxapex, M|100/100
|turn|1
|
|move|p1a: Jirachi|Trick|p2a: Toxapex
|-activate|p1a: Jirachi|move: Trick|[of] p2a: Toxapex
|-item|p2a: Toxapex|Choice Specs|[from] move: Trick
|-item|p1a: Jirachi|Black Sludge|[from] move: Trick
|move|p2a: Toxapex|Scald|p1a: Jirachi
|-damage|p1a: Jirachi|74/100
|
|-damage|p1a: Jirachi|62/100|[from] item: Black Sludge
|upkeep
|turn|2
|
|move|p1a: Jirachi|Psychic|p2a: Toxapex
|-supereffective|p2a: Toxapex
|-damage|p2a: Toxapex|33/100
|move|p2a: Toxapex|Scald|p1a: Jirachi
|-damage|p1a: Jirachi|37/100
|-status|p1a: Jirachi|brn
|
|-damage|p1a: Jirachi|25/100 brn|[from] item: Black Sludge
|-damage|p1a: Jirachi|18/100 brn|[from] brn
|upkeep
|turn|3
|
|switch|p2a: Tyranitar|Tyranitar, F|100/100
|-weather|Sandstorm|[from] ability: Sand Stream|[of] p2a: Tyranitar
|move|p1a: Jirachi|Psychic|p2a: Tyranitar
|-immune|p2a: Tyranitar
|
|-weather|Sandstorm|[upkeep]
|-damage|p1a: Jirachi|6/100 brn|[from] item: Black Sludge
|-damage|p1a: Jirachi|0 fnt|[from] brn
|faint|p1a: Jirachi
|upkeep
|j| HeavenStar
|
|switch|p1a: Bisharp|Bisharp, M|100/100
|turn|4
|
|switch|p2a: Corviknight|Corviknight, M|100/100
|-ability|p2a: Corviknight|Pressure
|move|p1a: Bisharp|Iron Head|p2a: Corviknight
|-resisted|p2a: Corviknight
|-damage|p2a: Corviknight|84/100
|-damage|p1a: Bisharp|84/100|[from] item: Rocky Helmet|[of] p2a: Corviknight
|-damage|p1a: Bisharp|74/100|[from] item: Life Orb
|
|-weather|Sandstorm|[upkeep]
|upkeep
|turn|5
|
|switch|p1a: Cinderace|Cinderace, M|100/100
|move|p2a: Corviknight|Roost|p2a: Corviknight
|-heal|p2a: Corviknight|100/100
|-singleturn|p2a: Corviknight|move: Roost
|
|-weather|Sandstorm|[upkeep]
|-damage|p1a: Cinderace|95/100|[from] Sandstorm
|upkeep
|turn|6
|
|switch|p2a: Toxapex|Toxapex, M|67/100
|move|p1a: Cinderace|Pyro Ball|p2a: Toxapex
|-resisted|p2a: Toxapex
|-damage|p2a: Toxapex|48/100
|
|-weather|Sandstorm|[upkeep]
|-damage|p1a: Cinderace|89/100|[from] Sandstorm
|-damage|p2a: Toxapex|42/100|[from] Sandstorm
|upkeep
|turn|7
|
|move|p1a: Cinderace|U-turn|p2a: Toxapex
|-resisted|p2a: Toxapex
|-damage|p2a: Toxapex|36/100
|
|switch|p1a: Bisharp|Bisharp, M|74/100|[from]move: U-turn
|move|p2a: Toxapex|Knock Off|p1a: Bisharp
|-resisted|p1a: Bisharp
|-damage|p1a: Bisharp|64/100
|-enditem|p1a: Bisharp|Life Orb|[from] move: Knock Off|[of] p2a: Toxapex
|
|-weather|none
|upkeep
|turn|8
|
|switch|p2a: Corviknight|Corviknight, M|100/100
|-ability|p2a: Corviknight|Pressure
|move|p1a: Bisharp|Swords Dance|p1a: Bisharp
|-boost|p1a: Bisharp|atk|2
|
|upkeep
|turn|9
|
|move|p1a: Bisharp|Knock Off|p2a: Corviknight
|-damage|p2a: Corviknight|43/100
|-damage|p1a: Bisharp|47/100|[from] item: Rocky Helmet|[of] p2a: Corviknight
|-enditem|p2a: Corviknight|Rocky Helmet|[from] move: Knock Off|[of] p1a: Bisharp
|move|p2a: Corviknight|Body Press|p1a: Bisharp
|-supereffective|p1a: Bisharp
|-damage|p1a: Bisharp|0 fnt
|faint|p1a: Bisharp
|
|upkeep
|
|switch|p1a: Cinderace|Cinderace, M|89/100
|turn|10
|
|switch|p2a: Toxapex|Toxapex, M|69/100
|move|p1a: Cinderace|Pyro Ball|p2a: Toxapex
|-resisted|p2a: Toxapex
|-damage|p2a: Toxapex|52/100
|
|upkeep
|turn|11
|
|move|p1a: Cinderace|U-turn|p2a: Toxapex
|-resisted|p2a: Toxapex
|-crit|p2a: Toxapex
|-damage|p2a: Toxapex|41/100
|
|switch|p1a: Hydreigon|Hydreigon, M|100/100|[from]move: U-turn
|move|p2a: Toxapex|Knock Off|p1a: Hydreigon
|-resisted|p1a: Hydreigon
|-damage|p1a: Hydreigon|91/100
|-enditem|p1a: Hydreigon|Choice Scarf|[from] move: Knock Off|[of] p2a: Toxapex
|
|upkeep
|turn|12
|
|switch|p2a: Tyranitar|Tyranitar, F|100/100
|-weather|Sandstorm|[from] ability: Sand Stream|[of] p2a: Tyranitar
|move|p1a: Hydreigon|Flash Cannon|p2a: Tyranitar
|-supereffective|p2a: Tyranitar
|-damage|p2a: Tyranitar|85/100
|
|-weather|Sandstorm|[upkeep]
|-damage|p1a: Hydreigon|85/100|[from] Sandstorm
|upkeep
|turn|13
|
|switch|p1a: Corviknight|Corviknight, M|100/100
|-ability|p1a: Corviknight|Pressure
|switch|p2a: Toxapex|Toxapex, M|74/100
|
|-weather|Sandstorm|[upkeep]
|-damage|p2a: Toxapex|68/100|[from] Sandstorm
|upkeep
|turn|14
|
|move|p1a: Corviknight|Body Press|p2a: Toxapex
|-resisted|p2a: Toxapex
|-damage|p2a: Toxapex|60/100
|move|p2a: Toxapex|Scald|p1a: Corviknight
|-damage|p1a: Corviknight|78/100
|
|-weather|Sandstorm|[upkeep]
|-damage|p2a: Toxapex|54/100|[from] Sandstorm
|-heal|p1a: Corviknight|84/100|[from] item: Leftovers
|upkeep
|turn|15
|
|move|p1a: Corviknight|U-turn|p2a: Toxapex
|-resisted|p2a: Toxapex
|-damage|p2a: Toxapex|50/100
|
|switch|p1a: Hydreigon|Hydreigon, M|85/100|[from]move: U-turn
|move|p2a: Toxapex|Scald|p1a: Hydreigon
|-resisted|p1a: Hydreigon
|-crit|p1a: Hydreigon
|-damage|p1a: Hydreigon|63/100
|-status|p1a: Hydreigon|brn
|
|-weather|Sandstorm|[upkeep]
|-damage|p1a: Hydreigon|57/100 brn|[from] Sandstorm
|-damage|p2a: Toxapex|44/100|[from] Sandstorm
|-damage|p1a: Hydreigon|50/100 brn|[from] brn
|upkeep
|turn|16
|
|switch|p1a: Corviknight|Corviknight, M|84/100
|-ability|p1a: Corviknight|Pressure
|switch|p2a: Seismitoad|Seismitoad, F|100/100
|
|-weather|none
|-heal|p1a: Corviknight|90/100|[from] item: Leftovers
|upkeep
|turn|17
|
|move|p1a: Corviknight|Body Press|p2a: Seismitoad
|-damage|p2a: Seismitoad|82/100
|move|p2a: Seismitoad|Knock Off|p1a: Corviknight
|-damage|p1a: Corviknight|77/100
|-enditem|p1a: Corviknight|Leftovers|[from] move: Knock Off|[of] p2a: Seismitoad
|
|-heal|p2a: Seismitoad|88/100|[from] item: Leftovers
|upkeep
|turn|18
|
|move|p1a: Corviknight|Body Press|p2a: Seismitoad
|-damage|p2a: Seismitoad|68/100
|move|p2a: Seismitoad|Scald|p1a: Corviknight
|-damage|p1a: Corviknight|55/100
|
|-heal|p2a: Seismitoad|74/100|[from] item: Leftovers
|upkeep
|turn|19
|
|move|p1a: Corviknight|Body Press|p2a: Seismitoad
|-damage|p2a: Seismitoad|55/100
|move|p2a: Seismitoad|Scald|p1a: Corviknight
|-damage|p1a: Corviknight|32/100
|
|-heal|p2a: Seismitoad|62/100|[from] item: Leftovers
|upkeep
|turn|20
|
|move|p1a: Corviknight|Body Press|p2a: Seismitoad
|-damage|p2a: Seismitoad|42/100
|move|p2a: Seismitoad|Scald|p1a: Corviknight
|-damage|p1a: Corviknight|8/100
|
|-heal|p2a: Seismitoad|48/100|[from] item: Leftovers
|upkeep
|turn|21
|
|move|p1a: Corviknight|Body Press|p2a: Seismitoad
|-damage|p2a: Seismitoad|30/100
|move|p2a: Seismitoad|Scald|p1a: Corviknight
|-damage|p1a: Corviknight|0 fnt
|faint|p1a: Corviknight
|
|-heal|p2a: Seismitoad|36/100|[from] item: Leftovers
|upkeep
|
|switch|p1a: Venusaur|Venusaur, M|100/100
|turn|22
|
|switch|p2a: Ferrothorn|Ferrothorn, M|100/100
|move|p1a: Venusaur|Giga Drain|p2a: Ferrothorn
|-resisted|p2a: Ferrothorn
|-damage|p2a: Ferrothorn|95/100
|
|-heal|p2a: Ferrothorn|100/100|[from] item: Leftovers
|upkeep
|turn|23
|
|switch|p1a: Hydreigon|Hydreigon, M|50/100 brn
|move|p2a: Ferrothorn|Knock Off|p1a: Hydreigon
|-resisted|p1a: Hydreigon
|-damage|p1a: Hydreigon|43/100 brn
|
|-damage|p1a: Hydreigon|37/100 brn|[from] brn
|upkeep
|turn|24
|
|switch|p2a: Tyranitar|Tyranitar, F|85/100
|-weather|Sandstorm|[from] ability: Sand Stream|[of] p2a: Tyranitar
|move|p1a: Hydreigon|Flash Cannon|p2a: Tyranitar
|-supereffective|p2a: Tyranitar
|-damage|p2a: Tyranitar|69/100
|
|-weather|Sandstorm|[upkeep]
|-damage|p1a: Hydreigon|31/100 brn|[from] Sandstorm
|-damage|p1a: Hydreigon|24/100 brn|[from] brn
|upkeep
|turn|25
|
|move|p1a: Hydreigon|Flash Cannon|p2a: Tyranitar
|-supereffective|p2a: Tyranitar
|-damage|p2a: Tyranitar|54/100
|move|p2a: Tyranitar|Superpower|p1a: Hydreigon
|-supereffective|p1a: Hydreigon
|-damage|p1a: Hydreigon|0 fnt
|-unboost|p2a: Tyranitar|atk|1
|-unboost|p2a: Tyranitar|def|1
|faint|p1a: Hydreigon
|
|-weather|Sandstorm|[upkeep]
|upkeep
|inactive|test31415 has 120 seconds left.
|inactive|test31415 has 90 seconds left.
|
|switch|p1a: Venusaur|Venusaur, M|100/100
|turn|26
|
|switch|p2a: Ferrothorn|Ferrothorn, M|100/100
|move|p1a: Venusaur|Growth|p1a: Venusaur
|-boost|p1a: Venusaur|atk|1
|-boost|p1a: Venusaur|spa|1
|
|-weather|Sandstorm|[upkeep]
|-damage|p1a: Venusaur|94/100|[from] Sandstorm
|-heal|p1a: Venusaur|100/100|[from] item: Leftovers
|upkeep
|turn|27
|
|move|p1a: Venusaur|Growth|p1a: Venusaur
|-boost|p1a: Venusaur|atk|1
|-boost|p1a: Venusaur|spa|1
|move|p2a: Ferrothorn|Knock Off|p1a: Venusaur
|-damage|p1a: Venusaur|75/100
|-enditem|p1a: Venusaur|Leftovers|[from] move: Knock Off|[of] p2a: Ferrothorn
|
|-weather|Sandstorm|[upkeep]
|-damage|p1a: Venusaur|69/100|[from] Sandstorm
|upkeep
|turn|28
|
|move|p1a: Venusaur|Growth|p1a: Venusaur
|-boost|p1a: Venusaur|atk|1
|-boost|p1a: Venusaur|spa|1
|move|p2a: Ferrothorn|Knock Off|p1a: Venusaur
|-damage|p1a: Venusaur|52/100
|
|-weather|none
|upkeep
|turn|29
|inactive|test31415 has 120 seconds left.
|
|move|p1a: Venusaur|Growth|p1a: Venusaur
|-boost|p1a: Venusaur|atk|1
|-boost|p1a: Venusaur|spa|1
|move|p2a: Ferrothorn|Knock Off|p1a: Venusaur
|-damage|p1a: Venusaur|37/100
|
|upkeep
|turn|30
|
|switch|p2a: Tyranitar|Tyranitar, F|54/100
|-weather|Sandstorm|[from] ability: Sand Stream|[of] p2a: Tyranitar
|move|p1a: Venusaur|Growth|p1a: Venusaur
|-boost|p1a: Venusaur|atk|1
|-boost|p1a: Venusaur|spa|1
|
|-weather|Sandstorm|[upkeep]
|-damage|p1a: Venusaur|30/100|[from] Sandstorm
|upkeep
|turn|31
|
|switch|p2a: Ferrothorn|Ferrothorn, M|100/100
|move|p1a: Venusaur|Giga Drain|p2a: Ferrothorn
|-resisted|p2a: Ferrothorn
|-damage|p2a: Ferrothorn|73/100
|-heal|p1a: Venusaur|44/100|[from] drain|[of] p2a: Ferrothorn
|
|-weather|Sandstorm|[upkeep]
|-damage|p1a: Venusaur|38/100|[from] Sandstorm
|-heal|p2a: Ferrothorn|79/100|[from] item: Leftovers
|upkeep
|turn|32
|
|move|p1a: Venusaur|Earth Power|p2a: Ferrothorn
|-damage|p2a: Ferrothorn|19/100
|move|p2a: Ferrothorn|Knock Off|p1a: Venusaur
|-damage|p1a: Venusaur|22/100
|
|-weather|Sandstorm|[upkeep]
|-damage|p1a: Venusaur|16/100|[from] Sandstorm
|-heal|p2a: Ferrothorn|25/100|[from] item: Leftovers
|upkeep
|turn|33
|
|move|p2a: Ferrothorn|Protect|p2a: Ferrothorn
|-singleturn|p2a: Ferrothorn|Protect
|move|p1a: Venusaur|Giga Drain|p2a: Ferrothorn
|-activate|p2a: Ferrothorn|move: Protect
|
|-weather|Sandstorm|[upkeep]
|-damage|p1a: Venusaur|10/100|[from] Sandstorm
|-heal|p2a: Ferrothorn|31/100|[from] item: Leftovers
|upkeep
|turn|34
|
|switch|p2a: Seismitoad|Seismitoad, F|36/100
|move|p1a: Venusaur|Giga Drain|p2a: Seismitoad
|-supereffective|p2a: Seismitoad
|-damage|p2a: Seismitoad|0 fnt
|-heal|p1a: Venusaur|31/100|[from] drain|[of] p2a: Seismitoad
|faint|p2a: Seismitoad
|
|-weather|none
|upkeep
|inactive|JoeyOwesMeMoney has 120 seconds left.
|inactive|JoeyOwesMeMoney has 90 seconds left.
|
|switch|p2a: Tyranitar|Tyranitar, F|54/100
|-weather|Sandstorm|[from] ability: Sand Stream|[of] p2a: Tyranitar
|turn|35
|
|switch|p2a: Ferrothorn|Ferrothorn, M|31/100
|move|p1a: Venusaur|Giga Drain|p2a: Ferrothorn
|-resisted|p2a: Ferrothorn
|-damage|p2a: Ferrothorn|1/100
|-heal|p1a: Venusaur|46/100|[from] drain|[of] p2a: Ferrothorn
|
|-weather|Sandstorm|[upkeep]
|-damage|p1a: Venusaur|40/100|[from] Sandstorm
|-heal|p2a: Ferrothorn|7/100|[from] item: Leftovers
|upkeep
|turn|36
|inactive|JoeyOwesMeMoney has 90 seconds left.
|
|move|p2a: Ferrothorn|Protect|p2a: Ferrothorn
|-singleturn|p2a: Ferrothorn|Protect
|move|p1a: Venusaur|Giga Drain|p2a: Ferrothorn
|-activate|p2a: Ferrothorn|move: Protect
|
|-weather|Sandstorm|[upkeep]
|-damage|p1a: Venusaur|34/100|[from] Sandstorm
|-heal|p2a: Ferrothorn|13/100|[from] item: Leftovers
|upkeep
|turn|37
|
|move|p2a: Ferrothorn|Protect||[still]
|-fail|p2a: Ferrothorn
|move|p1a: Venusaur|Giga Drain|p2a: Ferrothorn
|-resisted|p2a: Ferrothorn
|-damage|p2a: Ferrothorn|0 fnt
|-heal|p1a: Venusaur|41/100|[from] drain|[of] p2a: Ferrothorn
|faint|p2a: Ferrothorn
|
|-weather|Sandstorm|[upkeep]
|-damage|p1a: Venusaur|35/100|[from] Sandstorm
|upkeep
|
|switch|p2a: Clefable|Clefable, M|100/100
|turn|38
|
|move|p2a: Clefable|Protect|p2a: Clefable
|-singleturn|p2a: Clefable|Protect
|move|p1a: Venusaur|Sludge Bomb|p2a: Clefable
|-activate|p2a: Clefable|move: Protect
|
|-weather|Sandstorm|[upkeep]
|-damage|p1a: Venusaur|28/100|[from] Sandstorm
|-damage|p2a: Clefable|94/100|[from] Sandstorm
|-heal|p2a: Clefable|100/100|[from] item: Leftovers
|upkeep
|turn|39
|
|move|p1a: Venusaur|Giga Drain|p2a: Clefable
|-damage|p2a: Clefable|49/100
|-heal|p1a: Venusaur|58/100|[from] drain|[of] p2a: Clefable
|move|p2a: Clefable|Moonblast|p1a: Venusaur
|-resisted|p1a: Venusaur
|-damage|p1a: Venusaur|41/100
|
|-weather|none
|-heal|p2a: Clefable|55/100|[from] item: Leftovers
|upkeep
|turn|40
|
|move|p2a: Clefable|Protect|p2a: Clefable
|-singleturn|p2a: Clefable|Protect
|move|p1a: Venusaur|Sludge Bomb|p2a: Clefable
|-activate|p2a: Clefable|move: Protect
|
|-heal|p2a: Clefable|61/100|[from] item: Leftovers
|upkeep
|turn|41
|j| BigConns
|inactive|JoeyOwesMeMoney has 120 seconds left.
|
|move|p1a: Venusaur|Sludge Bomb|p2a: Clefable
|-supereffective|p2a: Clefable
|-damage|p2a: Clefable|0 fnt
|faint|p2a: Clefable
|
|upkeep
|
|switch|p2a: Tyranitar|Tyranitar, F|54/100
|-weather|Sandstorm|[from] ability: Sand Stream|[of] p2a: Tyranitar
|turn|42
|
|move|p1a: Venusaur|Giga Drain|p2a: Tyranitar
|-supereffective|p2a: Tyranitar
|-damage|p2a: Tyranitar|0 fnt
|-heal|p1a: Venusaur|73/100|[from] drain|[of] p2a: Tyranitar
|faint|p2a: Tyranitar
|
|-weather|Sandstorm|[upkeep]
|-damage|p1a: Venusaur|67/100|[from] Sandstorm
|upkeep
|inactive|JoeyOwesMeMoney has 120 seconds left.
|inactive|JoeyOwesMeMoney has 90 seconds left.
|inactive|JoeyOwesMeMoney has 60 seconds left.
|inactive|JoeyOwesMeMoney has 30 seconds left.
|inactive|JoeyOwesMeMoney has 20 seconds left.
|inactive|JoeyOwesMeMoney has 15 seconds left.
|inactive|JoeyOwesMeMoney has 10 seconds left.
|j|@Ransei
|inactive|JoeyOwesMeMoney has 5 seconds left.
|-message|JoeyOwesMeMoney lost due to inactivity.
|
|win|test31415
|l|☆test31415
|l|@Ransei
