|j|☆inviT2mark
|j|‽BLOODCLAT
|t:|1660581052
|gametype|singles
|player|p1|inviT2mark|marshal|1624
|player|p2|BLOODCLAT|hoopster|1730
|teamsize|p1|6
|teamsize|p2|6
|gen|8
|tier|[Gen 8] OU
|rated|
|rule|Sleep Clause Mod: Limit one foe put to sleep
|rule|Species Clause: Limit one of each Pokémon
|rule|OHKO Clause: OHKO moves are banned
|rule|Evasion Items Clause: Evasion items are banned
|rule|Evasion Moves Clause: Evasion moves are banned
|rule|Endless Battle Clause: Forcing endless battles is banned
|rule|HP Percentage Mod: HP is shown in percentages
|rule|Dynamax Clause: You cannot dynamax
|clearpoke
|poke|p1|Slowking-Galar, F|
|poke|p1|Urshifu-*, F|
|poke|p1|Garchomp, F|
|poke|p1|Weavile, M|
|poke|p1|Corviknight, F|
|poke|p1|Rillaboom, F|
|poke|p2|Keldeo|
|poke|p2|Toxapex, F|
|poke|p2|Landorus-Therian, M|
|poke|p2|Dragonite, F|
|poke|p2|Ferrothorn, M|
|poke|p2|Weavile, M|
|teampreview
|inactive|Battle timer is ON: inactive players will automatically lose when time's up. (requested by inviT2mark)
|j| lhwsr
|inactive|inviT2mark has 120 seconds left.
|
|t:|1660581084
|start
|switch|p1a: Garchomp|Garchomp, F|100/100
|switch|p2a: Landorus|Landorus-Therian, M|100/100
|-ability|p2a: Landorus|Intimidate|boost
|-unboost|p1a: Garchomp|atk|1
|turn|1
|
|t:|1660581115
|move|p2a: Landorus|Earthquake|p1a: Garchomp
|-damage|p1a: Garchomp|52/100
|move|p1a: Garchomp|Stealth Rock|p2a: Landorus
|-sidestart|p2: BLOODCLAT|move: Stealth Rock
|
|-heal|p1a: Garchomp|58/100|[from] item: Leftovers
|upkeep
|turn|2
|
|t:|1660581121
|switch|p2a: Ferrothorn|Ferrothorn, M|100/100
|-damage|p2a: Ferrothorn|94/100|[from] Stealth Rock
|switch|p1a: Corviknight|Corviknight, F|100/100
|-ability|p1a: Corviknight|Pressure
|
|-heal|p2a: Ferrothorn|100/100|[from] item: Leftovers
|upkeep
|turn|3
|
|t:|1660581129
|switch|p1a: Rillaboom|Rillaboom, F|100/100
|-fieldstart|move: Grassy Terrain|[from] ability: Grassy Surge|[of] p1a: Rillaboom
|move|p2a: Ferrothorn|Stealth Rock|p1a: Rillaboom
|-sidestart|p1: inviT2mark|move: Stealth Rock
|
|upkeep
|turn|4
|
|t:|1660581135
|move|p1a: Rillaboom|Swords Dance|p1a: Rillaboom
|-boost|p1a: Rillaboom|atk|2
|move|p2a: Ferrothorn|Knock Off|p1a: Rillaboom
|-damage|p1a: Rillaboom|78/100
|-enditem|p1a: Rillaboom|Leftovers|[from] move: Knock Off|[of] p2a: Ferrothorn
|
|-heal|p1a: Rillaboom|84/100|[from] Grassy Terrain
|upkeep
|turn|5
|
|t:|1660581143
|move|p1a: Rillaboom|Knock Off|p2a: Ferrothorn
|-damage|p2a: Ferrothorn|57/100
|-damage|p1a: Rillaboom|72/100|[from] ability: Iron Barbs|[of] p2a: Ferrothorn
|-enditem|p2a: Ferrothorn|Leftovers|[from] move: Knock Off|[of] p1a: Rillaboom
|move|p2a: Ferrothorn|Iron Head|p1a: Rillaboom
|-damage|p1a: Rillaboom|48/100
|
|-heal|p1a: Rillaboom|54/100|[from] Grassy Terrain
|-heal|p2a: Ferrothorn|64/100|[from] Grassy Terrain
|upkeep
|turn|6
|
|t:|1660581150
|switch|p2a: Dragonite|Dragonite, F|100/100
|move|p1a: Rillaboom|Drain Punch|p2a: Dragonite
|-resisted|p2a: Dragonite
|-damage|p2a: Dragonite|88/100
|-heal|p1a: Rillaboom|60/100|[from] drain|[of] p2a: Dragonite
|
|-heal|p1a: Rillaboom|66/100|[from] Grassy Terrain
|upkeep
|turn|7
|
|t:|1660581164
|move|p1a: Rillaboom|Knock Off|p2a: Dragonite
|-damage|p2a: Dragonite|26/100
|-enditem|p2a: Dragonite|Heavy-Duty Boots|[from] move: Knock Off|[of] p1a: Rillaboom
|move|p2a: Dragonite|Roost|p2a: Dragonite
|-heal|p2a: Dragonite|76/100
|-singleturn|p2a: Dragonite|move: Roost
|
|-heal|p1a: Rillaboom|72/100|[from] Grassy Terrain
|-heal|p2a: Dragonite|82/100|[from] Grassy Terrain
|-fieldend|move: Grassy Terrain
|upkeep
|turn|8
|
|t:|1660581177
|switch|p1a: Weavile|Weavile, M|100/100
|-ability|p1a: Weavile|Pressure
|move|p2a: Dragonite|Roost|p2a: Dragonite
|-heal|p2a: Dragonite|100/100
|-singleturn|p2a: Dragonite|move: Roost
|
|upkeep
|turn|9
|
|t:|1660581187
|switch|p2a: Toxapex|Toxapex, F|100/100
|-damage|p2a: Toxapex|88/100|[from] Stealth Rock
|move|p1a: Weavile|Knock Off|p2a: Toxapex
|-damage|p2a: Toxapex|50/100
|-enditem|p2a: Toxapex|Black Sludge|[from] move: Knock Off|[of] p1a: Weavile
|
|upkeep
|turn|10
|
|t:|1660581202
|switch|p1a: Slowking|Slowking-Galar, F|100/100
|-damage|p1a: Slowking|88/100|[from] Stealth Rock
|switch|p2a: Weavile|Weavile, M|100/100
|-ability|p2a: Weavile|Pressure
|
|upkeep
|turn|11
|
|t:|1660581223
|switch|p1a: Corviknight|Corviknight, F|100/100
|-damage|p1a: Corviknight|88/100|[from] Stealth Rock
|-ability|p1a: Corviknight|Pressure
|move|p2a: Weavile|Knock Off|p1a: Corviknight
|-damage|p1a: Corviknight|59/100
|-damage|p2a: Weavile|84/100|[from] item: Rocky Helmet|[of] p1a: Corviknight
|-enditem|p1a: Corviknight|Rocky Helmet|[from] move: Knock Off|[of] p2a: Weavile
|
|upkeep
|turn|12
|
|t:|1660581232
|switch|p2a: Keldeo|Keldeo|100/100
|-damage|p2a: Keldeo|94/100|[from] Stealth Rock
|move|p1a: Corviknight|Roost|p1a: Corviknight
|-heal|p1a: Corviknight|100/100
|-singleturn|p1a: Corviknight|move: Roost
|
|-heal|p2a: Keldeo|100/100|[from] item: Leftovers
|upkeep
|turn|13
|l| lhwsr
|
|t:|1660581243
|move|p2a: Keldeo|Scald|p1a: Corviknight
|-damage|p1a: Corviknight|64/100
|move|p1a: Corviknight|Brave Bird|p2a: Keldeo
|-supereffective|p2a: Keldeo
|-damage|p2a: Keldeo|16/100
|-damage|p1a: Corviknight|42/100|[from] Recoil
|
|-heal|p2a: Keldeo|22/100|[from] item: Leftovers
|upkeep
|turn|14
|
|t:|1660581249
|move|p2a: Keldeo|Taunt|p1a: Corviknight
|-start|p1a: Corviknight|move: Taunt
|cant|p1a: Corviknight|move: Taunt|Roost
|
|-heal|p2a: Keldeo|29/100|[from] item: Leftovers
|upkeep
|turn|15
|
|t:|1660581258
|switch|p1a: Slowking|Slowking-Galar, F|100/100
|-damage|p1a: Slowking|88/100|[from] Stealth Rock
|move|p2a: Keldeo|Scald|p1a: Slowking
|-damage|p1a: Slowking|70/100
|
|-heal|p2a: Keldeo|35/100|[from] item: Leftovers
|upkeep
|turn|16
|
|t:|1660581272
|switch|p2a: Landorus|Landorus-Therian, M|100/100
|-damage|p2a: Landorus|88/100|[from] Stealth Rock
|-ability|p2a: Landorus|Intimidate|boost
|-unboost|p1a: Slowking|atk|1
|move|p1a: Slowking|Future Sight|p2a: Landorus
|-start|p1a: Slowking|move: Future Sight
|
|-heal|p2a: Landorus|94/100|[from] item: Leftovers
|upkeep
|turn|17
|
|t:|1660581290
|switch|p1a: Urshifu|Urshifu-Rapid-Strike, F|100/100
|-damage|p1a: Urshifu|94/100|[from] Stealth Rock
|move|p2a: Landorus|Swords Dance|p2a: Landorus
|-boost|p2a: Landorus|atk|2
|
|-heal|p2a: Landorus|100/100|[from] item: Leftovers
|upkeep
|turn|18
|
|t:|1660581299
|switch|p2a: Keldeo|Keldeo|35/100
|-damage|p2a: Keldeo|29/100|[from] Stealth Rock
|move|p1a: Urshifu|Surging Strikes|p2a: Keldeo
|-resisted|p2a: Keldeo
|-crit|p2a: Keldeo
|-damage|p2a: Keldeo|12/100
|-resisted|p2a: Keldeo
|-crit|p2a: Keldeo
|-damage|p2a: Keldeo|0 fnt
|faint|p2a: Keldeo
|-hitcount|p2: Keldeo|2
|
|-hint|Future Sight did not hit because the target is fainted.
|upkeep
|
|t:|1660581306
|switch|p2a: Toxapex|Toxapex, F|84/100
|-damage|p2a: Toxapex|71/100|[from] Stealth Rock
|turn|19
|
|t:|1660581333
|switch|p1a: Slowking|Slowking-Galar, F|100/100
|-damage|p1a: Slowking|88/100|[from] Stealth Rock
|switch|p2a: Weavile|Weavile, M|84/100
|-ability|p2a: Weavile|Pressure
|
|upkeep
|turn|20
|
|t:|1660581355
|switch|p1a: Corviknight|Corviknight, F|42/100
|-damage|p1a: Corviknight|30/100|[from] Stealth Rock
|-ability|p1a: Corviknight|Pressure
|move|p2a: Weavile|Knock Off|p1a: Corviknight
|-crit|p1a: Corviknight
|-damage|p1a: Corviknight|1/100
|
|upkeep
|turn|21
|
|t:|1660581369
|move|p2a: Weavile|Knock Off|p1a: Corviknight
|-damage|p1a: Corviknight|0 fnt
|faint|p1a: Corviknight
|
|upkeep
|
|t:|1660581379
|switch|p1a: Urshifu|Urshifu-Rapid-Strike, F|94/100
|-damage|p1a: Urshifu|88/100|[from] Stealth Rock
|turn|22
|
|t:|1660581382
|switch|p2a: Toxapex|Toxapex, F|100/100
|-damage|p2a: Toxapex|88/100|[from] Stealth Rock
|move|p1a: Urshifu|U-turn|p2a: Toxapex
|-resisted|p2a: Toxapex
|-damage|p2a: Toxapex|75/100
|inactive|inviT2mark has 120 seconds left.
|
|t:|1660581404
|switch|p1a: Slowking|Slowking-Galar, F|100/100|[from]move: U-turn
|-damage|p1a: Slowking|88/100|[from] Stealth Rock
|
|upkeep
|turn|23
|
|t:|1660581415
|switch|p2a: Weavile|Weavile, M|84/100
|-ability|p2a: Weavile|Pressure
|move|p1a: Slowking|Future Sight|p2a: Weavile
|-start|p1a: Slowking|move: Future Sight
|
|upkeep
|turn|24
|
|t:|1660581426
|switch|p1a: Urshifu|Urshifu-Rapid-Strike, F|88/100
|-damage|p1a: Urshifu|82/100|[from] Stealth Rock
|move|p2a: Weavile|Knock Off|p1a: Urshifu
|-resisted|p1a: Urshifu
|-damage|p1a: Urshifu|56/100
|-enditem|p1a: Urshifu|Choice Band|[from] move: Knock Off|[of] p2a: Weavile
|
|upkeep
|turn|25
|inactive|inviT2mark has 120 seconds left.
|
|t:|1660581447
|switch|p2a: Ferrothorn|Ferrothorn, M|64/100
|-damage|p2a: Ferrothorn|57/100|[from] Stealth Rock
|move|p1a: Urshifu|Surging Strikes|p2a: Ferrothorn
|-resisted|p2a: Ferrothorn
|-crit|p2a: Ferrothorn
|-damage|p2a: Ferrothorn|51/100
|-damage|p1a: Urshifu|44/100|[from] ability: Iron Barbs|[of] p2a: Ferrothorn
|-resisted|p2a: Ferrothorn
|-crit|p2a: Ferrothorn
|-damage|p2a: Ferrothorn|45/100
|-damage|p1a: Urshifu|31/100|[from] ability: Iron Barbs|[of] p2a: Ferrothorn
|-resisted|p2a: Ferrothorn
|-crit|p2a: Ferrothorn
|-damage|p2a: Ferrothorn|39/100
|-damage|p1a: Urshifu|19/100|[from] ability: Iron Barbs|[of] p2a: Ferrothorn
|-hitcount|p2a: Ferrothorn|3
|
|-end|p2a: Ferrothorn|move: Future Sight
|-resisted|p2a: Ferrothorn
|-damage|p2a: Ferrothorn|20/100
|upkeep
|turn|26
|inactive|inviT2mark has 120 seconds left.
|
|t:|1660581461
|move|p1a: Urshifu|Close Combat|p2a: Ferrothorn
|-supereffective|p2a: Ferrothorn
|-damage|p2a: Ferrothorn|0 fnt
|-unboost|p1a: Urshifu|def|1
|-unboost|p1a: Urshifu|spd|1
|-damage|p1a: Urshifu|7/100|[from] ability: Iron Barbs|[of] p2a: Ferrothorn
|faint|p2a: Ferrothorn
|
|upkeep
|
|t:|1660581467
|switch|p2a: Weavile|Weavile, M|84/100
|-ability|p2a: Weavile|Pressure
|turn|27
|
|t:|1660581479
|move|p1a: Urshifu|Aqua Jet|p2a: Weavile
|-damage|p2a: Weavile|49/100
|move|p2a: Weavile|Knock Off|p1a: Urshifu
|-resisted|p1a: Urshifu
|-damage|p1a: Urshifu|0 fnt
|faint|p1a: Urshifu
|
|upkeep
|
|t:|1660581487
|switch|p1a: Rillaboom|Rillaboom, F|72/100
|-damage|p1a: Rillaboom|59/100|[from] Stealth Rock
|-fieldstart|move: Grassy Terrain|[from] ability: Grassy Surge|[of] p1a: Rillaboom
|turn|28
|
|t:|1660581493
|switch|p2a: Dragonite|Dragonite, F|100/100
|-damage|p2a: Dragonite|76/100|[from] Stealth Rock
|switch|p1a: Weavile|Weavile, M|100/100
|-ability|p1a: Weavile|Pressure
|
|upkeep
|turn|29
|
|t:|1660581505
|switch|p2a: Toxapex|Toxapex, F|100/100
|-damage|p2a: Toxapex|88/100|[from] Stealth Rock
|move|p1a: Weavile|Swords Dance|p1a: Weavile
|-boost|p1a: Weavile|atk|2
|
|-heal|p2a: Toxapex|94/100|[from] Grassy Terrain
|upkeep
|turn|30
|
|t:|1660581518
|move|p1a: Weavile|Knock Off|p2a: Toxapex
|-damage|p2a: Toxapex|44/100
|move|p2a: Toxapex|Haze|p2a: Toxapex
|-clearallboost
|
|-heal|p2a: Toxapex|50/100|[from] Grassy Terrain
|upkeep
|turn|31
|
|t:|1660581525
|move|p1a: Weavile|Swords Dance|p1a: Weavile
|-boost|p1a: Weavile|atk|2
|move|p2a: Toxapex|Recover|p2a: Toxapex
|-heal|p2a: Toxapex|99/100
|
|-heal|p2a: Toxapex|100/100|[from] Grassy Terrain
|upkeep
|turn|32
|
|t:|1660581528
|move|p1a: Weavile|Knock Off|p2a: Toxapex
|-damage|p2a: Toxapex|50/100
|move|p2a: Toxapex|Haze|p2a: Toxapex
|-clearallboost
|
|-heal|p2a: Toxapex|56/100|[from] Grassy Terrain
|-fieldend|move: Grassy Terrain
|upkeep
|turn|33
|
|t:|1660581534
|move|p1a: Weavile|Swords Dance|p1a: Weavile
|-boost|p1a: Weavile|atk|2
|move|p2a: Toxapex|Recover|p2a: Toxapex
|-heal|p2a: Toxapex|100/100
|
|upkeep
|turn|34
|
|t:|1660581537
|move|p1a: Weavile|Knock Off|p2a: Toxapex
|-damage|p2a: Toxapex|52/100
|move|p2a: Toxapex|Haze|p2a: Toxapex
|-clearallboost
|
|upkeep
|turn|35
|
|t:|1660581547
|move|p1a: Weavile|Swords Dance|p1a: Weavile
|-boost|p1a: Weavile|atk|2
|move|p2a: Toxapex|Scald|p1a: Weavile
|-damage|p1a: Weavile|76/100
|
|upkeep
|turn|36
|
|t:|1660581551
|move|p1a: Weavile|Knock Off|p2a: Toxapex
|-damage|p2a: Toxapex|8/100
|move|p2a: Toxapex|Scald|p1a: Weavile
|-crit|p1a: Weavile
|-damage|p1a: Weavile|42/100
|
|upkeep
|turn|37
|
|t:|1660581557
|switch|p2a: Landorus|Landorus-Therian, M|100/100
|-damage|p2a: Landorus|88/100|[from] Stealth Rock
|-ability|p2a: Landorus|Intimidate|boost
|-unboost|p1a: Weavile|atk|1
|move|p1a: Weavile|Knock Off|p2a: Landorus
|-damage|p2a: Landorus|7/100
|-enditem|p2a: Landorus|Leftovers|[from] move: Knock Off|[of] p1a: Weavile
|
|upkeep
|turn|38
|
|t:|1660581560
|move|p1a: Weavile|Ice Shard|p2a: Landorus
|-supereffective|p2a: Landorus
|-damage|p2a: Landorus|0 fnt
|faint|p2a: Landorus
|
|upkeep
|
|t:|1660581564
|switch|p2a: Weavile|Weavile, M|49/100
|-ability|p2a: Weavile|Pressure
|turn|39
|
|t:|1660581588
|switch|p1a: Garchomp|Garchomp, F|58/100
|-damage|p1a: Garchomp|52/100|[from] Stealth Rock
|move|p2a: Weavile|Triple Axel|p1a: Garchomp
|-supereffective|p1a: Garchomp
|-damage|p1a: Garchomp|14/100
|-damage|p2a: Weavile|36/100|[from] ability: Rough Skin|[of] p1a: Garchomp
|-supereffective|p1a: Garchomp
|-damage|p1a: Garchomp|0 fnt
|-damage|p2a: Weavile|24/100|[from] ability: Rough Skin|[of] p1a: Garchomp
|faint|p1a: Garchomp
|-hitcount|p1: Garchomp|2
|
|upkeep
|inactive|inviT2mark has 120 seconds left.
|inactive|inviT2mark has 90 seconds left.
|
|t:|1660581638
|switch|p1a: Rillaboom|Rillaboom, F|59/100
|-damage|p1a: Rillaboom|47/100|[from] Stealth Rock
|-fieldstart|move: Grassy Terrain|[from] ability: Grassy Surge|[of] p1a: Rillaboom
|turn|40
|
|t:|1660581668
|switch|p2a: Dragonite|Dragonite, F|76/100
|-damage|p2a: Dragonite|51/100|[from] Stealth Rock
|switch|p1a: Slowking|Slowking-Galar, F|100/100
|-damage|p1a: Slowking|88/100|[from] Stealth Rock
|
|-heal|p1a: Slowking|94/100|[from] Grassy Terrain
|upkeep
|turn|41
|inactive|inviT2mark has 90 seconds left.
|
|t:|1660581690
|move|p2a: Dragonite|Roost|p2a: Dragonite
|-heal|p2a: Dragonite|100/100
|-singleturn|p2a: Dragonite|move: Roost
|move|p1a: Slowking|Future Sight|p2a: Dragonite
|-start|p1a: Slowking|move: Future Sight
|
|-heal|p1a: Slowking|99/100|[from] Grassy Terrain
|upkeep
|turn|42
|inactive|inviT2mark has 90 seconds left.
|
|t:|1660581698
|switch|p2a: Toxapex|Toxapex, F|41/100
|-damage|p2a: Toxapex|29/100|[from] Stealth Rock
|move|p1a: Slowking|Sludge Bomb|p2a: Toxapex
|-resisted|p2a: Toxapex
|-damage|p2a: Toxapex|16/100
|
|-heal|p2a: Toxapex|22/100|[from] Grassy Terrain
|-heal|p1a: Slowking|100/100|[from] Grassy Terrain
|upkeep
|turn|43
|inactive|inviT2mark has 90 seconds left.
|
|t:|1660581722
|move|p2a: Toxapex|Scald|p1a: Slowking
|-damage|p1a: Slowking|93/100
|move|p1a: Slowking|Sludge Bomb|p2a: Toxapex
|-resisted|p2a: Toxapex
|-damage|p2a: Toxapex|11/100
|
|-end|p2a: Toxapex|move: Future Sight
|-supereffective|p2a: Toxapex
|-damage|p2a: Toxapex|0 fnt
|faint|p2a: Toxapex
|-heal|p1a: Slowking|99/100|[from] Grassy Terrain
|upkeep
|
|t:|1660581726
|switch|p2a: Weavile|Weavile, M|24/100
|-ability|p2a: Weavile|Pressure
|turn|44
|inactive|inviT2mark has 90 seconds left.
|
|t:|1660581738
|move|p2a: Weavile|Knock Off|p1a: Slowking
|-supereffective|p1a: Slowking
|-damage|p1a: Slowking|0 fnt
|-enditem|p1a: Slowking|Assault Vest|[from] move: Knock Off|[of] p2a: Weavile
|faint|p1a: Slowking
|
|-heal|p2a: Weavile|30/100|[from] Grassy Terrain
|-fieldend|move: Grassy Terrain
|upkeep
|
|t:|1660581764
|switch|p1a: Weavile|Weavile, M|42/100
|-ability|p1a: Weavile|Pressure
|turn|45
|inactive|inviT2mark has 60 seconds left.
|
|t:|1660581781
|move|p1a: Weavile|Knock Off|p2a: Weavile
|-resisted|p2a: Weavile
|-crit|p2a: Weavile
|-damage|p2a: Weavile|0 fnt
|-enditem|p2a: Weavile|Heavy-Duty Boots|[from] move: Knock Off|[of] p1a: Weavile
|faint|p2a: Weavile
|
|upkeep
|
|t:|1660581787
|switch|p2a: Dragonite|Dragonite, F|100/100
|-damage|p2a: Dragonite|76/100|[from] Stealth Rock
|turn|46
|
|t:|1660581790
|move|p1a: Weavile|Triple Axel|p2a: Dragonite
|-supereffective|p2a: Dragonite
|-damage|p2a: Dragonite|35/100
|-supereffective|p2a: Dragonite
|-crit|p2a: Dragonite
|-damage|p2a: Dragonite|0 fnt
|faint|p2a: Dragonite
|-hitcount|p2: Dragonite|2
|
|win|inviT2mark
|raw|inviT2mark's rating: 1624 &rarr; <strong>1650</strong><br />(+26 for winning)
|raw|BLOODCLAT's rating: 1730 &rarr; <strong>1704</strong><br />(-26 for losing)
|l|‽BLOODCLAT
||Ladder isn't responding, score probably updated but might not have (Request timeout).
