|j|☆Polycrystalline
|j|☆Lou dort
|inactive|Battle timer is ON: inactive players will automatically lose when time's up.
|t:|1659996052
|gametype|singles
|player|p1|Polycrystalline|elaine|
|player|p2|Lou dort|nate|
|teamsize|p1|6
|teamsize|p2|6
|gen|8
|tier|[Gen 8] OU
|rated|Tournament battle
|rule|Sleep Clause Mod: Limit one foe put to sleep
|rule|Species Clause: Limit one of each Pokémon
|rule|OHKO Clause: OHKO moves are banned
|rule|Evasion Items Clause: Evasion items are banned
|rule|Evasion Moves Clause: Evasion moves are banned
|rule|Endless Battle Clause: Forcing endless battles is banned
|rule|HP Percentage Mod: HP is shown in percentages
|rule|Dynamax Clause: You cannot dynamax
|clearpoke
|poke|p1|Keldeo-Resolute|
|poke|p1|Tapu Koko|
|poke|p1|Toxapex, F|
|poke|p1|Clefable, M|
|poke|p1|Corviknight, M|
|poke|p1|Garchomp, M|
|poke|p2|Dragapult, F|
|poke|p2|Excadrill, F|
|poke|p2|Melmetal|
|poke|p2|Tyranitar, F|
|poke|p2|Zapdos|
|poke|p2|Slowbro, F|
|teampreview
|inactive|Lou dort also wants the timer to be on.
|j|%htcl (>◡<)
|c|☆Polycrystalline|hf
|c|%htcl (>◡<)|finals pog
|j| fatass cat
|
|t:|1659996079
|start
|switch|p1a: Toxapex|Toxapex, F|100/100
|switch|p2a: Dragapult|Dragapult, F|100/100
|turn|1
|j| Juni01
|
|t:|1659996084
|move|p2a: Dragapult|U-turn|p1a: Toxapex
|-resisted|p1a: Toxapex
|-damage|p1a: Toxapex|90/100
|-damage|p2a: Dragapult|84/100|[from] item: Rocky Helmet|[of] p1a: Toxapex
|
|t:|1659996086
|switch|p2a: Excadrill|Excadrill, F|100/100|[from]move: U-turn
|move|p1a: Toxapex|Toxic|p2a: Excadrill
|-immune|p2a: Excadrill
|
|upkeep
|turn|2
|
|t:|1659996091
|switch|p2a: Zapdos|Zapdos|100/100
|switch|p1a: Corviknight|Corviknight, M|100/100
|-ability|p1a: Corviknight|Pressure
|
|upkeep
|turn|3
|
|t:|1659996097
|switch|p1a: Garchomp|Garchomp, M|100/100
|move|p2a: Zapdos|Discharge|p1a: Garchomp
|-immune|p1a: Garchomp
|
|upkeep
|turn|4
|
|t:|1659996101
|move|p1a: Garchomp|Stealth Rock|p2a: Zapdos
|-sidestart|p2: Lou dort|move: Stealth Rock
|move|p2a: Zapdos|Hurricane|p1a: Garchomp
|-damage|p1a: Garchomp|53/100
|
|-heal|p1a: Garchomp|60/100|[from] item: Leftovers
|upkeep
|turn|5
|
|t:|1659996108
|switch|p2a: Melmetal|Melmetal|100/100
|-damage|p2a: Melmetal|94/100|[from] Stealth Rock
|move|p1a: Garchomp|Scale Shot|p2a: Melmetal|[miss]
|-miss|p1a: Garchomp|p2a: Melmetal
|
|-heal|p1a: Garchomp|66/100|[from] item: Leftovers
|upkeep
|turn|6
|j| Uxilon
|
|t:|1659996113
|switch|p1a: Toxapex|Toxapex, F|100/100
|switch|p2a: Zapdos|Zapdos|100/100
|
|upkeep
|turn|7
|l| Uxilon
|c|☆Polycrystalline|yeah this zap gonna kill me.
|
|t:|1659996126
|switch|p1a: Clefable|Clefable, M|100/100
|move|p2a: Zapdos|Hurricane|p1a: Clefable
|-damage|p1a: Clefable|62/100
|-start|p1a: Clefable|confusion
|
|-heal|p1a: Clefable|69/100|[from] item: Leftovers
|upkeep
|turn|8
|
|t:|1659996131
|move|p2a: Zapdos|Discharge|p1a: Clefable
|-damage|p1a: Clefable|40/100
|-activate|p1a: Clefable|confusion
|-damage|p1a: Clefable|36/100|[from] confusion
|
|-heal|p1a: Clefable|42/100|[from] item: Leftovers
|upkeep
|turn|9
|
|t:|1659996135
|move|p2a: Zapdos|Discharge|p1a: Clefable
|-damage|p1a: Clefable|14/100
|-status|p1a: Clefable|par
|-activate|p1a: Clefable|confusion
|-damage|p1a: Clefable|9/100 par|[from] confusion
|
|-heal|p1a: Clefable|15/100 par|[from] item: Leftovers
|upkeep
|turn|10
|c|☆Lou dort|mb
|c|☆Polycrystalline|bruh.
|
|t:|1659996144
|move|p2a: Zapdos|Hurricane|p1a: Clefable|[miss]
|-miss|p2a: Zapdos|p1a: Clefable
|-activate|p1a: Clefable|confusion
|-damage|p1a: Clefable|11/100 par|[from] confusion
|
|-heal|p1a: Clefable|17/100 par|[from] item: Leftovers
|upkeep
|turn|11
|
|t:|1659996150
|-end|p1a: Clefable|confusion
|move|p1a: Clefable|Protect|p1a: Clefable
|-singleturn|p1a: Clefable|Protect
|move|p2a: Zapdos|Discharge|p1a: Clefable
|-activate|p1a: Clefable|move: Protect
|
|-heal|p1a: Clefable|23/100 par|[from] item: Leftovers
|upkeep
|turn|12
|
|t:|1659996154
|switch|p1a: Garchomp|Garchomp, M|66/100
|move|p2a: Zapdos|Discharge|p1a: Garchomp
|-immune|p1a: Garchomp
|
|-heal|p1a: Garchomp|72/100|[from] item: Leftovers
|upkeep
|turn|13
|
|t:|1659996157
|move|p1a: Garchomp|Swords Dance|p1a: Garchomp
|-boost|p1a: Garchomp|atk|2
|move|p2a: Zapdos|Hurricane|p1a: Garchomp
|-damage|p1a: Garchomp|20/100
|
|-heal|p1a: Garchomp|26/100|[from] item: Leftovers
|upkeep
|turn|14
|
|t:|1659996161
|move|p1a: Garchomp|Scale Shot|p2a: Zapdos
|-damage|p2a: Zapdos|81/100
|-damage|p2a: Zapdos|61/100
|-damage|p2a: Zapdos|42/100
|-hitcount|p2a: Zapdos|3
|-unboost|p1a: Garchomp|def|1
|-boost|p1a: Garchomp|spe|1
|move|p2a: Zapdos|Hurricane|p1a: Garchomp
|-damage|p1a: Garchomp|0 fnt
|faint|p1a: Garchomp
|
|upkeep
|
|t:|1659996166
|switch|p1a: Keldeo|Keldeo-Resolute|100/100
|turn|15
|
|t:|1659996178
|move|p1a: Keldeo|Hydro Pump|p2a: Zapdos
|-damage|p2a: Zapdos|0 fnt
|faint|p2a: Zapdos
|
|upkeep
|
|t:|1659996182
|switch|p2a: Slowbro|Slowbro, F|100/100
|turn|16
|
|t:|1659996185
|switch|p1a: Tapu Koko|Tapu Koko|100/100
|-fieldstart|move: Electric Terrain|[from] ability: Electric Surge|[of] p1a: Tapu Koko
|move|p2a: Slowbro|Thunder Wave|p1a: Tapu Koko
|-immune|p1a: Tapu Koko
|
|upkeep
|turn|17
|
|t:|1659996191
|switch|p2a: Melmetal|Melmetal|94/100
|-damage|p2a: Melmetal|88/100|[from] Stealth Rock
|move|p1a: Tapu Koko|U-turn|p2a: Melmetal
|-resisted|p2a: Melmetal
|-damage|p2a: Melmetal|84/100
|
|t:|1659996196
|switch|p1a: Keldeo|Keldeo-Resolute|100/100|[from]move: U-turn
|
|upkeep
|turn|18
|
|t:|1659996202
|move|p1a: Keldeo|Flip Turn|p2a: Melmetal
|-damage|p2a: Melmetal|75/100
|
|t:|1659996205
|switch|p1a: Toxapex|Toxapex, F|100/100|[from]move: Flip Turn
|move|p2a: Melmetal|Thunder Wave|p1a: Toxapex
|-status|p1a: Toxapex|par
|
|upkeep
|turn|19
|
|t:|1659996209
|switch|p2a: Tyranitar|Tyranitar, F|100/100
|-damage|p2a: Tyranitar|88/100|[from] Stealth Rock
|-weather|Sandstorm|[from] ability: Sand Stream|[of] p2a: Tyranitar
|move|p1a: Toxapex|Scald|p2a: Tyranitar
|-supereffective|p2a: Tyranitar
|-damage|p2a: Tyranitar|73/100
|
|-weather|Sandstorm|[upkeep]
|-damage|p1a: Toxapex|94/100 par|[from] Sandstorm
|upkeep
|turn|20
|
|t:|1659996212
|move|p2a: Tyranitar|Stealth Rock|p1a: Toxapex
|-sidestart|p1: Polycrystalline|move: Stealth Rock
|move|p1a: Toxapex|Scald|p2a: Tyranitar
|-supereffective|p2a: Tyranitar
|-damage|p2a: Tyranitar|59/100
|
|-weather|Sandstorm|[upkeep]
|-damage|p1a: Toxapex|88/100 par|[from] Sandstorm
|-fieldend|move: Electric Terrain
|upkeep
|turn|21
|
|t:|1659996217
|switch|p2a: Slowbro|Slowbro, F|100/100
|move|p1a: Toxapex|Scald|p2a: Slowbro
|-resisted|p2a: Slowbro
|-damage|p2a: Slowbro|92/100
|
|-weather|Sandstorm|[upkeep]
|-damage|p2a: Slowbro|85/100|[from] Sandstorm
|-damage|p1a: Toxapex|82/100 par|[from] Sandstorm
|upkeep
|turn|22
|j| Mikirae
|
|t:|1659996222
|switch|p1a: Tapu Koko|Tapu Koko|100/100
|-fieldstart|move: Electric Terrain|[from] ability: Electric Surge|[of] p1a: Tapu Koko
|move|p2a: Slowbro|Future Sight|p1a: Tapu Koko
|-start|p2a: Slowbro|move: Future Sight
|
|-weather|Sandstorm|[upkeep]
|-damage|p1a: Tapu Koko|94/100|[from] Sandstorm
|-damage|p2a: Slowbro|79/100|[from] Sandstorm
|upkeep
|turn|23
|
|t:|1659996227
|move|p1a: Tapu Koko|Thunderbolt|p2a: Slowbro
|-supereffective|p2a: Slowbro
|-damage|p2a: Slowbro|0 fnt
|faint|p2a: Slowbro
|
|-weather|Sandstorm|[upkeep]
|-damage|p1a: Tapu Koko|88/100|[from] Sandstorm
|upkeep
|
|t:|1659996229
|switch|p2a: Excadrill|Excadrill, F|100/100
|-damage|p2a: Excadrill|97/100|[from] Stealth Rock
|turn|24
|
|t:|1659996236
|switch|p1a: Corviknight|Corviknight, M|100/100
|-damage|p1a: Corviknight|88/100|[from] Stealth Rock
|-ability|p1a: Corviknight|Pressure
|move|p2a: Excadrill|Swords Dance|p2a: Excadrill
|-boost|p2a: Excadrill|atk|2
|
|-weather|Sandstorm|[upkeep]
|-end|p1a: Corviknight|move: Future Sight
|-resisted|p1a: Corviknight
|-damage|p1a: Corviknight|69/100
|-heal|p1a: Corviknight|75/100|[from] item: Leftovers
|upkeep
|turn|25
|
|t:|1659996241
|move|p2a: Excadrill|Rock Slide|p1a: Corviknight
|-damage|p1a: Corviknight|28/100
|-damage|p2a: Excadrill|87/100|[from] item: Life Orb
|move|p1a: Corviknight|Body Press|p2a: Excadrill
|-supereffective|p2a: Excadrill
|-damage|p2a: Excadrill|11/100
|
|-weather|Sandstorm|[upkeep]
|-heal|p1a: Corviknight|34/100|[from] item: Leftovers
|upkeep
|turn|26
|
|t:|1659996250
|move|p2a: Excadrill|Rock Slide|p1a: Corviknight
|-damage|p1a: Corviknight|0 fnt
|faint|p1a: Corviknight
|-damage|p2a: Excadrill|1/100|[from] item: Life Orb
|
|-weather|none
|-fieldend|move: Electric Terrain
|upkeep
|
|t:|1659996255
|switch|p1a: Keldeo|Keldeo-Resolute|100/100
|-damage|p1a: Keldeo|94/100|[from] Stealth Rock
|turn|27
|
|t:|1659996260
|move|p1a: Keldeo|Flip Turn|p2a: Excadrill
|-supereffective|p2a: Excadrill
|-damage|p2a: Excadrill|0 fnt
|faint|p2a: Excadrill
|
|t:|1659996267
|switch|p1a: Toxapex|Toxapex, F|100/100 par|[from]move: Flip Turn
|-damage|p1a: Toxapex|88/100 par|[from] Stealth Rock
|
|upkeep
|
|t:|1659996271
|switch|p2a: Melmetal|Melmetal|75/100
|-damage|p2a: Melmetal|69/100|[from] Stealth Rock
|turn|28
|
|t:|1659996275
|move|p2a: Melmetal|Earthquake|p1a: Toxapex
|-supereffective|p1a: Toxapex
|-damage|p1a: Toxapex|20/100 par
|move|p1a: Toxapex|Scald|p2a: Melmetal
|-damage|p2a: Melmetal|51/100
|-status|p2a: Melmetal|brn
|
|-damage|p2a: Melmetal|45/100 brn|[from] brn
|upkeep
|turn|29
|
|t:|1659996281
|switch|p1a: Clefable|Clefable, M|23/100 par
|move|p2a: Melmetal|Earthquake|p1a: Clefable
|-damage|p1a: Clefable|0 fnt
|faint|p1a: Clefable
|
|-damage|p2a: Melmetal|39/100 brn|[from] brn
|upkeep
|
|t:|1659996284
|switch|p1a: Keldeo|Keldeo-Resolute|94/100
|-damage|p1a: Keldeo|88/100|[from] Stealth Rock
|turn|30
|
|t:|1659996289
|move|p1a: Keldeo|Scald|p2a: Melmetal
|-damage|p2a: Melmetal|0 fnt
|faint|p2a: Melmetal
|
|upkeep
|
|t:|1659996295
|switch|p2a: Tyranitar|Tyranitar, F|59/100
|-damage|p2a: Tyranitar|47/100|[from] Stealth Rock
|-weather|Sandstorm|[from] ability: Sand Stream|[of] p2a: Tyranitar
|turn|31
|
|t:|1659996299
|move|p1a: Keldeo|Scald|p2a: Tyranitar
|-supereffective|p2a: Tyranitar
|-damage|p2a: Tyranitar|0 fnt
|faint|p2a: Tyranitar
|
|-weather|Sandstorm|[upkeep]
|-damage|p1a: Keldeo|82/100|[from] Sandstorm
|upkeep
|
|t:|1659996301
|switch|p2a: Dragapult|Dragapult, F|84/100
|-damage|p2a: Dragapult|72/100|[from] Stealth Rock
|turn|32
|
|t:|1659996326
|move|p2a: Dragapult|Dragon Darts|p1a: Keldeo
|-damage|p1a: Keldeo|41/100
|-anim|p2a: Dragapult|Dragon Darts|p1a: Keldeo
|-damage|p1a: Keldeo|0 fnt
|faint|p1a: Keldeo
|
|-weather|Sandstorm|[upkeep]
|-damage|p2a: Dragapult|66/100|[from] Sandstorm
|upkeep
|
|t:|1659996335
|switch|p1a: Tapu Koko|Tapu Koko|88/100
|-fieldstart|move: Electric Terrain|[from] ability: Electric Surge|[of] p1a: Tapu Koko
|turn|33
|-message|Lou dort forfeited.
|
|win|Polycrystalline
|n|☆Polycrystalline|polycrystalline
|n|☆Lou dort|loudort
|n| htcl (>◡<)|htcl
|n| fatass cat|fatasscat
|n| Juni01|juni01
|n| Mikirae|mikirae
|l|☆Lou dort
|l| fatass cat
|l| Juni01
