|raw|<div class="broadcast-blue"><strong>This battle is required to be public due to a player having a name prefixed by 'LT71LX'.</div>
|j|☆Ayante
|j|☆LT71LX devin
|t:|1597182358
|player|p1|Ayante|koga|1728
|player|p2|LT71LX devin|elesa|1901
|teamsize|p1|6
|teamsize|p2|6
|gametype|singles
|gen|8
|tier|[Gen 8] OU
|rated|
|clearpoke
|poke|p1|Urshifu-*, M|
|poke|p1|Diggersby, M|
|poke|p1|Volcarona, M|
|poke|p1|Primarina, F|
|poke|p1|Dragapult, M|
|poke|p1|Corviknight, M|
|poke|p2|Torkoal, M|
|poke|p2|Volcarona, F|
|poke|p2|Venusaur, F|
|poke|p2|Charizard, M|
|poke|p2|Espeon, F|
|poke|p2|Rhyperior, F|
|rule|Sleep Clause Mod: Limit one foe put to sleep
|rule|Species Clause: Limit one of each Pokémon
|rule|OHKO Clause: OHKO moves are banned
|rule|Evasion Moves Clause: Evasion moves are banned
|rule|Endless Battle Clause: Forcing endless battles is banned
|rule|HP Percentage Mod: HP is shown in percentages
|rule|Dynamax Clause: You cannot dynamax
|teampreview
|
|t:|1597182373
|start
|switch|p1a: Diggersby|Diggersby, M|100/100
|switch|p2a: Espeon|Espeon, F|100/100
|turn|1
|inactive|Battle timer is ON: inactive players will automatically lose when time's up. (requested by LT71LX devin)
|
|t:|1597182390
|switch|p1a: Corviknight|Corviknight, M|100/100
|-ability|p1a: Corviknight|Pressure
|move|p2a: Espeon|Trick|p1a: Corviknight
|-activate|p2a: Espeon|move: Trick|[of] p1a: Corviknight
|-item|p1a: Corviknight|Choice Scarf|[from] move: Trick
|-item|p2a: Espeon|Shed Shell|[from] move: Trick
|
|upkeep
|turn|2
|
|t:|1597182399
|switch|p2a: Torkoal|Torkoal, M|100/100
|-weather|SunnyDay|[from] ability: Drought|[of] p2a: Torkoal
|move|p1a: Corviknight|Brave Bird|p2a: Torkoal
|-damage|p2a: Torkoal|78/100
|-damage|p1a: Corviknight|94/100|[from] Recoil
|
|-weather|SunnyDay|[upkeep]
|upkeep
|turn|3
|
|t:|1597182410
|switch|p1a: Diggersby|Diggersby, M|100/100
|move|p2a: Torkoal|Overheat|p1a: Diggersby
|-damage|p1a: Diggersby|25/100
|-unboost|p2a: Torkoal|spa|2
|
|-weather|SunnyDay|[upkeep]
|upkeep
|turn|4
|
|t:|1597182421
|switch|p2a: Espeon|Espeon, F|100/100
|move|p1a: Diggersby|Mega Kick|p2a: Espeon
|-damage|p2a: Espeon|0 fnt
|-damage|p1a: Diggersby|15/100|[from] item: Life Orb
|faint|p2a: Espeon
|
|-weather|SunnyDay|[upkeep]
|upkeep
|
|t:|1597182425
|switch|p2a: Venusaur|Venusaur, F|100/100
|turn|5
|
|t:|1597182452
|switch|p1a: Corviknight|Corviknight, M|94/100
|-ability|p1a: Corviknight|Pressure
|move|p2a: Venusaur|Weather Ball|p1a: Corviknight
|-supereffective|p1a: Corviknight
|-damage|p1a: Corviknight|7/100
|-damage|p2a: Venusaur|91/100|[from] item: Life Orb
|
|-weather|SunnyDay|[upkeep]
|upkeep
|turn|6
|
|t:|1597182464
|move|p2a: Venusaur|Weather Ball|p1a: Corviknight
|-supereffective|p1a: Corviknight
|-damage|p1a: Corviknight|0 fnt
|-damage|p2a: Venusaur|81/100|[from] item: Life Orb
|faint|p1a: Corviknight
|
|-weather|SunnyDay|[upkeep]
|upkeep
|
|t:|1597182472
|switch|p1a: Volcarona|Volcarona, M|100/100
|turn|7
|
|t:|1597182488
|move|p2a: Venusaur|Weather Ball|p1a: Volcarona
|-damage|p1a: Volcarona|47/100
|-damage|p2a: Venusaur|71/100|[from] item: Life Orb
|move|p1a: Volcarona|Flamethrower|p2a: Venusaur
|-supereffective|p2a: Venusaur
|-damage|p2a: Venusaur|0 fnt
|faint|p2a: Venusaur
|
|-weather|SunnyDay|[upkeep]
|upkeep
|
|t:|1597182493
|switch|p2a: Charizard|Charizard, M|100/100
|turn|8
|inactive|Ayante has 120 seconds left.
|
|t:|1597182523
|move|p2a: Charizard|Flamethrower|p1a: Volcarona
|-damage|p1a: Volcarona|0 fnt
|faint|p1a: Volcarona
|
|-weather|SunnyDay|[upkeep]
|-damage|p2a: Charizard|88/100|[from] ability: Solar Power|[of] p2a: Charizard
|upkeep
|inactive|Ayante has 120 seconds left.
|
|t:|1597182545
|switch|p1a: Dragapult|Dragapult, M|100/100
|turn|9
|
|t:|1597182565
|move|p1a: Dragapult|Dragon Darts|p2a: Charizard
|-damage|p2a: Charizard|50/100
|-anim|p1a: Dragapult|Dragon Darts|p2a: Charizard
|-damage|p2a: Charizard|9/100
|move|p2a: Charizard|Flamethrower|p1a: Dragapult
|-resisted|p1a: Dragapult
|-damage|p1a: Dragapult|36/100
|-status|p1a: Dragapult|brn
|
|-weather|none
|-damage|p1a: Dragapult|30/100 brn|[from] brn
|upkeep
|turn|10
|inactive|Ayante has 120 seconds left.
|
|t:|1597182577
|switch|p2a: Torkoal|Torkoal, M|78/100
|-weather|SunnyDay|[from] ability: Drought|[of] p2a: Torkoal
|move|p1a: Dragapult|Dragon Darts|p2a: Torkoal
|-damage|p2a: Torkoal|70/100
|-anim|p1a: Dragapult|Dragon Darts|p2a: Torkoal
|-damage|p2a: Torkoal|63/100
|
|-weather|SunnyDay|[upkeep]
|-damage|p1a: Dragapult|24/100 brn|[from] brn
|upkeep
|turn|11
|inactive|Ayante has 120 seconds left.
|inactive|LT71LX devin has 120 seconds left.
|
|t:|1597182609
|switch|p1a: Primarina|Primarina, F|100/100
|switch|p2a: Rhyperior|Rhyperior, F|100/100
|
|-weather|SunnyDay|[upkeep]
|upkeep
|turn|12
|
|t:|1597182618
|move|p1a: Primarina|Calm Mind|p1a: Primarina
|-boost|p1a: Primarina|spa|1
|-boost|p1a: Primarina|spd|1
|move|p2a: Rhyperior|Earthquake|p1a: Primarina
|-damage|p1a: Primarina|54/100
|
|-weather|SunnyDay|[upkeep]
|-heal|p1a: Primarina|60/100|[from] item: Leftovers
|upkeep
|turn|13
|
|t:|1597182631
|move|p1a: Primarina|Draining Kiss|p2a: Rhyperior
|-damage|p2a: Rhyperior|67/100
|-heal|p1a: Primarina|90/100|[from] drain|[of] p2a: Rhyperior
|move|p2a: Rhyperior|Earthquake|p1a: Primarina
|-damage|p1a: Primarina|46/100
|
|-weather|SunnyDay|[upkeep]
|-heal|p1a: Primarina|52/100|[from] item: Leftovers
|-heal|p2a: Rhyperior|73/100|[from] item: Leftovers
|upkeep
|turn|14
|
|t:|1597182643
|move|p1a: Primarina|Draining Kiss|p2a: Rhyperior
|-damage|p2a: Rhyperior|42/100
|-heal|p1a: Primarina|80/100|[from] drain|[of] p2a: Rhyperior
|move|p2a: Rhyperior|Earthquake|p1a: Primarina
|-damage|p1a: Primarina|36/100
|
|-weather|SunnyDay|[upkeep]
|-heal|p1a: Primarina|42/100|[from] item: Leftovers
|-heal|p2a: Rhyperior|48/100|[from] item: Leftovers
|upkeep
|turn|15
|inactive|LT71LX devin has 120 seconds left.
|
|t:|1597182684
|move|p1a: Primarina|Draining Kiss|p2a: Rhyperior
|-damage|p2a: Rhyperior|14/100
|-heal|p1a: Primarina|72/100|[from] drain|[of] p2a: Rhyperior
|move|p2a: Rhyperior|Earthquake|p1a: Primarina
|-crit|p1a: Primarina
|-damage|p1a: Primarina|8/100
|
|-weather|SunnyDay|[upkeep]
|-heal|p1a: Primarina|14/100|[from] item: Leftovers
|-heal|p2a: Rhyperior|20/100|[from] item: Leftovers
|upkeep
|turn|16
|
|t:|1597182697
|move|p1a: Primarina|Draining Kiss|p2a: Rhyperior
|-damage|p2a: Rhyperior|0 fnt
|-heal|p1a: Primarina|32/100|[from] drain|[of] p2a: Rhyperior
|faint|p2a: Rhyperior
|
|-weather|SunnyDay|[upkeep]
|-heal|p1a: Primarina|38/100|[from] item: Leftovers
|upkeep
|
|t:|1597182700
|switch|p2a: Charizard|Charizard, M|9/100
|turn|17
|
|t:|1597182720
|switch|p1a: Dragapult|Dragapult, M|24/100 brn
|move|p2a: Charizard|Overheat|p1a: Dragapult
|-resisted|p1a: Dragapult
|-damage|p1a: Dragapult|0 fnt
|-unboost|p2a: Charizard|spa|2
|faint|p1a: Dragapult
|
|-weather|none
|upkeep
|
|t:|1597182730
|switch|p1a: Diggersby|Diggersby, M|15/100
|turn|18
|
|t:|1597182734
|switch|p2a: Torkoal|Torkoal, M|63/100
|-weather|SunnyDay|[from] ability: Drought|[of] p2a: Torkoal
|move|p1a: Diggersby|Quick Attack|p2a: Torkoal
|-damage|p2a: Torkoal|44/100
|-damage|p1a: Diggersby|5/100|[from] item: Life Orb
|
|-weather|SunnyDay|[upkeep]
|upkeep
|turn|19
|
|t:|1597182745
|move|p1a: Diggersby|Mega Kick|p2a: Torkoal
|-damage|p2a: Torkoal|0 fnt
|-damage|p1a: Diggersby|0 fnt|[from] item: Life Orb
|faint|p2a: Torkoal
|faint|p1a: Diggersby
|
|-weather|SunnyDay|[upkeep]
|upkeep
|
|t:|1597182766
|switch|p1a: Primarina|Primarina, F|38/100
|switch|p2a: Charizard|Charizard, M|9/100
|turn|20
|
|t:|1597182784
|move|p2a: Charizard|Flamethrower|p1a: Primarina
|-resisted|p1a: Primarina
|-damage|p1a: Primarina|3/100
|move|p1a: Primarina|Scald|p2a: Charizard
|-supereffective|p2a: Charizard
|-damage|p2a: Charizard|0 fnt
|faint|p2a: Charizard
|
|-weather|SunnyDay|[upkeep]
|-heal|p1a: Primarina|9/100|[from] item: Leftovers
|upkeep
|
|t:|1597182787
|switch|p2a: Volcarona|Volcarona, F|100/100
|turn|21
|
|t:|1597182798
|move|p2a: Volcarona|Quiver Dance|p2a: Volcarona
|-boost|p2a: Volcarona|spa|1
|-boost|p2a: Volcarona|spd|1
|-boost|p2a: Volcarona|spe|1
|move|p1a: Primarina|Scald|p2a: Volcarona
|-supereffective|p2a: Volcarona
|-damage|p2a: Volcarona|63/100
|
|-weather|SunnyDay|[upkeep]
|-heal|p1a: Primarina|15/100|[from] item: Leftovers
|upkeep
|turn|22
|inactive|LT71LX devin has 120 seconds left.
|j| Rogue Excaliburn
|
|t:|1597182838
|move|p2a: Volcarona|Quiver Dance|p2a: Volcarona
|-boost|p2a: Volcarona|spa|1
|-boost|p2a: Volcarona|spd|1
|-boost|p2a: Volcarona|spe|1
|move|p1a: Primarina|Scald|p2a: Volcarona
|-supereffective|p2a: Volcarona
|-damage|p2a: Volcarona|35/100
|
|-weather|SunnyDay|[upkeep]
|-heal|p1a: Primarina|21/100|[from] item: Leftovers
|upkeep
|turn|23
|
|t:|1597182849
|move|p2a: Volcarona|Morning Sun|p2a: Volcarona
|-heal|p2a: Volcarona|100/100
|move|p1a: Primarina|Calm Mind|p1a: Primarina
|-boost|p1a: Primarina|spa|1
|-boost|p1a: Primarina|spd|1
|
|-weather|SunnyDay|[upkeep]
|-heal|p1a: Primarina|27/100|[from] item: Leftovers
|upkeep
|turn|24
|inactive|LT71LX devin has 120 seconds left.
|
|t:|1597182858
|move|p2a: Volcarona|Psychic|p1a: Primarina
|-damage|p1a: Primarina|0 fnt
|-damage|p2a: Volcarona|91/100|[from] item: Life Orb
|faint|p1a: Primarina
|
|-weather|SunnyDay|[upkeep]
|upkeep
|
|t:|1597182865
|switch|p1a: Urshifu|Urshifu, M|100/100
|turn|25
|
|t:|1597182871
|move|p1a: Urshifu|Sucker Punch|p2a: Volcarona
|-crit|p2a: Volcarona
|-damage|p2a: Volcarona|0 fnt
|-status|p1a: Urshifu|brn|[from] ability: Flame Body|[of] p2a: Volcarona
|-damage|p1a: Urshifu|91/100 brn|[from] item: Life Orb
|faint|p2a: Volcarona
|
|win|Ayante
|l|☆LT71LX devin
