|raw|<div class="broadcast-blue"><strong>This battle is required to be public due to a player having a name starting with 'btlt200'.</div>
|j|☆minimax_ai
|j|☆BTLT200$ brrr
|t:|1667979335
|gametype|singles
|player|p1|minimax_ai|169|1571
|player|p2|BTLT200$ brrr|winona|1714
|teamsize|p1|6
|teamsize|p2|6
|gen|8
|tier|[Gen 8] OU
|rated|
|rule|Sleep Clause Mod: Limit one foe put to sleep
|rule|Species Clause: Limit one of each Pokémon
|rule|OHKO Clause: OHKO moves are banned
|rule|Evasion Items Clause: Evasion items are banned
|rule|Evasion Moves Clause: Evasion moves are banned
|rule|Endless Battle Clause: Forcing endless battles is banned
|rule|HP Percentage Mod: HP is shown in percentages
|rule|Dynamax Clause: You cannot dynamax
|clearpoke
|poke|p1|Rotom-Wash|
|poke|p1|Weavile, M|
|poke|p1|Landorus-Therian, M|
|poke|p1|Heatran, M|
|poke|p1|Tangrowth, F|
|poke|p1|Melmetal|
|poke|p2|Blissey, F|
|poke|p2|Slowking-Galar, M|
|poke|p2|Corviknight, M|
|poke|p2|Toxapex, F|
|poke|p2|Clefable, F|
|poke|p2|Gastrodon, M|
|teampreview
|inactive|Battle timer is ON: inactive players will automatically lose when time's up. (requested by BTLT200$ brrr)
|c|☆minimax_ai|hf
|inactive|minimax_ai also wants the timer to be on.
|
|t:|1667979343
|start
|switch|p1a: landorustherian|Landorus-Therian, M|100/100
|switch|p2a: Toxapex|Toxapex, F|100/100
|-ability|p1a: landorustherian|Intimidate|boost
|-unboost|p2a: Toxapex|atk|1
|turn|1
|
|t:|1667979350
|switch|p1a: Heatran|Heatran, M|100/100
|-item|p1a: Heatran|Air Balloon
|switch|p2a: Corviknight|Corviknight, M|100/100
|-ability|p2a: Corviknight|Pressure
|
|upkeep
|turn|2
|
|t:|1667979356
|switch|p2a: Toxapex|Toxapex, F|100/100
|move|p1a: Heatran|Magma Storm|p2a: Toxapex
|-resisted|p2a: Toxapex
|-damage|p2a: Toxapex|81/100
|-activate|p2a: Toxapex|move: Magma Storm|[of] p1a: Heatran
|
|-damage|p2a: Toxapex|69/100|[from] move: Magma Storm|[partiallytrapped]
|upkeep
|turn|3
|
|t:|1667979362
|move|p1a: Heatran|Magma Storm|p2a: Toxapex|[miss]
|-miss|p1a: Heatran|p2a: Toxapex
|move|p2a: Toxapex|Knock Off|p1a: Heatran
|-damage|p1a: Heatran|87/100
|-enditem|p1a: Heatran|Air Balloon
|
|-damage|p2a: Toxapex|56/100|[from] move: Magma Storm|[partiallytrapped]
|upkeep
|turn|4
|
|t:|1667979366
|switch|p2a: Gastrodon|Gastrodon, M|100/100
|move|p1a: Heatran|Stealth Rock|p2a: Gastrodon
|-sidestart|p2: BTLT200$ brrr|move: Stealth Rock
|
|upkeep
|turn|5
|
|t:|1667979373
|switch|p1a: rotomwash|Rotom-Wash|100/100
|move|p2a: Gastrodon|Scald|p1a: rotomwash
|-resisted|p1a: rotomwash
|-damage|p1a: rotomwash|88/100
|
|-heal|p1a: rotomwash|94/100|[from] item: Leftovers
|upkeep
|turn|6
|
|t:|1667979377
|switch|p2a: Blissey|Blissey, F|100/100
|move|p1a: rotomwash|Nasty Plot|p1a: rotomwash
|-boost|p1a: rotomwash|spa|2
|
|-heal|p1a: rotomwash|99/100|[from] item: Leftovers
|upkeep
|turn|7
|
|t:|1667979385
|move|p1a: rotomwash|Nasty Plot|p1a: rotomwash
|-boost|p1a: rotomwash|spa|2
|move|p2a: Blissey|Seismic Toss|p1a: rotomwash
|-damage|p1a: rotomwash|67/100
|
|-heal|p1a: rotomwash|74/100|[from] item: Leftovers
|upkeep
|turn|8
|
|t:|1667979387
|move|p1a: rotomwash|Thunderbolt|p2a: Blissey
|-damage|p2a: Blissey|60/100
|move|p2a: Blissey|Toxic|p1a: rotomwash
|-status|p1a: rotomwash|tox
|
|-heal|p1a: rotomwash|80/100 tox|[from] item: Leftovers
|-damage|p1a: rotomwash|74/100 tox|[from] psn
|upkeep
|turn|9
|
|t:|1667979390
|move|p1a: rotomwash|Thunderbolt|p2a: Blissey
|-damage|p2a: Blissey|22/100
|move|p2a: Blissey|Soft-Boiled|p2a: Blissey
|-heal|p2a: Blissey|72/100
|
|-heal|p1a: rotomwash|80/100 tox|[from] item: Leftovers
|-damage|p1a: rotomwash|67/100 tox|[from] psn
|upkeep
|turn|10
|
|t:|1667979395
|move|p1a: rotomwash|Hydro Pump|p2a: Blissey
|-damage|p2a: Blissey|26/100
|move|p2a: Blissey|Soft-Boiled|p2a: Blissey
|-heal|p2a: Blissey|76/100
|
|-heal|p1a: rotomwash|74/100 tox|[from] item: Leftovers
|-damage|p1a: rotomwash|55/100 tox|[from] psn
|upkeep
|turn|11
|
|t:|1667979404
|switch|p1a: Melmetal|Melmetal|100/100
|switch|p2a: Gastrodon|Gastrodon, M|100/100
|-damage|p2a: Gastrodon|94/100|[from] Stealth Rock
|
|-heal|p2a: Gastrodon|100/100|[from] item: Leftovers
|upkeep
|turn|12
|
|t:|1667979407
|switch|p1a: rotomwash|Rotom-Wash|55/100 tox
|move|p2a: Gastrodon|Protect||[still]
|-fail|p2a: Gastrodon
|
|-heal|p1a: rotomwash|61/100 tox|[from] item: Leftovers
|-damage|p1a: rotomwash|55/100 tox|[from] psn
|upkeep
|turn|13
|
|t:|1667979412
|switch|p2a: Blissey|Blissey, F|76/100
|move|p1a: rotomwash|Nasty Plot|p1a: rotomwash
|-boost|p1a: rotomwash|spa|2
|
|-heal|p1a: rotomwash|61/100 tox|[from] item: Leftovers
|-damage|p1a: rotomwash|49/100 tox|[from] psn
|upkeep
|turn|14
|
|t:|1667979419
|switch|p2a: Gastrodon|Gastrodon, M|100/100
|-damage|p2a: Gastrodon|94/100|[from] Stealth Rock
|move|p1a: rotomwash|Thunderbolt|p2a: Gastrodon
|-immune|p2a: Gastrodon
|
|-heal|p1a: rotomwash|55/100 tox|[from] item: Leftovers
|-heal|p2a: Gastrodon|100/100|[from] item: Leftovers
|-damage|p1a: rotomwash|36/100 tox|[from] psn
|upkeep
|turn|15
|
|t:|1667979424
|move|p2a: Gastrodon|Protect|p2a: Gastrodon
|-singleturn|p2a: Gastrodon|Protect
|move|p1a: rotomwash|Pain Split|p2a: Gastrodon
|-activate|p2a: Gastrodon|move: Protect
|
|-heal|p1a: rotomwash|42/100 tox|[from] item: Leftovers
|-damage|p1a: rotomwash|17/100 tox|[from] psn
|upkeep
|turn|16
|
|t:|1667979432
|move|p2a: Gastrodon|Protect||[still]
|-fail|p2a: Gastrodon
|move|p1a: rotomwash|Pain Split|p2a: Gastrodon
|-sethp|p2a: Gastrodon|56/100|[from] move: Pain Split|[silent]
|-sethp|p1a: rotomwash|79/100 tox|[from] move: Pain Split
|
|-heal|p1a: rotomwash|85/100 tox|[from] item: Leftovers
|-heal|p2a: Gastrodon|62/100|[from] item: Leftovers
|-damage|p1a: rotomwash|54/100 tox|[from] psn
|upkeep
|turn|17
|
|t:|1667979434
|switch|p1a: Tangrowth|Tangrowth, F|100/100
|move|p2a: Gastrodon|Recover|p2a: Gastrodon
|-heal|p2a: Gastrodon|100/100
|
|upkeep
|turn|18
|
|t:|1667979446
|switch|p2a: Slowking|Slowking-Galar, M|100/100
|-damage|p2a: Slowking|88/100|[from] Stealth Rock
|move|p1a: Tangrowth|Sleep Powder|p2a: Slowking
|-status|p2a: Slowking|slp|[from] move: Sleep Powder
|
|upkeep
|turn|19
|
|t:|1667979457
|switch|p1a: rotomwash|Rotom-Wash|54/100 tox
|switch|p2a: Toxapex|Toxapex, F|90/100
|-damage|p2a: Toxapex|77/100|[from] Stealth Rock
|
|-heal|p1a: rotomwash|60/100 tox|[from] item: Leftovers
|-damage|p1a: rotomwash|54/100 tox|[from] psn
|upkeep
|turn|20
|
|t:|1667979461
|move|p1a: rotomwash|Nasty Plot|p1a: rotomwash
|-boost|p1a: rotomwash|spa|2
|move|p2a: Toxapex|Knock Off|p1a: rotomwash
|-damage|p1a: rotomwash|38/100 tox
|-enditem|p1a: rotomwash|Leftovers|[from] move: Knock Off|[of] p2a: Toxapex
|
|-damage|p1a: rotomwash|26/100 tox|[from] psn
|upkeep
|turn|21
|
|t:|1667979468
|switch|p2a: Slowking|Slowking-Galar, M|100/100 slp
|-damage|p2a: Slowking|88/100 slp|[from] Stealth Rock
|move|p1a: rotomwash|Pain Split|p2a: Slowking
|-sethp|p2a: Slowking|54/100 slp|[from] move: Pain Split|[silent]
|-sethp|p1a: rotomwash|70/100 tox|[from] move: Pain Split
|
|-damage|p1a: rotomwash|51/100 tox|[from] psn
|upkeep
|turn|22
|
|t:|1667979474
|switch|p1a: Melmetal|Melmetal|100/100
|switch|p2a: Gastrodon|Gastrodon, M|100/100
|-damage|p2a: Gastrodon|94/100|[from] Stealth Rock
|
|-heal|p2a: Gastrodon|100/100|[from] item: Leftovers
|upkeep
|turn|23
|
|t:|1667979484
|switch|p2a: Corviknight|Corviknight, M|100/100
|-damage|p2a: Corviknight|88/100|[from] Stealth Rock
|-ability|p2a: Corviknight|Pressure
|switch|p1a: rotomwash|Rotom-Wash|51/100 tox
|
|-heal|p2a: Corviknight|94/100|[from] item: Leftovers
|-damage|p1a: rotomwash|45/100 tox|[from] psn
|upkeep
|turn|24
|
|t:|1667979494
|switch|p2a: Slowking|Slowking-Galar, M|87/100 slp
|-damage|p2a: Slowking|75/100 slp|[from] Stealth Rock
|move|p1a: rotomwash|Nasty Plot|p1a: rotomwash
|-boost|p1a: rotomwash|spa|2
|
|-damage|p1a: rotomwash|32/100 tox|[from] psn
|upkeep
|turn|25
|j| tyrantkingdad
|
|t:|1667979499
|move|p1a: rotomwash|Pain Split|p2a: Slowking
|-sethp|p2a: Slowking|50/100 slp|[from] move: Pain Split|[silent]
|-sethp|p1a: rotomwash|65/100 tox|[from] move: Pain Split
|cant|p2a: Slowking|slp
|
|-damage|p1a: rotomwash|46/100 tox|[from] psn
|upkeep
|turn|26
|
|t:|1667979505
|switch|p2a: Gastrodon|Gastrodon, M|100/100
|-damage|p2a: Gastrodon|94/100|[from] Stealth Rock
|move|p1a: rotomwash|Nasty Plot|p1a: rotomwash
|-boost|p1a: rotomwash|spa|2
|
|-heal|p2a: Gastrodon|100/100|[from] item: Leftovers
|-damage|p1a: rotomwash|21/100 tox|[from] psn
|upkeep
|turn|27
|
|t:|1667979513
|switch|p2a: Slowking|Slowking-Galar, M|83/100 slp
|-damage|p2a: Slowking|71/100 slp|[from] Stealth Rock
|move|p1a: rotomwash|Thunderbolt|p2a: Slowking
|-damage|p2a: Slowking|19/100 slp
|
|-damage|p1a: rotomwash|0 fnt|[from] psn
|faint|p1a: rotomwash
|upkeep
|
|t:|1667979513
|switch|p1a: Weavile|Weavile, M|100/100
|-ability|p1a: Weavile|Pressure
|turn|28
|
|t:|1667979527
|switch|p2a: Corviknight|Corviknight, M|94/100
|-damage|p2a: Corviknight|82/100|[from] Stealth Rock
|-ability|p2a: Corviknight|Pressure
|move|p1a: Weavile|Knock Off|p2a: Corviknight
|-damage|p2a: Corviknight|35/100
|-enditem|p2a: Corviknight|Leftovers|[from] move: Knock Off|[of] p1a: Weavile
|
|upkeep
|turn|29
|
|t:|1667979534
|switch|p1a: Heatran|Heatran, M|87/100
|move|p2a: Corviknight|Roost|p2a: Corviknight
|-heal|p2a: Corviknight|85/100
|-singleturn|p2a: Corviknight|move: Roost
|
|upkeep
|turn|30
|
|t:|1667979540
|switch|p2a: Toxapex|Toxapex, F|100/100
|-damage|p2a: Toxapex|88/100|[from] Stealth Rock
|move|p1a: Heatran|Magma Storm|p2a: Toxapex|[miss]
|-miss|p1a: Heatran|p2a: Toxapex
|
|upkeep
|turn|31
|
|t:|1667979545
|move|p1a: Heatran|Magma Storm|p2a: Toxapex
|-resisted|p2a: Toxapex
|-damage|p2a: Toxapex|69/100
|-activate|p2a: Toxapex|move: Magma Storm|[of] p1a: Heatran
|move|p2a: Toxapex|Light Screen|p2a: Toxapex
|-sidestart|p2: BTLT200$ brrr|move: Light Screen
|
|-damage|p2a: Toxapex|56/100|[from] move: Magma Storm|[partiallytrapped]
|upkeep
|turn|32
|
|t:|1667979549
|switch|p1a: Tangrowth|Tangrowth, F|100/100
|switch|p2a: Gastrodon|Gastrodon, M|100/100
|-damage|p2a: Gastrodon|94/100|[from] Stealth Rock
|
|-heal|p2a: Gastrodon|100/100|[from] item: Leftovers
|upkeep
|turn|33
|
|t:|1667979558
|switch|p2a: Corviknight|Corviknight, M|85/100
|-damage|p2a: Corviknight|73/100|[from] Stealth Rock
|-ability|p2a: Corviknight|Pressure
|move|p1a: Tangrowth|Giga Drain|p2a: Corviknight
|-resisted|p2a: Corviknight
|-damage|p2a: Corviknight|70/100
|
|upkeep
|turn|34
|
|t:|1667979566
|switch|p1a: landorustherian|Landorus-Therian, M|100/100
|-ability|p1a: landorustherian|Intimidate|boost
|-unboost|p2a: Corviknight|atk|1
|move|p2a: Corviknight|Defog|p1a: landorustherian
|-unboost|p1a: landorustherian|evasion|1
|-sideend|p2: BTLT200$ brrr|Stealth Rock|[from] move: Defog|[of] p2a: Corviknight
|
|upkeep
|turn|35
|
|t:|1667979570
|move|p1a: landorustherian|Earthquake|p2a: Corviknight
|-immune|p2a: Corviknight
|move|p2a: Corviknight|Roost|p2a: Corviknight
|-heal|p2a: Corviknight|100/100
|-singleturn|p2a: Corviknight|move: Roost
|
|-sideend|p2: BTLT200$ brrr|move: Light Screen
|upkeep
|turn|36
|
|t:|1667979573
|move|p1a: landorustherian|Earthquake|p2a: Corviknight
|-immune|p2a: Corviknight
|move|p2a: Corviknight|Body Press|p1a: landorustherian
|-resisted|p1a: landorustherian
|-damage|p1a: landorustherian|88/100
|
|-heal|p1a: landorustherian|94/100|[from] item: Leftovers
|upkeep
|turn|37
|
|t:|1667979578
|move|p1a: landorustherian|Earthquake|p2a: Corviknight
|-immune|p2a: Corviknight
|move|p2a: Corviknight|Iron Defense|p2a: Corviknight
|-boost|p2a: Corviknight|def|2
|
|-heal|p1a: landorustherian|99/100|[from] item: Leftovers
|upkeep
|turn|38
|
|t:|1667979581
|move|p1a: landorustherian|U-turn|p2a: Corviknight
|-resisted|p2a: Corviknight
|-damage|p2a: Corviknight|99/100
|
|t:|1667979581
|switch|p1a: Tangrowth|Tangrowth, F|100/100|[from]move: U-turn
|move|p2a: Corviknight|Body Press|p1a: Tangrowth
|-damage|p1a: Tangrowth|75/100
|-damage|p2a: Corviknight|82/100|[from] item: Rocky Helmet|[of] p1a: Tangrowth
|
|upkeep
|turn|39
|
|t:|1667979589
|switch|p2a: Toxapex|Toxapex, F|90/100
|switch|p1a: landorustherian|Landorus-Therian, M|99/100
|-ability|p1a: landorustherian|Intimidate|boost
|-unboost|p2a: Toxapex|atk|1
|
|-heal|p1a: landorustherian|100/100|[from] item: Leftovers
|upkeep
|turn|40
|
|t:|1667979593
|switch|p2a: Corviknight|Corviknight, M|82/100
|-ability|p2a: Corviknight|Pressure
|move|p1a: landorustherian|U-turn|p2a: Corviknight
|-resisted|p2a: Corviknight
|-damage|p2a: Corviknight|79/100
|
|t:|1667979593
|switch|p1a: Heatran|Heatran, M|87/100|[from]move: U-turn
|
|upkeep
|turn|41
|
|t:|1667979606
|switch|p2a: Gastrodon|Gastrodon, M|100/100
|move|p1a: Heatran|Stealth Rock|p2a: Gastrodon
|-sidestart|p2: BTLT200$ brrr|move: Stealth Rock
|
|upkeep
|turn|42
|
|t:|1667979608
|switch|p1a: landorustherian|Landorus-Therian, M|100/100
|-ability|p1a: landorustherian|Intimidate|boost
|-unboost|p2a: Gastrodon|atk|1
|move|p2a: Gastrodon|Scald|p1a: landorustherian
|-supereffective|p1a: landorustherian
|-damage|p1a: landorustherian|61/100
|
|-heal|p1a: landorustherian|67/100|[from] item: Leftovers
|upkeep
|turn|43
|
|t:|1667979616
|move|p1a: landorustherian|Earthquake|p2a: Gastrodon
|-damage|p2a: Gastrodon|52/100
|move|p2a: Gastrodon|Scald|p1a: landorustherian
|-supereffective|p1a: landorustherian
|-damage|p1a: landorustherian|30/100
|
|-heal|p1a: landorustherian|36/100|[from] item: Leftovers
|-heal|p2a: Gastrodon|58/100|[from] item: Leftovers
|upkeep
|turn|44
|
|t:|1667979623
|move|p2a: Gastrodon|Protect|p2a: Gastrodon
|-singleturn|p2a: Gastrodon|Protect
|move|p1a: landorustherian|U-turn|p2a: Gastrodon
|-activate|p2a: Gastrodon|move: Protect
|
|-heal|p1a: landorustherian|42/100|[from] item: Leftovers
|-heal|p2a: Gastrodon|65/100|[from] item: Leftovers
|upkeep
|turn|45
|
|t:|1667979627
|move|p1a: landorustherian|U-turn|p2a: Gastrodon
|-damage|p2a: Gastrodon|42/100
|
|t:|1667979627
|switch|p1a: Tangrowth|Tangrowth, F|100/100|[from]move: U-turn
|move|p2a: Gastrodon|Recover|p2a: Gastrodon
|-heal|p2a: Gastrodon|92/100
|
|-heal|p2a: Gastrodon|98/100|[from] item: Leftovers
|upkeep
|turn|46
|
|t:|1667979633
|switch|p2a: Blissey|Blissey, F|76/100
|move|p1a: Tangrowth|Giga Drain|p2a: Blissey
|-damage|p2a: Blissey|65/100
|
|upkeep
|turn|47
|
|t:|1667979638
|switch|p1a: Melmetal|Melmetal|100/100
|move|p2a: Blissey|Stealth Rock|p1a: Melmetal
|-sidestart|p1: minimax_ai|move: Stealth Rock
|
|upkeep
|turn|48
|
|t:|1667979644
|switch|p2a: Toxapex|Toxapex, F|100/100
|-damage|p2a: Toxapex|88/100|[from] Stealth Rock
|move|p1a: Melmetal|Double Iron Bash|p2a: Toxapex
|-resisted|p2a: Toxapex
|-damage|p2a: Toxapex|76/100
|-resisted|p2a: Toxapex
|-damage|p2a: Toxapex|62/100
|-hitcount|p2a: Toxapex|2
|
|upkeep
|turn|49
|
|t:|1667979651
|move|p1a: Melmetal|Double Iron Bash|p2a: Toxapex
|-resisted|p2a: Toxapex
|-damage|p2a: Toxapex|50/100
|-resisted|p2a: Toxapex
|-damage|p2a: Toxapex|38/100
|-hitcount|p2a: Toxapex|2
|move|p2a: Toxapex|Knock Off|p1a: Melmetal
|-damage|p1a: Melmetal|92/100
|-enditem|p1a: Melmetal|Assault Vest|[from] move: Knock Off|[of] p2a: Toxapex
|
|upkeep
|turn|50
|
|t:|1667979661
|switch|p2a: Gastrodon|Gastrodon, M|98/100
|-damage|p2a: Gastrodon|92/100|[from] Stealth Rock
|move|p1a: Melmetal|Double Iron Bash|p2a: Gastrodon
|-resisted|p2a: Gastrodon
|-damage|p2a: Gastrodon|72/100
|-resisted|p2a: Gastrodon
|-damage|p2a: Gastrodon|53/100
|-hitcount|p2a: Gastrodon|2
|
|-heal|p2a: Gastrodon|59/100|[from] item: Leftovers
|upkeep
|turn|51
|
|t:|1667979668
|switch|p1a: Tangrowth|Tangrowth, F|100/100
|-damage|p1a: Tangrowth|88/100|[from] Stealth Rock
|move|p2a: Gastrodon|Protect||[still]
|-fail|p2a: Gastrodon
|
|-heal|p2a: Gastrodon|65/100|[from] item: Leftovers
|upkeep
|turn|52
|
|t:|1667979670
|move|p2a: Gastrodon|Protect|p2a: Gastrodon
|-singleturn|p2a: Gastrodon|Protect
|move|p1a: Tangrowth|Giga Drain|p2a: Gastrodon
|-activate|p2a: Gastrodon|move: Protect
|
|-heal|p2a: Gastrodon|71/100|[from] item: Leftovers
|upkeep
|turn|53
|
|t:|1667979674
|switch|p2a: Blissey|Blissey, F|65/100
|move|p1a: Tangrowth|Giga Drain|p2a: Blissey
|-damage|p2a: Blissey|55/100
|-heal|p1a: Tangrowth|97/100|[from] drain|[of] p2a: Blissey
|
|upkeep
|turn|54
|
|t:|1667979679
|switch|p1a: Melmetal|Melmetal|92/100
|-damage|p1a: Melmetal|86/100|[from] Stealth Rock
|move|p2a: Blissey|Soft-Boiled|p2a: Blissey
|-heal|p2a: Blissey|100/100
|
|upkeep
|turn|55
|
|t:|1667979684
|switch|p2a: Corviknight|Corviknight, M|79/100
|-damage|p2a: Corviknight|67/100|[from] Stealth Rock
|-ability|p2a: Corviknight|Pressure
|move|p1a: Melmetal|Double Iron Bash|p2a: Corviknight
|-resisted|p2a: Corviknight
|-damage|p2a: Corviknight|54/100
|-resisted|p2a: Corviknight
|-damage|p2a: Corviknight|42/100
|-hitcount|p2a: Corviknight|2
|
|upkeep
|turn|56
|
|t:|1667979691
|move|p2a: Corviknight|Roost|p2a: Corviknight
|-heal|p2a: Corviknight|92/100
|-singleturn|p2a: Corviknight|move: Roost
|move|p1a: Melmetal|Thunder Punch|p2a: Corviknight
|-damage|p2a: Corviknight|73/100
|
|upkeep
|turn|57
|
|t:|1667979697
|move|p2a: Corviknight|Roost|p2a: Corviknight
|-heal|p2a: Corviknight|100/100
|-singleturn|p2a: Corviknight|move: Roost
|move|p1a: Melmetal|Thunder Punch|p2a: Corviknight
|-damage|p2a: Corviknight|79/100
|-status|p2a: Corviknight|par
|
|upkeep
|turn|58
|
|t:|1667979705
|switch|p2a: Gastrodon|Gastrodon, M|71/100
|-damage|p2a: Gastrodon|65/100|[from] Stealth Rock
|move|p1a: Melmetal|Double Iron Bash|p2a: Gastrodon
|-resisted|p2a: Gastrodon
|-damage|p2a: Gastrodon|44/100
|-resisted|p2a: Gastrodon
|-damage|p2a: Gastrodon|25/100
|-hitcount|p2a: Gastrodon|2
|
|-heal|p2a: Gastrodon|31/100|[from] item: Leftovers
|upkeep
|turn|59
|
|t:|1667979712
|move|p2a: Gastrodon|Recover|p2a: Gastrodon
|-heal|p2a: Gastrodon|81/100
|move|p1a: Melmetal|Double Iron Bash|p2a: Gastrodon
|-resisted|p2a: Gastrodon
|-damage|p2a: Gastrodon|60/100
|-resisted|p2a: Gastrodon
|-damage|p2a: Gastrodon|40/100
|-hitcount|p2a: Gastrodon|2
|
|-heal|p2a: Gastrodon|46/100|[from] item: Leftovers
|upkeep
|turn|60
|
|t:|1667979715
|move|p2a: Gastrodon|Recover|p2a: Gastrodon
|-heal|p2a: Gastrodon|96/100
|move|p1a: Melmetal|Ice Punch|p2a: Gastrodon
|-damage|p2a: Gastrodon|62/100
|
|-heal|p2a: Gastrodon|68/100|[from] item: Leftovers
|upkeep
|turn|61
|
|t:|1667979720
|move|p2a: Gastrodon|Scald|p1a: Melmetal
|-damage|p1a: Melmetal|66/100
|move|p1a: Melmetal|Ice Punch|p2a: Gastrodon
|-damage|p2a: Gastrodon|37/100
|
|-heal|p2a: Gastrodon|43/100|[from] item: Leftovers
|upkeep
|turn|62
|
|t:|1667979724
|move|p2a: Gastrodon|Recover|p2a: Gastrodon
|-heal|p2a: Gastrodon|93/100
|move|p1a: Melmetal|Double Iron Bash|p2a: Gastrodon
|-resisted|p2a: Gastrodon
|-damage|p2a: Gastrodon|74/100
|-resisted|p2a: Gastrodon
|-damage|p2a: Gastrodon|54/100
|-hitcount|p2a: Gastrodon|2
|
|-heal|p2a: Gastrodon|60/100|[from] item: Leftovers
|upkeep
|turn|63
|
|t:|1667979729
|switch|p1a: Tangrowth|Tangrowth, F|100/100
|-damage|p1a: Tangrowth|88/100|[from] Stealth Rock
|move|p2a: Gastrodon|Recover|p2a: Gastrodon
|-heal|p2a: Gastrodon|100/100
|
|upkeep
|turn|64
|
|t:|1667979739
|move|p2a: Gastrodon|Protect|p2a: Gastrodon
|-singleturn|p2a: Gastrodon|Protect
|move|p1a: Tangrowth|Giga Drain|p2a: Gastrodon
|-activate|p2a: Gastrodon|move: Protect
|
|upkeep
|turn|65
|
|t:|1667979743
|switch|p2a: Blissey|Blissey, F|100/100
|move|p1a: Tangrowth|Giga Drain|p2a: Blissey
|-crit|p2a: Blissey
|-damage|p2a: Blissey|85/100
|-heal|p1a: Tangrowth|100/100|[from] drain|[of] p2a: Blissey
|
|upkeep
|turn|66
|
|t:|1667979747
|move|p2a: Blissey|Seismic Toss|p1a: Tangrowth
|-damage|p1a: Tangrowth|76/100
|-damage|p2a: Blissey|68/100|[from] item: Rocky Helmet|[of] p1a: Tangrowth
|move|p1a: Tangrowth|Knock Off|p2a: Blissey
|-damage|p2a: Blissey|48/100
|-enditem|p2a: Blissey|Heavy-Duty Boots|[from] move: Knock Off|[of] p1a: Tangrowth
|
|upkeep
|turn|67
|
|t:|1667979751
|switch|p1a: Melmetal|Melmetal|66/100
|-damage|p1a: Melmetal|60/100|[from] Stealth Rock
|move|p2a: Blissey|Soft-Boiled|p2a: Blissey
|-heal|p2a: Blissey|98/100
|
|upkeep
|turn|68
|
|t:|1667979754
|switch|p2a: Gastrodon|Gastrodon, M|100/100
|-damage|p2a: Gastrodon|94/100|[from] Stealth Rock
|move|p1a: Melmetal|Earthquake|p2a: Gastrodon
|-damage|p2a: Gastrodon|60/100
|
|-heal|p2a: Gastrodon|66/100|[from] item: Leftovers
|upkeep
|turn|69
|
|t:|1667979763
|switch|p1a: Tangrowth|Tangrowth, F|100/100
|-damage|p1a: Tangrowth|88/100|[from] Stealth Rock
|move|p2a: Gastrodon|Recover|p2a: Gastrodon
|-heal|p2a: Gastrodon|100/100
|
|upkeep
|turn|70
|
|t:|1667979766
|switch|p2a: Blissey|Blissey, F|98/100
|-damage|p2a: Blissey|85/100|[from] Stealth Rock
|move|p1a: Tangrowth|Giga Drain|p2a: Blissey
|-damage|p2a: Blissey|74/100
|-heal|p1a: Tangrowth|98/100|[from] drain|[of] p2a: Blissey
|
|upkeep
|turn|71
|
|t:|1667979770
|switch|p1a: Melmetal|Melmetal|60/100
|-damage|p1a: Melmetal|54/100|[from] Stealth Rock
|move|p2a: Blissey|Seismic Toss|p1a: Melmetal
|-damage|p1a: Melmetal|32/100
|
|upkeep
|turn|72
|
|t:|1667979775
|move|p2a: Blissey|Seismic Toss|p1a: Melmetal
|-damage|p1a: Melmetal|9/100
|move|p1a: Melmetal|Ice Punch|p2a: Blissey
|-damage|p2a: Blissey|43/100
|
|upkeep
|turn|73
|
|t:|1667979779
|switch|p1a: landorustherian|Landorus-Therian, M|42/100
|-damage|p1a: landorustherian|30/100|[from] Stealth Rock
|-ability|p1a: landorustherian|Intimidate|boost
|-unboost|p2a: Blissey|atk|1
|move|p2a: Blissey|Seismic Toss|p1a: landorustherian
|-damage|p1a: landorustherian|4/100
|
|-heal|p1a: landorustherian|10/100|[from] item: Leftovers
|upkeep
|turn|74
|
|t:|1667979783
|move|p1a: landorustherian|Earthquake|p2a: Blissey
|-damage|p2a: Blissey|4/100
|move|p2a: Blissey|Soft-Boiled|p2a: Blissey
|-heal|p2a: Blissey|54/100
|
|-heal|p1a: landorustherian|16/100|[from] item: Leftovers
|upkeep
|turn|75
|
|t:|1667979785
|move|p1a: landorustherian|Earthquake|p2a: Blissey
|-damage|p2a: Blissey|11/100
|move|p2a: Blissey|Soft-Boiled|p2a: Blissey
|-heal|p2a: Blissey|61/100
|
|-heal|p1a: landorustherian|22/100|[from] item: Leftovers
|upkeep
|turn|76
|
|t:|1667979789
|switch|p2a: Corviknight|Corviknight, M|79/100 par
|-damage|p2a: Corviknight|67/100 par|[from] Stealth Rock
|-ability|p2a: Corviknight|Pressure
|move|p1a: landorustherian|Earthquake|p2a: Corviknight
|-immune|p2a: Corviknight
|
|-heal|p1a: landorustherian|28/100|[from] item: Leftovers
|upkeep
|turn|77
|
|t:|1667979796
|move|p1a: landorustherian|Defog|p2a: Corviknight
|-unboost|p2a: Corviknight|evasion|1
|-sideend|p2: BTLT200$ brrr|Stealth Rock|[from] move: Defog|[of] p1a: landorustherian
|-sideend|p1: minimax_ai|Stealth Rock|[from] move: Defog|[of] p1a: landorustherian
|move|p2a: Corviknight|Roost|p2a: Corviknight
|-heal|p2a: Corviknight|100/100 par
|-singleturn|p2a: Corviknight|move: Roost
|
|-heal|p1a: landorustherian|34/100|[from] item: Leftovers
|upkeep
|turn|78
|
|t:|1667979801
|move|p1a: landorustherian|Earthquake|p2a: Corviknight
|-immune|p2a: Corviknight
|move|p2a: Corviknight|Body Press|p1a: landorustherian
|-resisted|p1a: landorustherian
|-damage|p1a: landorustherian|21/100
|
|-heal|p1a: landorustherian|27/100|[from] item: Leftovers
|upkeep
|turn|79
|
|t:|1667979809
|move|p1a: landorustherian|Earthquake|p2a: Corviknight
|-immune|p2a: Corviknight
|move|p2a: Corviknight|Iron Defense|p2a: Corviknight
|-boost|p2a: Corviknight|def|2
|
|-heal|p1a: landorustherian|33/100|[from] item: Leftovers
|upkeep
|turn|80
|
|t:|1667979811
|move|p1a: landorustherian|U-turn|p2a: Corviknight
|-resisted|p2a: Corviknight
|-damage|p2a: Corviknight|99/100 par
|
|t:|1667979811
|switch|p1a: Tangrowth|Tangrowth, F|100/100|[from]move: U-turn
|cant|p2a: Corviknight|par
|
|upkeep
|turn|81
|
|t:|1667979817
|switch|p2a: Blissey|Blissey, F|61/100
|move|p1a: Tangrowth|Giga Drain|p2a: Blissey
|-damage|p2a: Blissey|52/100
|
|upkeep
|turn|82
|
|t:|1667979824
|switch|p1a: Weavile|Weavile, M|100/100
|-ability|p1a: Weavile|Pressure
|move|p2a: Blissey|Stealth Rock|p1a: Weavile
|-sidestart|p1: minimax_ai|move: Stealth Rock
|
|upkeep
|turn|83
|
|t:|1667979829
|switch|p2a: Toxapex|Toxapex, F|71/100
|move|p1a: Weavile|Triple Axel|p2a: Toxapex|[miss]
|-miss|p1a: Weavile|p2a: Toxapex
|
|upkeep
|turn|84
|
|t:|1667979837
|move|p1a: Weavile|Triple Axel|p2a: Toxapex
|-resisted|p2a: Toxapex
|-damage|p2a: Toxapex|66/100
|-resisted|p2a: Toxapex
|-damage|p2a: Toxapex|57/100
|-resisted|p2a: Toxapex
|-damage|p2a: Toxapex|42/100
|-hitcount|p2a: Toxapex|3
|move|p2a: Toxapex|Toxic|p1a: Weavile
|-status|p1a: Weavile|tox
|
|-damage|p1a: Weavile|94/100 tox|[from] psn
|upkeep
|turn|85
|
|t:|1667979839
|switch|p1a: landorustherian|Landorus-Therian, M|33/100
|-damage|p1a: landorustherian|21/100|[from] Stealth Rock
|-ability|p1a: landorustherian|Intimidate|boost
|-unboost|p2a: Toxapex|atk|1
|move|p2a: Toxapex|Recover|p2a: Toxapex
|-heal|p2a: Toxapex|92/100
|
|-heal|p1a: landorustherian|27/100|[from] item: Leftovers
|upkeep
|turn|86
|
|t:|1667979842
|move|p1a: landorustherian|Earthquake|p2a: Toxapex
|-supereffective|p2a: Toxapex
|-damage|p2a: Toxapex|26/100
|move|p2a: Toxapex|Toxic|p1a: landorustherian
|-status|p1a: landorustherian|tox
|
|-heal|p1a: landorustherian|33/100 tox|[from] item: Leftovers
|-damage|p1a: landorustherian|27/100 tox|[from] psn
|upkeep
|turn|87
|
|t:|1667979845
|switch|p2a: Corviknight|Corviknight, M|99/100 par
|-ability|p2a: Corviknight|Pressure
|move|p1a: landorustherian|Defog|p2a: Corviknight
|-unboost|p2a: Corviknight|evasion|1
|-sideend|p1: minimax_ai|Stealth Rock|[from] move: Defog|[of] p1a: landorustherian
|
|-heal|p1a: landorustherian|33/100 tox|[from] item: Leftovers
|-damage|p1a: landorustherian|21/100 tox|[from] psn
|upkeep
|turn|88
|
|t:|1667979850
|move|p1a: landorustherian|U-turn|p2a: Corviknight
|-resisted|p2a: Corviknight
|-damage|p2a: Corviknight|96/100 par
|
|t:|1667979850
|switch|p1a: Tangrowth|Tangrowth, F|100/100|[from]move: U-turn
|move|p2a: Corviknight|Body Press|p1a: Tangrowth
|-damage|p1a: Tangrowth|87/100
|-damage|p2a: Corviknight|79/100 par|[from] item: Rocky Helmet|[of] p1a: Tangrowth
|
|upkeep
|turn|89
|
|t:|1667979855
|switch|p2a: Blissey|Blissey, F|52/100
|move|p1a: Tangrowth|Knock Off|p2a: Blissey
|-damage|p2a: Blissey|39/100
|
|upkeep
|turn|90
|
|t:|1667979859
|switch|p1a: Heatran|Heatran, M|87/100
|move|p2a: Blissey|Soft-Boiled|p2a: Blissey
|-heal|p2a: Blissey|89/100
|
|upkeep
|turn|91
|
|t:|1667979861
|switch|p2a: Gastrodon|Gastrodon, M|100/100
|move|p1a: Heatran|Stealth Rock|p2a: Gastrodon
|-sidestart|p2: BTLT200$ brrr|move: Stealth Rock
|
|upkeep
|turn|92
|
|t:|1667979865
|switch|p1a: landorustherian|Landorus-Therian, M|21/100 tox
|-ability|p1a: landorustherian|Intimidate|boost
|-unboost|p2a: Gastrodon|atk|1
|move|p2a: Gastrodon|Scald|p1a: landorustherian
|-supereffective|p1a: landorustherian
|-damage|p1a: landorustherian|0 fnt
|faint|p1a: landorustherian
|
|upkeep
|
|t:|1667979865
|switch|p1a: Weavile|Weavile, M|94/100 tox
|-ability|p1a: Weavile|Pressure
|turn|93
|
|t:|1667979868
|move|p2a: Gastrodon|Protect|p2a: Gastrodon
|-singleturn|p2a: Gastrodon|Protect
|move|p1a: Weavile|Triple Axel|p2a: Gastrodon
|-activate|p2a: Gastrodon|move: Protect
|
|-damage|p1a: Weavile|88/100 tox|[from] psn
|upkeep
|turn|94
|
|t:|1667979875
|switch|p2a: Toxapex|Toxapex, F|60/100
|-damage|p2a: Toxapex|47/100|[from] Stealth Rock
|move|p1a: Weavile|Triple Axel|p2a: Toxapex
|-resisted|p2a: Toxapex
|-damage|p2a: Toxapex|42/100
|-resisted|p2a: Toxapex
|-damage|p2a: Toxapex|32/100
|-resisted|p2a: Toxapex
|-damage|p2a: Toxapex|18/100
|-hitcount|p2a: Toxapex|3
|
|-damage|p1a: Weavile|76/100 tox|[from] psn
|upkeep
|turn|95
|
|t:|1667979882
|switch|p2a: Corviknight|Corviknight, M|79/100 par
|-damage|p2a: Corviknight|67/100 par|[from] Stealth Rock
|-ability|p2a: Corviknight|Pressure
|move|p1a: Weavile|Triple Axel|p2a: Corviknight
|-damage|p2a: Corviknight|58/100 par
|-damage|p2a: Corviknight|41/100 par
|-damage|p2a: Corviknight|12/100 par
|-hitcount|p2a: Corviknight|3
|
|-damage|p1a: Weavile|58/100 tox|[from] psn
|upkeep
|turn|96
|
|t:|1667979891
|move|p1a: Weavile|Triple Axel|p2a: Corviknight
|-damage|p2a: Corviknight|3/100 par
|-damage|p2a: Corviknight|0 fnt
|faint|p2a: Corviknight
|-hitcount|p2: Corviknight|2
|
|-damage|p1a: Weavile|34/100 tox|[from] psn
|upkeep
|
|t:|1667979894
|switch|p2a: Toxapex|Toxapex, F|51/100
|-damage|p2a: Toxapex|38/100|[from] Stealth Rock
|turn|97
|
|t:|1667979901
|switch|p1a: Heatran|Heatran, M|87/100
|move|p2a: Toxapex|Recover|p2a: Toxapex
|-heal|p2a: Toxapex|88/100
|
|upkeep
|turn|98
|
|t:|1667979905
|move|p1a: Heatran|Magma Storm|p2a: Toxapex
|-resisted|p2a: Toxapex
|-damage|p2a: Toxapex|67/100
|-activate|p2a: Toxapex|move: Magma Storm|[of] p1a: Heatran
|move|p2a: Toxapex|Light Screen|p2a: Toxapex
|-sidestart|p2: BTLT200$ brrr|move: Light Screen
|
|-damage|p2a: Toxapex|54/100|[from] move: Magma Storm|[partiallytrapped]
|upkeep
|turn|99
|
|t:|1667979911
|switch|p2a: Gastrodon|Gastrodon, M|100/100
|-damage|p2a: Gastrodon|94/100|[from] Stealth Rock
|move|p1a: Heatran|Magma Storm|p2a: Gastrodon
|-resisted|p2a: Gastrodon
|-damage|p2a: Gastrodon|85/100
|-activate|p2a: Gastrodon|move: Magma Storm|[of] p1a: Heatran
|
|-heal|p2a: Gastrodon|91/100|[from] item: Leftovers
|-damage|p2a: Gastrodon|78/100|[from] move: Magma Storm|[partiallytrapped]
|upkeep
|turn|100
|
|t:|1667979917
|switch|p1a: Tangrowth|Tangrowth, F|100/100
|move|p2a: Gastrodon|Scald|p1a: Tangrowth
|-resisted|p1a: Tangrowth
|-damage|p1a: Tangrowth|80/100
|
|-heal|p2a: Gastrodon|84/100|[from] item: Leftovers
|-end|p2a: Gastrodon|Magma Storm|[partiallytrapped]|[silent]
|upkeep
|turn|101
|
|t:|1667979922
|switch|p2a: Blissey|Blissey, F|89/100
|-damage|p2a: Blissey|77/100|[from] Stealth Rock
|move|p1a: Tangrowth|Giga Drain|p2a: Blissey
|-damage|p2a: Blissey|72/100
|-heal|p1a: Tangrowth|85/100|[from] drain|[of] p2a: Blissey
|
|upkeep
|turn|102
|
|t:|1667979924
|switch|p1a: Heatran|Heatran, M|87/100
|move|p2a: Blissey|Seismic Toss|p1a: Heatran
|-damage|p1a: Heatran|56/100
|
|-sideend|p2: BTLT200$ brrr|move: Light Screen
|upkeep
|turn|103
|
|t:|1667979927
|move|p1a: Heatran|Magma Storm|p2a: Blissey
|-damage|p2a: Blissey|52/100
|-activate|p2a: Blissey|move: Magma Storm|[of] p1a: Heatran
|move|p2a: Blissey|Seismic Toss|p1a: Heatran
|-damage|p1a: Heatran|25/100
|
|-damage|p2a: Blissey|40/100|[from] move: Magma Storm|[partiallytrapped]
|upkeep
|turn|104
|
|t:|1667979929
|move|p1a: Heatran|Magma Storm|p2a: Blissey
|-damage|p2a: Blissey|21/100
|move|p2a: Blissey|Seismic Toss|p1a: Heatran
|-damage|p1a: Heatran|0 fnt
|faint|p1a: Heatran
|
|-end|p2a: Blissey|Magma Storm|[partiallytrapped]|[silent]
|upkeep
|
|t:|1667979929
|switch|p1a: Weavile|Weavile, M|34/100 tox
|-ability|p1a: Weavile|Pressure
|turn|105
|
|t:|1667979934
|switch|p2a: Slowking|Slowking-Galar, M|52/100 slp
|-damage|p2a: Slowking|40/100 slp|[from] Stealth Rock
|move|p1a: Weavile|Triple Axel|p2a: Slowking
|-damage|p2a: Slowking|25/100 slp
|-damage|p2a: Slowking|0 fnt
|faint|p2a: Slowking
|-hitcount|p2: Slowking|2
|
|-damage|p1a: Weavile|28/100 tox|[from] psn
|upkeep
|
|t:|1667979939
|switch|p2a: Toxapex|Toxapex, F|87/100
|-damage|p2a: Toxapex|75/100|[from] Stealth Rock
|turn|106
|
|t:|1667979947
|move|p1a: Weavile|Triple Axel|p2a: Toxapex
|-resisted|p2a: Toxapex
|-damage|p2a: Toxapex|70/100
|-resisted|p2a: Toxapex
|-damage|p2a: Toxapex|61/100
|-hitcount|p2a: Toxapex|2
|move|p2a: Toxapex|Toxic|p1a: Weavile
|-fail|p1a: Weavile|tox
|
|-damage|p1a: Weavile|16/100 tox|[from] psn
|upkeep
|turn|107
|
|t:|1667979950
|switch|p1a: Tangrowth|Tangrowth, F|100/100
|move|p2a: Toxapex|Recover|p2a: Toxapex
|-heal|p2a: Toxapex|100/100
|
|upkeep
|turn|108
|
|t:|1667979952
|move|p1a: Tangrowth|Giga Drain|p2a: Toxapex
|-damage|p2a: Toxapex|77/100
|move|p2a: Toxapex|Toxic|p1a: Tangrowth
|-status|p1a: Tangrowth|tox
|
|-damage|p1a: Tangrowth|94/100 tox|[from] psn
|upkeep
|turn|109
|
|t:|1667979959
|move|p1a: Tangrowth|Giga Drain|p2a: Toxapex
|-damage|p2a: Toxapex|56/100
|-heal|p1a: Tangrowth|100/100 tox|[from] drain|[of] p2a: Toxapex
|move|p2a: Toxapex|Recover|p2a: Toxapex
|-heal|p2a: Toxapex|100/100
|
|-damage|p1a: Tangrowth|88/100 tox|[from] psn
|upkeep
|turn|110
|
|t:|1667979962
|move|p1a: Tangrowth|Giga Drain|p2a: Toxapex
|-damage|p2a: Toxapex|80/100
|-heal|p1a: Tangrowth|96/100 tox|[from] drain|[of] p2a: Toxapex
|move|p2a: Toxapex|Light Screen|p2a: Toxapex
|-sidestart|p2: BTLT200$ brrr|move: Light Screen
|
|-damage|p1a: Tangrowth|77/100 tox|[from] psn
|upkeep
|turn|111
|
|t:|1667979966
|switch|p2a: Blissey|Blissey, F|21/100
|-damage|p2a: Blissey|8/100|[from] Stealth Rock
|move|p1a: Tangrowth|Giga Drain|p2a: Blissey
|-damage|p2a: Blissey|3/100
|-heal|p1a: Tangrowth|82/100 tox|[from] drain|[of] p2a: Blissey
|
|-damage|p1a: Tangrowth|58/100 tox|[from] psn
|upkeep
|turn|112
|
|t:|1667979975
|switch|p1a: Weavile|Weavile, M|16/100 tox
|-ability|p1a: Weavile|Pressure
|move|p2a: Blissey|Soft-Boiled|p2a: Blissey
|-heal|p2a: Blissey|53/100
|
|-damage|p1a: Weavile|10/100 tox|[from] psn
|upkeep
|turn|113
|
|t:|1667979978
|switch|p2a: Toxapex|Toxapex, F|100/100
|-damage|p2a: Toxapex|88/100|[from] Stealth Rock
|move|p1a: Weavile|Triple Axel|p2a: Toxapex
|-resisted|p2a: Toxapex
|-damage|p2a: Toxapex|83/100
|-resisted|p2a: Toxapex
|-damage|p2a: Toxapex|73/100
|-hitcount|p2a: Toxapex|2
|
|-damage|p1a: Weavile|0 fnt|[from] psn
|faint|p1a: Weavile
|upkeep
|
|t:|1667979978
|switch|p1a: Melmetal|Melmetal|9/100
|turn|114
|
|t:|1667979985
|move|p1a: Melmetal|Ice Punch|p2a: Toxapex
|-resisted|p2a: Toxapex
|-damage|p2a: Toxapex|62/100
|move|p2a: Toxapex|Knock Off|p1a: Melmetal
|-damage|p1a: Melmetal|4/100
|
|-sideend|p2: BTLT200$ brrr|move: Light Screen
|upkeep
|turn|115
|
|t:|1667979988
|move|p1a: Melmetal|Earthquake|p2a: Toxapex
|-supereffective|p2a: Toxapex
|-crit|p2a: Toxapex
|-damage|p2a: Toxapex|0 fnt
|faint|p2a: Toxapex
|
|upkeep
|
|t:|1667979991
|switch|p2a: Gastrodon|Gastrodon, M|84/100
|-damage|p2a: Gastrodon|78/100|[from] Stealth Rock
|turn|116
|
|t:|1667979994
|move|p2a: Gastrodon|Earth Power|p1a: Melmetal
|-supereffective|p1a: Melmetal
|-damage|p1a: Melmetal|0 fnt
|faint|p1a: Melmetal
|
|-heal|p2a: Gastrodon|84/100|[from] item: Leftovers
|upkeep
|
|t:|1667979994
|switch|p1a: Tangrowth|Tangrowth, F|91/100 tox
|turn|117
|
|t:|1667979997
|move|p2a: Gastrodon|Protect|p2a: Gastrodon
|-singleturn|p2a: Gastrodon|Protect
|move|p1a: Tangrowth|Giga Drain|p2a: Gastrodon
|-activate|p2a: Gastrodon|move: Protect
|
|-heal|p2a: Gastrodon|90/100|[from] item: Leftovers
|-damage|p1a: Tangrowth|85/100 tox|[from] psn
|upkeep
|turn|118
|
|t:|1667980001
|switch|p2a: Blissey|Blissey, F|53/100
|-damage|p2a: Blissey|40/100|[from] Stealth Rock
|move|p1a: Tangrowth|Giga Drain|p2a: Blissey
|-damage|p2a: Blissey|29/100
|-heal|p1a: Tangrowth|94/100 tox|[from] drain|[of] p2a: Blissey
|
|-damage|p1a: Tangrowth|82/100 tox|[from] psn
|upkeep
|turn|119
|
|t:|1667980004
|move|p2a: Blissey|Soft-Boiled|p2a: Blissey
|-heal|p2a: Blissey|79/100
|move|p1a: Tangrowth|Focus Blast|p2a: Blissey
|-supereffective|p2a: Blissey
|-damage|p2a: Blissey|56/100
|
|-damage|p1a: Tangrowth|63/100 tox|[from] psn
|upkeep
|turn|120
|
|t:|1667980008
|move|p2a: Blissey|Soft-Boiled|p2a: Blissey
|-heal|p2a: Blissey|100/100
|move|p1a: Tangrowth|Focus Blast|p2a: Blissey|[miss]
|-miss|p1a: Tangrowth|p2a: Blissey
|
|-damage|p1a: Tangrowth|38/100 tox|[from] psn
|upkeep
|turn|121
|
|t:|1667980010
|move|p2a: Blissey|Seismic Toss|p1a: Tangrowth
|-damage|p1a: Tangrowth|14/100 tox
|-damage|p2a: Blissey|84/100|[from] item: Rocky Helmet|[of] p1a: Tangrowth
|move|p1a: Tangrowth|Focus Blast|p2a: Blissey
|-supereffective|p2a: Blissey
|-damage|p2a: Blissey|62/100
|
|-damage|p1a: Tangrowth|0 fnt|[from] psn
|faint|p1a: Tangrowth
|
|win|BTLT200$ brrr
|upkeep
|raw|minimax_ai's rating: 1571 &rarr; <strong>1559</strong><br />(-12 for losing)
|raw|BTLT200$ brrr's rating: 1714 &rarr; <strong>1726</strong><br />(+12 for winning)
|c|☆minimax_ai|gg
