|j|☆Justin UA
|j|☆TylerWithNumbers
|t:|1605140607
|player|p1|Justin UA|1|1396
|player|p2|TylerWithNumbers|265|1408
|teamsize|p1|6
|teamsize|p2|6
|gametype|singles
|gen|8
|tier|[Gen 8] OU
|rated|
|clearpoke
|poke|p1|Urshifu-*, F|
|poke|p1|Tapu Koko|
|poke|p1|Latios, M|
|poke|p1|Heatran, M|
|poke|p1|Tapu Fini|
|poke|p1|Dragapult, F|
|poke|p2|Latios, M|
|poke|p2|Urshifu-*, M|
|poke|p2|Clefable, F|
|poke|p2|Regieleki|
|poke|p2|Swampert, F|
|poke|p2|Moltres|
|rule|Sleep Clause Mod: Limit one foe put to sleep
|rule|Species Clause: Limit one of each Pokémon
|rule|OHKO Clause: OHKO moves are banned
|rule|Evasion Moves Clause: Evasion moves are banned
|rule|Endless Battle Clause: Forcing endless battles is banned
|rule|HP Percentage Mod: HP is shown in percentages
|rule|Dynamax Clause: You cannot dynamax
|teampreview
|inactive|Battle timer is ON: inactive players will automatically lose when time's up. (requested by TylerWithNumbers)
|
|t:|1605140631
|start
|switch|p1a: Tapu Fini|Tapu Fini|100/100
|switch|p2a: Regieleki|Regieleki|100/100
|-fieldstart|move: Misty Terrain|[from] ability: Misty Surge|[of] p1a: Tapu Fini
|turn|1
|
|t:|1605140641
|switch|p1a: Heatran|Heatran, M|100/100
|move|p2a: Regieleki|Volt Switch|p1a: Heatran
|-damage|p1a: Heatran|68/100
|j| memrer
|
|t:|1605140645
|switch|p2a: Urshifu|Urshifu, M|100/100|[from]move: Volt Switch
|
|-heal|p1a: Heatran|75/100|[from] item: Leftovers
|upkeep
|turn|2
|
|t:|1605140649
|switch|p1a: Tapu Fini|Tapu Fini|100/100
|move|p2a: Urshifu|U-turn|p1a: Tapu Fini
|-resisted|p1a: Tapu Fini
|-crit|p1a: Tapu Fini
|-damage|p1a: Tapu Fini|74/100
|
|t:|1605140651
|switch|p2a: Regieleki|Regieleki|100/100|[from]move: U-turn
|
|-heal|p1a: Tapu Fini|80/100|[from] item: Leftovers
|upkeep
|turn|3
|
|t:|1605140663
|switch|p1a: Tapu Koko|Tapu Koko|100/100
|-fieldstart|move: Electric Terrain|[from] ability: Electric Surge|[of] p1a: Tapu Koko
|move|p2a: Regieleki|Volt Switch|p1a: Tapu Koko
|-resisted|p1a: Tapu Koko
|-damage|p1a: Tapu Koko|49/100
|
|t:|1605140667
|switch|p2a: Swampert|Swampert, F, shiny|100/100|[from]move: Volt Switch
|
|upkeep
|turn|4
|l| memrer
|
|t:|1605140676
|switch|p2a: Moltres|Moltres, shiny|100/100
|move|p1a: Tapu Koko|U-turn|p2a: Moltres
|-resisted|p2a: Moltres
|-damage|p2a: Moltres|98/100
|
|t:|1605140686
|switch|p1a: Latios|Latios, M, shiny|100/100|[from]move: U-turn
|
|upkeep
|turn|5
|
|t:|1605140694
|switch|p2a: Clefable|Clefable, F|100/100
|move|p1a: Latios|Psychic|p2a: Clefable
|-damage|p2a: Clefable|34/100
|
|-status|p2a: Clefable|brn|[from] item: Flame Orb
|upkeep
|turn|6
|
|t:|1605140700
|switch|p2a: Urshifu|Urshifu, M|100/100
|move|p1a: Latios|Psychic|p2a: Urshifu
|-immune|p2a: Urshifu
|
|upkeep
|turn|7
|
|t:|1605140706
|switch|p1a: Tapu Fini|Tapu Fini|80/100
|-fieldstart|move: Misty Terrain|[from] ability: Misty Surge|[of] p1a: Tapu Fini
|move|p2a: Urshifu|U-turn|p1a: Tapu Fini
|-resisted|p1a: Tapu Fini
|-damage|p1a: Tapu Fini|63/100
|
|t:|1605140708
|switch|p2a: Regieleki|Regieleki|100/100|[from]move: U-turn
|
|-heal|p1a: Tapu Fini|70/100|[from] item: Leftovers
|upkeep
|turn|8
|
|t:|1605140713
|switch|p1a: Heatran|Heatran, M|75/100
|move|p2a: Regieleki|Volt Switch|p1a: Heatran
|-damage|p1a: Heatran|40/100
|
|t:|1605140719
|switch|p2a: Swampert|Swampert, F, shiny|100/100|[from]move: Volt Switch
|
|-heal|p1a: Heatran|46/100|[from] item: Leftovers
|upkeep
|turn|9
|
|t:|1605140728
|move|p1a: Heatran|Stealth Rock|p2a: Swampert
|-sidestart|p2: TylerWithNumbers|move: Stealth Rock
|move|p2a: Swampert|Flip Turn|p1a: Heatran
|-supereffective|p1a: Heatran
|-damage|p1a: Heatran|11/100
|
|t:|1605140734
|switch|p2a: Regieleki|Regieleki|100/100|[from]move: Flip Turn
|
|-heal|p1a: Heatran|17/100|[from] item: Leftovers
|upkeep
|turn|10
|
|t:|1605140740
|move|p2a: Regieleki|Rapid Spin|p1a: Heatran
|-resisted|p1a: Heatran
|-damage|p1a: Heatran|13/100
|-boost|p2a: Regieleki|spe|1
|-sideend|p2: TylerWithNumbers|Stealth Rock|[from] move: Rapid Spin|[of] p2a: Regieleki
|move|p1a: Heatran|Earth Power|p2a: Regieleki
|-supereffective|p2a: Regieleki
|-damage|p2a: Regieleki|1/100
|
|-heal|p1a: Heatran|19/100|[from] item: Leftovers
|upkeep
|turn|11
|
|t:|1605140744
|move|p2a: Regieleki|Thunderbolt|p1a: Heatran
|-damage|p1a: Heatran|0 fnt
|faint|p1a: Heatran
|
|-fieldend|Misty Terrain
|upkeep
|
|t:|1605140748
|switch|p1a: Urshifu|Urshifu, F|100/100
|turn|12
|
|t:|1605140755
|switch|p2a: Clefable|Clefable, F|34/100 brn
|move|p1a: Urshifu|Sucker Punch||[still]
|-fail|p1a: Urshifu
|
|upkeep
|turn|13
|
|t:|1605140759
|switch|p1a: Tapu Fini|Tapu Fini|70/100
|-fieldstart|move: Misty Terrain|[from] ability: Misty Surge|[of] p1a: Tapu Fini
|move|p2a: Clefable|Soft-Boiled|p2a: Clefable
|-heal|p2a: Clefable|84/100 brn
|
|-heal|p1a: Tapu Fini|76/100|[from] item: Leftovers
|upkeep
|turn|14
|
|t:|1605140762
|move|p1a: Tapu Fini|Knock Off|p2a: Clefable
|-resisted|p2a: Clefable
|-damage|p2a: Clefable|78/100 brn
|-enditem|p2a: Clefable|Flame Orb|[from] move: Knock Off|[of] p1a: Tapu Fini
|move|p2a: Clefable|Stealth Rock|p1a: Tapu Fini
|-sidestart|p1: Justin UA|move: Stealth Rock
|
|-heal|p1a: Tapu Fini|82/100|[from] item: Leftovers
|upkeep
|turn|15
|
|t:|1605140766
|move|p1a: Tapu Fini|Defog|p2a: Clefable
|-unboost|p2a: Clefable|evasion|1
|-sideend|p1: Justin UA|Stealth Rock|[from] move: Defog|[of] p1a: Tapu Fini
|-fieldend|Misty Terrain
|move|p2a: Clefable|Trick|p1a: Tapu Fini
|-activate|p2a: Clefable|move: Trick|[of] p1a: Tapu Fini
|-enditem|p1a: Tapu Fini|Leftovers|[silent]|[from] move: Trick
|-item|p2a: Clefable|Leftovers|[from] move: Trick
|
|-heal|p2a: Clefable|84/100 brn|[from] item: Leftovers
|upkeep
|turn|16
|
|t:|1605140776
|move|p1a: Tapu Fini|Moonblast|p2a: Clefable
|-damage|p2a: Clefable|54/100 brn
|move|p2a: Clefable|Stealth Rock|p1a: Tapu Fini
|-sidestart|p1: Justin UA|move: Stealth Rock
|
|-heal|p2a: Clefable|60/100 brn|[from] item: Leftovers
|upkeep
|turn|17
|
|t:|1605140779
|move|p1a: Tapu Fini|Defog|p2a: Clefable
|-unboost|p2a: Clefable|evasion|1
|-sideend|p1: Justin UA|Stealth Rock|[from] move: Defog|[of] p1a: Tapu Fini
|move|p2a: Clefable|Soft-Boiled|p2a: Clefable
|-heal|p2a: Clefable|100/100 brn
|
|upkeep
|turn|18
|
|t:|1605140789
|move|p1a: Tapu Fini|Scald|p2a: Clefable
|-damage|p2a: Clefable|73/100 brn
|move|p2a: Clefable|Stealth Rock|p1a: Tapu Fini
|-sidestart|p1: Justin UA|move: Stealth Rock
|
|-heal|p2a: Clefable|79/100 brn|[from] item: Leftovers
|upkeep
|turn|19
|
|t:|1605140793
|switch|p2a: Regieleki|Regieleki|1/100
|move|p1a: Tapu Fini|Scald|p2a: Regieleki
|-damage|p2a: Regieleki|0 fnt
|faint|p2a: Regieleki
|
|upkeep
|
|t:|1605140800
|switch|p2a: Swampert|Swampert, F, shiny|100/100
|turn|20
|
|t:|1605140806
|move|p1a: Tapu Fini|Moonblast|p2a: Swampert
|-damage|p2a: Swampert|78/100
|move|p2a: Swampert|Toxic|p1a: Tapu Fini
|-status|p1a: Tapu Fini|tox
|
|-heal|p2a: Swampert|84/100|[from] item: Leftovers
|-damage|p1a: Tapu Fini|76/100 tox|[from] psn
|upkeep
|turn|21
|
|t:|1605140813
|move|p1a: Tapu Fini|Defog|p2a: Swampert
|-unboost|p2a: Swampert|evasion|1
|-sideend|p1: Justin UA|Stealth Rock|[from] move: Defog|[of] p1a: Tapu Fini
|move|p2a: Swampert|Earthquake|p1a: Tapu Fini
|-damage|p1a: Tapu Fini|43/100 tox
|
|-heal|p2a: Swampert|91/100|[from] item: Leftovers
|-damage|p1a: Tapu Fini|31/100 tox|[from] psn
|upkeep
|turn|22
|
|t:|1605140817
|switch|p1a: Latios|Latios, M, shiny|100/100
|move|p2a: Swampert|Flip Turn|p1a: Latios
|-resisted|p1a: Latios
|-damage|p1a: Latios|85/100
|
|t:|1605140820
|switch|p2a: Urshifu|Urshifu, M|100/100|[from]move: Flip Turn
|
|upkeep
|turn|23
|
|t:|1605140829
|switch|p1a: Tapu Koko|Tapu Koko|49/100
|-fieldstart|move: Electric Terrain|[from] ability: Electric Surge|[of] p1a: Tapu Koko
|move|p2a: Urshifu|Sucker Punch||[still]
|-fail|p2a: Urshifu
|
|upkeep
|turn|24
|
|t:|1605140832
|switch|p2a: Swampert|Swampert, F, shiny|91/100
|move|p1a: Tapu Koko|U-turn|p2a: Swampert
|-damage|p2a: Swampert|77/100
|
|t:|1605140837
|switch|p1a: Dragapult|Dragapult, F, shiny|100/100|[from]move: U-turn
|
|-heal|p2a: Swampert|83/100|[from] item: Leftovers
|upkeep
|turn|25
|
|t:|1605140848
|move|p1a: Dragapult|U-turn|p2a: Swampert
|-damage|p2a: Swampert|69/100
|
|t:|1605140852
|switch|p1a: Tapu Fini|Tapu Fini|31/100 tox|[from]move: U-turn
|-fieldstart|move: Misty Terrain|[from] ability: Misty Surge|[of] p1a: Tapu Fini
|move|p2a: Swampert|Earthquake|p1a: Tapu Fini
|-damage|p1a: Tapu Fini|0 fnt
|faint|p1a: Tapu Fini
|
|-heal|p2a: Swampert|75/100|[from] item: Leftovers
|upkeep
|
|t:|1605140858
|switch|p1a: Latios|Latios, M, shiny|85/100
|turn|26
|
|t:|1605140863
|move|p1a: Latios|Draco Meteor|p2a: Swampert
|-damage|p2a: Swampert|43/100
|-unboost|p1a: Latios|spa|2
|move|p2a: Swampert|Flip Turn|p1a: Latios
|-resisted|p1a: Latios
|-damage|p1a: Latios|71/100
|
|t:|1605140868
|switch|p2a: Clefable|Clefable, F|79/100 brn|[from]move: Flip Turn
|
|-heal|p2a: Clefable|85/100 brn|[from] item: Leftovers
|upkeep
|turn|27
|
|t:|1605140874
|switch|p1a: Tapu Koko|Tapu Koko|49/100
|-fieldstart|move: Electric Terrain|[from] ability: Electric Surge|[of] p1a: Tapu Koko
|move|p2a: Clefable|Stealth Rock|p1a: Tapu Koko
|-sidestart|p1: Justin UA|move: Stealth Rock
|
|-heal|p2a: Clefable|91/100 brn|[from] item: Leftovers
|upkeep
|turn|28
|
|t:|1605140879
|move|p1a: Tapu Koko|U-turn|p2a: Clefable
|-resisted|p2a: Clefable
|-damage|p2a: Clefable|85/100 brn
|
|t:|1605140885
|switch|p1a: Urshifu|Urshifu, F|100/100|[from]move: U-turn
|-damage|p1a: Urshifu|94/100|[from] Stealth Rock
|move|p2a: Clefable|Moonblast|p1a: Urshifu
|-supereffective|p1a: Urshifu
|-damage|p1a: Urshifu|0 fnt
|faint|p1a: Urshifu
|
|-heal|p2a: Clefable|91/100 brn|[from] item: Leftovers
|upkeep
|
|t:|1605140888
|switch|p1a: Latios|Latios, M, shiny|71/100
|-damage|p1a: Latios|59/100|[from] Stealth Rock
|turn|29
|
|t:|1605140892
|move|p1a: Latios|Psychic|p2a: Clefable
|-damage|p2a: Clefable|23/100 brn
|move|p2a: Clefable|Moonblast|p1a: Latios
|-supereffective|p1a: Latios
|-damage|p1a: Latios|0 fnt
|faint|p1a: Latios
|
|-heal|p2a: Clefable|29/100 brn|[from] item: Leftovers
|upkeep
|
|t:|1605140895
|switch|p1a: Dragapult|Dragapult, F, shiny|100/100
|-damage|p1a: Dragapult|88/100|[from] Stealth Rock
|turn|30
|
|t:|1605140898
|move|p1a: Dragapult|Shadow Ball|p2a: Clefable
|-damage|p2a: Clefable|0 fnt
|faint|p2a: Clefable
|
|upkeep
|
|t:|1605140901
|switch|p2a: Urshifu|Urshifu, M|100/100
|turn|31
|
|t:|1605140905
|switch|p1a: Tapu Koko|Tapu Koko|49/100
|move|p2a: Urshifu|Wicked Blow|p1a: Tapu Koko
|-resisted|p1a: Tapu Koko
|-crit|p1a: Tapu Koko
|-damage|p1a: Tapu Koko|0 fnt
|faint|p1a: Tapu Koko
|
|-fieldend|move: Electric Terrain
|upkeep
|
|t:|1605140907
|switch|p1a: Dragapult|Dragapult, F, shiny|88/100
|-damage|p1a: Dragapult|76/100|[from] Stealth Rock
|turn|32
|c|☆TylerWithNumbers|gg
|
|t:|1605140911
|move|p1a: Dragapult|Draco Meteor|p2a: Urshifu
|-damage|p2a: Urshifu|0 fnt
|-unboost|p1a: Dragapult|spa|2
|faint|p2a: Urshifu
|
|upkeep
|
|t:|1605140915
|switch|p2a: Swampert|Swampert, F, shiny|43/100
|turn|33
|c|☆Justin UA|gg
|
|t:|1605140919
|move|p1a: Dragapult|Draco Meteor|p2a: Swampert
|-damage|p2a: Swampert|12/100
|-unboost|p1a: Dragapult|spa|2
|move|p2a: Swampert|Earthquake|p1a: Dragapult
|-damage|p1a: Dragapult|29/100
|
|-heal|p2a: Swampert|18/100|[from] item: Leftovers
|upkeep
|turn|34
|
|t:|1605140923
|move|p1a: Dragapult|Draco Meteor|p2a: Swampert
|-damage|p2a: Swampert|0 fnt
|-unboost|p1a: Dragapult|spa|2
|faint|p2a: Swampert
|
|upkeep
|
|t:|1605140925
|switch|p2a: Latios|Latios, M|100/100
|turn|35
|
|t:|1605140929
|move|p1a: Dragapult|Draco Meteor|p2a: Latios
|-supereffective|p2a: Latios
|-damage|p2a: Latios|53/100
|move|p2a: Latios|Draco Meteor|p1a: Dragapult|[miss]
|-miss|p2a: Latios|p1a: Dragapult
|
|upkeep
|turn|36
|
|t:|1605140933
|move|p1a: Dragapult|Draco Meteor|p2a: Latios
|-supereffective|p2a: Latios
|-damage|p2a: Latios|0 fnt
|faint|p2a: Latios
|
|upkeep
|
|t:|1605140936
|switch|p2a: Moltres|Moltres, shiny|98/100
|turn|37
|
|t:|1605140943
|move|p1a: Dragapult|Draco Meteor|p2a: Moltres
|-damage|p2a: Moltres|73/100
|move|p2a: Moltres|Flamethrower|p1a: Dragapult
|-resisted|p1a: Dragapult
|-damage|p1a: Dragapult|2/100
|
|upkeep
|turn|38
|
|t:|1605140947
|move|p1a: Dragapult|Draco Meteor|p2a: Moltres
|-damage|p2a: Moltres|49/100
|move|p2a: Moltres|Flamethrower|p1a: Dragapult
|-resisted|p1a: Dragapult
|-damage|p1a: Dragapult|0 fnt
|faint|p1a: Dragapult
|
|win|TylerWithNumbers
|l|☆Justin UA
|c|☆TylerWithNumbers|I was so scared of the crit
||Ladder (probably) updated, but score could not be retrieved (Request timeout).
