|j|☆ArcanineSquad
|j|☆Mimikyu Stardust
|t:|1622025778
|gametype|singles
|player|p1|ArcanineSquad|cynthia-gen4|1519
|player|p2|Mimikyu Stardust|idol|1505
|teamsize|p1|6
|teamsize|p2|6
|gen|8
|tier|[Gen 8] OU
|rated|
|rule|Sleep Clause Mod: Limit one foe put to sleep
|rule|Species Clause: Limit one of each Pokémon
|rule|OHKO Clause: OHKO moves are banned
|rule|Evasion Moves Clause: Evasion moves are banned
|rule|Endless Battle Clause: Forcing endless battles is banned
|rule|HP Percentage Mod: HP is shown in percentages
|rule|Dynamax Clause: You cannot dynamax
|clearpoke
|poke|p1|Bisharp, F|
|poke|p1|Landorus-Therian, M|
|poke|p1|Slowking, M|
|poke|p1|Corviknight, F|
|poke|p1|Zeraora|
|poke|p1|Clefable, F|
|poke|p2|Raboot, M|
|poke|p2|Polteageist-Antique|
|poke|p2|Garchomp, F|
|poke|p2|Mandibuzz, F|
|poke|p2|Tapu Lele|
|poke|p2|Magnezone|
|teampreview
|inactive|Battle timer is ON: inactive players will automatically lose when time's up. (requested by ArcanineSquad)
|
|t:|1622025788
|start
|switch|p1a: Landorus|Landorus-Therian, M|100/100
|switch|p2a: PollenPuffGirl|Tapu Lele|100/100
|-fieldstart|move: Psychic Terrain|[from] ability: Psychic Surge|[of] p2a: PollenPuffGirl
|-ability|p1a: Landorus|Intimidate|boost
|-unboost|p2a: PollenPuffGirl|atk|1
|turn|1
|inactive|Mimikyu Stardust has 120 seconds left.
|
|t:|1622025821
|switch|p1a: Slowking|Slowking, M|100/100
|move|p2a: PollenPuffGirl|Moonblast|p1a: Slowking
|-damage|p1a: Slowking|59/100
|-unboost|p1a: Slowking|spa|1
|
|upkeep
|turn|2
|j| Awooooo56709
|
|t:|1622025829
|move|p2a: PollenPuffGirl|Moonblast|p1a: Slowking
|-damage|p1a: Slowking|16/100
|move|p1a: Slowking|Slack Off|p1a: Slowking
|-heal|p1a: Slowking|66/100
|
|upkeep
|turn|3
|inactive|Mimikyu Stardust has 120 seconds left.
|
|t:|1622025852
|switch|p1a: Corviknight|Corviknight, F|100/100
|-ability|p1a: Corviknight|Pressure
|move|p2a: PollenPuffGirl|Moonblast|p1a: Corviknight
|-resisted|p1a: Corviknight
|-damage|p1a: Corviknight|70/100
|
|-heal|p1a: Corviknight|77/100|[from] item: Leftovers
|upkeep
|turn|4
|inactive|Mimikyu Stardust has 120 seconds left.
|
|t:|1622025863
|move|p2a: PollenPuffGirl|Moonblast|p1a: Corviknight
|-resisted|p1a: Corviknight
|-damage|p1a: Corviknight|46/100
|move|p1a: Corviknight|U-turn|p2a: PollenPuffGirl
|-damage|p2a: PollenPuffGirl|79/100
|
|t:|1622025869
|switch|p1a: Zeraora|Zeraora|100/100|[from]move: U-turn
|
|upkeep
|turn|5
|
|t:|1622025875
|switch|p2a: KING|Garchomp, F|100/100
|move|p1a: Zeraora|Knock Off|p2a: KING
|-damage|p2a: KING|72/100
|-damage|p1a: Zeraora|88/100|[from] ability: Rough Skin|[of] p2a: KING
|-enditem|p2a: KING|Soft Sand|[from] move: Knock Off|[of] p1a: Zeraora
|
|-fieldend|move: Psychic Terrain
|upkeep
|turn|6
|
|t:|1622025885
|switch|p1a: Landorus|Landorus-Therian, M|100/100
|-ability|p1a: Landorus|Intimidate|boost
|-unboost|p2a: KING|atk|1
|move|p2a: KING|Earthquake|p1a: Landorus
|-immune|p1a: Landorus
|
|upkeep
|turn|7
|
|t:|1622025888
|switch|p2a: Mori Calliope|Mandibuzz, F|100/100
|move|p1a: Landorus|Stealth Rock|p2a: Mori Calliope
|-sidestart|p2: Mimikyu Stardust|move: Stealth Rock
|
|upkeep
|turn|8
|
|t:|1622025894
|move|p1a: Landorus|Knock Off|p2a: Mori Calliope
|-resisted|p2a: Mori Calliope
|-damage|p2a: Mori Calliope|90/100
|-enditem|p2a: Mori Calliope|Heavy-Duty Boots|[from] move: Knock Off|[of] p1a: Landorus
|move|p2a: Mori Calliope|Defog|p1a: Landorus
|-unboost|p1a: Landorus|evasion|1
|-sideend|p2: Mimikyu Stardust|Stealth Rock|[from] move: Defog|[of] p2a: Mori Calliope
|
|upkeep
|turn|9
|
|t:|1622025900
|move|p1a: Landorus|Stealth Rock|p2a: Mori Calliope
|-sidestart|p2: Mimikyu Stardust|move: Stealth Rock
|move|p2a: Mori Calliope|Foul Play|p1a: Landorus
|-damage|p1a: Landorus|63/100
|
|-heal|p1a: Landorus|69/100|[from] item: Leftovers
|upkeep
|turn|10
|
|t:|1622025903
|move|p1a: Landorus|U-turn|p2a: Mori Calliope
|-crit|p2a: Mori Calliope
|-damage|p2a: Mori Calliope|66/100
|
|t:|1622025906
|switch|p1a: Clefable|Clefable, F|100/100|[from]move: U-turn
|move|p2a: Mori Calliope|Defog|p1a: Clefable
|-unboost|p1a: Clefable|evasion|1
|-sideend|p2: Mimikyu Stardust|Stealth Rock|[from] move: Defog|[of] p2a: Mori Calliope
|
|upkeep
|turn|11
|
|t:|1622025909
|move|p2a: Mori Calliope|U-turn|p1a: Clefable
|-resisted|p1a: Clefable
|-damage|p1a: Clefable|94/100
|
|t:|1622025911
|switch|p2a: Blue Eyes White|Magnezone, shiny|100/100|[from]move: U-turn
|move|p1a: Clefable|Flamethrower|p2a: Blue Eyes White
|-supereffective|p2a: Blue Eyes White
|-damage|p2a: Blue Eyes White|36/100
|
|upkeep
|turn|12
|
|t:|1622025919
|switch|p1a: Zeraora|Zeraora|88/100
|move|p2a: Blue Eyes White|Flash Cannon|p1a: Zeraora
|-resisted|p1a: Zeraora
|-damage|p1a: Zeraora|59/100
|
|upkeep
|turn|13
|
|t:|1622025928
|move|p1a: Zeraora|Close Combat|p2a: Blue Eyes White
|-supereffective|p2a: Blue Eyes White
|-damage|p2a: Blue Eyes White|0 fnt
|-unboost|p1a: Zeraora|def|1
|-unboost|p1a: Zeraora|spd|1
|faint|p2a: Blue Eyes White
|
|upkeep
|
|t:|1622025931
|switch|p2a: Kakashi|Raboot, M|100/100
|turn|14
|c|☆Mimikyu Stardust|oops
|
|t:|1622025939
|move|p2a: Kakashi|U-turn|p1a: Zeraora
|-start|p2a: Kakashi|typechange|Bug|[from] ability: Libero
|-damage|p1a: Zeraora|0 fnt
|faint|p1a: Zeraora
|
|t:|1622025945
|switch|p2a: PollenPuffGirl|Tapu Lele|79/100|[from]move: U-turn
|-fieldstart|move: Psychic Terrain|[from] ability: Psychic Surge|[of] p2a: PollenPuffGirl
|
|upkeep
|
|t:|1622025950
|switch|p1a: Corviknight|Corviknight, F|46/100
|-ability|p1a: Corviknight|Pressure
|turn|15
|
|t:|1622025953
|move|p2a: PollenPuffGirl|Focus Blast|p1a: Corviknight
|-damage|p1a: Corviknight|0 fnt
|faint|p1a: Corviknight
|
|upkeep
|c| Awooooo56709|Pog
|
|t:|1622025959
|switch|p1a: Slowking|Slowking, M|99/100
|turn|16
|
|t:|1622025963
|switch|p2a: Mori Calliope|Mandibuzz, F|66/100
|move|p1a: Slowking|Teleport|p1a: Slowking
|
|t:|1622025966
|switch|p1a: Clefable|Clefable, F|94/100|[from]move: Teleport
|
|upkeep
|turn|17
|
|t:|1622025970
|move|p2a: Mori Calliope|U-turn|p1a: Clefable
|-resisted|p1a: Clefable
|-damage|p1a: Clefable|88/100
|
|t:|1622025972
|switch|p2a: Kakashi|Raboot, M|100/100|[from]move: U-turn
|move|p1a: Clefable|Calm Mind|p1a: Clefable
|-boost|p1a: Clefable|spa|1
|-boost|p1a: Clefable|spd|1
|
|upkeep
|turn|18
|
|t:|1622025975
|move|p2a: Kakashi|Gunk Shot|p1a: Clefable
|-start|p2a: Kakashi|typechange|Poison|[from] ability: Libero
|-supereffective|p1a: Clefable
|-damage|p1a: Clefable|0 fnt
|faint|p1a: Clefable
|
|-fieldend|move: Psychic Terrain
|upkeep
|
|t:|1622025983
|switch|p1a: Landorus|Landorus-Therian, M|69/100
|-ability|p1a: Landorus|Intimidate|boost
|-unboost|p2a: Kakashi|atk|1
|turn|19
|inactive|Mimikyu Stardust has 120 seconds left.
|
|t:|1622026018
|switch|p2a: Mori Calliope|Mandibuzz, F|66/100
|move|p1a: Landorus|Stealth Rock|p2a: Mori Calliope
|-sidestart|p2: Mimikyu Stardust|move: Stealth Rock
|
|-heal|p1a: Landorus|75/100|[from] item: Leftovers
|upkeep
|turn|20
|
|t:|1622026021
|move|p1a: Landorus|U-turn|p2a: Mori Calliope
|-damage|p2a: Mori Calliope|53/100
|
|t:|1622026026
|switch|p1a: Bisharp|Bisharp, F|100/100|[from]move: U-turn
|move|p2a: Mori Calliope|Defog|p1a: Bisharp
|-unboost|p1a: Bisharp|evasion|1
|-ability|p1a: Bisharp|Defiant
|-boost|p1a: Bisharp|atk|2
|-sideend|p2: Mimikyu Stardust|Stealth Rock|[from] move: Defog|[of] p2a: Mori Calliope
|
|upkeep
|turn|21
|
|t:|1622026034
|move|p1a: Bisharp|Iron Head|p2a: Mori Calliope
|-damage|p2a: Mori Calliope|0 fnt
|faint|p2a: Mori Calliope
|
|upkeep
|
|t:|1622026042
|switch|p2a: PollenPuffGirl|Tapu Lele|79/100
|-fieldstart|move: Psychic Terrain|[from] ability: Psychic Surge|[of] p2a: PollenPuffGirl
|turn|22
|
|t:|1622026048
|switch|p1a: Slowking|Slowking, M|100/100
|move|p2a: PollenPuffGirl|Moonblast|p1a: Slowking
|-damage|p1a: Slowking|53/100
|
|upkeep
|turn|23
|
|t:|1622026069
|move|p2a: PollenPuffGirl|Moonblast|p1a: Slowking
|-crit|p1a: Slowking
|-damage|p1a: Slowking|0 fnt
|faint|p1a: Slowking
|
|upkeep
|c|☆ArcanineSquad|Wow
|c|☆ArcanineSquad|Gg
|
|t:|1622026080
|switch|p1a: Bisharp|Bisharp, F|100/100
|turn|24
|
|t:|1622026085
|move|p2a: PollenPuffGirl|Moonblast|p1a: Bisharp
|-damage|p1a: Bisharp|0 fnt
|faint|p1a: Bisharp
|
|upkeep
|c|☆ArcanineSquad|Lame
|-message|ArcanineSquad forfeited.
|
|win|Mimikyu Stardust
|raw|ArcanineSquad's rating: 1519 &rarr; <strong>1498</strong><br />(-21 for losing)
|raw|Mimikyu Stardust's rating: 1505 &rarr; <strong>1526</strong><br />(+21 for winning)
|l|☆ArcanineSquad
