|j|☆GGeorgie◕‿◕
|j|☆Mkg123
|t:|1667868307
|gametype|singles
|player|p1|GGeorgie◕‿◕|hiker-gen2|1444
|player|p2|Mkg123|169|1468
|teamsize|p1|6
|teamsize|p2|6
|gen|8
|tier|[Gen 8] OU
|rated|
|rule|Sleep Clause Mod: Limit one foe put to sleep
|rule|Species Clause: Limit one of each Pokémon
|rule|OHKO Clause: OHKO moves are banned
|rule|Evasion Items Clause: Evasion items are banned
|rule|Evasion Moves Clause: Evasion moves are banned
|rule|Endless Battle Clause: Forcing endless battles is banned
|rule|HP Percentage Mod: HP is shown in percentages
|rule|Dynamax Clause: You cannot dynamax
|clearpoke
|poke|p1|Zapdos|
|poke|p1|Tyranitar, M|
|poke|p1|Landorus-Therian, M|
|poke|p1|Excadrill, M|
|poke|p1|Clefable, F|
|poke|p1|Ferrothorn, M|
|poke|p2|Slowking-Galar, M|
|poke|p2|Tyranitar, M|
|poke|p2|Excadrill, M|
|poke|p2|Zapdos|
|poke|p2|Volcanion|
|poke|p2|Clefable, F|
|teampreview
|inactive|Battle timer is ON: inactive players will automatically lose when time's up. (requested by GGeorgie◕‿◕)
|
|t:|1667868338
|start
|switch|p1a: Zapdos|Zapdos|100/100
|switch|p2a: Tyranitar|Tyranitar, M|100/100
|-weather|Sandstorm|[from] ability: Sand Stream|[of] p2a: Tyranitar
|turn|1
|
|t:|1667868342
|move|p1a: Zapdos|Volt Switch|p2a: Tyranitar
|-damage|p2a: Tyranitar|63/100
|
|t:|1667868348
|switch|p1a: Ferrothorn|Ferrothorn, M, shiny|100/100|[from]move: Volt Switch
|move|p2a: Tyranitar|Fire Punch|p1a: Ferrothorn
|-supereffective|p1a: Ferrothorn
|-damage|p1a: Ferrothorn|0 fnt
|-damage|p2a: Tyranitar|50/100|[from] ability: Iron Barbs|[of] p1a: Ferrothorn
|-damage|p2a: Tyranitar|34/100|[from] item: Rocky Helmet|[of] p1a: Ferrothorn
|faint|p1a: Ferrothorn
|
|-weather|Sandstorm|[upkeep]
|upkeep
|
|t:|1667868353
|switch|p1a: Landorus|Landorus-Therian, M|100/100
|-ability|p1a: Landorus|Intimidate|boost
|-unboost|p2a: Tyranitar|atk|1
|turn|2
|
|t:|1667868357
|switch|p2a: Zapdos|Zapdos|100/100
|move|p1a: Landorus|Stone Edge|p2a: Zapdos
|-supereffective|p2a: Zapdos
|-damage|p2a: Zapdos|46/100
|
|-weather|Sandstorm|[upkeep]
|-damage|p2a: Zapdos|40/100|[from] Sandstorm
|upkeep
|turn|3
|
|t:|1667868366
|switch|p1a: Zapdos|Zapdos|100/100
|switch|p2a: Excadrill|Excadrill, M|100/100
|
|-weather|Sandstorm|[upkeep]
|-damage|p1a: Zapdos|94/100|[from] Sandstorm
|upkeep
|turn|4
|
|t:|1667868374
|switch|p2a: Clefable|Clefable, F|100/100
|move|p1a: Zapdos|Heat Wave|p2a: Clefable
|-damage|p2a: Clefable|60/100
|
|-weather|Sandstorm|[upkeep]
|-damage|p1a: Zapdos|88/100|[from] Sandstorm
|-heal|p2a: Clefable|66/100|[from] item: Leftovers
|upkeep
|turn|5
|
|t:|1667868383
|switch|p1a: Excadrill|Excadrill, M|100/100
|move|p2a: Clefable|Moonblast|p1a: Excadrill
|-resisted|p1a: Excadrill
|-damage|p1a: Excadrill|81/100
|
|-weather|none
|-heal|p1a: Excadrill|87/100|[from] item: Leftovers
|-heal|p2a: Clefable|72/100|[from] item: Leftovers
|upkeep
|turn|6
|
|t:|1667868390
|switch|p1a: Zapdos|Zapdos|88/100
|switch|p2a: Zapdos|Zapdos|40/100
|
|upkeep
|turn|7
|
|t:|1667868393
|switch|p2a: Slowking|Slowking-Galar, M|100/100
|move|p1a: Zapdos|Volt Switch|p2a: Slowking
|-damage|p2a: Slowking|64/100
|
|t:|1667868395
|switch|p1a: Tyranitar|Tyranitar, M, shiny|100/100|[from]move: Volt Switch
|-weather|Sandstorm|[from] ability: Sand Stream|[of] p1a: Tyranitar
|
|-weather|Sandstorm|[upkeep]
|-damage|p2a: Slowking|58/100|[from] Sandstorm
|-heal|p2a: Slowking|64/100|[from] item: Black Sludge
|upkeep
|turn|8
|
|t:|1667868401
|switch|p2a: Clefable|Clefable, F|72/100
|move|p1a: Tyranitar|Earthquake|p2a: Clefable
|-damage|p2a: Clefable|42/100
|
|-weather|Sandstorm|[upkeep]
|-heal|p2a: Clefable|48/100|[from] item: Leftovers
|upkeep
|turn|9
|
|t:|1667868405
|move|p1a: Tyranitar|Stone Edge|p2a: Clefable
|-damage|p2a: Clefable|0 fnt
|faint|p2a: Clefable
|
|-weather|Sandstorm|[upkeep]
|upkeep
|
|t:|1667868410
|switch|p2a: Excadrill|Excadrill, M|100/100
|turn|10
|
|t:|1667868421
|switch|p2a: Slowking|Slowking-Galar, M|98/100
|move|p1a: Tyranitar|Earthquake|p2a: Slowking
|-supereffective|p2a: Slowking
|-damage|p2a: Slowking|31/100
|
|-weather|Sandstorm|[upkeep]
|-damage|p2a: Slowking|25/100|[from] Sandstorm
|-heal|p2a: Slowking|31/100|[from] item: Black Sludge
|upkeep
|turn|11
|
|t:|1667868428
|move|p1a: Tyranitar|Stone Edge|p2a: Slowking
|-damage|p2a: Slowking|0 fnt
|faint|p2a: Slowking
|
|-weather|none
|upkeep
|
|t:|1667868431
|switch|p2a: Volcanion|Volcanion|100/100
|turn|12
|
|t:|1667868446
|move|p2a: Volcanion|Steam Eruption|p1a: Tyranitar
|-supereffective|p1a: Tyranitar
|-damage|p1a: Tyranitar|0 fnt
|faint|p1a: Tyranitar
|
|upkeep
|
|t:|1667868449
|switch|p1a: Zapdos|Zapdos|88/100
|turn|13
|
|t:|1667868468
|switch|p2a: Excadrill|Excadrill, M|100/100
|move|p1a: Zapdos|Heat Wave|p2a: Excadrill
|-supereffective|p2a: Excadrill
|-damage|p2a: Excadrill|0 fnt
|faint|p2a: Excadrill
|
|upkeep
|
|t:|1667868472
|switch|p2a: Zapdos|Zapdos|40/100
|turn|14
|
|t:|1667868476
|move|p1a: Zapdos|Heat Wave|p2a: Zapdos
|-damage|p2a: Zapdos|0 fnt
|faint|p2a: Zapdos
|
|upkeep
|
|t:|1667868478
|switch|p2a: Tyranitar|Tyranitar, M|34/100
|-weather|Sandstorm|[from] ability: Sand Stream|[of] p2a: Tyranitar
|turn|15
|
|t:|1667868481
|switch|p2a: Volcanion|Volcanion|100/100
|move|p1a: Zapdos|Heat Wave|p2a: Volcanion
|-resisted|p2a: Volcanion
|-damage|p2a: Volcanion|85/100
|
|-weather|Sandstorm|[upkeep]
|-damage|p1a: Zapdos|82/100|[from] Sandstorm
|-damage|p2a: Volcanion|79/100|[from] Sandstorm
|upkeep
|turn|16
|
|t:|1667868488
|move|p1a: Zapdos|Heat Wave|p2a: Volcanion
|-resisted|p2a: Volcanion
|-damage|p2a: Volcanion|64/100
|move|p2a: Volcanion|Steam Eruption|p1a: Zapdos
|-damage|p1a: Zapdos|16/100
|
|-weather|Sandstorm|[upkeep]
|-damage|p1a: Zapdos|10/100|[from] Sandstorm
|-damage|p2a: Volcanion|58/100|[from] Sandstorm
|upkeep
|turn|17
|
|t:|1667868492
|move|p1a: Zapdos|Heat Wave|p2a: Volcanion
|-resisted|p2a: Volcanion
|-damage|p2a: Volcanion|42/100
|move|p2a: Volcanion|Flamethrower|p1a: Zapdos
|-damage|p1a: Zapdos|0 fnt
|faint|p1a: Zapdos
|
|-weather|Sandstorm|[upkeep]
|-damage|p2a: Volcanion|36/100|[from] Sandstorm
|upkeep
|-message|Mkg123 forfeited.
|
|win|GGeorgie◕‿◕
|raw|GGeorgie◕‿◕'s rating: 1464 &rarr; <strong>1484</strong><br />(+20 for winning)
|raw|Mkg123's rating: 1468 &rarr; <strong>1448</strong><br />(-20 for losing)
|l|☆Mkg123
