|raw|<div class="broadcast-blue"><strong>This battle is required to be public due to a player having a name starting with 'lt91bb'.</div>
|j|☆LT91BB Egerie
|j|☆Escalando
|t:|1659303739
|gametype|singles
|player|p1|LT91BB Egerie|camper|1672
|player|p2|Escalando|lucas-gen4pt|1723
|teamsize|p1|6
|teamsize|p2|6
|gen|8
|tier|[Gen 8] OU
|rated|
|rule|Sleep Clause Mod: Limit one foe put to sleep
|rule|Species Clause: Limit one of each Pokémon
|rule|OHKO Clause: OHKO moves are banned
|rule|Evasion Moves Clause: Evasion moves are banned
|rule|Endless Battle Clause: Forcing endless battles is banned
|rule|HP Percentage Mod: HP is shown in percentages
|rule|Dynamax Clause: You cannot dynamax
|clearpoke
|poke|p1|Dragapult, F|
|poke|p1|Melmetal|
|poke|p1|Buzzwole|
|poke|p1|Clefable, F|
|poke|p1|Seismitoad, M|
|poke|p1|Mandibuzz, F|
|poke|p2|Clefable, M|
|poke|p2|Garchomp, M|
|poke|p2|Tornadus-Therian, M|
|poke|p2|Tapu Lele|
|poke|p2|Ferrothorn, M|
|poke|p2|Rotom-Wash|
|teampreview
|inactive|Battle timer is ON: inactive players will automatically lose when time's up. (requested by LT91BB Egerie)
|inactive|Escalando has 120 seconds left.
|inactive|LT91BB Egerie has 120 seconds left.
|
|t:|1659303791
|start
|switch|p1a: Dragapult|Dragapult, F|100/100
|switch|p2a: Ferrothorn|Ferrothorn, M|100/100
|turn|1
|
|t:|1659303796
|switch|p2a: Rotom|Rotom-Wash|100/100
|move|p1a: Dragapult|Flamethrower|p2a: Rotom
|-resisted|p2a: Rotom
|-damage|p2a: Rotom|82/100
|
|-heal|p2a: Rotom|88/100|[from] item: Leftovers
|upkeep
|turn|2
|
|t:|1659303806
|switch|p1a: Seismitoad|Seismitoad, M|100/100
|move|p2a: Rotom|Will-O-Wisp|p1a: Seismitoad
|-status|p1a: Seismitoad|brn
|
|-heal|p2a: Rotom|95/100|[from] item: Leftovers
|-damage|p1a: Seismitoad|94/100 brn|[from] brn
|upkeep
|turn|3
|
|t:|1659303815
|switch|p2a: Ferrothorn|Ferrothorn, M|100/100
|move|p1a: Seismitoad|Stealth Rock|p2a: Ferrothorn
|-sidestart|p2: Escalando|move: Stealth Rock
|
|-heal|p1a: Seismitoad|100/100 brn|[from] item: Leftovers
|-damage|p1a: Seismitoad|94/100 brn|[from] brn
|upkeep
|turn|4
|
|t:|1659303818
|switch|p1a: Dragapult|Dragapult, F|100/100
|move|p2a: Ferrothorn|Stealth Rock|p1a: Dragapult
|-sidestart|p1: LT91BB Egerie|move: Stealth Rock
|
|upkeep
|turn|5
|
|t:|1659303823
|move|p1a: Dragapult|Flamethrower|p2a: Ferrothorn
|-supereffective|p2a: Ferrothorn
|-damage|p2a: Ferrothorn|0 fnt
|faint|p2a: Ferrothorn
|
|upkeep
|
|t:|1659303838
|switch|p2a: Garchomp|Garchomp, M|100/100
|-damage|p2a: Garchomp|94/100|[from] Stealth Rock
|turn|6
|
|t:|1659303840
|switch|p1a: Buzzwole|Buzzwole|100/100
|-damage|p1a: Buzzwole|88/100|[from] Stealth Rock
|move|p2a: Garchomp|Swords Dance|p2a: Garchomp
|-boost|p2a: Garchomp|atk|2
|
|-heal|p2a: Garchomp|100/100|[from] item: Leftovers
|upkeep
|turn|7
|
|t:|1659303853
|switch|p2a: Clefable|Clefable, M|100/100
|move|p1a: Buzzwole|Ice Punch|p2a: Clefable
|-damage|p2a: Clefable|75/100
|
|upkeep
|turn|8
|
|t:|1659303855
|switch|p1a: Melmetal|Melmetal|100/100
|-damage|p1a: Melmetal|94/100|[from] Stealth Rock
|move|p2a: Clefable|Moonblast|p1a: Melmetal
|-resisted|p1a: Melmetal
|-damage|p1a: Melmetal|87/100
|-unboost|p1a: Melmetal|spa|1
|
|upkeep
|turn|9
|
|t:|1659303863
|switch|p2a: Rotom|Rotom-Wash|95/100
|-damage|p2a: Rotom|82/100|[from] Stealth Rock
|move|p1a: Melmetal|Thunder Punch|p2a: Rotom
|-damage|p2a: Rotom|53/100
|
|-heal|p2a: Rotom|59/100|[from] item: Leftovers
|upkeep
|turn|10
|
|t:|1659303869
|switch|p1a: Seismitoad|Seismitoad, M|94/100 brn
|-damage|p1a: Seismitoad|88/100 brn|[from] Stealth Rock
|move|p2a: Rotom|Pain Split|p1a: Seismitoad
|-sethp|p1a: Seismitoad|66/100 brn|[from] move: Pain Split|[silent]
|-sethp|p2a: Rotom|90/100|[from] move: Pain Split
|
|-heal|p2a: Rotom|96/100|[from] item: Leftovers
|-heal|p1a: Seismitoad|72/100 brn|[from] item: Leftovers
|-damage|p1a: Seismitoad|66/100 brn|[from] brn
|upkeep
|turn|11
|
|t:|1659303876
|switch|p2a: Clefable|Clefable, M|75/100
|move|p1a: Seismitoad|Ice Punch|p2a: Clefable
|-damage|p2a: Clefable|68/100
|
|-heal|p1a: Seismitoad|72/100 brn|[from] item: Leftovers
|-damage|p1a: Seismitoad|66/100 brn|[from] brn
|upkeep
|turn|12
|
|t:|1659303878
|switch|p1a: Melmetal|Melmetal|87/100
|-damage|p1a: Melmetal|81/100|[from] Stealth Rock
|move|p2a: Clefable|Soft-Boiled|p2a: Clefable
|-heal|p2a: Clefable|100/100
|
|upkeep
|turn|13
|
|t:|1659303884
|switch|p2a: Rotom|Rotom-Wash|96/100
|-damage|p2a: Rotom|83/100|[from] Stealth Rock
|switch|p1a: Clefable|Clefable, F|100/100
|
|-heal|p2a: Rotom|90/100|[from] item: Leftovers
|upkeep
|turn|14
|
|t:|1659303891
|move|p2a: Rotom|Volt Switch|p1a: Clefable
|-damage|p1a: Clefable|80/100
|
|t:|1659303893
|switch|p2a: Clefable|Clefable, M|100/100|[from]move: Volt Switch
|move|p1a: Clefable|Wish|p1a: Clefable
|
|-heal|p1a: Clefable|86/100|[from] item: Leftovers
|upkeep
|turn|15
|
|t:|1659303900
|move|p2a: Clefable|Moonblast|p1a: Clefable
|-damage|p1a: Clefable|59/100
|move|p1a: Clefable|Heal Bell|p1a: Clefable
|-activate|p1a: Clefable|move: Heal Bell
|-curestatus|p1: Seismitoad|brn|[msg]
|
|-heal|p1a: Clefable|100/100|[from] move: Wish|[wisher] Clefable
|upkeep
|turn|16
|
|t:|1659303905
|move|p2a: Clefable|Thunder Wave|p1a: Clefable
|-status|p1a: Clefable|par
|cant|p1a: Clefable|par
|
|upkeep
|turn|17
|
|t:|1659303909
|move|p2a: Clefable|Moonblast|p1a: Clefable
|-damage|p1a: Clefable|74/100 par
|-unboost|p1a: Clefable|spa|1
|move|p1a: Clefable|Wish|p1a: Clefable
|
|-heal|p1a: Clefable|80/100 par|[from] item: Leftovers
|upkeep
|turn|18
|
|t:|1659303916
|switch|p1a: Seismitoad|Seismitoad, M|66/100
|-damage|p1a: Seismitoad|60/100|[from] Stealth Rock
|move|p2a: Clefable|Moonblast|p1a: Seismitoad
|-damage|p1a: Seismitoad|28/100
|
|-heal|p1a: Seismitoad|75/100|[from] move: Wish|[wisher] Clefable
|-heal|p1a: Seismitoad|81/100|[from] item: Leftovers
|upkeep
|turn|19
|
|t:|1659303927
|switch|p1a: Melmetal|Melmetal|81/100
|-damage|p1a: Melmetal|74/100|[from] Stealth Rock
|switch|p2a: Tornadus|Tornadus-Therian, M|100/100
|
|upkeep
|turn|20
|
|t:|1659303932
|move|p2a: Tornadus|U-turn|p1a: Melmetal
|-resisted|p1a: Melmetal
|-damage|p1a: Melmetal|70/100
|
|t:|1659303934
|switch|p2a: Rotom|Rotom-Wash|90/100|[from]move: U-turn
|-damage|p2a: Rotom|77/100|[from] Stealth Rock
|move|p1a: Melmetal|Double Iron Bash|p2a: Rotom
|-resisted|p2a: Rotom
|-damage|p2a: Rotom|68/100
|-resisted|p2a: Rotom
|-damage|p2a: Rotom|58/100
|-hitcount|p2a: Rotom|2
|
|-heal|p2a: Rotom|64/100|[from] item: Leftovers
|upkeep
|turn|21
|
|t:|1659303937
|switch|p1a: Seismitoad|Seismitoad, M|81/100
|-damage|p1a: Seismitoad|75/100|[from] Stealth Rock
|move|p2a: Rotom|Will-O-Wisp|p1a: Seismitoad|[miss]
|-miss|p2a: Rotom|p1a: Seismitoad
|
|-heal|p2a: Rotom|71/100|[from] item: Leftovers
|-heal|p1a: Seismitoad|81/100|[from] item: Leftovers
|upkeep
|turn|22
|
|t:|1659303942
|switch|p2a: Tornadus|Tornadus-Therian, M|100/100
|move|p1a: Seismitoad|Toxic|p2a: Tornadus
|-status|p2a: Tornadus|tox
|
|-heal|p1a: Seismitoad|87/100|[from] item: Leftovers
|-damage|p2a: Tornadus|94/100 tox|[from] psn
|upkeep
|turn|23
|
|t:|1659303946
|move|p2a: Tornadus|Knock Off|p1a: Seismitoad
|-damage|p1a: Seismitoad|73/100
|-enditem|p1a: Seismitoad|Leftovers|[from] move: Knock Off|[of] p2a: Tornadus
|move|p1a: Seismitoad|Ice Punch|p2a: Tornadus
|-supereffective|p2a: Tornadus
|-damage|p2a: Tornadus|60/100 tox
|
|-damage|p2a: Tornadus|48/100 tox|[from] psn
|upkeep
|turn|24
|
|t:|1659303950
|move|p2a: Tornadus|U-turn|p1a: Seismitoad
|-damage|p1a: Seismitoad|63/100
|
|t:|1659303953
|switch|p2a: Clefable|Clefable, M|100/100|[from]move: U-turn
|move|p1a: Seismitoad|Toxic|p2a: Clefable
|-status|p2a: Clefable|tox
|
|upkeep
|turn|25
|
|t:|1659303957
|switch|p1a: Melmetal|Melmetal|70/100
|-damage|p1a: Melmetal|64/100|[from] Stealth Rock
|move|p2a: Clefable|Aromatherapy|p2a: Clefable
|-activate|p2a: Clefable|move: Aromatherapy
|-curestatus|p2a: Clefable|tox|[msg]
|-curestatus|p2: Tornadus|tox|[msg]
|
|upkeep
|turn|26
|
|t:|1659303966
|switch|p2a: Rotom|Rotom-Wash|71/100
|-damage|p2a: Rotom|58/100|[from] Stealth Rock
|switch|p1a: Dragapult|Dragapult, F|100/100
|-damage|p1a: Dragapult|88/100|[from] Stealth Rock
|
|-heal|p2a: Rotom|64/100|[from] item: Leftovers
|upkeep
|turn|27
|
|t:|1659303971
|switch|p2a: Clefable|Clefable, M|100/100
|move|p1a: Dragapult|Shadow Ball|p2a: Clefable
|-damage|p2a: Clefable|56/100
|
|upkeep
|turn|28
|
|t:|1659303976
|switch|p1a: Clefable|Clefable, F|80/100 par
|move|p2a: Clefable|Soft-Boiled|p2a: Clefable
|-heal|p2a: Clefable|100/100
|
|-heal|p1a: Clefable|86/100 par|[from] item: Leftovers
|upkeep
|turn|29
|
|t:|1659303979
|switch|p2a: Tornadus|Tornadus-Therian, M|81/100
|move|p1a: Clefable|Wish|p1a: Clefable
|
|-heal|p1a: Clefable|92/100 par|[from] item: Leftovers
|upkeep
|turn|30
|
|t:|1659303986
|switch|p1a: Seismitoad|Seismitoad, M|63/100
|-damage|p1a: Seismitoad|57/100|[from] Stealth Rock
|move|p2a: Tornadus|Knock Off|p1a: Seismitoad
|-damage|p1a: Seismitoad|48/100
|
|-heal|p1a: Seismitoad|95/100|[from] move: Wish|[wisher] Clefable
|upkeep
|turn|31
|
|t:|1659303990
|move|p2a: Tornadus|U-turn|p1a: Seismitoad
|-damage|p1a: Seismitoad|86/100
|
|t:|1659303993
|switch|p2a: Clefable|Clefable, M|100/100|[from]move: U-turn
|move|p1a: Seismitoad|Toxic|p2a: Clefable
|-status|p2a: Clefable|tox
|
|upkeep
|turn|32
|
|t:|1659303997
|switch|p1a: Clefable|Clefable, F|92/100 par
|move|p2a: Clefable|Moonblast|p1a: Clefable
|-damage|p1a: Clefable|66/100 par
|
|-heal|p1a: Clefable|72/100 par|[from] item: Leftovers
|upkeep
|turn|33
|
|t:|1659304002
|switch|p2a: Tapu Lele|Tapu Lele|100/100
|-damage|p2a: Tapu Lele|88/100|[from] Stealth Rock
|-fieldstart|move: Psychic Terrain|[from] ability: Psychic Surge|[of] p2a: Tapu Lele
|move|p1a: Clefable|Wish|p1a: Clefable
|
|-heal|p1a: Clefable|78/100 par|[from] item: Leftovers
|upkeep
|turn|34
|
|t:|1659304010
|switch|p1a: Melmetal|Melmetal|64/100
|-damage|p1a: Melmetal|58/100|[from] Stealth Rock
|move|p2a: Tapu Lele|Moonblast|p1a: Melmetal
|-resisted|p1a: Melmetal
|-damage|p1a: Melmetal|44/100
|
|-heal|p1a: Melmetal|92/100|[from] move: Wish|[wisher] Clefable
|upkeep
|turn|35
|
|t:|1659304019
|switch|p2a: Rotom|Rotom-Wash|64/100
|-damage|p2a: Rotom|52/100|[from] Stealth Rock
|switch|p1a: Dragapult|Dragapult, F|88/100
|-damage|p1a: Dragapult|76/100|[from] Stealth Rock
|
|-heal|p2a: Rotom|58/100|[from] item: Leftovers
|upkeep
|turn|36
|
|t:|1659304025
|switch|p2a: Clefable|Clefable, M|100/100 tox
|move|p1a: Dragapult|Shadow Ball|p2a: Clefable
|-damage|p2a: Clefable|61/100 tox
|
|upkeep
|turn|37
|
|t:|1659304028
|switch|p1a: Melmetal|Melmetal|92/100
|-damage|p1a: Melmetal|86/100|[from] Stealth Rock
|move|p2a: Clefable|Soft-Boiled|p2a: Clefable
|-heal|p2a: Clefable|100/100 tox
|
|-fieldend|move: Psychic Terrain
|upkeep
|turn|38
|
|t:|1659304033
|switch|p2a: Rotom|Rotom-Wash|58/100
|-damage|p2a: Rotom|46/100|[from] Stealth Rock
|switch|p1a: Dragapult|Dragapult, F|76/100
|-damage|p1a: Dragapult|64/100|[from] Stealth Rock
|
|-heal|p2a: Rotom|52/100|[from] item: Leftovers
|upkeep
|turn|39
|
|t:|1659304037
|switch|p2a: Clefable|Clefable, M|100/100 tox
|move|p1a: Dragapult|Shadow Ball|p2a: Clefable
|-damage|p2a: Clefable|58/100 tox
|-unboost|p2a: Clefable|spd|1
|
|upkeep
|turn|40
|
|t:|1659304045
|move|p1a: Dragapult|Shadow Ball|p2a: Clefable
|-damage|p2a: Clefable|0 fnt
|faint|p2a: Clefable
|
|upkeep
|
|t:|1659304048
|switch|p2a: Tapu Lele|Tapu Lele|88/100
|-damage|p2a: Tapu Lele|76/100|[from] Stealth Rock
|-fieldstart|move: Psychic Terrain|[from] ability: Psychic Surge|[of] p2a: Tapu Lele
|turn|41
|
|t:|1659304064
|switch|p1a: Melmetal|Melmetal|86/100
|-damage|p1a: Melmetal|80/100|[from] Stealth Rock
|move|p2a: Tapu Lele|Psychic|p1a: Melmetal
|-resisted|p1a: Melmetal
|-crit|p1a: Melmetal
|-damage|p1a: Melmetal|53/100
|
|upkeep
|turn|42
|
|t:|1659304083
|switch|p2a: Rotom|Rotom-Wash|52/100
|-damage|p2a: Rotom|39/100|[from] Stealth Rock
|switch|p1a: Dragapult|Dragapult, F|64/100
|-damage|p1a: Dragapult|51/100|[from] Stealth Rock
|
|-heal|p2a: Rotom|46/100|[from] item: Leftovers
|upkeep
|turn|43
|
|t:|1659304088
|move|p1a: Dragapult|Shadow Ball|p2a: Rotom
|-damage|p2a: Rotom|0 fnt
|faint|p2a: Rotom
|
|upkeep
|
|t:|1659304091
|switch|p2a: Tapu Lele|Tapu Lele|76/100
|-damage|p2a: Tapu Lele|63/100|[from] Stealth Rock
|turn|44
|
|t:|1659304093
|switch|p2a: Garchomp|Garchomp, M|100/100
|-damage|p2a: Garchomp|94/100|[from] Stealth Rock
|switch|p1a: Mandibuzz|Mandibuzz, F|100/100
|
|-heal|p2a: Garchomp|100/100|[from] item: Leftovers
|upkeep
|turn|45
|
|t:|1659304096
|move|p2a: Garchomp|Swords Dance|p2a: Garchomp
|-boost|p2a: Garchomp|atk|2
|move|p1a: Mandibuzz|Foul Play|p2a: Garchomp
|-damage|p2a: Garchomp|6/100
|-damage|p1a: Mandibuzz|88/100|[from] ability: Rough Skin|[of] p2a: Garchomp
|
|-heal|p2a: Garchomp|13/100|[from] item: Leftovers
|-fieldend|move: Psychic Terrain
|upkeep
|turn|46
|
|t:|1659304099
|move|p2a: Garchomp|Scale Shot|p1a: Mandibuzz
|-crit|p1a: Mandibuzz
|-damage|p1a: Mandibuzz|61/100
|-damage|p1a: Mandibuzz|44/100
|-damage|p1a: Mandibuzz|26/100
|-hitcount|p1a: Mandibuzz|3
|-unboost|p2a: Garchomp|def|1
|-boost|p2a: Garchomp|spe|1
|move|p1a: Mandibuzz|Foul Play|p2a: Garchomp
|-damage|p2a: Garchomp|0 fnt
|-damage|p1a: Mandibuzz|14/100|[from] ability: Rough Skin|[of] p2a: Garchomp
|faint|p2a: Garchomp
|
|upkeep
|-message|Escalando forfeited.
|
|win|LT91BB Egerie
|raw|LT91BB Egerie's rating: 1672 &rarr; <strong>1695</strong><br />(+23 for winning)
|raw|Escalando's rating: 1723 &rarr; <strong>1700</strong><br />(-23 for losing)
|l|☆Escalando
