|j|☆Kasumitot
|j|☆Justin UA
|t:|1667333047
|gametype|singles
|player|p1|Kasumitot|lady|1765
|player|p2|Justin UA|ethan|1700
|teamsize|p1|6
|teamsize|p2|6
|gen|8
|tier|[Gen 8] OU
|rated|
|rule|Sleep Clause Mod: Limit one foe put to sleep
|rule|Species Clause: Limit one of each Pokémon
|rule|OHKO Clause: OHKO moves are banned
|rule|Evasion Items Clause: Evasion items are banned
|rule|Evasion Moves Clause: Evasion moves are banned
|rule|Endless Battle Clause: Forcing endless battles is banned
|rule|HP Percentage Mod: HP is shown in percentages
|rule|Dynamax Clause: You cannot dynamax
|clearpoke
|poke|p1|Tyranitar, M|
|poke|p1|Tapu Lele|
|poke|p1|Landorus-Therian, M|
|poke|p1|Regieleki|
|poke|p1|Toxapex, F|
|poke|p1|Ferrothorn, M|
|poke|p2|Dragapult, M|
|poke|p2|Urshifu-*, M|
|poke|p2|Tapu Lele|
|poke|p2|Heatran, M|
|poke|p2|Corviknight, F|
|poke|p2|Landorus-Therian, M|
|teampreview
|inactive|Battle timer is ON: inactive players will automatically lose when time's up. (requested by Justin UA)
|
|t:|1667333060
|start
|switch|p1a: Landorus|Landorus-Therian, M|100/100
|switch|p2a: Urshifu|Urshifu-Rapid-Strike, M|100/100
|-ability|p1a: Landorus|Intimidate|boost
|-unboost|p2a: Urshifu|atk|1
|turn|1
|j| LoveSplitPush
|
|t:|1667333067
|move|p2a: Urshifu|U-turn|p1a: Landorus
|-resisted|p1a: Landorus
|-damage|p1a: Landorus|87/100
|
|t:|1667333070
|switch|p2a: Landorus|Landorus-Therian, M|100/100|[from]move: U-turn
|-ability|p2a: Landorus|Intimidate|boost
|-unboost|p1a: Landorus|atk|1
|move|p1a: Landorus|Knock Off|p2a: Landorus
|-damage|p2a: Landorus|76/100
|-enditem|p2a: Landorus|Leftovers|[from] move: Knock Off|[of] p1a: Landorus
|
|-heal|p1a: Landorus|93/100|[from] item: Leftovers
|upkeep
|turn|2
|
|t:|1667333076
|move|p1a: Landorus|Toxic|p2a: Landorus
|-status|p2a: Landorus|tox
|move|p2a: Landorus|Stealth Rock|p1a: Landorus
|-sidestart|p1: Kasumitot|move: Stealth Rock
|
|-heal|p1a: Landorus|99/100|[from] item: Leftovers
|-damage|p2a: Landorus|70/100 tox|[from] psn
|upkeep
|turn|3
|
|t:|1667333081
|move|p1a: Landorus|Stealth Rock|p2a: Landorus
|-sidestart|p2: Justin UA|move: Stealth Rock
|move|p2a: Landorus|U-turn|p1a: Landorus
|-resisted|p1a: Landorus
|-damage|p1a: Landorus|87/100
|
|t:|1667333085
|switch|p2a: Urshifu|Urshifu-Rapid-Strike, M|100/100|[from]move: U-turn
|-damage|p2a: Urshifu|94/100|[from] Stealth Rock
|
|-heal|p1a: Landorus|93/100|[from] item: Leftovers
|upkeep
|turn|4
|
|t:|1667333090
|move|p2a: Urshifu|U-turn|p1a: Landorus
|-resisted|p1a: Landorus
|-damage|p1a: Landorus|72/100
|
|t:|1667333094
|switch|p2a: Corviknight|Corviknight, F|100/100|[from]move: U-turn
|-damage|p2a: Corviknight|88/100|[from] Stealth Rock
|-ability|p2a: Corviknight|Pressure
|move|p1a: Landorus|Knock Off|p2a: Corviknight
|-damage|p2a: Corviknight|72/100
|-enditem|p2a: Corviknight|Leftovers|[from] move: Knock Off|[of] p1a: Landorus
|
|-heal|p1a: Landorus|78/100|[from] item: Leftovers
|upkeep
|turn|5
|
|t:|1667333100
|switch|p1a: Toxapex|Toxapex, F|100/100
|-damage|p1a: Toxapex|88/100|[from] Stealth Rock
|move|p2a: Corviknight|U-turn|p1a: Toxapex
|-resisted|p1a: Toxapex
|-damage|p1a: Toxapex|84/100
|-damage|p2a: Corviknight|56/100|[from] item: Rocky Helmet|[of] p1a: Toxapex
|
|t:|1667333102
|switch|p2a: Tapu Lele|Tapu Lele|100/100|[from]move: U-turn
|-damage|p2a: Tapu Lele|88/100|[from] Stealth Rock
|-fieldstart|move: Psychic Terrain|[from] ability: Psychic Surge|[of] p2a: Tapu Lele
|
|upkeep
|turn|6
|
|t:|1667333109
|switch|p1a: Ferrothorn|Ferrothorn, M|100/100
|-damage|p1a: Ferrothorn|95/100|[from] Stealth Rock
|move|p2a: Tapu Lele|Moonblast|p1a: Ferrothorn
|-resisted|p1a: Ferrothorn
|-damage|p1a: Ferrothorn|66/100
|
|upkeep
|turn|7
|
|t:|1667333114
|switch|p2a: Heatran|Heatran, M|100/100
|-damage|p2a: Heatran|88/100|[from] Stealth Rock
|move|p1a: Ferrothorn|Leech Seed|p2a: Heatran
|-start|p2a: Heatran|move: Leech Seed
|
|-heal|p2a: Heatran|94/100|[from] item: Leftovers
|-damage|p2a: Heatran|82/100|[from] Leech Seed|[of] p1a: Ferrothorn
|-heal|p1a: Ferrothorn|80/100|[silent]
|upkeep
|turn|8
|
|t:|1667333117
|move|p1a: Ferrothorn|Protect|p1a: Ferrothorn
|-singleturn|p1a: Ferrothorn|Protect
|move|p2a: Heatran|Magma Storm|p1a: Ferrothorn
|-activate|p1a: Ferrothorn|move: Protect
|
|-heal|p2a: Heatran|88/100|[from] item: Leftovers
|-damage|p2a: Heatran|76/100|[from] Leech Seed|[of] p1a: Ferrothorn
|-heal|p1a: Ferrothorn|94/100|[silent]
|upkeep
|turn|9
|
|t:|1667333122
|switch|p1a: Tyranitar|Tyranitar, M|100/100
|-damage|p1a: Tyranitar|88/100|[from] Stealth Rock
|-weather|Sandstorm|[from] ability: Sand Stream|[of] p1a: Tyranitar
|move|p2a: Heatran|Toxic|p1a: Tyranitar
|-status|p1a: Tyranitar|tox
|
|-weather|Sandstorm|[upkeep]
|-heal|p2a: Heatran|82/100|[from] item: Leftovers
|-damage|p2a: Heatran|69/100|[from] Leech Seed|[of] p1a: Tyranitar
|-heal|p1a: Tyranitar|100/100 tox|[silent]
|-damage|p1a: Tyranitar|94/100 tox|[from] psn
|-fieldend|move: Psychic Terrain
|upkeep
|turn|10
|
|t:|1667333131
|switch|p2a: Urshifu|Urshifu-Rapid-Strike, M|94/100
|-damage|p2a: Urshifu|88/100|[from] Stealth Rock
|move|p1a: Tyranitar|Crunch|p2a: Urshifu
|-resisted|p2a: Urshifu
|-damage|p2a: Urshifu|53/100
|
|-weather|Sandstorm|[upkeep]
|-damage|p2a: Urshifu|47/100|[from] Sandstorm
|-damage|p1a: Tyranitar|82/100 tox|[from] psn
|upkeep
|turn|11
|j| BrothaOptions
|
|t:|1667333135
|switch|p2a: Tapu Lele|Tapu Lele|88/100
|-damage|p2a: Tapu Lele|76/100|[from] Stealth Rock
|-fieldstart|move: Psychic Terrain|[from] ability: Psychic Surge|[of] p2a: Tapu Lele
|move|p1a: Tyranitar|Crunch|p2a: Tapu Lele
|-damage|p2a: Tapu Lele|0 fnt
|faint|p2a: Tapu Lele
|
|-weather|Sandstorm|[upkeep]
|-damage|p1a: Tyranitar|63/100 tox|[from] psn
|upkeep
|
|t:|1667333142
|switch|p2a: Urshifu|Urshifu-Rapid-Strike, M|47/100
|-damage|p2a: Urshifu|41/100|[from] Stealth Rock
|turn|12
|c|☆Kasumitot|;)
|
|t:|1667333149
|switch|p2a: Heatran|Heatran, M|69/100
|-damage|p2a: Heatran|57/100|[from] Stealth Rock
|switch|p1a: Toxapex|Toxapex, F|100/100
|-damage|p1a: Toxapex|88/100|[from] Stealth Rock
|
|-weather|Sandstorm|[upkeep]
|-damage|p1a: Toxapex|82/100|[from] Sandstorm
|-heal|p2a: Heatran|63/100|[from] item: Leftovers
|upkeep
|turn|13
|
|t:|1667333154
|move|p2a: Heatran|Magma Storm|p1a: Toxapex|[miss]
|-miss|p2a: Heatran|p1a: Toxapex
|move|p1a: Toxapex|Scald|p2a: Heatran
|-supereffective|p2a: Heatran
|-damage|p2a: Heatran|42/100
|
|-weather|none
|-heal|p2a: Heatran|49/100|[from] item: Leftovers
|upkeep
|turn|14
|
|t:|1667333173
|switch|p1a: Landorus|Landorus-Therian, M|78/100
|-damage|p1a: Landorus|65/100|[from] Stealth Rock
|-ability|p1a: Landorus|Intimidate|boost
|-unboost|p2a: Heatran|atk|1
|move|p2a: Heatran|Magma Storm|p1a: Landorus
|-damage|p1a: Landorus|11/100
|-activate|p1a: Landorus|move: Magma Storm|[of] p2a: Heatran
|
|-heal|p1a: Landorus|16/100|[from] item: Leftovers
|-heal|p2a: Heatran|55/100|[from] item: Leftovers
|-damage|p1a: Landorus|4/100|[from] move: Magma Storm|[partiallytrapped]
|upkeep
|turn|15
|
|t:|1667333178
|switch|p2a: Corviknight|Corviknight, F|56/100
|-damage|p2a: Corviknight|43/100|[from] Stealth Rock
|-ability|p2a: Corviknight|Pressure
|move|p1a: Landorus|Earthquake|p2a: Corviknight
|-immune|p2a: Corviknight
|
|-heal|p1a: Landorus|10/100|[from] item: Leftovers
|-end|p1a: Landorus|Magma Storm|[partiallytrapped]|[silent]
|-fieldend|move: Psychic Terrain
|upkeep
|turn|16
|
|t:|1667333181
|switch|p1a: Regieleki|Regieleki|100/100
|move|p2a: Corviknight|Defog|p1a: Regieleki
|-unboost|p1a: Regieleki|evasion|1
|-sideend|p1: Kasumitot|Stealth Rock|[from] move: Defog|[of] p2a: Corviknight
|-sideend|p2: Justin UA|Stealth Rock|[from] move: Defog|[of] p2a: Corviknight
|
|upkeep
|turn|17
|
|t:|1667333185
|switch|p2a: Landorus|Landorus-Therian, M|70/100 tox
|-ability|p2a: Landorus|Intimidate|boost
|-unboost|p1a: Regieleki|atk|1
|move|p1a: Regieleki|Thunderbolt|p2a: Landorus
|-immune|p2a: Landorus
|
|-damage|p2a: Landorus|64/100 tox|[from] psn
|upkeep
|turn|18
|
|t:|1667333189
|switch|p1a: Landorus|Landorus-Therian, M|10/100
|-ability|p1a: Landorus|Intimidate|boost
|-unboost|p2a: Landorus|atk|1
|move|p2a: Landorus|U-turn|p1a: Landorus
|-resisted|p1a: Landorus
|-damage|p1a: Landorus|1/100
|
|t:|1667333192
|switch|p2a: Dragapult|Dragapult, M, shiny|100/100|[from]move: U-turn
|
|-heal|p1a: Landorus|7/100|[from] item: Leftovers
|upkeep
|turn|19
|
|t:|1667333196
|switch|p1a: Toxapex|Toxapex, F|100/100
|move|p2a: Dragapult|Shadow Ball|p1a: Toxapex
|-damage|p1a: Toxapex|58/100
|
|upkeep
|turn|20
|
|t:|1667333200
|move|p2a: Dragapult|Shadow Ball|p1a: Toxapex
|-damage|p1a: Toxapex|11/100
|move|p1a: Toxapex|Toxic|p2a: Dragapult
|-status|p2a: Dragapult|tox
|
|-damage|p2a: Dragapult|95/100 tox|[from] psn
|upkeep
|turn|21
|
|t:|1667333204
|switch|p1a: Tyranitar|Tyranitar, M|63/100 tox
|-weather|Sandstorm|[from] ability: Sand Stream|[of] p1a: Tyranitar
|move|p2a: Dragapult|Shadow Ball|p1a: Tyranitar
|-resisted|p1a: Tyranitar
|-damage|p1a: Tyranitar|47/100 tox
|
|-weather|Sandstorm|[upkeep]
|-damage|p2a: Dragapult|89/100 tox|[from] Sandstorm
|-damage|p2a: Dragapult|77/100 tox|[from] psn
|-damage|p1a: Tyranitar|41/100 tox|[from] psn
|upkeep
|turn|22
|
|t:|1667333213
|switch|p2a: Urshifu|Urshifu-Rapid-Strike, M|41/100
|move|p1a: Tyranitar|Crunch|p2a: Urshifu
|-resisted|p2a: Urshifu
|-damage|p2a: Urshifu|4/100
|
|-weather|Sandstorm|[upkeep]
|-damage|p2a: Urshifu|0 fnt|[from] Sandstorm
|faint|p2a: Urshifu
|-damage|p1a: Tyranitar|29/100 tox|[from] psn
|upkeep
|
|t:|1667333219
|switch|p2a: Dragapult|Dragapult, M, shiny|77/100 tox
|turn|23
|
|t:|1667333223
|switch|p1a: Ferrothorn|Ferrothorn, M|94/100
|move|p2a: Dragapult|Shadow Ball|p1a: Ferrothorn
|-damage|p1a: Ferrothorn|62/100
|
|-weather|Sandstorm|[upkeep]
|-damage|p2a: Dragapult|71/100 tox|[from] Sandstorm
|-damage|p2a: Dragapult|65/100 tox|[from] psn
|upkeep
|turn|24
|
|t:|1667333230
|switch|p2a: Corviknight|Corviknight, F|43/100
|-ability|p2a: Corviknight|Pressure
|move|p1a: Ferrothorn|Knock Off|p2a: Corviknight
|-damage|p2a: Corviknight|33/100
|
|-weather|Sandstorm|[upkeep]
|upkeep
|turn|25
|
|t:|1667333238
|switch|p1a: Regieleki|Regieleki|100/100
|move|p2a: Corviknight|Roost|p2a: Corviknight
|-heal|p2a: Corviknight|83/100
|-singleturn|p2a: Corviknight|move: Roost
|
|-weather|none
|upkeep
|turn|26
|
|t:|1667333246
|switch|p2a: Landorus|Landorus-Therian, M|64/100 tox
|-ability|p2a: Landorus|Intimidate|boost
|-unboost|p1a: Regieleki|atk|1
|move|p1a: Regieleki|Thunderbolt|p2a: Landorus
|-immune|p2a: Landorus
|
|-damage|p2a: Landorus|58/100 tox|[from] psn
|upkeep
|turn|27
|
|t:|1667333253
|switch|p1a: Toxapex|Toxapex, F|44/100
|move|p2a: Landorus|Earthquake|p1a: Toxapex
|-supereffective|p1a: Toxapex
|-damage|p1a: Toxapex|0 fnt
|faint|p1a: Toxapex
|
|-damage|p2a: Landorus|46/100 tox|[from] psn
|upkeep
|
|t:|1667333257
|switch|p1a: Landorus|Landorus-Therian, M|7/100
|-ability|p1a: Landorus|Intimidate|boost
|-unboost|p2a: Landorus|atk|1
|turn|28
|
|t:|1667333263
|switch|p2a: Corviknight|Corviknight, F|83/100
|-ability|p2a: Corviknight|Pressure
|move|p1a: Landorus|Stealth Rock|p2a: Corviknight
|-sidestart|p2: Justin UA|move: Stealth Rock
|
|-heal|p1a: Landorus|13/100|[from] item: Leftovers
|upkeep
|turn|29
|
|t:|1667333267
|switch|p1a: Regieleki|Regieleki|100/100
|move|p2a: Corviknight|U-turn|p1a: Regieleki
|-damage|p1a: Regieleki|70/100
|
|t:|1667333272
|switch|p2a: Heatran|Heatran, M|55/100|[from]move: U-turn
|-damage|p2a: Heatran|42/100|[from] Stealth Rock
|
|-heal|p2a: Heatran|49/100|[from] item: Leftovers
|upkeep
|turn|30
|
|t:|1667333276
|move|p1a: Regieleki|Volt Switch|p2a: Heatran
|-damage|p2a: Heatran|22/100
|
|t:|1667333287
|switch|p1a: Landorus|Landorus-Therian, M|13/100|[from]move: Volt Switch
|-ability|p1a: Landorus|Intimidate|boost
|-unboost|p2a: Heatran|atk|1
|move|p2a: Heatran|Magma Storm|p1a: Landorus
|-damage|p1a: Landorus|0 fnt
|faint|p1a: Landorus
|
|-heal|p2a: Heatran|28/100|[from] item: Leftovers
|upkeep
|
|t:|1667333290
|switch|p1a: Tapu Lele|Tapu Lele|100/100
|-fieldstart|move: Psychic Terrain|[from] ability: Psychic Surge|[of] p1a: Tapu Lele
|turn|31
|
|t:|1667333294
|move|p1a: Tapu Lele|Psychic|p2a: Heatran
|-resisted|p2a: Heatran
|-damage|p2a: Heatran|0 fnt
|faint|p2a: Heatran
|
|upkeep
|
|t:|1667333296
|switch|p2a: Corviknight|Corviknight, F|83/100
|-damage|p2a: Corviknight|71/100|[from] Stealth Rock
|-ability|p2a: Corviknight|Pressure
|turn|32
|
|t:|1667333300
|switch|p1a: Regieleki|Regieleki|70/100
|move|p2a: Corviknight|Defog|p1a: Regieleki
|-unboost|p1a: Regieleki|evasion|1
|-sideend|p2: Justin UA|Stealth Rock|[from] move: Defog|[of] p2a: Corviknight
|-fieldend|move: Psychic Terrain
|
|upkeep
|turn|33
|inactive|Justin UA has 120 seconds left.
|j| ClimbingMachine3.0
|
|t:|1667333336
|switch|p2a: Landorus|Landorus-Therian, M|46/100 tox
|-ability|p2a: Landorus|Intimidate|boost
|-unboost|p1a: Regieleki|atk|1
|move|p1a: Regieleki|Ancient Power|p2a: Landorus
|-damage|p2a: Landorus|32/100 tox
|
|-damage|p2a: Landorus|26/100 tox|[from] psn
|upkeep
|turn|34
|inactive|Justin UA has 120 seconds left.
|
|t:|1667333349
|switch|p1a: Tyranitar|Tyranitar, M|29/100 tox
|-weather|Sandstorm|[from] ability: Sand Stream|[of] p1a: Tyranitar
|switch|p2a: Dragapult|Dragapult, M, shiny|65/100 tox
|
|-weather|Sandstorm|[upkeep]
|-damage|p2a: Dragapult|59/100 tox|[from] Sandstorm
|-damage|p2a: Dragapult|53/100 tox|[from] psn
|-damage|p1a: Tyranitar|22/100 tox|[from] psn
|upkeep
|turn|35
|
|t:|1667333358
|switch|p1a: Ferrothorn|Ferrothorn, M|62/100
|move|p2a: Dragapult|Flamethrower|p1a: Ferrothorn
|-supereffective|p1a: Ferrothorn
|-damage|p1a: Ferrothorn|0 fnt
|faint|p1a: Ferrothorn
|
|-weather|Sandstorm|[upkeep]
|-damage|p2a: Dragapult|47/100 tox|[from] Sandstorm
|-damage|p2a: Dragapult|35/100 tox|[from] psn
|upkeep
|
|t:|1667333361
|switch|p1a: Regieleki|Regieleki|70/100
|turn|36
|
|t:|1667333371
|switch|p2a: Landorus|Landorus-Therian, M|26/100 tox
|-ability|p2a: Landorus|Intimidate|boost
|-unboost|p1a: Regieleki|atk|1
|move|p1a: Regieleki|Thunderbolt|p2a: Landorus
|-immune|p2a: Landorus
|
|-weather|Sandstorm|[upkeep]
|-damage|p1a: Regieleki|64/100|[from] Sandstorm
|-damage|p2a: Landorus|20/100 tox|[from] psn
|upkeep
|turn|37
|c|☆Justin UA|:)
|
|t:|1667333380
|switch|p1a: Tapu Lele|Tapu Lele|100/100
|-fieldstart|move: Psychic Terrain|[from] ability: Psychic Surge|[of] p1a: Tapu Lele
|move|p2a: Landorus|Earthquake|p1a: Tapu Lele
|-damage|p1a: Tapu Lele|22/100
|
|-weather|Sandstorm|[upkeep]
|-damage|p1a: Tapu Lele|16/100|[from] Sandstorm
|-damage|p2a: Landorus|8/100 tox|[from] psn
|upkeep
|turn|38
|l| ClimbingMachine3.0
|j| kid cat 1412
|c|☆Kasumitot|Im setting up everything with eleki rofl
|c|☆Kasumitot|That smiley ;)
|inactive|Kasumitot has 120 seconds left.
|c|☆Kasumitot|Ill give u lele.
|j| Gronesito
|
|t:|1667333423
|switch|p2a: Corviknight|Corviknight, F|71/100
|-ability|p2a: Corviknight|Pressure
|move|p1a: Tapu Lele|Thunderbolt|p2a: Corviknight
|-supereffective|p2a: Corviknight
|-damage|p2a: Corviknight|0 fnt
|faint|p2a: Corviknight
|
|-weather|none
|upkeep
|c|☆Kasumitot|Rofl
|c|☆Kasumitot|I told u ill give u lele
|j| Horvendil
|c|☆Kasumitot|No matter what boi
|inactive|Justin UA has 120 seconds left.
|c|☆Kasumitot|Dont weaken your lando against regieleki
|c|☆Kasumitot|Thats ur lesson for today from professor Kasumitot
|
|t:|1667333473
|switch|p2a: Dragapult|Dragapult, M, shiny|35/100 tox
|turn|39
|
|t:|1667333477
|switch|p1a: Tyranitar|Tyranitar, M|22/100 tox
|-weather|Sandstorm|[from] ability: Sand Stream|[of] p1a: Tyranitar
|move|p2a: Dragapult|Shadow Ball|p1a: Tyranitar
|-resisted|p1a: Tyranitar
|-damage|p1a: Tyranitar|6/100 tox
|
|-weather|Sandstorm|[upkeep]
|-damage|p2a: Dragapult|29/100 tox|[from] Sandstorm
|-damage|p2a: Dragapult|23/100 tox|[from] psn
|-damage|p1a: Tyranitar|0 fnt|[from] psn
|faint|p1a: Tyranitar
|upkeep
|
|t:|1667333480
|switch|p1a: Regieleki|Regieleki|64/100
|turn|40
|c|☆Justin UA|u kinda ass ngl
|inactive|Justin UA has 120 seconds left.
|
|t:|1667333485
|move|p1a: Regieleki|Thunderbolt|p2a: Dragapult
|-resisted|p2a: Dragapult
|-damage|p2a: Dragapult|0 fnt
|faint|p2a: Dragapult
|
|-weather|Sandstorm|[upkeep]
|-damage|p1a: Regieleki|58/100|[from] Sandstorm
|upkeep
|
|t:|1667333487
|switch|p2a: Landorus|Landorus-Therian, M|8/100 tox
|-ability|p2a: Landorus|Intimidate|boost
|-unboost|p1a: Regieleki|atk|1
|turn|41
|c|☆Kasumitot|;)
|c|☆Kasumitot|Rekt and outplayed.
|c|☆Kasumitot|Bye.
|inactive|Justin UA has 120 seconds left.
|c|☆Justin UA|you almost threw idk about rekt
|c|☆Kasumitot|Nope
|c|☆Kasumitot|All is set
|c|☆Justin UA|yep
|c|☆Kasumitot|For regieleki
|c|☆Kasumitot|U dont see things i see
|c|☆Kasumitot|I chipping ur lando slowly
|inactive|Justin UA has 90 seconds left.
|c|☆Justin UA|stay in on shifu 3times nice
|c|☆Kasumitot|I tbolting and luring him in
|c|☆Kasumitot|Every 6 percent matters.
|c|☆Kasumitot|Get rejt boi.
|inactive|Justin UA has 60 seconds left.
|c|☆Kasumitot|U gotedicted.
|c|☆Kasumitot|I battled like 100 shifus.
|c|☆Kasumitot|Who u turn on my lando
|c|☆Kasumitot|Ur one of those idiots.
|inactive|Justin UA has 30 seconds left.
|c|☆Kasumitot|LMAO.
|c|☆Justin UA|god you are actually stupid
|j| Jongruenwald
|inactive|Justin UA has 20 seconds left.
|c|☆Justin UA|go outside
|inactive|Justin UA has 15 seconds left.
|-message|Justin UA forfeited.
|
|win|Kasumitot
|inactive|Justin UA has 20 seconds left this turn.
|raw|Kasumitot's rating: 1765 &rarr; <strong>1781</strong><br />(+16 for winning)
|raw|Justin UA's rating: 1700 &rarr; <strong>1684</strong><br />(-16 for losing)
|l|☆Justin UA
|c|☆Kasumitot|GET REKT GET PREDICTED.
|l| Jongruenwald
|l| LoveSplitPush
|l| Horvendil
||Ladder isn't responding, score probably updated but might not have (Request timeout).
