|j|☆Delibird Heart
|j|☆WrongJourneySong
|t:|1652187079
|gametype|singles
|player|p1|Delibird Heart|koga-gen1|1830
|player|p2|WrongJourneySong|169|1757
|teamsize|p1|6
|teamsize|p2|6
|gen|8
|tier|[Gen 8] OU
|rated|
|rule|Sleep Clause Mod: Limit one foe put to sleep
|rule|Species Clause: Limit one of each Pokémon
|rule|OHKO Clause: OHKO moves are banned
|rule|Evasion Moves Clause: Evasion moves are banned
|rule|Endless Battle Clause: Forcing endless battles is banned
|rule|HP Percentage Mod: HP is shown in percentages
|rule|Dynamax Clause: You cannot dynamax
|clearpoke
|poke|p1|Mienshao, M|
|poke|p1|Landorus-Therian, M|
|poke|p1|Tapu Koko|
|poke|p1|Tangrowth, M|
|poke|p1|Coalossal, F|
|poke|p1|Slowking, F|
|poke|p2|Zapdos|
|poke|p2|Weavile, M|
|poke|p2|Kartana|
|poke|p2|Landorus-Therian, M|
|poke|p2|Volcanion|
|poke|p2|Melmetal|
|teampreview
|inactive|Battle timer is ON: inactive players will automatically lose when time's up. (requested by Delibird Heart)
|
|t:|1652187091
|start
|switch|p1a: Jackie|Mienshao, M, shiny|100/100
|switch|p2a: Weavile|Weavile, M|100/100
|turn|1
|
|t:|1652187094
|switch|p2a: Zapdos|Zapdos|100/100
|move|p1a: Jackie|High Jump Kick|p2a: Zapdos
|-resisted|p2a: Zapdos
|-damage|p2a: Zapdos|25/100
|-status|p1a: Jackie|par|[from] ability: Static|[of] p2a: Zapdos
|
|upkeep
|turn|2
|
|t:|1652187100
|move|p2a: Zapdos|Hurricane|p1a: Jackie|[miss]
|-miss|p2a: Zapdos|p1a: Jackie
|cant|p1a: Jackie|par
|
|upkeep
|turn|3
|
|t:|1652187104
|move|p2a: Zapdos|Hurricane|p1a: Jackie|[miss]
|-miss|p2a: Zapdos|p1a: Jackie
|move|p1a: Jackie|High Jump Kick|p2a: Zapdos
|-resisted|p2a: Zapdos
|-damage|p2a: Zapdos|0 fnt
|faint|p2a: Zapdos
|
|upkeep
|
|t:|1652187108
|switch|p2a: Volcanion|Volcanion|100/100
|turn|4
|
|t:|1652187112
|switch|p1a: Slowking|Slowking, F|100/100
|move|p2a: Volcanion|Steam Eruption|p1a: Slowking
|-resisted|p1a: Slowking
|-damage|p1a: Slowking|71/100
|
|upkeep
|turn|5
|
|t:|1652187118
|move|p2a: Volcanion|Steam Eruption|p1a: Slowking
|-resisted|p1a: Slowking
|-damage|p1a: Slowking|42/100
|move|p1a: Slowking|Teleport|p1a: Slowking
|
|t:|1652187124
|switch|p1a: Tapu Koko|Tapu Koko|100/100|[from]move: Teleport
|-fieldstart|move: Electric Terrain|[from] ability: Electric Surge|[of] p1a: Tapu Koko
|
|upkeep
|turn|6
|
|t:|1652187128
|move|p1a: Tapu Koko|U-turn|p2a: Volcanion
|-resisted|p2a: Volcanion
|-damage|p2a: Volcanion|92/100
|
|t:|1652187129
|switch|p1a: Slowking|Slowking, F|75/100|[from]move: U-turn
|move|p2a: Volcanion|Steam Eruption|p1a: Slowking
|-resisted|p1a: Slowking
|-damage|p1a: Slowking|48/100
|
|upkeep
|turn|7
|
|t:|1652187137
|switch|p2a: Landorus|Landorus-Therian, M|100/100
|-ability|p2a: Landorus|Intimidate|boost
|-unboost|p1a: Slowking|atk|1
|move|p1a: Slowking|Slack Off|p1a: Slowking
|-heal|p1a: Slowking|98/100
|
|upkeep
|turn|8
|j| DA COME UP ★彡
|
|t:|1652187143
|move|p2a: Landorus|Stealth Rock|p1a: Slowking
|-sidestart|p1: Delibird Heart|move: Stealth Rock
|move|p1a: Slowking|Future Sight|p2a: Landorus
|-start|p1a: Slowking|move: Future Sight
|
|upkeep
|turn|9
|
|t:|1652187153
|move|p2a: Landorus|Earthquake|p1a: Slowking
|-damage|p1a: Slowking|50/100
|move|p1a: Slowking|Teleport|p1a: Slowking
|
|t:|1652187156
|switch|p1a: Jackie|Mienshao, M, shiny|100/100 par|[from]move: Teleport
|-damage|p1a: Jackie|95/100 par|[from] Stealth Rock
|
|-fieldend|move: Electric Terrain
|upkeep
|turn|10
|
|t:|1652187161
|move|p2a: Landorus|Earthquake|p1a: Jackie
|-damage|p1a: Jackie|1/100 par
|cant|p1a: Jackie|par
|
|-end|p2a: Landorus|move: Future Sight
|-damage|p2a: Landorus|64/100
|-heal|p2a: Landorus|70/100|[from] item: Leftovers
|upkeep
|turn|11
|j| havefun507
|
|t:|1652187175
|switch|p1a: Landorus|Landorus-Therian, M|100/100
|-damage|p1a: Landorus|88/100|[from] Stealth Rock
|-ability|p1a: Landorus|Intimidate|boost
|-unboost|p2a: Landorus|atk|1
|move|p2a: Landorus|U-turn|p1a: Landorus
|-resisted|p1a: Landorus
|-damage|p1a: Landorus|79/100
|
|t:|1652187179
|switch|p2a: Weavile|Weavile, M|100/100|[from]move: U-turn
|
|upkeep
|turn|12
|
|t:|1652187183
|switch|p2a: Landorus|Landorus-Therian, M|70/100
|-ability|p2a: Landorus|Intimidate|boost
|-unboost|p1a: Landorus|atk|1
|switch|p1a: Jackie|Mienshao, M, shiny|1/100 par
|-damage|p1a: Jackie|0 fnt|[from] Stealth Rock
|faint|p1a: Jackie
|
|-heal|p2a: Landorus|76/100|[from] item: Leftovers
|upkeep
|
|t:|1652187189
|switch|p1a: Tangrowth|Tangrowth, M|100/100
|-damage|p1a: Tangrowth|88/100|[from] Stealth Rock
|turn|13
|
|t:|1652187194
|move|p2a: Landorus|U-turn|p1a: Tangrowth
|-supereffective|p1a: Tangrowth
|-damage|p1a: Tangrowth|66/100
|-damage|p2a: Landorus|59/100|[from] item: Rocky Helmet|[of] p1a: Tangrowth
|
|t:|1652187200
|switch|p2a: Melmetal|Melmetal|100/100|[from]move: U-turn
|move|p1a: Tangrowth|Knock Off|p2a: Melmetal
|-damage|p2a: Melmetal|88/100
|-enditem|p2a: Melmetal|Assault Vest|[from] move: Knock Off|[of] p1a: Tangrowth
|
|upkeep
|turn|14
|
|t:|1652187206
|switch|p2a: Weavile|Weavile, M|100/100
|move|p1a: Tangrowth|Sleep Powder|p2a: Weavile
|-status|p2a: Weavile|slp|[from] move: Sleep Powder
|
|upkeep
|turn|15
|
|t:|1652187210
|cant|p2a: Weavile|slp
|move|p1a: Tangrowth|Focus Blast|p2a: Weavile|[miss]
|-miss|p1a: Tangrowth|p2a: Weavile
|
|upkeep
|turn|16
|
|t:|1652187215
|switch|p2a: Volcanion|Volcanion|92/100
|move|p1a: Tangrowth|Focus Blast|p2a: Volcanion|[miss]
|-miss|p1a: Tangrowth|p2a: Volcanion
|
|upkeep
|turn|17
|
|t:|1652187223
|switch|p2a: Weavile|Weavile, M|100/100 slp
|switch|p1a: Slowking|Slowking, F|84/100
|
|upkeep
|turn|18
|
|t:|1652187229
|switch|p1a: fuck weavile|Coalossal, F|100/100
|-curestatus|p2a: Weavile|slp|[msg]
|move|p2a: Weavile|Beat Up|p1a: fuck weavile
|-damage|p1a: fuck weavile|93/100
|-damage|p1a: fuck weavile|86/100
|-damage|p1a: fuck weavile|78/100
|-damage|p1a: fuck weavile|71/100
|-damage|p1a: fuck weavile|64/100
|-hitcount|p1a: fuck weavile|5
|
|upkeep
|turn|19
|
|t:|1652187252
|switch|p2a: Melmetal|Melmetal|88/100
|move|p1a: fuck weavile|Heat Crash|p2a: Melmetal
|-supereffective|p2a: Melmetal
|-damage|p2a: Melmetal|74/100
|
|upkeep
|turn|20
|
|t:|1652187260
|switch|p2a: Weavile|Weavile, M|100/100
|move|p1a: fuck weavile|Rapid Spin|p2a: Weavile
|-damage|p2a: Weavile|84/100
|-boost|p1a: fuck weavile|spe|1
|-sideend|p1: Delibird Heart|Stealth Rock|[from] move: Rapid Spin|[of] p1a: fuck weavile
|
|upkeep
|turn|21
|
|t:|1652187266
|move|p2a: Weavile|Knock Off|p1a: fuck weavile
|-damage|p1a: fuck weavile|27/100
|-enditem|p1a: fuck weavile|Heavy-Duty Boots|[from] move: Knock Off|[of] p2a: Weavile
|move|p1a: fuck weavile|Heat Crash|p2a: Weavile
|-supereffective|p2a: Weavile
|-damage|p2a: Weavile|0 fnt
|faint|p2a: Weavile
|
|upkeep
|
|t:|1652187268
|switch|p2a: Volcanion|Volcanion|92/100
|turn|22
|
|t:|1652187276
|switch|p2a: Kartana|Kartana|100/100
|move|p1a: fuck weavile|Spikes|p2a: Kartana
|-sidestart|p2: WrongJourneySong|Spikes
|
|upkeep
|turn|23
|
|t:|1652187279
|switch|p1a: Tangrowth|Tangrowth, M|99/100
|move|p2a: Kartana|Knock Off|p1a: Tangrowth
|-damage|p1a: Tangrowth|76/100
|-damage|p2a: Kartana|84/100|[from] item: Rocky Helmet|[of] p1a: Tangrowth
|-enditem|p1a: Tangrowth|Rocky Helmet|[from] move: Knock Off|[of] p2a: Kartana
|
|upkeep
|turn|24
|
|t:|1652187285
|switch|p2a: Landorus|Landorus-Therian, M|59/100
|-ability|p2a: Landorus|Intimidate|boost
|-unboost|p1a: Tangrowth|atk|1
|move|p1a: Tangrowth|Knock Off|p2a: Landorus
|-damage|p2a: Landorus|41/100
|-enditem|p2a: Landorus|Leftovers|[from] move: Knock Off|[of] p1a: Tangrowth
|
|upkeep
|turn|25
|
|t:|1652187288
|move|p2a: Landorus|Stealth Rock|p1a: Tangrowth
|-sidestart|p1: Delibird Heart|move: Stealth Rock
|move|p1a: Tangrowth|Giga Drain|p2a: Landorus
|-damage|p2a: Landorus|18/100
|-heal|p1a: Tangrowth|86/100|[from] drain|[of] p2a: Landorus
|
|upkeep
|turn|26
|
|t:|1652187292
|move|p2a: Landorus|U-turn|p1a: Tangrowth
|-supereffective|p1a: Tangrowth
|-damage|p1a: Tangrowth|64/100
|
|t:|1652187294
|switch|p2a: Volcanion|Volcanion|92/100|[from]move: U-turn
|-damage|p2a: Volcanion|80/100|[from] Spikes
|move|p1a: Tangrowth|Giga Drain|p2a: Volcanion
|-damage|p2a: Volcanion|47/100
|-heal|p1a: Tangrowth|76/100|[from] drain|[of] p2a: Volcanion
|
|upkeep
|turn|27
|
|t:|1652187299
|switch|p2a: Kartana|Kartana|84/100
|-damage|p2a: Kartana|72/100|[from] Spikes
|switch|p1a: Slowking|Slowking, F|100/100
|
|upkeep
|turn|28
|
|t:|1652187301
|switch|p1a: Tangrowth|Tangrowth, M|100/100
|-damage|p1a: Tangrowth|88/100|[from] Stealth Rock
|move|p2a: Kartana|Aerial Ace|p1a: Tangrowth
|-supereffective|p1a: Tangrowth
|-damage|p1a: Tangrowth|62/100
|
|upkeep
|turn|29
|
|t:|1652187309
|move|p2a: Kartana|Aerial Ace|p1a: Tangrowth
|-supereffective|p1a: Tangrowth
|-damage|p1a: Tangrowth|35/100
|move|p1a: Tangrowth|Focus Blast|p2a: Kartana
|-supereffective|p2a: Kartana
|-damage|p2a: Kartana|0 fnt
|faint|p2a: Kartana
|
|upkeep
|-message|WrongJourneySong forfeited.
|
|win|Delibird Heart
|raw|Delibird Heart's rating: 1830 &rarr; <strong>1846</strong><br />(+16 for winning)
|raw|WrongJourneySong's rating: 1757 &rarr; <strong>1741</strong><br />(-16 for losing)
|l|☆WrongJourneySong
|c|☆Delibird Heart|packed
|c|☆Delibird Heart|nice haxx
