|html|<div class="broadcast-blue"><strong>[Gen 8] OU is currently suspecting Melmetal! For information on how to participate check out the <a href="https://www.smogon.com/forums/threads/np-ss-ou-suspect-process-round-12-monster-mash.3709234/">suspect thread</a>.</strong></div>
|j|☆Celistesting
|j|☆quixana
|t:|1665702345
|gametype|singles
|player|p1|Celistesting|nate|1675
|player|p2|quixana|ethan-pokeathlon|1825
|teamsize|p1|6
|teamsize|p2|6
|gen|8
|tier|[Gen 8] OU
|rated|
|rule|Sleep Clause Mod: Limit one foe put to sleep
|rule|Species Clause: Limit one of each Pokémon
|rule|OHKO Clause: OHKO moves are banned
|rule|Evasion Items Clause: Evasion items are banned
|rule|Evasion Moves Clause: Evasion moves are banned
|rule|Endless Battle Clause: Forcing endless battles is banned
|rule|HP Percentage Mod: HP is shown in percentages
|rule|Dynamax Clause: You cannot dynamax
|clearpoke
|poke|p1|Rillaboom, F|
|poke|p1|Tapu Koko|
|poke|p1|Mamoswine, F|
|poke|p1|Victini|
|poke|p1|Urshifu-*, F|
|poke|p1|Garchomp, M|
|poke|p2|Dragapult, M|
|poke|p2|Rotom-Wash|
|poke|p2|Landorus-Therian, M|
|poke|p2|Melmetal|
|poke|p2|Weavile, M|
|poke|p2|Kartana|
|teampreview
|
|t:|1665702392
|start
|switch|p1a: Tapu Koko|Tapu Koko|100/100
|switch|p2a: Phantom|Rotom-Wash, shiny|100/100
|-fieldstart|move: Electric Terrain|[from] ability: Electric Surge|[of] p1a: Tapu Koko
|turn|1
|
|t:|1665702409
|move|p1a: Tapu Koko|U-turn|p2a: Phantom
|-damage|p2a: Phantom|80/100
|
|t:|1665702415
|switch|p1a: Garchomp|Garchomp, M, shiny|100/100|[from]move: U-turn
|move|p2a: Phantom|Volt Switch|p1a: Garchomp
|-immune|p1a: Garchomp
|
|-heal|p2a: Phantom|86/100|[from] item: Leftovers
|upkeep
|turn|2
|inactive|Battle timer is ON: inactive players will automatically lose when time's up. (requested by Celistesting)
|
|t:|1665702488
|switch|p2a: Bandit|Weavile, M, shiny|100/100
|-ability|p2a: Bandit|Pressure
|move|p1a: Garchomp|Toxic|p2a: Bandit
|-status|p2a: Bandit|tox
|
|-damage|p2a: Bandit|94/100 tox|[from] psn
|upkeep
|turn|3
|
|t:|1665702514
|switch|p1a: Urshifu|Urshifu-Rapid-Strike, F|100/100
|move|p2a: Bandit|Knock Off|p1a: Urshifu
|-resisted|p1a: Urshifu
|-damage|p1a: Urshifu|64/100
|-enditem|p1a: Urshifu|Protective Pads|[from] move: Knock Off|[of] p2a: Bandit
|
|-damage|p2a: Bandit|82/100 tox|[from] psn
|upkeep
|turn|4
|
|t:|1665702526
|switch|p2a: Leviathan|Dragapult, M, shiny|100/100
|move|p1a: Urshifu|U-turn|p2a: Leviathan
|-resisted|p2a: Leviathan
|-damage|p2a: Leviathan|83/100
|
|t:|1665702531
|switch|p1a: Mamoswine|Mamoswine, F|100/100|[from]move: U-turn
|
|upkeep
|turn|5
|
|t:|1665702548
|switch|p2a: Phantom|Rotom-Wash, shiny|86/100
|move|p1a: Mamoswine|Knock Off|p2a: Phantom
|-damage|p2a: Phantom|17/100
|-enditem|p2a: Phantom|Leftovers|[from] move: Knock Off|[of] p1a: Mamoswine
|
|-fieldend|move: Electric Terrain
|upkeep
|turn|6
|
|t:|1665702555
|move|p2a: Phantom|Pain Split|p1a: Mamoswine
|-sethp|p1a: Mamoswine|56/100|[from] move: Pain Split|[silent]
|-sethp|p2a: Phantom|83/100|[from] move: Pain Split
|move|p1a: Mamoswine|Knock Off|p2a: Phantom
|-damage|p2a: Phantom|37/100
|
|upkeep
|turn|7
|
|t:|1665702571
|switch|p1a: Garchomp|Garchomp, M, shiny|100/100
|move|p2a: Phantom|Hydro Pump|p1a: Garchomp
|-damage|p1a: Garchomp|47/100
|
|upkeep
|turn|8
|
|t:|1665702577
|move|p1a: Garchomp|Stealth Rock|p2a: Phantom
|-sidestart|p2: quixana|move: Stealth Rock
|move|p2a: Phantom|Hydro Pump|p1a: Garchomp|[miss]
|-miss|p2a: Phantom|p1a: Garchomp
|
|upkeep
|turn|9
|
|t:|1665702582
|move|p1a: Garchomp|Toxic|p2a: Phantom
|-status|p2a: Phantom|tox
|move|p2a: Phantom|Pain Split|p1a: Garchomp
|-sethp|p1a: Garchomp|34/100|[from] move: Pain Split|[silent]
|-sethp|p2a: Phantom|59/100 tox|[from] move: Pain Split
|
|-damage|p2a: Phantom|53/100 tox|[from] psn
|upkeep
|turn|10
|inactive|quixana has 120 seconds left.
|
|t:|1665702635
|switch|p2a: Leviathan|Dragapult, M, shiny|83/100
|-damage|p2a: Leviathan|71/100|[from] Stealth Rock
|move|p1a: Garchomp|Fire Blast|p2a: Leviathan
|-resisted|p2a: Leviathan
|-damage|p2a: Leviathan|57/100
|
|upkeep
|turn|11
|
|t:|1665702642
|move|p2a: Leviathan|Shadow Ball|p1a: Garchomp
|-damage|p1a: Garchomp|0 fnt
|faint|p1a: Garchomp
|
|upkeep
|
|t:|1665702645
|switch|p1a: Mamoswine|Mamoswine, F|56/100
|turn|12
|inactive|quixana has 120 seconds left.
|
|t:|1665702676
|switch|p2a: Phantom|Rotom-Wash, shiny|53/100 tox
|-damage|p2a: Phantom|40/100 tox|[from] Stealth Rock
|move|p1a: Mamoswine|Ice Shard|p2a: Phantom
|-resisted|p2a: Phantom
|-damage|p2a: Phantom|19/100 tox
|
|-damage|p2a: Phantom|13/100 tox|[from] psn
|upkeep
|turn|13
|
|t:|1665702684
|move|p1a: Mamoswine|Ice Shard|p2a: Phantom
|-resisted|p2a: Phantom
|-damage|p2a: Phantom|0 fnt
|faint|p2a: Phantom
|
|upkeep
|
|t:|1665702688
|switch|p2a: Fate|Melmetal, shiny|100/100
|-damage|p2a: Fate|94/100|[from] Stealth Rock
|turn|14
|
|t:|1665702692
|switch|p1a: Victini|Victini|100/100
|move|p2a: Fate|Double Iron Bash|p1a: Victini
|-resisted|p1a: Victini
|-crit|p1a: Victini
|-damage|p1a: Victini|52/100
|-resisted|p1a: Victini
|-damage|p1a: Victini|17/100
|-hitcount|p1a: Victini|2
|
|upkeep
|turn|15
|j| Malanaki
|inactive|quixana has 120 seconds left.
|inactive|quixana has 90 seconds left.
|inactive|quixana has 60 seconds left.
|
|t:|1665702766
|switch|p2a: Bandit|Weavile, M, shiny|82/100 tox
|-damage|p2a: Bandit|57/100 tox|[from] Stealth Rock
|-ability|p2a: Bandit|Pressure
|move|p1a: Victini|Searing Shot|p2a: Bandit
|-supereffective|p2a: Bandit
|-damage|p2a: Bandit|0 fnt
|faint|p2a: Bandit
|
|upkeep
|
|t:|1665702792
|switch|p2a: Deathstroke|Kartana, shiny|100/100
|-damage|p2a: Deathstroke|94/100|[from] Stealth Rock
|turn|16
|l| Malanaki
|
|t:|1665702802
|switch|p1a: Rillaboom|Rillaboom, F|100/100
|-fieldstart|move: Grassy Terrain|[from] ability: Grassy Surge|[of] p1a: Rillaboom
|move|p2a: Deathstroke|Leaf Blade|p1a: Rillaboom
|-resisted|p1a: Rillaboom
|-damage|p1a: Rillaboom|60/100
|
|-heal|p2a: Deathstroke|100/100|[from] Grassy Terrain
|-heal|p1a: Rillaboom|66/100|[from] Grassy Terrain
|upkeep
|turn|17
|j| Malanaki
|l| Malanaki
|
|t:|1665702816
|switch|p2a: Enten|Landorus-Therian, M, shiny|100/100
|-damage|p2a: Enten|88/100|[from] Stealth Rock
|-ability|p2a: Enten|Intimidate|boost
|-unboost|p1a: Rillaboom|atk|1
|move|p1a: Rillaboom|Drain Punch|p2a: Enten
|-resisted|p2a: Enten
|-damage|p2a: Enten|77/100
|-heal|p1a: Rillaboom|73/100|[from] drain|[of] p2a: Enten
|-damage|p1a: Rillaboom|63/100|[from] item: Life Orb
|
|-heal|p1a: Rillaboom|69/100|[from] Grassy Terrain
|-heal|p2a: Enten|83/100|[from] item: Leftovers
|upkeep
|turn|18
|j| Jongruenwald
|
|t:|1665702823
|switch|p1a: Urshifu|Urshifu-Rapid-Strike, F|64/100
|move|p2a: Enten|U-turn|p1a: Urshifu
|-resisted|p1a: Urshifu
|-damage|p1a: Urshifu|54/100
|j| Malanaki
|
|t:|1665702833
|switch|p2a: Deathstroke|Kartana, shiny|100/100|[from]move: U-turn
|-damage|p2a: Deathstroke|94/100|[from] Stealth Rock
|
|-heal|p2a: Deathstroke|100/100|[from] Grassy Terrain
|-heal|p1a: Urshifu|60/100|[from] Grassy Terrain
|upkeep
|turn|19
|
|t:|1665702838
|switch|p1a: Rillaboom|Rillaboom, F|69/100
|move|p2a: Deathstroke|Leaf Blade|p1a: Rillaboom
|-resisted|p1a: Rillaboom
|-damage|p1a: Rillaboom|23/100
|
|-heal|p1a: Rillaboom|29/100|[from] Grassy Terrain
|upkeep
|turn|20
|
|t:|1665702843
|move|p1a: Rillaboom|Grassy Glide|p2a: Deathstroke
|-resisted|p2a: Deathstroke
|-damage|p2a: Deathstroke|84/100
|-damage|p1a: Rillaboom|19/100|[from] item: Life Orb
|move|p2a: Deathstroke|Leaf Blade|p1a: Rillaboom
|-resisted|p1a: Rillaboom
|-damage|p1a: Rillaboom|0 fnt
|faint|p1a: Rillaboom
|-ability|p2a: Deathstroke|Beast Boost|boost
|-boost|p2a: Deathstroke|atk|1
|
|-heal|p2a: Deathstroke|90/100|[from] Grassy Terrain
|-fieldend|move: Grassy Terrain
|upkeep
|
|t:|1665702849
|switch|p1a: Tapu Koko|Tapu Koko|100/100
|-fieldstart|move: Electric Terrain|[from] ability: Electric Surge|[of] p1a: Tapu Koko
|turn|21
|
|t:|1665702852
|move|p1a: Tapu Koko|Thunderbolt|p2a: Deathstroke
|-resisted|p2a: Deathstroke
|-damage|p2a: Deathstroke|0 fnt
|faint|p2a: Deathstroke
|
|upkeep
|j| Aitana y Zoilo
|
|t:|1665702869
|switch|p2a: Enten|Landorus-Therian, M, shiny|83/100
|-damage|p2a: Enten|71/100|[from] Stealth Rock
|-ability|p2a: Enten|Intimidate|boost
|-unboost|p1a: Tapu Koko|atk|1
|turn|22
|
|t:|1665702876
|switch|p1a: Victini|Victini|17/100
|move|p2a: Enten|U-turn|p1a: Victini
|-crit|p1a: Victini
|-damage|p1a: Victini|0 fnt
|faint|p1a: Victini
|
|t:|1665702881
|switch|p2a: Fate|Melmetal, shiny|94/100|[from]move: U-turn
|-damage|p2a: Fate|88/100|[from] Stealth Rock
|
|upkeep
|
|t:|1665702888
|switch|p1a: Urshifu|Urshifu-Rapid-Strike, F|60/100
|turn|23
|
|t:|1665702905
|switch|p2a: Leviathan|Dragapult, M, shiny|57/100
|-damage|p2a: Leviathan|45/100|[from] Stealth Rock
|move|p1a: Urshifu|Close Combat|p2a: Leviathan
|-immune|p2a: Leviathan
|
|upkeep
|turn|24
|inactive|quixana has 60 seconds left.
|
|t:|1665702926
|switch|p1a: Tapu Koko|Tapu Koko|100/100
|move|p2a: Leviathan|U-turn|p1a: Tapu Koko
|-resisted|p1a: Tapu Koko
|-damage|p1a: Tapu Koko|88/100
|
|t:|1665702931
|switch|p2a: Enten|Landorus-Therian, M, shiny|71/100|[from]move: U-turn
|-damage|p2a: Enten|59/100|[from] Stealth Rock
|-ability|p2a: Enten|Intimidate|boost
|-unboost|p1a: Tapu Koko|atk|1
|
|-heal|p2a: Enten|65/100|[from] item: Leftovers
|upkeep
|turn|25
|
|t:|1665702940
|move|p1a: Tapu Koko|Dazzling Gleam|p2a: Enten
|-damage|p2a: Enten|34/100
|move|p2a: Enten|U-turn|p1a: Tapu Koko
|-resisted|p1a: Tapu Koko
|-damage|p1a: Tapu Koko|72/100
|
|t:|1665702945
|switch|p2a: Fate|Melmetal, shiny|88/100|[from]move: U-turn
|-damage|p2a: Fate|82/100|[from] Stealth Rock
|
|-fieldend|move: Electric Terrain
|upkeep
|turn|26
|inactive|quixana has 60 seconds left.
|inactive|Celistesting has 120 seconds left.
|l| Malanaki
|inactive|Celistesting has 90 seconds left.
|
|t:|1665703014
|switch|p1a: Mamoswine|Mamoswine, F|56/100
|move|p2a: Fate|Double Iron Bash|p1a: Mamoswine
|-supereffective|p1a: Mamoswine
|-damage|p1a: Mamoswine|0 fnt
|faint|p1a: Mamoswine
|-hitcount|p1: Mamoswine|1
|
|upkeep
|
|t:|1665703020
|switch|p1a: Urshifu|Urshifu-Rapid-Strike, F|60/100
|turn|27
|inactive|quixana has 60 seconds left.
|inactive|Celistesting has 90 seconds left.
|
|t:|1665703044
|switch|p2a: Enten|Landorus-Therian, M, shiny|34/100
|-damage|p2a: Enten|21/100|[from] Stealth Rock
|-ability|p2a: Enten|Intimidate|boost
|-unboost|p1a: Urshifu|atk|1
|move|p1a: Urshifu|Surging Strikes|p2a: Enten
|-supereffective|p2a: Enten
|-crit|p2a: Enten
|-damage|p2a: Enten|0 fnt
|faint|p2a: Enten
|-hitcount|p2: Enten|1
|
|upkeep
|
|t:|1665703047
|switch|p2a: Leviathan|Dragapult, M, shiny|45/100
|-damage|p2a: Leviathan|32/100|[from] Stealth Rock
|turn|28
|
|t:|1665703057
|switch|p1a: Tapu Koko|Tapu Koko|72/100
|-fieldstart|move: Electric Terrain|[from] ability: Electric Surge|[of] p1a: Tapu Koko
|move|p2a: Leviathan|Shadow Ball|p1a: Tapu Koko
|-damage|p1a: Tapu Koko|0 fnt
|faint|p1a: Tapu Koko
|
|upkeep
|
|t:|1665703059
|switch|p1a: Urshifu|Urshifu-Rapid-Strike, F|60/100
|turn|29
|c|☆Celistesting|gg
|
|t:|1665703065
|move|p2a: Leviathan|Shadow Ball|p1a: Urshifu
|-damage|p1a: Urshifu|0 fnt
|faint|p1a: Urshifu
|
|win|quixana
|raw|Celistesting's rating: 1675 &rarr; <strong>1663</strong><br />(-12 for losing)
|raw|quixana's rating: 1825 &rarr; <strong>1837</strong><br />(+12 for winning)
|l|☆Celistesting
|c|☆quixana|gg
||Ladder isn't responding, score probably updated but might not have (Request timeout).
