|raw|<div class="broadcast-blue"><strong>This battle is required to be public due to a player having a name starting with 'lt92pf'.</div>
|j|☆Redemption
|j|☆LT92PF mimilimi
|t:|1660164299
|gametype|singles
|player|p1|Redemption|#redemption|1813
|player|p2|LT92PF mimilimi|juggler|1822
|teamsize|p1|6
|teamsize|p2|6
|gen|8
|tier|[Gen 8] OU
|rated|
|rule|Sleep Clause Mod: Limit one foe put to sleep
|rule|Species Clause: Limit one of each Pokémon
|rule|OHKO Clause: OHKO moves are banned
|rule|Evasion Items Clause: Evasion items are banned
|rule|Evasion Moves Clause: Evasion moves are banned
|rule|Endless Battle Clause: Forcing endless battles is banned
|rule|HP Percentage Mod: HP is shown in percentages
|rule|Dynamax Clause: You cannot dynamax
|clearpoke
|poke|p1|Victini|
|poke|p1|Dragonite, M|
|poke|p1|Melmetal|
|poke|p1|Tapu Koko|
|poke|p1|Landorus-Therian, M|
|poke|p1|Weavile, F|
|poke|p2|Kartana|
|poke|p2|Heatran, M|
|poke|p2|Rotom-Wash|
|poke|p2|Tornadus-Therian, M|
|poke|p2|Tapu Lele|
|poke|p2|Ferrothorn, F|
|teampreview
|j| ThisIsntHilarious
|c|☆LT92PF mimilimi|Mdr je regardais ta game y’a 10sec
|c|☆LT92PF mimilimi|Gl
|j| Chomp42
|j|@ironwater
|j| LT92PF rej
|j| Micciu20250
|l| Chomp42
|j| regenerates
|c|☆Redemption|^^
|j| lt92pf star
|j| lt92pf shinra
|j|+McMeghan
|j| LT92PF Po
|j| Keblar
|j|+Tuthur
|j| LT92PF Hikozaru
|
|t:|1660164406
|start
|switch|p1a: Tapu Koko|Tapu Koko|100/100
|switch|p2a: Rotom|Rotom-Wash|100/100
|-fieldstart|move: Electric Terrain|[from] ability: Electric Surge|[of] p1a: Tapu Koko
|turn|1
|j| Hyss
|j| slainey?
|
|t:|1660164417
|move|p1a: Tapu Koko|Thunderbolt|p2a: Rotom
|-damage|p2a: Rotom|60/100
|move|p2a: Rotom|Thunder Wave|p1a: Tapu Koko
|-immune|p1a: Tapu Koko
|
|-heal|p2a: Rotom|66/100|[from] item: Leftovers
|upkeep
|turn|2
|j| Pokemh
|j| Beka ❤
|
|t:|1660164434
|move|p1a: Tapu Koko|U-turn|p2a: Rotom
|-damage|p2a: Rotom|48/100
|j| isudbhfahsb
|j|%Mihowk
|j| RNN YasuKe
|
|t:|1660164454
|switch|p1a: Weavile|Weavile, F|100/100|[from]move: U-turn
|-ability|p1a: Weavile|Pressure
|move|p2a: Rotom|Pain Split|p1a: Weavile
|-sethp|p1a: Weavile|76/100|[from] move: Pain Split|[silent]
|-sethp|p2a: Rotom|71/100|[from] move: Pain Split
|
|-heal|p2a: Rotom|77/100|[from] item: Leftovers
|upkeep
|turn|3
|j| PandaDoux
|j| oakdeon
|l| PandaDoux
|
|t:|1660164464
|switch|p2a: Ferrothorn|Ferrothorn, F|100/100
|move|p1a: Weavile|Knock Off|p2a: Ferrothorn
|-damage|p2a: Ferrothorn|71/100
|-damage|p1a: Weavile|64/100|[from] ability: Iron Barbs|[of] p2a: Ferrothorn
|-enditem|p2a: Ferrothorn|Chople Berry|[from] move: Knock Off|[of] p1a: Weavile
|
|upkeep
|turn|4
|
|t:|1660164496
|switch|p1a: Landorus|Landorus-Therian, M|100/100
|-ability|p1a: Landorus|Intimidate|boost
|-unboost|p2a: Ferrothorn|atk|1
|move|p2a: Ferrothorn|Leech Seed|p1a: Landorus
|-start|p1a: Landorus|move: Leech Seed
|
|-damage|p1a: Landorus|88/100|[from] Leech Seed|[of] p2a: Ferrothorn
|-heal|p2a: Ferrothorn|84/100|[silent]
|upkeep
|turn|5
|
|t:|1660164505
|move|p1a: Landorus|Stealth Rock|p2a: Ferrothorn
|-sidestart|p2: LT92PF mimilimi|move: Stealth Rock
|move|p2a: Ferrothorn|Spikes|p1a: Landorus
|-sidestart|p1: Redemption|Spikes
|
|-heal|p1a: Landorus|94/100|[from] item: Leftovers
|-damage|p1a: Landorus|82/100|[from] Leech Seed|[of] p2a: Ferrothorn
|-heal|p2a: Ferrothorn|97/100|[silent]
|-fieldend|move: Electric Terrain
|upkeep
|turn|6
|j| Arcadian Fields
|
|t:|1660164541
|move|p1a: Landorus|U-turn|p2a: Ferrothorn
|-damage|p2a: Ferrothorn|85/100
|-damage|p1a: Landorus|70/100|[from] ability: Iron Barbs|[of] p2a: Ferrothorn
|
|t:|1660164547
|switch|p1a: Victini|Victini|100/100|[from]move: U-turn
|move|p2a: Ferrothorn|Thunder Wave|p1a: Victini
|-status|p1a: Victini|par
|
|upkeep
|turn|7
|
|t:|1660164556
|switch|p2a: Heatran|Heatran, M|100/100
|-damage|p2a: Heatran|88/100|[from] Stealth Rock
|move|p1a: Victini|U-turn|p2a: Heatran
|-resisted|p2a: Heatran
|-damage|p2a: Heatran|84/100
|l| isudbhfahsb
|
|t:|1660164574
|switch|p1a: Landorus|Landorus-Therian, M|70/100|[from]move: U-turn
|-ability|p1a: Landorus|Intimidate|boost
|-unboost|p2a: Heatran|atk|1
|
|-heal|p2a: Heatran|90/100|[from] item: Leftovers
|-heal|p1a: Landorus|76/100|[from] item: Leftovers
|upkeep
|turn|8
|
|t:|1660164613
|switch|p2a: Tornadus|Tornadus-Therian, M|100/100
|move|p1a: Landorus|U-turn|p2a: Tornadus
|-resisted|p2a: Tornadus
|-damage|p2a: Tornadus|90/100
|l| RNN YasuKe
|
|t:|1660164619
|switch|p1a: Weavile|Weavile, F|64/100|[from]move: U-turn
|-ability|p1a: Weavile|Pressure
|
|upkeep
|turn|9
|
|t:|1660164631
|switch|p2a: Ferrothorn|Ferrothorn, F|85/100
|-damage|p2a: Ferrothorn|78/100|[from] Stealth Rock
|move|p1a: Weavile|Swords Dance|p1a: Weavile
|-boost|p1a: Weavile|atk|2
|
|upkeep
|turn|10
|
|t:|1660164648
|move|p1a: Weavile|Triple Axel|p2a: Ferrothorn
|-damage|p2a: Ferrothorn|67/100
|-damage|p1a: Weavile|51/100|[from] ability: Iron Barbs|[of] p2a: Ferrothorn
|-damage|p2a: Ferrothorn|44/100
|-damage|p1a: Weavile|39/100|[from] ability: Iron Barbs|[of] p2a: Ferrothorn
|-hitcount|p2a: Ferrothorn|2
|move|p2a: Ferrothorn|Power Whip|p1a: Weavile
|-damage|p1a: Weavile|0 fnt
|faint|p1a: Weavile
|
|upkeep
|c|☆LT92PF mimilimi|Sry
|j| lt92pf ecca
|l| lt92pf ecca
|j| Confusien
|l|%Mihowk
|j| LT92PF Dflo
|j| LT91BB Livio
|l| slainey?
|
|t:|1660164742
|switch|p1a: Victini|Victini|100/100 par
|turn|11
|
|t:|1660164755
|move|p1a: Victini|V-create|p2a: Ferrothorn
|-supereffective|p2a: Ferrothorn
|-damage|p2a: Ferrothorn|0 fnt
|-unboost|p1a: Victini|spe|1
|-unboost|p1a: Victini|def|1
|-unboost|p1a: Victini|spd|1
|-damage|p1a: Victini|88/100 par|[from] ability: Iron Barbs|[of] p2a: Ferrothorn
|faint|p2a: Ferrothorn
|
|upkeep
|
|t:|1660164757
|switch|p2a: Kartana|Kartana|100/100
|-damage|p2a: Kartana|94/100|[from] Stealth Rock
|turn|12
|j| OranBerryBlissey10
|
|t:|1660164791
|switch|p1a: Landorus|Landorus-Therian, M|76/100
|-ability|p1a: Landorus|Intimidate|boost
|-unboost|p2a: Kartana|atk|1
|move|p2a: Kartana|Knock Off|p1a: Landorus
|-damage|p1a: Landorus|45/100
|-enditem|p1a: Landorus|Leftovers|[from] move: Knock Off|[of] p2a: Kartana
|
|upkeep
|turn|13
|
|t:|1660164822
|move|p2a: Kartana|Leaf Blade|p1a: Landorus
|-damage|p1a: Landorus|5/100
|move|p1a: Landorus|U-turn|p2a: Kartana
|-damage|p2a: Kartana|69/100
|
|t:|1660164829
|switch|p1a: Tapu Koko|Tapu Koko|100/100|[from]move: U-turn
|-fieldstart|move: Electric Terrain|[from] ability: Electric Surge|[of] p1a: Tapu Koko
|
|upkeep
|turn|14
|
|t:|1660164833
|switch|p2a: Heatran|Heatran, M|90/100
|-damage|p2a: Heatran|78/100|[from] Stealth Rock
|move|p1a: Tapu Koko|Thunderbolt|p2a: Heatran
|-damage|p2a: Heatran|46/100
|
|-heal|p2a: Heatran|52/100|[from] item: Leftovers
|upkeep
|turn|15
|
|t:|1660164838
|move|p1a: Tapu Koko|U-turn|p2a: Heatran
|-resisted|p2a: Heatran
|-damage|p2a: Heatran|49/100
|j| zReptar
|l| zReptar
|j| grussy-yu
|j| PandaDoux
|l|☆LT92PF mimilimi
|player|p2|
|
|t:|1660164882
|switch|p1a: Landorus|Landorus-Therian, M|5/100|[from]move: U-turn
|-ability|p1a: Landorus|Intimidate|boost
|-unboost|p2a: Heatran|atk|1
|move|p2a: Heatran|Stealth Rock|p1a: Landorus
|-sidestart|p1: Redemption|move: Stealth Rock
|
|-heal|p2a: Heatran|55/100|[from] item: Leftovers
|upkeep
|turn|16
|j|☆LT92PF mimilimi
|player|p2|LT92PF mimilimi|juggler
|
|t:|1660164895
|switch|p2a: Tornadus|Tornadus-Therian, M|100/100
|move|p1a: Landorus|Toxic|p2a: Tornadus
|-status|p2a: Tornadus|tox
|
|-damage|p2a: Tornadus|94/100 tox|[from] psn
|upkeep
|turn|17
|
|t:|1660164901
|move|p2a: Tornadus|U-turn|p1a: Landorus
|-resisted|p1a: Landorus
|-damage|p1a: Landorus|0 fnt
|faint|p1a: Landorus
|
|t:|1660164907
|switch|p2a: Rotom|Rotom-Wash|77/100|[from]move: U-turn
|-damage|p2a: Rotom|64/100|[from] Stealth Rock
|
|-heal|p2a: Rotom|71/100|[from] item: Leftovers
|-fieldend|move: Electric Terrain
|upkeep
|
|t:|1660164945
|switch|p1a: Victini|Victini|88/100 par
|turn|18
|
|t:|1660164970
|move|p2a: Rotom|Volt Switch|p1a: Victini
|-damage|p1a: Victini|61/100 par
|
|t:|1660164972
|switch|p2a: Heatran|Heatran, M|55/100|[from]move: Volt Switch
|-damage|p2a: Heatran|42/100|[from] Stealth Rock
|move|p1a: Victini|Bolt Strike|p2a: Heatran
|-damage|p2a: Heatran|8/100
|
|-heal|p2a: Heatran|14/100|[from] item: Leftovers
|upkeep
|turn|19
|
|t:|1660165013
|move|p2a: Heatran|Magma Storm|p1a: Victini
|-resisted|p1a: Victini
|-damage|p1a: Victini|40/100 par
|-activate|p1a: Victini|move: Magma Storm|[of] p2a: Heatran
|move|p1a: Victini|Bolt Strike|p2a: Heatran
|-damage|p2a: Heatran|0 fnt
|faint|p2a: Heatran
|
|-end|p1a: Victini|Magma Storm|[partiallytrapped]|[silent]
|upkeep
|
|t:|1660165017
|switch|p2a: Rotom|Rotom-Wash|71/100
|-damage|p2a: Rotom|58/100|[from] Stealth Rock
|turn|20
|j| Yelodash
|
|t:|1660165081
|switch|p1a: Tapu Koko|Tapu Koko|100/100
|-fieldstart|move: Electric Terrain|[from] ability: Electric Surge|[of] p1a: Tapu Koko
|move|p2a: Rotom|Hydro Pump|p1a: Tapu Koko
|-damage|p1a: Tapu Koko|35/100
|
|-heal|p2a: Rotom|64/100|[from] item: Leftovers
|upkeep
|turn|21
|
|t:|1660165115
|switch|p2a: Tapu Lele|Tapu Lele|100/100
|-damage|p2a: Tapu Lele|88/100|[from] Stealth Rock
|-fieldstart|move: Psychic Terrain|[from] ability: Psychic Surge|[of] p2a: Tapu Lele
|move|p1a: Tapu Koko|U-turn|p2a: Tapu Lele
|-damage|p2a: Tapu Lele|64/100
|
|t:|1660165125
|switch|p1a: Melmetal|Melmetal|100/100|[from]move: U-turn
|-damage|p1a: Melmetal|88/100|[from] Spikes
|-damage|p1a: Melmetal|82/100|[from] Stealth Rock
|
|upkeep
|turn|22
|
|t:|1660165131
|switch|p2a: Rotom|Rotom-Wash|64/100
|-damage|p2a: Rotom|52/100|[from] Stealth Rock
|move|p1a: Melmetal|Double Iron Bash|p2a: Rotom
|-resisted|p2a: Rotom
|-damage|p2a: Rotom|43/100
|-resisted|p2a: Rotom
|-damage|p2a: Rotom|33/100
|-hitcount|p2a: Rotom|2
|
|-heal|p2a: Rotom|39/100|[from] item: Leftovers
|upkeep
|turn|23
|
|t:|1660165141
|switch|p1a: Victini|Victini|40/100 par
|move|p2a: Rotom|Pain Split|p1a: Victini
|-sethp|p1a: Victini|37/100 par|[from] move: Pain Split|[silent]
|-sethp|p2a: Rotom|42/100|[from] move: Pain Split
|
|-heal|p2a: Rotom|48/100|[from] item: Leftovers
|upkeep
|turn|24
|
|t:|1660165161
|move|p2a: Rotom|Hydro Pump|p1a: Victini
|-supereffective|p1a: Victini
|-damage|p1a: Victini|0 fnt
|faint|p1a: Victini
|
|-heal|p2a: Rotom|54/100|[from] item: Leftovers
|upkeep
|
|t:|1660165172
|switch|p1a: Tapu Koko|Tapu Koko|35/100
|-fieldstart|move: Electric Terrain|[from] ability: Electric Surge|[of] p1a: Tapu Koko
|turn|25
|l|+Tuthur
|
|t:|1660165179
|switch|p2a: Tornadus|Tornadus-Therian, M|100/100 tox
|move|p1a: Tapu Koko|Thunderbolt|p2a: Tornadus
|-supereffective|p2a: Tornadus
|-damage|p2a: Tornadus|7/100 tox
|
|-damage|p2a: Tornadus|1/100 tox|[from] psn
|upkeep
|turn|26
|
|t:|1660165261
|move|p1a: Tapu Koko|Thunderbolt|p2a: Tornadus
|-supereffective|p2a: Tornadus
|-damage|p2a: Tornadus|0 fnt
|faint|p2a: Tornadus
|
|upkeep
|
|t:|1660165264
|switch|p2a: Tapu Lele|Tapu Lele|64/100
|-damage|p2a: Tapu Lele|52/100|[from] Stealth Rock
|-fieldstart|move: Psychic Terrain|[from] ability: Psychic Surge|[of] p2a: Tapu Lele
|turn|27
|j| Tace
|
|t:|1660165330
|switch|p1a: Melmetal|Melmetal|82/100
|-damage|p1a: Melmetal|70/100|[from] Spikes
|-damage|p1a: Melmetal|63/100|[from] Stealth Rock
|move|p2a: Tapu Lele|Moonblast|p1a: Melmetal
|-resisted|p1a: Melmetal
|-damage|p1a: Melmetal|52/100
|
|upkeep
|turn|28
|
|t:|1660165351
|switch|p2a: Kartana|Kartana|69/100
|-damage|p2a: Kartana|63/100|[from] Stealth Rock
|move|p1a: Melmetal|Double Iron Bash|p2a: Kartana
|-resisted|p2a: Kartana
|-damage|p2a: Kartana|43/100
|-resisted|p2a: Kartana
|-damage|p2a: Kartana|23/100
|-hitcount|p2a: Kartana|2
|
|upkeep
|turn|29
|j| playingaround987
|
|t:|1660165386
|move|p2a: Kartana|Synthesis|p2a: Kartana
|-heal|p2a: Kartana|73/100
|move|p1a: Melmetal|Double Iron Bash|p2a: Kartana
|-resisted|p2a: Kartana
|-damage|p2a: Kartana|55/100
|-resisted|p2a: Kartana
|-damage|p2a: Kartana|34/100
|-hitcount|p2a: Kartana|2
|
|upkeep
|turn|30
|l| ThisIsntHilarious
|l| Tace
|
|t:|1660165408
|switch|p1a: Dragonite|Dragonite, M|100/100
|move|p2a: Kartana|Knock Off|p1a: Dragonite
|-damage|p1a: Dragonite|81/100
|-enditem|p1a: Dragonite|Heavy-Duty Boots|[from] move: Knock Off|[of] p2a: Kartana
|
|upkeep
|turn|31
|l| PandaDoux
|
|t:|1660165416
|switch|p2a: Rotom|Rotom-Wash|54/100
|-damage|p2a: Rotom|42/100|[from] Stealth Rock
|move|p1a: Dragonite|Dragon Dance|p1a: Dragonite
|-boost|p1a: Dragonite|atk|1
|-boost|p1a: Dragonite|spe|1
|
|-heal|p2a: Rotom|48/100|[from] item: Leftovers
|-fieldend|move: Psychic Terrain
|upkeep
|turn|32
|
|t:|1660165426
|move|p1a: Dragonite|Dragon Dance|p1a: Dragonite
|-boost|p1a: Dragonite|atk|1
|-boost|p1a: Dragonite|spe|1
|move|p2a: Rotom|Thunder Wave|p1a: Dragonite
|-status|p1a: Dragonite|par
|
|-heal|p2a: Rotom|54/100|[from] item: Leftovers
|upkeep
|turn|33
|
|t:|1660165437
|cant|p1a: Dragonite|par
|move|p2a: Rotom|Volt Switch|p1a: Dragonite
|-damage|p1a: Dragonite|59/100 par
|
|t:|1660165439
|switch|p2a: Tapu Lele|Tapu Lele|52/100|[from]move: Volt Switch
|-damage|p2a: Tapu Lele|39/100|[from] Stealth Rock
|-fieldstart|move: Psychic Terrain|[from] ability: Psychic Surge|[of] p2a: Tapu Lele
|
|upkeep
|turn|34
|c|☆LT92PF mimilimi|Sry
|j| sadpasoas
|
|t:|1660165484
|move|p2a: Tapu Lele|Moonblast|p1a: Dragonite
|-supereffective|p1a: Dragonite
|-damage|p1a: Dragonite|0 fnt
|faint|p1a: Dragonite
|
|upkeep
|-message|Redemption forfeited.
|
|win|LT92PF mimilimi
|raw|Redemption's rating: 1813 &rarr; <strong>1794</strong><br />(-19 for losing)
|raw|LT92PF mimilimi's rating: 1822 &rarr; <strong>1841</strong><br />(+19 for winning)
|l| Beka ❤
|l| LT92PF Dflo
|l| LT92PF Po
|c|☆LT92PF mimilimi|Gg
|l| OranBerryBlissey10
|l| Keblar
|c|☆Redemption|b tPWCVNK NVBFXDFSWXCB DFWXC
|l| lt92pf shinra
||Ladder isn't responding, score probably updated but might not have (Request timeout).
|l| oakdeon
|l|☆LT92PF mimilimi
|l|☆Redemption
|l|@ironwater
|l| Arcadian Fields
|l| LT91BB Livio
|l| Micciu20250
|l| Pokemh
|l| grussy-yu
|l| Hyss
|l|+McMeghan
|l| sadpasoas
|l| Yelodash
|l| LT92PF Hikozaru
|j| LT92PF Dflo
|l| LT92PF Dflo
|l| Confusien
|l| playingaround987
|j| mimilimi
