|j|☆quixana
|j|☆precious jimmy
|t:|1665227165
|gametype|singles
|player|p1|quixana|ethan-pokeathlon|1814
|player|p2|precious jimmy|pokemaniac|1761
|teamsize|p1|6
|teamsize|p2|6
|gen|8
|tier|[Gen 8] OU
|rated|
|rule|Sleep Clause Mod: Limit one foe put to sleep
|rule|Species Clause: Limit one of each Pokémon
|rule|OHKO Clause: OHKO moves are banned
|rule|Evasion Items Clause: Evasion items are banned
|rule|Evasion Moves Clause: Evasion moves are banned
|rule|Endless Battle Clause: Forcing endless battles is banned
|rule|HP Percentage Mod: HP is shown in percentages
|rule|Dynamax Clause: You cannot dynamax
|clearpoke
|poke|p1|Heatran, F|
|poke|p1|Weavile, F|
|poke|p1|Buzzwole|
|poke|p1|Tapu Lele|
|poke|p1|Seismitoad, F|
|poke|p1|Corviknight, M|
|poke|p2|Zapdos-Galar|
|poke|p2|Tyranitar, F|
|poke|p2|Landorus-Therian, M|
|poke|p2|Tapu Lele|
|poke|p2|Celesteela|
|poke|p2|Volcanion|
|teampreview
|inactive|Battle timer is ON: inactive players will automatically lose when time's up. (requested by precious jimmy)
|inactive|quixana has 120 seconds left.
|
|t:|1665227199
|start
|switch|p1a: Sanji|Corviknight, M|100/100
|switch|p2a: Landorus|Landorus-Therian, M|100/100
|-ability|p2a: Landorus|Intimidate|boost
|-unboost|p1a: Sanji|atk|1
|-ability|p1a: Sanji|Pressure
|turn|1
|
|t:|1665227203
|move|p2a: Landorus|Knock Off|p1a: Sanji
|-damage|p1a: Sanji|80/100
|-damage|p2a: Landorus|84/100|[from] item: Rocky Helmet|[of] p1a: Sanji
|-enditem|p1a: Sanji|Rocky Helmet|[from] move: Knock Off|[of] p2a: Landorus
|move|p1a: Sanji|Brave Bird|p2a: Landorus
|-damage|p2a: Landorus|61/100
|-damage|p1a: Sanji|73/100|[from] Recoil
|
|upkeep
|turn|2
|
|t:|1665227214
|move|p2a: Landorus|Stealth Rock|p1a: Sanji
|-sidestart|p1: quixana|move: Stealth Rock
|move|p1a: Sanji|Roost|p1a: Sanji
|-heal|p1a: Sanji|100/100
|-singleturn|p1a: Sanji|move: Roost
|
|upkeep
|turn|3
|
|t:|1665227217
|move|p2a: Landorus|Knock Off|p1a: Sanji
|-damage|p1a: Sanji|86/100
|move|p1a: Sanji|Brave Bird|p2a: Landorus
|-damage|p2a: Landorus|39/100
|-damage|p1a: Sanji|79/100|[from] Recoil
|
|upkeep
|turn|4
|
|t:|1665227229
|move|p2a: Landorus|U-turn|p1a: Sanji
|-resisted|p1a: Sanji
|-damage|p1a: Sanji|76/100
|
|t:|1665227231
|switch|p2a: Volcanion|Volcanion|100/100|[from]move: U-turn
|move|p1a: Sanji|U-turn|p2a: Volcanion
|-resisted|p2a: Volcanion
|-damage|p2a: Volcanion|96/100
|
|t:|1665227240
|switch|p1a: Jinbei|Seismitoad, F|100/100|[from]move: U-turn
|-damage|p1a: Jinbei|94/100|[from] Stealth Rock
|
|-heal|p1a: Jinbei|100/100|[from] item: Leftovers
|upkeep
|turn|5
|
|t:|1665227248
|move|p2a: Volcanion|Earth Power|p1a: Jinbei
|-damage|p1a: Jinbei|62/100
|move|p1a: Jinbei|Stealth Rock|p2a: Volcanion
|-sidestart|p2: precious jimmy|move: Stealth Rock
|
|-heal|p1a: Jinbei|68/100|[from] item: Leftovers
|upkeep
|turn|6
|
|t:|1665227253
|move|p2a: Volcanion|Earth Power|p1a: Jinbei
|-damage|p1a: Jinbei|29/100
|move|p1a: Jinbei|Earthquake|p2a: Volcanion
|-supereffective|p2a: Volcanion
|-damage|p2a: Volcanion|34/100
|
|-heal|p1a: Jinbei|36/100|[from] item: Leftovers
|upkeep
|turn|7
|
|t:|1665227269
|switch|p2a: Tyranitar|Tyranitar, F|100/100
|-damage|p2a: Tyranitar|88/100|[from] Stealth Rock
|-weather|Sandstorm|[from] ability: Sand Stream|[of] p2a: Tyranitar
|switch|p1a: Zoro|Weavile, F|100/100
|-ability|p1a: Zoro|Pressure
|
|-weather|Sandstorm|[upkeep]
|-damage|p1a: Zoro|94/100|[from] Sandstorm
|upkeep
|turn|8
|inactive|quixana has 120 seconds left.
|inactive|quixana has 90 seconds left.
|
|t:|1665227353
|switch|p1a: Jinbei|Seismitoad, F|36/100
|-damage|p1a: Jinbei|29/100|[from] Stealth Rock
|move|p2a: Tyranitar|Stone Edge|p1a: Jinbei|[miss]
|-miss|p2a: Tyranitar|p1a: Jinbei
|
|-weather|Sandstorm|[upkeep]
|-heal|p1a: Jinbei|36/100|[from] item: Leftovers
|upkeep
|turn|9
|
|t:|1665227366
|move|p1a: Jinbei|Scald|p2a: Tyranitar
|-supereffective|p2a: Tyranitar
|-damage|p2a: Tyranitar|59/100
|-status|p2a: Tyranitar|brn
|move|p2a: Tyranitar|Stone Edge|p1a: Jinbei
|-resisted|p1a: Jinbei
|-damage|p1a: Jinbei|14/100
|
|-weather|Sandstorm|[upkeep]
|-heal|p1a: Jinbei|20/100|[from] item: Leftovers
|-damage|p2a: Tyranitar|53/100 brn|[from] brn
|upkeep
|turn|10
|
|t:|1665227374
|move|p1a: Jinbei|Earthquake|p2a: Tyranitar
|-supereffective|p2a: Tyranitar
|-damage|p2a: Tyranitar|4/100 brn
|move|p2a: Tyranitar|Stone Edge|p1a: Jinbei|[miss]
|-miss|p2a: Tyranitar|p1a: Jinbei
|
|-weather|Sandstorm|[upkeep]
|-heal|p1a: Jinbei|26/100|[from] item: Leftovers
|-damage|p2a: Tyranitar|0 fnt|[from] brn
|faint|p2a: Tyranitar
|upkeep
|
|t:|1665227386
|switch|p2a: Landorus|Landorus-Therian, M|39/100
|-ability|p2a: Landorus|Intimidate|boost
|-unboost|p1a: Jinbei|atk|1
|turn|11
|
|t:|1665227407
|switch|p1a: Sanji|Corviknight, M|76/100
|-damage|p1a: Sanji|63/100|[from] Stealth Rock
|-ability|p1a: Sanji|Pressure
|move|p2a: Landorus|Knock Off|p1a: Sanji
|-damage|p1a: Sanji|49/100
|
|-weather|none
|upkeep
|turn|12
|
|t:|1665227414
|move|p2a: Landorus|U-turn|p1a: Sanji
|-resisted|p1a: Sanji
|-damage|p1a: Sanji|46/100
|
|t:|1665227415
|switch|p2a: Volcanion|Volcanion|34/100|[from]move: U-turn
|-damage|p2a: Volcanion|9/100|[from] Stealth Rock
|move|p1a: Sanji|Roost|p1a: Sanji
|-heal|p1a: Sanji|96/100
|-singleturn|p1a: Sanji|move: Roost
|
|upkeep
|turn|13
|
|t:|1665227421
|switch|p1a: Jinbei|Seismitoad, F|26/100
|-damage|p1a: Jinbei|20/100|[from] Stealth Rock
|move|p2a: Volcanion|Flamethrower|p1a: Jinbei
|-resisted|p1a: Jinbei
|-damage|p1a: Jinbei|0 fnt
|faint|p1a: Jinbei
|
|upkeep
|inactive|quixana has 60 seconds left.
|
|t:|1665227449
|switch|p1a: Zoro|Weavile, F|94/100
|-ability|p1a: Zoro|Pressure
|turn|14
|
|t:|1665227453
|move|p1a: Zoro|Knock Off|p2a: Volcanion
|-damage|p2a: Volcanion|0 fnt
|-enditem|p2a: Volcanion|Choice Specs|[from] move: Knock Off|[of] p1a: Zoro
|faint|p2a: Volcanion
|
|upkeep
|
|t:|1665227455
|switch|p2a: Tapu Lele|Tapu Lele|100/100
|-damage|p2a: Tapu Lele|88/100|[from] Stealth Rock
|-fieldstart|move: Psychic Terrain|[from] ability: Psychic Surge|[of] p2a: Tapu Lele
|turn|15
|
|t:|1665227475
|switch|p1a: Sanji|Corviknight, M|96/100
|-damage|p1a: Sanji|83/100|[from] Stealth Rock
|-ability|p1a: Sanji|Pressure
|move|p2a: Tapu Lele|Focus Blast|p1a: Sanji
|-damage|p1a: Sanji|42/100
|
|upkeep
|turn|16
|
|t:|1665227484
|move|p2a: Tapu Lele|Focus Blast|p1a: Sanji
|-damage|p1a: Sanji|0 fnt
|faint|p1a: Sanji
|
|upkeep
|inactive|quixana has 60 seconds left.
|
|t:|1665227501
|switch|p1a: Robin|Tapu Lele|100/100
|-damage|p1a: Robin|88/100|[from] Stealth Rock
|turn|17
|inactive|quixana has 60 seconds left.
|
|t:|1665227512
|switch|p2a: Landorus|Landorus-Therian, M|39/100
|-ability|p2a: Landorus|Intimidate|boost
|-unboost|p1a: Robin|atk|1
|move|p1a: Robin|Moonblast|p2a: Landorus
|-damage|p2a: Landorus|3/100
|
|upkeep
|turn|18
|
|t:|1665227531
|switch|p2a: Celesteela|Celesteela|100/100
|-damage|p2a: Celesteela|88/100|[from] Stealth Rock
|move|p1a: Robin|Moonblast|p2a: Celesteela
|-resisted|p2a: Celesteela
|-damage|p2a: Celesteela|65/100
|-unboost|p2a: Celesteela|spa|1
|
|upkeep
|turn|19
|
|t:|1665227541
|switch|p1a: Franky|Heatran, F|100/100
|-damage|p1a: Franky|88/100|[from] Stealth Rock
|move|p2a: Celesteela|Meteor Beam||[still]
|-prepare|p2a: Celesteela|Meteor Beam
|-boost|p2a: Celesteela|spa|1
|-enditem|p2a: Celesteela|Power Herb
|-anim|p2a: Celesteela|Meteor Beam|p1a: Franky
|-damage|p1a: Franky|64/100
|
|-heal|p1a: Franky|70/100|[from] item: Leftovers
|-fieldend|move: Psychic Terrain
|upkeep
|turn|20
|
|t:|1665227557
|move|p2a: Celesteela|Meteor Beam||[still]
|-prepare|p2a: Celesteela|Meteor Beam
|-boost|p2a: Celesteela|spa|1
|move|p1a: Franky|Magma Storm|p2a: Celesteela
|-supereffective|p2a: Celesteela
|-damage|p2a: Celesteela|0 fnt
|faint|p2a: Celesteela
|
|-heal|p1a: Franky|77/100|[from] item: Leftovers
|upkeep
|
|t:|1665227559
|switch|p2a: Zapdos|Zapdos-Galar|100/100
|-damage|p2a: Zapdos|88/100|[from] Stealth Rock
|turn|21
|j| zReptar
|
|t:|1665227569
|switch|p1a: Usopp|Buzzwole|100/100
|-damage|p1a: Usopp|88/100|[from] Stealth Rock
|move|p2a: Zapdos|Agility|p2a: Zapdos
|-boost|p2a: Zapdos|spe|2
|
|upkeep
|turn|22
|inactive|quixana has 90 seconds left.
|c| zReptar|Interesting team qui
|c| zReptar|Quix
|
|t:|1665227578
|move|p2a: Zapdos|Brave Bird|p1a: Usopp
|-supereffective|p1a: Usopp
|-damage|p1a: Usopp|0 fnt
|faint|p1a: Usopp
|-damage|p2a: Zapdos|57/100|[from] Recoil
|
|upkeep
|inactive|quixana has 90 seconds left.
|inactive|quixana has 60 seconds left.
|inactive|quixana has 30 seconds left.
|inactive|quixana has 20 seconds left.
|inactive|quixana has 15 seconds left.
|inactive|quixana has 10 seconds left.
|j| jonbilbaobi
|
|t:|1665227668
|switch|p1a: Franky|Heatran, F|77/100
|-damage|p1a: Franky|64/100|[from] Stealth Rock
|turn|23
|inactive|quixana has 20 seconds left this turn.
|l| jonbilbaobi
|inactive|quixana has 15 seconds left.
|
|t:|1665227675
|move|p2a: Zapdos|Close Combat|p1a: Franky
|-supereffective|p1a: Franky
|-damage|p1a: Franky|0 fnt
|-unboost|p2a: Zapdos|def|1
|-unboost|p2a: Zapdos|spd|1
|faint|p1a: Franky
|
|upkeep
|inactive|quixana has 20 seconds left this turn.
|
|t:|1665227678
|switch|p1a: Zoro|Weavile, F|94/100
|-ability|p1a: Zoro|Pressure
|turn|24
|inactive|quixana has 30 seconds left this turn.
|inactive|quixana has 20 seconds left.
|
|t:|1665227690
|move|p1a: Zoro|Ice Shard|p2a: Zapdos
|-supereffective|p2a: Zapdos
|-damage|p2a: Zapdos|0 fnt
|faint|p2a: Zapdos
|
|upkeep
|inactive|quixana has 25 seconds left this turn.
|
|t:|1665227698
|switch|p2a: Tapu Lele|Tapu Lele|88/100
|-damage|p2a: Tapu Lele|76/100|[from] Stealth Rock
|-fieldstart|move: Psychic Terrain|[from] ability: Psychic Surge|[of] p2a: Tapu Lele
|turn|25
|inactive|quixana has 30 seconds left.
|
|t:|1665227705
|move|p2a: Tapu Lele|Moonblast|p1a: Zoro
|-supereffective|p1a: Zoro
|-damage|p1a: Zoro|0 fnt
|faint|p1a: Zoro
|
|upkeep
|
|t:|1665227706
|switch|p1a: Robin|Tapu Lele|88/100
|-damage|p1a: Robin|76/100|[from] Stealth Rock
|turn|26
|
|t:|1665227708
|move|p1a: Robin|Moonblast|p2a: Tapu Lele
|-damage|p2a: Tapu Lele|20/100
|-unboost|p2a: Tapu Lele|spa|1
|move|p2a: Tapu Lele|Moonblast|p1a: Robin
|-damage|p1a: Robin|33/100
|-unboost|p1a: Robin|spa|1
|
|upkeep
|turn|27
|
|t:|1665227713
|move|p1a: Robin|Moonblast|p2a: Tapu Lele
|-damage|p2a: Tapu Lele|0 fnt
|faint|p2a: Tapu Lele
|
|upkeep
|
|t:|1665227714
|switch|p2a: Landorus|Landorus-Therian, M|3/100
|-ability|p2a: Landorus|Intimidate|boost
|-unboost|p1a: Robin|atk|1
|turn|28
|
|t:|1665227717
|move|p1a: Robin|Moonblast|p2a: Landorus
|-damage|p2a: Landorus|0 fnt
|faint|p2a: Landorus
|
|win|quixana
|raw|quixana's rating: 1814 &rarr; <strong>1831</strong><br />(+17 for winning)
|raw|precious jimmy's rating: 1761 &rarr; <strong>1744</strong><br />(-17 for losing)
|j| BestChad
|c|☆precious jimmy|lucky freak
|l|☆precious jimmy
