|j|☆EnkiDeOne
|j|☆Chikami
|t:|1637977217
|gametype|singles
|player|p1|EnkiDeOne|266|1652
|player|p2|Chikami|ethan|1754
|teamsize|p1|6
|teamsize|p2|6
|gen|8
|tier|[Gen 8] OU
|rated|
|rule|Sleep Clause Mod: Limit one foe put to sleep
|rule|Species Clause: Limit one of each Pokémon
|rule|OHKO Clause: OHKO moves are banned
|rule|Evasion Moves Clause: Evasion moves are banned
|rule|Endless Battle Clause: Forcing endless battles is banned
|rule|HP Percentage Mod: HP is shown in percentages
|rule|Dynamax Clause: You cannot dynamax
|clearpoke
|poke|p1|Raichu-Alola, M|
|poke|p1|Tapu Koko|
|poke|p1|Clefable, F|
|poke|p1|Ferrothorn, M|
|poke|p1|Landorus-Therian, M|
|poke|p1|Victini|
|poke|p2|Pelipper, M|
|poke|p2|Ferrothorn, F|
|poke|p2|Dragapult, F|
|poke|p2|Bisharp, M|
|poke|p2|Barraskewda, M|
|poke|p2|Scolipede, M|
|teampreview
|inactive|Battle timer is ON: inactive players will automatically lose when time's up. (requested by EnkiDeOne)
|
|t:|1637977234
|start
|switch|p1a: Tapu Koko|Tapu Koko|100/100
|switch|p2a: Pelipper|Pelipper, M|100/100
|-fieldstart|move: Electric Terrain|[from] ability: Electric Surge|[of] p1a: Tapu Koko
|-weather|RainDance|[from] ability: Drizzle|[of] p2a: Pelipper
|turn|1
|
|t:|1637977238
|switch|p2a: Ferrothorn|Ferrothorn, F|100/100
|move|p1a: Tapu Koko|Discharge|p2a: Ferrothorn
|-resisted|p2a: Ferrothorn
|-damage|p2a: Ferrothorn|81/100
|-status|p2a: Ferrothorn|par
|
|-weather|RainDance|[upkeep]
|upkeep
|turn|2
|
|t:|1637977246
|move|p1a: Tapu Koko|U-turn|p2a: Ferrothorn
|-damage|p2a: Ferrothorn|71/100 par
|-damage|p1a: Tapu Koko|88/100|[from] ability: Iron Barbs|[of] p2a: Ferrothorn
|
|t:|1637977248
|switch|p1a: Ferrothorn|Ferrothorn, M|100/100|[from]move: U-turn
|cant|p2a: Ferrothorn|par
|
|-weather|RainDance|[upkeep]
|upkeep
|turn|3
|
|t:|1637977259
|move|p1a: Ferrothorn|Spikes|p2a: Ferrothorn
|-sidestart|p2: Chikami|Spikes
|move|p2a: Ferrothorn|Stealth Rock|p1a: Ferrothorn
|-sidestart|p1: EnkiDeOne|move: Stealth Rock
|
|-weather|RainDance|[upkeep]
|upkeep
|turn|4
|
|t:|1637977265
|move|p1a: Ferrothorn|Iron Defense|p1a: Ferrothorn
|-boost|p1a: Ferrothorn|def|2
|move|p2a: Ferrothorn|Spikes|p1a: Ferrothorn
|-sidestart|p1: EnkiDeOne|Spikes
|
|-weather|RainDance|[upkeep]
|upkeep
|turn|5
|
|t:|1637977272
|move|p1a: Ferrothorn|Spikes|p2a: Ferrothorn
|-sidestart|p2: Chikami|Spikes
|move|p2a: Ferrothorn|Spikes|p1a: Ferrothorn
|-sidestart|p1: EnkiDeOne|Spikes
|
|-weather|RainDance|[upkeep]
|-fieldend|move: Electric Terrain
|upkeep
|turn|6
|
|t:|1637977278
|move|p1a: Ferrothorn|Body Press|p2a: Ferrothorn
|-supereffective|p2a: Ferrothorn
|-enditem|p2a: Ferrothorn|Chople Berry|[eat]
|-enditem|p2a: Ferrothorn|Chople Berry|[weaken]
|-damage|p2a: Ferrothorn|36/100 par
|-damage|p1a: Ferrothorn|88/100|[from] ability: Iron Barbs|[of] p2a: Ferrothorn
|move|p2a: Ferrothorn|Spikes|p1a: Ferrothorn
|-sidestart|p1: EnkiDeOne|Spikes
|
|-weather|RainDance|[upkeep]
|-heal|p1a: Ferrothorn|94/100|[from] item: Leftovers
|upkeep
|turn|7
|
|t:|1637977293
|move|p1a: Ferrothorn|Body Press|p2a: Ferrothorn
|-supereffective|p2a: Ferrothorn
|-damage|p2a: Ferrothorn|0 fnt
|-damage|p1a: Ferrothorn|82/100|[from] ability: Iron Barbs|[of] p2a: Ferrothorn
|faint|p2a: Ferrothorn
|
|-weather|RainDance|[upkeep]
|-heal|p1a: Ferrothorn|88/100|[from] item: Leftovers
|upkeep
|
|t:|1637977298
|switch|p2a: Dragapult|Dragapult, F|100/100
|-damage|p2a: Dragapult|84/100|[from] Spikes
|turn|8
|
|t:|1637977300
|move|p2a: Dragapult|Fire Blast|p1a: Ferrothorn|[miss]
|-miss|p2a: Dragapult|p1a: Ferrothorn
|move|p1a: Ferrothorn|Knock Off|p2a: Dragapult
|-supereffective|p2a: Dragapult
|-damage|p2a: Dragapult|25/100
|-enditem|p2a: Dragapult|Choice Specs|[from] move: Knock Off|[of] p1a: Ferrothorn
|
|-weather|none
|-heal|p1a: Ferrothorn|94/100|[from] item: Leftovers
|upkeep
|turn|9
|
|t:|1637977322
|move|p2a: Dragapult|Fire Blast|p1a: Ferrothorn|[miss]
|-miss|p2a: Dragapult|p1a: Ferrothorn
|move|p1a: Ferrothorn|Knock Off|p2a: Dragapult
|-supereffective|p2a: Dragapult
|-damage|p2a: Dragapult|0 fnt
|faint|p2a: Dragapult
|
|-heal|p1a: Ferrothorn|99/100|[from] item: Leftovers
|upkeep
|
|t:|1637977336
|switch|p2a: Pelipper|Pelipper, M|100/100
|-weather|RainDance|[from] ability: Drizzle|[of] p2a: Pelipper
|turn|10
|
|t:|1637977339
|move|p2a: Pelipper|Hurricane|p1a: Ferrothorn
|-damage|p1a: Ferrothorn|66/100
|-start|p1a: Ferrothorn|confusion
|-activate|p1a: Ferrothorn|confusion
|-damage|p1a: Ferrothorn|63/100|[from] confusion
|
|-weather|RainDance|[upkeep]
|-heal|p1a: Ferrothorn|69/100|[from] item: Leftovers
|upkeep
|turn|11
|
|t:|1637977348
|move|p2a: Pelipper|Hurricane|p1a: Ferrothorn
|-damage|p1a: Ferrothorn|40/100
|-activate|p1a: Ferrothorn|confusion
|move|p1a: Ferrothorn|Knock Off|p2a: Pelipper
|-damage|p2a: Pelipper|85/100
|-enditem|p2a: Pelipper|Damp Rock|[from] move: Knock Off|[of] p1a: Ferrothorn
|
|-weather|RainDance|[upkeep]
|-heal|p1a: Ferrothorn|46/100|[from] item: Leftovers
|upkeep
|turn|12
|
|t:|1637977360
|switch|p1a: Tapu Koko|Tapu Koko|88/100
|-fieldstart|move: Electric Terrain|[from] ability: Electric Surge|[of] p1a: Tapu Koko
|move|p2a: Pelipper|Hurricane|p1a: Tapu Koko
|-resisted|p1a: Tapu Koko
|-damage|p1a: Tapu Koko|60/100
|
|-weather|RainDance|[upkeep]
|upkeep
|turn|13
|
|t:|1637977376
|switch|p2a: Scolipede|Scolipede, M|100/100
|-damage|p2a: Scolipede|84/100|[from] Spikes
|move|p1a: Tapu Koko|Discharge|p2a: Scolipede
|-damage|p2a: Scolipede|0 fnt
|faint|p2a: Scolipede
|
|-weather|RainDance|[upkeep]
|upkeep
|
|t:|1637977379
|switch|p2a: Barraskewda|Barraskewda, M|100/100
|-damage|p2a: Barraskewda|84/100|[from] Spikes
|turn|14
|
|t:|1637977385
|switch|p1a: Landorus|Landorus-Therian, M|100/100
|-damage|p1a: Landorus|88/100|[from] Stealth Rock
|-ability|p1a: Landorus|Intimidate|boost
|-unboost|p2a: Barraskewda|atk|1
|move|p2a: Barraskewda|Liquidation|p1a: Landorus
|-supereffective|p1a: Landorus
|-damage|p1a: Landorus|0 fnt
|faint|p1a: Landorus
|
|-weather|RainDance|[upkeep]
|upkeep
|
|t:|1637977398
|switch|p1a: Ferrothorn|Ferrothorn, M|46/100
|-damage|p1a: Ferrothorn|40/100|[from] Stealth Rock
|-damage|p1a: Ferrothorn|15/100|[from] Spikes
|turn|15
|
|t:|1637977402
|move|p2a: Barraskewda|Liquidation|p1a: Ferrothorn
|-resisted|p1a: Ferrothorn
|-damage|p1a: Ferrothorn|0 fnt
|-damage|p2a: Barraskewda|72/100|[from] ability: Iron Barbs|[of] p1a: Ferrothorn
|faint|p1a: Ferrothorn
|
|-weather|RainDance|[upkeep]
|upkeep
|
|t:|1637977407
|switch|p1a: Clefable|Clefable, F|100/100
|turn|16
|
|t:|1637977411
|switch|p2a: Bisharp|Bisharp, M|100/100
|-damage|p2a: Bisharp|84/100|[from] Spikes
|move|p1a: Clefable|Protect||[still]
|-fail|p1a: Clefable
|
|-weather|RainDance|[upkeep]
|-fieldend|move: Electric Terrain
|upkeep
|turn|17
|
|t:|1637977424
|move|p2a: Bisharp|Knock Off|p1a: Clefable
|-resisted|p1a: Clefable
|-damage|p1a: Clefable|65/100
|-enditem|p1a: Clefable|Leftovers|[from] move: Knock Off|[of] p2a: Bisharp
|move|p1a: Clefable|Teleport|p1a: Clefable
|
|t:|1637977427
|switch|p1a: Tapu Koko|Tapu Koko|60/100|[from]move: Teleport
|-fieldstart|move: Electric Terrain|[from] ability: Electric Surge|[of] p1a: Tapu Koko
|
|-weather|none
|upkeep
|turn|18
|
|t:|1637977434
|switch|p2a: Pelipper|Pelipper, M|85/100
|-weather|RainDance|[from] ability: Drizzle|[of] p2a: Pelipper
|move|p1a: Tapu Koko|Discharge|p2a: Pelipper
|-supereffective|p2a: Pelipper
|-damage|p2a: Pelipper|0 fnt
|faint|p2a: Pelipper
|
|-weather|RainDance|[upkeep]
|upkeep
|
|t:|1637977440
|switch|p2a: Barraskewda|Barraskewda, M|72/100
|-damage|p2a: Barraskewda|56/100|[from] Spikes
|turn|19
|
|t:|1637977451
|switch|p1a: Clefable|Clefable, F|65/100
|move|p2a: Barraskewda|Flip Turn|p1a: Clefable
|-damage|p1a: Clefable|0 fnt
|faint|p1a: Clefable
|
|t:|1637977453
|switch|p2a: Bisharp|Bisharp, M|84/100|[from]move: Flip Turn
|-damage|p2a: Bisharp|67/100|[from] Spikes
|
|-weather|RainDance|[upkeep]
|upkeep
|
|t:|1637977459
|switch|p1a: Victini|Victini|100/100
|turn|20
|
|t:|1637977465
|move|p2a: Bisharp|Sucker Punch||[still]
|-fail|p2a: Bisharp
|move|p1a: Victini|Will-O-Wisp|p2a: Bisharp
|-status|p2a: Bisharp|brn
|
|-weather|RainDance|[upkeep]
|-damage|p2a: Bisharp|61/100 brn|[from] brn
|upkeep
|turn|21
|
|t:|1637977473
|move|p1a: Victini|Bolt Strike|p2a: Bisharp
|-damage|p2a: Bisharp|0 fnt
|faint|p2a: Bisharp
|
|-weather|RainDance|[upkeep]
|-fieldend|move: Electric Terrain
|upkeep
|
|t:|1637977477
|switch|p2a: Barraskewda|Barraskewda, M|56/100
|-damage|p2a: Barraskewda|39/100|[from] Spikes
|turn|22
|
|t:|1637977480
|move|p2a: Barraskewda|Liquidation|p1a: Victini
|-supereffective|p1a: Victini
|-damage|p1a: Victini|0 fnt
|faint|p1a: Victini
|
|-weather|none
|upkeep
|
|t:|1637977484
|switch|p1a: Tapu Koko|Tapu Koko|60/100
|-fieldstart|move: Electric Terrain|[from] ability: Electric Surge|[of] p1a: Tapu Koko
|turn|23
|
|t:|1637977486
|move|p1a: Tapu Koko|Discharge|p2a: Barraskewda
|-supereffective|p2a: Barraskewda
|-crit|p2a: Barraskewda
|-damage|p2a: Barraskewda|0 fnt
|faint|p2a: Barraskewda
|
|win|EnkiDeOne
|raw|EnkiDeOne's rating: 1652 &rarr; <strong>1678</strong><br />(+26 for winning)
|raw|Chikami's rating: 1754 &rarr; <strong>1728</strong><br />(-26 for losing)
|l|☆Chikami
