|j|☆ninjamage13
|j|☆knexhawk2
|t:|1665074634
|gametype|singles
|player|p1|ninjamage13|pokemonranger-gen6xy|1812
|player|p2|knexhawk2|acetrainer-gen4dp|1885
|teamsize|p1|6
|teamsize|p2|6
|gen|8
|tier|[Gen 8] OU
|rated|
|rule|Sleep Clause Mod: Limit one foe put to sleep
|rule|Species Clause: Limit one of each Pokémon
|rule|OHKO Clause: OHKO moves are banned
|rule|Evasion Items Clause: Evasion items are banned
|rule|Evasion Moves Clause: Evasion moves are banned
|rule|Endless Battle Clause: Forcing endless battles is banned
|rule|HP Percentage Mod: HP is shown in percentages
|rule|Dynamax Clause: You cannot dynamax
|clearpoke
|poke|p1|Mamoswine, M|
|poke|p1|Primarina, F|
|poke|p1|Zapdos|
|poke|p1|Victini|
|poke|p1|Ferrothorn, M|
|poke|p1|Latios, M|
|poke|p2|Blissey, F|
|poke|p2|Clefable, M|
|poke|p2|Toxapex, M|
|poke|p2|Slowking-Galar, M|
|poke|p2|Avalugg, M|
|poke|p2|Skarmory, F|
|teampreview
|j| haaduki
|j| rokocoko
|l| rokocoko
|
|t:|1665074652
|start
|switch|p1a: CAPALA|Zapdos|100/100
|switch|p2a: god table|Avalugg, M, shiny|100/100
|turn|1
|
|t:|1665074657
|switch|p2a: volt switch me|Slowking-Galar, M|100/100
|move|p1a: CAPALA|Volt Switch|p2a: volt switch me
|-damage|p2a: volt switch me|88/100
|
|t:|1665074663
|switch|p1a: HORRIBLY RIGHT|Mamoswine, M|100/100|[from]move: Volt Switch
|
|upkeep
|turn|2
|
|t:|1665074669
|switch|p2a: god table|Avalugg, M, shiny|100/100
|move|p1a: HORRIBLY RIGHT|Knock Off|p2a: god table
|-damage|p2a: god table|86/100
|-enditem|p2a: god table|Heavy-Duty Boots|[from] move: Knock Off|[of] p1a: HORRIBLY RIGHT
|
|upkeep
|turn|3
|
|t:|1665074680
|switch|p1a: SEA CHANGE|Primarina, F|100/100
|move|p2a: god table|Body Press|p1a: SEA CHANGE
|-resisted|p1a: SEA CHANGE
|-damage|p1a: SEA CHANGE|78/100
|
|-heal|p1a: SEA CHANGE|85/100|[from] item: Leftovers
|upkeep
|turn|4
|
|t:|1665074685
|switch|p2a: average blob|Blissey, F|100/100
|move|p1a: SEA CHANGE|Scald|p2a: average blob
|-damage|p2a: average blob|89/100
|-status|p2a: average blob|brn
|
|-heal|p1a: SEA CHANGE|91/100|[from] item: Leftovers
|-heal|p2a: average blob|95/100 brn|[from] item: Leftovers
|-damage|p2a: average blob|89/100 brn|[from] brn
|upkeep
|turn|5
|
|t:|1665074690
|switch|p1a: SPINE CURVES|Ferrothorn, M|100/100
|move|p2a: average blob|Stealth Rock|p1a: SPINE CURVES
|-sidestart|p1: ninjamage13|move: Stealth Rock
|
|-heal|p2a: average blob|95/100 brn|[from] item: Leftovers
|-damage|p2a: average blob|89/100 brn|[from] brn
|upkeep
|turn|6
|j| tyguy98
|
|t:|1665074694
|-curestatus|p2a: average blob|brn|[from] ability: Natural Cure
|switch|p2a: god table|Avalugg, M, shiny|86/100
|move|p1a: SPINE CURVES|Stealth Rock|p2a: god table
|-sidestart|p2: knexhawk2|move: Stealth Rock
|
|upkeep
|turn|7
|
|t:|1665074703
|move|p2a: god table|Rapid Spin|p1a: SPINE CURVES
|-resisted|p1a: SPINE CURVES
|-damage|p1a: SPINE CURVES|97/100
|-boost|p2a: god table|spe|1
|-damage|p2a: god table|74/100|[from] ability: Iron Barbs|[of] p1a: SPINE CURVES
|-sideend|p2: knexhawk2|Stealth Rock|[from] move: Rapid Spin|[of] p2a: god table
|move|p1a: SPINE CURVES|Leech Seed|p2a: god table|[miss]
|-miss|p1a: SPINE CURVES|p2a: god table
|
|-heal|p1a: SPINE CURVES|100/100|[from] item: Leftovers
|upkeep
|turn|8
|
|t:|1665074711
|move|p2a: god table|Body Press|p1a: SPINE CURVES
|-supereffective|p1a: SPINE CURVES
|-damage|p1a: SPINE CURVES|55/100
|-damage|p2a: god table|61/100|[from] ability: Iron Barbs|[of] p1a: SPINE CURVES
|move|p1a: SPINE CURVES|Stealth Rock|p2a: god table
|-sidestart|p2: knexhawk2|move: Stealth Rock
|
|-heal|p1a: SPINE CURVES|61/100|[from] item: Leftovers
|upkeep
|turn|9
|
|t:|1665074715
|move|p2a: god table|Body Press|p1a: SPINE CURVES
|-supereffective|p1a: SPINE CURVES
|-damage|p1a: SPINE CURVES|11/100
|-damage|p2a: god table|49/100|[from] ability: Iron Barbs|[of] p1a: SPINE CURVES
|move|p1a: SPINE CURVES|Leech Seed|p2a: god table
|-start|p2a: god table|move: Leech Seed
|
|-heal|p1a: SPINE CURVES|17/100|[from] item: Leftovers
|-damage|p2a: god table|36/100|[from] Leech Seed|[of] p1a: SPINE CURVES
|-heal|p1a: SPINE CURVES|31/100|[silent]
|upkeep
|turn|10
|
|t:|1665074719
|switch|p1a: CAPALA|Zapdos|100/100
|move|p2a: god table|Rapid Spin|p1a: CAPALA
|-damage|p1a: CAPALA|89/100
|-boost|p2a: god table|spe|1
|-end|p2a: god table|Leech Seed|[from] move: Rapid Spin|[of] p2a: god table
|-sideend|p2: knexhawk2|Stealth Rock|[from] move: Rapid Spin|[of] p2a: god table
|
|upkeep
|turn|11
|j| Poplopgop
|
|t:|1665074728
|switch|p2a: volt switch me|Slowking-Galar, M|100/100
|move|p1a: CAPALA|Volt Switch|p2a: volt switch me
|-damage|p2a: volt switch me|88/100
|
|t:|1665074733
|switch|p1a: HORRIBLY RIGHT|Mamoswine, M|100/100|[from]move: Volt Switch
|-damage|p1a: HORRIBLY RIGHT|88/100|[from] Stealth Rock
|
|upkeep
|turn|12
|
|t:|1665074737
|switch|p2a: spike bird|Skarmory, F, shiny|100/100
|move|p1a: HORRIBLY RIGHT|Knock Off|p2a: spike bird
|-damage|p2a: spike bird|80/100
|-enditem|p2a: spike bird|Leftovers|[from] move: Knock Off|[of] p1a: HORRIBLY RIGHT
|
|upkeep
|turn|13
|
|t:|1665074746
|switch|p1a: HOT THOUGHTS|Victini|100/100
|move|p2a: spike bird|Spikes|p1a: HOT THOUGHTS
|-sidestart|p1: ninjamage13|Spikes
|
|upkeep
|turn|14
|
|t:|1665074755
|switch|p2a: sexy|Toxapex, M, shiny|100/100
|move|p1a: HOT THOUGHTS|Bolt Strike|p2a: sexy
|-supereffective|p2a: sexy
|-damage|p2a: sexy|55/100
|
|upkeep
|turn|15
|
|t:|1665074763
|move|p1a: HOT THOUGHTS|Bolt Strike|p2a: sexy
|-supereffective|p2a: sexy
|-damage|p2a: sexy|6/100
|move|p2a: sexy|Knock Off|p1a: HOT THOUGHTS
|-supereffective|p1a: HOT THOUGHTS
|-damage|p1a: HOT THOUGHTS|68/100
|-enditem|p1a: HOT THOUGHTS|Heavy-Duty Boots|[from] move: Knock Off|[of] p2a: sexy
|
|upkeep
|turn|16
|
|t:|1665074774
|switch|p2a: another pink blob|Clefable, M|100/100
|move|p1a: HOT THOUGHTS|V-create|p2a: another pink blob
|-damage|p2a: another pink blob|40/100
|-unboost|p1a: HOT THOUGHTS|spe|1
|-unboost|p1a: HOT THOUGHTS|def|1
|-unboost|p1a: HOT THOUGHTS|spd|1
|
|-heal|p2a: another pink blob|46/100|[from] item: Leftovers
|upkeep
|turn|17
|j| rokocoko
|
|t:|1665074781
|switch|p2a: volt switch me|Slowking-Galar, M|100/100
|move|p1a: HOT THOUGHTS|U-turn|p2a: volt switch me
|-damage|p2a: volt switch me|78/100
|
|t:|1665074786
|switch|p1a: CAPALA|Zapdos|89/100|[from]move: U-turn
|
|upkeep
|turn|18
|
|t:|1665074789
|move|p1a: CAPALA|Defog|p2a: volt switch me
|-unboost|p2a: volt switch me|evasion|1
|-sideend|p1: ninjamage13|Spikes|[from] move: Defog|[of] p1a: CAPALA
|-sideend|p1: ninjamage13|Stealth Rock|[from] move: Defog|[of] p1a: CAPALA
|move|p2a: volt switch me|Sludge Bomb|p1a: CAPALA
|-damage|p1a: CAPALA|55/100
|
|upkeep
|turn|19
|j| miami monfernos
|
|t:|1665074794
|move|p1a: CAPALA|Volt Switch|p2a: volt switch me
|-damage|p2a: volt switch me|65/100
|
|t:|1665074802
|switch|p1a: TESSELATE|Latios, M|100/100|[from]move: Volt Switch
|move|p2a: volt switch me|Sludge Bomb|p1a: TESSELATE
|-damage|p1a: TESSELATE|66/100
|
|upkeep
|turn|20
|
|t:|1665074810
|switch|p2a: spike bird|Skarmory, F, shiny|80/100
|move|p1a: TESSELATE|Trick|p2a: spike bird
|-activate|p1a: TESSELATE|move: Trick|[of] p2a: spike bird
|-item|p2a: spike bird|Choice Scarf|[from] move: Trick
|-enditem|p1a: TESSELATE|Choice Scarf|[silent]|[from] move: Trick
|
|upkeep
|turn|21
|j| lolka8971
|
|t:|1665074821
|switch|p2a: average blob|Blissey, F|89/100
|move|p1a: TESSELATE|Draco Meteor|p2a: average blob
|-damage|p2a: average blob|65/100
|-unboost|p1a: TESSELATE|spa|2
|
|-heal|p2a: average blob|71/100|[from] item: Leftovers
|upkeep
|turn|22
|
|t:|1665074850
|move|p1a: TESSELATE|Trick|p2a: average blob
|-activate|p1a: TESSELATE|move: Trick|[of] p2a: average blob
|-enditem|p2a: average blob|Leftovers|[silent]|[from] move: Trick
|-item|p1a: TESSELATE|Leftovers|[from] move: Trick
|move|p2a: average blob|Toxic|p1a: TESSELATE|[miss]
|-miss|p2a: average blob|p1a: TESSELATE
|
|-heal|p1a: TESSELATE|72/100|[from] item: Leftovers
|upkeep
|turn|23
|
|t:|1665074872
|switch|p1a: HORRIBLY RIGHT|Mamoswine, M|88/100
|move|p2a: average blob|Toxic|p1a: HORRIBLY RIGHT
|-status|p1a: HORRIBLY RIGHT|tox
|
|-damage|p1a: HORRIBLY RIGHT|82/100 tox|[from] psn
|upkeep
|turn|24
|
|t:|1665074879
|switch|p2a: spike bird|Skarmory, F, shiny|80/100
|move|p1a: HORRIBLY RIGHT|Icicle Crash|p2a: spike bird
|-damage|p2a: spike bird|54/100
|
|-damage|p1a: HORRIBLY RIGHT|70/100 tox|[from] psn
|upkeep
|turn|25
|
|t:|1665074882
|switch|p1a: HOT THOUGHTS|Victini|68/100
|move|p2a: spike bird|Roost|p2a: spike bird
|-heal|p2a: spike bird|100/100
|-singleturn|p2a: spike bird|move: Roost
|
|upkeep
|turn|26
|c| Poplopgop|Nooo mamo was good here
|j| zzxxy
|l| zzxxy
|
|t:|1665074900
|move|p1a: HOT THOUGHTS|Bolt Strike|p2a: spike bird
|-supereffective|p2a: spike bird
|-damage|p2a: spike bird|57/100
|move|p2a: spike bird|Roost|p2a: spike bird
|-heal|p2a: spike bird|100/100
|-singleturn|p2a: spike bird|move: Roost
|
|upkeep
|turn|27
|
|t:|1665074912
|switch|p2a: volt switch me|Slowking-Galar, M|99/100
|move|p1a: HOT THOUGHTS|Bolt Strike|p2a: volt switch me
|-damage|p2a: volt switch me|59/100
|
|upkeep
|turn|28
|
|t:|1665074917
|switch|p2a: sexy|Toxapex, M, shiny|39/100
|move|p1a: HOT THOUGHTS|V-create|p2a: sexy
|-resisted|p2a: sexy
|-damage|p2a: sexy|13/100
|-unboost|p1a: HOT THOUGHTS|spe|1
|-unboost|p1a: HOT THOUGHTS|def|1
|-unboost|p1a: HOT THOUGHTS|spd|1
|
|upkeep
|turn|29
|c|☆knexhawk2|i dont like how good victini is against me
|
|t:|1665074929
|switch|p2a: volt switch me|Slowking-Galar, M|92/100
|move|p1a: HOT THOUGHTS|U-turn|p2a: volt switch me
|-damage|p2a: volt switch me|71/100
|
|t:|1665074937
|switch|p1a: SPINE CURVES|Ferrothorn, M|31/100|[from]move: U-turn
|
|-heal|p1a: SPINE CURVES|37/100|[from] item: Leftovers
|upkeep
|turn|30
|
|t:|1665074943
|switch|p1a: CAPALA|Zapdos|55/100
|move|p2a: volt switch me|Flamethrower|p1a: CAPALA
|-damage|p1a: CAPALA|32/100
|
|upkeep
|turn|31
|
|t:|1665074947
|switch|p2a: average blob|Blissey, F|71/100
|move|p1a: CAPALA|Roost|p1a: CAPALA
|-heal|p1a: CAPALA|82/100
|-singleturn|p1a: CAPALA|move: Roost
|
|upkeep
|turn|32
|
|t:|1665074952
|move|p1a: CAPALA|Volt Switch|p2a: average blob
|-damage|p2a: average blob|60/100
|
|t:|1665074955
|switch|p1a: SPINE CURVES|Ferrothorn, M|37/100|[from]move: Volt Switch
|move|p2a: average blob|Stealth Rock|p1a: SPINE CURVES
|-sidestart|p1: ninjamage13|move: Stealth Rock
|
|-heal|p1a: SPINE CURVES|43/100|[from] item: Leftovers
|upkeep
|turn|33
|
|t:|1665074960
|switch|p2a: god table|Avalugg, M, shiny|36/100
|move|p1a: SPINE CURVES|Stealth Rock|p2a: god table
|-sidestart|p2: knexhawk2|move: Stealth Rock
|
|-heal|p1a: SPINE CURVES|49/100|[from] item: Leftovers
|upkeep
|turn|34
|
|t:|1665074964
|switch|p1a: CAPALA|Zapdos|82/100
|move|p2a: god table|Recover|p2a: god table
|-heal|p2a: god table|86/100
|
|upkeep
|turn|35
|
|t:|1665074974
|switch|p2a: volt switch me|Slowking-Galar, M|100/100
|-damage|p2a: volt switch me|88/100|[from] Stealth Rock
|move|p1a: CAPALA|Volt Switch|p2a: volt switch me
|-damage|p2a: volt switch me|76/100
|
|t:|1665074980
|switch|p1a: HOT THOUGHTS|Victini|68/100|[from]move: Volt Switch
|-damage|p1a: HOT THOUGHTS|43/100|[from] Stealth Rock
|
|upkeep
|turn|36
|
|t:|1665074989
|switch|p2a: another pink blob|Clefable, M|46/100
|-damage|p2a: another pink blob|34/100|[from] Stealth Rock
|move|p1a: HOT THOUGHTS|Bolt Strike|p2a: another pink blob
|-damage|p2a: another pink blob|4/100
|-status|p2a: another pink blob|par
|
|-heal|p2a: another pink blob|10/100 par|[from] item: Leftovers
|upkeep
|turn|37
|
|t:|1665074998
|move|p1a: HOT THOUGHTS|U-turn|p2a: another pink blob
|-resisted|p2a: another pink blob
|-damage|p2a: another pink blob|2/100 par
|j| Iphone312
|
|t:|1665075001
|switch|p1a: CAPALA|Zapdos|82/100|[from]move: U-turn
|cant|p2a: another pink blob|par
|
|-heal|p2a: another pink blob|8/100 par|[from] item: Leftovers
|upkeep
|turn|38
|
|t:|1665075005
|switch|p2a: volt switch me|Slowking-Galar, M|100/100
|-damage|p2a: volt switch me|88/100|[from] Stealth Rock
|move|p1a: CAPALA|Volt Switch|p2a: volt switch me
|-damage|p2a: volt switch me|76/100
|
|t:|1665075010
|switch|p1a: HORRIBLY RIGHT|Mamoswine, M|70/100 tox|[from]move: Volt Switch
|-damage|p1a: HORRIBLY RIGHT|57/100 tox|[from] Stealth Rock
|
|-damage|p1a: HORRIBLY RIGHT|51/100 tox|[from] psn
|upkeep
|turn|39
|
|t:|1665075027
|switch|p2a: spike bird|Skarmory, F, shiny|100/100
|-damage|p2a: spike bird|88/100|[from] Stealth Rock
|move|p1a: HORRIBLY RIGHT|Icicle Crash|p2a: spike bird
|-damage|p2a: spike bird|61/100
|
|-damage|p1a: HORRIBLY RIGHT|39/100 tox|[from] psn
|upkeep
|turn|40
|
|t:|1665075031
|switch|p1a: CAPALA|Zapdos|82/100
|move|p2a: spike bird|Roost|p2a: spike bird
|-heal|p2a: spike bird|100/100
|-singleturn|p2a: spike bird|move: Roost
|
|upkeep
|turn|41
|
|t:|1665075034
|switch|p2a: volt switch me|Slowking-Galar, M|100/100
|-damage|p2a: volt switch me|88/100|[from] Stealth Rock
|move|p1a: CAPALA|Defog|p2a: volt switch me
|-unboost|p2a: volt switch me|evasion|1
|-sideend|p2: knexhawk2|Stealth Rock|[from] move: Defog|[of] p1a: CAPALA
|-sideend|p1: ninjamage13|Stealth Rock|[from] move: Defog|[of] p1a: CAPALA
|
|upkeep
|turn|42
|
|t:|1665075044
|move|p1a: CAPALA|Volt Switch|p2a: volt switch me
|-crit|p2a: volt switch me
|-damage|p2a: volt switch me|70/100
|
|t:|1665075048
|switch|p1a: TESSELATE|Latios, M|72/100|[from]move: Volt Switch
|move|p2a: volt switch me|Sludge Bomb|p1a: TESSELATE
|-damage|p1a: TESSELATE|35/100
|
|-heal|p1a: TESSELATE|41/100|[from] item: Leftovers
|upkeep
|turn|43
|l| haaduki
|
|t:|1665075057
|move|p1a: TESSELATE|Psychic|p2a: volt switch me
|-damage|p2a: volt switch me|52/100
|move|p2a: volt switch me|Sludge Bomb|p1a: TESSELATE
|-damage|p1a: TESSELATE|8/100
|
|-heal|p1a: TESSELATE|14/100|[from] item: Leftovers
|upkeep
|turn|44
|
|t:|1665075063
|switch|p2a: average blob|Blissey, F|60/100
|move|p1a: TESSELATE|Trick|p2a: average blob
|-activate|p1a: TESSELATE|move: Trick|[of] p2a: average blob
|-item|p2a: average blob|Leftovers|[from] move: Trick
|-enditem|p1a: TESSELATE|Leftovers|[silent]|[from] move: Trick
|
|-heal|p2a: average blob|66/100|[from] item: Leftovers
|upkeep
|turn|45
|c|☆ninjamage13|fuck
|c|☆ninjamage13|i threw so hard by letting mamo get poisoned lmao
|c|☆knexhawk2|i mean does taking my av really help u
|c|☆ninjamage13|yes
|c| Poplopgop|Yes
|c|☆knexhawk2|how
|c|☆knexhawk2|leftovers  do about the same for me
|c| Poplopgop|I was saying yes to the mamo
|
|t:|1665075109
|switch|p1a: HOT THOUGHTS|Victini|43/100
|move|p2a: average blob|Stealth Rock|p1a: HOT THOUGHTS
|-sidestart|p1: ninjamage13|move: Stealth Rock
|
|-heal|p2a: average blob|72/100|[from] item: Leftovers
|upkeep
|turn|46
|c|☆knexhawk2|the victini is ur wincon
|c|☆knexhawk2|still is
|
|t:|1665075124
|switch|p2a: another pink blob|Clefable, M|8/100 par
|move|p1a: HOT THOUGHTS|V-create|p2a: another pink blob
|-damage|p2a: another pink blob|0 fnt
|-unboost|p1a: HOT THOUGHTS|spe|1
|-unboost|p1a: HOT THOUGHTS|def|1
|-unboost|p1a: HOT THOUGHTS|spd|1
|faint|p2a: another pink blob
|
|upkeep
|
|t:|1665075129
|switch|p2a: sexy|Toxapex, M, shiny|47/100
|turn|47
|
|t:|1665075134
|switch|p2a: volt switch me|Slowking-Galar, M|85/100
|move|p1a: HOT THOUGHTS|U-turn|p2a: volt switch me
|-damage|p2a: volt switch me|65/100
|
|t:|1665075139
|switch|p1a: CAPALA|Zapdos|82/100|[from]move: U-turn
|
|upkeep
|turn|48
|c|☆knexhawk2|biggest choke was letting me knock that i think
|
|t:|1665075151
|switch|p2a: average blob|Blissey, F|72/100
|move|p1a: CAPALA|Defog|p2a: average blob
|-unboost|p2a: average blob|evasion|1
|-sideend|p1: ninjamage13|Stealth Rock|[from] move: Defog|[of] p1a: CAPALA
|
|-heal|p2a: average blob|78/100|[from] item: Leftovers
|upkeep
|turn|49
|
|t:|1665075157
|move|p1a: CAPALA|Volt Switch|p2a: average blob
|-damage|p2a: average blob|68/100
|
|t:|1665075161
|switch|p1a: SEA CHANGE|Primarina, F|91/100|[from]move: Volt Switch
|move|p2a: average blob|Seismic Toss|p1a: SEA CHANGE
|-damage|p1a: SEA CHANGE|63/100
|
|-heal|p1a: SEA CHANGE|69/100|[from] item: Leftovers
|-heal|p2a: average blob|74/100|[from] item: Leftovers
|upkeep
|turn|50
|
|t:|1665075169
|switch|p1a: SPINE CURVES|Ferrothorn, M|49/100
|move|p2a: average blob|Stealth Rock|p1a: SPINE CURVES
|-sidestart|p1: ninjamage13|move: Stealth Rock
|
|-heal|p2a: average blob|80/100|[from] item: Leftovers
|-heal|p1a: SPINE CURVES|55/100|[from] item: Leftovers
|upkeep
|turn|51
|
|t:|1665075175
|switch|p2a: god table|Avalugg, M, shiny|86/100
|move|p1a: SPINE CURVES|Leech Seed|p2a: god table
|-start|p2a: god table|move: Leech Seed
|
|-heal|p1a: SPINE CURVES|61/100|[from] item: Leftovers
|-damage|p2a: god table|74/100|[from] Leech Seed|[of] p1a: SPINE CURVES
|-heal|p1a: SPINE CURVES|75/100|[silent]
|upkeep
|turn|52
|
|t:|1665075182
|move|p2a: god table|Body Press|p1a: SPINE CURVES
|-supereffective|p1a: SPINE CURVES
|-damage|p1a: SPINE CURVES|29/100
|-damage|p2a: god table|61/100|[from] ability: Iron Barbs|[of] p1a: SPINE CURVES
|move|p1a: SPINE CURVES|Stealth Rock|p2a: god table
|-sidestart|p2: knexhawk2|move: Stealth Rock
|
|-heal|p1a: SPINE CURVES|35/100|[from] item: Leftovers
|-damage|p2a: god table|49/100|[from] Leech Seed|[of] p1a: SPINE CURVES
|-heal|p1a: SPINE CURVES|49/100|[silent]
|upkeep
|turn|53
|c| Poplopgop|Lmfaooo god table
|j| Whiteout 75
|
|t:|1665075194
|move|p2a: god table|Rapid Spin|p1a: SPINE CURVES
|-resisted|p1a: SPINE CURVES
|-damage|p1a: SPINE CURVES|46/100
|-boost|p2a: god table|spe|1
|-damage|p2a: god table|37/100|[from] ability: Iron Barbs|[of] p1a: SPINE CURVES
|-end|p2a: god table|Leech Seed|[from] move: Rapid Spin|[of] p2a: god table
|-sideend|p2: knexhawk2|Stealth Rock|[from] move: Rapid Spin|[of] p2a: god table
|move|p1a: SPINE CURVES|Body Press|p2a: god table
|-supereffective|p2a: god table
|-damage|p2a: god table|11/100
|
|-heal|p1a: SPINE CURVES|51/100|[from] item: Leftovers
|upkeep
|turn|54
|
|t:|1665075205
|move|p2a: god table|Recover|p2a: god table
|-heal|p2a: god table|61/100
|move|p1a: SPINE CURVES|Leech Seed|p2a: god table
|-start|p2a: god table|move: Leech Seed
|
|-heal|p1a: SPINE CURVES|57/100|[from] item: Leftovers
|-damage|p2a: god table|49/100|[from] Leech Seed|[of] p1a: SPINE CURVES
|-heal|p1a: SPINE CURVES|71/100|[silent]
|upkeep
|turn|55
|c|☆knexhawk2|its so fucking far
|c|☆knexhawk2|fat
|c|☆knexhawk2|i love the table
|
|t:|1665075220
|move|p2a: god table|Recover|p2a: god table
|-heal|p2a: god table|99/100
|move|p1a: SPINE CURVES|Stealth Rock|p2a: god table
|-sidestart|p2: knexhawk2|move: Stealth Rock
|
|-heal|p1a: SPINE CURVES|77/100|[from] item: Leftovers
|-damage|p2a: god table|86/100|[from] Leech Seed|[of] p1a: SPINE CURVES
|-heal|p1a: SPINE CURVES|91/100|[silent]
|upkeep
|turn|56
|
|t:|1665075224
|move|p2a: god table|Rapid Spin|p1a: SPINE CURVES
|-resisted|p1a: SPINE CURVES
|-damage|p1a: SPINE CURVES|87/100
|-boost|p2a: god table|spe|1
|-damage|p2a: god table|74/100|[from] ability: Iron Barbs|[of] p1a: SPINE CURVES
|-end|p2a: god table|Leech Seed|[from] move: Rapid Spin|[of] p2a: god table
|-sideend|p2: knexhawk2|Stealth Rock|[from] move: Rapid Spin|[of] p2a: god table
|move|p1a: SPINE CURVES|Leech Seed|p2a: god table
|-start|p2a: god table|move: Leech Seed
|
|-heal|p1a: SPINE CURVES|93/100|[from] item: Leftovers
|-damage|p2a: god table|61/100|[from] Leech Seed|[of] p1a: SPINE CURVES
|-heal|p1a: SPINE CURVES|100/100|[silent]
|upkeep
|turn|57
|
|t:|1665075230
|move|p2a: god table|Body Press|p1a: SPINE CURVES
|-supereffective|p1a: SPINE CURVES
|-damage|p1a: SPINE CURVES|53/100
|-damage|p2a: god table|49/100|[from] ability: Iron Barbs|[of] p1a: SPINE CURVES
|move|p1a: SPINE CURVES|Stealth Rock|p2a: god table
|-sidestart|p2: knexhawk2|move: Stealth Rock
|
|-heal|p1a: SPINE CURVES|59/100|[from] item: Leftovers
|-damage|p2a: god table|37/100|[from] Leech Seed|[of] p1a: SPINE CURVES
|-heal|p1a: SPINE CURVES|73/100|[silent]
|upkeep
|turn|58
|
|t:|1665075240
|move|p2a: god table|Recover|p2a: god table
|-heal|p2a: god table|87/100
|move|p1a: SPINE CURVES|Body Press|p2a: god table
|-supereffective|p2a: god table
|-damage|p2a: god table|64/100
|
|-heal|p1a: SPINE CURVES|79/100|[from] item: Leftovers
|-damage|p2a: god table|51/100|[from] Leech Seed|[of] p1a: SPINE CURVES
|-heal|p1a: SPINE CURVES|93/100|[silent]
|upkeep
|turn|59
|
|t:|1665075249
|move|p2a: god table|Rapid Spin|p1a: SPINE CURVES
|-resisted|p1a: SPINE CURVES
|-damage|p1a: SPINE CURVES|89/100
|-boost|p2a: god table|spe|1
|-damage|p2a: god table|39/100|[from] ability: Iron Barbs|[of] p1a: SPINE CURVES
|-end|p2a: god table|Leech Seed|[from] move: Rapid Spin|[of] p2a: god table
|-sideend|p2: knexhawk2|Stealth Rock|[from] move: Rapid Spin|[of] p2a: god table
|move|p1a: SPINE CURVES|Body Press|p2a: god table
|-supereffective|p2a: god table
|-damage|p2a: god table|12/100
|
|-heal|p1a: SPINE CURVES|95/100|[from] item: Leftovers
|upkeep
|turn|60
|
|t:|1665075254
|move|p2a: god table|Recover|p2a: god table
|-heal|p2a: god table|62/100
|move|p1a: SPINE CURVES|Leech Seed|p2a: god table
|-start|p2a: god table|move: Leech Seed
|
|-heal|p1a: SPINE CURVES|100/100|[from] item: Leftovers
|-damage|p2a: god table|49/100|[from] Leech Seed|[of] p1a: SPINE CURVES
|upkeep
|turn|61
|
|t:|1665075257
|move|p2a: god table|Recover|p2a: god table
|-heal|p2a: god table|99/100
|move|p1a: SPINE CURVES|Stealth Rock|p2a: god table
|-sidestart|p2: knexhawk2|move: Stealth Rock
|
|-damage|p2a: god table|87/100|[from] Leech Seed|[of] p1a: SPINE CURVES
|upkeep
|turn|62
|
|t:|1665075268
|move|p2a: god table|Rapid Spin|p1a: SPINE CURVES
|-resisted|p1a: SPINE CURVES
|-damage|p1a: SPINE CURVES|97/100
|-boost|p2a: god table|spe|1
|-damage|p2a: god table|75/100|[from] ability: Iron Barbs|[of] p1a: SPINE CURVES
|-end|p2a: god table|Leech Seed|[from] move: Rapid Spin|[of] p2a: god table
|-sideend|p2: knexhawk2|Stealth Rock|[from] move: Rapid Spin|[of] p2a: god table
|move|p1a: SPINE CURVES|Leech Seed|p2a: god table
|-start|p2a: god table|move: Leech Seed
|
|-heal|p1a: SPINE CURVES|100/100|[from] item: Leftovers
|-damage|p2a: god table|62/100|[from] Leech Seed|[of] p1a: SPINE CURVES
|upkeep
|turn|63
|
|t:|1665075283
|move|p2a: god table|Rapid Spin|p1a: SPINE CURVES
|-resisted|p1a: SPINE CURVES
|-damage|p1a: SPINE CURVES|97/100
|-boost|p2a: god table|spe|1
|-damage|p2a: god table|50/100|[from] ability: Iron Barbs|[of] p1a: SPINE CURVES
|-end|p2a: god table|Leech Seed|[from] move: Rapid Spin|[of] p2a: god table
|move|p1a: SPINE CURVES|Stealth Rock|p2a: god table
|-sidestart|p2: knexhawk2|move: Stealth Rock
|
|-heal|p1a: SPINE CURVES|100/100|[from] item: Leftovers
|upkeep
|turn|64
|
|t:|1665075289
|move|p2a: god table|Recover|p2a: god table
|-heal|p2a: god table|99/100
|move|p1a: SPINE CURVES|Leech Seed|p2a: god table
|-start|p2a: god table|move: Leech Seed
|
|-damage|p2a: god table|87/100|[from] Leech Seed|[of] p1a: SPINE CURVES
|upkeep
|turn|65
|
|t:|1665075294
|move|p2a: god table|Rapid Spin|p1a: SPINE CURVES
|-resisted|p1a: SPINE CURVES
|-damage|p1a: SPINE CURVES|97/100
|-boost|p2a: god table|spe|1
|-damage|p2a: god table|75/100|[from] ability: Iron Barbs|[of] p1a: SPINE CURVES
|-end|p2a: god table|Leech Seed|[from] move: Rapid Spin|[of] p2a: god table
|-sideend|p2: knexhawk2|Stealth Rock|[from] move: Rapid Spin|[of] p2a: god table
|move|p1a: SPINE CURVES|Body Press|p2a: god table
|-supereffective|p2a: god table
|-crit|p2a: god table
|-damage|p2a: god table|37/100
|
|-heal|p1a: SPINE CURVES|100/100|[from] item: Leftovers
|upkeep
|turn|66
|c|☆knexhawk2|once ur ferro dies
|c|☆knexhawk2|im sweeping
|
|t:|1665075300
|move|p2a: god table|Recover|p2a: god table
|-heal|p2a: god table|87/100
|move|p1a: SPINE CURVES|Leech Seed|p2a: god table
|-start|p2a: god table|move: Leech Seed
|
|-damage|p2a: god table|75/100|[from] Leech Seed|[of] p1a: SPINE CURVES
|upkeep
|turn|67
|
|t:|1665075307
|move|p2a: god table|Body Press|p1a: SPINE CURVES
|-supereffective|p1a: SPINE CURVES
|-damage|p1a: SPINE CURVES|50/100
|-damage|p2a: god table|62/100|[from] ability: Iron Barbs|[of] p1a: SPINE CURVES
|move|p1a: SPINE CURVES|Stealth Rock|p2a: god table
|-sidestart|p2: knexhawk2|move: Stealth Rock
|
|-heal|p1a: SPINE CURVES|56/100|[from] item: Leftovers
|-damage|p2a: god table|50/100|[from] Leech Seed|[of] p1a: SPINE CURVES
|-heal|p1a: SPINE CURVES|70/100|[silent]
|upkeep
|turn|68
|
|t:|1665075314
|move|p2a: god table|Rapid Spin|p1a: SPINE CURVES
|-resisted|p1a: SPINE CURVES
|-damage|p1a: SPINE CURVES|67/100
|-damage|p2a: god table|38/100|[from] ability: Iron Barbs|[of] p1a: SPINE CURVES
|-end|p2a: god table|Leech Seed|[from] move: Rapid Spin|[of] p2a: god table
|-sideend|p2: knexhawk2|Stealth Rock|[from] move: Rapid Spin|[of] p2a: god table
|move|p1a: SPINE CURVES|Body Press|p2a: god table
|-supereffective|p2a: god table
|-damage|p2a: god table|13/100
|
|-heal|p1a: SPINE CURVES|73/100|[from] item: Leftovers
|upkeep
|turn|69
|c|☆knexhawk2|368 speed lol
|j| zgiata 创世神
|
|t:|1665075323
|move|p2a: god table|Recover|p2a: god table
|-heal|p2a: god table|63/100
|move|p1a: SPINE CURVES|Leech Seed|p2a: god table
|-start|p2a: god table|move: Leech Seed
|
|-heal|p1a: SPINE CURVES|79/100|[from] item: Leftovers
|-damage|p2a: god table|50/100|[from] Leech Seed|[of] p1a: SPINE CURVES
|-heal|p1a: SPINE CURVES|93/100|[silent]
|upkeep
|turn|70
|
|t:|1665075329
|move|p2a: god table|Recover|p2a: god table
|-heal|p2a: god table|99/100
|move|p1a: SPINE CURVES|Stealth Rock|p2a: god table
|-sidestart|p2: knexhawk2|move: Stealth Rock
|
|-heal|p1a: SPINE CURVES|99/100|[from] item: Leftovers
|-damage|p2a: god table|88/100|[from] Leech Seed|[of] p1a: SPINE CURVES
|-heal|p1a: SPINE CURVES|100/100|[silent]
|upkeep
|turn|71
|
|t:|1665075333
|move|p2a: god table|Rapid Spin|p1a: SPINE CURVES
|-resisted|p1a: SPINE CURVES
|-damage|p1a: SPINE CURVES|97/100
|-damage|p2a: god table|75/100|[from] ability: Iron Barbs|[of] p1a: SPINE CURVES
|-end|p2a: god table|Leech Seed|[from] move: Rapid Spin|[of] p2a: god table
|-sideend|p2: knexhawk2|Stealth Rock|[from] move: Rapid Spin|[of] p2a: god table
|move|p1a: SPINE CURVES|Leech Seed|p2a: god table
|-start|p2a: god table|move: Leech Seed
|
|-heal|p1a: SPINE CURVES|100/100|[from] item: Leftovers
|-damage|p2a: god table|63/100|[from] Leech Seed|[of] p1a: SPINE CURVES
|upkeep
|turn|72
|
|t:|1665075342
|move|p2a: god table|Rapid Spin|p1a: SPINE CURVES
|-resisted|p1a: SPINE CURVES
|-damage|p1a: SPINE CURVES|97/100
|-damage|p2a: god table|50/100|[from] ability: Iron Barbs|[of] p1a: SPINE CURVES
|-end|p2a: god table|Leech Seed|[from] move: Rapid Spin|[of] p2a: god table
|move|p1a: SPINE CURVES|Stealth Rock|p2a: god table
|-sidestart|p2: knexhawk2|move: Stealth Rock
|
|-heal|p1a: SPINE CURVES|100/100|[from] item: Leftovers
|upkeep
|turn|73
|
|t:|1665075347
|move|p2a: god table|Recover|p2a: god table
|-heal|p2a: god table|100/100
|move|p1a: SPINE CURVES|Leech Seed|p2a: god table
|-start|p2a: god table|move: Leech Seed
|
|-damage|p2a: god table|88/100|[from] Leech Seed|[of] p1a: SPINE CURVES
|upkeep
|turn|74
|
|t:|1665075352
|switch|p1a: SEA CHANGE|Primarina, F|69/100
|-damage|p1a: SEA CHANGE|57/100|[from] Stealth Rock
|move|p2a: god table|Rapid Spin|p1a: SEA CHANGE
|-damage|p1a: SEA CHANGE|42/100
|-end|p2a: god table|Leech Seed|[from] move: Rapid Spin|[of] p2a: god table
|-sideend|p2: knexhawk2|Stealth Rock|[from] move: Rapid Spin|[of] p2a: god table
|
|-heal|p1a: SEA CHANGE|48/100|[from] item: Leftovers
|upkeep
|turn|75
|
|t:|1665075361
|switch|p2a: average blob|Blissey, F|80/100
|move|p1a: SEA CHANGE|Scald|p2a: average blob
|-damage|p2a: average blob|68/100
|-status|p2a: average blob|brn
|
|-heal|p1a: SEA CHANGE|54/100|[from] item: Leftovers
|-heal|p2a: average blob|74/100 brn|[from] item: Leftovers
|-damage|p2a: average blob|68/100 brn|[from] brn
|upkeep
|turn|76
|
|t:|1665075369
|switch|p1a: CAPALA|Zapdos|82/100
|-curestatus|p2a: average blob|brn|[from] ability: Natural Cure
|switch|p2a: volt switch me|Slowking-Galar, M|98/100
|
|upkeep
|turn|77
|
|t:|1665075375
|move|p1a: CAPALA|Defog|p2a: volt switch me
|-unboost|p2a: volt switch me|evasion|1
|-sideend|p1: ninjamage13|Stealth Rock|[from] move: Defog|[of] p1a: CAPALA
|move|p2a: volt switch me|Sludge Bomb|p1a: CAPALA
|-damage|p1a: CAPALA|51/100
|-status|p1a: CAPALA|psn
|
|-damage|p1a: CAPALA|38/100 psn|[from] psn
|upkeep
|turn|78
|
|t:|1665075380
|move|p1a: CAPALA|Roost|p1a: CAPALA
|-heal|p1a: CAPALA|88/100 psn
|-singleturn|p1a: CAPALA|move: Roost
|move|p2a: volt switch me|Sludge Bomb|p1a: CAPALA
|-damage|p1a: CAPALA|53/100 psn
|
|-damage|p1a: CAPALA|41/100 psn|[from] psn
|upkeep
|turn|79
|
|t:|1665075383
|move|p1a: CAPALA|Volt Switch|p2a: volt switch me
|-damage|p2a: volt switch me|86/100
|
|t:|1665075387
|switch|p1a: HORRIBLY RIGHT|Mamoswine, M|39/100 tox|[from]move: Volt Switch
|move|p2a: volt switch me|Sludge Bomb|p1a: HORRIBLY RIGHT
|-resisted|p1a: HORRIBLY RIGHT
|-damage|p1a: HORRIBLY RIGHT|14/100 tox
|
|-damage|p1a: HORRIBLY RIGHT|8/100 tox|[from] psn
|upkeep
|turn|80
|
|t:|1665075396
|switch|p1a: HOT THOUGHTS|Victini|43/100
|switch|p2a: god table|Avalugg, M, shiny|88/100
|
|upkeep
|turn|81
|
|t:|1665075410
|move|p1a: HOT THOUGHTS|U-turn|p2a: god table
|-damage|p2a: god table|79/100
|
|t:|1665075413
|switch|p1a: SEA CHANGE|Primarina, F|54/100|[from]move: U-turn
|move|p2a: god table|Recover|p2a: god table
|-heal|p2a: god table|100/100
|
|-heal|p1a: SEA CHANGE|60/100|[from] item: Leftovers
|upkeep
|turn|82
|
|t:|1665075418
|switch|p2a: average blob|Blissey, F|68/100
|move|p1a: SEA CHANGE|Substitute|p1a: SEA CHANGE
|-start|p1a: SEA CHANGE|Substitute
|-damage|p1a: SEA CHANGE|35/100
|
|-heal|p1a: SEA CHANGE|41/100|[from] item: Leftovers
|-heal|p2a: average blob|74/100|[from] item: Leftovers
|upkeep
|turn|83
|c|☆knexhawk2|avalugg isnt scared of a vcreate
|
|t:|1665075426
|move|p1a: SEA CHANGE|Moonblast|p2a: average blob
|-damage|p2a: average blob|60/100
|move|p2a: average blob|Stealth Rock|p1a: SEA CHANGE
|-sidestart|p1: ninjamage13|move: Stealth Rock
|
|-heal|p1a: SEA CHANGE|47/100|[from] item: Leftovers
|-heal|p2a: average blob|66/100|[from] item: Leftovers
|upkeep
|turn|84
|
|t:|1665075433
|move|p1a: SEA CHANGE|Moonblast|p2a: average blob
|-damage|p2a: average blob|51/100
|move|p2a: average blob|Seismic Toss|p1a: SEA CHANGE
|-end|p1a: SEA CHANGE|Substitute
|
|-heal|p1a: SEA CHANGE|53/100|[from] item: Leftovers
|-heal|p2a: average blob|57/100|[from] item: Leftovers
|upkeep
|turn|85
|
|t:|1665075444
|switch|p1a: SPINE CURVES|Ferrothorn, M|100/100
|-damage|p1a: SPINE CURVES|95/100|[from] Stealth Rock
|move|p2a: average blob|Soft-Boiled|p2a: average blob
|-heal|p2a: average blob|100/100
|
|-heal|p1a: SPINE CURVES|100/100|[from] item: Leftovers
|upkeep
|turn|86
|
|t:|1665075449
|switch|p2a: god table|Avalugg, M, shiny|100/100
|move|p1a: SPINE CURVES|Stealth Rock|p2a: god table
|-sidestart|p2: knexhawk2|move: Stealth Rock
|
|upkeep
|turn|87
|
|t:|1665075456
|move|p2a: god table|Body Press|p1a: SPINE CURVES
|-supereffective|p1a: SPINE CURVES
|-damage|p1a: SPINE CURVES|55/100
|-damage|p2a: god table|88/100|[from] ability: Iron Barbs|[of] p1a: SPINE CURVES
|move|p1a: SPINE CURVES|Leech Seed|p2a: god table
|-start|p2a: god table|move: Leech Seed
|
|-heal|p1a: SPINE CURVES|61/100|[from] item: Leftovers
|-damage|p2a: god table|76/100|[from] Leech Seed|[of] p1a: SPINE CURVES
|-heal|p1a: SPINE CURVES|75/100|[silent]
|upkeep
|turn|88
|l| Poplopgop
|
|t:|1665075460
|move|p2a: god table|Rapid Spin|p1a: SPINE CURVES
|-resisted|p1a: SPINE CURVES
|-damage|p1a: SPINE CURVES|71/100
|-boost|p2a: god table|spe|1
|-damage|p2a: god table|63/100|[from] ability: Iron Barbs|[of] p1a: SPINE CURVES
|-end|p2a: god table|Leech Seed|[from] move: Rapid Spin|[of] p2a: god table
|-sideend|p2: knexhawk2|Stealth Rock|[from] move: Rapid Spin|[of] p2a: god table
|move|p1a: SPINE CURVES|Stealth Rock|p2a: god table
|-sidestart|p2: knexhawk2|move: Stealth Rock
|
|-heal|p1a: SPINE CURVES|77/100|[from] item: Leftovers
|upkeep
|turn|89
|j| Poplopgop
|
|t:|1665075463
|move|p2a: god table|Body Press|p1a: SPINE CURVES
|-supereffective|p1a: SPINE CURVES
|-damage|p1a: SPINE CURVES|34/100
|-damage|p2a: god table|51/100|[from] ability: Iron Barbs|[of] p1a: SPINE CURVES
|move|p1a: SPINE CURVES|Leech Seed|p2a: god table
|-start|p2a: god table|move: Leech Seed
|
|-heal|p1a: SPINE CURVES|40/100|[from] item: Leftovers
|-damage|p2a: god table|38/100|[from] Leech Seed|[of] p1a: SPINE CURVES
|-heal|p1a: SPINE CURVES|54/100|[silent]
|upkeep
|turn|90
|
|t:|1665075468
|move|p2a: god table|Rapid Spin|p1a: SPINE CURVES
|-resisted|p1a: SPINE CURVES
|-damage|p1a: SPINE CURVES|50/100
|-boost|p2a: god table|spe|1
|-damage|p2a: god table|26/100|[from] ability: Iron Barbs|[of] p1a: SPINE CURVES
|-end|p2a: god table|Leech Seed|[from] move: Rapid Spin|[of] p2a: god table
|-sideend|p2: knexhawk2|Stealth Rock|[from] move: Rapid Spin|[of] p2a: god table
|move|p1a: SPINE CURVES|Body Press|p2a: god table
|-supereffective|p2a: god table
|-damage|p2a: god table|1/100
|
|-heal|p1a: SPINE CURVES|56/100|[from] item: Leftovers
|upkeep
|turn|91
|
|t:|1665075477
|move|p2a: god table|Recover|p2a: god table
|-heal|p2a: god table|51/100
|move|p1a: SPINE CURVES|Leech Seed|p2a: god table
|-start|p2a: god table|move: Leech Seed
|
|-heal|p1a: SPINE CURVES|62/100|[from] item: Leftovers
|-damage|p2a: god table|39/100|[from] Leech Seed|[of] p1a: SPINE CURVES
|-heal|p1a: SPINE CURVES|76/100|[silent]
|upkeep
|turn|92
|
|t:|1665075481
|move|p2a: god table|Recover|p2a: god table
|-heal|p2a: god table|89/100
|move|p1a: SPINE CURVES|Stealth Rock|p2a: god table
|-sidestart|p2: knexhawk2|move: Stealth Rock
|
|-heal|p1a: SPINE CURVES|82/100|[from] item: Leftovers
|-damage|p2a: god table|76/100|[from] Leech Seed|[of] p1a: SPINE CURVES
|-heal|p1a: SPINE CURVES|96/100|[silent]
|upkeep
|turn|93
|
|t:|1665075488
|move|p2a: god table|Rapid Spin|p1a: SPINE CURVES
|-resisted|p1a: SPINE CURVES
|-damage|p1a: SPINE CURVES|93/100
|-boost|p2a: god table|spe|1
|-damage|p2a: god table|64/100|[from] ability: Iron Barbs|[of] p1a: SPINE CURVES
|-end|p2a: god table|Leech Seed|[from] move: Rapid Spin|[of] p2a: god table
|-sideend|p2: knexhawk2|Stealth Rock|[from] move: Rapid Spin|[of] p2a: god table
|move|p1a: SPINE CURVES|Body Press|p2a: god table
|-supereffective|p2a: god table
|-damage|p2a: god table|41/100
|
|-heal|p1a: SPINE CURVES|99/100|[from] item: Leftovers
|upkeep
|turn|94
|
|t:|1665075493
|move|p2a: god table|Recover|p2a: god table
|-heal|p2a: god table|91/100
|move|p1a: SPINE CURVES|Leech Seed|p2a: god table
|-start|p2a: god table|move: Leech Seed
|
|-heal|p1a: SPINE CURVES|100/100|[from] item: Leftovers
|-damage|p2a: god table|78/100|[from] Leech Seed|[of] p1a: SPINE CURVES
|upkeep
|turn|95
|
|t:|1665075498
|switch|p2a: spike bird|Skarmory, F, shiny|100/100
|move|p1a: SPINE CURVES|Stealth Rock|p2a: spike bird
|-sidestart|p2: knexhawk2|move: Stealth Rock
|
|upkeep
|turn|96
|
|t:|1665075504
|switch|p1a: CAPALA|Zapdos|41/100 psn
|move|p2a: spike bird|Whirlwind|p1a: CAPALA
|drag|p1a: HORRIBLY RIGHT|Mamoswine, M|8/100 tox
|-damage|p1a: HORRIBLY RIGHT|0 fnt|[from] Stealth Rock
|faint|p1a: HORRIBLY RIGHT
|
|upkeep
|c| Poplopgop|1% rip
|
|t:|1665075510
|switch|p1a: CAPALA|Zapdos|41/100 psn
|turn|97
|
|t:|1665075519
|switch|p2a: volt switch me|Slowking-Galar, M|100/100
|-damage|p2a: volt switch me|88/100|[from] Stealth Rock
|move|p1a: CAPALA|Defog|p2a: volt switch me
|-unboost|p2a: volt switch me|evasion|1
|-sideend|p2: knexhawk2|Stealth Rock|[from] move: Defog|[of] p1a: CAPALA
|-sideend|p1: ninjamage13|Stealth Rock|[from] move: Defog|[of] p1a: CAPALA
|
|-damage|p1a: CAPALA|28/100 psn|[from] psn
|upkeep
|turn|98
|
|t:|1665075530
|move|p1a: CAPALA|Volt Switch|p2a: volt switch me
|-damage|p2a: volt switch me|77/100
|
|t:|1665075537
|switch|p1a: SEA CHANGE|Primarina, F|53/100|[from]move: Volt Switch
|move|p2a: volt switch me|Sludge Bomb|p1a: SEA CHANGE
|-supereffective|p1a: SEA CHANGE
|-crit|p1a: SEA CHANGE
|-damage|p1a: SEA CHANGE|0 fnt
|faint|p1a: SEA CHANGE
|
|upkeep
|
|t:|1665075540
|switch|p1a: HOT THOUGHTS|Victini|43/100
|turn|99
|
|t:|1665075551
|move|p1a: HOT THOUGHTS|Bolt Strike|p2a: volt switch me
|-damage|p2a: volt switch me|35/100
|move|p2a: volt switch me|Earthquake|p1a: HOT THOUGHTS
|-supereffective|p1a: HOT THOUGHTS
|-damage|p1a: HOT THOUGHTS|8/100
|
|upkeep
|turn|100
|
|t:|1665075561
|switch|p2a: sexy|Toxapex, M, shiny|80/100
|move|p1a: HOT THOUGHTS|V-create|p2a: sexy
|-resisted|p2a: sexy
|-damage|p2a: sexy|54/100
|-unboost|p1a: HOT THOUGHTS|spe|1
|-unboost|p1a: HOT THOUGHTS|def|1
|-unboost|p1a: HOT THOUGHTS|spd|1
|
|upkeep
|turn|101
|c|☆ninjamage13|i'm so bad
|c|☆ninjamage13|holy fuck
|
|t:|1665075579
|switch|p2a: god table|Avalugg, M, shiny|78/100
|move|p1a: HOT THOUGHTS|Bolt Strike|p2a: god table
|-damage|p2a: god table|64/100
|
|upkeep
|turn|102
|c|☆knexhawk2|even if u bolted there
|c|☆knexhawk2|i just switched and sacked lugg
|
|t:|1665075594
|move|p1a: HOT THOUGHTS|V-create|p2a: god table
|-supereffective|p2a: god table
|-damage|p2a: god table|3/100
|-unboost|p1a: HOT THOUGHTS|spe|1
|-unboost|p1a: HOT THOUGHTS|def|1
|-unboost|p1a: HOT THOUGHTS|spd|1
|move|p2a: god table|Rapid Spin|p1a: HOT THOUGHTS
|-damage|p1a: HOT THOUGHTS|0 fnt
|-boost|p2a: god table|spe|1
|faint|p1a: HOT THOUGHTS
|
|upkeep
|c|☆knexhawk2|cuz u had no pp
|
|t:|1665075605
|switch|p1a: TESSELATE|Latios, M|14/100
|turn|103
|
|t:|1665075609
|switch|p2a: average blob|Blissey, F|100/100
|move|p1a: TESSELATE|Psychic|p2a: average blob
|-damage|p2a: average blob|84/100
|
|-heal|p2a: average blob|90/100|[from] item: Leftovers
|upkeep
|turn|104
|c| Poplopgop|WTF THE TABLE PULLED THRU
|c|☆knexhawk2|god table
|c| Poplopgop|No way
|-message|ninjamage13 forfeited.
|
|win|knexhawk2
|raw|ninjamage13's rating: 1812 &rarr; <strong>1796</strong><br />(-16 for losing)
|raw|knexhawk2's rating: 1885 &rarr; <strong>1901</strong><br />(+16 for winning)
|c|☆ninjamage13|i choked on dicks
|c|☆ninjamage13|gg
|c|☆knexhawk2|mine
|l| Whiteout 75
|c|☆knexhawk2|?
|c|☆knexhawk2|not possible
|c|☆knexhawk2|too small
|c|☆knexhawk2|gg tho
|c| Poplopgop|wtf
|c| Poplopgop|God table
|l|☆ninjamage13
|c|☆knexhawk2|actually a god table
|c| rokocoko|lmao
|l| rokocoko
||Ladder isn't responding, score probably updated but might not have (Request timeout).
