|raw|<div class="broadcast-blue"><strong>This battle is required to be public due to a player having a name prefixed by 'LT71LX'.</div>
|j|☆LT71LX WunderBoo!
|j|☆GaijinEagle
|t:|1596646449
|player|p1|LT71LX WunderBoo!|pryce|1210
|player|p2|GaijinEagle|169|1180
|teamsize|p1|6
|teamsize|p2|6
|gametype|singles
|gen|8
|tier|[Gen 8] OU
|rated|
|html|<div class="broadcast-blue"><strong>OU is currently suspecting Magearna! For information on how to participate check out the <a href="https://www.smogon.com/forums/threads/3667669/">suspect thread</a>.</strong></div>
|clearpoke
|poke|p1|Urshifu-*, M|
|poke|p1|Slowbro, M|
|poke|p1|Marowak-Alola, F|
|poke|p1|Corviknight, F|
|poke|p1|Hydreigon, F|
|poke|p1|Clefable, M|
|poke|p2|Shuckle, M|
|poke|p2|Urshifu-*, M|
|poke|p2|Weavile, F|
|poke|p2|Alakazam, M|
|poke|p2|Cinderace, M|
|poke|p2|Conkeldurr, F|
|rule|Sleep Clause Mod: Limit one foe put to sleep
|rule|Species Clause: Limit one of each Pokémon
|rule|OHKO Clause: OHKO moves are banned
|rule|Evasion Moves Clause: Evasion moves are banned
|rule|Endless Battle Clause: Forcing endless battles is banned
|rule|HP Percentage Mod: HP is shown in percentages
|rule|Dynamax Clause: You cannot dynamax
|teampreview
|inactive|Battle timer is ON: inactive players will automatically lose when time's up. (requested by GaijinEagle)
|inactive|LT71LX WunderBoo! has 120 seconds left.
|inactive|GaijinEagle has 120 seconds left.
|inactive|GaijinEagle has 90 seconds left.
|
|t:|1596646538
|start
|switch|p1a: Marowak|Marowak-Alola, F|100/100
|switch|p2a: Urshifu|Urshifu, M|100/100
|turn|1
|
|t:|1596646554
|switch|p1a: Clefable|Clefable, M|100/100
|move|p2a: Urshifu|Wicked Blow|p1a: Clefable
|-resisted|p1a: Clefable
|-crit|p1a: Clefable
|-damage|p1a: Clefable|53/100
|-damage|p2a: Urshifu|91/100|[from] item: Life Orb
|
|-heal|p1a: Clefable|59/100|[from] item: Leftovers
|upkeep
|turn|2
|inactive|GaijinEagle has 120 seconds left.
|
|t:|1596646578
|switch|p2a: Shuckle|Shuckle, M|100/100
|move|p1a: Clefable|Moonblast|p2a: Shuckle
|-damage|p2a: Shuckle|84/100
|
|-heal|p1a: Clefable|65/100|[from] item: Leftovers
|upkeep
|turn|3
|inactive|GaijinEagle has 120 seconds left.
|
|t:|1596646607
|switch|p1a: Marowak|Marowak-Alola, F|100/100
|move|p2a: Shuckle|Sticky Web|p1a: Marowak
|-sidestart|p1: LT71LX WunderBoo!|move: Sticky Web
|
|upkeep
|turn|4
|inactive|GaijinEagle has 120 seconds left.
|
|t:|1596646628
|move|p1a: Marowak|Flare Blitz|p2a: Shuckle
|-damage|p2a: Shuckle|21/100
|move|p2a: Shuckle|Stealth Rock|p1a: Marowak
|-sidestart|p1: LT71LX WunderBoo!|move: Stealth Rock
|
|upkeep
|turn|5
|
|t:|1596646643
|move|p1a: Marowak|Earthquake|p2a: Shuckle
|-damage|p2a: Shuckle|0 fnt
|faint|p2a: Shuckle
|
|upkeep
|
|t:|1596646649
|switch|p2a: Urshifu|Urshifu, M|91/100
|turn|6
|inactive|LT71LX WunderBoo! has 120 seconds left.
|
|t:|1596646699
|move|p2a: Urshifu|Wicked Blow|p1a: Marowak
|-supereffective|p1a: Marowak
|-crit|p1a: Marowak
|-damage|p1a: Marowak|0 fnt
|-damage|p2a: Urshifu|81/100|[from] item: Life Orb
|faint|p1a: Marowak
|
|upkeep
|
|t:|1596646702
|switch|p1a: Corviknight|Corviknight, F|100/100
|-damage|p1a: Corviknight|88/100|[from] Stealth Rock
|-ability|p1a: Corviknight|Pressure
|turn|7
|inactive|GaijinEagle has 120 seconds left.
|
|t:|1596646732
|move|p2a: Urshifu|Bulk Up|p2a: Urshifu
|-boost|p2a: Urshifu|atk|1
|-boost|p2a: Urshifu|def|1
|move|p1a: Corviknight|Defog|p2a: Urshifu
|-unboost|p2a: Urshifu|evasion|1
|-sideend|p1: LT71LX WunderBoo!|Stealth Rock|[from] move: Defog|[of] p1a: Corviknight
|-sideend|p1: LT71LX WunderBoo!|Sticky Web|[from] move: Defog|[of] p1a: Corviknight
|
|-heal|p1a: Corviknight|94/100|[from] item: Leftovers
|upkeep
|turn|8
|
|t:|1596646757
|move|p2a: Urshifu|Wicked Blow|p1a: Corviknight
|-crit|p1a: Corviknight
|-damage|p1a: Corviknight|0 fnt
|-damage|p2a: Urshifu|71/100|[from] item: Life Orb
|faint|p1a: Corviknight
|
|upkeep
|
|t:|1596646762
|switch|p1a: Hydreigon|Hydreigon, F|100/100
|turn|9
|
|t:|1596646776
|move|p2a: Urshifu|Sucker Punch|p1a: Hydreigon
|-resisted|p1a: Hydreigon
|-damage|p1a: Hydreigon|60/100
|-damage|p2a: Urshifu|61/100|[from] item: Life Orb
|move|p1a: Hydreigon|Draco Meteor|p2a: Urshifu
|-damage|p2a: Urshifu|0 fnt
|-unboost|p1a: Hydreigon|spa|2
|faint|p2a: Urshifu
|
|upkeep
|inactive|GaijinEagle has 90 seconds left.
|
|t:|1596646796
|switch|p2a: Conkeldurr|Conkeldurr, F|100/100
|turn|10
|inactive|LT71LX WunderBoo! has 120 seconds left.
|
|t:|1596646810
|switch|p1a: Clefable|Clefable, M|65/100
|move|p2a: Conkeldurr|Mach Punch|p1a: Clefable
|-resisted|p1a: Clefable
|-damage|p1a: Clefable|52/100
|
|-heal|p1a: Clefable|58/100|[from] item: Leftovers
|-status|p2a: Conkeldurr|brn|[from] item: Flame Orb
|upkeep
|turn|11
|
|t:|1596646828
|move|p2a: Conkeldurr|Facade|p1a: Clefable
|-damage|p1a: Clefable|0 fnt
|faint|p1a: Clefable
|
|-damage|p2a: Conkeldurr|95/100 brn|[from] brn
|upkeep
|inactive|LT71LX WunderBoo! has 120 seconds left.
|inactive|LT71LX WunderBoo! has 90 seconds left.
|
|t:|1596646878
|switch|p1a: Urshifu|Urshifu, M|100/100
|turn|12
|
|t:|1596646882
|move|p2a: Conkeldurr|Mach Punch|p1a: Urshifu
|-supereffective|p1a: Urshifu
|-damage|p1a: Urshifu|34/100
|move|p1a: Urshifu|Close Combat|p2a: Conkeldurr
|-damage|p2a: Conkeldurr|0 fnt
|-unboost|p1a: Urshifu|def|1
|-unboost|p1a: Urshifu|spd|1
|faint|p2a: Conkeldurr
|
|upkeep
|inactive|GaijinEagle has 90 seconds left.
|
|t:|1596646936
|switch|p2a: Alakazam|Alakazam, M|100/100
|turn|13
|
|t:|1596646950
|switch|p1a: Slowbro|Slowbro, M|100/100
|move|p2a: Alakazam|Dazzling Gleam|p1a: Slowbro
|-damage|p1a: Slowbro|73/100
|
|upkeep
|turn|14
|
|t:|1596646974
|switch|p2a: Weavile|Weavile, F|100/100
|-ability|p2a: Weavile|Pressure
|move|p1a: Slowbro|Thunder Wave|p2a: Weavile
|-status|p2a: Weavile|par
|
|upkeep
|turn|15
|
|t:|1596646996
|move|p2a: Weavile|Knock Off|p1a: Slowbro
|-supereffective|p1a: Slowbro
|-damage|p1a: Slowbro|27/100
|-damage|p2a: Weavile|91/100 par|[from] item: Life Orb
|move|p1a: Slowbro|Teleport|p1a: Slowbro
|
|t:|1596647000
|switch|p1a: Urshifu|Urshifu, M|34/100|[from]move: Teleport
|
|upkeep
|turn|16
|
|t:|1596647013
|cant|p2a: Weavile|par
|move|p1a: Urshifu|Wicked Blow|p2a: Weavile
|-resisted|p2a: Weavile
|-crit|p2a: Weavile
|-damage|p2a: Weavile|15/100 par
|
|upkeep
|turn|17
|
|t:|1596647018
|cant|p2a: Weavile|par
|move|p1a: Urshifu|Wicked Blow|p2a: Weavile
|-resisted|p2a: Weavile
|-crit|p2a: Weavile
|-damage|p2a: Weavile|0 fnt
|faint|p2a: Weavile
|
|upkeep
|c|☆LT71LX WunderBoo!|ah
|inactive|GaijinEagle has 90 seconds left.
|
|t:|1596647029
|switch|p2a: Alakazam|Alakazam, M|100/100
|turn|18
|inactive|GaijinEagle has 90 seconds left.
|
|t:|1596647060
|switch|p1a: Slowbro|Slowbro, M|61/100
|move|p2a: Alakazam|Dazzling Gleam|p1a: Slowbro
|-damage|p1a: Slowbro|30/100
|
|upkeep
|turn|19
|inactive|GaijinEagle has 60 seconds left.
|
|t:|1596647077
|switch|p2a: Cinderace|Cinderace, M|100/100
|move|p1a: Slowbro|Slack Off|p1a: Slowbro
|-heal|p1a: Slowbro|80/100
|
|upkeep
|turn|20
|
|t:|1596647086
|move|p2a: Cinderace|Sucker Punch|p1a: Slowbro
|-start|p2a: Cinderace|typechange|Dark|[from] ability: Libero
|-supereffective|p1a: Slowbro
|-damage|p1a: Slowbro|42/100
|move|p1a: Slowbro|Scald|p2a: Cinderace
|-damage|p2a: Cinderace|59/100
|
|upkeep
|turn|21
|
|t:|1596647094
|move|p2a: Cinderace|Sucker Punch||[still]
|-fail|p2a: Cinderace
|move|p1a: Slowbro|Slack Off|p1a: Slowbro
|-heal|p1a: Slowbro|92/100
|
|upkeep
|turn|22
|
|t:|1596647097
|move|p2a: Cinderace|Sucker Punch||[still]
|-fail|p2a: Cinderace
|move|p1a: Slowbro|Thunder Wave|p2a: Cinderace
|-status|p2a: Cinderace|par
|
|upkeep
|turn|23
|
|t:|1596647103
|move|p2a: Cinderace|Bulk Up|p2a: Cinderace
|-start|p2a: Cinderace|typechange|Fighting|[from] ability: Libero
|-boost|p2a: Cinderace|atk|1
|-boost|p2a: Cinderace|def|1
|move|p1a: Slowbro|Scald|p2a: Cinderace
|-damage|p2a: Cinderace|20/100 par
|
|upkeep
|turn|24
|
|t:|1596647111
|move|p2a: Cinderace|Sucker Punch|p1a: Slowbro
|-start|p2a: Cinderace|typechange|Dark|[from] ability: Libero
|-supereffective|p1a: Slowbro
|-damage|p1a: Slowbro|28/100
|move|p1a: Slowbro|Scald|p2a: Cinderace
|-damage|p2a: Cinderace|0 fnt
|faint|p2a: Cinderace
|
|upkeep
|
|t:|1596647115
|switch|p2a: Alakazam|Alakazam, M|100/100
|turn|25
|
|t:|1596647123
|move|p2a: Alakazam|Dazzling Gleam|p1a: Slowbro
|-damage|p1a: Slowbro|0 fnt
|faint|p1a: Slowbro
|
|upkeep
|
|t:|1596647129
|switch|p1a: Hydreigon|Hydreigon, F|60/100
|turn|26
|
|t:|1596647140
|move|p1a: Hydreigon|Dark Pulse|p2a: Alakazam
|-supereffective|p2a: Alakazam
|-enditem|p2a: Alakazam|Focus Sash
|-damage|p2a: Alakazam|1/100
|move|p2a: Alakazam|Dazzling Gleam|p1a: Hydreigon
|-supereffective|p1a: Hydreigon
|-damage|p1a: Hydreigon|0 fnt
|faint|p1a: Hydreigon
|
|upkeep
|
|t:|1596647145
|switch|p1a: Urshifu|Urshifu, M|34/100
|turn|27
|inactive|GaijinEagle has 120 seconds left.
|
|t:|1596647153
|move|p1a: Urshifu|Sucker Punch|p2a: Alakazam
|-supereffective|p2a: Alakazam
|-damage|p2a: Alakazam|0 fnt
|faint|p2a: Alakazam
|
|win|LT71LX WunderBoo!
|raw|LT71LX WunderBoo!'s rating: 1235 &rarr; <strong>1256</strong><br />(+21 for winning)
|raw|GaijinEagle's rating: 1180 &rarr; <strong>1159</strong><br />(-21 for losing)
