|j|☆minimax_ai
|j|☆Red Rushun
|t:|1665146857
|gametype|singles
|player|p1|minimax_ai|lusamine-nihilego|1464
|player|p2|Red Rushun|clair|1456
|teamsize|p1|6
|teamsize|p2|6
|gen|8
|tier|[Gen 8] OU
|rated|
|rule|Sleep Clause Mod: Limit one foe put to sleep
|rule|Species Clause: Limit one of each Pokémon
|rule|OHKO Clause: OHKO moves are banned
|rule|Evasion Items Clause: Evasion items are banned
|rule|Evasion Moves Clause: Evasion moves are banned
|rule|Endless Battle Clause: Forcing endless battles is banned
|rule|HP Percentage Mod: HP is shown in percentages
|rule|Dynamax Clause: You cannot dynamax
|clearpoke
|poke|p1|Rotom-Wash|
|poke|p1|Weavile, M|
|poke|p1|Landorus-Therian, M|
|poke|p1|Heatran, M|
|poke|p1|Tangrowth, M|
|poke|p1|Melmetal|
|poke|p2|Dragapult, M|
|poke|p2|Blastoise, M|
|poke|p2|Tapu Lele|
|poke|p2|Cobalion|
|poke|p2|Grimmsnarl, M|
|poke|p2|Landorus-Therian, M|
|teampreview
|c|☆minimax_ai|hf
|inactive|Battle timer is ON: inactive players will automatically lose when time's up. (requested by minimax_ai)
|
|t:|1665146867
|start
|switch|p1a: Melmetal|Melmetal|100/100
|switch|p2a: Cobalion|Cobalion, shiny|100/100
|turn|1
|
|t:|1665146881
|move|p2a: Cobalion|Stealth Rock|p1a: Melmetal
|-sidestart|p1: minimax_ai|move: Stealth Rock
|move|p1a: Melmetal|Earthquake|p2a: Cobalion
|-supereffective|p2a: Cobalion
|-damage|p2a: Cobalion|47/100
|
|upkeep
|turn|2
|
|t:|1665146886
|move|p2a: Cobalion|Thunder Wave|p1a: Melmetal
|-status|p1a: Melmetal|par
|move|p1a: Melmetal|Ice Punch|p2a: Cobalion
|-resisted|p2a: Cobalion
|-crit|p2a: Cobalion
|-damage|p2a: Cobalion|28/100
|
|upkeep
|turn|3
|
|t:|1665146899
|move|p2a: Cobalion|Taunt|p1a: Melmetal
|-start|p1a: Melmetal|move: Taunt
|move|p1a: Melmetal|Double Iron Bash|p2a: Cobalion
|-resisted|p2a: Cobalion
|-damage|p2a: Cobalion|13/100
|-resisted|p2a: Cobalion
|-crit|p2a: Cobalion
|-damage|p2a: Cobalion|0 fnt
|faint|p2a: Cobalion
|-hitcount|p2: Cobalion|2
|
|upkeep
|
|t:|1665146913
|switch|p2a: Landorus|Landorus-Therian, M, shiny|100/100
|-ability|p2a: Landorus|Intimidate|boost
|-unboost|p1a: Melmetal|atk|1
|turn|4
|
|t:|1665146917
|switch|p1a: rotomwash|Rotom-Wash|100/100
|-damage|p1a: rotomwash|88/100|[from] Stealth Rock
|move|p2a: Landorus|Substitute|p2a: Landorus
|-start|p2a: Landorus|Substitute
|-damage|p2a: Landorus|76/100
|
|-heal|p2a: Landorus|82/100|[from] item: Leftovers
|-heal|p1a: rotomwash|94/100|[from] item: Leftovers
|upkeep
|turn|5
|
|t:|1665146921
|move|p2a: Landorus|Swords Dance|p2a: Landorus
|-boost|p2a: Landorus|atk|2
|move|p1a: rotomwash|Hydro Pump|p2a: Landorus|[miss]
|-miss|p1a: rotomwash|p2a: Landorus
|
|-heal|p2a: Landorus|88/100|[from] item: Leftovers
|-heal|p1a: rotomwash|100/100|[from] item: Leftovers
|upkeep
|turn|6
|
|t:|1665146928
|switch|p1a: Tangrowth|Tangrowth, M|100/100
|-damage|p1a: Tangrowth|88/100|[from] Stealth Rock
|move|p2a: Landorus|Stone Edge|p1a: Tangrowth
|-damage|p1a: Tangrowth|50/100
|
|-heal|p2a: Landorus|94/100|[from] item: Leftovers
|upkeep
|turn|7
|
|t:|1665146936
|switch|p1a: landorustherian|Landorus-Therian, M|100/100
|-damage|p1a: landorustherian|88/100|[from] Stealth Rock
|-ability|p1a: landorustherian|Intimidate|boost
|-immune|p2a: Landorus
|move|p2a: Landorus|Swords Dance|p2a: Landorus
|-boost|p2a: Landorus|atk|2
|
|-heal|p2a: Landorus|99/100|[from] item: Leftovers
|-heal|p1a: landorustherian|94/100|[from] item: Leftovers
|upkeep
|turn|8
|
|t:|1665146939
|move|p2a: Landorus|Stone Edge|p1a: landorustherian
|-damage|p1a: landorustherian|0 fnt
|faint|p1a: landorustherian
|
|-heal|p2a: Landorus|100/100|[from] item: Leftovers
|upkeep
|
|t:|1665146939
|switch|p1a: Tangrowth|Tangrowth, M|83/100
|-damage|p1a: Tangrowth|70/100|[from] Stealth Rock
|turn|9
|
|t:|1665146947
|move|p2a: Landorus|Earthquake|p1a: Tangrowth
|-resisted|p1a: Tangrowth
|-damage|p1a: Tangrowth|25/100
|move|p1a: Tangrowth|Giga Drain|p2a: Landorus
|-end|p2a: Landorus|Substitute
|-heal|p1a: Tangrowth|35/100|[from] drain|[of] p2a: Landorus
|
|upkeep
|turn|10
|
|t:|1665146962
|move|p2a: Landorus|Substitute|p2a: Landorus
|-start|p2a: Landorus|Substitute
|-damage|p2a: Landorus|76/100
|move|p1a: Tangrowth|Giga Drain|p2a: Landorus
|-end|p2a: Landorus|Substitute
|-heal|p1a: Tangrowth|45/100|[from] drain|[of] p2a: Landorus
|
|-heal|p2a: Landorus|82/100|[from] item: Leftovers
|upkeep
|turn|11
|
|t:|1665146966
|switch|p1a: Melmetal|Melmetal|100/100 par
|-damage|p1a: Melmetal|94/100 par|[from] Stealth Rock
|move|p2a: Landorus|Stone Edge|p1a: Melmetal
|-resisted|p1a: Melmetal
|-damage|p1a: Melmetal|61/100 par
|
|-heal|p2a: Landorus|88/100|[from] item: Leftovers
|upkeep
|turn|12
|
|t:|1665146969
|move|p2a: Landorus|Earthquake|p1a: Melmetal
|-supereffective|p1a: Melmetal
|-damage|p1a: Melmetal|0 fnt
|faint|p1a: Melmetal
|
|-heal|p2a: Landorus|94/100|[from] item: Leftovers
|upkeep
|
|t:|1665146969
|switch|p1a: Weavile|Weavile, M|100/100
|-damage|p1a: Weavile|76/100|[from] Stealth Rock
|-ability|p1a: Weavile|Pressure
|turn|13
|
|t:|1665146977
|switch|p2a: Grimmsnarl|Grimmsnarl, M|100/100
|move|p1a: Weavile|Triple Axel|p2a: Grimmsnarl|[miss]
|-miss|p1a: Weavile|p2a: Grimmsnarl
|
|upkeep
|turn|14
|
|t:|1665146986
|switch|p1a: rotomwash|Rotom-Wash|100/100
|-damage|p1a: rotomwash|88/100|[from] Stealth Rock
|move|p2a: Grimmsnarl|Reflect|p2a: Grimmsnarl
|-sidestart|p2: Red Rushun|Reflect
|
|-heal|p1a: rotomwash|94/100|[from] item: Leftovers
|upkeep
|turn|15
|
|t:|1665146989
|move|p2a: Grimmsnarl|Light Screen|p2a: Grimmsnarl
|-sidestart|p2: Red Rushun|move: Light Screen
|move|p1a: rotomwash|Nasty Plot|p1a: rotomwash
|-boost|p1a: rotomwash|spa|2
|
|-heal|p1a: rotomwash|100/100|[from] item: Leftovers
|upkeep
|turn|16
|
|t:|1665146992
|move|p1a: rotomwash|Thunderbolt|p2a: Grimmsnarl
|-damage|p2a: Grimmsnarl|74/100
|move|p2a: Grimmsnarl|Spirit Break|p1a: rotomwash
|-damage|p1a: rotomwash|70/100
|-unboost|p1a: rotomwash|spa|1
|
|-heal|p1a: rotomwash|76/100|[from] item: Leftovers
|upkeep
|turn|17
|
|t:|1665146995
|move|p1a: rotomwash|Thunderbolt|p2a: Grimmsnarl
|-damage|p2a: Grimmsnarl|55/100
|move|p2a: Grimmsnarl|Spirit Break|p1a: rotomwash
|-damage|p1a: rotomwash|46/100
|-unboost|p1a: rotomwash|spa|1
|
|-heal|p1a: rotomwash|52/100|[from] item: Leftovers
|upkeep
|turn|18
|
|t:|1665147001
|move|p1a: rotomwash|Thunderbolt|p2a: Grimmsnarl
|-damage|p2a: Grimmsnarl|42/100
|move|p2a: Grimmsnarl|Spirit Break|p1a: rotomwash
|-damage|p1a: rotomwash|20/100
|-unboost|p1a: rotomwash|spa|1
|
|-heal|p1a: rotomwash|26/100|[from] item: Leftovers
|upkeep
|turn|19
|
|t:|1665147003
|move|p1a: rotomwash|Thunderbolt|p2a: Grimmsnarl
|-damage|p2a: Grimmsnarl|32/100
|move|p2a: Grimmsnarl|Spirit Break|p1a: rotomwash
|-damage|p1a: rotomwash|0 fnt
|faint|p1a: rotomwash
|
|upkeep
|
|t:|1665147003
|switch|p1a: Heatran|Heatran, M|100/100
|-damage|p1a: Heatran|88/100|[from] Stealth Rock
|-item|p1a: Heatran|Air Balloon
|turn|20
|
|t:|1665147014
|move|p2a: Grimmsnarl|Thunder Wave|p1a: Heatran
|-status|p1a: Heatran|par
|cant|p1a: Heatran|par
|
|upkeep
|turn|21
|
|t:|1665147018
|move|p2a: Grimmsnarl|Spirit Break|p1a: Heatran
|-resisted|p1a: Heatran
|-damage|p1a: Heatran|81/100 par
|-unboost|p1a: Heatran|spa|1
|-enditem|p1a: Heatran|Air Balloon
|move|p1a: Heatran|Magma Storm|p2a: Grimmsnarl
|-damage|p2a: Grimmsnarl|19/100
|-activate|p2a: Grimmsnarl|move: Magma Storm|[of] p1a: Heatran
|
|-damage|p2a: Grimmsnarl|6/100|[from] move: Magma Storm|[partiallytrapped]
|-sideend|p2: Red Rushun|Reflect
|upkeep
|turn|22
|
|t:|1665147027
|move|p2a: Grimmsnarl|Spirit Break|p1a: Heatran
|-resisted|p1a: Heatran
|-damage|p1a: Heatran|74/100 par
|-unboost|p1a: Heatran|spa|1
|move|p1a: Heatran|Magma Storm|p2a: Grimmsnarl
|-crit|p2a: Grimmsnarl
|-damage|p2a: Grimmsnarl|0 fnt
|faint|p2a: Grimmsnarl
|
|-sideend|p2: Red Rushun|move: Light Screen
|upkeep
|
|t:|1665147041
|switch|p2a: Landorus|Landorus-Therian, M, shiny|94/100
|-ability|p2a: Landorus|Intimidate|boost
|-unboost|p1a: Heatran|atk|1
|turn|23
|
|t:|1665147049
|switch|p1a: Tangrowth|Tangrowth, M|78/100
|-damage|p1a: Tangrowth|65/100|[from] Stealth Rock
|move|p2a: Landorus|Earthquake|p1a: Tangrowth
|-resisted|p1a: Tangrowth
|-damage|p1a: Tangrowth|51/100
|
|-heal|p2a: Landorus|99/100|[from] item: Leftovers
|upkeep
|turn|24
|
|t:|1665147059
|move|p2a: Landorus|Swords Dance|p2a: Landorus
|-boost|p2a: Landorus|atk|2
|move|p1a: Tangrowth|Sleep Powder|p2a: Landorus
|-status|p2a: Landorus|slp|[from] move: Sleep Powder
|
|-heal|p2a: Landorus|100/100 slp|[from] item: Leftovers
|upkeep
|turn|25
|
|t:|1665147065
|cant|p2a: Landorus|slp
|move|p1a: Tangrowth|Giga Drain|p2a: Landorus
|-damage|p2a: Landorus|66/100 slp
|-heal|p1a: Tangrowth|65/100|[from] drain|[of] p2a: Landorus
|
|-heal|p2a: Landorus|72/100 slp|[from] item: Leftovers
|upkeep
|turn|26
|
|t:|1665147068
|cant|p2a: Landorus|slp
|move|p1a: Tangrowth|Giga Drain|p2a: Landorus
|-damage|p2a: Landorus|36/100 slp
|-heal|p1a: Tangrowth|79/100|[from] drain|[of] p2a: Landorus
|
|-heal|p2a: Landorus|42/100 slp|[from] item: Leftovers
|upkeep
|turn|27
|
|t:|1665147072
|-curestatus|p2a: Landorus|slp|[msg]
|move|p2a: Landorus|Swords Dance|p2a: Landorus
|-boost|p2a: Landorus|atk|2
|move|p1a: Tangrowth|Giga Drain|p2a: Landorus
|-damage|p2a: Landorus|5/100
|-heal|p1a: Tangrowth|94/100|[from] drain|[of] p2a: Landorus
|
|-heal|p2a: Landorus|11/100|[from] item: Leftovers
|upkeep
|turn|28
|
|t:|1665147074
|move|p2a: Landorus|Stone Edge|p1a: Tangrowth|[miss]
|-miss|p2a: Landorus|p1a: Tangrowth
|move|p1a: Tangrowth|Knock Off|p2a: Landorus
|-damage|p2a: Landorus|0 fnt
|-enditem|p2a: Landorus|Leftovers|[from] move: Knock Off|[of] p1a: Tangrowth
|faint|p2a: Landorus
|
|upkeep
|
|t:|1665147084
|switch|p2a: Tapu Lele|Tapu Lele|100/100
|-fieldstart|move: Psychic Terrain|[from] ability: Psychic Surge|[of] p2a: Tapu Lele
|turn|29
|
|t:|1665147094
|switch|p1a: Heatran|Heatran, M|74/100 par
|-damage|p1a: Heatran|62/100 par|[from] Stealth Rock
|move|p2a: Tapu Lele|Psychic|p1a: Heatran
|-resisted|p1a: Heatran
|-damage|p1a: Heatran|34/100 par
|
|upkeep
|turn|30
|
|t:|1665147107
|move|p2a: Tapu Lele|Psyshock|p1a: Heatran
|-resisted|p1a: Heatran
|-damage|p1a: Heatran|7/100 par
|cant|p1a: Heatran|par
|
|upkeep
|turn|31
|
|t:|1665147117
|move|p2a: Tapu Lele|Moonblast|p1a: Heatran
|-resisted|p1a: Heatran
|-damage|p1a: Heatran|0 fnt
|faint|p1a: Heatran
|
|upkeep
|
|t:|1665147117
|switch|p1a: Weavile|Weavile, M|76/100
|-damage|p1a: Weavile|51/100|[from] Stealth Rock
|-ability|p1a: Weavile|Pressure
|turn|32
|
|t:|1665147122
|move|p1a: Weavile|Knock Off|p2a: Tapu Lele
|-damage|p2a: Tapu Lele|0 fnt
|-enditem|p2a: Tapu Lele|Assault Vest|[from] move: Knock Off|[of] p1a: Weavile
|faint|p2a: Tapu Lele
|
|upkeep
|
|t:|1665147132
|switch|p2a: Dragapult|Dragapult, M|100/100
|turn|33
|
|t:|1665147139
|move|p2a: Dragapult|Dragon Darts|p1a: Weavile
|-damage|p1a: Weavile|0 fnt
|faint|p1a: Weavile
|-damage|p2a: Dragapult|91/100|[from] item: Life Orb
|
|-fieldend|move: Psychic Terrain
|upkeep
|
|t:|1665147140
|switch|p1a: Tangrowth|Tangrowth, M|100/100
|-damage|p1a: Tangrowth|88/100|[from] Stealth Rock
|turn|34
|
|t:|1665147160
|move|p2a: Dragapult|Dragon Darts|p1a: Tangrowth
|-damage|p1a: Tangrowth|71/100
|-anim|p2a: Dragapult|Dragon Darts|p1a: Tangrowth
|-damage|p1a: Tangrowth|53/100
|-damage|p2a: Dragapult|81/100|[from] item: Life Orb
|move|p1a: Tangrowth|Knock Off|p2a: Dragapult
|-supereffective|p2a: Dragapult
|-damage|p2a: Dragapult|19/100
|-enditem|p2a: Dragapult|Life Orb|[from] move: Knock Off|[of] p1a: Tangrowth
|
|upkeep
|turn|35
|
|t:|1665147166
|move|p2a: Dragapult|Dragon Darts|p1a: Tangrowth
|-damage|p1a: Tangrowth|40/100
|-anim|p2a: Dragapult|Dragon Darts|p1a: Tangrowth
|-damage|p1a: Tangrowth|26/100
|move|p1a: Tangrowth|Sleep Powder|p2a: Dragapult
|-status|p2a: Dragapult|slp|[from] move: Sleep Powder
|
|upkeep
|turn|36
|
|t:|1665147169
|cant|p2a: Dragapult|slp
|move|p1a: Tangrowth|Giga Drain|p2a: Dragapult
|-resisted|p2a: Dragapult
|-damage|p2a: Dragapult|0 fnt
|-heal|p1a: Tangrowth|34/100|[from] drain|[of] p2a: Dragapult
|faint|p2a: Dragapult
|
|upkeep
|
|t:|1665147171
|switch|p2a: Blastoise|Blastoise, M, shiny|100/100
|turn|37
|
|t:|1665147178
|move|p2a: Blastoise|Ice Beam|p1a: Tangrowth
|-supereffective|p1a: Tangrowth
|-damage|p1a: Tangrowth|0 fnt
|faint|p1a: Tangrowth
|
|win|Red Rushun
|raw|minimax_ai's rating: 1464 &rarr; <strong>1444</strong><br />(-20 for losing)
|raw|Red Rushun's rating: 1456 &rarr; <strong>1476</strong><br />(+20 for winning)
|c|☆minimax_ai|gg
