|html|<div class="broadcast-blue"><strong>[Gen 8] OU is currently suspecting Melmetal! For information on how to participate check out the <a href="https://www.smogon.com/forums/threads/np-ss-ou-suspect-process-round-12-monster-mash.3709234/">suspect thread</a>.</strong></div>
|j|☆shiawasenostory
|j|☆Omari P alt
|t:|1666640884
|gametype|singles
|player|p1|shiawasenostory|winona|1932
|player|p2|Omari P alt|pokemonrangerf|1709
|teamsize|p1|6
|teamsize|p2|6
|gen|8
|tier|[Gen 8] OU
|rated|
|rule|Sleep Clause Mod: Limit one foe put to sleep
|rule|Species Clause: Limit one of each Pokémon
|rule|OHKO Clause: OHKO moves are banned
|rule|Evasion Items Clause: Evasion items are banned
|rule|Evasion Moves Clause: Evasion moves are banned
|rule|Endless Battle Clause: Forcing endless battles is banned
|rule|HP Percentage Mod: HP is shown in percentages
|rule|Dynamax Clause: You cannot dynamax
|clearpoke
|poke|p1|Skarmory, F|
|poke|p1|Ditto|
|poke|p1|Toxapex, F|
|poke|p1|Blissey, F|
|poke|p1|Shedinja|
|poke|p1|Quagsire, F|
|poke|p2|Dragonite, F|
|poke|p2|Tapu Lele|
|poke|p2|Darmanitan, F|
|poke|p2|Mandibuzz, F|
|poke|p2|Nidoking, M|
|poke|p2|Rillaboom, M|
|teampreview
|
|t:|1666640902
|start
|switch|p1a: Ditto|Ditto, shiny|100/100
|switch|p2a: Nidoking|Nidoking, M, shiny|100/100
|-transform|p1a: Ditto|p2a: Nidoking|[from] ability: Imposter
|-item|p1a: Ditto|Air Balloon
|turn|1
|
|t:|1666640925
|switch|p1a: Blissey|Blissey, F|100/100
|move|p2a: Nidoking|Ice Beam|p1a: Blissey
|-damage|p1a: Blissey|88/100
|
|upkeep
|turn|2
|c|☆shiawasenostory|you are the mandibuzz goat
|
|t:|1666640931
|move|p2a: Nidoking|Stealth Rock|p1a: Blissey
|-sidestart|p1: shiawasenostory|move: Stealth Rock
|move|p1a: Blissey|Stealth Rock|p2a: Nidoking
|-sidestart|p2: Omari P alt|move: Stealth Rock
|
|upkeep
|turn|3
|
|t:|1666640936
|switch|p2a: Darmanitan|Darmanitan, F|100/100
|-damage|p2a: Darmanitan|76/100|[from] Stealth Rock
|move|p1a: Blissey|Toxic|p2a: Darmanitan
|-status|p2a: Darmanitan|tox
|
|-damage|p2a: Darmanitan|70/100 tox|[from] psn
|upkeep
|turn|4
|
|t:|1666640945
|switch|p1a: Toxapex|Toxapex, F|100/100
|move|p2a: Darmanitan|Flare Blitz|p1a: Toxapex
|-resisted|p1a: Toxapex
|-damage|p1a: Toxapex|65/100
|-damage|p2a: Darmanitan|60/100 tox|[from] Recoil
|
|-damage|p2a: Darmanitan|48/100 tox|[from] psn
|upkeep
|turn|5
|
|t:|1666640952
|move|p2a: Darmanitan|Earthquake|p1a: Toxapex
|-supereffective|p1a: Toxapex
|-damage|p1a: Toxapex|0 fnt
|faint|p1a: Toxapex
|-damage|p2a: Darmanitan|38/100 tox|[from] item: Life Orb
|
|-damage|p2a: Darmanitan|20/100 tox|[from] psn
|upkeep
|
|t:|1666640962
|switch|p1a: Shedinja|Shedinja|100/100
|turn|6
|
|t:|1666640964
|switch|p2a: Mandibuzz|Mandibuzz, F, shiny|100/100
|-damage|p2a: Mandibuzz|76/100|[from] Stealth Rock
|move|p1a: Shedinja|Shadow Sneak|p2a: Mandibuzz
|-resisted|p2a: Mandibuzz
|-damage|p2a: Mandibuzz|71/100
|-damage|p1a: Shedinja|0 fnt|[from] item: Rocky Helmet|[of] p2a: Mandibuzz
|faint|p1a: Shedinja
|
|upkeep
|
|t:|1666640969
|switch|p1a: Blissey|Blissey, F|88/100
|turn|7
|
|t:|1666640975
|move|p2a: Mandibuzz|Defog|p1a: Blissey
|-unboost|p1a: Blissey|evasion|1
|-sideend|p1: shiawasenostory|Stealth Rock|[from] move: Defog|[of] p2a: Mandibuzz
|-sideend|p2: Omari P alt|Stealth Rock|[from] move: Defog|[of] p2a: Mandibuzz
|move|p1a: Blissey|Toxic|p2a: Mandibuzz
|-status|p2a: Mandibuzz|tox
|
|-damage|p2a: Mandibuzz|65/100 tox|[from] psn
|upkeep
|turn|8
|
|t:|1666640977
|switch|p2a: Darmanitan|Darmanitan, F|20/100 tox
|move|p1a: Blissey|Stealth Rock|p2a: Darmanitan
|-sidestart|p2: Omari P alt|move: Stealth Rock
|
|-damage|p2a: Darmanitan|14/100 tox|[from] psn
|upkeep
|turn|9
|
|t:|1666640981
|switch|p1a: Quagsire|Quagsire, F|100/100
|move|p2a: Darmanitan|Toxic|p1a: Quagsire
|-status|p1a: Quagsire|tox
|
|-damage|p2a: Darmanitan|2/100 tox|[from] psn
|-damage|p1a: Quagsire|94/100 tox|[from] psn
|upkeep
|turn|10
|
|t:|1666640987
|switch|p2a: Mandibuzz|Mandibuzz, F, shiny|65/100 tox
|-damage|p2a: Mandibuzz|40/100 tox|[from] Stealth Rock
|switch|p1a: Ditto|Ditto, shiny|100/100
|-transform|p1a: Ditto|p2a: Mandibuzz|[from] ability: Imposter
|-item|p1a: Ditto|Air Balloon
|
|-damage|p2a: Mandibuzz|34/100 tox|[from] psn
|upkeep
|turn|11
|
|t:|1666640997
|switch|p1a: Skarmory|Skarmory, F|100/100
|move|p2a: Mandibuzz|Defog|p1a: Skarmory
|-unboost|p1a: Skarmory|evasion|1
|-sideend|p2: Omari P alt|Stealth Rock|[from] move: Defog|[of] p2a: Mandibuzz
|
|-damage|p2a: Mandibuzz|22/100 tox|[from] psn
|upkeep
|turn|12
|
|t:|1666641001
|move|p1a: Skarmory|Spikes|p2a: Mandibuzz
|-sidestart|p2: Omari P alt|Spikes
|move|p2a: Mandibuzz|Roost|p2a: Mandibuzz
|-heal|p2a: Mandibuzz|72/100 tox
|-singleturn|p2a: Mandibuzz|move: Roost
|
|-damage|p2a: Mandibuzz|53/100 tox|[from] psn
|upkeep
|turn|13
|
|t:|1666641006
|switch|p2a: Nidoking|Nidoking, M, shiny|100/100
|-damage|p2a: Nidoking|88/100|[from] Spikes
|move|p1a: Skarmory|Whirlwind|p2a: Nidoking
|drag|p2a: Rillaboom|Rillaboom, M, shiny|100/100
|-damage|p2a: Rillaboom|88/100|[from] Spikes
|-fieldstart|move: Grassy Terrain|[from] ability: Grassy Surge|[of] p2a: Rillaboom
|
|-heal|p2a: Rillaboom|94/100|[from] Grassy Terrain
|upkeep
|turn|14
|
|t:|1666641013
|switch|p2a: Mandibuzz|Mandibuzz, F, shiny|53/100 tox
|move|p1a: Skarmory|Whirlwind|p2a: Mandibuzz
|drag|p2a: Nidoking|Nidoking, M, shiny|88/100
|-damage|p2a: Nidoking|76/100|[from] Spikes
|
|-heal|p2a: Nidoking|82/100|[from] Grassy Terrain
|upkeep
|turn|15
|
|t:|1666641022
|move|p2a: Nidoking|Stealth Rock|p1a: Skarmory
|-sidestart|p1: shiawasenostory|move: Stealth Rock
|move|p1a: Skarmory|Whirlwind|p2a: Nidoking
|drag|p2a: Rillaboom|Rillaboom, M, shiny|94/100
|-damage|p2a: Rillaboom|82/100|[from] Spikes
|
|-heal|p2a: Rillaboom|88/100|[from] Grassy Terrain
|upkeep
|turn|16
|
|t:|1666641028
|move|p2a: Rillaboom|Superpower|p1a: Skarmory
|-damage|p1a: Skarmory|59/100
|-unboost|p2a: Rillaboom|atk|1
|-unboost|p2a: Rillaboom|def|1
|-damage|p2a: Rillaboom|78/100|[from] item: Life Orb
|move|p1a: Skarmory|Spikes|p2a: Rillaboom
|-sidestart|p2: Omari P alt|Spikes
|
|-heal|p2a: Rillaboom|84/100|[from] Grassy Terrain
|-heal|p1a: Skarmory|65/100|[from] item: Leftovers
|upkeep
|turn|17
|j| dristill
|
|t:|1666641101
|switch|p2a: Dragonite|Dragonite, F|100/100
|move|p1a: Skarmory|Roost|p1a: Skarmory
|-heal|p1a: Skarmory|100/100
|-singleturn|p1a: Skarmory|move: Roost
|
|-fieldend|move: Grassy Terrain
|upkeep
|turn|18
|
|t:|1666641113
|move|p2a: Dragonite|Ice Punch|p1a: Skarmory
|-damage|p1a: Skarmory|82/100
|move|p1a: Skarmory|Whirlwind|p2a: Dragonite
|drag|p2a: Darmanitan|Darmanitan, F|2/100 tox
|-damage|p2a: Darmanitan|0 fnt|[from] Spikes
|faint|p2a: Darmanitan
|
|-heal|p1a: Skarmory|88/100|[from] item: Leftovers
|upkeep
|
|t:|1666641123
|switch|p2a: Tapu Lele|Tapu Lele|100/100
|-damage|p2a: Tapu Lele|84/100|[from] Spikes
|-fieldstart|move: Psychic Terrain|[from] ability: Psychic Surge|[of] p2a: Tapu Lele
|turn|19
|
|t:|1666641126
|move|p2a: Tapu Lele|Psychic|p1a: Skarmory
|-resisted|p1a: Skarmory
|-damage|p1a: Skarmory|39/100
|move|p1a: Skarmory|Whirlwind|p2a: Tapu Lele
|drag|p2a: Mandibuzz|Mandibuzz, F, shiny|53/100 tox
|
|-heal|p1a: Skarmory|45/100|[from] item: Leftovers
|-damage|p2a: Mandibuzz|47/100 tox|[from] psn
|upkeep
|turn|20
|
|t:|1666641134
|move|p1a: Skarmory|Roost|p1a: Skarmory
|-heal|p1a: Skarmory|95/100
|-singleturn|p1a: Skarmory|move: Roost
|move|p2a: Mandibuzz|Defog|p1a: Skarmory
|-unboost|p1a: Skarmory|evasion|1
|-sideend|p1: shiawasenostory|Stealth Rock|[from] move: Defog|[of] p2a: Mandibuzz
|-sideend|p2: Omari P alt|Spikes|[from] move: Defog|[of] p2a: Mandibuzz
|-fieldend|move: Psychic Terrain
|
|-heal|p1a: Skarmory|100/100|[from] item: Leftovers
|-damage|p2a: Mandibuzz|35/100 tox|[from] psn
|upkeep
|turn|21
|
|t:|1666641139
|switch|p2a: Nidoking|Nidoking, M, shiny|82/100
|move|p1a: Skarmory|Spikes|p2a: Nidoking
|-sidestart|p2: Omari P alt|Spikes
|
|upkeep
|turn|22
|
|t:|1666641142
|move|p2a: Nidoking|Stealth Rock|p1a: Skarmory
|-sidestart|p1: shiawasenostory|move: Stealth Rock
|move|p1a: Skarmory|Spikes|p2a: Nidoking
|-sidestart|p2: Omari P alt|Spikes
|
|upkeep
|turn|23
|
|t:|1666641146
|move|p2a: Nidoking|Ice Beam|p1a: Skarmory
|-damage|p1a: Skarmory|48/100
|move|p1a: Skarmory|Whirlwind|p2a: Nidoking
|drag|p2a: Rillaboom|Rillaboom, M, shiny|84/100
|-damage|p2a: Rillaboom|67/100|[from] Spikes
|-fieldstart|move: Grassy Terrain|[from] ability: Grassy Surge|[of] p2a: Rillaboom
|
|-heal|p2a: Rillaboom|73/100|[from] Grassy Terrain
|-heal|p1a: Skarmory|54/100|[from] item: Leftovers
|upkeep
|turn|24
|
|t:|1666641163
|move|p2a: Rillaboom|Swords Dance|p2a: Rillaboom
|-boost|p2a: Rillaboom|atk|2
|move|p1a: Skarmory|Body Press|p2a: Rillaboom
|-damage|p2a: Rillaboom|43/100
|
|-heal|p2a: Rillaboom|49/100|[from] Grassy Terrain
|-heal|p1a: Skarmory|61/100|[from] item: Leftovers
|upkeep
|turn|25
|
|t:|1666641171
|switch|p1a: Quagsire|Quagsire, F|94/100 tox
|move|p2a: Rillaboom|Superpower|p1a: Quagsire
|-damage|p1a: Quagsire|54/100 tox
|-unboost|p2a: Rillaboom|atk|1
|-unboost|p2a: Rillaboom|def|1
|-damage|p2a: Rillaboom|39/100|[from] item: Life Orb
|
|-heal|p2a: Rillaboom|45/100|[from] Grassy Terrain
|-heal|p1a: Quagsire|60/100 tox|[from] Grassy Terrain
|-damage|p1a: Quagsire|54/100 tox|[from] psn
|upkeep
|turn|26
|j| Spyer2k
|
|t:|1666641179
|switch|p1a: Ditto|Ditto, shiny|100/100
|-damage|p1a: Ditto|88/100|[from] Stealth Rock
|-transform|p1a: Ditto|p2a: Rillaboom|[from] ability: Imposter
|-item|p1a: Ditto|Air Balloon
|move|p2a: Rillaboom|Wood Hammer|p1a: Ditto
|-resisted|p1a: Ditto
|-damage|p1a: Ditto|0 fnt
|-enditem|p1a: Ditto|Air Balloon
|faint|p1a: Ditto
|-damage|p2a: Rillaboom|21/100|[from] Recoil
|-damage|p2a: Rillaboom|11/100|[from] item: Life Orb
|
|-heal|p2a: Rillaboom|17/100|[from] Grassy Terrain
|upkeep
|c| Spyer2k|LETS FUCKINNGG OGOOO OMARI
|c| Spyer2k|SMASH HIS STALL
|c| Spyer2k|YEAAAAAAAAAAAAAAAAAAAAAAAAAAAAAAAAAAAAAAAAAAAAAAAAAAAAAAAAAAAAAAAAAAAAA
|
|t:|1666641191
|switch|p1a: Skarmory|Skarmory, F|61/100
|-damage|p1a: Skarmory|48/100|[from] Stealth Rock
|turn|27
|j| Crowv2
|
|t:|1666641234
|move|p2a: Rillaboom|Swords Dance|p2a: Rillaboom
|-boost|p2a: Rillaboom|atk|2
|move|p1a: Skarmory|Roost|p1a: Skarmory
|-heal|p1a: Skarmory|98/100
|-singleturn|p1a: Skarmory|move: Roost
|
|-heal|p2a: Rillaboom|23/100|[from] Grassy Terrain
|-heal|p1a: Skarmory|100/100|[from] Grassy Terrain
|-fieldend|move: Grassy Terrain
|upkeep
|turn|28
|
|t:|1666641247
|move|p2a: Rillaboom|Superpower|p1a: Skarmory
|-ability|p1a: Skarmory|Sturdy
|-damage|p1a: Skarmory|1/100
|-unboost|p2a: Rillaboom|atk|1
|-unboost|p2a: Rillaboom|def|1
|-damage|p2a: Rillaboom|14/100|[from] item: Life Orb
|move|p1a: Skarmory|Body Press|p2a: Rillaboom
|-damage|p2a: Rillaboom|0 fnt
|faint|p2a: Rillaboom
|
|-heal|p1a: Skarmory|7/100|[from] item: Leftovers
|upkeep
|
|t:|1666641254
|switch|p2a: Tapu Lele|Tapu Lele|84/100
|-damage|p2a: Tapu Lele|68/100|[from] Spikes
|-fieldstart|move: Psychic Terrain|[from] ability: Psychic Surge|[of] p2a: Tapu Lele
|turn|29
|
|t:|1666641262
|move|p2a: Tapu Lele|Psyshock|p1a: Skarmory
|-resisted|p1a: Skarmory
|-damage|p1a: Skarmory|0 fnt
|faint|p1a: Skarmory
|
|upkeep
|
|t:|1666641265
|switch|p1a: Blissey|Blissey, F|88/100
|turn|30
|c| Crowv2|darmanitan toxic
|c| Crowv2|nice tech
|inactive|Battle timer is ON: inactive players will automatically lose when time's up. (requested by shiawasenostory)
|
|t:|1666641307
|switch|p2a: Mandibuzz|Mandibuzz, F, shiny|35/100 tox
|move|p1a: Blissey|Soft-Boiled|p1a: Blissey
|-heal|p1a: Blissey|100/100
|
|-damage|p2a: Mandibuzz|29/100 tox|[from] psn
|upkeep
|turn|31
|
|t:|1666641311
|move|p2a: Mandibuzz|Roost|p2a: Mandibuzz
|-heal|p2a: Mandibuzz|79/100 tox
|-singleturn|p2a: Mandibuzz|move: Roost
|move|p1a: Blissey|Seismic Toss|p2a: Mandibuzz
|-damage|p2a: Mandibuzz|55/100 tox
|-damage|p1a: Blissey|84/100|[from] item: Rocky Helmet|[of] p2a: Mandibuzz
|
|-damage|p2a: Mandibuzz|43/100 tox|[from] psn
|upkeep
|turn|32
|
|t:|1666641316
|move|p2a: Mandibuzz|Toxic|p1a: Blissey
|-status|p1a: Blissey|tox
|move|p1a: Blissey|Stealth Rock|p2a: Mandibuzz
|-sidestart|p2: Omari P alt|move: Stealth Rock
|
|-damage|p2a: Mandibuzz|25/100 tox|[from] psn
|-damage|p1a: Blissey|78/100 tox|[from] psn
|upkeep
|turn|33
|
|t:|1666641324
|move|p2a: Mandibuzz|Roost|p2a: Mandibuzz
|-heal|p2a: Mandibuzz|75/100 tox
|-singleturn|p2a: Mandibuzz|move: Roost
|move|p1a: Blissey|Seismic Toss|p2a: Mandibuzz
|-damage|p2a: Mandibuzz|51/100 tox
|-damage|p1a: Blissey|61/100 tox|[from] item: Rocky Helmet|[of] p2a: Mandibuzz
|
|-damage|p2a: Mandibuzz|27/100 tox|[from] psn
|-damage|p1a: Blissey|49/100 tox|[from] psn
|-fieldend|move: Psychic Terrain
|upkeep
|turn|34
|
|t:|1666641328
|move|p2a: Mandibuzz|Defog|p1a: Blissey
|-unboost|p1a: Blissey|evasion|1
|-sideend|p1: shiawasenostory|Stealth Rock|[from] move: Defog|[of] p2a: Mandibuzz
|-sideend|p2: Omari P alt|Spikes|[from] move: Defog|[of] p2a: Mandibuzz
|-sideend|p2: Omari P alt|Stealth Rock|[from] move: Defog|[of] p2a: Mandibuzz
|move|p1a: Blissey|Soft-Boiled|p1a: Blissey
|-heal|p1a: Blissey|99/100 tox
|
|-damage|p2a: Mandibuzz|0 fnt|[from] psn
|faint|p2a: Mandibuzz
|-damage|p1a: Blissey|80/100 tox|[from] psn
|upkeep
|
|t:|1666641331
|switch|p2a: Dragonite|Dragonite, F|100/100
|turn|35
|
|t:|1666641338
|-curestatus|p1a: Blissey|tox|[from] ability: Natural Cure
|switch|p1a: Quagsire|Quagsire, F|54/100 tox
|move|p2a: Dragonite|Dragon Dance|p2a: Dragonite
|-boost|p2a: Dragonite|atk|1
|-boost|p2a: Dragonite|spe|1
|
|-damage|p1a: Quagsire|48/100 tox|[from] psn
|upkeep
|turn|36
|
|t:|1666641344
|move|p2a: Dragonite|Earthquake|p1a: Quagsire
|-damage|p1a: Quagsire|22/100 tox
|move|p1a: Quagsire|Toxic|p2a: Dragonite
|-status|p2a: Dragonite|tox
|-enditem|p2a: Dragonite|Lum Berry|[eat]
|-curestatus|p2a: Dragonite|tox|[msg]
|
|-damage|p1a: Quagsire|10/100 tox|[from] psn
|upkeep
|turn|37
|
|t:|1666641350
|move|p2a: Dragonite|Earthquake|p1a: Quagsire
|-damage|p1a: Quagsire|0 fnt
|faint|p1a: Quagsire
|
|upkeep
|
|t:|1666641352
|switch|p1a: Blissey|Blissey, F|80/100
|turn|38
|
|t:|1666641353
|move|p2a: Dragonite|Dragon Dance|p2a: Dragonite
|-boost|p2a: Dragonite|atk|1
|-boost|p2a: Dragonite|spe|1
|move|p1a: Blissey|Toxic|p2a: Dragonite
|-status|p2a: Dragonite|tox
|
|-damage|p2a: Dragonite|94/100 tox|[from] psn
|upkeep
|turn|39
|
|t:|1666641358
|move|p2a: Dragonite|Dragon Dance|p2a: Dragonite
|-boost|p2a: Dragonite|atk|1
|-boost|p2a: Dragonite|spe|1
|move|p1a: Blissey|Soft-Boiled|p1a: Blissey
|-heal|p1a: Blissey|100/100
|
|-damage|p2a: Dragonite|82/100 tox|[from] psn
|upkeep
|turn|40
|
|t:|1666641360
|move|p2a: Dragonite|Earthquake|p1a: Blissey
|-damage|p1a: Blissey|24/100
|move|p1a: Blissey|Seismic Toss|p2a: Dragonite
|-damage|p2a: Dragonite|56/100 tox
|
|-damage|p2a: Dragonite|37/100 tox|[from] psn
|upkeep
|turn|41
|
|t:|1666641367
|move|p2a: Dragonite|Earthquake|p1a: Blissey
|-damage|p1a: Blissey|0 fnt
|faint|p1a: Blissey
|
|win|Omari P alt
|raw|shiawasenostory's rating: 1932 &rarr; <strong>1901</strong><br />(-31 for losing)
|raw|Omari P alt's rating: 1709 &rarr; <strong>1740</strong><br />(+31 for winning)
|l|☆shiawasenostory
|c| Spyer2k|lets GOOOOOOOOOOOOOOOOOOOOOOO
|l| Spyer2k
||Ladder isn't responding, score probably updated but might not have (Request timeout).
|l| dristill
