|raw|<div class="broadcast-blue"><strong>This battle is required to be public due to a player having a name starting with 'btlt200'.</div>
|j|☆BTLT200$ SF'
|j|☆Cardiologie
|t:|1668173661
|gametype|singles
|player|p1|BTLT200$ SF'|palmer|
|player|p2|Cardiologie|morty-masters|
|teamsize|p1|6
|teamsize|p2|6
|gen|8
|tier|[Gen 8] OU
|rule|Sleep Clause Mod: Limit one foe put to sleep
|rule|Species Clause: Limit one of each Pokémon
|rule|OHKO Clause: OHKO moves are banned
|rule|Evasion Items Clause: Evasion items are banned
|rule|Evasion Moves Clause: Evasion moves are banned
|rule|Endless Battle Clause: Forcing endless battles is banned
|rule|HP Percentage Mod: HP is shown in percentages
|rule|Dynamax Clause: You cannot dynamax
|clearpoke
|poke|p1|Slowbro-Galar, M|
|poke|p1|Copperajah, M|
|poke|p1|Weezing-Galar, F|
|poke|p1|Zarude-Dada|
|poke|p1|Runerigus, F|
|poke|p1|Arctovish|
|poke|p2|Coalossal, F|
|poke|p2|Appletun, M|
|poke|p2|Zarude|
|poke|p2|Regieleki|
|poke|p2|Inteleon, M|
|poke|p2|Weezing-Galar, F|
|teampreview
|inactive|Battle timer is ON: inactive players will automatically lose when time's up. (requested by BTLT200$ SF')
|
|t:|1668173681
|start
|switch|p1a: Arctovish|Arctovish|100/100
|switch|p2a: Coalossal|Coalossal, F|100/100
|turn|1
|c|☆Cardiologie|hf
|inactive|BTLT200$ SF' has 270 seconds left.
|
|t:|1668173719
|switch|p2a: Zarude|Zarude|100/100
|move|p1a: Arctovish|Fishious Rend|p2a: Zarude
|-resisted|p2a: Zarude
|-damage|p2a: Zarude|69/100
|
|-heal|p2a: Zarude|75/100|[from] item: Leftovers
|upkeep
|turn|2
|inactive|BTLT200$ SF' has 270 seconds left.
|
|t:|1668173735
|switch|p1a: Weezing|Weezing-Galar, F|100/100
|move|p2a: Zarude|U-turn|p1a: Weezing
|-resisted|p1a: Weezing
|-damage|p1a: Weezing|97/100
|-damage|p2a: Zarude|58/100|[from] item: Rocky Helmet|[of] p1a: Weezing
|
|t:|1668173741
|switch|p2a: Coalossal|Coalossal, F|100/100|[from]move: U-turn
|
|upkeep
|turn|3
|
|t:|1668173749
|switch|p1a: Runerigus|Runerigus, F|100/100
|move|p2a: Coalossal|Stealth Rock|p1a: Runerigus
|-sidestart|p1: BTLT200$ SF'|move: Stealth Rock
|
|upkeep
|turn|4
|
|t:|1668173757
|switch|p2a: Zarude|Zarude|58/100
|move|p1a: Runerigus|Stealth Rock|p2a: Zarude
|-sidestart|p2: Cardiologie|move: Stealth Rock
|
|-heal|p2a: Zarude|64/100|[from] item: Leftovers
|upkeep
|turn|5
|
|t:|1668173762
|switch|p1a: Weezing|Weezing-Galar, F|97/100
|-damage|p1a: Weezing|85/100|[from] Stealth Rock
|move|p2a: Zarude|Taunt|p1a: Weezing
|-start|p1a: Weezing|move: Taunt
|
|-heal|p2a: Zarude|70/100|[from] item: Leftovers
|upkeep
|turn|6
|
|t:|1668173773
|switch|p2a: Coalossal|Coalossal, F|100/100
|move|p1a: Weezing|Sludge Bomb|p2a: Coalossal
|-resisted|p2a: Coalossal
|-damage|p2a: Coalossal|92/100
|
|upkeep
|turn|7
|
|t:|1668173785
|switch|p1a: Runerigus|Runerigus, F|100/100
|-damage|p1a: Runerigus|94/100|[from] Stealth Rock
|move|p2a: Coalossal|Rapid Spin|p1a: Runerigus
|-immune|p1a: Runerigus
|
|-heal|p1a: Runerigus|100/100|[from] item: Leftovers
|upkeep
|turn|8
|
|t:|1668173791
|switch|p2a: Zarude|Zarude|70/100
|-damage|p2a: Zarude|58/100|[from] Stealth Rock
|move|p1a: Runerigus|Poltergeist|p2a: Zarude
|-activate|p2a: Zarude|move: Poltergeist|Leftovers
|-resisted|p2a: Zarude
|-damage|p2a: Zarude|45/100
|
|-heal|p2a: Zarude|51/100|[from] item: Leftovers
|upkeep
|turn|9
|
|t:|1668173797
|switch|p1a: Weezing|Weezing-Galar, F|85/100
|-damage|p1a: Weezing|73/100|[from] Stealth Rock
|move|p2a: Zarude|Jungle Healing|p2a: Zarude
|-heal|p2a: Zarude|76/100
|
|-heal|p2a: Zarude|82/100|[from] item: Leftovers
|upkeep
|turn|10
|
|t:|1668173813
|switch|p2a: Coalossal|Coalossal, F|92/100
|move|p1a: Weezing|Sludge Bomb|p2a: Coalossal
|-resisted|p2a: Coalossal
|-damage|p2a: Coalossal|83/100
|
|upkeep
|turn|11
|
|t:|1668173819
|switch|p1a: Runerigus|Runerigus, F|100/100
|-damage|p1a: Runerigus|94/100|[from] Stealth Rock
|move|p2a: Coalossal|Will-O-Wisp|p1a: Runerigus
|-status|p1a: Runerigus|brn
|
|-heal|p1a: Runerigus|100/100 brn|[from] item: Leftovers
|-damage|p1a: Runerigus|94/100 brn|[from] brn
|upkeep
|turn|12
|
|t:|1668173827
|switch|p2a: Appletun|Appletun, M|100/100
|-damage|p2a: Appletun|88/100|[from] Stealth Rock
|move|p1a: Runerigus|Will-O-Wisp|p2a: Appletun
|-status|p2a: Appletun|brn
|
|-heal|p1a: Runerigus|100/100 brn|[from] item: Leftovers
|-heal|p2a: Appletun|94/100 brn|[from] item: Leftovers
|-damage|p1a: Runerigus|94/100 brn|[from] brn
|-damage|p2a: Appletun|88/100 brn|[from] brn
|upkeep
|turn|13
|
|t:|1668173837
|switch|p1a: Slowbro|Slowbro-Galar, M|100/100
|-damage|p1a: Slowbro|88/100|[from] Stealth Rock
|move|p2a: Appletun|Leech Seed|p1a: Slowbro
|-start|p1a: Slowbro|move: Leech Seed
|
|-heal|p2a: Appletun|94/100 brn|[from] item: Leftovers
|-damage|p1a: Slowbro|76/100|[from] Leech Seed|[of] p2a: Appletun
|-heal|p2a: Appletun|100/100 brn|[silent]
|-damage|p2a: Appletun|94/100 brn|[from] brn
|upkeep
|turn|14
|
|t:|1668173844
|switch|p1a: Weezing|Weezing-Galar, F|73/100
|-damage|p1a: Weezing|60/100|[from] Stealth Rock
|move|p2a: Appletun|Apple Acid|p1a: Weezing
|-resisted|p1a: Weezing
|-damage|p1a: Weezing|42/100
|-unboost|p1a: Weezing|spd|1
|
|-heal|p2a: Appletun|100/100 brn|[from] item: Leftovers
|-damage|p2a: Appletun|94/100 brn|[from] brn
|upkeep
|turn|15
|
|t:|1668173849
|switch|p2a: Coalossal|Coalossal, F|83/100
|move|p1a: Weezing|Pain Split|p2a: Coalossal
|-sethp|p2a: Coalossal|58/100|[from] move: Pain Split|[silent]
|-sethp|p1a: Weezing|74/100|[from] move: Pain Split
|
|upkeep
|turn|16
|
|t:|1668173852
|switch|p1a: Runerigus|Runerigus, F|94/100 brn
|-damage|p1a: Runerigus|88/100 brn|[from] Stealth Rock
|move|p2a: Coalossal|Flamethrower|p1a: Runerigus
|-crit|p1a: Runerigus
|-damage|p1a: Runerigus|61/100 brn
|
|-heal|p1a: Runerigus|67/100 brn|[from] item: Leftovers
|-damage|p1a: Runerigus|61/100 brn|[from] brn
|upkeep
|turn|17
|
|t:|1668173864
|switch|p2a: Appletun|Appletun, M|94/100 brn
|-damage|p2a: Appletun|82/100 brn|[from] Stealth Rock
|move|p1a: Runerigus|Poltergeist|p2a: Appletun|[miss]
|-miss|p1a: Runerigus|p2a: Appletun
|
|-heal|p2a: Appletun|88/100 brn|[from] item: Leftovers
|-heal|p1a: Runerigus|67/100 brn|[from] item: Leftovers
|-damage|p2a: Appletun|82/100 brn|[from] brn
|-damage|p1a: Runerigus|61/100 brn|[from] brn
|upkeep
|turn|18
|
|t:|1668173875
|switch|p1a: Slowbro|Slowbro-Galar, M|100/100
|-damage|p1a: Slowbro|88/100|[from] Stealth Rock
|move|p2a: Appletun|Apple Acid|p1a: Slowbro
|-resisted|p1a: Slowbro
|-damage|p1a: Slowbro|72/100
|-unboost|p1a: Slowbro|spd|1
|
|-heal|p2a: Appletun|88/100 brn|[from] item: Leftovers
|-damage|p2a: Appletun|82/100 brn|[from] brn
|upkeep
|turn|19
|
|t:|1668173881
|move|p2a: Appletun|Leech Seed|p1a: Slowbro
|-start|p1a: Slowbro|move: Leech Seed
|move|p1a: Slowbro|Sludge Bomb|p2a: Appletun
|-supereffective|p2a: Appletun
|-damage|p2a: Appletun|25/100 brn
|
|-heal|p2a: Appletun|31/100 brn|[from] item: Leftovers
|-damage|p1a: Slowbro|59/100|[from] Leech Seed|[of] p2a: Appletun
|-heal|p2a: Appletun|43/100 brn|[silent]
|-damage|p2a: Appletun|37/100 brn|[from] brn
|upkeep
|turn|20
|
|t:|1668173887
|switch|p1a: Weezing|Weezing-Galar, F|74/100
|-damage|p1a: Weezing|62/100|[from] Stealth Rock
|move|p2a: Appletun|Recover|p2a: Appletun
|-heal|p2a: Appletun|87/100 brn
|
|-heal|p2a: Appletun|93/100 brn|[from] item: Leftovers
|-damage|p2a: Appletun|87/100 brn|[from] brn
|upkeep
|turn|21
|
|t:|1668173893
|switch|p2a: Weezing|Weezing-Galar, F|100/100
|-damage|p2a: Weezing|88/100|[from] Stealth Rock
|move|p1a: Weezing|Sludge Bomb|p2a: Weezing
|-damage|p2a: Weezing|51/100
|
|upkeep
|turn|22
|
|t:|1668173898
|switch|p1a: Runerigus|Runerigus, F|61/100 brn
|-damage|p1a: Runerigus|55/100 brn|[from] Stealth Rock
|move|p2a: Weezing|Pain Split|p1a: Runerigus
|-sethp|p1a: Runerigus|54/100 brn|[from] move: Pain Split|[silent]
|-sethp|p2a: Weezing|52/100|[from] move: Pain Split
|
|-heal|p1a: Runerigus|60/100 brn|[from] item: Leftovers
|-damage|p1a: Runerigus|54/100 brn|[from] brn
|upkeep
|turn|23
|
|t:|1668173910
|switch|p2a: Appletun|Appletun, M|87/100 brn
|-damage|p2a: Appletun|75/100 brn|[from] Stealth Rock
|move|p1a: Runerigus|Rest|p1a: Runerigus
|-status|p1a: Runerigus|slp|[from] move: Rest
|-heal|p1a: Runerigus|100/100 slp|[silent]
|
|-heal|p2a: Appletun|81/100 brn|[from] item: Leftovers
|-damage|p2a: Appletun|75/100 brn|[from] brn
|upkeep
|turn|24
|
|t:|1668173914
|switch|p1a: Slowbro|Slowbro-Galar, M|92/100
|-damage|p1a: Slowbro|80/100|[from] Stealth Rock
|move|p2a: Appletun|Leech Seed|p1a: Slowbro
|-start|p1a: Slowbro|move: Leech Seed
|
|-heal|p2a: Appletun|81/100 brn|[from] item: Leftovers
|-damage|p1a: Slowbro|68/100|[from] Leech Seed|[of] p2a: Appletun
|-heal|p2a: Appletun|92/100 brn|[silent]
|-damage|p2a: Appletun|86/100 brn|[from] brn
|upkeep
|turn|25
|
|t:|1668173919
|move|p2a: Appletun|Apple Acid|p1a: Slowbro
|-resisted|p1a: Slowbro
|-damage|p1a: Slowbro|51/100
|-unboost|p1a: Slowbro|spd|1
|move|p1a: Slowbro|Sludge Bomb|p2a: Appletun
|-supereffective|p2a: Appletun
|-damage|p2a: Appletun|22/100 brn
|
|-heal|p2a: Appletun|28/100 brn|[from] item: Leftovers
|-damage|p1a: Slowbro|38/100|[from] Leech Seed|[of] p2a: Appletun
|-heal|p2a: Appletun|40/100 brn|[silent]
|-damage|p2a: Appletun|34/100 brn|[from] brn
|upkeep
|turn|26
|
|t:|1668173929
|switch|p1a: Weezing|Weezing-Galar, F|62/100
|-damage|p1a: Weezing|49/100|[from] Stealth Rock
|move|p2a: Appletun|Recover|p2a: Appletun
|-heal|p2a: Appletun|84/100 brn
|
|-heal|p2a: Appletun|90/100 brn|[from] item: Leftovers
|-damage|p2a: Appletun|84/100 brn|[from] brn
|upkeep
|turn|27
|
|t:|1668173951
|switch|p2a: Coalossal|Coalossal, F|58/100
|move|p1a: Weezing|Sludge Bomb|p2a: Coalossal
|-resisted|p2a: Coalossal
|-damage|p2a: Coalossal|49/100
|-status|p2a: Coalossal|psn
|
|-damage|p2a: Coalossal|37/100 psn|[from] psn
|upkeep
|turn|28
|
|t:|1668173957
|switch|p1a: Runerigus|Runerigus, F|100/100 slp
|-damage|p1a: Runerigus|94/100 slp|[from] Stealth Rock
|move|p2a: Coalossal|Flamethrower|p1a: Runerigus
|-damage|p1a: Runerigus|76/100 slp
|
|-heal|p1a: Runerigus|82/100 slp|[from] item: Leftovers
|-damage|p2a: Coalossal|25/100 psn|[from] psn
|upkeep
|turn|29
|
|t:|1668173967
|switch|p1a: Slowbro|Slowbro-Galar, M|72/100
|-damage|p1a: Slowbro|59/100|[from] Stealth Rock
|switch|p2a: Zarude|Zarude|82/100
|-damage|p2a: Zarude|70/100|[from] Stealth Rock
|
|-heal|p2a: Zarude|76/100|[from] item: Leftovers
|upkeep
|turn|30
|
|t:|1668173976
|move|p2a: Zarude|U-turn|p1a: Slowbro
|-damage|p1a: Slowbro|46/100
|-damage|p2a: Zarude|59/100|[from] item: Rocky Helmet|[of] p1a: Slowbro
|
|t:|1668173991
|switch|p2a: Coalossal|Coalossal, F|25/100 psn|[from]move: U-turn
|move|p1a: Slowbro|Sludge Bomb|p2a: Coalossal
|-resisted|p2a: Coalossal
|-damage|p2a: Coalossal|16/100 psn
|
|-damage|p2a: Coalossal|3/100 psn|[from] psn
|upkeep
|turn|31
|
|t:|1668173998
|switch|p1a: Runerigus|Runerigus, F|82/100 slp
|-damage|p1a: Runerigus|76/100 slp|[from] Stealth Rock
|move|p2a: Coalossal|Flamethrower|p1a: Runerigus
|-damage|p1a: Runerigus|57/100 slp
|
|-heal|p1a: Runerigus|64/100 slp|[from] item: Leftovers
|-damage|p2a: Coalossal|0 fnt|[from] psn
|faint|p2a: Coalossal
|upkeep
|
|t:|1668174002
|switch|p2a: Inteleon|Inteleon, M|100/100
|-damage|p2a: Inteleon|88/100|[from] Stealth Rock
|turn|32
|
|t:|1668174005
|switch|p1a: Arctovish|Arctovish|100/100
|move|p2a: Inteleon|U-turn|p1a: Arctovish
|-damage|p1a: Arctovish|87/100
|
|t:|1668174030
|switch|p2a: Zarude|Zarude|59/100|[from]move: U-turn
|-damage|p2a: Zarude|47/100|[from] Stealth Rock
|
|-heal|p2a: Zarude|53/100|[from] item: Leftovers
|upkeep
|turn|33
|
|t:|1668174037
|switch|p1a: Slowbro|Slowbro-Galar, M|79/100
|-damage|p1a: Slowbro|66/100|[from] Stealth Rock
|move|p2a: Zarude|Darkest Lariat|p1a: Slowbro
|-supereffective|p1a: Slowbro
|-damage|p1a: Slowbro|25/100
|-damage|p2a: Zarude|36/100|[from] item: Rocky Helmet|[of] p1a: Slowbro
|
|-heal|p2a: Zarude|42/100|[from] item: Leftovers
|upkeep
|turn|34
|
|t:|1668174044
|switch|p1a: Weezing|Weezing-Galar, F|49/100
|-damage|p1a: Weezing|37/100|[from] Stealth Rock
|move|p2a: Zarude|Jungle Healing|p2a: Zarude
|-heal|p2a: Zarude|67/100
|
|-heal|p2a: Zarude|73/100|[from] item: Leftovers
|upkeep
|turn|35
|
|t:|1668174060
|switch|p2a: Weezing|Weezing-Galar, F|52/100
|-damage|p2a: Weezing|39/100|[from] Stealth Rock
|move|p1a: Weezing|Sludge Bomb|p2a: Weezing
|-damage|p2a: Weezing|3/100
|
|upkeep
|turn|36
|
|t:|1668174065
|move|p1a: Weezing|Sludge Bomb|p2a: Weezing
|-damage|p2a: Weezing|0 fnt
|faint|p2a: Weezing
|
|upkeep
|
|t:|1668174069
|switch|p2a: Inteleon|Inteleon, M|88/100
|-damage|p2a: Inteleon|76/100|[from] Stealth Rock
|turn|37
|
|t:|1668174076
|switch|p1a: Arctovish|Arctovish|87/100
|move|p2a: Inteleon|U-turn|p1a: Arctovish
|-damage|p1a: Arctovish|75/100
|
|t:|1668174082
|switch|p2a: Zarude|Zarude|73/100|[from]move: U-turn
|-damage|p2a: Zarude|61/100|[from] Stealth Rock
|
|-heal|p2a: Zarude|67/100|[from] item: Leftovers
|upkeep
|turn|38
|
|t:|1668174091
|switch|p1a: Copperajah|Copperajah, M|100/100
|-damage|p1a: Copperajah|94/100|[from] Stealth Rock
|move|p2a: Zarude|Darkest Lariat|p1a: Copperajah
|-damage|p1a: Copperajah|55/100
|
|-heal|p2a: Zarude|73/100|[from] item: Leftovers
|upkeep
|turn|39
|
|t:|1668174100
|move|p2a: Zarude|U-turn|p1a: Copperajah
|-resisted|p1a: Copperajah
|-damage|p1a: Copperajah|43/100
|
|t:|1668174102
|switch|p2a: Appletun|Appletun, M|84/100 brn|[from]move: U-turn
|-damage|p2a: Appletun|71/100 brn|[from] Stealth Rock
|move|p1a: Copperajah|Heavy Slam|p2a: Appletun
|-damage|p2a: Appletun|28/100 brn
|
|-heal|p2a: Appletun|34/100 brn|[from] item: Leftovers
|-damage|p2a: Appletun|28/100 brn|[from] brn
|upkeep
|turn|40
|
|t:|1668174113
|move|p1a: Copperajah|Superpower|p2a: Appletun
|-damage|p2a: Appletun|0 fnt
|-unboost|p1a: Copperajah|atk|1
|-unboost|p1a: Copperajah|def|1
|faint|p2a: Appletun
|
|upkeep
|
|t:|1668174117
|switch|p2a: Zarude|Zarude|73/100
|-damage|p2a: Zarude|61/100|[from] Stealth Rock
|turn|41
|
|t:|1668174131
|move|p2a: Zarude|Darkest Lariat|p1a: Copperajah
|-damage|p1a: Copperajah|6/100
|move|p1a: Copperajah|Superpower|p2a: Zarude
|-supereffective|p2a: Zarude
|-damage|p2a: Zarude|15/100
|-unboost|p1a: Copperajah|atk|1
|-unboost|p1a: Copperajah|def|1
|
|-heal|p2a: Zarude|21/100|[from] item: Leftovers
|upkeep
|turn|42
|
|t:|1668174141
|switch|p1a: Weezing|Weezing-Galar, F|37/100
|-damage|p1a: Weezing|25/100|[from] Stealth Rock
|move|p2a: Zarude|Darkest Lariat|p1a: Weezing
|-resisted|p1a: Weezing
|-damage|p1a: Weezing|14/100
|-damage|p2a: Zarude|4/100|[from] item: Rocky Helmet|[of] p1a: Weezing
|
|-heal|p2a: Zarude|10/100|[from] item: Leftovers
|upkeep
|turn|43
|
|t:|1668174152
|move|p2a: Zarude|Darkest Lariat|p1a: Weezing
|-resisted|p1a: Weezing
|-damage|p1a: Weezing|3/100
|-damage|p2a: Zarude|0 fnt|[from] item: Rocky Helmet|[of] p1a: Weezing
|faint|p2a: Zarude
|move|p1a: Weezing|Sludge Bomb|p2: Zarude|[notarget]
|-fail|p1a: Weezing
|
|upkeep
|
|t:|1668174156
|switch|p2a: Inteleon|Inteleon, M|76/100
|-damage|p2a: Inteleon|63/100|[from] Stealth Rock
|turn|44
|
|t:|1668174169
|switch|p1a: Arctovish|Arctovish|75/100
|move|p2a: Inteleon|U-turn|p1a: Arctovish
|-damage|p1a: Arctovish|62/100
|
|t:|1668174173
|switch|p2a: Regieleki|Regieleki|100/100|[from]move: U-turn
|-damage|p2a: Regieleki|88/100|[from] Stealth Rock
|
|upkeep
|turn|45
|
|t:|1668174176
|switch|p2a: Inteleon|Inteleon, M|63/100
|-damage|p2a: Inteleon|51/100|[from] Stealth Rock
|switch|p1a: Runerigus|Runerigus, F|64/100 slp
|-damage|p1a: Runerigus|57/100 slp|[from] Stealth Rock
|
|-heal|p1a: Runerigus|64/100 slp|[from] item: Leftovers
|upkeep
|turn|46
|
|t:|1668174179
|switch|p1a: Arctovish|Arctovish|62/100
|move|p2a: Inteleon|U-turn|p1a: Arctovish
|-damage|p1a: Arctovish|49/100
|
|t:|1668174181
|switch|p2a: Regieleki|Regieleki|88/100|[from]move: U-turn
|-damage|p2a: Regieleki|76/100|[from] Stealth Rock
|
|upkeep
|turn|47
|
|t:|1668174183
|switch|p2a: Inteleon|Inteleon, M|51/100
|-damage|p2a: Inteleon|38/100|[from] Stealth Rock
|switch|p1a: Runerigus|Runerigus, F|64/100 slp
|-damage|p1a: Runerigus|57/100 slp|[from] Stealth Rock
|
|-heal|p1a: Runerigus|64/100 slp|[from] item: Leftovers
|upkeep
|turn|48
|
|t:|1668174187
|switch|p1a: Weezing|Weezing-Galar, F|3/100
|-damage|p1a: Weezing|0 fnt|[from] Stealth Rock
|faint|p1a: Weezing
|move|p2a: Inteleon|U-turn|p1: Weezing|[notarget]
|-fail|p2a: Inteleon
|
|upkeep
|
|t:|1668174188
|switch|p1a: Arctovish|Arctovish|49/100
|turn|49
|
|t:|1668174192
|move|p2a: Inteleon|U-turn|p1a: Arctovish
|-damage|p1a: Arctovish|36/100
|
|t:|1668174194
|switch|p2a: Regieleki|Regieleki|76/100|[from]move: U-turn
|-damage|p2a: Regieleki|64/100|[from] Stealth Rock
|move|p1a: Arctovish|Fishious Rend|p2a: Regieleki
|-damage|p2a: Regieleki|0 fnt
|faint|p2a: Regieleki
|
|upkeep
|
|t:|1668174195
|switch|p2a: Inteleon|Inteleon, M|38/100
|-damage|p2a: Inteleon|26/100|[from] Stealth Rock
|turn|50
|
|t:|1668174196
|move|p2a: Inteleon|Ice Beam|p1a: Arctovish
|-resisted|p1a: Arctovish
|-damage|p1a: Arctovish|24/100
|move|p1a: Arctovish|Freeze-Dry|p2a: Inteleon
|-supereffective|p2a: Inteleon
|-damage|p2a: Inteleon|0 fnt
|faint|p2a: Inteleon
|
|win|BTLT200$ SF'
|l|☆Cardiologie
