|j|☆COMUNICADO OFICIAL
|j|☆bojacksonisapimp
|player|p1|COMUNICADO OFICIAL|2|1648
|player|p2|bojacksonisapimp|beauty-gen2jp|1594
|teamsize|p1|6
|teamsize|p2|6
|gametype|singles
|gen|8
|tier|[Gen 8] OU
|rated|
|clearpoke
|poke|p1|Cinderace, M|
|poke|p1|Clefable, F|
|poke|p1|Primarina, F|
|poke|p1|Corviknight, M|
|poke|p1|Zeraora|
|poke|p1|Arcanine, F|
|poke|p2|Mew|
|poke|p2|Grimmsnarl, M|
|poke|p2|Gyarados, M|
|poke|p2|Zeraora|
|poke|p2|Bisharp, M|
|poke|p2|Dragapult, M|
|rule|Sleep Clause Mod: Limit one foe put to sleep
|rule|Species Clause: Limit one of each Pokémon
|rule|OHKO Clause: OHKO moves are banned
|rule|Evasion Moves Clause: Evasion moves are banned
|rule|Endless Battle Clause: Forcing endless battles is banned
|rule|HP Percentage Mod: HP is shown in percentages
|rule|Dynamax Clause: You cannot dynamax
|teampreview
|inactive|Battle timer is ON: inactive players will automatically lose when time's up. (requested by COMUNICADO OFICIAL)
|
|start
|switch|p1a: Zeraora|Zeraora|100/100
|switch|p2a: Mew|Mew|100/100
|turn|1
|
|move|p1a: Zeraora|Knock Off|p2a: Mew
|-supereffective|p2a: Mew
|-damage|p2a: Mew|20/100
|-enditem|p2a: Mew|Life Orb|[from] move: Knock Off|[of] p1a: Zeraora
|move|p2a: Mew|Stealth Rock|p1a: Zeraora
|-sidestart|p1: COMUNICADO OFICIAL|move: Stealth Rock
|
|upkeep
|turn|2
|
|move|p1a: Zeraora|Knock Off|p2a: Mew
|-supereffective|p2a: Mew
|-damage|p2a: Mew|0 fnt
|faint|p2a: Mew
|
|upkeep
|
|switch|p2a: Grimmsnarl|Grimmsnarl, M|100/100
|turn|3
|
|move|p2a: Grimmsnarl|Reflect|p2a: Grimmsnarl
|-sidestart|p2: bojacksonisapimp|Reflect
|move|p1a: Zeraora|Knock Off|p2a: Grimmsnarl
|-resisted|p2a: Grimmsnarl
|-damage|p2a: Grimmsnarl|96/100
|-enditem|p2a: Grimmsnarl|Light Clay|[from] move: Knock Off|[of] p1a: Zeraora
|
|upkeep
|turn|4
|
|switch|p1a: Clefable|Clefable, F, shiny|100/100
|move|p2a: Grimmsnarl|Light Screen|p2a: Grimmsnarl
|-sidestart|p2: bojacksonisapimp|move: Light Screen
|
|upkeep
|turn|5
|
|move|p2a: Grimmsnarl|Taunt|p1a: Clefable
|-start|p1a: Clefable|move: Taunt
|move|p1a: Clefable|Moonblast|p2a: Grimmsnarl
|-supereffective|p2a: Grimmsnarl
|-damage|p2a: Grimmsnarl|39/100
|-unboost|p2a: Grimmsnarl|spa|1
|
|upkeep
|turn|6
|
|switch|p2a: Bisharp|Bisharp, M|100/100
|move|p1a: Clefable|Moonblast|p2a: Bisharp
|-damage|p2a: Bisharp|50/100
|-unboost|p2a: Bisharp|spa|1
|-ability|p2a: Bisharp|Defiant
|-boost|p2a: Bisharp|atk|2
|
|upkeep
|turn|7
|
|move|p2a: Bisharp|Iron Head|p1a: Clefable
|-supereffective|p1a: Clefable
|-damage|p1a: Clefable|0 fnt
|faint|p1a: Clefable
|
|upkeep
|
|switch|p1a: Arcanine|Arcanine, F|100/100
|-ability|p1a: Arcanine|Intimidate|boost
|-unboost|p2a: Bisharp|atk|1
|-ability|p2a: Bisharp|Defiant
|-boost|p2a: Bisharp|atk|2
|turn|8
|
|move|p2a: Bisharp|Sucker Punch||[still]
|-fail|p2a: Bisharp
|move|p1a: Arcanine|Will-O-Wisp|p2a: Bisharp
|-status|p2a: Bisharp|brn
|
|-damage|p2a: Bisharp|44/100 brn|[from] brn
|-sideend|p2: bojacksonisapimp|move: Light Screen
|upkeep
|turn|9
|
|move|p2a: Bisharp|Knock Off|p1a: Arcanine
|-damage|p1a: Arcanine|36/100
|-enditem|p1a: Arcanine|Heavy-Duty Boots|[from] move: Knock Off|[of] p2a: Bisharp
|move|p1a: Arcanine|Flamethrower|p2a: Bisharp
|-supereffective|p2a: Bisharp
|-damage|p2a: Bisharp|0 fnt
|faint|p2a: Bisharp
|
|upkeep
|
|switch|p2a: Zeraora|Zeraora|100/100
|turn|10
|
|move|p2a: Zeraora|Calm Mind|p2a: Zeraora
|-boost|p2a: Zeraora|spa|1
|-boost|p2a: Zeraora|spd|1
|move|p1a: Arcanine|Will-O-Wisp|p2a: Zeraora
|-status|p2a: Zeraora|brn
|
|-damage|p2a: Zeraora|95/100 brn|[from] brn
|-sideend|p2: bojacksonisapimp|Reflect
|upkeep
|turn|11
|
|move|p2a: Zeraora|Thunderbolt|p1a: Arcanine
|-damage|p1a: Arcanine|0 fnt
|faint|p1a: Arcanine
|
|-heal|p2a: Zeraora|100/100 brn|[from] item: Leftovers
|-damage|p2a: Zeraora|95/100 brn|[from] brn
|upkeep
|
|switch|p1a: Cinderace|Cinderace, M, shiny|100/100
|turn|12
|
|move|p2a: Zeraora|Thunderbolt|p1a: Cinderace
|-damage|p1a: Cinderace|17/100
|move|p1a: Cinderace|Pyro Ball|p2a: Zeraora|[miss]
|-miss|p1a: Cinderace|p2a: Zeraora
|
|-heal|p2a: Zeraora|100/100 brn|[from] item: Leftovers
|-damage|p2a: Zeraora|95/100 brn|[from] brn
|upkeep
|turn|13
|c|☆bojacksonisapimp|Ouf sorry
|
|move|p1a: Cinderace|Sucker Punch|p2a: Zeraora
|-start|p1a: Cinderace|typechange|Dark|[from] ability: Libero
|-damage|p2a: Zeraora|50/100 brn
|move|p2a: Zeraora|Aura Sphere|p1a: Cinderace
|-supereffective|p1a: Cinderace
|-damage|p1a: Cinderace|0 fnt
|faint|p1a: Cinderace
|
|-heal|p2a: Zeraora|56/100 brn|[from] item: Leftovers
|-damage|p2a: Zeraora|50/100 brn|[from] brn
|upkeep
|
|switch|p1a: Zeraora|Zeraora|100/100
|-damage|p1a: Zeraora|88/100|[from] Stealth Rock
|turn|14
|
|move|p1a: Zeraora|Knock Off|p2a: Zeraora
|-damage|p2a: Zeraora|0 fnt
|-enditem|p2a: Zeraora|Leftovers|[from] move: Knock Off|[of] p1a: Zeraora
|faint|p2a: Zeraora
|
|upkeep
|
|switch|p2a: Grimmsnarl|Grimmsnarl, M|39/100
|turn|15
|
|switch|p1a: Primarina|Primarina, F|100/100
|-damage|p1a: Primarina|88/100|[from] Stealth Rock
|move|p2a: Grimmsnarl|Reflect|p2a: Grimmsnarl
|-sidestart|p2: bojacksonisapimp|Reflect
|
|-heal|p1a: Primarina|94/100|[from] item: Leftovers
|upkeep
|turn|16
|
|move|p2a: Grimmsnarl|Light Screen|p2a: Grimmsnarl
|-sidestart|p2: bojacksonisapimp|move: Light Screen
|move|p1a: Primarina|Moonblast|p2a: Grimmsnarl
|-supereffective|p2a: Grimmsnarl
|-damage|p2a: Grimmsnarl|0 fnt
|faint|p2a: Grimmsnarl
|
|-heal|p1a: Primarina|99/100|[from] item: Leftovers
|upkeep
|
|switch|p2a: Gyarados|Gyarados, M|100/100
|turn|17
|
|switch|p1a: Zeraora|Zeraora|88/100
|-damage|p1a: Zeraora|76/100|[from] Stealth Rock
|move|p2a: Gyarados|Dragon Dance|p2a: Gyarados
|-boost|p2a: Gyarados|atk|1
|-boost|p2a: Gyarados|spe|1
|
|upkeep
|turn|18
|
|move|p2a: Gyarados|Earthquake|p1a: Zeraora
|-supereffective|p1a: Zeraora
|-damage|p1a: Zeraora|0 fnt
|faint|p1a: Zeraora
|-ability|p2a: Gyarados|Moxie|boost
|-boost|p2a: Gyarados|atk|1
|
|upkeep
|
|switch|p1a: Corviknight|Corviknight, M, shiny|100/100
|-damage|p1a: Corviknight|88/100|[from] Stealth Rock
|-ability|p1a: Corviknight|Pressure
|turn|19
|
|move|p2a: Gyarados|Waterfall|p1a: Corviknight
|-damage|p1a: Corviknight|38/100
|move|p1a: Corviknight|Bulk Up|p1a: Corviknight
|-boost|p1a: Corviknight|atk|1
|-boost|p1a: Corviknight|def|1
|
|-heal|p1a: Corviknight|44/100|[from] item: Leftovers
|-sideend|p2: bojacksonisapimp|Reflect
|upkeep
|turn|20
|
|move|p2a: Gyarados|Waterfall|p1a: Corviknight
|-damage|p1a: Corviknight|7/100
|move|p1a: Corviknight|Roost|p1a: Corviknight
|-heal|p1a: Corviknight|57/100
|-singleturn|p1a: Corviknight|move: Roost
|
|-heal|p1a: Corviknight|63/100|[from] item: Leftovers
|-sideend|p2: bojacksonisapimp|move: Light Screen
|upkeep
|turn|21
|
|move|p2a: Gyarados|Dragon Dance|p2a: Gyarados
|-boost|p2a: Gyarados|atk|1
|-boost|p2a: Gyarados|spe|1
|move|p1a: Corviknight|Roost|p1a: Corviknight
|-heal|p1a: Corviknight|100/100
|-singleturn|p1a: Corviknight|move: Roost
|
|upkeep
|turn|22
|
|move|p2a: Gyarados|Waterfall|p1a: Corviknight
|-damage|p1a: Corviknight|53/100
|move|p1a: Corviknight|Brave Bird|p2a: Gyarados
|-damage|p2a: Gyarados|33/100
|-damage|p1a: Corviknight|35/100|[from] Recoil
|
|-heal|p1a: Corviknight|41/100|[from] item: Leftovers
|upkeep
|turn|23
|
|move|p2a: Gyarados|Waterfall|p1a: Corviknight
|-damage|p1a: Corviknight|0 fnt
|faint|p1a: Corviknight
|-ability|p2a: Gyarados|Moxie|boost
|-boost|p2a: Gyarados|atk|1
|
|upkeep
|-message|COMUNICADO OFICIAL forfeited.
|
|win|bojacksonisapimp
|l|☆COMUNICADO OFICIAL
|c|☆bojacksonisapimp|GG
||Ladder (probably) updated, but score could not be retrieved (Request timeout).
