|j|☆LT92PF FJ2K
|j|‽hypervortexreturns
|t:|1659753777
|gametype|singles
|player|p1|LT92PF FJ2K|266|1746
|player|p2|hypervortexreturns|2|1846
|teamsize|p1|6
|teamsize|p2|6
|gen|8
|tier|[Gen 8] OU
|rated|
|rule|Sleep Clause Mod: Limit one foe put to sleep
|rule|Species Clause: Limit one of each Pokémon
|rule|OHKO Clause: OHKO moves are banned
|rule|Evasion Items Clause: Evasion items are banned
|rule|Evasion Moves Clause: Evasion moves are banned
|rule|Endless Battle Clause: Forcing endless battles is banned
|rule|HP Percentage Mod: HP is shown in percentages
|rule|Dynamax Clause: You cannot dynamax
|clearpoke
|poke|p1|Tyranitar, F|
|poke|p1|Rotom-Wash|
|poke|p1|Ferrothorn, M|
|poke|p1|Excadrill, M|
|poke|p1|Dragapult, F|
|poke|p1|Clefable, M|
|poke|p2|Hydreigon, F|
|poke|p2|Excadrill, F|
|poke|p2|Azumarill, M|
|poke|p2|Corviknight, M|
|poke|p2|Zapdos|
|poke|p2|Tangrowth, F|
|teampreview
|inactive|Battle timer is ON: inactive players will automatically lose when time's up. (requested by LT92PF FJ2K)
|
|t:|1659753787
|start
|switch|p1a: Rotom|Rotom-Wash|100/100
|switch|p2a: Tangrowth|Tangrowth, F|100/100
|turn|1
|
|t:|1659753793
|move|p1a: Rotom|Will-O-Wisp|p2a: Tangrowth
|-status|p2a: Tangrowth|brn
|move|p2a: Tangrowth|Knock Off|p1a: Rotom
|-damage|p1a: Rotom|89/100
|-enditem|p1a: Rotom|Leftovers|[from] move: Knock Off|[of] p2a: Tangrowth
|
|-damage|p2a: Tangrowth|94/100 brn|[from] brn
|upkeep
|turn|2
|
|t:|1659753804
|move|p1a: Rotom|Volt Switch|p2a: Tangrowth
|-resisted|p2a: Tangrowth
|-damage|p2a: Tangrowth|77/100 brn
|j| isabela000◥▶_◀◤
|j| LT92PF Buzzwole
|
|t:|1659753809
|switch|p1a: Ferrothorn|Ferrothorn, M|100/100|[from]move: Volt Switch
|move|p2a: Tangrowth|Knock Off|p1a: Ferrothorn
|-damage|p1a: Ferrothorn|93/100
|-damage|p2a: Tangrowth|65/100 brn|[from] ability: Iron Barbs|[of] p1a: Ferrothorn
|-enditem|p1a: Ferrothorn|Leftovers|[from] move: Knock Off|[of] p2a: Tangrowth
|
|-damage|p2a: Tangrowth|59/100 brn|[from] brn
|upkeep
|turn|3
|j| LegendaryC26
|j| hjksgdf
|
|t:|1659753823
|move|p2a: Tangrowth|Focus Blast|p1a: Ferrothorn
|-supereffective|p1a: Ferrothorn
|-damage|p1a: Ferrothorn|56/100
|move|p1a: Ferrothorn|Spikes|p2a: Tangrowth
|-sidestart|p2: hypervortexreturns|Spikes
|
|-damage|p2a: Tangrowth|52/100 brn|[from] brn
|upkeep
|turn|4
|l| hjksgdf
|
|t:|1659753836
|switch|p1a: Clefable|Clefable, M|100/100
|move|p2a: Tangrowth|Focus Blast|p1a: Clefable|[miss]
|-miss|p2a: Tangrowth|p1a: Clefable
|
|-damage|p2a: Tangrowth|46/100 brn|[from] brn
|upkeep
|turn|5
|j| BabyPigsAreLaughin
|
|t:|1659753851
|move|p1a: Clefable|Stealth Rock|p2a: Tangrowth
|-sidestart|p2: hypervortexreturns|move: Stealth Rock
|move|p2a: Tangrowth|Sleep Powder|p1a: Clefable
|-status|p1a: Clefable|slp|[from] move: Sleep Powder
|
|-damage|p2a: Tangrowth|40/100 brn|[from] brn
|upkeep
|turn|6
|
|t:|1659753859
|switch|p1a: Rotom|Rotom-Wash|89/100
|move|p2a: Tangrowth|Knock Off|p1a: Rotom
|-damage|p1a: Rotom|80/100
|
|-damage|p2a: Tangrowth|34/100 brn|[from] brn
|upkeep
|turn|7
|
|t:|1659753873
|switch|p2a: Hydreigon|Hydreigon, F|100/100
|-damage|p2a: Hydreigon|88/100|[from] Stealth Rock
|move|p1a: Rotom|Hydro Pump|p2a: Hydreigon|[miss]
|-miss|p1a: Rotom|p2a: Hydreigon
|
|-heal|p2a: Hydreigon|94/100|[from] item: Leftovers
|upkeep
|turn|8
|
|t:|1659753882
|move|p2a: Hydreigon|Dark Pulse|p1a: Rotom
|-damage|p1a: Rotom|47/100
|move|p1a: Rotom|Volt Switch|p2a: Hydreigon
|-resisted|p2a: Hydreigon
|-damage|p2a: Hydreigon|83/100
|
|t:|1659753888
|switch|p1a: Dragapult|Dragapult, F|100/100|[from]move: Volt Switch
|
|-heal|p2a: Hydreigon|89/100|[from] item: Leftovers
|upkeep
|turn|9
|j| slainey?
|l| LegendaryC26
|j| Amigento1958
|
|t:|1659753903
|switch|p2a: Corviknight|Corviknight, M|100/100
|-damage|p2a: Corviknight|88/100|[from] Stealth Rock
|-ability|p2a: Corviknight|Pressure
|move|p1a: Dragapult|U-turn|p2a: Corviknight
|-resisted|p2a: Corviknight
|-damage|p2a: Corviknight|85/100
|
|t:|1659753907
|switch|p1a: Rotom|Rotom-Wash|47/100|[from]move: U-turn
|
|-heal|p2a: Corviknight|91/100|[from] item: Leftovers
|upkeep
|turn|10
|
|t:|1659753918
|switch|p2a: Tangrowth|Tangrowth, F|67/100 brn
|-damage|p2a: Tangrowth|55/100 brn|[from] Spikes
|-damage|p2a: Tangrowth|42/100 brn|[from] Stealth Rock
|move|p1a: Rotom|Will-O-Wisp|p2a: Tangrowth
|-fail|p2a: Tangrowth|brn
|
|-damage|p2a: Tangrowth|36/100 brn|[from] brn
|upkeep
|turn|11
|j| LT92PF wangyu
|
|t:|1659753938
|switch|p2a: Hydreigon|Hydreigon, F|89/100
|-damage|p2a: Hydreigon|77/100|[from] Stealth Rock
|move|p1a: Rotom|Volt Switch|p2a: Hydreigon
|-resisted|p2a: Hydreigon
|-damage|p2a: Hydreigon|64/100
|j| Trannos
|
|t:|1659753946
|switch|p1a: Tyranitar|Tyranitar, F|100/100|[from]move: Volt Switch
|-weather|Sandstorm|[from] ability: Sand Stream|[of] p1a: Tyranitar
|
|-weather|Sandstorm|[upkeep]
|-damage|p2a: Hydreigon|58/100|[from] Sandstorm
|-heal|p2a: Hydreigon|64/100|[from] item: Leftovers
|upkeep
|turn|12
|
|t:|1659753957
|switch|p2a: Tangrowth|Tangrowth, F|69/100 brn
|-damage|p2a: Tangrowth|57/100 brn|[from] Spikes
|-damage|p2a: Tangrowth|45/100 brn|[from] Stealth Rock
|move|p1a: Tyranitar|Stone Edge|p2a: Tangrowth
|-damage|p2a: Tangrowth|0 fnt
|faint|p2a: Tangrowth
|
|-weather|Sandstorm|[upkeep]
|upkeep
|
|t:|1659753967
|switch|p2a: Excadrill|Excadrill, F|100/100
|-damage|p2a: Excadrill|88/100|[from] Spikes
|-damage|p2a: Excadrill|85/100|[from] Stealth Rock
|turn|13
|l| LT92PF wangyu
|j| Toon Emperor
|
|t:|1659753976
|switch|p1a: Rotom|Rotom-Wash|47/100
|move|p2a: Excadrill|Stealth Rock|p1a: Rotom
|-sidestart|p1: LT92PF FJ2K|move: Stealth Rock
|
|-weather|Sandstorm|[upkeep]
|-damage|p1a: Rotom|41/100|[from] Sandstorm
|-heal|p2a: Excadrill|91/100|[from] item: Leftovers
|upkeep
|turn|14
|l| Toon Emperor
|j| hjksgdf
|j| XcessiveSmash
|l| XcessiveSmash
|inactive|hypervortexreturns has 120 seconds left.
|
|t:|1659754008
|switch|p2a: Zapdos|Zapdos|100/100
|move|p1a: Rotom|Pain Split|p2a: Zapdos
|-sethp|p2a: Zapdos|66/100|[from] move: Pain Split|[silent]
|-sethp|p1a: Rotom|83/100|[from] move: Pain Split
|
|-weather|Sandstorm|[upkeep]
|-damage|p2a: Zapdos|60/100|[from] Sandstorm
|-damage|p1a: Rotom|77/100|[from] Sandstorm
|upkeep
|turn|15
|
|t:|1659754018
|move|p2a: Zapdos|Toxic|p1a: Rotom
|-status|p1a: Rotom|tox
|move|p1a: Rotom|Volt Switch|p2a: Zapdos
|-damage|p2a: Zapdos|36/100
|
|t:|1659754023
|switch|p1a: Dragapult|Dragapult, F|100/100|[from]move: Volt Switch
|-damage|p1a: Dragapult|88/100|[from] Stealth Rock
|
|-weather|none
|upkeep
|turn|16
|
|t:|1659754038
|switch|p2a: Corviknight|Corviknight, M|91/100
|-damage|p2a: Corviknight|78/100|[from] Stealth Rock
|-ability|p2a: Corviknight|Pressure
|move|p1a: Dragapult|Shadow Ball|p2a: Corviknight
|-damage|p2a: Corviknight|38/100
|-unboost|p2a: Corviknight|spd|1
|
|-heal|p2a: Corviknight|44/100|[from] item: Leftovers
|upkeep
|turn|17
|l| Trannos
|
|t:|1659754050
|switch|p2a: Hydreigon|Hydreigon, F|64/100
|-damage|p2a: Hydreigon|51/100|[from] Stealth Rock
|move|p1a: Dragapult|Shadow Ball|p2a: Hydreigon
|-resisted|p2a: Hydreigon
|-damage|p2a: Hydreigon|22/100
|
|-heal|p2a: Hydreigon|28/100|[from] item: Leftovers
|upkeep
|turn|18
|
|t:|1659754060
|move|p1a: Dragapult|Shadow Ball|p2a: Hydreigon
|-resisted|p2a: Hydreigon
|-damage|p2a: Hydreigon|2/100
|move|p2a: Hydreigon|Roost|p2a: Hydreigon
|-heal|p2a: Hydreigon|52/100
|-singleturn|p2a: Hydreigon|move: Roost
|
|-heal|p2a: Hydreigon|58/100|[from] item: Leftovers
|upkeep
|turn|19
|
|t:|1659754071
|switch|p1a: Tyranitar|Tyranitar, F|100/100
|-damage|p1a: Tyranitar|88/100|[from] Stealth Rock
|-weather|Sandstorm|[from] ability: Sand Stream|[of] p1a: Tyranitar
|move|p2a: Hydreigon|Roost|p2a: Hydreigon
|-heal|p2a: Hydreigon|100/100
|-singleturn|p2a: Hydreigon|move: Roost
|
|-weather|Sandstorm|[upkeep]
|-damage|p2a: Hydreigon|94/100|[from] Sandstorm
|-heal|p2a: Hydreigon|100/100|[from] item: Leftovers
|upkeep
|turn|20
|inactive|hypervortexreturns has 120 seconds left.
|
|t:|1659754103
|switch|p2a: Zapdos|Zapdos|36/100
|move|p1a: Tyranitar|Stone Edge|p2a: Zapdos
|-supereffective|p2a: Zapdos
|-damage|p2a: Zapdos|0 fnt
|faint|p2a: Zapdos
|
|-weather|Sandstorm|[upkeep]
|upkeep
|
|t:|1659754111
|switch|p2a: Excadrill|Excadrill, F|91/100
|-damage|p2a: Excadrill|79/100|[from] Spikes
|-damage|p2a: Excadrill|76/100|[from] Stealth Rock
|turn|21
|inactive|hypervortexreturns has 120 seconds left.
|
|t:|1659754132
|switch|p1a: Rotom|Rotom-Wash|77/100 tox
|-damage|p1a: Rotom|65/100 tox|[from] Stealth Rock
|move|p2a: Excadrill|Swords Dance|p2a: Excadrill
|-boost|p2a: Excadrill|atk|2
|
|-weather|Sandstorm|[upkeep]
|-damage|p1a: Rotom|58/100 tox|[from] Sandstorm
|-heal|p2a: Excadrill|82/100|[from] item: Leftovers
|-damage|p1a: Rotom|52/100 tox|[from] psn
|upkeep
|turn|22
|
|t:|1659754151
|move|p2a: Excadrill|Iron Head|p1a: Rotom
|-resisted|p1a: Rotom
|-damage|p1a: Rotom|30/100 tox
|cant|p1a: Rotom|flinch
|
|-weather|Sandstorm|[upkeep]
|-damage|p1a: Rotom|24/100 tox|[from] Sandstorm
|-heal|p2a: Excadrill|88/100|[from] item: Leftovers
|-damage|p1a: Rotom|12/100 tox|[from] psn
|upkeep
|turn|23
|c|☆LT92PF FJ2K|ofc
|
|t:|1659754161
|move|p2a: Excadrill|Iron Head|p1a: Rotom
|-resisted|p1a: Rotom
|-damage|p1a: Rotom|0 fnt
|faint|p1a: Rotom
|
|-weather|none
|-heal|p2a: Excadrill|94/100|[from] item: Leftovers
|upkeep
|
|t:|1659754170
|switch|p1a: Dragapult|Dragapult, F|88/100
|-damage|p1a: Dragapult|76/100|[from] Stealth Rock
|turn|24
|inactive|hypervortexreturns has 90 seconds left.
|
|t:|1659754198
|switch|p2a: Hydreigon|Hydreigon, F|100/100
|-damage|p2a: Hydreigon|88/100|[from] Stealth Rock
|move|p1a: Dragapult|U-turn|p2a: Hydreigon
|-supereffective|p2a: Hydreigon
|-damage|p2a: Hydreigon|55/100
|
|t:|1659754204
|switch|p1a: Excadrill|Excadrill, M|100/100|[from]move: U-turn
|-damage|p1a: Excadrill|97/100|[from] Stealth Rock
|
|-heal|p2a: Hydreigon|61/100|[from] item: Leftovers
|-heal|p1a: Excadrill|100/100|[from] item: Leftovers
|upkeep
|turn|25
|
|t:|1659754217
|move|p2a: Hydreigon|Earth Power|p1a: Excadrill
|-supereffective|p1a: Excadrill
|-damage|p1a: Excadrill|30/100
|-unboost|p1a: Excadrill|spd|1
|move|p1a: Excadrill|Rapid Spin|p2a: Hydreigon
|-damage|p2a: Hydreigon|43/100
|-boost|p1a: Excadrill|spe|1
|-sideend|p1: LT92PF FJ2K|Stealth Rock|[from] move: Rapid Spin|[of] p1a: Excadrill
|
|-heal|p1a: Excadrill|36/100|[from] item: Leftovers
|-heal|p2a: Hydreigon|49/100|[from] item: Leftovers
|upkeep
|turn|26
|inactive|hypervortexreturns has 90 seconds left.
|
|t:|1659754240
|switch|p2a: Corviknight|Corviknight, M|44/100
|-damage|p2a: Corviknight|31/100|[from] Stealth Rock
|-ability|p2a: Corviknight|Pressure
|move|p1a: Excadrill|Iron Head|p2a: Corviknight
|-resisted|p2a: Corviknight
|-damage|p2a: Corviknight|14/100
|
|-heal|p1a: Excadrill|42/100|[from] item: Leftovers
|-heal|p2a: Corviknight|20/100|[from] item: Leftovers
|upkeep
|turn|27
|inactive|hypervortexreturns has 90 seconds left.
|
|t:|1659754251
|move|p1a: Excadrill|Swords Dance|p1a: Excadrill
|-boost|p1a: Excadrill|atk|2
|move|p2a: Corviknight|Roost|p2a: Corviknight
|-heal|p2a: Corviknight|70/100
|-singleturn|p2a: Corviknight|move: Roost
|
|-heal|p1a: Excadrill|48/100|[from] item: Leftovers
|-heal|p2a: Corviknight|77/100|[from] item: Leftovers
|upkeep
|turn|28
|inactive|hypervortexreturns has 90 seconds left.
|
|t:|1659754260
|move|p1a: Excadrill|Iron Head|p2a: Corviknight
|-resisted|p2a: Corviknight
|-damage|p2a: Corviknight|42/100
|move|p2a: Corviknight|Bulk Up|p2a: Corviknight
|-boost|p2a: Corviknight|atk|1
|-boost|p2a: Corviknight|def|1
|
|-heal|p1a: Excadrill|55/100|[from] item: Leftovers
|-heal|p2a: Corviknight|48/100|[from] item: Leftovers
|upkeep
|turn|29
|inactive|hypervortexreturns has 90 seconds left.
|
|t:|1659754272
|move|p1a: Excadrill|Iron Head|p2a: Corviknight
|-resisted|p2a: Corviknight
|-damage|p2a: Corviknight|26/100
|move|p2a: Corviknight|Roost|p2a: Corviknight
|-heal|p2a: Corviknight|76/100
|-singleturn|p2a: Corviknight|move: Roost
|
|-heal|p1a: Excadrill|61/100|[from] item: Leftovers
|-heal|p2a: Corviknight|83/100|[from] item: Leftovers
|upkeep
|turn|30
|
|t:|1659754281
|switch|p1a: Clefable|Clefable, M|100/100 slp
|move|p2a: Corviknight|Bulk Up|p2a: Corviknight
|-boost|p2a: Corviknight|atk|1
|-boost|p2a: Corviknight|def|1
|
|-heal|p2a: Corviknight|89/100|[from] item: Leftovers
|upkeep
|turn|31
|
|t:|1659754291
|move|p2a: Corviknight|Taunt|p1a: Clefable
|-start|p1a: Clefable|move: Taunt
|cant|p1a: Clefable|slp
|
|-heal|p2a: Corviknight|95/100|[from] item: Leftovers
|upkeep
|turn|32
|
|t:|1659754297
|move|p2a: Corviknight|Bulk Up|p2a: Corviknight
|-boost|p2a: Corviknight|atk|1
|-boost|p2a: Corviknight|def|1
|-curestatus|p1a: Clefable|slp|[msg]
|move|p1a: Clefable|Moonblast|p2a: Corviknight
|-resisted|p2a: Corviknight
|-damage|p2a: Corviknight|84/100
|
|-heal|p2a: Corviknight|90/100|[from] item: Leftovers
|upkeep
|turn|33
|
|t:|1659754309
|move|p2a: Corviknight|Bulk Up|p2a: Corviknight
|-boost|p2a: Corviknight|atk|1
|-boost|p2a: Corviknight|def|1
|move|p1a: Clefable|Moonblast|p2a: Corviknight
|-resisted|p2a: Corviknight
|-damage|p2a: Corviknight|79/100
|
|-heal|p2a: Corviknight|85/100|[from] item: Leftovers
|-end|p1a: Clefable|move: Taunt
|upkeep
|turn|34
|
|t:|1659754319
|move|p2a: Corviknight|Taunt|p1a: Clefable
|-start|p1a: Clefable|move: Taunt
|cant|p1a: Clefable|move: Taunt|Thunder Wave
|
|-heal|p2a: Corviknight|91/100|[from] item: Leftovers
|upkeep
|turn|35
|
|t:|1659754332
|move|p2a: Corviknight|Bulk Up|p2a: Corviknight
|-boost|p2a: Corviknight|atk|1
|-boost|p2a: Corviknight|def|1
|move|p1a: Clefable|Moonblast|p2a: Corviknight
|-resisted|p2a: Corviknight
|-crit|p2a: Corviknight
|-damage|p2a: Corviknight|76/100
|-unboost|p2a: Corviknight|spa|1
|
|-heal|p2a: Corviknight|82/100|[from] item: Leftovers
|upkeep
|turn|36
|
|t:|1659754344
|move|p2a: Corviknight|Bulk Up|p2a: Corviknight
|-boost|p2a: Corviknight|atk|1
|-boost|p2a: Corviknight|def|1
|move|p1a: Clefable|Moonblast|p2a: Corviknight
|-resisted|p2a: Corviknight
|-crit|p2a: Corviknight
|-damage|p2a: Corviknight|66/100
|
|-heal|p2a: Corviknight|73/100|[from] item: Leftovers
|-end|p1a: Clefable|move: Taunt
|upkeep
|turn|37
|
|t:|1659754354
|switch|p1a: Dragapult|Dragapult, F|76/100
|move|p2a: Corviknight|Taunt|p1a: Dragapult
|-start|p1a: Dragapult|move: Taunt
|
|-heal|p2a: Corviknight|79/100|[from] item: Leftovers
|upkeep
|turn|38
|
|t:|1659754367
|move|p1a: Dragapult|Shadow Ball|p2a: Corviknight
|-damage|p2a: Corviknight|37/100
|move|p2a: Corviknight|Brave Bird|p1a: Dragapult
|-damage|p1a: Dragapult|0 fnt
|faint|p1a: Dragapult
|-damage|p2a: Corviknight|17/100|[from] Recoil
|
|-heal|p2a: Corviknight|23/100|[from] item: Leftovers
|upkeep
|
|t:|1659754375
|switch|p1a: Tyranitar|Tyranitar, F|88/100
|-weather|Sandstorm|[from] ability: Sand Stream|[of] p1a: Tyranitar
|turn|39
|inactive|hypervortexreturns has 120 seconds left.
|
|t:|1659754380
|move|p1a: Tyranitar|Stone Edge|p2a: Corviknight
|-damage|p2a: Corviknight|7/100
|move|p2a: Corviknight|Roost|p2a: Corviknight
|-heal|p2a: Corviknight|57/100
|-singleturn|p2a: Corviknight|move: Roost
|
|-weather|Sandstorm|[upkeep]
|-heal|p2a: Corviknight|63/100|[from] item: Leftovers
|upkeep
|turn|40
|c|☆LT92PF FJ2K|yh u f*** suck
|n|‽LT92PF FJ2K|lt92pffj2k
|c|&|/log LT92PF FJ2K was locked from talking by Artemis (☆LT92PF FJ2K: yh u f*** suck)
|c|&|/raw <small>This action was done automatically. Want to learn more about the AI? <a href="https://www.smogon.com/forums/threads/3570628/#post-9056769">Visit the information thread</a>.</small>
|inactive|hypervortexreturns has 120 seconds left.
|-message|LT92PF FJ2K forfeited.
|
|win|hypervortexreturns
|raw|LT92PF FJ2K's rating: 1746 &rarr; <strong>1732</strong><br />(-14 for losing)
|raw|hypervortexreturns's rating: 1846 &rarr; <strong>1860</strong><br />(+14 for winning)
|l|‽LT92PF FJ2K
|l|‽hypervortexreturns
|l| Amigento1958
|c| LT92PF Buzzwole|lmaiooooo
|c| BabyPigsAreLaughin|Justice was served.
||Ladder isn't responding, score probably updated but might not have (Request timeout).
|c| LT92PF Buzzwole|yessir
|l| slainey?
|l| isabela000◥▶_◀◤
