|j|☆Down$hift
|j|☆Jaberjaw777
|t:|1661288647
|gametype|singles
|player|p1|Down$hift|teamrocket|1627
|player|p2|Jaberjaw777|rood|1645
|teamsize|p1|6
|teamsize|p2|6
|gen|8
|tier|[Gen 8] OU
|rated|
|rule|Sleep Clause Mod: Limit one foe put to sleep
|rule|Species Clause: Limit one of each Pokémon
|rule|OHKO Clause: OHKO moves are banned
|rule|Evasion Items Clause: Evasion items are banned
|rule|Evasion Moves Clause: Evasion moves are banned
|rule|Endless Battle Clause: Forcing endless battles is banned
|rule|HP Percentage Mod: HP is shown in percentages
|rule|Dynamax Clause: You cannot dynamax
|clearpoke
|poke|p1|Magnezone|
|poke|p1|Meltan|
|poke|p1|Clefable, M|
|poke|p1|Landorus-Therian, M|
|poke|p1|Slowbro, F|
|poke|p1|Blacephalon|
|poke|p2|Garchomp, M|
|poke|p2|Crawdaunt, F|
|poke|p2|Blaziken, M|
|poke|p2|Zapdos|
|poke|p2|Heatran, F|
|poke|p2|Urshifu-*, F|
|teampreview
|inactive|Battle timer is ON: inactive players will automatically lose when time's up. (requested by Jaberjaw777)
|c|☆Jaberjaw777|Meltan nice lol
|c|☆Down$hift|hf
|inactive|Down$hift has 120 seconds left.
|
|t:|1661288682
|start
|switch|p1a: Pink Menace|Clefable, M|100/100
|switch|p2a: Garchomp|Garchomp, M|100/100
|turn|1
|
|t:|1661288692
|switch|p2a: Heatran|Heatran, F|100/100
|move|p1a: Pink Menace|Stealth Rock|p2a: Heatran
|-sidestart|p2: Jaberjaw777|move: Stealth Rock
|
|upkeep
|turn|2
|
|t:|1661288706
|switch|p1a: ur slow|Slowbro, F|100/100
|move|p2a: Heatran|Magma Storm|p1a: ur slow
|-resisted|p1a: ur slow
|-damage|p1a: ur slow|86/100
|-activate|p1a: ur slow|move: Magma Storm|[of] p2a: Heatran
|
|-damage|p1a: ur slow|73/100|[from] move: Magma Storm|[partiallytrapped]
|upkeep
|turn|3
|
|t:|1661288713
|move|p2a: Heatran|Taunt|p1a: ur slow
|-start|p1a: ur slow|move: Taunt
|move|p1a: ur slow|Scald|p2a: Heatran
|-supereffective|p2a: Heatran
|-damage|p2a: Heatran|69/100
|
|-heal|p2a: Heatran|75/100|[from] item: Leftovers
|-damage|p1a: ur slow|61/100|[from] move: Magma Storm|[partiallytrapped]
|upkeep
|turn|4
|
|t:|1661288717
|move|p2a: Heatran|Earth Power|p1a: ur slow
|-damage|p1a: ur slow|43/100
|-unboost|p1a: ur slow|spd|1
|move|p1a: ur slow|Scald|p2a: Heatran
|-supereffective|p2a: Heatran
|-damage|p2a: Heatran|38/100
|
|-heal|p2a: Heatran|44/100|[from] item: Leftovers
|-damage|p1a: ur slow|31/100|[from] move: Magma Storm|[partiallytrapped]
|upkeep
|turn|5
|
|t:|1661288720
|move|p2a: Heatran|Earth Power|p1a: ur slow
|-damage|p1a: ur slow|1/100
|move|p1a: ur slow|Scald|p2a: Heatran
|-supereffective|p2a: Heatran
|-damage|p2a: Heatran|8/100
|
|-heal|p2a: Heatran|14/100|[from] item: Leftovers
|-damage|p1a: ur slow|0 fnt|[from] move: Magma Storm|[partiallytrapped]
|faint|p1a: ur slow
|upkeep
|
|t:|1661288725
|switch|p1a: THE WRLD REVOLVING|Blacephalon|100/100
|turn|6
|
|t:|1661288728
|move|p1a: THE WRLD REVOLVING|Shadow Ball|p2a: Heatran
|-damage|p2a: Heatran|0 fnt
|faint|p2a: Heatran
|-ability|p1a: THE WRLD REVOLVING|Beast Boost|boost
|-boost|p1a: THE WRLD REVOLVING|spa|1
|
|upkeep
|
|t:|1661288733
|switch|p2a: Crawdaunt|Crawdaunt, F|100/100
|-damage|p2a: Crawdaunt|88/100|[from] Stealth Rock
|turn|7
|
|t:|1661288746
|switch|p1a: The Child|Meltan|100/100
|move|p2a: Crawdaunt|Crabhammer|p1a: The Child
|-damage|p1a: The Child|0 fnt
|faint|p1a: The Child
|-damage|p2a: Crawdaunt|78/100|[from] item: Life Orb
|
|upkeep
|
|t:|1661288758
|switch|p1a: $wagnezone|Magnezone|100/100
|turn|8
|
|t:|1661288761
|switch|p2a: Garchomp|Garchomp, M|100/100
|-damage|p2a: Garchomp|94/100|[from] Stealth Rock
|move|p1a: $wagnezone|Thunderbolt|p2a: Garchomp
|-immune|p2a: Garchomp
|
|-heal|p2a: Garchomp|100/100|[from] item: Leftovers
|upkeep
|turn|9
|
|t:|1661288768
|switch|p1a: Pink Menace|Clefable, M|100/100
|move|p2a: Garchomp|Stealth Rock|p1a: Pink Menace
|-sidestart|p1: Down$hift|move: Stealth Rock
|
|upkeep
|turn|10
|
|t:|1661288774
|move|p2a: Garchomp|Earthquake|p1a: Pink Menace
|-damage|p1a: Pink Menace|59/100
|move|p1a: Pink Menace|Moonblast|p2a: Garchomp
|-supereffective|p2a: Garchomp
|-damage|p2a: Garchomp|32/100
|
|-heal|p2a: Garchomp|38/100|[from] item: Leftovers
|upkeep
|turn|11
|
|t:|1661288778
|move|p2a: Garchomp|Swords Dance|p2a: Garchomp
|-boost|p2a: Garchomp|atk|2
|move|p1a: Pink Menace|Soft-Boiled|p1a: Pink Menace
|-heal|p1a: Pink Menace|100/100
|
|-heal|p2a: Garchomp|44/100|[from] item: Leftovers
|upkeep
|turn|12
|
|t:|1661288796
|switch|p1a: $wagnezone|Magnezone|100/100
|-damage|p1a: $wagnezone|94/100|[from] Stealth Rock
|move|p2a: Garchomp|Earthquake|p1a: $wagnezone
|-supereffective|p1a: $wagnezone
|-damage|p1a: $wagnezone|0 fnt
|faint|p1a: $wagnezone
|
|-heal|p2a: Garchomp|50/100|[from] item: Leftovers
|upkeep
|
|t:|1661288799
|switch|p1a: THE WRLD REVOLVING|Blacephalon|100/100
|-damage|p1a: THE WRLD REVOLVING|76/100|[from] Stealth Rock
|turn|13
|
|t:|1661288801
|move|p1a: THE WRLD REVOLVING|Shadow Ball|p2a: Garchomp
|-damage|p2a: Garchomp|0 fnt
|faint|p2a: Garchomp
|-ability|p1a: THE WRLD REVOLVING|Beast Boost|boost
|-boost|p1a: THE WRLD REVOLVING|spa|1
|
|upkeep
|
|t:|1661288809
|switch|p2a: Crawdaunt|Crawdaunt, F|78/100
|-damage|p2a: Crawdaunt|66/100|[from] Stealth Rock
|turn|14
|
|t:|1661288812
|switch|p1a: Pink Menace|Clefable, M|100/100
|move|p2a: Crawdaunt|Aqua Jet|p1a: Pink Menace
|-damage|p1a: Pink Menace|70/100
|-damage|p2a: Crawdaunt|50/100|[from] item: Rocky Helmet|[of] p1a: Pink Menace
|-damage|p2a: Crawdaunt|40/100|[from] item: Life Orb
|
|upkeep
|turn|15
|
|t:|1661288818
|move|p2a: Crawdaunt|Crabhammer|p1a: Pink Menace
|-damage|p1a: Pink Menace|0 fnt
|-damage|p2a: Crawdaunt|23/100|[from] item: Rocky Helmet|[of] p1a: Pink Menace
|faint|p1a: Pink Menace
|-damage|p2a: Crawdaunt|14/100|[from] item: Life Orb
|
|upkeep
|
|t:|1661288823
|switch|p1a: LandOUrus-T|Landorus-Therian, M|100/100
|-damage|p1a: LandOUrus-T|88/100|[from] Stealth Rock
|-ability|p1a: LandOUrus-T|Intimidate|boost
|-unboost|p2a: Crawdaunt|atk|1
|turn|16
|
|t:|1661288827
|switch|p2a: Zapdos|Zapdos|100/100
|move|p1a: LandOUrus-T|U-turn|p2a: Zapdos
|-resisted|p2a: Zapdos
|-damage|p2a: Zapdos|91/100
|
|t:|1661288830
|switch|p1a: THE WRLD REVOLVING|Blacephalon|76/100|[from]move: U-turn
|-damage|p1a: THE WRLD REVOLVING|51/100|[from] Stealth Rock
|
|upkeep
|turn|17
|
|t:|1661288839
|move|p1a: THE WRLD REVOLVING|Overheat|p2a: Zapdos|[miss]
|-miss|p1a: THE WRLD REVOLVING|p2a: Zapdos
|move|p2a: Zapdos|Discharge|p1a: THE WRLD REVOLVING
|-damage|p1a: THE WRLD REVOLVING|0 fnt
|faint|p1a: THE WRLD REVOLVING
|
|upkeep
|-message|Down$hift forfeited.
|
|win|Jaberjaw777
|raw|Down$hift's rating: 1627 &rarr; <strong>1608</strong><br />(-19 for losing)
|raw|Jaberjaw777's rating: 1645 &rarr; <strong>1664</strong><br />(+19 for winning)
|l|☆Down$hift
|c|☆Jaberjaw777|Gg
|l|☆Jaberjaw777
|j|☆Jaberjaw777
|player|p2|Jaberjaw777|rood
||Ladder isn't responding, score probably updated but might not have (Request timeout).
