|j|‽uto RAR
|j|‽minimax_ai
|t:|1667720802
|gametype|singles
|player|p1|uto RAR|hilbert|1571
|player|p2|minimax_ai|169|1532
|teamsize|p1|6
|teamsize|p2|6
|gen|8
|tier|[Gen 8] OU
|rated|
|rule|Sleep Clause Mod: Limit one foe put to sleep
|rule|Species Clause: Limit one of each Pokémon
|rule|OHKO Clause: OHKO moves are banned
|rule|Evasion Items Clause: Evasion items are banned
|rule|Evasion Moves Clause: Evasion moves are banned
|rule|Endless Battle Clause: Forcing endless battles is banned
|rule|HP Percentage Mod: HP is shown in percentages
|rule|Dynamax Clause: You cannot dynamax
|clearpoke
|poke|p1|Tyranitar, F|
|poke|p1|Excadrill, M|
|poke|p1|Buzzwole|
|poke|p1|Ferrothorn, M|
|poke|p1|Tornadus-Therian, M|
|poke|p1|Slowbro, F|
|poke|p2|Rotom-Wash|
|poke|p2|Weavile, M|
|poke|p2|Landorus-Therian, M|
|poke|p2|Heatran, M|
|poke|p2|Tangrowth, M|
|poke|p2|Melmetal|
|teampreview
|inactive|Battle timer is ON: inactive players will automatically lose when time's up. (requested by minimax_ai)
|
|t:|1667720809
|start
|switch|p1a: Ferrothorn|Ferrothorn, M|100/100
|switch|p2a: Tangrowth|Tangrowth, M|100/100
|turn|1
|
|t:|1667720815
|move|p2a: Tangrowth|Focus Blast|p1a: Ferrothorn
|-supereffective|p1a: Ferrothorn
|-damage|p1a: Ferrothorn|60/100
|move|p1a: Ferrothorn|Stealth Rock|p2a: Tangrowth
|-sidestart|p2: minimax_ai|move: Stealth Rock
|
|-heal|p1a: Ferrothorn|66/100|[from] item: Leftovers
|upkeep
|turn|2
|
|t:|1667720819
|switch|p1a: Tornadus|Tornadus-Therian, M|100/100
|move|p2a: Tangrowth|Sleep Powder|p1a: Tornadus
|-status|p1a: Tornadus|slp|[from] move: Sleep Powder
|
|upkeep
|turn|3
|
|t:|1667720823
|switch|p2a: Landorus|Landorus-Therian, M|100/100
|-damage|p2a: Landorus|88/100|[from] Stealth Rock
|-ability|p2a: Landorus|Intimidate|boost
|-unboost|p1a: Tornadus|atk|1
|cant|p1a: Tornadus|slp
|
|-heal|p2a: Landorus|94/100|[from] item: Leftovers
|upkeep
|turn|4
|
|t:|1667720826
|cant|p1a: Tornadus|slp
|move|p2a: Landorus|Defog|p1a: Tornadus
|-unboost|p1a: Tornadus|evasion|1
|-sideend|p2: minimax_ai|Stealth Rock|[from] move: Defog|[of] p2a: Landorus
|
|-heal|p2a: Landorus|99/100|[from] item: Leftovers
|upkeep
|turn|5
|
|t:|1667720830
|switch|p2a: Heatran|Heatran, M|100/100
|-item|p2a: Heatran|Air Balloon
|cant|p1a: Tornadus|slp
|
|upkeep
|turn|6
|j| cypherstest
|
|t:|1667720833
|-curestatus|p1a: Tornadus|slp|[msg]
|move|p1a: Tornadus|U-turn|p2a: Heatran
|-resisted|p2a: Heatran
|-damage|p2a: Heatran|98/100
|-enditem|p2a: Heatran|Air Balloon
|
|t:|1667720839
|switch|p1a: Slowbro|Slowbro, F|100/100|[from]move: U-turn
|move|p2a: Heatran|Earth Power|p1a: Slowbro
|-damage|p1a: Slowbro|77/100
|
|upkeep
|turn|7
|
|t:|1667720843
|move|p2a: Heatran|Stealth Rock|p1a: Slowbro
|-sidestart|p1: uto RAR|move: Stealth Rock
|move|p1a: Slowbro|Teleport|p1a: Slowbro
|
|t:|1667720862
|switch|p1a: Excadrill|Excadrill, M|100/100|[from]move: Teleport
|-damage|p1a: Excadrill|97/100|[from] Stealth Rock
|
|-heal|p1a: Excadrill|100/100|[from] item: Leftovers
|upkeep
|turn|8
|
|t:|1667720865
|switch|p1a: Tornadus|Tornadus-Therian, M|100/100
|switch|p2a: Tangrowth|Tangrowth, M|100/100
|
|upkeep
|turn|9
|
|t:|1667720869
|switch|p2a: Melmetal|Melmetal|100/100
|move|p1a: Tornadus|Knock Off|p2a: Melmetal
|-damage|p2a: Melmetal|89/100
|-enditem|p2a: Melmetal|Assault Vest|[from] move: Knock Off|[of] p1a: Tornadus
|
|upkeep
|turn|10
|
|t:|1667720872
|move|p1a: Tornadus|U-turn|p2a: Melmetal
|-resisted|p2a: Melmetal
|-damage|p2a: Melmetal|86/100
|
|t:|1667720875
|switch|p1a: Buzzwole|Buzzwole|100/100|[from]move: U-turn
|-damage|p1a: Buzzwole|88/100|[from] Stealth Rock
|move|p2a: Melmetal|Ice Punch|p1a: Buzzwole
|-damage|p1a: Buzzwole|69/100
|-damage|p2a: Melmetal|69/100|[from] item: Rocky Helmet|[of] p1a: Buzzwole
|
|upkeep
|turn|11
|
|t:|1667720878
|switch|p2a: Rotom|Rotom-Wash|100/100
|move|p1a: Buzzwole|Close Combat|p2a: Rotom
|-damage|p2a: Rotom|34/100
|-unboost|p1a: Buzzwole|def|1
|-unboost|p1a: Buzzwole|spd|1
|
|-heal|p2a: Rotom|41/100|[from] item: Leftovers
|upkeep
|turn|12
|
|t:|1667720882
|move|p2a: Rotom|Thunderbolt|p1a: Buzzwole
|-damage|p1a: Buzzwole|0 fnt
|faint|p1a: Buzzwole
|
|-heal|p2a: Rotom|47/100|[from] item: Leftovers
|upkeep
|j| Kwaga
|
|t:|1667720886
|switch|p1a: Tyranitar|Tyranitar, F|100/100
|-damage|p1a: Tyranitar|88/100|[from] Stealth Rock
|-weather|Sandstorm|[from] ability: Sand Stream|[of] p1a: Tyranitar
|turn|13
|
|t:|1667720889
|switch|p2a: Tangrowth|Tangrowth, M|100/100
|move|p1a: Tyranitar|Crunch|p2a: Tangrowth
|-damage|p2a: Tangrowth|65/100
|-damage|p1a: Tyranitar|72/100|[from] item: Rocky Helmet|[of] p2a: Tangrowth
|
|-weather|Sandstorm|[upkeep]
|-damage|p2a: Tangrowth|59/100|[from] Sandstorm
|upkeep
|turn|14
|
|t:|1667720895
|switch|p1a: Tornadus|Tornadus-Therian, M|100/100
|move|p2a: Tangrowth|Focus Blast|p1a: Tornadus
|-resisted|p1a: Tornadus
|-damage|p1a: Tornadus|87/100
|-unboost|p1a: Tornadus|spd|1
|
|-weather|Sandstorm|[upkeep]
|-damage|p1a: Tornadus|81/100|[from] Sandstorm
|-damage|p2a: Tangrowth|53/100|[from] Sandstorm
|upkeep
|turn|15
|
|t:|1667720900
|switch|p2a: Landorus|Landorus-Therian, M|99/100
|-ability|p2a: Landorus|Intimidate|boost
|-unboost|p1a: Tornadus|atk|1
|move|p1a: Tornadus|U-turn|p2a: Landorus
|-resisted|p2a: Landorus
|-damage|p2a: Landorus|96/100
|j| RivalBattle58
|
|t:|1667720903
|switch|p1a: Ferrothorn|Ferrothorn, M|66/100|[from]move: U-turn
|-damage|p1a: Ferrothorn|60/100|[from] Stealth Rock
|
|-weather|Sandstorm|[upkeep]
|-heal|p2a: Landorus|100/100|[from] item: Leftovers
|-heal|p1a: Ferrothorn|66/100|[from] item: Leftovers
|upkeep
|turn|16
|
|t:|1667720904
|move|p2a: Landorus|Earthquake|p1a: Ferrothorn
|-damage|p1a: Ferrothorn|37/100
|move|p1a: Ferrothorn|Stealth Rock|p2a: Landorus
|-sidestart|p2: minimax_ai|move: Stealth Rock
|
|-weather|Sandstorm|[upkeep]
|-heal|p1a: Ferrothorn|44/100|[from] item: Leftovers
|upkeep
|turn|17
|
|t:|1667720908
|move|p2a: Landorus|Earthquake|p1a: Ferrothorn
|-damage|p1a: Ferrothorn|12/100
|move|p1a: Ferrothorn|Leech Seed|p2a: Landorus
|-start|p2a: Landorus|move: Leech Seed
|
|-weather|none
|-heal|p1a: Ferrothorn|18/100|[from] item: Leftovers
|-damage|p2a: Landorus|88/100|[from] Leech Seed|[of] p1a: Ferrothorn
|-heal|p1a: Ferrothorn|32/100|[silent]
|upkeep
|turn|18
|
|t:|1667720912
|switch|p2a: Tangrowth|Tangrowth, M|86/100
|-damage|p2a: Tangrowth|74/100|[from] Stealth Rock
|move|p1a: Ferrothorn|Knock Off|p2a: Tangrowth
|-damage|p2a: Tangrowth|62/100
|-damage|p1a: Ferrothorn|15/100|[from] item: Rocky Helmet|[of] p2a: Tangrowth
|-enditem|p2a: Tangrowth|Rocky Helmet|[from] move: Knock Off|[of] p1a: Ferrothorn
|
|-heal|p1a: Ferrothorn|22/100|[from] item: Leftovers
|upkeep
|turn|19
|
|t:|1667720917
|switch|p1a: Tornadus|Tornadus-Therian, M|100/100
|move|p2a: Tangrowth|Focus Blast|p1a: Tornadus
|-resisted|p1a: Tornadus
|-damage|p1a: Tornadus|86/100
|
|upkeep
|turn|20
|
|t:|1667720922
|switch|p2a: Landorus|Landorus-Therian, M|88/100
|-damage|p2a: Landorus|76/100|[from] Stealth Rock
|-ability|p2a: Landorus|Intimidate|boost
|-unboost|p1a: Tornadus|atk|1
|move|p1a: Tornadus|Toxic|p2a: Landorus
|-status|p2a: Landorus|tox
|
|-heal|p2a: Landorus|82/100 tox|[from] item: Leftovers
|-damage|p2a: Landorus|76/100 tox|[from] psn
|upkeep
|turn|21
|
|t:|1667720924
|move|p1a: Tornadus|Hurricane|p2a: Landorus|[miss]
|-miss|p1a: Tornadus|p2a: Landorus
|move|p2a: Landorus|U-turn|p1a: Tornadus
|-resisted|p1a: Tornadus
|-damage|p1a: Tornadus|75/100
|
|t:|1667720924
|switch|p2a: Melmetal|Melmetal|69/100|[from]move: U-turn
|-damage|p2a: Melmetal|63/100|[from] Stealth Rock
|
|upkeep
|turn|22
|
|t:|1667720929
|move|p1a: Tornadus|U-turn|p2a: Melmetal
|-resisted|p2a: Melmetal
|-damage|p2a: Melmetal|60/100
|
|t:|1667720932
|switch|p1a: Slowbro|Slowbro, F|100/100|[from]move: U-turn
|move|p2a: Melmetal|Earthquake|p1a: Slowbro
|-damage|p1a: Slowbro|70/100
|
|upkeep
|turn|23
|
|t:|1667720934
|move|p2a: Melmetal|Double Iron Bash|p1a: Slowbro
|-resisted|p1a: Slowbro
|-damage|p1a: Slowbro|54/100
|-resisted|p1a: Slowbro
|-damage|p1a: Slowbro|40/100
|-hitcount|p1a: Slowbro|2
|move|p1a: Slowbro|Teleport|p1a: Slowbro
|
|t:|1667720943
|switch|p1a: Excadrill|Excadrill, M|100/100|[from]move: Teleport
|-damage|p1a: Excadrill|97/100|[from] Stealth Rock
|
|-heal|p1a: Excadrill|100/100|[from] item: Leftovers
|upkeep
|turn|24
|
|t:|1667720949
|switch|p2a: Tangrowth|Tangrowth, M|95/100
|-damage|p2a: Tangrowth|83/100|[from] Stealth Rock
|move|p1a: Excadrill|Earthquake|p2a: Tangrowth
|-resisted|p2a: Tangrowth
|-damage|p2a: Tangrowth|68/100
|
|upkeep
|turn|25
|j| IIIodyne
|
|t:|1667720953
|switch|p1a: Tornadus|Tornadus-Therian, M|100/100
|move|p2a: Tangrowth|Giga Drain|p1a: Tornadus
|-resisted|p1a: Tornadus
|-damage|p1a: Tornadus|87/100
|-heal|p2a: Tangrowth|74/100|[from] drain|[of] p1a: Tornadus
|
|upkeep
|turn|26
|l| IIIodyne
|
|t:|1667720958
|switch|p2a: Weavile|Weavile, M|100/100
|-damage|p2a: Weavile|76/100|[from] Stealth Rock
|-ability|p2a: Weavile|Pressure
|move|p1a: Tornadus|Hurricane|p2a: Weavile|[miss]
|-miss|p1a: Tornadus|p2a: Weavile
|
|upkeep
|turn|27
|
|t:|1667720963
|switch|p1a: Ferrothorn|Ferrothorn, M|22/100
|-damage|p1a: Ferrothorn|15/100|[from] Stealth Rock
|move|p2a: Weavile|Triple Axel|p1a: Ferrothorn
|-damage|p1a: Ferrothorn|5/100
|-damage|p2a: Weavile|63/100|[from] ability: Iron Barbs|[of] p1a: Ferrothorn
|-damage|p1a: Ferrothorn|0 fnt
|-damage|p2a: Weavile|51/100|[from] ability: Iron Barbs|[of] p1a: Ferrothorn
|faint|p1a: Ferrothorn
|-hitcount|p1: Ferrothorn|2
|
|upkeep
|j| IIIodyne
|
|t:|1667720969
|switch|p1a: Excadrill|Excadrill, M|100/100
|-damage|p1a: Excadrill|97/100|[from] Stealth Rock
|turn|28
|
|t:|1667720972
|move|p2a: Weavile|Triple Axel|p1a: Excadrill
|-damage|p1a: Excadrill|76/100
|-damage|p1a: Excadrill|34/100
|-hitcount|p1a: Excadrill|2
|move|p1a: Excadrill|Rapid Spin|p2a: Weavile
|-damage|p2a: Weavile|20/100
|-boost|p1a: Excadrill|spe|1
|-sideend|p1: uto RAR|Stealth Rock|[from] move: Rapid Spin|[of] p1a: Excadrill
|
|-heal|p1a: Excadrill|40/100|[from] item: Leftovers
|upkeep
|turn|29
|
|t:|1667720977
|switch|p2a: Tangrowth|Tangrowth, M|100/100
|-damage|p2a: Tangrowth|88/100|[from] Stealth Rock
|move|p1a: Excadrill|Iron Head|p2a: Tangrowth
|-damage|p2a: Tangrowth|64/100
|
|-heal|p1a: Excadrill|46/100|[from] item: Leftovers
|upkeep
|turn|30
|
|t:|1667720982
|switch|p1a: Tornadus|Tornadus-Therian, M|100/100
|move|p2a: Tangrowth|Giga Drain|p1a: Tornadus
|-resisted|p1a: Tornadus
|-damage|p1a: Tornadus|87/100
|-heal|p2a: Tangrowth|70/100|[from] drain|[of] p1a: Tornadus
|
|upkeep
|turn|31
|
|t:|1667720986
|switch|p2a: Landorus|Landorus-Therian, M|76/100 tox
|-damage|p2a: Landorus|63/100 tox|[from] Stealth Rock
|-ability|p2a: Landorus|Intimidate|boost
|-unboost|p1a: Tornadus|atk|1
|move|p1a: Tornadus|Hurricane|p2a: Landorus
|-damage|p2a: Landorus|35/100 tox
|-start|p2a: Landorus|confusion
|
|-heal|p2a: Landorus|41/100 tox|[from] item: Leftovers
|-damage|p2a: Landorus|35/100 tox|[from] psn
|upkeep
|turn|32
|
|t:|1667720988
|move|p1a: Tornadus|Hurricane|p2a: Landorus
|-damage|p2a: Landorus|5/100 tox
|-activate|p2a: Landorus|confusion
|move|p2a: Landorus|Defog|p1a: Tornadus
|-unboost|p1a: Tornadus|evasion|1
|-sideend|p2: minimax_ai|Stealth Rock|[from] move: Defog|[of] p2a: Landorus
|
|-heal|p2a: Landorus|12/100 tox|[from] item: Leftovers
|-damage|p2a: Landorus|0 fnt|[from] psn
|faint|p2a: Landorus
|upkeep
|
|t:|1667720988
|switch|p2a: Weavile|Weavile, M|20/100
|-ability|p2a: Weavile|Pressure
|turn|33
|
|t:|1667720999
|switch|p1a: Tyranitar|Tyranitar, F|72/100
|-weather|Sandstorm|[from] ability: Sand Stream|[of] p1a: Tyranitar
|move|p2a: Weavile|Triple Axel|p1a: Tyranitar
|-damage|p1a: Tyranitar|57/100
|-damage|p1a: Tyranitar|28/100
|-damage|p1a: Tyranitar|0 fnt
|faint|p1a: Tyranitar
|-hitcount|p1: Tyranitar|3
|
|-weather|Sandstorm|[upkeep]
|-damage|p2a: Weavile|14/100|[from] Sandstorm
|upkeep
|
|t:|1667721002
|switch|p1a: Excadrill|Excadrill, M|46/100
|turn|34
|
|t:|1667721007
|switch|p2a: Rotom|Rotom-Wash|47/100
|move|p1a: Excadrill|Swords Dance|p1a: Excadrill
|-boost|p1a: Excadrill|atk|2
|
|-weather|Sandstorm|[upkeep]
|-damage|p2a: Rotom|41/100|[from] Sandstorm
|-heal|p1a: Excadrill|52/100|[from] item: Leftovers
|-heal|p2a: Rotom|47/100|[from] item: Leftovers
|upkeep
|turn|35
|
|t:|1667721009
|move|p1a: Excadrill|Iron Head|p2a: Rotom
|-resisted|p2a: Rotom
|-damage|p2a: Rotom|24/100
|move|p2a: Rotom|Hydro Pump|p1a: Excadrill
|-supereffective|p1a: Excadrill
|-damage|p1a: Excadrill|0 fnt
|faint|p1a: Excadrill
|
|-weather|Sandstorm|[upkeep]
|-damage|p2a: Rotom|18/100|[from] Sandstorm
|-heal|p2a: Rotom|24/100|[from] item: Leftovers
|upkeep
|-message|uto RAR forfeited.
|
|win|minimax_ai
|raw|uto RAR's rating: 1571 &rarr; <strong>1549</strong><br />(-22 for losing)
|raw|minimax_ai's rating: 1532 &rarr; <strong>1554</strong><br />(+22 for winning)
|l|‽uto RAR
