|j|☆Kikoobuster
|j|☆imchokingrn
|t:|1642044252
|gametype|singles
|player|p1|Kikoobuster|102|1627
|player|p2|imchokingrn|backpacker|1695
|teamsize|p1|6
|teamsize|p2|6
|gen|8
|tier|[Gen 8] OU
|rated|
|rule|Sleep Clause Mod: Limit one foe put to sleep
|rule|Species Clause: Limit one of each Pokémon
|rule|OHKO Clause: OHKO moves are banned
|rule|Evasion Moves Clause: Evasion moves are banned
|rule|Endless Battle Clause: Forcing endless battles is banned
|rule|HP Percentage Mod: HP is shown in percentages
|rule|Dynamax Clause: You cannot dynamax
|clearpoke
|poke|p1|Lycanroc-Dusk, F|
|poke|p1|Excadrill, M|
|poke|p1|Hawlucha, F|
|poke|p1|Azumarill, M|
|poke|p1|Zeraora|
|poke|p1|Rillaboom, M|
|poke|p2|Weavile, F|
|poke|p2|Tapu Lele|
|poke|p2|Heatran, M|
|poke|p2|Landorus-Therian, M|
|poke|p2|Ferrothorn, M|
|poke|p2|Zapdos|
|teampreview
|inactive|Battle timer is ON: inactive players will automatically lose when time's up. (requested by Kikoobuster)
|j| GGeorgie
|inactive|imchokingrn has 120 seconds left.
|
|t:|1642044293
|start
|switch|p1a: Lycanroc|Lycanroc-Dusk, F|100/100
|switch|p2a: Landorus|Landorus-Therian, M|100/100
|-ability|p2a: Landorus|Intimidate|boost
|-unboost|p1a: Lycanroc|atk|1
|turn|1
|
|t:|1642044296
|move|p1a: Lycanroc|Stealth Rock|p2a: Landorus
|-sidestart|p2: imchokingrn|move: Stealth Rock
|move|p2a: Landorus|U-turn|p1a: Lycanroc
|-damage|p1a: Lycanroc|51/100
|
|t:|1642044300
|switch|p2a: Tapu Lele|Tapu Lele|100/100|[from]move: U-turn
|-damage|p2a: Tapu Lele|88/100|[from] Stealth Rock
|-fieldstart|move: Psychic Terrain|[from] ability: Psychic Surge|[of] p2a: Tapu Lele
|
|upkeep
|turn|2
|
|t:|1642044304
|move|p2a: Tapu Lele|Psychic|p1a: Lycanroc
|-damage|p1a: Lycanroc|0 fnt
|faint|p1a: Lycanroc
|
|upkeep
|
|t:|1642044310
|switch|p1a: Rillaboom|Rillaboom, M|100/100
|-fieldstart|move: Grassy Terrain|[from] ability: Grassy Surge|[of] p1a: Rillaboom
|turn|3
|
|t:|1642044313
|switch|p2a: Zapdos|Zapdos|100/100
|move|p1a: Rillaboom|U-turn|p2a: Zapdos
|-resisted|p2a: Zapdos
|-damage|p2a: Zapdos|86/100
|-status|p1a: Rillaboom|par|[from] ability: Static|[of] p2a: Zapdos
|
|t:|1642044320
|switch|p1a: Zeraora|Zeraora|100/100|[from]move: U-turn
|
|upkeep
|turn|4
|
|t:|1642044328
|switch|p2a: Landorus|Landorus-Therian, M|100/100
|-damage|p2a: Landorus|88/100|[from] Stealth Rock
|-ability|p2a: Landorus|Intimidate|boost
|-unboost|p1a: Zeraora|atk|1
|move|p1a: Zeraora|Taunt|p2a: Landorus
|-start|p2a: Landorus|move: Taunt
|
|-heal|p2a: Landorus|94/100|[from] item: Leftovers
|upkeep
|turn|5
|
|t:|1642044338
|switch|p1a: Azumarill|Azumarill, M|100/100
|move|p2a: Landorus|Earthquake|p1a: Azumarill
|-damage|p1a: Azumarill|72/100
|
|-heal|p2a: Landorus|99/100|[from] item: Leftovers
|-heal|p1a: Azumarill|78/100|[from] Grassy Terrain
|upkeep
|turn|6
|inactive|imchokingrn has 120 seconds left.
|
|t:|1642044398
|switch|p2a: Ferrothorn|Ferrothorn, M|100/100
|-damage|p2a: Ferrothorn|94/100|[from] Stealth Rock
|move|p1a: Azumarill|Belly Drum|p1a: Azumarill
|-damage|p1a: Azumarill|28/100
|-setboost|p1a: Azumarill|atk|6|[from] move: Belly Drum
|-enditem|p1a: Azumarill|Sitrus Berry|[eat]
|-heal|p1a: Azumarill|53/100|[from] item: Sitrus Berry
|
|-heal|p1a: Azumarill|59/100|[from] Grassy Terrain
|-heal|p2a: Ferrothorn|100/100|[from] Grassy Terrain
|upkeep
|turn|7
|
|t:|1642044410
|switch|p2a: Heatran|Heatran, M|100/100
|-damage|p2a: Heatran|88/100|[from] Stealth Rock
|move|p1a: Azumarill|Knock Off|p2a: Heatran
|-damage|p2a: Heatran|0 fnt
|-enditem|p2a: Heatran|Leftovers|[from] move: Knock Off|[of] p1a: Azumarill
|faint|p2a: Heatran
|
|-heal|p1a: Azumarill|65/100|[from] Grassy Terrain
|-fieldend|move: Grassy Terrain
|upkeep
|
|t:|1642044415
|switch|p2a: Tapu Lele|Tapu Lele|88/100
|-damage|p2a: Tapu Lele|76/100|[from] Stealth Rock
|-fieldstart|move: Psychic Terrain|[from] ability: Psychic Surge|[of] p2a: Tapu Lele
|turn|8
|
|t:|1642044420
|move|p2a: Tapu Lele|Psychic|p1a: Azumarill
|-damage|p1a: Azumarill|0 fnt
|faint|p1a: Azumarill
|
|upkeep
|
|t:|1642044423
|switch|p1a: Rillaboom|Rillaboom, M|100/100 par
|-fieldstart|move: Grassy Terrain|[from] ability: Grassy Surge|[of] p1a: Rillaboom
|turn|9
|
|t:|1642044426
|switch|p2a: Zapdos|Zapdos|86/100
|move|p1a: Rillaboom|U-turn|p2a: Zapdos
|-resisted|p2a: Zapdos
|-damage|p2a: Zapdos|73/100
|
|t:|1642044440
|switch|p1a: Zeraora|Zeraora|100/100|[from]move: U-turn
|
|upkeep
|turn|10
|inactive|imchokingrn has 120 seconds left.
|
|t:|1642044465
|switch|p2a: Landorus|Landorus-Therian, M|99/100
|-damage|p2a: Landorus|88/100|[from] Stealth Rock
|-ability|p2a: Landorus|Intimidate|boost
|-unboost|p1a: Zeraora|atk|1
|move|p1a: Zeraora|Taunt|p2a: Landorus
|-start|p2a: Landorus|move: Taunt
|
|-heal|p2a: Landorus|94/100|[from] item: Leftovers
|upkeep
|turn|11
|inactive|imchokingrn has 120 seconds left.
|
|t:|1642044473
|switch|p1a: Rillaboom|Rillaboom, M|100/100 par
|move|p2a: Landorus|U-turn|p1a: Rillaboom
|-supereffective|p1a: Rillaboom
|-damage|p1a: Rillaboom|56/100 par
|
|t:|1642044475
|switch|p2a: Zapdos|Zapdos|73/100|[from]move: U-turn
|
|-heal|p1a: Rillaboom|62/100 par|[from] Grassy Terrain
|upkeep
|turn|12
|
|t:|1642044482
|move|p2a: Zapdos|Hurricane|p1a: Rillaboom
|-supereffective|p1a: Rillaboom
|-damage|p1a: Rillaboom|0 fnt
|faint|p1a: Rillaboom
|
|upkeep
|
|t:|1642044487
|switch|p1a: Hawlucha|Hawlucha, F, shiny|100/100
|-enditem|p1a: Hawlucha|Grassy Seed
|-boost|p1a: Hawlucha|def|1|[from] item: Grassy Seed
|turn|13
|
|t:|1642044508
|move|p1a: Hawlucha|Substitute|p1a: Hawlucha
|-start|p1a: Hawlucha|Substitute
|-damage|p1a: Hawlucha|76/100
|move|p2a: Zapdos|Volt Switch|p1a: Hawlucha
|-supereffective|p1a: Hawlucha
|-end|p1a: Hawlucha|Substitute
|
|t:|1642044517
|switch|p2a: Landorus|Landorus-Therian, M|94/100|[from]move: Volt Switch
|-damage|p2a: Landorus|82/100|[from] Stealth Rock
|-ability|p2a: Landorus|Intimidate|boost
|-unboost|p1a: Hawlucha|atk|1
|
|-heal|p2a: Landorus|88/100|[from] item: Leftovers
|-fieldend|move: Grassy Terrain
|upkeep
|turn|14
|
|t:|1642044523
|move|p1a: Hawlucha|Swords Dance|p1a: Hawlucha
|-boost|p1a: Hawlucha|atk|2
|move|p2a: Landorus|U-turn|p1a: Hawlucha
|-resisted|p1a: Hawlucha
|-damage|p1a: Hawlucha|70/100
|
|t:|1642044526
|switch|p2a: Zapdos|Zapdos|73/100|[from]move: U-turn
|
|upkeep
|turn|15
|
|t:|1642044532
|move|p1a: Hawlucha|Close Combat|p2a: Zapdos
|-resisted|p2a: Zapdos
|-damage|p2a: Zapdos|48/100
|-unboost|p1a: Hawlucha|def|1
|-unboost|p1a: Hawlucha|spd|1
|-status|p1a: Hawlucha|par|[from] ability: Static|[of] p2a: Zapdos
|move|p2a: Zapdos|Volt Switch|p1a: Hawlucha
|-supereffective|p1a: Hawlucha
|-damage|p1a: Hawlucha|0 fnt
|faint|p1a: Hawlucha
|
|t:|1642044543
|switch|p2a: Ferrothorn|Ferrothorn, M|100/100|[from]move: Volt Switch
|-damage|p2a: Ferrothorn|94/100|[from] Stealth Rock
|
|-heal|p2a: Ferrothorn|100/100|[from] item: Leftovers
|upkeep
|
|t:|1642044547
|switch|p1a: Zeraora|Zeraora|100/100
|turn|16
|
|t:|1642044549
|switch|p2a: Landorus|Landorus-Therian, M|88/100
|-damage|p2a: Landorus|75/100|[from] Stealth Rock
|-ability|p2a: Landorus|Intimidate|boost
|-unboost|p1a: Zeraora|atk|1
|move|p1a: Zeraora|Blaze Kick|p2a: Landorus
|-damage|p2a: Landorus|59/100
|
|-heal|p2a: Landorus|65/100|[from] item: Leftovers
|upkeep
|turn|17
|
|t:|1642044553
|move|p1a: Zeraora|Taunt|p2a: Landorus
|-start|p2a: Landorus|move: Taunt
|move|p2a: Landorus|Earthquake|p1a: Zeraora
|-supereffective|p1a: Zeraora
|-damage|p1a: Zeraora|0 fnt
|faint|p1a: Zeraora
|
|-heal|p2a: Landorus|71/100|[from] item: Leftovers
|upkeep
|
|t:|1642044555
|switch|p1a: Excadrill|Excadrill, M, shiny|100/100
|-ability|p1a: Excadrill|Mold Breaker
|turn|18
|
|t:|1642044557
|move|p1a: Excadrill|Iron Head|p2a: Landorus
|-crit|p2a: Landorus
|-damage|p2a: Landorus|11/100
|move|p2a: Landorus|Earthquake|p1a: Excadrill
|-supereffective|p1a: Excadrill
|-enditem|p1a: Excadrill|Focus Sash
|-damage|p1a: Excadrill|1/100
|
|-heal|p2a: Landorus|17/100|[from] item: Leftovers
|upkeep
|turn|19
|
|t:|1642044562
|move|p1a: Excadrill|Rapid Spin|p2a: Landorus
|-damage|p2a: Landorus|2/100
|-boost|p1a: Excadrill|spe|1
|move|p2a: Landorus|Earthquake|p1a: Excadrill
|-supereffective|p1a: Excadrill
|-damage|p1a: Excadrill|0 fnt
|faint|p1a: Excadrill
|
|win|imchokingrn
|raw|Kikoobuster's rating: 1627 &rarr; <strong>1611</strong><br />(-16 for losing)
|raw|imchokingrn's rating: 1695 &rarr; <strong>1711</strong><br />(+16 for winning)
|l|☆Kikoobuster
