|j|☆Delibird Heart
|j|☆Nabehh
|t:|1662406582
|gametype|singles
|player|p1|Delibird Heart|guitarist-gen4|1524
|player|p2|Nabehh|101|1488
|teamsize|p1|6
|teamsize|p2|6
|gen|8
|tier|[Gen 8] OU
|rated|
|rule|Sleep Clause Mod: Limit one foe put to sleep
|rule|Species Clause: Limit one of each Pokémon
|rule|OHKO Clause: OHKO moves are banned
|rule|Evasion Items Clause: Evasion items are banned
|rule|Evasion Moves Clause: Evasion moves are banned
|rule|Endless Battle Clause: Forcing endless battles is banned
|rule|HP Percentage Mod: HP is shown in percentages
|rule|Dynamax Clause: You cannot dynamax
|clearpoke
|poke|p1|Delibird, M|
|poke|p1|Tapu Koko|
|poke|p1|Kartana|
|poke|p1|Volcarona, F|
|poke|p1|Landorus-Therian, M|
|poke|p1|Kommo-o, M|
|poke|p2|Mew|
|poke|p2|Corviknight, M|
|poke|p2|Tornadus-Therian, M|
|poke|p2|Toxapex, M|
|poke|p2|Clefable, F|
|poke|p2|Hippowdon, F|
|teampreview
|inactive|Battle timer is ON: inactive players will automatically lose when time's up. (requested by Delibird Heart)
|
|t:|1662406593
|start
|switch|p1a: Santa|Delibird, M|100/100
|switch|p2a: Tornadus|Tornadus-Therian, M|100/100
|turn|1
|
|t:|1662406599
|move|p2a: Tornadus|Toxic|p1a: Santa
|-status|p1a: Santa|tox
|move|p1a: Santa|Icy Wind|p2a: Tornadus
|-supereffective|p2a: Tornadus
|-damage|p2a: Tornadus|64/100
|-unboost|p2a: Tornadus|spe|1
|
|-damage|p1a: Santa|94/100 tox|[from] psn
|upkeep
|turn|2
|
|t:|1662406609
|switch|p2a: Toxapex|Toxapex, M|100/100
|move|p1a: Santa|Spikes|p2a: Toxapex
|-sidestart|p2: Nabehh|Spikes
|
|-damage|p1a: Santa|82/100 tox|[from] psn
|upkeep
|turn|3
|
|t:|1662406619
|move|p1a: Santa|Spikes|p2a: Toxapex
|-sidestart|p2: Nabehh|Spikes
|move|p2a: Toxapex|Toxic Spikes|p1a: Santa
|-sidestart|p1: Delibird Heart|move: Toxic Spikes
|
|-damage|p1a: Santa|64/100 tox|[from] psn
|upkeep
|turn|4
|
|t:|1662406625
|move|p1a: Santa|Spikes|p2a: Toxapex
|-sidestart|p2: Nabehh|Spikes
|move|p2a: Toxapex|Toxic Spikes|p1a: Santa
|-sidestart|p1: Delibird Heart|move: Toxic Spikes
|
|-damage|p1a: Santa|40/100 tox|[from] psn
|upkeep
|turn|5
|
|t:|1662406634
|move|p1a: Santa|Rapid Spin|p2a: Toxapex
|-damage|p2a: Toxapex|95/100
|-boost|p1a: Santa|spe|1
|-sideend|p1: Delibird Heart|Toxic Spikes|[from] move: Rapid Spin|[of] p1a: Santa
|move|p2a: Toxapex|Toxic Spikes|p1a: Santa
|-sidestart|p1: Delibird Heart|move: Toxic Spikes
|
|-heal|p2a: Toxapex|100/100|[from] item: Black Sludge
|-damage|p1a: Santa|10/100 tox|[from] psn
|upkeep
|turn|6
|
|t:|1662406643
|move|p1a: Santa|Rapid Spin|p2a: Toxapex
|-damage|p2a: Toxapex|95/100
|-boost|p1a: Santa|spe|1
|-sideend|p1: Delibird Heart|Toxic Spikes|[from] move: Rapid Spin|[of] p1a: Santa
|move|p2a: Toxapex|Toxic Spikes|p1a: Santa
|-sidestart|p1: Delibird Heart|move: Toxic Spikes
|
|-heal|p2a: Toxapex|100/100|[from] item: Black Sludge
|-damage|p1a: Santa|0 fnt|[from] psn
|faint|p1a: Santa
|upkeep
|
|t:|1662406662
|switch|p1a: Kartana|Kartana|100/100
|turn|7
|
|t:|1662406670
|move|p1a: Kartana|Swords Dance|p1a: Kartana
|-boost|p1a: Kartana|atk|2
|move|p2a: Toxapex|Scald|p1a: Kartana
|-resisted|p1a: Kartana
|-damage|p1a: Kartana|73/100
|
|upkeep
|turn|8
|
|t:|1662406677
|move|p1a: Kartana|Leaf Blade|p2a: Toxapex
|-damage|p2a: Toxapex|0 fnt
|faint|p2a: Toxapex
|-ability|p1a: Kartana|Beast Boost|boost
|-boost|p1a: Kartana|atk|1
|-damage|p1a: Kartana|63/100|[from] item: Life Orb
|
|upkeep
|
|t:|1662406690
|switch|p2a: Corviknight|Corviknight, M|100/100
|-ability|p2a: Corviknight|Pressure
|turn|9
|
|t:|1662406696
|move|p1a: Kartana|Knock Off|p2a: Corviknight
|-damage|p2a: Corviknight|0 fnt
|-enditem|p2a: Corviknight|Leftovers|[from] move: Knock Off|[of] p1a: Kartana
|faint|p2a: Corviknight
|-ability|p1a: Kartana|Beast Boost|boost
|-boost|p1a: Kartana|atk|1
|-damage|p1a: Kartana|53/100|[from] item: Life Orb
|
|upkeep
|
|t:|1662406702
|switch|p2a: Clefable|Clefable, F|100/100
|-damage|p2a: Clefable|76/100|[from] Spikes
|turn|10
|
|t:|1662406706
|move|p1a: Kartana|Smart Strike|p2a: Clefable
|-supereffective|p2a: Clefable
|-damage|p2a: Clefable|0 fnt
|faint|p2a: Clefable
|-ability|p1a: Kartana|Beast Boost|boost
|-boost|p1a: Kartana|atk|1
|-damage|p1a: Kartana|44/100|[from] item: Life Orb
|
|upkeep
|
|t:|1662406713
|switch|p2a: Hippowdon|Hippowdon, F|100/100
|-damage|p2a: Hippowdon|76/100|[from] Spikes
|-weather|Sandstorm|[from] ability: Sand Stream|[of] p2a: Hippowdon
|turn|11
|
|t:|1662406719
|move|p2a: Hippowdon|Protect|p2a: Hippowdon
|-singleturn|p2a: Hippowdon|Protect
|move|p1a: Kartana|Leaf Blade|p2a: Hippowdon
|-activate|p2a: Hippowdon|move: Protect
|
|-weather|Sandstorm|[upkeep]
|-heal|p2a: Hippowdon|82/100|[from] item: Leftovers
|upkeep
|turn|12
|
|t:|1662406727
|move|p1a: Kartana|Leaf Blade|p2a: Hippowdon
|-supereffective|p2a: Hippowdon
|-damage|p2a: Hippowdon|0 fnt
|faint|p2a: Hippowdon
|-ability|p1a: Kartana|Beast Boost|boost
|-boost|p1a: Kartana|atk|1
|-damage|p1a: Kartana|34/100|[from] item: Life Orb
|
|-weather|Sandstorm|[upkeep]
|upkeep
|
|t:|1662406732
|switch|p2a: Tornadus|Tornadus-Therian, M|97/100
|turn|13
|
|t:|1662406737
|move|p2a: Tornadus|Heat Wave|p1a: Kartana
|-supereffective|p1a: Kartana
|-damage|p1a: Kartana|0 fnt
|faint|p1a: Kartana
|
|-weather|Sandstorm|[upkeep]
|-damage|p2a: Tornadus|91/100|[from] Sandstorm
|upkeep
|
|t:|1662406748
|switch|p1a: Tapu Koko|Tapu Koko|100/100
|-status|p1a: Tapu Koko|psn
|-fieldstart|move: Electric Terrain|[from] ability: Electric Surge|[of] p1a: Tapu Koko
|turn|14
|
|t:|1662406754
|move|p1a: Tapu Koko|Taunt|p2a: Tornadus
|-start|p2a: Tornadus|move: Taunt
|move|p2a: Tornadus|Knock Off|p1a: Tapu Koko
|-resisted|p1a: Tapu Koko
|-damage|p1a: Tapu Koko|90/100 psn
|-enditem|p1a: Tapu Koko|Light Clay|[from] move: Knock Off|[of] p2a: Tornadus
|
|-weather|Sandstorm|[upkeep]
|-damage|p1a: Tapu Koko|84/100 psn|[from] Sandstorm
|-damage|p2a: Tornadus|85/100|[from] Sandstorm
|-damage|p1a: Tapu Koko|72/100 psn|[from] psn
|upkeep
|turn|15
|
|t:|1662406765
|switch|p2a: Mew|Mew|100/100
|-damage|p2a: Mew|75/100|[from] Spikes
|move|p1a: Tapu Koko|Light Screen|p1a: Tapu Koko
|-sidestart|p1: Delibird Heart|move: Light Screen
|
|-weather|none
|-damage|p1a: Tapu Koko|59/100 psn|[from] psn
|upkeep
|turn|16
|
|t:|1662406772
|move|p1a: Tapu Koko|Taunt|p2a: Mew
|-start|p2a: Mew|move: Taunt
|cant|p2a: Mew|move: Taunt|Taunt
|
|-damage|p1a: Tapu Koko|47/100 psn|[from] psn
|upkeep
|turn|17
|
|t:|1662406782
|move|p1a: Tapu Koko|U-turn|p2a: Mew
|-supereffective|p2a: Mew
|-damage|p2a: Mew|43/100
|-enditem|p2a: Mew|Weakness Policy
|-boost|p2a: Mew|atk|2|[from] item: Weakness Policy
|-boost|p2a: Mew|spa|2|[from] item: Weakness Policy
|inactive|Delibird Heart has 120 seconds left.
|
|t:|1662406808
|switch|p1a: Kommo-o|Kommo-o, M|100/100|[from]move: U-turn
|-status|p1a: Kommo-o|psn
|move|p2a: Mew|Stored Power|p1a: Kommo-o
|-supereffective|p1a: Kommo-o
|-damage|p1a: Kommo-o|10/100 psn
|
|-damage|p1a: Kommo-o|0 fnt|[from] psn
|faint|p1a: Kommo-o
|upkeep
|inactive|Delibird Heart has 120 seconds left.
|
|t:|1662406814
|switch|p1a: Landorus|Landorus-Therian, M|100/100
|-ability|p1a: Landorus|Intimidate|boost
|-unboost|p2a: Mew|atk|1
|turn|18
|
|t:|1662406821
|move|p2a: Mew|Stored Power|p1a: Landorus
|-damage|p1a: Landorus|67/100
|move|p1a: Landorus|Rock Polish|p1a: Landorus
|-boost|p1a: Landorus|spe|2
|
|-end|p2a: Mew|move: Taunt
|-fieldend|move: Electric Terrain
|upkeep
|turn|19
|
|t:|1662406836
|move|p1a: Landorus|Earthquake|p2a: Mew
|-damage|p2a: Mew|0 fnt
|faint|p2a: Mew
|-damage|p1a: Landorus|57/100|[from] item: Life Orb
|
|-sideend|p1: Delibird Heart|move: Light Screen
|upkeep
|
|t:|1662406841
|switch|p2a: Tornadus|Tornadus-Therian, M|100/100
|turn|20
|
|t:|1662406845
|move|p1a: Landorus|Stone Edge|p2a: Tornadus|[miss]
|-miss|p1a: Landorus|p2a: Tornadus
|move|p2a: Tornadus|Knock Off|p1a: Landorus
|-damage|p1a: Landorus|33/100
|-enditem|p1a: Landorus|Life Orb|[from] move: Knock Off|[of] p2a: Tornadus
|
|upkeep
|turn|21
|
|t:|1662406853
|move|p1a: Landorus|Stone Edge|p2a: Tornadus
|-supereffective|p2a: Tornadus
|-damage|p2a: Tornadus|16/100
|move|p2a: Tornadus|Heat Wave|p1a: Landorus
|-damage|p1a: Landorus|6/100
|-status|p1a: Landorus|brn
|
|-damage|p1a: Landorus|0 fnt|[from] brn
|faint|p1a: Landorus
|upkeep
|
|t:|1662406856
|switch|p1a: Tapu Koko|Tapu Koko|47/100 psn
|-fieldstart|move: Electric Terrain|[from] ability: Electric Surge|[of] p1a: Tapu Koko
|turn|22
|
|t:|1662406865
|move|p1a: Tapu Koko|Light Screen|p1a: Tapu Koko
|-sidestart|p1: Delibird Heart|move: Light Screen
|move|p2a: Tornadus|Heat Wave|p1a: Tapu Koko|[miss]
|-miss|p2a: Tornadus|p1a: Tapu Koko
|
|-damage|p1a: Tapu Koko|35/100 psn|[from] psn
|upkeep
|turn|23
|-message|Nabehh forfeited.
|
|win|Delibird Heart
|raw|Delibird Heart's rating: 1524 &rarr; <strong>1542</strong><br />(+18 for winning)
|raw|Nabehh's rating: 1488 &rarr; <strong>1470</strong><br />(-18 for losing)
|l|☆Nabehh
||Ladder isn't responding, score probably updated but might not have (Request timeout).
