|raw|<div class="broadcast-blue"><strong>This battle is required to be public due to a player having a name starting with 'lt91bb'.</div>
|j|☆Ayante
|j|☆LT91BB skyfans
|t:|1659241177
|gametype|singles
|player|p1|Ayante|steven|1746
|player|p2|LT91BB skyfans|red|1822
|teamsize|p1|6
|teamsize|p2|6
|gen|8
|tier|[Gen 8] OU
|rated|
|rule|Sleep Clause Mod: Limit one foe put to sleep
|rule|Species Clause: Limit one of each Pokémon
|rule|OHKO Clause: OHKO moves are banned
|rule|Evasion Moves Clause: Evasion moves are banned
|rule|Endless Battle Clause: Forcing endless battles is banned
|rule|HP Percentage Mod: HP is shown in percentages
|rule|Dynamax Clause: You cannot dynamax
|clearpoke
|poke|p1|Slowking-Galar, M|
|poke|p1|Kartana|
|poke|p1|Hippowdon, F|
|poke|p1|Kommo-o, F|
|poke|p1|Skarmory, M|
|poke|p1|Tapu Fini|
|poke|p2|Slowking-Galar, M|
|poke|p2|Weavile, F|
|poke|p2|Magnezone|
|poke|p2|Garchomp, F|
|poke|p2|Corviknight, M|
|poke|p2|Urshifu-*, F|
|teampreview
|
|t:|1659241190
|start
|switch|p1a: Hippowdon|Hippowdon, F|100/100
|switch|p2a: Urshifu|Urshifu-Rapid-Strike, F|100/100
|-weather|Sandstorm|[from] ability: Sand Stream|[of] p1a: Hippowdon
|turn|1
|c|☆Ayante|Trust me im sky fan
|
|t:|1659241200
|switch|p1a: Tapu Fini|Tapu Fini|100/100
|-fieldstart|move: Misty Terrain|[from] ability: Misty Surge|[of] p1a: Tapu Fini
|move|p2a: Urshifu|U-turn|p1a: Tapu Fini
|-resisted|p1a: Tapu Fini
|-damage|p1a: Tapu Fini|85/100
|
|t:|1659241205
|switch|p2a: Magnezone|Magnezone|100/100|[from]move: U-turn
|
|-weather|Sandstorm|[upkeep]
|-damage|p1a: Tapu Fini|78/100|[from] Sandstorm
|-heal|p1a: Tapu Fini|85/100|[from] item: Leftovers
|upkeep
|turn|2
|
|t:|1659241208
|switch|p1a: Hippowdon|Hippowdon, F|100/100
|move|p2a: Magnezone|Flash Cannon|p1a: Hippowdon
|-damage|p1a: Hippowdon|55/100
|
|-weather|Sandstorm|[upkeep]
|upkeep
|turn|3
|
|t:|1659241214
|switch|p2a: Garchomp|Garchomp, F, shiny|100/100
|move|p1a: Hippowdon|Slack Off|p1a: Hippowdon
|-heal|p1a: Hippowdon|100/100
|
|-weather|Sandstorm|[upkeep]
|upkeep
|turn|4
|
|t:|1659241217
|move|p2a: Garchomp|Stealth Rock|p1a: Hippowdon
|-sidestart|p1: Ayante|move: Stealth Rock
|move|p1a: Hippowdon|Stealth Rock|p2a: Garchomp
|-sidestart|p2: LT91BB skyfans|move: Stealth Rock
|
|-weather|Sandstorm|[upkeep]
|upkeep
|turn|5
|
|t:|1659241221
|switch|p1a: Skarmory|Skarmory, M|100/100
|-damage|p1a: Skarmory|88/100|[from] Stealth Rock
|move|p2a: Garchomp|Earthquake|p1a: Skarmory
|-immune|p1a: Skarmory
|
|-weather|none
|-fieldend|Misty Terrain
|upkeep
|turn|6
|
|t:|1659241228
|move|p2a: Garchomp|Toxic|p1a: Skarmory
|-immune|p1a: Skarmory
|move|p1a: Skarmory|Spikes|p2a: Garchomp
|-sidestart|p2: LT91BB skyfans|Spikes
|
|upkeep
|turn|7
|
|t:|1659241234
|switch|p2a: Corviknight|Corviknight, M, shiny|100/100
|-damage|p2a: Corviknight|88/100|[from] Stealth Rock
|-ability|p2a: Corviknight|Pressure
|switch|p1a: Tapu Fini|Tapu Fini|85/100
|-damage|p1a: Tapu Fini|72/100|[from] Stealth Rock
|-fieldstart|move: Misty Terrain|[from] ability: Misty Surge|[of] p1a: Tapu Fini
|
|-heal|p1a: Tapu Fini|78/100|[from] item: Leftovers
|upkeep
|turn|8
|
|t:|1659241237
|move|p1a: Tapu Fini|Surf|p2a: Corviknight
|-damage|p2a: Corviknight|50/100
|move|p2a: Corviknight|U-turn|p1a: Tapu Fini
|-resisted|p1a: Tapu Fini
|-damage|p1a: Tapu Fini|72/100
|
|t:|1659241248
|switch|p2a: Slowking|Slowking-Galar, M, shiny|100/100|[from]move: U-turn
|-damage|p2a: Slowking|88/100|[from] Stealth Rock
|-damage|p2a: Slowking|76/100|[from] Spikes
|
|-heal|p1a: Tapu Fini|78/100|[from] item: Leftovers
|upkeep
|turn|9
|
|t:|1659241252
|switch|p1a: Hippowdon|Hippowdon, F|100/100
|-weather|Sandstorm|[from] ability: Sand Stream|[of] p1a: Hippowdon
|move|p2a: Slowking|Future Sight|p1a: Hippowdon
|-start|p2a: Slowking|move: Future Sight
|
|-weather|Sandstorm|[upkeep]
|-damage|p2a: Slowking|69/100|[from] Sandstorm
|upkeep
|turn|10
|
|t:|1659241256
|switch|p2a: Corviknight|Corviknight, M, shiny|50/100
|-damage|p2a: Corviknight|37/100|[from] Stealth Rock
|-ability|p2a: Corviknight|Pressure
|move|p1a: Hippowdon|Earthquake|p2a: Corviknight
|-immune|p2a: Corviknight
|
|-weather|Sandstorm|[upkeep]
|upkeep
|turn|11
|inactive|Battle timer is ON: inactive players will automatically lose when time's up. (requested by LT91BB skyfans)
|
|t:|1659241262
|switch|p1a: Slowking|Slowking-Galar, M|100/100
|-damage|p1a: Slowking|88/100|[from] Stealth Rock
|move|p2a: Corviknight|Roost|p2a: Corviknight
|-heal|p2a: Corviknight|87/100
|-singleturn|p2a: Corviknight|move: Roost
|
|-weather|Sandstorm|[upkeep]
|-damage|p1a: Slowking|82/100|[from] Sandstorm
|-end|p1a: Slowking|move: Future Sight
|-damage|p1a: Slowking|38/100
|-fieldend|Misty Terrain
|upkeep
|turn|12
|
|t:|1659241264
|move|p2a: Corviknight|Brave Bird|p1a: Slowking
|-damage|p1a: Slowking|0 fnt
|faint|p1a: Slowking
|-damage|p2a: Corviknight|75/100|[from] Recoil
|
|-weather|Sandstorm|[upkeep]
|upkeep
|
|t:|1659241274
|switch|p1a: Kartana|Kartana|100/100
|-damage|p1a: Kartana|94/100|[from] Stealth Rock
|turn|13
|
|t:|1659241286
|move|p1a: Kartana|Swords Dance|p1a: Kartana
|-boost|p1a: Kartana|atk|2
|move|p2a: Corviknight|Defog|p1a: Kartana
|-unboost|p1a: Kartana|evasion|1
|-sideend|p1: Ayante|Stealth Rock|[from] move: Defog|[of] p2a: Corviknight
|-sideend|p2: LT91BB skyfans|Spikes|[from] move: Defog|[of] p2a: Corviknight
|-sideend|p2: LT91BB skyfans|Stealth Rock|[from] move: Defog|[of] p2a: Corviknight
|
|-weather|none
|upkeep
|turn|14
|
|t:|1659241288
|move|p1a: Kartana|Knock Off|p2a: Corviknight
|-damage|p2a: Corviknight|17/100
|-damage|p1a: Kartana|78/100|[from] item: Rocky Helmet|[of] p2a: Corviknight
|-enditem|p2a: Corviknight|Rocky Helmet|[from] move: Knock Off|[of] p1a: Kartana
|move|p2a: Corviknight|U-turn|p1a: Kartana
|-damage|p1a: Kartana|62/100
|inactive|LT91BB skyfans has 120 seconds left.
|
|t:|1659241321
|switch|p2a: Weavile|Weavile, F|100/100|[from]move: U-turn
|-ability|p2a: Weavile|Pressure
|
|upkeep
|turn|15
|j| CB Bhris Breezy
|
|t:|1659241328
|move|p2a: Weavile|Triple Axel|p1a: Kartana
|-crit|p1a: Kartana
|-damage|p1a: Kartana|46/100
|-damage|p1a: Kartana|24/100
|-damage|p1a: Kartana|0 fnt
|faint|p1a: Kartana
|-hitcount|p1: Kartana|3
|
|upkeep
|
|t:|1659241338
|switch|p1a: Skarmory|Skarmory, M|88/100
|turn|16
|
|t:|1659241341
|switch|p2a: Magnezone|Magnezone|100/100
|move|p1a: Skarmory|Body Press|p2a: Magnezone
|-supereffective|p2a: Magnezone
|-damage|p2a: Magnezone|31/100
|
|upkeep
|turn|17
|
|t:|1659241345
|switch|p1a: Hippowdon|Hippowdon, F|100/100
|-weather|Sandstorm|[from] ability: Sand Stream|[of] p1a: Hippowdon
|move|p2a: Magnezone|Volt Switch|p1a: Hippowdon
|-immune|p1a: Hippowdon
|
|-weather|Sandstorm|[upkeep]
|upkeep
|turn|18
|
|t:|1659241350
|switch|p2a: Corviknight|Corviknight, M, shiny|17/100
|-ability|p2a: Corviknight|Pressure
|switch|p1a: Kommo-o|Kommo-o, F|100/100
|
|-weather|Sandstorm|[upkeep]
|-damage|p1a: Kommo-o|94/100|[from] Sandstorm
|-heal|p1a: Kommo-o|100/100|[from] item: Leftovers
|upkeep
|turn|19
|
|t:|1659241352
|move|p1a: Kommo-o|Flamethrower|p2a: Corviknight
|-supereffective|p2a: Corviknight
|-damage|p2a: Corviknight|0 fnt
|faint|p2a: Corviknight
|
|-weather|Sandstorm|[upkeep]
|-damage|p1a: Kommo-o|94/100|[from] Sandstorm
|-heal|p1a: Kommo-o|100/100|[from] item: Leftovers
|upkeep
|
|t:|1659241357
|switch|p2a: Slowking|Slowking-Galar, M, shiny|100/100
|turn|20
|
|t:|1659241361
|move|p1a: Kommo-o|Earthquake|p2a: Slowking
|-supereffective|p2a: Slowking
|-damage|p2a: Slowking|48/100
|move|p2a: Slowking|Future Sight|p1a: Kommo-o
|-start|p2a: Slowking|move: Future Sight
|
|-weather|Sandstorm|[upkeep]
|-damage|p1a: Kommo-o|94/100|[from] Sandstorm
|-damage|p2a: Slowking|41/100|[from] Sandstorm
|-heal|p1a: Kommo-o|100/100|[from] item: Leftovers
|upkeep
|turn|21
|
|t:|1659241366
|switch|p2a: Garchomp|Garchomp, F, shiny|100/100
|move|p1a: Kommo-o|Earthquake|p2a: Garchomp
|-damage|p2a: Garchomp|83/100
|
|-weather|none
|-heal|p2a: Garchomp|90/100|[from] item: Leftovers
|upkeep
|turn|22
|
|t:|1659241369
|switch|p1a: Skarmory|Skarmory, M|88/100
|move|p2a: Garchomp|Stealth Rock|p1a: Skarmory
|-sidestart|p1: Ayante|move: Stealth Rock
|
|-end|p1a: Skarmory|move: Future Sight
|-resisted|p1a: Skarmory
|-crit|p1a: Skarmory
|-damage|p1a: Skarmory|29/100
|-heal|p2a: Garchomp|96/100|[from] item: Leftovers
|upkeep
|turn|23
|
|t:|1659241373
|switch|p2a: Magnezone|Magnezone|31/100
|move|p1a: Skarmory|Roost|p1a: Skarmory
|-heal|p1a: Skarmory|79/100
|-singleturn|p1a: Skarmory|move: Roost
|
|upkeep
|turn|24
|
|t:|1659241388
|switch|p1a: Hippowdon|Hippowdon, F|100/100
|-weather|Sandstorm|[from] ability: Sand Stream|[of] p1a: Hippowdon
|move|p2a: Magnezone|Flash Cannon|p1a: Hippowdon
|-damage|p1a: Hippowdon|52/100
|
|-weather|Sandstorm|[upkeep]
|upkeep
|turn|25
|
|t:|1659241392
|switch|p2a: Urshifu|Urshifu-Rapid-Strike, F|100/100
|move|p1a: Hippowdon|Slack Off|p1a: Hippowdon
|-heal|p1a: Hippowdon|100/100
|
|-weather|Sandstorm|[upkeep]
|-damage|p2a: Urshifu|94/100|[from] Sandstorm
|upkeep
|turn|26
|
|t:|1659241394
|switch|p1a: Tapu Fini|Tapu Fini|78/100
|-damage|p1a: Tapu Fini|66/100|[from] Stealth Rock
|-fieldstart|move: Misty Terrain|[from] ability: Misty Surge|[of] p1a: Tapu Fini
|move|p2a: Urshifu|Surging Strikes|p1a: Tapu Fini
|-resisted|p1a: Tapu Fini
|-crit|p1a: Tapu Fini
|-damage|p1a: Tapu Fini|52/100
|-resisted|p1a: Tapu Fini
|-crit|p1a: Tapu Fini
|-damage|p1a: Tapu Fini|38/100
|-resisted|p1a: Tapu Fini
|-crit|p1a: Tapu Fini
|-damage|p1a: Tapu Fini|24/100
|-hitcount|p1a: Tapu Fini|3
|
|-weather|Sandstorm|[upkeep]
|-damage|p2a: Urshifu|88/100|[from] Sandstorm
|-damage|p1a: Tapu Fini|18/100|[from] Sandstorm
|-heal|p1a: Tapu Fini|24/100|[from] item: Leftovers
|upkeep
|turn|27
|
|t:|1659241399
|switch|p2a: Slowking|Slowking-Galar, M, shiny|75/100
|move|p1a: Tapu Fini|Moonblast|p2a: Slowking
|-resisted|p2a: Slowking
|-damage|p2a: Slowking|64/100
|
|-weather|Sandstorm|[upkeep]
|-damage|p1a: Tapu Fini|18/100|[from] Sandstorm
|-damage|p2a: Slowking|58/100|[from] Sandstorm
|-heal|p1a: Tapu Fini|24/100|[from] item: Leftovers
|upkeep
|turn|28
|
|t:|1659241402
|switch|p1a: Hippowdon|Hippowdon, F|100/100
|move|p2a: Slowking|Future Sight|p1a: Hippowdon
|-start|p2a: Slowking|move: Future Sight
|
|-weather|none
|upkeep
|turn|29
|
|t:|1659241405
|switch|p2a: Urshifu|Urshifu-Rapid-Strike, F|88/100
|move|p1a: Hippowdon|Stealth Rock|p2a: Urshifu
|-sidestart|p2: LT91BB skyfans|move: Stealth Rock
|
|upkeep
|turn|30
|
|t:|1659241409
|switch|p1a: Tapu Fini|Tapu Fini|24/100
|-damage|p1a: Tapu Fini|12/100|[from] Stealth Rock
|move|p2a: Urshifu|Surging Strikes|p1a: Tapu Fini
|-resisted|p1a: Tapu Fini
|-crit|p1a: Tapu Fini
|-damage|p1a: Tapu Fini|0 fnt
|faint|p1a: Tapu Fini
|-hitcount|p1: Tapu Fini|1
|
|-hint|Future Sight did not hit because the target is fainted.
|-fieldend|Misty Terrain
|upkeep
|
|t:|1659241413
|switch|p1a: Kommo-o|Kommo-o, F|100/100
|-damage|p1a: Kommo-o|94/100|[from] Stealth Rock
|turn|31
|
|t:|1659241416
|move|p2a: Urshifu|Surging Strikes|p1a: Kommo-o
|-resisted|p1a: Kommo-o
|-crit|p1a: Kommo-o
|-damage|p1a: Kommo-o|83/100
|-resisted|p1a: Kommo-o
|-crit|p1a: Kommo-o
|-damage|p1a: Kommo-o|71/100
|-resisted|p1a: Kommo-o
|-crit|p1a: Kommo-o
|-damage|p1a: Kommo-o|60/100
|-hitcount|p1a: Kommo-o|3
|move|p1a: Kommo-o|Earthquake|p2a: Urshifu
|-damage|p2a: Urshifu|64/100
|
|-heal|p1a: Kommo-o|67/100|[from] item: Leftovers
|upkeep
|turn|32
|
|t:|1659241420
|switch|p2a: Garchomp|Garchomp, F, shiny|96/100
|-damage|p2a: Garchomp|90/100|[from] Stealth Rock
|move|p1a: Kommo-o|Earthquake|p2a: Garchomp
|-damage|p2a: Garchomp|72/100
|
|-heal|p2a: Garchomp|78/100|[from] item: Leftovers
|-heal|p1a: Kommo-o|73/100|[from] item: Leftovers
|upkeep
|turn|33
|
|t:|1659241427
|switch|p1a: Skarmory|Skarmory, M|79/100
|-damage|p1a: Skarmory|67/100|[from] Stealth Rock
|move|p2a: Garchomp|Earthquake|p1a: Skarmory
|-immune|p1a: Skarmory
|
|-heal|p2a: Garchomp|84/100|[from] item: Leftovers
|upkeep
|turn|34
|
|t:|1659241430
|switch|p2a: Slowking|Slowking-Galar, M, shiny|92/100
|-damage|p2a: Slowking|79/100|[from] Stealth Rock
|switch|p1a: Hippowdon|Hippowdon, F|100/100
|-weather|Sandstorm|[from] ability: Sand Stream|[of] p1a: Hippowdon
|
|-weather|Sandstorm|[upkeep]
|-damage|p2a: Slowking|73/100|[from] Sandstorm
|upkeep
|turn|35
|
|t:|1659241436
|move|p1a: Hippowdon|Earthquake|p2a: Slowking
|-supereffective|p2a: Slowking
|-damage|p2a: Slowking|0 fnt
|faint|p2a: Slowking
|
|-weather|Sandstorm|[upkeep]
|upkeep
|
|t:|1659241439
|switch|p2a: Urshifu|Urshifu-Rapid-Strike, F|64/100
|-damage|p2a: Urshifu|57/100|[from] Stealth Rock
|turn|36
|
|t:|1659241444
|switch|p1a: Kommo-o|Kommo-o, F|73/100
|-damage|p1a: Kommo-o|67/100|[from] Stealth Rock
|move|p2a: Urshifu|Surging Strikes|p1a: Kommo-o
|-resisted|p1a: Kommo-o
|-crit|p1a: Kommo-o
|-damage|p1a: Kommo-o|54/100
|-resisted|p1a: Kommo-o
|-crit|p1a: Kommo-o
|-damage|p1a: Kommo-o|42/100
|-resisted|p1a: Kommo-o
|-crit|p1a: Kommo-o
|-damage|p1a: Kommo-o|30/100
|-hitcount|p1a: Kommo-o|3
|
|-weather|Sandstorm|[upkeep]
|-damage|p2a: Urshifu|51/100|[from] Sandstorm
|-damage|p1a: Kommo-o|24/100|[from] Sandstorm
|-heal|p1a: Kommo-o|30/100|[from] item: Leftovers
|upkeep
|turn|37
|
|t:|1659241452
|move|p2a: Urshifu|Surging Strikes|p1a: Kommo-o
|-resisted|p1a: Kommo-o
|-crit|p1a: Kommo-o
|-damage|p1a: Kommo-o|18/100
|-resisted|p1a: Kommo-o
|-crit|p1a: Kommo-o
|-damage|p1a: Kommo-o|6/100
|-resisted|p1a: Kommo-o
|-crit|p1a: Kommo-o
|-damage|p1a: Kommo-o|0 fnt
|faint|p1a: Kommo-o
|-hitcount|p1: Kommo-o|3
|
|-weather|Sandstorm|[upkeep]
|-damage|p2a: Urshifu|45/100|[from] Sandstorm
|upkeep
|
|t:|1659241455
|switch|p1a: Skarmory|Skarmory, M|67/100
|-damage|p1a: Skarmory|54/100|[from] Stealth Rock
|turn|38
|
|t:|1659241458
|move|p2a: Urshifu|Surging Strikes|p1a: Skarmory
|-crit|p1a: Skarmory
|-damage|p1a: Skarmory|37/100
|-crit|p1a: Skarmory
|-damage|p1a: Skarmory|21/100
|-crit|p1a: Skarmory
|-damage|p1a: Skarmory|4/100
|-hitcount|p1a: Skarmory|3
|move|p1a: Skarmory|Roost|p1a: Skarmory
|-heal|p1a: Skarmory|54/100
|-singleturn|p1a: Skarmory|move: Roost
|
|-weather|none
|upkeep
|turn|39
|
|t:|1659241460
|move|p2a: Urshifu|Surging Strikes|p1a: Skarmory
|-crit|p1a: Skarmory
|-damage|p1a: Skarmory|38/100
|-crit|p1a: Skarmory
|-damage|p1a: Skarmory|21/100
|-crit|p1a: Skarmory
|-damage|p1a: Skarmory|3/100
|-hitcount|p1a: Skarmory|3
|move|p1a: Skarmory|Roost|p1a: Skarmory
|-heal|p1a: Skarmory|53/100
|-singleturn|p1a: Skarmory|move: Roost
|
|upkeep
|turn|40
|
|t:|1659241464
|switch|p2a: Magnezone|Magnezone|31/100
|-damage|p2a: Magnezone|25/100|[from] Stealth Rock
|move|p1a: Skarmory|Roost|p1a: Skarmory
|-heal|p1a: Skarmory|100/100
|-singleturn|p1a: Skarmory|move: Roost
|
|upkeep
|turn|41
|
|t:|1659241470
|switch|p1a: Hippowdon|Hippowdon, F|100/100
|-weather|Sandstorm|[from] ability: Sand Stream|[of] p1a: Hippowdon
|move|p2a: Magnezone|Volt Switch|p1a: Hippowdon
|-immune|p1a: Hippowdon
|
|-weather|Sandstorm|[upkeep]
|upkeep
|turn|42
|
|t:|1659241474
|switch|p2a: Garchomp|Garchomp, F, shiny|84/100
|-damage|p2a: Garchomp|78/100|[from] Stealth Rock
|move|p1a: Hippowdon|Earthquake|p2a: Garchomp
|-damage|p2a: Garchomp|52/100
|
|-weather|Sandstorm|[upkeep]
|-heal|p2a: Garchomp|58/100|[from] item: Leftovers
|upkeep
|turn|43
|
|t:|1659241481
|switch|p2a: Magnezone|Magnezone|25/100
|-damage|p2a: Magnezone|19/100|[from] Stealth Rock
|switch|p1a: Skarmory|Skarmory, M|100/100
|-damage|p1a: Skarmory|88/100|[from] Stealth Rock
|
|-weather|Sandstorm|[upkeep]
|upkeep
|turn|44
|
|t:|1659241486
|move|p2a: Magnezone|Flash Cannon|p1a: Skarmory
|-resisted|p1a: Skarmory
|-damage|p1a: Skarmory|39/100
|move|p1a: Skarmory|Spikes|p2a: Magnezone
|-sidestart|p2: LT91BB skyfans|Spikes
|
|-weather|Sandstorm|[upkeep]
|upkeep
|turn|45
|
|t:|1659241489
|move|p2a: Magnezone|Flash Cannon|p1a: Skarmory
|-resisted|p1a: Skarmory
|-damage|p1a: Skarmory|0 fnt
|faint|p1a: Skarmory
|
|-weather|none
|upkeep
|-message|Ayante forfeited.
|
|win|LT91BB skyfans
|raw|Ayante's rating: 1746 &rarr; <strong>1730</strong><br />(-16 for losing)
|raw|LT91BB skyfans's rating: 1822 &rarr; <strong>1838</strong><br />(+16 for winning)
|l|☆Ayante
