|j|☆friedfreak
|j|☆Nerd Water Gym
|t:|1614185756
|player|p1|friedfreak|2|1766
|player|p2|Nerd Water Gym|misty-gen1|1708
|teamsize|p1|6
|teamsize|p2|6
|gametype|singles
|gen|8
|tier|[Gen 8] OU
|rated|
|clearpoke
|poke|p1|Heatran, M|
|poke|p1|Landorus-Therian, M|
|poke|p1|Corviknight, F|
|poke|p1|Tapu Koko|
|poke|p1|Kartana|
|poke|p1|Slowking, F|
|poke|p2|Quagsire, F|
|poke|p2|Togekiss, M|
|poke|p2|Toxapex, F|
|poke|p2|Corviknight, F|
|poke|p2|Crawdaunt, M|
|poke|p2|Blissey, F|
|rule|Sleep Clause Mod: Limit one foe put to sleep
|rule|Species Clause: Limit one of each Pokémon
|rule|OHKO Clause: OHKO moves are banned
|rule|Evasion Moves Clause: Evasion moves are banned
|rule|Endless Battle Clause: Forcing endless battles is banned
|rule|HP Percentage Mod: HP is shown in percentages
|rule|Dynamax Clause: You cannot dynamax
|teampreview
|j| yu56868tyu
|
|t:|1614185806
|start
|switch|p1a: Tapu Koko|Tapu Koko|100/100
|switch|p2a: Toxapex|Toxapex, F, shiny|100/100
|-fieldstart|move: Electric Terrain|[from] ability: Electric Surge|[of] p1a: Tapu Koko
|turn|1
|
|t:|1614185813
|move|p1a: Tapu Koko|Thunderbolt|p2a: Toxapex
|-supereffective|p2a: Toxapex
|-damage|p2a: Toxapex|20/100
|move|p2a: Toxapex|Toxic Spikes|p1a: Tapu Koko
|-sidestart|p1: friedfreak|move: Toxic Spikes
|
|upkeep
|turn|2
|j| L0OSER
|j| bitchinjimmychoos
|
|t:|1614185819
|switch|p2a: Blissey|Blissey, F|100/100
|move|p1a: Tapu Koko|Dazzling Gleam|p2a: Blissey
|-damage|p2a: Blissey|90/100
|
|upkeep
|turn|3
|
|t:|1614185826
|move|p1a: Tapu Koko|U-turn|p2a: Blissey
|-damage|p2a: Blissey|75/100
|
|t:|1614185831
|switch|p1a: Slowking|Slowking, F|100/100|[from]move: U-turn
|move|p2a: Blissey|Stealth Rock|p1a: Slowking
|-sidestart|p1: friedfreak|move: Stealth Rock
|
|upkeep
|turn|4
|
|t:|1614185837
|switch|p2a: Crawdaunt|Crawdaunt, M|100/100
|move|p1a: Slowking|Future Sight|p2a: Crawdaunt
|-start|p1a: Slowking|move: Future Sight
|
|upkeep
|turn|5
|
|t:|1614185845
|switch|p1a: Corviknight|Corviknight, F|100/100
|-damage|p1a: Corviknight|88/100|[from] Stealth Rock
|-ability|p1a: Corviknight|Pressure
|move|p2a: Crawdaunt|Crabhammer|p1a: Corviknight
|-damage|p1a: Corviknight|28/100
|-damage|p2a: Crawdaunt|84/100|[from] item: Rocky Helmet|[of] p1a: Corviknight
|
|-fieldend|move: Electric Terrain
|upkeep
|turn|6
|
|t:|1614185850
|move|p2a: Crawdaunt|Crabhammer|p1a: Corviknight
|-damage|p1a: Corviknight|0 fnt
|-damage|p2a: Crawdaunt|68/100|[from] item: Rocky Helmet|[of] p1a: Corviknight
|faint|p1a: Corviknight
|
|-end|p2a: Crawdaunt|move: Future Sight
|-immune|p2a: Crawdaunt
|upkeep
|l| yu56868tyu
|
|t:|1614185864
|switch|p1a: Tapu Koko|Tapu Koko|100/100
|-fieldstart|move: Electric Terrain|[from] ability: Electric Surge|[of] p1a: Tapu Koko
|turn|7
|
|t:|1614185869
|switch|p2a: Quagsire|Quagsire, F, shiny|100/100
|move|p1a: Tapu Koko|U-turn|p2a: Quagsire
|-damage|p2a: Quagsire|89/100
|
|t:|1614185878
|switch|p1a: Slowking|Slowking, F|100/100|[from]move: U-turn
|
|-heal|p2a: Quagsire|95/100|[from] item: Leftovers
|upkeep
|turn|8
|
|t:|1614185882
|switch|p2a: Crawdaunt|Crawdaunt, M|68/100
|move|p1a: Slowking|Scald|p2a: Crawdaunt
|-resisted|p2a: Crawdaunt
|-damage|p2a: Crawdaunt|38/100
|
|upkeep
|turn|9
|
|t:|1614185887
|switch|p1a: Landorus|Landorus-Therian, M|100/100
|-damage|p1a: Landorus|88/100|[from] Stealth Rock
|-ability|p1a: Landorus|Intimidate|boost
|-unboost|p2a: Crawdaunt|atk|1
|move|p2a: Crawdaunt|Knock Off|p1a: Landorus
|-damage|p1a: Landorus|6/100
|-enditem|p1a: Landorus|Choice Scarf|[from] move: Knock Off|[of] p2a: Crawdaunt
|
|upkeep
|turn|10
|
|t:|1614185896
|switch|p2a: Corviknight|Corviknight, F|100/100
|-ability|p2a: Corviknight|Pressure
|move|p1a: Landorus|Knock Off|p2a: Corviknight
|-damage|p2a: Corviknight|77/100
|-enditem|p2a: Corviknight|Shed Shell|[from] move: Knock Off|[of] p1a: Landorus
|
|upkeep
|turn|11
|
|t:|1614185903
|move|p1a: Landorus|Stone Edge|p2a: Corviknight
|-damage|p2a: Corviknight|49/100
|move|p2a: Corviknight|Roost|p2a: Corviknight
|-heal|p2a: Corviknight|99/100
|-singleturn|p2a: Corviknight|move: Roost
|
|-fieldend|move: Electric Terrain
|upkeep
|turn|12
|
|t:|1614185909
|move|p1a: Landorus|Stone Edge|p2a: Corviknight
|-damage|p2a: Corviknight|72/100
|move|p2a: Corviknight|Body Press|p1a: Landorus
|-resisted|p1a: Landorus
|-crit|p1a: Landorus
|-damage|p1a: Landorus|0 fnt
|faint|p1a: Landorus
|
|upkeep
|
|t:|1614185914
|switch|p1a: Heatran|Heatran, M|100/100
|-damage|p1a: Heatran|88/100|[from] Stealth Rock
|turn|13
|
|t:|1614185931
|switch|p2a: Quagsire|Quagsire, F, shiny|95/100
|move|p1a: Heatran|Stealth Rock|p2a: Quagsire
|-sidestart|p2: Nerd Water Gym|move: Stealth Rock
|
|-heal|p1a: Heatran|94/100|[from] item: Leftovers
|-heal|p2a: Quagsire|100/100|[from] item: Leftovers
|upkeep
|turn|14
|
|t:|1614185939
|switch|p1a: Slowking|Slowking, F|100/100
|switch|p2a: Crawdaunt|Crawdaunt, M|38/100
|-damage|p2a: Crawdaunt|26/100|[from] Stealth Rock
|
|upkeep
|turn|15
|
|t:|1614185958
|move|p2a: Crawdaunt|Knock Off|p1a: Slowking
|-supereffective|p1a: Slowking
|-damage|p1a: Slowking|0 fnt
|-enditem|p1a: Slowking|Heavy-Duty Boots|[from] move: Knock Off|[of] p2a: Crawdaunt
|faint|p1a: Slowking
|
|upkeep
|c|☆Nerd Water Gym|lmao
|c|☆Nerd Water Gym|crawdaunt is so good
|
|t:|1614185973
|switch|p1a: Kartana|Kartana|100/100
|-damage|p1a: Kartana|94/100|[from] Stealth Rock
|turn|16
|j| sdasaosao
|
|t:|1614185986
|switch|p2a: Togekiss|Togekiss, M|100/100
|move|p1a: Kartana|Sacred Sword|p2a: Togekiss
|-resisted|p2a: Togekiss
|-damage|p2a: Togekiss|85/100
|
|upkeep
|turn|17
|j| gamefrek
|
|t:|1614185992
|switch|p1a: Tapu Koko|Tapu Koko|100/100
|-fieldstart|move: Electric Terrain|[from] ability: Electric Surge|[of] p1a: Tapu Koko
|switch|p2a: Crawdaunt|Crawdaunt, M|26/100
|-damage|p2a: Crawdaunt|13/100|[from] Stealth Rock
|
|upkeep
|turn|18
|l| gamefrek
|
|t:|1614185999
|switch|p2a: Quagsire|Quagsire, F, shiny|100/100
|-damage|p2a: Quagsire|94/100|[from] Stealth Rock
|move|p1a: Tapu Koko|U-turn|p2a: Quagsire
|-damage|p2a: Quagsire|83/100
|
|t:|1614186003
|switch|p1a: Kartana|Kartana|94/100|[from]move: U-turn
|-damage|p1a: Kartana|88/100|[from] Stealth Rock
|
|-heal|p2a: Quagsire|89/100|[from] item: Leftovers
|upkeep
|turn|19
|
|t:|1614186016
|switch|p2a: Toxapex|Toxapex, F, shiny|53/100
|-damage|p2a: Toxapex|40/100|[from] Stealth Rock
|move|p1a: Kartana|Leaf Blade|p2a: Toxapex
|-damage|p2a: Toxapex|0 fnt
|-damage|p1a: Kartana|72/100|[from] item: Rocky Helmet|[of] p2a: Toxapex
|faint|p2a: Toxapex
|-ability|p1a: Kartana|Beast Boost|boost
|-boost|p1a: Kartana|atk|1
|
|upkeep
|
|t:|1614186028
|switch|p2a: Togekiss|Togekiss, M|85/100
|turn|20
|inactive|Battle timer is ON: inactive players will automatically lose when time's up. (requested by friedfreak)
|
|t:|1614186036
|switch|p1a: Tapu Koko|Tapu Koko|100/100
|switch|p2a: Blissey|Blissey, F|75/100
|
|upkeep
|turn|21
|
|t:|1614186048
|move|p1a: Tapu Koko|Thunderbolt|p2a: Blissey
|-damage|p2a: Blissey|58/100
|move|p2a: Blissey|Soft-Boiled|p2a: Blissey
|-heal|p2a: Blissey|100/100
|
|-fieldend|move: Electric Terrain
|upkeep
|turn|22
|
|t:|1614186054
|move|p1a: Tapu Koko|U-turn|p2a: Blissey
|-damage|p2a: Blissey|85/100
|
|t:|1614186061
|switch|p1a: Heatran|Heatran, M|94/100|[from]move: U-turn
|-damage|p1a: Heatran|82/100|[from] Stealth Rock
|move|p2a: Blissey|Flamethrower|p1a: Heatran
|-start|p1a: Heatran|ability: Flash Fire
|
|-heal|p1a: Heatran|88/100|[from] item: Leftovers
|upkeep
|turn|23
|
|t:|1614186067
|switch|p2a: Quagsire|Quagsire, F, shiny|89/100
|-damage|p2a: Quagsire|83/100|[from] Stealth Rock
|move|p1a: Heatran|Magma Storm|p2a: Quagsire
|-resisted|p2a: Quagsire
|-damage|p2a: Quagsire|46/100
|-activate|p2a: Quagsire|move: Magma Storm|[of] p1a: Heatran
|
|-heal|p1a: Heatran|94/100|[from] item: Leftovers
|-heal|p2a: Quagsire|52/100|[from] item: Leftovers
|-damage|p2a: Quagsire|39/100|[from] move: Magma Storm|[partiallytrapped]
|upkeep
|turn|24
|
|t:|1614186082
|move|p1a: Heatran|Magma Storm|p2a: Quagsire
|-resisted|p2a: Quagsire
|-damage|p2a: Quagsire|2/100
|move|p2a: Quagsire|High Horsepower|p1a: Heatran
|-supereffective|p1a: Heatran
|-damage|p1a: Heatran|3/100
|
|-heal|p1a: Heatran|9/100|[from] item: Leftovers
|-heal|p2a: Quagsire|8/100|[from] item: Leftovers
|-damage|p2a: Quagsire|0 fnt|[from] move: Magma Storm|[partiallytrapped]
|faint|p2a: Quagsire
|upkeep
|
|t:|1614186107
|switch|p2a: Togekiss|Togekiss, M|85/100
|turn|25
|
|t:|1614186117
|move|p2a: Togekiss|Air Slash|p1a: Heatran
|-resisted|p1a: Heatran
|-damage|p1a: Heatran|0 fnt
|faint|p1a: Heatran
|
|upkeep
|
|t:|1614186120
|switch|p1a: Tapu Koko|Tapu Koko|100/100
|-fieldstart|move: Electric Terrain|[from] ability: Electric Surge|[of] p1a: Tapu Koko
|turn|26
|inactive|Nerd Water Gym has 120 seconds left.
|
|t:|1614186159
|move|p1a: Tapu Koko|U-turn|p2a: Togekiss
|-resisted|p2a: Togekiss
|-damage|p2a: Togekiss|81/100
|
|t:|1614186161
|switch|p1a: Kartana|Kartana|72/100|[from]move: U-turn
|-damage|p1a: Kartana|65/100|[from] Stealth Rock
|move|p2a: Togekiss|Air Slash|p1a: Kartana
|-damage|p1a: Kartana|0 fnt
|faint|p1a: Kartana
|
|upkeep
|c|☆Nerd Water Gym|gg
|-message|friedfreak forfeited.
|
|win|Nerd Water Gym
|l|☆friedfreak
|c|☆Nerd Water Gym|i predicted exactly
