|j|☆outd blundar
|j|☆ultimategoogolplex
|t:|1667953922
|gametype|singles
|player|p1|outd blundar|265|1566
|player|p2|ultimategoogolplex|1|1651
|teamsize|p1|6
|teamsize|p2|6
|gen|8
|tier|[Gen 8] OU
|rated|
|rule|Sleep Clause Mod: Limit one foe put to sleep
|rule|Species Clause: Limit one of each Pokémon
|rule|OHKO Clause: OHKO moves are banned
|rule|Evasion Items Clause: Evasion items are banned
|rule|Evasion Moves Clause: Evasion moves are banned
|rule|Endless Battle Clause: Forcing endless battles is banned
|rule|HP Percentage Mod: HP is shown in percentages
|rule|Dynamax Clause: You cannot dynamax
|clearpoke
|poke|p1|Sandaconda, F|
|poke|p1|Drapion, M|
|poke|p1|Landorus-Therian, M|
|poke|p1|Rillaboom, M|
|poke|p1|Regieleki|
|poke|p1|Heliolisk, F|
|poke|p2|Weavile, M|
|poke|p2|Volcanion|
|poke|p2|Zapdos|
|poke|p2|Landorus-Therian, M|
|poke|p2|Kartana|
|poke|p2|Melmetal|
|teampreview
|inactive|Battle timer is ON: inactive players will automatically lose when time's up. (requested by ultimategoogolplex)
|
|t:|1667953948
|start
|switch|p1a: Landorus|Landorus-Therian, M|100/100
|switch|p2a: Weavile|Weavile, M|100/100
|-ability|p2a: Weavile|Pressure
|-ability|p1a: Landorus|Intimidate|boost
|-unboost|p2a: Weavile|atk|1
|turn|1
|
|t:|1667953960
|switch|p1a: Sandaconda|Sandaconda, F|100/100
|move|p2a: Weavile|Triple Axel|p1a: Sandaconda
|-supereffective|p1a: Sandaconda
|-damage|p1a: Sandaconda|83/100
|-supereffective|p1a: Sandaconda
|-damage|p1a: Sandaconda|45/100
|-supereffective|p1a: Sandaconda
|-damage|p1a: Sandaconda|0 fnt
|faint|p1a: Sandaconda
|-hitcount|p1: Sandaconda|3
|
|upkeep
|
|t:|1667953962
|switch|p1a: Regieleki|Regieleki|100/100
|turn|2
|
|t:|1667953971
|switch|p2a: Landorus|Landorus-Therian, M|100/100
|-ability|p2a: Landorus|Intimidate|boost
|-unboost|p1a: Regieleki|atk|1
|move|p1a: Regieleki|Reflect|p1a: Regieleki
|-sidestart|p1: outd blundar|Reflect
|
|upkeep
|turn|3
|
|t:|1667953978
|move|p1a: Regieleki|Light Screen|p1a: Regieleki
|-sidestart|p1: outd blundar|move: Light Screen
|move|p2a: Landorus|Earthquake|p1a: Regieleki
|-supereffective|p1a: Regieleki
|-damage|p1a: Regieleki|25/100
|
|upkeep
|turn|4
|
|t:|1667953983
|switch|p1a: Rillaboom|Rillaboom, M|100/100
|-fieldstart|move: Grassy Terrain|[from] ability: Grassy Surge|[of] p1a: Rillaboom
|move|p2a: Landorus|U-turn|p1a: Rillaboom
|-supereffective|p1a: Rillaboom
|-damage|p1a: Rillaboom|79/100
|-enditem|p1a: Rillaboom|Eject Button
|
|t:|1667953985
|switch|p1a: Drapion|Drapion, M|100/100
|
|upkeep
|turn|5
|
|t:|1667953991
|move|p1a: Drapion|Acupressure|p1a: Drapion
|-boost|p1a: Drapion|atk|2
|move|p2a: Landorus|Earthquake|p1a: Drapion
|-supereffective|p1a: Drapion
|-damage|p1a: Drapion|77/100
|
|-heal|p1a: Drapion|83/100|[from] Grassy Terrain
|-heal|p1a: Drapion|89/100|[from] item: Black Sludge
|upkeep
|turn|6
|
|t:|1667953996
|move|p1a: Drapion|Acupressure|p1a: Drapion
|-boost|p1a: Drapion|evasion|2
|move|p2a: Landorus|U-turn|p1a: Drapion|[miss]
|-miss|p2a: Landorus|p1a: Drapion
|
|-heal|p1a: Drapion|95/100|[from] Grassy Terrain
|-heal|p1a: Drapion|100/100|[from] item: Black Sludge
|upkeep
|turn|7
|
|t:|1667954004
|move|p1a: Drapion|Substitute|p1a: Drapion
|-start|p1a: Drapion|Substitute
|-damage|p1a: Drapion|75/100
|move|p2a: Landorus|U-turn|p1a: Drapion
|-activate|p1a: Drapion|move: Substitute|[damage]
|
|t:|1667954011
|switch|p2a: Melmetal|Melmetal|100/100|[from]move: U-turn
|
|-heal|p1a: Drapion|82/100|[from] Grassy Terrain
|-heal|p1a: Drapion|88/100|[from] item: Black Sludge
|upkeep
|turn|8
|
|t:|1667954013
|move|p1a: Drapion|Acupressure|p1a: Drapion
|-boost|p1a: Drapion|spd|2
|move|p2a: Melmetal|Double Iron Bash|p1a: Drapion
|-end|p1a: Drapion|Substitute
|-damage|p1a: Drapion|68/100
|-hitcount|p1a: Drapion|2
|
|-heal|p1a: Drapion|74/100|[from] Grassy Terrain
|-heal|p1a: Drapion|80/100|[from] item: Black Sludge
|-fieldend|move: Grassy Terrain
|upkeep
|turn|9
|
|t:|1667954019
|move|p1a: Drapion|Acupressure|p1a: Drapion
|-boost|p1a: Drapion|accuracy|2
|move|p2a: Melmetal|Double Iron Bash|p1a: Drapion|[miss]
|-miss|p2a: Melmetal|p1a: Drapion
|
|-heal|p1a: Drapion|86/100|[from] item: Black Sludge
|-sideend|p1: outd blundar|Reflect
|upkeep
|turn|10
|
|t:|1667954023
|move|p1a: Drapion|Acupressure|p1a: Drapion
|-boost|p1a: Drapion|spe|2
|move|p2a: Melmetal|Double Iron Bash|p1a: Drapion
|-damage|p1a: Drapion|50/100
|-damage|p1a: Drapion|12/100
|-hitcount|p1a: Drapion|2
|
|-heal|p1a: Drapion|18/100|[from] item: Black Sludge
|-sideend|p1: outd blundar|move: Light Screen
|upkeep
|turn|11
|
|t:|1667954036
|switch|p2a: Landorus|Landorus-Therian, M|100/100
|-ability|p2a: Landorus|Intimidate|boost
|-unboost|p1a: Drapion|atk|1
|move|p1a: Drapion|Acupressure|p1a: Drapion
|-boost|p1a: Drapion|spa|2
|
|-heal|p1a: Drapion|24/100|[from] item: Black Sludge
|upkeep
|turn|12
|
|t:|1667954041
|move|p1a: Drapion|Acupressure|p1a: Drapion
|-boost|p1a: Drapion|spd|2
|move|p2a: Landorus|Earthquake|p1a: Drapion
|-supereffective|p1a: Drapion
|-damage|p1a: Drapion|0 fnt
|faint|p1a: Drapion
|
|upkeep
|-message|outd blundar forfeited.
|
|win|ultimategoogolplex
|raw|outd blundar's rating: 1566 &rarr; <strong>1551</strong><br />(-15 for losing)
|raw|ultimategoogolplex's rating: 1651 &rarr; <strong>1666</strong><br />(+15 for winning)
|l|☆outd blundar
