|j|☆OUTH GOD
|j|☆NeoNaruto®++
|t:|1640486200
|gametype|singles
|player|p1|OUTH GOD|169|1760
|player|p2|NeoNaruto®++|medium|1817
|teamsize|p1|6
|teamsize|p2|6
|gen|8
|tier|[Gen 8] OU
|rated|
|rule|Sleep Clause Mod: Limit one foe put to sleep
|rule|Species Clause: Limit one of each Pokémon
|rule|OHKO Clause: OHKO moves are banned
|rule|Evasion Moves Clause: Evasion moves are banned
|rule|Endless Battle Clause: Forcing endless battles is banned
|rule|HP Percentage Mod: HP is shown in percentages
|rule|Dynamax Clause: You cannot dynamax
|clearpoke
|poke|p1|Melmetal|
|poke|p1|Pelipper, M|
|poke|p1|Volcanion|
|poke|p1|Barraskewda, M|
|poke|p1|Zapdos|
|poke|p1|Seismitoad, M|
|poke|p2|Landorus-Therian, M|
|poke|p2|Slowbro, F|
|poke|p2|Tapu Koko|
|poke|p2|Dragonite, F|
|poke|p2|Darmanitan, F|
|poke|p2|Tyranitar, M|
|teampreview
|inactive|Battle timer is ON: inactive players will automatically lose when time's up. (requested by NeoNaruto®++)
|j| Noob 0_o
|
|t:|1640486227
|start
|switch|p1a: Globox|Seismitoad, M, shiny|100/100
|switch|p2a: Bernie Landers|Landorus-Therian, M|100/100
|-ability|p2a: Bernie Landers|Intimidate|boost
|-unboost|p1a: Globox|atk|1
|turn|1
|
|t:|1640486240
|move|p1a: Globox|Stealth Rock|p2a: Bernie Landers
|-sidestart|p2: NeoNaruto®++|move: Stealth Rock
|move|p2a: Bernie Landers|Toxic|p1a: Globox
|-status|p1a: Globox|tox
|
|-damage|p1a: Globox|94/100 tox|[from] psn
|upkeep
|turn|2
|
|t:|1640486245
|switch|p1a: Messenger|Pelipper, M, shiny|100/100
|-weather|RainDance|[from] ability: Drizzle|[of] p1a: Messenger
|move|p2a: Bernie Landers|Stealth Rock|p1a: Messenger
|-sidestart|p1: OUTH GOD|move: Stealth Rock
|
|-weather|RainDance|[upkeep]
|upkeep
|turn|3
|
|t:|1640486250
|switch|p2a: DA LAST REX(3005)|Tyranitar, M|100/100
|-damage|p2a: DA LAST REX(3005)|88/100|[from] Stealth Rock
|-weather|Sandstorm|[from] ability: Sand Stream|[of] p2a: DA LAST REX(3005)
|move|p1a: Messenger|U-turn|p2a: DA LAST REX(3005)
|-supereffective|p2a: DA LAST REX(3005)
|-damage|p2a: DA LAST REX(3005)|73/100
|j| Nightfalcon
|
|t:|1640486257
|switch|p1a: King VIG|Volcanion|100/100|[from]move: U-turn
|-damage|p1a: King VIG|76/100|[from] Stealth Rock
|
|-weather|Sandstorm|[upkeep]
|-damage|p1a: King VIG|70/100|[from] Sandstorm
|upkeep
|turn|4
|
|t:|1640486277
|move|p1a: King VIG|Steam Eruption|p2a: DA LAST REX(3005)
|-supereffective|p2a: DA LAST REX(3005)
|-damage|p2a: DA LAST REX(3005)|19/100
|-status|p2a: DA LAST REX(3005)|brn
|move|p2a: DA LAST REX(3005)|Earthquake|p1a: King VIG
|-supereffective|p1a: King VIG
|-damage|p1a: King VIG|41/100
|
|-weather|Sandstorm|[upkeep]
|-damage|p1a: King VIG|35/100|[from] Sandstorm
|-damage|p2a: DA LAST REX(3005)|13/100 brn|[from] brn
|upkeep
|turn|5
|
|t:|1640486285
|switch|p2a: spvceghvstpvrrp|Slowbro, F, shiny|100/100
|-damage|p2a: spvceghvstpvrrp|88/100|[from] Stealth Rock
|move|p1a: King VIG|Steam Eruption|p2a: spvceghvstpvrrp|[miss]
|-miss|p1a: King VIG|p2a: spvceghvstpvrrp
|
|-weather|Sandstorm|[upkeep]
|-damage|p1a: King VIG|29/100|[from] Sandstorm
|-damage|p2a: spvceghvstpvrrp|82/100|[from] Sandstorm
|upkeep
|turn|6
|
|t:|1640486290
|move|p1a: King VIG|Steam Eruption|p2a: spvceghvstpvrrp
|-resisted|p2a: spvceghvstpvrrp
|-damage|p2a: spvceghvstpvrrp|31/100
|move|p2a: spvceghvstpvrrp|Teleport|p2a: spvceghvstpvrrp
|
|t:|1640486296
|switch|p2a: VODECi|Tapu Koko|100/100|[from]move: Teleport
|-damage|p2a: VODECi|88/100|[from] Stealth Rock
|-fieldstart|move: Electric Terrain|[from] ability: Electric Surge|[of] p2a: VODECi
|
|-weather|Sandstorm|[upkeep]
|-damage|p2a: VODECi|82/100|[from] Sandstorm
|-damage|p1a: King VIG|23/100|[from] Sandstorm
|upkeep
|turn|7
|
|t:|1640486304
|move|p2a: VODECi|Dazzling Gleam|p1a: King VIG
|-resisted|p1a: King VIG
|-damage|p1a: King VIG|0 fnt
|faint|p1a: King VIG
|
|-weather|none
|upkeep
|
|t:|1640486311
|switch|p1a: Globox|Seismitoad, M, shiny|94/100 tox
|-damage|p1a: Globox|88/100 tox|[from] Stealth Rock
|turn|8
|
|t:|1640486321
|move|p2a: VODECi|Dazzling Gleam|p1a: Globox
|-damage|p1a: Globox|15/100 tox
|move|p1a: Globox|Earth Power|p2a: VODECi
|-supereffective|p2a: VODECi
|-damage|p2a: VODECi|0 fnt
|faint|p2a: VODECi
|-damage|p1a: Globox|5/100 tox|[from] item: Life Orb
|
|-damage|p1a: Globox|0 fnt|[from] psn
|faint|p1a: Globox
|upkeep
|j| Lane_Alih
|
|t:|1640486331
|switch|p2a: Bernie Landers|Landorus-Therian, M|100/100
|switch|p1a: Messenger|Pelipper, M, shiny|100/100
|-damage|p2a: Bernie Landers|88/100|[from] Stealth Rock
|-ability|p2a: Bernie Landers|Intimidate|boost
|-unboost|p1a: Messenger|atk|1
|-damage|p1a: Messenger|76/100|[from] Stealth Rock
|-weather|RainDance|[from] ability: Drizzle|[of] p1a: Messenger
|turn|9
|
|t:|1640486333
|switch|p2a: spvceghvstpvrrp|Slowbro, F, shiny|64/100
|-damage|p2a: spvceghvstpvrrp|52/100|[from] Stealth Rock
|move|p1a: Messenger|Scald|p2a: spvceghvstpvrrp
|-resisted|p2a: spvceghvstpvrrp
|-damage|p2a: spvceghvstpvrrp|32/100
|-status|p2a: spvceghvstpvrrp|brn
|
|-weather|RainDance|[upkeep]
|-damage|p2a: spvceghvstpvrrp|26/100 brn|[from] brn
|upkeep
|turn|10
|
|t:|1640486335
|move|p1a: Messenger|U-turn|p2a: spvceghvstpvrrp
|-supereffective|p2a: spvceghvstpvrrp
|-damage|p2a: spvceghvstpvrrp|19/100 brn
|-damage|p1a: Messenger|59/100|[from] item: Rocky Helmet|[of] p2a: spvceghvstpvrrp
|
|t:|1640486342
|switch|p1a: Zapdos|Zapdos|100/100|[from]move: U-turn
|move|p2a: spvceghvstpvrrp|Slack Off|p2a: spvceghvstpvrrp
|-heal|p2a: spvceghvstpvrrp|69/100 brn
|
|-weather|RainDance|[upkeep]
|-damage|p2a: spvceghvstpvrrp|63/100 brn|[from] brn
|-fieldend|move: Electric Terrain
|upkeep
|turn|11
|
|t:|1640486364
|switch|p2a: DA LAST REX(3005)|Tyranitar, M|13/100 brn
|-damage|p2a: DA LAST REX(3005)|1/100 brn|[from] Stealth Rock
|-weather|Sandstorm|[from] ability: Sand Stream|[of] p2a: DA LAST REX(3005)
|move|p1a: Zapdos|Weather Ball|p2a: DA LAST REX(3005)
|-damage|p2a: DA LAST REX(3005)|0 fnt
|faint|p2a: DA LAST REX(3005)
|
|-weather|Sandstorm|[upkeep]
|-damage|p1a: Zapdos|94/100|[from] Sandstorm
|upkeep
|
|t:|1640486370
|switch|p2a: PURRP FOR SALE|Darmanitan, F|100/100
|turn|12
|
|t:|1640486374
|move|p1a: Zapdos|Weather Ball|p2a: PURRP FOR SALE
|-supereffective|p2a: PURRP FOR SALE
|-damage|p2a: PURRP FOR SALE|0 fnt
|faint|p2a: PURRP FOR SALE
|
|-weather|Sandstorm|[upkeep]
|-damage|p1a: Zapdos|88/100|[from] Sandstorm
|upkeep
|
|t:|1640486384
|switch|p2a: Bernie Landers|Landorus-Therian, M|88/100
|-damage|p2a: Bernie Landers|76/100|[from] Stealth Rock
|-ability|p2a: Bernie Landers|Intimidate|boost
|-unboost|p1a: Zapdos|atk|1
|turn|13
|
|t:|1640486387
|move|p1a: Zapdos|Weather Ball|p2a: Bernie Landers
|-damage|p2a: Bernie Landers|41/100
|move|p2a: Bernie Landers|Knock Off|p1a: Zapdos
|-damage|p1a: Zapdos|48/100
|-enditem|p1a: Zapdos|Heavy-Duty Boots|[from] move: Knock Off|[of] p2a: Bernie Landers
|
|-weather|Sandstorm|[upkeep]
|-damage|p1a: Zapdos|42/100|[from] Sandstorm
|upkeep
|turn|14
|
|t:|1640486393
|move|p1a: Zapdos|Weather Ball|p2a: Bernie Landers
|-damage|p2a: Bernie Landers|5/100
|move|p2a: Bernie Landers|Toxic|p1a: Zapdos|[miss]
|-miss|p2a: Bernie Landers|p1a: Zapdos
|
|-weather|Sandstorm|[upkeep]
|-damage|p1a: Zapdos|35/100|[from] Sandstorm
|upkeep
|turn|15
|
|t:|1640486398
|move|p1a: Zapdos|Weather Ball|p2a: Bernie Landers
|-damage|p2a: Bernie Landers|0 fnt
|faint|p2a: Bernie Landers
|
|-weather|none
|upkeep
|
|t:|1640486401
|switch|p2a: Fat Charizard|Dragonite, F, shiny|100/100
|turn|16
|
|t:|1640486404
|switch|p1a: Fate|Melmetal, shiny|100/100
|-damage|p1a: Fate|94/100|[from] Stealth Rock
|move|p2a: Fat Charizard|Extreme Speed|p1a: Fate
|-resisted|p1a: Fate
|-damage|p1a: Fate|87/100
|
|upkeep
|turn|17
|
|t:|1640486421
|switch|p2a: spvceghvstpvrrp|Slowbro, F, shiny|96/100 brn
|-damage|p2a: spvceghvstpvrrp|84/100 brn|[from] Stealth Rock
|move|p1a: Fate|Ice Punch|p2a: spvceghvstpvrrp
|-resisted|p2a: spvceghvstpvrrp
|-damage|p2a: spvceghvstpvrrp|74/100 brn
|-damage|p1a: Fate|70/100|[from] item: Rocky Helmet|[of] p2a: spvceghvstpvrrp
|
|-damage|p2a: spvceghvstpvrrp|68/100 brn|[from] brn
|upkeep
|turn|18
|
|t:|1640486432
|switch|p1a: Messenger|Pelipper, M, shiny|59/100
|-damage|p1a: Messenger|35/100|[from] Stealth Rock
|-weather|RainDance|[from] ability: Drizzle|[of] p1a: Messenger
|move|p2a: spvceghvstpvrrp|Teleport|p2a: spvceghvstpvrrp
|
|t:|1640486435
|switch|p2a: Fat Charizard|Dragonite, F, shiny|100/100|[from]move: Teleport
|
|-weather|RainDance|[upkeep]
|upkeep
|turn|19
|j| Zombini62
|
|t:|1640486439
|move|p2a: Fat Charizard|Dragon Dance|p2a: Fat Charizard
|-boost|p2a: Fat Charizard|atk|1
|-boost|p2a: Fat Charizard|spe|1
|move|p1a: Messenger|U-turn|p2a: Fat Charizard
|-resisted|p2a: Fat Charizard
|-damage|p2a: Fat Charizard|98/100
|
|t:|1640486442
|switch|p1a: Fate|Melmetal, shiny|70/100|[from]move: U-turn
|-damage|p1a: Fate|64/100|[from] Stealth Rock
|
|-weather|RainDance|[upkeep]
|upkeep
|turn|20
|
|t:|1640486453
|move|p2a: Fat Charizard|Earthquake|p1a: Fate
|-supereffective|p1a: Fate
|-damage|p1a: Fate|0 fnt
|faint|p1a: Fate
|
|-weather|RainDance|[upkeep]
|upkeep
|
|t:|1640486457
|switch|p1a: Zapdos|Zapdos|35/100
|-damage|p1a: Zapdos|10/100|[from] Stealth Rock
|turn|21
|
|t:|1640486461
|move|p2a: Fat Charizard|Extreme Speed|p1a: Zapdos
|-damage|p1a: Zapdos|0 fnt
|-status|p2a: Fat Charizard|par|[from] ability: Static|[of] p1a: Zapdos
|faint|p1a: Zapdos
|
|-weather|RainDance|[upkeep]
|upkeep
|
|t:|1640486465
|switch|p1a: Predator|Barraskewda, M, shiny|100/100
|-damage|p1a: Predator|88/100|[from] Stealth Rock
|turn|22
|
|t:|1640486471
|move|p1a: Predator|Liquidation|p2a: Fat Charizard
|-resisted|p2a: Fat Charizard
|-damage|p2a: Fat Charizard|38/100 par
|-unboost|p2a: Fat Charizard|def|1
|cant|p2a: Fat Charizard|par
|
|-weather|RainDance|[upkeep]
|upkeep
|turn|23
|
|t:|1640486477
|switch|p2a: spvceghvstpvrrp|Slowbro, F, shiny|100/100 brn
|-damage|p2a: spvceghvstpvrrp|88/100 brn|[from] Stealth Rock
|move|p1a: Predator|Liquidation|p2a: spvceghvstpvrrp
|-resisted|p2a: spvceghvstpvrrp
|-damage|p2a: spvceghvstpvrrp|58/100 brn
|-damage|p1a: Predator|71/100|[from] item: Rocky Helmet|[of] p2a: spvceghvstpvrrp
|
|-weather|RainDance|[upkeep]
|-damage|p2a: spvceghvstpvrrp|52/100 brn|[from] brn
|upkeep
|turn|24
|
|t:|1640486479
|move|p1a: Predator|Liquidation|p2a: spvceghvstpvrrp
|-resisted|p2a: spvceghvstpvrrp
|-damage|p2a: spvceghvstpvrrp|23/100 brn
|-damage|p1a: Predator|55/100|[from] item: Rocky Helmet|[of] p2a: spvceghvstpvrrp
|move|p2a: spvceghvstpvrrp|Teleport|p2a: spvceghvstpvrrp
|
|t:|1640486482
|switch|p2a: Fat Charizard|Dragonite, F, shiny|38/100 par|[from]move: Teleport
|
|-weather|RainDance|[upkeep]
|upkeep
|turn|25
|
|t:|1640486484
|switch|p2a: spvceghvstpvrrp|Slowbro, F, shiny|56/100 brn
|-damage|p2a: spvceghvstpvrrp|43/100 brn|[from] Stealth Rock
|move|p1a: Predator|Liquidation|p2a: spvceghvstpvrrp
|-resisted|p2a: spvceghvstpvrrp
|-damage|p2a: spvceghvstpvrrp|12/100 brn
|-damage|p1a: Predator|38/100|[from] item: Rocky Helmet|[of] p2a: spvceghvstpvrrp
|
|-weather|none
|-damage|p2a: spvceghvstpvrrp|6/100 brn|[from] brn
|upkeep
|turn|26
|
|t:|1640486491
|move|p1a: Predator|Liquidation|p2a: spvceghvstpvrrp
|-resisted|p2a: spvceghvstpvrrp
|-damage|p2a: spvceghvstpvrrp|0 fnt
|-damage|p1a: Predator|21/100|[from] item: Rocky Helmet|[of] p2a: spvceghvstpvrrp
|faint|p2a: spvceghvstpvrrp
|
|upkeep
|
|t:|1640486492
|switch|p2a: Fat Charizard|Dragonite, F, shiny|38/100 par
|turn|27
|
|t:|1640486494
|move|p2a: Fat Charizard|Extreme Speed|p1a: Predator
|-damage|p1a: Predator|0 fnt
|faint|p1a: Predator
|
|upkeep
|
|t:|1640486497
|switch|p1a: Messenger|Pelipper, M, shiny|35/100
|-damage|p1a: Messenger|10/100|[from] Stealth Rock
|-weather|RainDance|[from] ability: Drizzle|[of] p1a: Messenger
|turn|28
|
|t:|1640486499
|move|p2a: Fat Charizard|Extreme Speed|p1a: Messenger
|-damage|p1a: Messenger|0 fnt
|faint|p1a: Messenger
|
|win|NeoNaruto®++
|raw|OUTH GOD's rating: 1760 &rarr; <strong>1742</strong><br />(-18 for losing)
|raw|NeoNaruto®++'s rating: 1800 &rarr; <strong>1818</strong><br />(+18 for winning)
|l|☆NeoNaruto®++
