|html|<div class="broadcast-blue"><strong>[Gen 8] OU is currently suspecting Melmetal! For information on how to participate check out the <a href="https://www.smogon.com/forums/threads/np-ss-ou-suspect-process-round-12-monster-mash.3709234/">suspect thread</a>.</strong></div>
|j|☆Mutako Z
|j|☆Kwaga
|t:|1666396597
|gametype|singles
|player|p1|Mutako Z|unknown|1692
|player|p2|Kwaga|ninjaboy|1741
|teamsize|p1|6
|teamsize|p2|6
|gen|8
|tier|[Gen 8] OU
|rated|
|rule|Sleep Clause Mod: Limit one foe put to sleep
|rule|Species Clause: Limit one of each Pokémon
|rule|OHKO Clause: OHKO moves are banned
|rule|Evasion Items Clause: Evasion items are banned
|rule|Evasion Moves Clause: Evasion moves are banned
|rule|Endless Battle Clause: Forcing endless battles is banned
|rule|HP Percentage Mod: HP is shown in percentages
|rule|Dynamax Clause: You cannot dynamax
|clearpoke
|poke|p1|Hippowdon, M|
|poke|p1|Tyranitar, M|
|poke|p1|Excadrill, M|
|poke|p1|Dracozolt|
|poke|p1|Zapdos|
|poke|p1|Slowbro, M|
|poke|p2|Mew|
|poke|p2|Weavile, M|
|poke|p2|Crawdaunt, M|
|poke|p2|Garchomp, M|
|poke|p2|Blacephalon|
|poke|p2|Celesteela|
|teampreview
|inactive|Battle timer is ON: inactive players will automatically lose when time's up. (requested by Kwaga)
|
|t:|1666396608
|start
|switch|p1a: Mao|Tyranitar, M|100/100
|switch|p2a: Mew|Mew, shiny|100/100
|-weather|Sandstorm|[from] ability: Sand Stream|[of] p1a: Mao
|turn|1
|
|t:|1666396618
|switch|p1a: Achilles|Zapdos|100/100
|move|p2a: Mew|Stealth Rock|p1a: Achilles
|-sidestart|p1: Mutako Z|move: Stealth Rock
|
|-weather|Sandstorm|[upkeep]
|-damage|p2a: Mew|94/100|[from] Sandstorm
|-damage|p1a: Achilles|94/100|[from] Sandstorm
|upkeep
|turn|2
|
|t:|1666396624
|move|p2a: Mew|Spikes|p1a: Achilles
|-sidestart|p1: Mutako Z|Spikes
|move|p1a: Achilles|Volt Switch|p2a: Mew
|-damage|p2a: Mew|70/100
|
|t:|1666396636
|switch|p1a: Swagzaer|Dracozolt|100/100|[from]move: Volt Switch
|-damage|p1a: Swagzaer|88/100|[from] Stealth Rock
|-damage|p1a: Swagzaer|76/100|[from] Spikes
|
|-weather|Sandstorm|[upkeep]
|-damage|p2a: Mew|64/100|[from] Sandstorm
|upkeep
|turn|3
|
|t:|1666396644
|move|p1a: Swagzaer|Bolt Beak|p2a: Mew
|-damage|p2a: Mew|0 fnt
|faint|p2a: Mew
|-damage|p1a: Swagzaer|66/100|[from] item: Life Orb
|
|-weather|Sandstorm|[upkeep]
|upkeep
|
|t:|1666396660
|switch|p2a: Blacephalon|Blacephalon, shiny|100/100
|turn|4
|
|t:|1666396668
|move|p1a: Swagzaer|Draco Meteor|p2a: Blacephalon
|-damage|p2a: Blacephalon|0 fnt
|-unboost|p1a: Swagzaer|spa|2
|faint|p2a: Blacephalon
|-damage|p1a: Swagzaer|56/100|[from] item: Life Orb
|
|-weather|Sandstorm|[upkeep]
|upkeep
|
|t:|1666396687
|switch|p2a: Garchomp|Garchomp, M, shiny|100/100
|turn|5
|
|t:|1666396701
|switch|p1a: Achilles|Zapdos|94/100
|move|p2a: Garchomp|Swords Dance|p2a: Garchomp
|-boost|p2a: Garchomp|atk|2
|
|-weather|none
|upkeep
|turn|6
|
|t:|1666396707
|move|p2a: Garchomp|Scale Shot|p1a: Achilles
|-damage|p1a: Achilles|76/100
|-damage|p1a: Achilles|58/100
|-damage|p1a: Achilles|41/100
|-damage|p1a: Achilles|21/100
|-hitcount|p1a: Achilles|4
|-unboost|p2a: Garchomp|def|1
|-boost|p2a: Garchomp|spe|1
|move|p1a: Achilles|Defog|p2a: Garchomp
|-unboost|p2a: Garchomp|evasion|1
|-sideend|p1: Mutako Z|Spikes|[from] move: Defog|[of] p1a: Achilles
|-sideend|p1: Mutako Z|Stealth Rock|[from] move: Defog|[of] p1a: Achilles
|
|upkeep
|turn|7
|
|t:|1666396732
|move|p2a: Garchomp|Swords Dance|p2a: Garchomp
|-boost|p2a: Garchomp|atk|2
|move|p1a: Achilles|Hurricane|p2a: Garchomp
|-damage|p2a: Garchomp|53/100
|
|upkeep
|turn|8
|
|t:|1666396739
|move|p2a: Garchomp|Scale Shot|p1a: Achilles
|-damage|p1a: Achilles|0 fnt
|faint|p1a: Achilles
|-hitcount|p1: Achilles|1
|-unboost|p2a: Garchomp|def|1
|-boost|p2a: Garchomp|spe|1
|
|upkeep
|
|t:|1666396747
|switch|p1a: Bernard Tapie|Hippowdon, M|100/100
|-weather|Sandstorm|[from] ability: Sand Stream|[of] p1a: Bernard Tapie
|turn|9
|
|t:|1666396751
|move|p2a: Garchomp|Earthquake|p1a: Bernard Tapie
|-damage|p1a: Bernard Tapie|18/100
|move|p1a: Bernard Tapie|Ice Fang|p2a: Garchomp
|-supereffective|p2a: Garchomp
|-damage|p2a: Garchomp|0 fnt
|-damage|p1a: Bernard Tapie|5/100|[from] ability: Rough Skin|[of] p2a: Garchomp
|faint|p2a: Garchomp
|
|-weather|Sandstorm|[upkeep]
|upkeep
|
|t:|1666396771
|switch|p2a: Crawdaunt|Crawdaunt, M, shiny|100/100
|turn|10
|
|t:|1666396779
|move|p2a: Crawdaunt|Swords Dance|p2a: Crawdaunt
|-boost|p2a: Crawdaunt|atk|2
|move|p1a: Bernard Tapie|Earthquake|p2a: Crawdaunt
|-damage|p2a: Crawdaunt|44/100
|
|-weather|Sandstorm|[upkeep]
|-damage|p2a: Crawdaunt|38/100|[from] Sandstorm
|upkeep
|turn|11
|
|t:|1666396785
|move|p2a: Crawdaunt|Knock Off|p1a: Bernard Tapie
|-damage|p1a: Bernard Tapie|0 fnt
|-enditem|p1a: Bernard Tapie|Smooth Rock|[from] move: Knock Off|[of] p2a: Crawdaunt
|faint|p1a: Bernard Tapie
|-damage|p2a: Crawdaunt|29/100|[from] item: Life Orb
|
|-weather|Sandstorm|[upkeep]
|-damage|p2a: Crawdaunt|23/100|[from] Sandstorm
|upkeep
|
|t:|1666396795
|switch|p1a: drill|Excadrill, M|100/100
|turn|12
|
|t:|1666396799
|switch|p1a: Foncecar|Slowbro, M|100/100
|move|p2a: Crawdaunt|Knock Off|p1a: Foncecar
|-supereffective|p1a: Foncecar
|-damage|p1a: Foncecar|0 fnt
|-damage|p2a: Crawdaunt|6/100|[from] item: Rocky Helmet|[of] p1a: Foncecar
|-enditem|p1a: Foncecar|Rocky Helmet|[from] move: Knock Off|[of] p2a: Crawdaunt
|faint|p1a: Foncecar
|-damage|p2a: Crawdaunt|0 fnt|[from] item: Life Orb
|faint|p2a: Crawdaunt
|
|-weather|Sandstorm|[upkeep]
|upkeep
|
|t:|1666396818
|switch|p2a: Weavile|Weavile, M, shiny|100/100
|switch|p1a: Swagzaer|Dracozolt|56/100
|-ability|p2a: Weavile|Pressure
|turn|13
|
|t:|1666396834
|switch|p1a: Mao|Tyranitar, M|100/100
|move|p2a: Weavile|Swords Dance|p2a: Weavile
|-boost|p2a: Weavile|atk|2
|
|-weather|Sandstorm|[upkeep]
|-damage|p2a: Weavile|94/100|[from] Sandstorm
|upkeep
|turn|14
|
|t:|1666396842
|move|p2a: Weavile|Triple Axel|p1a: Mao
|-damage|p1a: Mao|75/100
|-damage|p1a: Mao|20/100
|-damage|p1a: Mao|0 fnt
|faint|p1a: Mao
|-hitcount|p1: Mao|3
|-damage|p2a: Weavile|84/100|[from] item: Life Orb
|
|-weather|Sandstorm|[upkeep]
|-damage|p2a: Weavile|78/100|[from] Sandstorm
|upkeep
|
|t:|1666396851
|switch|p1a: drill|Excadrill, M|100/100
|turn|15
|
|t:|1666396861
|switch|p1a: Swagzaer|Dracozolt|56/100
|switch|p2a: Celesteela|Celesteela, shiny|100/100
|
|-weather|Sandstorm|[upkeep]
|upkeep
|turn|16
|
|t:|1666396868
|move|p1a: Swagzaer|Bolt Beak|p2a: Celesteela
|-supereffective|p2a: Celesteela
|-damage|p2a: Celesteela|0 fnt
|faint|p2a: Celesteela
|-damage|p1a: Swagzaer|46/100|[from] item: Life Orb
|
|-weather|none
|upkeep
|
|t:|1666396870
|switch|p2a: Weavile|Weavile, M, shiny|78/100
|-ability|p2a: Weavile|Pressure
|turn|17
|
|t:|1666396880
|move|p2a: Weavile|Knock Off|p1a: Swagzaer
|-damage|p1a: Swagzaer|0 fnt
|-enditem|p1a: Swagzaer|Life Orb|[from] move: Knock Off|[of] p2a: Weavile
|faint|p1a: Swagzaer
|-damage|p2a: Weavile|68/100|[from] item: Life Orb
|
|upkeep
|
|t:|1666396885
|switch|p1a: drill|Excadrill, M|100/100
|turn|18
|
|t:|1666396889
|move|p2a: Weavile|Triple Axel|p1a: drill
|-damage|p1a: drill|79/100
|-crit|p1a: drill
|-damage|p1a: drill|17/100
|-damage|p1a: drill|0 fnt
|faint|p1a: drill
|-hitcount|p1: drill|3
|-damage|p2a: Weavile|59/100|[from] item: Life Orb
|
|win|Kwaga
|raw|Mutako Z's rating: 1692 &rarr; <strong>1675</strong><br />(-17 for losing)
|raw|Kwaga's rating: 1741 &rarr; <strong>1758</strong><br />(+17 for winning)
