|j|☆jirachi0997
|j|☆Delibird Heart
|inactive|Battle timer is ON: inactive players will automatically lose when time's up.
|t:|1667130697
|gametype|singles
|player|p1|jirachi0997|lucas|
|player|p2|Delibird Heart|guitarist-gen4|
|teamsize|p1|6
|teamsize|p2|6
|gen|8
|tier|[Gen 8] OU
|rated|Tournament battle
|rule|Sleep Clause Mod: Limit one foe put to sleep
|rule|Species Clause: Limit one of each Pokémon
|rule|OHKO Clause: OHKO moves are banned
|rule|Evasion Items Clause: Evasion items are banned
|rule|Evasion Moves Clause: Evasion moves are banned
|rule|Endless Battle Clause: Forcing endless battles is banned
|rule|HP Percentage Mod: HP is shown in percentages
|rule|Dynamax Clause: You cannot dynamax
|clearpoke
|poke|p1|Dragapult, M|
|poke|p1|Urshifu-*, M|
|poke|p1|Tapu Lele|
|poke|p1|Landorus-Therian, M|
|poke|p1|Zapdos|
|poke|p1|Melmetal|
|poke|p2|Pelipper, M|
|poke|p2|Zapdos|
|poke|p2|Ferrothorn, F|
|poke|p2|Omastar, M|
|poke|p2|Seismitoad, M|
|poke|p2|Drednaw, M|
|teampreview
|inactive|Delibird Heart also wants the timer to be on.
|
|t:|1667130706
|start
|switch|p1a: Tapu Lele|Tapu Lele|100/100
|switch|p2a: Pelipper|Pelipper, M|100/100
|-fieldstart|move: Psychic Terrain|[from] ability: Psychic Surge|[of] p1a: Tapu Lele
|-weather|RainDance|[from] ability: Drizzle|[of] p2a: Pelipper
|turn|1
|
|t:|1667130709
|switch|p2a: Ferrothorn|Ferrothorn, F|100/100
|move|p1a: Tapu Lele|Thunderbolt|p2a: Ferrothorn
|-resisted|p2a: Ferrothorn
|-damage|p2a: Ferrothorn|85/100
|
|-weather|RainDance|[upkeep]
|upkeep
|turn|2
|j| PikaYumCute
|j| g2 fyssure
|
|t:|1667130718
|switch|p1a: Zapdos|Zapdos|100/100
|switch|p2a: Seismitoad|Seismitoad, M|100/100
|
|-weather|RainDance|[upkeep]
|upkeep
|turn|3
|
|t:|1667130724
|move|p2a: Seismitoad|Weather Ball|p1a: Zapdos
|-damage|p1a: Zapdos|3/100
|-damage|p2a: Seismitoad|91/100|[from] item: Life Orb
|move|p1a: Zapdos|Hurricane|p2a: Seismitoad
|-damage|p2a: Seismitoad|16/100
|
|-weather|RainDance|[upkeep]
|upkeep
|turn|4
|
|t:|1667130732
|switch|p1a: Urshifu|Urshifu-Rapid-Strike, M|100/100
|move|p2a: Seismitoad|Weather Ball|p1a: Urshifu
|-resisted|p1a: Urshifu
|-damage|p1a: Urshifu|43/100
|-damage|p2a: Seismitoad|6/100|[from] item: Life Orb
|
|-weather|RainDance|[upkeep]
|upkeep
|turn|5
|
|t:|1667130740
|switch|p2a: Pelipper|Pelipper, M|100/100
|move|p1a: Urshifu|Aqua Jet|p2a: Pelipper
|-hint|Psychic Terrain doesn't affect Pokémon immune to Ground.
|-resisted|p2a: Pelipper
|-damage|p2a: Pelipper|82/100
|
|-weather|RainDance|[upkeep]
|-fieldend|move: Psychic Terrain
|upkeep
|turn|6
|
|t:|1667130752
|switch|p1a: Dragapult|Dragapult, M|100/100
|move|p2a: Pelipper|U-turn|p1a: Dragapult
|-resisted|p1a: Dragapult
|-damage|p1a: Dragapult|95/100
|c| g2 fyssure|bruh
|
|t:|1667130780
|switch|p2a: Drednaw|Drednaw, M|100/100|[from]move: U-turn
|
|-weather|RainDance|[upkeep]
|upkeep
|turn|7
|
|t:|1667130790
|move|p2a: Drednaw|Liquidation|p1a: Dragapult
|-resisted|p1a: Dragapult
|-damage|p1a: Dragapult|22/100
|move|p1a: Dragapult|Draco Meteor|p2a: Drednaw
|-damage|p2a: Drednaw|0 fnt
|-unboost|p1a: Dragapult|spa|2
|faint|p2a: Drednaw
|
|-weather|RainDance|[upkeep]
|upkeep
|c|☆Delibird Heart|stay in here is crazy
|inactive|Delibird Heart has 120 seconds left.
|c|☆Delibird Heart|u have a whole melm
|j| Aftx
|
|t:|1667130806
|switch|p2a: Omastar|Omastar, M|100/100
|turn|8
|
|t:|1667130816
|move|p2a: Omastar|Surf|p1a: Dragapult
|-resisted|p1a: Dragapult
|-damage|p1a: Dragapult|0 fnt
|faint|p1a: Dragapult
|
|-weather|none
|upkeep
|j| TheNewBrends11
|
|t:|1667130823
|switch|p1a: Zapdos|Zapdos|3/100
|turn|9
|
|t:|1667130834
|switch|p2a: Seismitoad|Seismitoad, M|6/100
|move|p1a: Zapdos|Volt Switch|p2a: Seismitoad
|-immune|p2a: Seismitoad
|
|upkeep
|turn|10
|
|t:|1667130845
|switch|p2a: Zapdos|Zapdos|100/100
|move|p1a: Zapdos|Hurricane|p2a: Zapdos
|-resisted|p2a: Zapdos
|-damage|p2a: Zapdos|70/100
|
|upkeep
|turn|11
|
|t:|1667130855
|move|p1a: Zapdos|Volt Switch|p2a: Zapdos
|-damage|p2a: Zapdos|29/100
|
|t:|1667130860
|switch|p1a: Tapu Lele|Tapu Lele|100/100|[from]move: Volt Switch
|-fieldstart|move: Psychic Terrain|[from] ability: Psychic Surge|[of] p1a: Tapu Lele
|move|p2a: Zapdos|Hurricane|p1a: Tapu Lele|[miss]
|-miss|p2a: Zapdos|p1a: Tapu Lele
|
|upkeep
|turn|12
|j| sufy512
|l| sufy512
|j| A-sepower
|
|t:|1667130870
|switch|p2a: Ferrothorn|Ferrothorn, F|85/100
|move|p1a: Tapu Lele|Moonblast|p2a: Ferrothorn
|-resisted|p2a: Ferrothorn
|-damage|p2a: Ferrothorn|61/100
|
|upkeep
|turn|13
|
|t:|1667130876
|switch|p1a: Landorus|Landorus-Therian, M|100/100
|-ability|p1a: Landorus|Intimidate|boost
|-unboost|p2a: Ferrothorn|atk|1
|switch|p2a: Pelipper|Pelipper, M|82/100
|-weather|RainDance|[from] ability: Drizzle|[of] p2a: Pelipper
|
|-weather|RainDance|[upkeep]
|upkeep
|turn|14
|
|t:|1667130882
|move|p1a: Landorus|Stealth Rock|p2a: Pelipper
|-sidestart|p2: Delibird Heart|move: Stealth Rock
|move|p2a: Pelipper|Weather Ball|p1a: Landorus
|-supereffective|p1a: Landorus
|-damage|p1a: Landorus|18/100
|
|-weather|RainDance|[upkeep]
|-heal|p1a: Landorus|24/100|[from] item: Leftovers
|upkeep
|turn|15
|
|t:|1667130899
|move|p1a: Landorus|Knock Off|p2a: Pelipper
|-damage|p2a: Pelipper|59/100
|-enditem|p2a: Pelipper|Damp Rock|[from] move: Knock Off|[of] p1a: Landorus
|move|p2a: Pelipper|U-turn|p1a: Landorus
|-resisted|p1a: Landorus
|-damage|p1a: Landorus|20/100
|
|t:|1667130905
|switch|p2a: Zapdos|Zapdos|29/100|[from]move: U-turn
|
|-weather|RainDance|[upkeep]
|-heal|p1a: Landorus|26/100|[from] item: Leftovers
|-fieldend|move: Psychic Terrain
|upkeep
|turn|16
|
|t:|1667130911
|move|p2a: Zapdos|Defog|p1a: Landorus
|-unboost|p1a: Landorus|evasion|1
|-sideend|p2: Delibird Heart|Stealth Rock|[from] move: Defog|[of] p2a: Zapdos
|move|p1a: Landorus|Knock Off|p2a: Zapdos
|-damage|p2a: Zapdos|0 fnt
|-status|p1a: Landorus|par|[from] ability: Static|[of] p2a: Zapdos
|-enditem|p2a: Zapdos|Heavy-Duty Boots|[from] move: Knock Off|[of] p1a: Landorus
|faint|p2a: Zapdos
|
|-weather|RainDance|[upkeep]
|-heal|p1a: Landorus|32/100 par|[from] item: Leftovers
|upkeep
|
|t:|1667130917
|switch|p2a: Omastar|Omastar, M|100/100
|turn|17
|
|t:|1667130920
|move|p2a: Omastar|Surf|p1a: Landorus
|-supereffective|p1a: Landorus
|-damage|p1a: Landorus|0 fnt
|faint|p1a: Landorus
|
|-weather|RainDance|[upkeep]
|upkeep
|
|t:|1667130927
|switch|p1a: Tapu Lele|Tapu Lele|100/100
|-fieldstart|move: Psychic Terrain|[from] ability: Psychic Surge|[of] p1a: Tapu Lele
|turn|18
|
|t:|1667130934
|switch|p2a: Ferrothorn|Ferrothorn, F|61/100
|move|p1a: Tapu Lele|Moonblast|p2a: Ferrothorn
|-resisted|p2a: Ferrothorn
|-crit|p2a: Ferrothorn
|-damage|p2a: Ferrothorn|25/100
|
|-weather|RainDance|[upkeep]
|upkeep
|turn|19
|
|t:|1667130940
|switch|p2a: Seismitoad|Seismitoad, M|6/100
|move|p1a: Tapu Lele|Moonblast|p2a: Seismitoad
|-damage|p2a: Seismitoad|0 fnt
|faint|p2a: Seismitoad
|
|-weather|RainDance|[upkeep]
|upkeep
|
|t:|1667130944
|switch|p2a: Omastar|Omastar, M|100/100
|turn|20
|
|t:|1667130950
|move|p2a: Omastar|Meteor Beam||[still]
|-prepare|p2a: Omastar|Meteor Beam
|-boost|p2a: Omastar|spa|1
|-enditem|p2a: Omastar|Power Herb
|-anim|p2a: Omastar|Meteor Beam|p1a: Tapu Lele
|-damage|p1a: Tapu Lele|8/100
|move|p1a: Tapu Lele|Moonblast|p2a: Omastar
|-damage|p2a: Omastar|5/100
|-unboost|p2a: Omastar|spa|1
|
|-weather|none
|upkeep
|turn|21
|-message|Delibird Heart forfeited.
|
|win|jirachi0997
|n|☆jirachi0997|jirachi0997
|n|☆Delibird Heart|delibirdheart
|n| PikaYumCute|pikayumcute
|n| g2 fyssure|g2fyssure
|n| Aftx|aftx
|n| TheNewBrends11|thenewbrends11
|n| A-sepower|asepower
|l|☆Delibird Heart
|l| PikaYumCute
|l|☆jirachi0997
|l| A-sepower
|l| Aftx
|l| g2 fyssure
