|j|☆SuperTheoryBros
|j|☆Le-Perpetrator
|t:|1632846205
|gametype|singles
|player|p1|SuperTheoryBros|102|1772
|player|p2|Le-Perpetrator|266|1809
|teamsize|p1|6
|teamsize|p2|6
|gen|8
|tier|[Gen 8] OU
|rated|
|rule|Sleep Clause Mod: Limit one foe put to sleep
|rule|Species Clause: Limit one of each Pokémon
|rule|OHKO Clause: OHKO moves are banned
|rule|Evasion Moves Clause: Evasion moves are banned
|rule|Endless Battle Clause: Forcing endless battles is banned
|rule|HP Percentage Mod: HP is shown in percentages
|rule|Dynamax Clause: You cannot dynamax
|clearpoke
|poke|p1|Tyranitar, F|
|poke|p1|Garchomp, M|
|poke|p1|Tornadus-Therian, M|
|poke|p1|Clefable, M|
|poke|p1|Ferrothorn, M|
|poke|p1|Toxapex, F|
|poke|p2|Hatterene, F|
|poke|p2|Ferrothorn, M|
|poke|p2|Crawdaunt, M|
|poke|p2|Kyurem|
|poke|p2|Tapu Koko|
|poke|p2|Landorus-Therian, M|
|teampreview
|inactive|Battle timer is ON: inactive players will automatically lose when time's up. (requested by SuperTheoryBros)
|j| Jhgcfc
|
|t:|1632846232
|start
|switch|p1a: Garchomp|Garchomp, M|100/100
|switch|p2a: Landorus|Landorus-Therian, M|100/100
|-ability|p2a: Landorus|Intimidate|boost
|-unboost|p1a: Garchomp|atk|1
|turn|1
|j| FAS-FSP5 Khopesh
|
|t:|1632846241
|move|p2a: Landorus|U-turn|p1a: Garchomp
|-damage|p1a: Garchomp|73/100
|
|t:|1632846246
|switch|p2a: Hatterene|Hatterene, F|100/100|[from]move: U-turn
|move|p1a: Garchomp|Draco Meteor|p2a: Hatterene
|-immune|p2a: Hatterene
|
|upkeep
|turn|2
|j| 0ZorcNecropHADES
|
|t:|1632846274
|switch|p1a: Clefable|Clefable, M|100/100
|move|p2a: Hatterene|Psyshock|p1a: Clefable
|-damage|p1a: Clefable|46/100
|
|upkeep
|turn|3
|
|t:|1632846283
|move|p1a: Clefable|Soft-Boiled|p1a: Clefable
|-heal|p1a: Clefable|96/100
|move|p2a: Hatterene|Psyshock|p1a: Clefable
|-damage|p1a: Clefable|43/100
|
|upkeep
|turn|4
|
|t:|1632846291
|move|p1a: Clefable|Soft-Boiled|p1a: Clefable
|-heal|p1a: Clefable|93/100
|move|p2a: Hatterene|Psyshock|p1a: Clefable
|-damage|p1a: Clefable|37/100
|
|upkeep
|turn|5
|
|t:|1632846297
|switch|p1a: Tyranitar|Tyranitar, F|100/100
|-weather|Sandstorm|[from] ability: Sand Stream|[of] p1a: Tyranitar
|move|p2a: Hatterene|Psyshock|p1a: Tyranitar
|-immune|p1a: Tyranitar
|
|-weather|Sandstorm|[upkeep]
|-damage|p2a: Hatterene|95/100|[from] Sandstorm
|upkeep
|turn|6
|
|t:|1632846307
|switch|p2a: Ferrothorn|Ferrothorn, M|100/100
|move|p1a: Tyranitar|Stealth Rock|p2a: Ferrothorn
|-sidestart|p2: Le-Perpetrator|move: Stealth Rock
|
|-weather|Sandstorm|[upkeep]
|upkeep
|turn|7
|l| Jhgcfc
|
|t:|1632846316
|switch|p1a: Clefable|Clefable, M|37/100
|move|p2a: Ferrothorn|Stealth Rock|p1a: Clefable
|-sidestart|p1: SuperTheoryBros|move: Stealth Rock
|
|-weather|Sandstorm|[upkeep]
|upkeep
|turn|8
|
|t:|1632846321
|move|p1a: Clefable|Soft-Boiled|p1a: Clefable
|-heal|p1a: Clefable|87/100
|move|p2a: Ferrothorn|Gyro Ball|p1a: Clefable
|-supereffective|p1a: Clefable
|-damage|p1a: Clefable|44/100
|
|-weather|Sandstorm|[upkeep]
|upkeep
|turn|9
|
|t:|1632846328
|move|p1a: Clefable|Soft-Boiled|p1a: Clefable
|-heal|p1a: Clefable|94/100
|move|p2a: Ferrothorn|Spikes|p1a: Clefable
|-sidestart|p1: SuperTheoryBros|Spikes
|
|-weather|none
|upkeep
|turn|10
|inactive|SuperTheoryBros has 120 seconds left.
|j| Heracrossed Up
|j| uhidkwatdo
|
|t:|1632846384
|switch|p1a: Toxapex|Toxapex, F|100/100
|-damage|p1a: Toxapex|88/100|[from] Spikes
|-damage|p1a: Toxapex|76/100|[from] Stealth Rock
|move|p2a: Ferrothorn|Spikes|p1a: Toxapex
|-sidestart|p1: SuperTheoryBros|Spikes
|
|upkeep
|turn|11
|
|t:|1632846397
|switch|p1a: Tornadus|Tornadus-Therian, M|100/100
|move|p2a: Ferrothorn|Leech Seed|p1a: Tornadus
|-start|p1a: Tornadus|move: Leech Seed
|
|-damage|p1a: Tornadus|88/100|[from] Leech Seed|[of] p2a: Ferrothorn
|upkeep
|turn|12
|
|t:|1632846408
|switch|p1a: Toxapex|Toxapex, F|100/100
|-damage|p1a: Toxapex|84/100|[from] Spikes
|-damage|p1a: Toxapex|72/100|[from] Stealth Rock
|switch|p2a: Tapu Koko|Tapu Koko|100/100
|-damage|p2a: Tapu Koko|88/100|[from] Stealth Rock
|-fieldstart|move: Electric Terrain|[from] ability: Electric Surge|[of] p2a: Tapu Koko
|
|upkeep
|turn|13
|j| Erazio
|j| jhnmv
|
|t:|1632846425
|switch|p1a: Ferrothorn|Ferrothorn, M|100/100
|-damage|p1a: Ferrothorn|95/100|[from] Stealth Rock
|-damage|p1a: Ferrothorn|78/100|[from] Spikes
|move|p2a: Tapu Koko|Volt Switch|p1a: Ferrothorn
|-resisted|p1a: Ferrothorn
|-damage|p1a: Ferrothorn|55/100
|
|t:|1632846433
|switch|p2a: Crawdaunt|Crawdaunt, M|100/100|[from]move: Volt Switch
|-damage|p2a: Crawdaunt|88/100|[from] Stealth Rock
|
|-heal|p1a: Ferrothorn|61/100|[from] item: Leftovers
|upkeep
|turn|14
|inactive|SuperTheoryBros has 90 seconds left.
|
|t:|1632846456
|move|p2a: Crawdaunt|Knock Off|p1a: Ferrothorn
|-damage|p1a: Ferrothorn|1/100
|-damage|p2a: Crawdaunt|76/100|[from] ability: Iron Barbs|[of] p1a: Ferrothorn
|-enditem|p1a: Ferrothorn|Leftovers|[from] move: Knock Off|[of] p2a: Crawdaunt
|move|p1a: Ferrothorn|Body Press|p2a: Crawdaunt
|-supereffective|p2a: Crawdaunt
|-damage|p2a: Crawdaunt|0 fnt
|faint|p2a: Crawdaunt
|
|upkeep
|j| Clesiram
|inactive|Le-Perpetrator has 120 seconds left.
|inactive|Le-Perpetrator has 90 seconds left.
|
|t:|1632846529
|switch|p2a: Kyurem|Kyurem|100/100
|-damage|p2a: Kyurem|76/100|[from] Stealth Rock
|-ability|p2a: Kyurem|Pressure
|turn|15
|inactive|SuperTheoryBros has 90 seconds left.
|
|t:|1632846559
|switch|p1a: Tyranitar|Tyranitar, F|100/100
|-damage|p1a: Tyranitar|84/100|[from] Spikes
|-damage|p1a: Tyranitar|71/100|[from] Stealth Rock
|-weather|Sandstorm|[from] ability: Sand Stream|[of] p1a: Tyranitar
|move|p2a: Kyurem|Freeze-Dry|p1a: Tyranitar
|-damage|p1a: Tyranitar|48/100
|
|-weather|Sandstorm|[upkeep]
|-damage|p2a: Kyurem|70/100|[from] Sandstorm
|-heal|p1a: Tyranitar|54/100|[from] item: Leftovers
|upkeep
|turn|16
|inactive|Le-Perpetrator has 90 seconds left.
|j| chu is god
|j| TeamJasper
|inactive|Le-Perpetrator has 60 seconds left.
|
|t:|1632846598
|switch|p2a: Ferrothorn|Ferrothorn, M|100/100
|-damage|p2a: Ferrothorn|94/100|[from] Stealth Rock
|switch|p1a: Tornadus|Tornadus-Therian, M|100/100
|
|-weather|Sandstorm|[upkeep]
|-damage|p1a: Tornadus|94/100|[from] Sandstorm
|-fieldend|move: Electric Terrain
|upkeep
|turn|17
|
|t:|1632846613
|move|p1a: Tornadus|Defog|p2a: Ferrothorn
|-unboost|p2a: Ferrothorn|evasion|1
|-sideend|p2: Le-Perpetrator|Stealth Rock|[from] move: Defog|[of] p1a: Tornadus
|-sideend|p1: SuperTheoryBros|Spikes|[from] move: Defog|[of] p1a: Tornadus
|-sideend|p1: SuperTheoryBros|Stealth Rock|[from] move: Defog|[of] p1a: Tornadus
|move|p2a: Ferrothorn|Gyro Ball|p1a: Tornadus
|-damage|p1a: Tornadus|43/100
|
|-weather|Sandstorm|[upkeep]
|-damage|p1a: Tornadus|37/100|[from] Sandstorm
|upkeep
|turn|18
|inactive|SuperTheoryBros has 60 seconds left.
|
|t:|1632846641
|switch|p2a: Tapu Koko|Tapu Koko|88/100
|-fieldstart|move: Electric Terrain|[from] ability: Electric Surge|[of] p2a: Tapu Koko
|move|p1a: Tornadus|U-turn|p2a: Tapu Koko
|-resisted|p2a: Tapu Koko
|-damage|p2a: Tapu Koko|79/100
|
|t:|1632846660
|switch|p1a: Garchomp|Garchomp, M|73/100|[from]move: U-turn
|
|-weather|Sandstorm|[upkeep]
|-damage|p2a: Tapu Koko|72/100|[from] Sandstorm
|upkeep
|turn|19
|
|t:|1632846671
|move|p2a: Tapu Koko|Dazzling Gleam|p1a: Garchomp
|-supereffective|p1a: Garchomp
|-damage|p1a: Garchomp|0 fnt
|faint|p1a: Garchomp
|
|-weather|none
|upkeep
|
|t:|1632846690
|switch|p1a: Toxapex|Toxapex, F|100/100
|turn|20
|
|t:|1632846697
|switch|p2a: Ferrothorn|Ferrothorn, M|94/100
|move|p1a: Toxapex|Knock Off|p2a: Ferrothorn
|-damage|p2a: Ferrothorn|83/100
|-damage|p1a: Toxapex|88/100|[from] ability: Iron Barbs|[of] p2a: Ferrothorn
|-damage|p1a: Toxapex|72/100|[from] item: Rocky Helmet|[of] p2a: Ferrothorn
|-enditem|p2a: Ferrothorn|Rocky Helmet|[from] move: Knock Off|[of] p1a: Toxapex
|
|upkeep
|turn|21
|
|t:|1632846709
|switch|p1a: Clefable|Clefable, M|94/100
|move|p2a: Ferrothorn|Stealth Rock|p1a: Clefable
|-sidestart|p1: SuperTheoryBros|move: Stealth Rock
|
|upkeep
|turn|22
|l| Clesiram
|
|t:|1632846722
|switch|p2a: Hatterene|Hatterene, F|95/100
|move|p1a: Clefable|Calm Mind|p1a: Clefable
|-boost|p1a: Clefable|spa|1
|-boost|p1a: Clefable|spd|1
|
|-fieldend|move: Electric Terrain
|upkeep
|turn|23
|inactive|SuperTheoryBros has 60 seconds left.
|
|t:|1632846735
|switch|p1a: Tyranitar|Tyranitar, F|54/100
|-damage|p1a: Tyranitar|41/100|[from] Stealth Rock
|-weather|Sandstorm|[from] ability: Sand Stream|[of] p1a: Tyranitar
|move|p2a: Hatterene|Psyshock|p1a: Tyranitar
|-immune|p1a: Tyranitar
|
|-weather|Sandstorm|[upkeep]
|-damage|p2a: Hatterene|89/100|[from] Sandstorm
|-heal|p1a: Tyranitar|48/100|[from] item: Leftovers
|upkeep
|turn|24
|
|t:|1632846748
|switch|p2a: Landorus|Landorus-Therian, M|100/100
|-ability|p2a: Landorus|Intimidate|boost
|-unboost|p1a: Tyranitar|atk|1
|move|p1a: Tyranitar|Stealth Rock|p2a: Landorus
|-sidestart|p2: Le-Perpetrator|move: Stealth Rock
|
|-weather|Sandstorm|[upkeep]
|-heal|p1a: Tyranitar|54/100|[from] item: Leftovers
|upkeep
|turn|25
|inactive|SuperTheoryBros has 60 seconds left.
|
|t:|1632846788
|switch|p1a: Tornadus|Tornadus-Therian, M|70/100
|move|p2a: Landorus|U-turn|p1a: Tornadus
|-resisted|p1a: Tornadus
|-damage|p1a: Tornadus|55/100
|
|t:|1632846794
|switch|p2a: Tapu Koko|Tapu Koko|72/100|[from]move: U-turn
|-damage|p2a: Tapu Koko|60/100|[from] Stealth Rock
|-fieldstart|move: Electric Terrain|[from] ability: Electric Surge|[of] p2a: Tapu Koko
|
|-weather|Sandstorm|[upkeep]
|-damage|p2a: Tapu Koko|54/100|[from] Sandstorm
|-damage|p1a: Tornadus|49/100|[from] Sandstorm
|upkeep
|turn|26
|inactive|SuperTheoryBros has 30 seconds left.
|
|t:|1632846820
|switch|p1a: Tyranitar|Tyranitar, F|54/100
|-damage|p1a: Tyranitar|41/100|[from] Stealth Rock
|move|p2a: Tapu Koko|Volt Switch|p1a: Tyranitar
|-damage|p1a: Tyranitar|18/100
|inactive|SuperTheoryBros has 30 seconds left this turn.
|j| KELLANVGC
|
|t:|1632846827
|switch|p2a: Landorus|Landorus-Therian, M|100/100|[from]move: Volt Switch
|-damage|p2a: Landorus|88/100|[from] Stealth Rock
|-ability|p2a: Landorus|Intimidate|boost
|-unboost|p1a: Tyranitar|atk|1
|
|-weather|Sandstorm|[upkeep]
|-heal|p1a: Tyranitar|25/100|[from] item: Leftovers
|upkeep
|turn|27
|inactive|SuperTheoryBros has 30 seconds left.
|
|t:|1632846839
|switch|p1a: Ferrothorn|Ferrothorn, M|1/100
|-damage|p1a: Ferrothorn|0 fnt|[from] Stealth Rock
|faint|p1a: Ferrothorn
|move|p2a: Landorus|U-turn|p1: Ferrothorn|[notarget]
|-fail|p2a: Landorus
|
|-weather|none
|upkeep
|inactive|SuperTheoryBros has 30 seconds left.
|
|t:|1632846853
|switch|p1a: Clefable|Clefable, M|94/100
|turn|28
|inactive|SuperTheoryBros has 30 seconds left.
|l| KELLANVGC
|
|t:|1632846862
|move|p2a: Landorus|U-turn|p1a: Clefable
|-resisted|p1a: Clefable
|-damage|p1a: Clefable|83/100
|
|t:|1632846867
|switch|p2a: Hatterene|Hatterene, F|89/100|[from]move: U-turn
|-damage|p2a: Hatterene|76/100|[from] Stealth Rock
|move|p1a: Clefable|Calm Mind|p1a: Clefable
|-boost|p1a: Clefable|spa|1
|-boost|p1a: Clefable|spd|1
|
|upkeep
|turn|29
|
|t:|1632846875
|move|p1a: Clefable|Moonblast|p2a: Hatterene
|-damage|p2a: Hatterene|16/100
|move|p2a: Hatterene|Psyshock|p1a: Clefable
|-damage|p1a: Clefable|27/100
|
|-fieldend|move: Electric Terrain
|upkeep
|turn|30
|
|t:|1632846884
|move|p1a: Clefable|Moonblast|p2a: Hatterene
|-damage|p2a: Hatterene|0 fnt
|faint|p2a: Hatterene
|
|upkeep
|
|t:|1632846888
|switch|p2a: Tapu Koko|Tapu Koko|54/100
|-damage|p2a: Tapu Koko|42/100|[from] Stealth Rock
|-fieldstart|move: Electric Terrain|[from] ability: Electric Surge|[of] p2a: Tapu Koko
|turn|31
|
|t:|1632846898
|move|p2a: Tapu Koko|Thunderbolt|p1a: Clefable
|-damage|p1a: Clefable|0 fnt
|faint|p1a: Clefable
|
|upkeep
|-message|SuperTheoryBros forfeited.
|
|win|Le-Perpetrator
|raw|SuperTheoryBros's rating: 1772 &rarr; <strong>1754</strong><br />(-18 for losing)
|raw|Le-Perpetrator's rating: 1809 &rarr; <strong>1827</strong><br />(+18 for winning)
|l|☆SuperTheoryBros
|l| jhnmv
