|j|☆Spaized
|j|☆firepunch917
|t:|1652713737
|gametype|singles
|player|p1|Spaized|skierf|1289
|player|p2|firepunch917|1|1229
|teamsize|p1|6
|teamsize|p2|6
|gen|8
|tier|[Gen 8] OU
|rated|
|rule|Sleep Clause Mod: Limit one foe put to sleep
|rule|Species Clause: Limit one of each Pokémon
|rule|OHKO Clause: OHKO moves are banned
|rule|Evasion Moves Clause: Evasion moves are banned
|rule|Endless Battle Clause: Forcing endless battles is banned
|rule|HP Percentage Mod: HP is shown in percentages
|rule|Dynamax Clause: You cannot dynamax
|clearpoke
|poke|p1|Dragonite, M|
|poke|p1|Mew|
|poke|p1|Slowbro, M|
|poke|p1|Polteageist|
|poke|p1|Melmetal|
|poke|p1|Ninetales-Alola, F|
|poke|p2|Clefable, M|
|poke|p2|Ferrothorn, M|
|poke|p2|Tornadus-Therian, M|
|poke|p2|Nidoking, M|
|poke|p2|Slowking, M|
|poke|p2|Urshifu-*, M|
|teampreview
|inactive|Battle timer is ON: inactive players will automatically lose when time's up. (requested by Spaized)
|
|t:|1652713745
|start
|switch|p1a: Mew|Mew, shiny|100/100
|switch|p2a: Slowking|Slowking, M|100/100
|turn|1
|
|t:|1652713763
|move|p1a: Mew|Taunt|p2a: Slowking
|-start|p2a: Slowking|move: Taunt
|move|p2a: Slowking|Future Sight|p1a: Mew
|-start|p2a: Slowking|move: Future Sight
|
|upkeep
|turn|2
|
|t:|1652713774
|move|p1a: Mew|Stealth Rock|p2a: Slowking
|-sidestart|p2: firepunch917|move: Stealth Rock
|move|p2a: Slowking|Scald|p1a: Mew
|-damage|p1a: Mew|72/100
|
|upkeep
|turn|3
|
|t:|1652713790
|switch|p1a: Melmetal|Melmetal|100/100
|move|p2a: Slowking|Scald|p1a: Melmetal
|-crit|p1a: Melmetal
|-damage|p1a: Melmetal|78/100
|-status|p1a: Melmetal|brn
|
|-end|p1a: Melmetal|move: Future Sight
|-resisted|p1a: Melmetal
|-crit|p1a: Melmetal
|-damage|p1a: Melmetal|60/100 brn
|-damage|p1a: Melmetal|54/100 brn|[from] brn
|-end|p2a: Slowking|move: Taunt
|upkeep
|turn|4
|
|t:|1652713797
|move|p1a: Melmetal|Thunder Punch|p2a: Slowking
|-supereffective|p2a: Slowking
|-damage|p2a: Slowking|60/100
|move|p2a: Slowking|Teleport|p2a: Slowking
|
|t:|1652713800
|switch|p2a: Nidoking|Nidoking, M|100/100|[from]move: Teleport
|-damage|p2a: Nidoking|95/100|[from] Stealth Rock
|
|-damage|p1a: Melmetal|48/100 brn|[from] brn
|upkeep
|turn|5
|
|t:|1652713806
|move|p2a: Nidoking|Flamethrower|p1a: Melmetal
|-supereffective|p1a: Melmetal
|-damage|p1a: Melmetal|0 fnt
|faint|p1a: Melmetal
|
|upkeep
|
|t:|1652713813
|switch|p1a: Dragonite|Dragonite, M|100/100
|turn|6
|
|t:|1652713815
|move|p1a: Dragonite|Dragon Dance|p1a: Dragonite
|-boost|p1a: Dragonite|atk|1
|-boost|p1a: Dragonite|spe|1
|move|p2a: Nidoking|Ice Beam|p1a: Dragonite
|-supereffective|p1a: Dragonite
|-damage|p1a: Dragonite|16/100
|-enditem|p1a: Dragonite|Weakness Policy
|-boost|p1a: Dragonite|atk|2|[from] item: Weakness Policy
|-boost|p1a: Dragonite|spa|2|[from] item: Weakness Policy
|
|upkeep
|turn|7
|
|t:|1652713824
|switch|p2a: Ferrothorn|Ferrothorn, M|100/100
|-damage|p2a: Ferrothorn|94/100|[from] Stealth Rock
|move|p1a: Dragonite|Earthquake|p2a: Ferrothorn
|-damage|p2a: Ferrothorn|45/100
|
|upkeep
|turn|8
|
|t:|1652713832
|move|p1a: Dragonite|Earthquake|p2a: Ferrothorn
|-damage|p2a: Ferrothorn|0 fnt
|faint|p2a: Ferrothorn
|
|upkeep
|
|t:|1652713840
|switch|p2a: Urshifu|Urshifu-Rapid-Strike, M|100/100
|-damage|p2a: Urshifu|94/100|[from] Stealth Rock
|turn|9
|
|t:|1652713845
|move|p2a: Urshifu|Ice Punch|p1a: Dragonite
|-supereffective|p1a: Dragonite
|-damage|p1a: Dragonite|0 fnt
|faint|p1a: Dragonite
|
|upkeep
|
|t:|1652713852
|switch|p1a: Ninetales|Ninetales-Alola, F, shiny|100/100
|-weather|Hail|[from] ability: Snow Warning|[of] p1a: Ninetales
|turn|10
|
|t:|1652713859
|switch|p2a: Clefable|Clefable, M|100/100
|move|p1a: Ninetales|Moonblast|p2a: Clefable
|-damage|p2a: Clefable|70/100
|-unboost|p2a: Clefable|spa|1
|
|-weather|Hail|[upkeep]
|-heal|p2a: Clefable|76/100|[from] item: Leftovers
|upkeep
|turn|11
|
|t:|1652713866
|move|p1a: Ninetales|Blizzard|p2a: Clefable
|-damage|p2a: Clefable|40/100
|move|p2a: Clefable|Stealth Rock|p1a: Ninetales
|-sidestart|p1: Spaized|move: Stealth Rock
|
|-weather|Hail|[upkeep]
|-heal|p2a: Clefable|46/100|[from] item: Leftovers
|upkeep
|turn|12
|
|t:|1652713871
|move|p1a: Ninetales|Blizzard|p2a: Clefable
|-damage|p2a: Clefable|10/100
|move|p2a: Clefable|Thunder Wave|p1a: Ninetales
|-status|p1a: Ninetales|par
|
|-weather|Hail|[upkeep]
|-heal|p2a: Clefable|16/100|[from] item: Leftovers
|upkeep
|turn|13
|
|t:|1652713876
|move|p1a: Ninetales|Blizzard|p2a: Clefable
|-damage|p2a: Clefable|0 fnt
|faint|p2a: Clefable
|
|-weather|Hail|[upkeep]
|upkeep
|
|t:|1652713881
|switch|p2a: Nidoking|Nidoking, M|95/100
|-damage|p2a: Nidoking|89/100|[from] Stealth Rock
|turn|14
|
|t:|1652713888
|move|p2a: Nidoking|Sludge Wave|p1a: Ninetales
|-supereffective|p1a: Ninetales
|-damage|p1a: Ninetales|0 fnt
|faint|p1a: Ninetales
|
|-weather|Hail|[upkeep]
|-damage|p2a: Nidoking|83/100|[from] Hail
|upkeep
|
|t:|1652713897
|switch|p1a: Polteageist|Polteageist, shiny|100/100
|-damage|p1a: Polteageist|88/100|[from] Stealth Rock
|turn|15
|
|t:|1652713901
|move|p2a: Nidoking|Earth Power|p1a: Polteageist
|-damage|p1a: Polteageist|16/100
|move|p1a: Polteageist|Strength Sap|p2a: Nidoking
|-unboost|p2a: Nidoking|atk|1
|-heal|p1a: Polteageist|88/100
|
|-weather|Hail|[upkeep]
|-damage|p2a: Nidoking|77/100|[from] Hail
|-damage|p1a: Polteageist|82/100|[from] Hail
|upkeep
|turn|16
|
|t:|1652713916
|move|p2a: Nidoking|Earth Power|p1a: Polteageist
|-damage|p1a: Polteageist|1/100
|-start|p2a: Nidoking|Disable|Earth Power|[from] ability: Cursed Body|[of] p1a: Polteageist
|move|p1a: Polteageist|Shell Smash|p1a: Polteageist
|-unboost|p1a: Polteageist|def|1
|-unboost|p1a: Polteageist|spd|1
|-boost|p1a: Polteageist|atk|2
|-boost|p1a: Polteageist|spa|2
|-boost|p1a: Polteageist|spe|2
|-enditem|p1a: Polteageist|White Herb
|-clearnegativeboost|p1a: Polteageist|[silent]
|
|-weather|Hail|[upkeep]
|-damage|p1a: Polteageist|0 fnt|[from] Hail
|-damage|p2a: Nidoking|71/100|[from] Hail
|faint|p1a: Polteageist
|upkeep
|
|t:|1652713932
|switch|p1a: Slowbro|Slowbro, M|100/100
|-damage|p1a: Slowbro|88/100|[from] Stealth Rock
|turn|17
|
|t:|1652713937
|switch|p2a: Slowking|Slowking, M|93/100
|move|p1a: Slowbro|Calm Mind|p1a: Slowbro
|-boost|p1a: Slowbro|spa|1
|-boost|p1a: Slowbro|spd|1
|
|-weather|none
|-heal|p1a: Slowbro|94/100|[from] item: Leftovers
|upkeep
|turn|18
|
|t:|1652713943
|move|p1a: Slowbro|Scald|p2a: Slowking
|-resisted|p2a: Slowking
|-crit|p2a: Slowking
|-damage|p2a: Slowking|76/100
|move|p2a: Slowking|Teleport|p2a: Slowking
|
|t:|1652713945
|switch|p2a: Tornadus|Tornadus-Therian, M|100/100|[from]move: Teleport
|
|-heal|p1a: Slowbro|99/100|[from] item: Leftovers
|upkeep
|turn|19
|
|t:|1652713950
|move|p2a: Tornadus|Knock Off|p1a: Slowbro
|-supereffective|p1a: Slowbro
|-damage|p1a: Slowbro|75/100
|-enditem|p1a: Slowbro|Leftovers|[from] move: Knock Off|[of] p2a: Tornadus
|move|p1a: Slowbro|Scald|p2a: Tornadus
|-damage|p2a: Tornadus|56/100
|-status|p2a: Tornadus|brn
|
|-damage|p2a: Tornadus|50/100 brn|[from] brn
|upkeep
|turn|20
|
|t:|1652713958
|move|p2a: Tornadus|U-turn|p1a: Slowbro
|-supereffective|p1a: Slowbro
|-damage|p1a: Slowbro|66/100
|
|t:|1652713959
|switch|p2a: Urshifu|Urshifu-Rapid-Strike, M|94/100|[from]move: U-turn
|-damage|p2a: Urshifu|88/100|[from] Stealth Rock
|move|p1a: Slowbro|Calm Mind|p1a: Slowbro
|-boost|p1a: Slowbro|spa|1
|-boost|p1a: Slowbro|spd|1
|
|upkeep
|turn|21
|
|t:|1652713963
|move|p2a: Urshifu|U-turn|p1a: Slowbro
|-supereffective|p1a: Slowbro
|-damage|p1a: Slowbro|37/100
|
|t:|1652713965
|switch|p2a: Nidoking|Nidoking, M|71/100|[from]move: U-turn
|-damage|p2a: Nidoking|65/100|[from] Stealth Rock
|move|p1a: Slowbro|Scald|p2a: Nidoking
|-supereffective|p2a: Nidoking
|-damage|p2a: Nidoking|0 fnt
|faint|p2a: Nidoking
|
|upkeep
|
|t:|1652713967
|switch|p2a: Urshifu|Urshifu-Rapid-Strike, M|88/100
|-damage|p2a: Urshifu|82/100|[from] Stealth Rock
|turn|22
|
|t:|1652713972
|move|p2a: Urshifu|U-turn|p1a: Slowbro
|-supereffective|p1a: Slowbro
|-damage|p1a: Slowbro|8/100
|
|t:|1652713974
|switch|p2a: Tornadus|Tornadus-Therian, M|83/100 brn|[from]move: U-turn
|move|p1a: Slowbro|Slack Off|p1a: Slowbro
|-heal|p1a: Slowbro|58/100
|
|-damage|p2a: Tornadus|77/100 brn|[from] brn
|upkeep
|turn|23
|-message|firepunch917 forfeited.
|l|☆firepunch917
|inactive|firepunch917 disconnected and has a minute to reconnect!
|player|p2|
|
|win|Spaized
|raw|Spaized's rating: 1289 &rarr; <strong>1310</strong><br />(+21 for winning)
|raw|firepunch917's rating: 1229 &rarr; <strong>1208</strong><br />(-21 for losing)
||Ladder isn't responding, score probably updated but might not have (Request timeout).
