|j|☆playeraccount
|j|☆Jandoow
|t:|1662622859
|gametype|singles
|player|p1|playeraccount|1|1183
|player|p2|Jandoow|swimmer|1223
|teamsize|p1|6
|teamsize|p2|6
|gen|8
|tier|[Gen 8] OU
|rated|
|rule|Sleep Clause Mod: Limit one foe put to sleep
|rule|Species Clause: Limit one of each Pokémon
|rule|OHKO Clause: OHKO moves are banned
|rule|Evasion Items Clause: Evasion items are banned
|rule|Evasion Moves Clause: Evasion moves are banned
|rule|Endless Battle Clause: Forcing endless battles is banned
|rule|HP Percentage Mod: HP is shown in percentages
|rule|Dynamax Clause: You cannot dynamax
|clearpoke
|poke|p1|Victini|
|poke|p1|Regieleki|
|poke|p1|Cloyster, F|
|poke|p1|Metagross|
|poke|p1|Landorus-Therian, M|
|poke|p1|Urshifu-*, F|
|poke|p2|Pelipper, M|
|poke|p2|Ferrothorn, M|
|poke|p2|Zapdos|
|poke|p2|Barraskewda, M|
|poke|p2|Crawdaunt, M|
|poke|p2|Seismitoad, M|
|teampreview
|inactive|Battle timer is ON: inactive players will automatically lose when time's up. (requested by Jandoow)
|
|t:|1662622864
|start
|switch|p1a: Regieleki|Regieleki|100/100
|switch|p2a: Couille piquante|Ferrothorn, M|100/100
|turn|1
|
|t:|1662622872
|switch|p1a: Landorus|Landorus-Therian, M|100/100
|-ability|p1a: Landorus|Intimidate|boost
|-unboost|p2a: Couille piquante|atk|1
|move|p2a: Couille piquante|Knock Off|p1a: Landorus
|-damage|p1a: Landorus|84/100
|-enditem|p1a: Landorus|Choice Band|[from] move: Knock Off|[of] p2a: Couille piquante
|
|upkeep
|turn|2
|
|t:|1662622878
|move|p1a: Landorus|U-turn|p2a: Couille piquante
|-damage|p2a: Couille piquante|85/100
|-damage|p1a: Landorus|71/100|[from] ability: Iron Barbs|[of] p2a: Couille piquante
|-damage|p1a: Landorus|55/100|[from] item: Rocky Helmet|[of] p2a: Couille piquante
|
|t:|1662622883
|switch|p1a: Urshifu|Urshifu-Rapid-Strike, F|100/100|[from]move: U-turn
|move|p2a: Couille piquante|Gyro Ball|p1a: Urshifu
|-resisted|p1a: Urshifu
|-damage|p1a: Urshifu|84/100
|
|upkeep
|turn|3
|
|t:|1662622891
|switch|p2a: Pélican mouillé|Pelipper, M|100/100
|-weather|RainDance|[from] ability: Drizzle|[of] p2a: Pélican mouillé
|move|p1a: Urshifu|Close Combat|p2a: Pélican mouillé
|-resisted|p2a: Pélican mouillé
|-damage|p2a: Pélican mouillé|56/100
|-unboost|p1a: Urshifu|def|1
|-unboost|p1a: Urshifu|spd|1
|-damage|p1a: Urshifu|74/100|[from] item: Life Orb
|
|-weather|RainDance|[upkeep]
|upkeep
|turn|4
|
|t:|1662622898
|switch|p1a: Metagross|Metagross|100/100
|move|p2a: Pélican mouillé|U-turn|p1a: Metagross
|-damage|p1a: Metagross|93/100
|
|t:|1662622902
|switch|p2a: Homard tapé|Crawdaunt, M|100/100|[from]move: U-turn
|
|-weather|RainDance|[upkeep]
|upkeep
|turn|5
|
|t:|1662622906
|move|p2a: Homard tapé|Knock Off|p1a: Metagross
|-supereffective|p1a: Metagross
|-damage|p1a: Metagross|0 fnt
|-enditem|p1a: Metagross|Choice Band|[from] move: Knock Off|[of] p2a: Homard tapé
|faint|p1a: Metagross
|-damage|p2a: Homard tapé|91/100|[from] item: Life Orb
|
|-weather|RainDance|[upkeep]
|upkeep
|
|t:|1662622913
|switch|p1a: Regieleki|Regieleki|100/100
|turn|6
|
|t:|1662622917
|move|p2a: Homard tapé|Aqua Jet|p1a: Regieleki
|-damage|p1a: Regieleki|0 fnt
|faint|p1a: Regieleki
|-damage|p2a: Homard tapé|81/100|[from] item: Life Orb
|
|-weather|RainDance|[upkeep]
|upkeep
|
|t:|1662622922
|switch|p1a: Cloyster|Cloyster, F|100/100
|turn|7
|
|t:|1662622925
|move|p1a: Cloyster|Shell Smash|p1a: Cloyster
|-unboost|p1a: Cloyster|def|1
|-unboost|p1a: Cloyster|spd|1
|-boost|p1a: Cloyster|atk|2
|-boost|p1a: Cloyster|spa|2
|-boost|p1a: Cloyster|spe|2
|move|p2a: Homard tapé|Crabhammer|p1a: Cloyster
|-resisted|p1a: Cloyster
|-damage|p1a: Cloyster|18/100
|-damage|p2a: Homard tapé|71/100|[from] item: Life Orb
|
|-weather|RainDance|[upkeep]
|upkeep
|turn|8
|
|t:|1662622930
|move|p2a: Homard tapé|Aqua Jet|p1a: Cloyster
|-resisted|p1a: Cloyster
|-damage|p1a: Cloyster|0 fnt
|faint|p1a: Cloyster
|-damage|p2a: Homard tapé|62/100|[from] item: Life Orb
|
|-weather|RainDance|[upkeep]
|upkeep
|
|t:|1662622933
|switch|p1a: Victini|Victini|100/100
|turn|9
|
|t:|1662622936
|move|p2a: Homard tapé|Aqua Jet|p1a: Victini
|-supereffective|p1a: Victini
|-damage|p1a: Victini|1/100
|-damage|p2a: Homard tapé|52/100|[from] item: Life Orb
|move|p1a: Victini|Final Gambit|p2a: Homard tapé
|-damage|p2a: Homard tapé|50/100
|faint|p1a: Victini
|
|-weather|RainDance|[upkeep]
|upkeep
|-message|playeraccount forfeited.
|
|win|Jandoow
|raw|playeraccount's rating: 1183 &rarr; <strong>1161</strong><br />(-22 for losing)
|raw|Jandoow's rating: 1223 &rarr; <strong>1245</strong><br />(+22 for winning)
|l|☆playeraccount
