|raw|<div class="broadcast-blue"><strong>This battle is required to be public due to a player having a name prefixed by 'LT72MS'.</div>
|j|☆Lenape
|j|☆LT72MS Finch
|t:|1597439969
|player|p1|Lenape|2|1843
|player|p2|LT72MS Finch|#finchinator|1762
|teamsize|p1|6
|teamsize|p2|6
|gametype|singles
|gen|8
|tier|[Gen 8] OU
|rated|
|clearpoke
|poke|p1|Rotom-Heat|
|poke|p1|Corviknight, M|
|poke|p1|Sylveon, M|
|poke|p1|Rhyperior, M|
|poke|p1|Toxapex, F|
|poke|p1|Umbreon, M|
|poke|p2|Corviknight, F|
|poke|p2|Toxapex, M|
|poke|p2|Clefable, F|
|poke|p2|Blissey, F|
|poke|p2|Ditto|
|poke|p2|Avalugg, F|
|rule|Sleep Clause Mod: Limit one foe put to sleep
|rule|Species Clause: Limit one of each Pokémon
|rule|OHKO Clause: OHKO moves are banned
|rule|Evasion Moves Clause: Evasion moves are banned
|rule|Endless Battle Clause: Forcing endless battles is banned
|rule|HP Percentage Mod: HP is shown in percentages
|rule|Dynamax Clause: You cannot dynamax
|teampreview
|inactive|Battle timer is ON: inactive players will automatically lose when time's up. (requested by LT72MS Finch)
|j| Mara Sattei
|j| LT72MS FlowerDuet
|c| LT72MS FlowerDuet|um
|j| AxelStahl
|
|t:|1597439983
|start
|switch|p1a: Rotom|Rotom-Heat|100/100
|switch|p2a: THIS|Toxapex, M|100/100
|turn|1
|j| LT72MS Liolae
|c| LT72MS FlowerDuet|nice team finch
|j| Jojos
|j| wobblybobbly
|
|t:|1597439987
|move|p1a: Rotom|Trick|p2a: THIS
|-activate|p1a: Rotom|move: Trick|[of] p2a: THIS
|-item|p2a: THIS|Choice Scarf|[from] move: Trick
|-enditem|p1a: Rotom|Choice Scarf|[silent]|[from] move: Trick
|move|p2a: THIS|Scald|p1a: Rotom
|-supereffective|p1a: Rotom
|-damage|p1a: Rotom|53/100
|
|upkeep
|turn|2
|j| save mons
|j| contrarietas
|j| OUTU devans2048
|j| Askov
|j| roundpenguin
|
|t:|1597439994
|switch|p1a: Umbreon|Umbreon, M|100/100
|move|p2a: THIS|Scald|p1a: Umbreon
|-damage|p1a: Umbreon|90/100
|
|-heal|p1a: Umbreon|96/100|[from] item: Leftovers
|upkeep
|turn|3
|
|t:|1597439997
|move|p1a: Umbreon|Wish|p1a: Umbreon
|move|p2a: THIS|Scald|p1a: Umbreon
|-damage|p1a: Umbreon|83/100
|
|-heal|p1a: Umbreon|89/100|[from] item: Leftovers
|upkeep
|turn|4
|
|t:|1597440000
|switch|p1a: Rotom|Rotom-Heat|53/100
|move|p2a: THIS|Scald|p1a: Rotom
|-supereffective|p1a: Rotom
|-damage|p1a: Rotom|8/100
|
|-heal|p1a: Rotom|90/100|[from] move: Wish|[wisher] Umbreon
|upkeep
|turn|5
|j| LT72MS Alfa
|l| wobblybobbly
|
|t:|1597440003
|move|p1a: Rotom|Discharge|p2a: THIS
|-supereffective|p2a: THIS
|-damage|p2a: THIS|39/100
|move|p2a: THIS|Scald|p1a: Rotom
|-supereffective|p1a: Rotom
|-damage|p1a: Rotom|43/100
|
|upkeep
|turn|6
|j| Karl Dude Guy
|j| La danse de paname
|
|t:|1597440007
|switch|p2a: LOTS|Blissey, F|100/100
|move|p1a: Rotom|Discharge|p2a: LOTS
|-damage|p2a: LOTS|88/100
|-status|p2a: LOTS|par
|
|upkeep
|turn|7
|j| outy nibbi
|
|t:|1597440010
|switch|p1a: Umbreon|Umbreon, M|89/100
|switch|p2a: THIS|Toxapex, M|72/100
|
|-heal|p1a: Umbreon|95/100|[from] item: Leftovers
|upkeep
|turn|8
|
|t:|1597440013
|move|p1a: Umbreon|Protect|p1a: Umbreon
|-singleturn|p1a: Umbreon|Protect
|move|p2a: THIS|Scald|p1a: Umbreon
|-activate|p1a: Umbreon|move: Protect
|
|-heal|p1a: Umbreon|100/100|[from] item: Leftovers
|upkeep
|turn|9
|j| LT72MS Comfeyture
|
|t:|1597440016
|move|p1a: Umbreon|Wish|p1a: Umbreon
|move|p2a: THIS|Scald|p1a: Umbreon
|-damage|p1a: Umbreon|89/100
|-status|p1a: Umbreon|brn
|
|-heal|p1a: Umbreon|95/100 brn|[from] item: Leftovers
|-damage|p1a: Umbreon|89/100 brn|[from] brn
|upkeep
|turn|10
|
|t:|1597440018
|switch|p1a: Rotom|Rotom-Heat|43/100
|switch|p2a: LOTS|Blissey, F|88/100
|
|-heal|p1a: Rotom|100/100|[from] move: Wish|[wisher] Umbreon
|upkeep
|turn|11
|
|t:|1597440024
|switch|p1a: Toxapex|Toxapex, F|100/100
|move|p2a: LOTS|Toxic|p1a: Toxapex
|-immune|p1a: Toxapex
|
|upkeep
|turn|12
|l| LT72MS Alfa
|
|t:|1597440028
|switch|p2a: OF|Ditto, shiny|100/100
|-transform|p2a: OF|p1a: Toxapex|[from] ability: Imposter
|move|p1a: Toxapex|Toxic|p2a: OF
|-immune|p2a: OF
|
|upkeep
|turn|13
|j| Tace
|
|t:|1597440033
|switch|p2a: THIS|Toxapex, M|100/100
|move|p1a: Toxapex|Scald|p2a: THIS
|-resisted|p2a: THIS
|-damage|p2a: THIS|93/100
|
|upkeep
|turn|14
|l| Jojos
|
|t:|1597440035
|switch|p2a: OF|Ditto, shiny|100/100
|-transform|p2a: OF|p1a: Toxapex|[from] ability: Imposter
|move|p1a: Toxapex|Scald|p2a: OF
|-resisted|p2a: OF
|-damage|p2a: OF|93/100
|-status|p2a: OF|brn
|
|-damage|p2a: OF|87/100 brn|[from] brn
|upkeep
|turn|15
|
|t:|1597440037
|move|p2a: OF|Scald|p1a: Toxapex
|-resisted|p1a: Toxapex
|-damage|p1a: Toxapex|94/100
|move|p1a: Toxapex|Scald|p2a: OF
|-resisted|p2a: OF
|-damage|p2a: OF|80/100 brn
|
|-heal|p1a: Toxapex|99/100|[from] item: Black Sludge
|-damage|p2a: OF|74/100 brn|[from] brn
|upkeep
|turn|16
|
|t:|1597440041
|switch|p1a: Umbreon|Umbreon, M|89/100 brn
|move|p2a: OF|Scald|p1a: Umbreon
|-damage|p1a: Umbreon|77/100 brn
|
|-heal|p1a: Umbreon|83/100 brn|[from] item: Leftovers
|-damage|p1a: Umbreon|77/100 brn|[from] brn
|-damage|p2a: OF|68/100 brn|[from] brn
|upkeep
|turn|17
|j| Y-Wing Fighter
|
|t:|1597440045
|switch|p2a: THIS|Toxapex, M|100/100
|move|p1a: Umbreon|Wish|p1a: Umbreon
|
|-heal|p1a: Umbreon|83/100 brn|[from] item: Leftovers
|-damage|p1a: Umbreon|77/100 brn|[from] brn
|upkeep
|turn|18
|j| GOATDON
|j| plays rancias
|
|t:|1597440050
|move|p1a: Umbreon|Heal Bell|p1a: Umbreon
|-activate|p1a: Umbreon|move: Heal Bell
|-curestatus|p1a: Umbreon|brn|[msg]
|move|p2a: THIS|Toxic Spikes|p1a: Umbreon
|-sidestart|p1: Lenape|move: Toxic Spikes
|
|-heal|p1a: Umbreon|100/100|[from] move: Wish|[wisher] Umbreon
|upkeep
|turn|19
|
|t:|1597440054
|switch|p1a: Toxapex|Toxapex, F|100/100
|-sideend|p1: Lenape|move: Toxic Spikes|[of] p1a: Toxapex
|switch|p2a: IS|Clefable, F|100/100
|
|upkeep
|turn|20
|
|t:|1597440058
|switch|p1a: Rhyperior|Rhyperior, M|100/100
|move|p2a: IS|Trick|p1a: Rhyperior
|-activate|p2a: IS|move: Trick|[of] p1a: Rhyperior
|-item|p1a: Rhyperior|Choice Scarf|[from] move: Trick
|-item|p2a: IS|Leftovers|[from] move: Trick
|
|upkeep
|turn|21
|
|t:|1597440063
|move|p1a: Rhyperior|Heavy Slam|p2a: IS
|-supereffective|p2a: IS
|-damage|p2a: IS|44/100
|move|p2a: IS|Stealth Rock|p1a: Rhyperior
|-sidestart|p1: Lenape|move: Stealth Rock
|
|-heal|p2a: IS|50/100|[from] item: Leftovers
|upkeep
|turn|22
|j| ottototoro
|j| f a ladder
|
|t:|1597440073
|switch|p1a: Rotom|Rotom-Heat|100/100
|-damage|p1a: Rotom|76/100|[from] Stealth Rock
|switch|p2a: YES|Corviknight, F|100/100
|-ability|p2a: YES|Pressure
|
|upkeep
|turn|23
|l| f a ladder
|l| plays rancias
|
|t:|1597440086
|switch|p2a: LOTS|Blissey, F|88/100
|move|p1a: Rotom|Defog|p2a: LOTS
|-unboost|p2a: LOTS|evasion|1
|-sideend|p1: Lenape|Stealth Rock|[from] move: Defog|[of] p1a: Rotom
|
|upkeep
|turn|24
|
|t:|1597440090
|switch|p1a: Rhyperior|Rhyperior, M|100/100
|move|p2a: LOTS|Teleport|p2a: LOTS
|
|t:|1597440093
|switch|p2a: IS|Clefable, F|50/100|[from]move: Teleport
|
|-heal|p2a: IS|56/100|[from] item: Leftovers
|upkeep
|turn|25
|
|t:|1597440097
|switch|p2a: YES|Corviknight, F|100/100
|-ability|p2a: YES|Pressure
|move|p1a: Rhyperior|Heavy Slam|p2a: YES
|-resisted|p2a: YES
|-damage|p2a: YES|93/100
|-damage|p1a: Rhyperior|84/100|[from] item: Rocky Helmet|[of] p2a: YES
|
|upkeep
|turn|26
|j| LT72MS Zii
|j| hipster garbage
|
|t:|1597440109
|switch|p1a: Toxapex|Toxapex, F|100/100
|move|p2a: YES|Brave Bird|p1a: Toxapex
|-damage|p1a: Toxapex|78/100
|-damage|p2a: YES|87/100|[from] Recoil
|
|-heal|p1a: Toxapex|84/100|[from] item: Black Sludge
|upkeep
|turn|27
|
|t:|1597440113
|switch|p2a: IS|Clefable, F|56/100
|switch|p1a: Rhyperior|Rhyperior, M|84/100
|
|-heal|p2a: IS|62/100|[from] item: Leftovers
|upkeep
|turn|28
|j| Bluxio
|j| wobblybobbly
|j| Sebilin1125
|l| contrarietas
|
|t:|1597440129
|switch|p2a: YES|Corviknight, F|87/100
|-ability|p2a: YES|Pressure
|move|p1a: Rhyperior|Stealth Rock|p2a: YES
|-sidestart|p2: LT72MS Finch|move: Stealth Rock
|
|upkeep
|turn|29
|c| Sebilin1125|hi lenape
|j| contrarietas
|
|t:|1597440133
|switch|p1a: Corviknight|Corviknight, M|100/100
|-ability|p1a: Corviknight|Pressure
|move|p2a: YES|Defog|p1a: Corviknight
|-unboost|p1a: Corviknight|evasion|1
|-sideend|p2: LT72MS Finch|Stealth Rock|[from] move: Defog|[of] p2a: YES
|
|upkeep
|turn|30
|c| Sebilin1125|and hi finch
|j| LT72MS Empo
|
|t:|1597440153
|switch|p2a: IS|Clefable, F|62/100
|move|p1a: Corviknight|Substitute|p1a: Corviknight
|-start|p1a: Corviknight|Substitute
|-damage|p1a: Corviknight|75/100
|
|-heal|p1a: Corviknight|82/100|[from] item: Leftovers
|-heal|p2a: IS|68/100|[from] item: Leftovers
|upkeep
|turn|31
|
|t:|1597440158
|move|p1a: Corviknight|Bulk Up|p1a: Corviknight
|-boost|p1a: Corviknight|atk|1
|-boost|p1a: Corviknight|def|1
|move|p2a: IS|Soft-Boiled|p2a: IS
|-heal|p2a: IS|100/100
|
|-heal|p1a: Corviknight|88/100|[from] item: Leftovers
|upkeep
|turn|32
|
|t:|1597440161
|move|p1a: Corviknight|Bulk Up|p1a: Corviknight
|-boost|p1a: Corviknight|atk|1
|-boost|p1a: Corviknight|def|1
|move|p2a: IS|Stealth Rock|p1a: Corviknight
|-sidestart|p1: Lenape|move: Stealth Rock
|
|-heal|p1a: Corviknight|94/100|[from] item: Leftovers
|upkeep
|turn|33
|
|t:|1597440164
|switch|p2a: THIS|Toxapex, M|100/100
|move|p1a: Corviknight|Brave Bird|p2a: THIS
|-damage|p2a: THIS|37/100
|-damage|p1a: Corviknight|78/100|[from] Recoil
|
|-heal|p1a: Corviknight|84/100|[from] item: Leftovers
|upkeep
|turn|34
|c|☆LT72MS Finch|why is it offensive
|
|t:|1597440174
|switch|p2a: YES|Corviknight, F|87/100
|-ability|p2a: YES|Pressure
|move|p1a: Corviknight|Brave Bird|p2a: YES
|-resisted|p2a: YES
|-damage|p2a: YES|54/100
|-damage|p1a: Corviknight|68/100|[from] item: Rocky Helmet|[of] p2a: YES
|-damage|p1a: Corviknight|57/100|[from] Recoil
|
|-heal|p1a: Corviknight|63/100|[from] item: Leftovers
|upkeep
|turn|35
|
|t:|1597440177
|switch|p2a: THIS|Toxapex, M|70/100
|move|p1a: Corviknight|Bulk Up|p1a: Corviknight
|-boost|p1a: Corviknight|atk|1
|-boost|p1a: Corviknight|def|1
|
|-heal|p1a: Corviknight|69/100|[from] item: Leftovers
|upkeep
|turn|36
|
|t:|1597440181
|switch|p2a: YES|Corviknight, F|54/100
|-ability|p2a: YES|Pressure
|move|p1a: Corviknight|Brave Bird|p2a: YES
|-resisted|p2a: YES
|-damage|p2a: YES|17/100
|-damage|p1a: Corviknight|53/100|[from] item: Rocky Helmet|[of] p2a: YES
|-damage|p1a: Corviknight|41/100|[from] Recoil
|
|-heal|p1a: Corviknight|47/100|[from] item: Leftovers
|upkeep
|turn|37
|
|t:|1597440183
|switch|p2a: THIS|Toxapex, M|100/100
|move|p1a: Corviknight|Roost|p1a: Corviknight
|-heal|p1a: Corviknight|97/100
|-singleturn|p1a: Corviknight|move: Roost
|
|-heal|p1a: Corviknight|100/100|[from] item: Leftovers
|upkeep
|turn|38
|
|t:|1597440185
|move|p1a: Corviknight|Brave Bird|p2a: THIS
|-damage|p2a: THIS|28/100
|-damage|p1a: Corviknight|82/100|[from] Recoil
|move|p2a: THIS|Haze|p2a: THIS
|-clearallboost
|
|-heal|p1a: Corviknight|89/100|[from] item: Leftovers
|upkeep
|turn|39
|
|t:|1597440191
|switch|p2a: LOTS|Blissey, F|88/100
|move|p1a: Corviknight|Bulk Up|p1a: Corviknight
|-boost|p1a: Corviknight|atk|1
|-boost|p1a: Corviknight|def|1
|
|-heal|p1a: Corviknight|95/100|[from] item: Leftovers
|upkeep
|turn|40
|
|t:|1597440193
|move|p1a: Corviknight|Bulk Up|p1a: Corviknight
|-boost|p1a: Corviknight|atk|1
|-boost|p1a: Corviknight|def|1
|move|p2a: LOTS|Seismic Toss|p1a: Corviknight
|-end|p1a: Corviknight|Substitute
|
|-heal|p1a: Corviknight|100/100|[from] item: Leftovers
|upkeep
|turn|41
|j| LT72MS Alfa
|l| LT72MS Alfa
|
|t:|1597440198
|move|p1a: Corviknight|Brave Bird|p2a: LOTS
|-damage|p2a: LOTS|0 fnt
|-damage|p1a: Corviknight|49/100|[from] Recoil
|faint|p2a: LOTS
|
|-heal|p1a: Corviknight|55/100|[from] item: Leftovers
|upkeep
|
|t:|1597440204
|switch|p2a: OF|Ditto, shiny|100/100 brn
|-transform|p2a: OF|p1a: Corviknight|[from] ability: Imposter
|-ability|p2a: OF|Pressure
|turn|42
|
|t:|1597440208
|move|p2a: OF|Brave Bird|p1a: Corviknight
|-resisted|p1a: Corviknight
|-damage|p1a: Corviknight|44/100
|-damage|p2a: OF|96/100 brn|[from] Recoil
|move|p1a: Corviknight|Substitute|p1a: Corviknight
|-start|p1a: Corviknight|Substitute
|-damage|p1a: Corviknight|19/100
|
|-heal|p1a: Corviknight|26/100|[from] item: Leftovers
|-damage|p2a: OF|90/100 brn|[from] brn
|upkeep
|turn|43
|
|t:|1597440211
|move|p2a: OF|Brave Bird|p1a: Corviknight
|-resisted|p1a: Corviknight
|-activate|p1a: Corviknight|move: Substitute|[damage]
|-damage|p2a: OF|85/100 brn|[from] Recoil|[of] p1a: Corviknight
|move|p1a: Corviknight|Roost|p1a: Corviknight
|-heal|p1a: Corviknight|76/100
|-singleturn|p1a: Corviknight|move: Roost
|
|-heal|p1a: Corviknight|82/100|[from] item: Leftovers
|-damage|p2a: OF|79/100 brn|[from] brn
|upkeep
|turn|44
|
|t:|1597440214
|switch|p2a: THIS|Toxapex, M|62/100
|move|p1a: Corviknight|Bulk Up|p1a: Corviknight
|-boost|p1a: Corviknight|atk|1
|-boost|p1a: Corviknight|def|1
|
|-heal|p1a: Corviknight|88/100|[from] item: Leftovers
|upkeep
|turn|45
|
|t:|1597440215
|move|p1a: Corviknight|Brave Bird|p2a: THIS
|-damage|p2a: THIS|0 fnt
|-damage|p1a: Corviknight|73/100|[from] Recoil
|faint|p2a: THIS
|
|-heal|p1a: Corviknight|79/100|[from] item: Leftovers
|upkeep
|j| Light & Sin
|c|☆LT72MS Finch|god
|c|☆LT72MS Finch|literally
|c|☆LT72MS Finch|max attack
|-message|LT72MS Finch forfeited.
|
|win|Lenape
|l|☆LT72MS Finch
|c|☆Lenape|I mean
|c|☆Lenape|LOL
|j|+Emeri ✿
|l|+Emeri ✿
|j|+Emeri ✿
|l|+Emeri ✿
|c|☆Lenape|Mad because i beat his ultra stall with balance
|raw|Lenape's rating: 1861 &rarr; <strong>1875</strong><br />(+14 for winning)
|raw|LT72MS Finch's rating: 1762 &rarr; <strong>1748</strong><br />(-14 for losing)
|l| GOATDON
|l| Light & Sin
|l| wobblybobbly
|j| Corumba
|l| AxelStahl
|l| Corumba
|l| Bluxio
|l| LT72MS Liolae
|l| OUTU devans2048
|l| contrarietas
|l| outy nibbi
|l| Tace
|l| ottototoro
|l| Karl Dude Guy
|l| LT72MS FlowerDuet
|l| Y-Wing Fighter
|l| Mara Sattei
|j| deez streetz w
|j| fndfmnvr
|j| Sablolol
|j| Black Xmas
|l| fndfmnvr
|j| BoomBoomBoo
|l| Black Xmas
|l| BoomBoomBoo
|j| 30GXENOOB
|l| LT72MS Empo
|l| LT72MS Zii
|j| LT72MS Empo
|l| LT72MS Empo
|j| TNI Jake M
|l| 30GXENOOB
|l| TNI Jake M
|j| LT72MS INTERNAL
|j|+Anirav
|j| fastpoke galar
|l| Sablolol
|l|+Anirav
|l| LT72MS INTERNAL
|j| MLT Testing
|l|☆Lenape
