|raw|<div class="broadcast-blue"><strong>This battle is required to be public due to a player having a name starting with 'lt81yl'.</div>
|j|☆BestixL ☾
|j|‽LT81YL Mole
|t:|1625279407
|gametype|singles
|player|p1|BestixL ☾|aromalady-gen3|1901
|player|p2|LT81YL Mole|pokekid|1843
|teamsize|p1|6
|teamsize|p2|6
|gen|8
|tier|[Gen 8] OU
|rated|
|rule|Sleep Clause Mod: Limit one foe put to sleep
|rule|Species Clause: Limit one of each Pokémon
|rule|OHKO Clause: OHKO moves are banned
|rule|Evasion Moves Clause: Evasion moves are banned
|rule|Endless Battle Clause: Forcing endless battles is banned
|rule|HP Percentage Mod: HP is shown in percentages
|rule|Dynamax Clause: You cannot dynamax
|clearpoke
|poke|p1|Clefable, F|
|poke|p1|Scizor, M|
|poke|p1|Heatran, M|
|poke|p1|Landorus-Therian, M|
|poke|p1|Toxapex, M|
|poke|p1|Dragapult, M|
|poke|p2|Tapu Lele|
|poke|p2|Magnezone|
|poke|p2|Rillaboom, F|
|poke|p2|Landorus-Therian, M|
|poke|p2|Heatran, F|
|poke|p2|Dragonite, M|
|teampreview
|inactive|Battle timer is ON: inactive players will automatically lose when time's up. (requested by BestixL ☾)
|j| dmdkms
|j| gggguang
|
|t:|1625279429
|start
|switch|p1a: no space|Landorus-Therian, M|100/100
|switch|p2a: Landorus|Landorus-Therian, M|100/100
|-ability|p1a: no space|Intimidate|boost
|-unboost|p2a: Landorus|atk|1
|-ability|p2a: Landorus|Intimidate|boost
|-unboost|p1a: no space|atk|1
|turn|1
|j| CataPeroE-Girl
|
|t:|1625279446
|move|p1a: no space|U-turn|p2a: Landorus
|-resisted|p2a: Landorus
|-damage|p2a: Landorus|93/100
|j| pfiev_hmt
|j| TheAngryMime
|j| LT81YL Ruby
|j| LT81YL yz31
|j| pliang888
|j| PKcuckS
|inactive|BestixL ☾ has 120 seconds left.
|j| lt81yl far
|l| lt81yl far
|
|t:|1625279483
|switch|p1a: just friends|Toxapex, M|100/100|[from]move: U-turn
|move|p2a: Landorus|Toxic|p1a: just friends
|-immune|p1a: just friends
|
|-heal|p2a: Landorus|99/100|[from] item: Leftovers
|upkeep
|turn|2
|j| engracado
|j| LT81YL JHONX
|l| pliang888
|l| engracado
|inactive|LT81YL Mole has 120 seconds left.
|
|t:|1625279516
|switch|p2a: Dragonite|Dragonite, M|100/100
|move|p1a: just friends|Knock Off|p2a: Dragonite
|-damage|p2a: Dragonite|96/100
|-enditem|p2a: Dragonite|Heavy-Duty Boots|[from] move: Knock Off|[of] p1a: just friends
|
|upkeep
|turn|3
|inactive|LT81YL Mole has 120 seconds left.
|
|t:|1625279537
|move|p2a: Dragonite|Earthquake|p1a: just friends
|-supereffective|p1a: just friends
|-damage|p1a: just friends|58/100
|move|p1a: just friends|Scald|p2a: Dragonite
|-resisted|p2a: Dragonite
|-damage|p2a: Dragonite|89/100
|-status|p2a: Dragonite|brn
|
|-damage|p2a: Dragonite|82/100 brn|[from] brn
|upkeep
|turn|4
|
|t:|1625279544
|move|p2a: Dragonite|Heal Bell|p2a: Dragonite
|-activate|p2a: Dragonite|move: Heal Bell
|-curestatus|p2a: Dragonite|brn|[msg]
|move|p1a: just friends|Recover|p1a: just friends
|-heal|p1a: just friends|100/100
|
|upkeep
|turn|5
|j| epsilon_xd
|inactive|LT81YL Mole has 120 seconds left.
|j| No minior in rb
|inactive|LT81YL Mole has 90 seconds left.
|
|t:|1625279586
|switch|p1a: no space|Landorus-Therian, M|100/100
|-ability|p1a: no space|Intimidate|boost
|-unboost|p2a: Dragonite|atk|1
|move|p2a: Dragonite|Earthquake|p1a: no space
|-immune|p1a: no space
|
|upkeep
|turn|6
|
|t:|1625279601
|move|p1a: no space|U-turn|p2a: Dragonite
|-resisted|p2a: Dragonite
|-damage|p2a: Dragonite|74/100
|
|t:|1625279604
|switch|p1a: Itsuki|Clefable, F|100/100|[from]move: U-turn
|move|p2a: Dragonite|Ice Beam|p1a: Itsuki
|-damage|p1a: Itsuki|81/100
|
|upkeep
|turn|7
|
|t:|1625279611
|switch|p2a: Magnezone|Magnezone|100/100
|move|p1a: Itsuki|Moonblast|p2a: Magnezone
|-resisted|p2a: Magnezone
|-damage|p2a: Magnezone|72/100
|
|upkeep
|turn|8
|
|t:|1625279623
|move|p1a: Itsuki|Fire Blast|p2a: Magnezone
|-supereffective|p2a: Magnezone
|-damage|p2a: Magnezone|0 fnt
|faint|p2a: Magnezone
|
|upkeep
|c|☆BestixL ☾|god itsui
|c|☆BestixL ☾|itsuki
|inactive|LT81YL Mole has 90 seconds left.
|
|t:|1625279661
|switch|p2a: Heatran|Heatran, F|100/100
|turn|9
|
|t:|1625279664
|switch|p1a: just friends|Toxapex, M|100/100
|move|p2a: Heatran|Stealth Rock|p1a: just friends
|-sidestart|p1: BestixL ☾|move: Stealth Rock
|
|upkeep
|turn|10
|j| VegasSo
|
|t:|1625279677
|switch|p2a: Dragonite|Dragonite, M|74/100
|move|p1a: just friends|Knock Off|p2a: Dragonite
|-crit|p2a: Dragonite
|-damage|p2a: Dragonite|62/100
|
|upkeep
|turn|11
|
|t:|1625279684
|move|p2a: Dragonite|Roost|p2a: Dragonite
|-heal|p2a: Dragonite|100/100
|-singleturn|p2a: Dragonite|move: Roost
|move|p1a: just friends|Scald|p2a: Dragonite
|-resisted|p2a: Dragonite
|-damage|p2a: Dragonite|97/100
|
|upkeep
|turn|12
|
|t:|1625279691
|switch|p1a: Yotsuba|Scizor, M|100/100
|move|p2a: Dragonite|Earthquake|p1a: Yotsuba
|-damage|p1a: Yotsuba|70/100
|
|upkeep
|turn|13
|
|t:|1625279697
|switch|p2a: Heatran|Heatran, F|100/100
|move|p1a: Yotsuba|Roost|p1a: Yotsuba
|-heal|p1a: Yotsuba|100/100
|-singleturn|p1a: Yotsuba|move: Roost
|
|upkeep
|turn|14
|j| samohi0
|inactive|LT81YL Mole has 120 seconds left.
|
|t:|1625279702
|switch|p1a: just friends|Toxapex, M|100/100
|-damage|p1a: just friends|88/100|[from] Stealth Rock
|move|p2a: Heatran|Magma Storm|p1a: just friends
|-resisted|p1a: just friends
|-damage|p1a: just friends|74/100
|-activate|p1a: just friends|move: Magma Storm|[of] p2a: Heatran
|
|-damage|p1a: just friends|61/100|[from] move: Magma Storm|[partiallytrapped]
|upkeep
|turn|15
|
|t:|1625279709
|move|p2a: Heatran|Earth Power|p1a: just friends
|-supereffective|p1a: just friends
|-damage|p1a: just friends|27/100
|move|p1a: just friends|Knock Off|p2a: Heatran
|-damage|p2a: Heatran|88/100
|-enditem|p2a: Heatran|Leftovers|[from] move: Knock Off|[of] p1a: just friends
|
|-damage|p1a: just friends|15/100|[from] move: Magma Storm|[partiallytrapped]
|upkeep
|turn|16
|
|t:|1625279716
|switch|p1a: no space|Landorus-Therian, M|100/100
|-damage|p1a: no space|88/100|[from] Stealth Rock
|-ability|p1a: no space|Intimidate|boost
|-unboost|p2a: Heatran|atk|1
|move|p2a: Heatran|Magma Storm|p1a: no space
|-damage|p1a: no space|41/100
|-activate|p1a: no space|move: Magma Storm|[of] p2a: Heatran
|
|-heal|p1a: no space|47/100|[from] item: Leftovers
|-damage|p1a: no space|35/100|[from] move: Magma Storm|[partiallytrapped]
|upkeep
|turn|17
|
|t:|1625279726
|switch|p2a: Rillaboom|Rillaboom, F|100/100
|-fieldstart|move: Grassy Terrain|[from] ability: Grassy Surge|[of] p2a: Rillaboom
|move|p1a: no space|Defog|p2a: Rillaboom
|-unboost|p2a: Rillaboom|evasion|1
|-sideend|p1: BestixL ☾|Stealth Rock|[from] move: Defog|[of] p1a: no space
|-fieldend|move: Grassy Terrain
|
|-heal|p1a: no space|41/100|[from] item: Leftovers
|-end|p1a: no space|Magma Storm|[partiallytrapped]|[silent]
|upkeep
|turn|18
|
|t:|1625279735
|switch|p1a: Itsuki|Clefable, F|81/100
|move|p2a: Rillaboom|Knock Off|p1a: Itsuki
|-resisted|p1a: Itsuki
|-damage|p1a: Itsuki|49/100
|-enditem|p1a: Itsuki|Life Orb|[from] move: Knock Off|[of] p2a: Rillaboom
|
|upkeep
|turn|19
|
|t:|1625279739
|switch|p2a: Heatran|Heatran, F|88/100
|move|p1a: Itsuki|Soft-Boiled|p1a: Itsuki
|-heal|p1a: Itsuki|99/100
|
|upkeep
|turn|20
|l| samohi0
|j| egalvanc
|inactive|BestixL ☾ has 120 seconds left.
|j| Balls Rollin
|
|t:|1625279771
|switch|p1a: the reaper|Heatran, M|100/100
|move|p2a: Heatran|Stealth Rock|p1a: the reaper
|-sidestart|p1: BestixL ☾|move: Stealth Rock
|
|upkeep
|turn|21
|l| egalvanc
|j| Terry B bestdlc
|
|t:|1625279788
|move|p1a: the reaper|Stealth Rock|p2a: Heatran
|-sidestart|p2: LT81YL Mole|move: Stealth Rock
|move|p2a: Heatran|Earth Power|p1a: the reaper
|-supereffective|p1a: the reaper
|-damage|p1a: the reaper|27/100
|
|-heal|p1a: the reaper|33/100|[from] item: Leftovers
|upkeep
|turn|22
|
|t:|1625279797
|switch|p2a: Landorus|Landorus-Therian, M|99/100
|-damage|p2a: Landorus|87/100|[from] Stealth Rock
|-ability|p2a: Landorus|Intimidate|boost
|-unboost|p1a: the reaper|atk|1
|move|p1a: the reaper|Earth Power|p2a: Landorus
|-immune|p2a: Landorus
|
|-heal|p1a: the reaper|39/100|[from] item: Leftovers
|-heal|p2a: Landorus|93/100|[from] item: Leftovers
|upkeep
|turn|23
|
|t:|1625279806
|move|p1a: the reaper|Toxic|p2a: Landorus
|-status|p2a: Landorus|tox
|move|p2a: Landorus|Earthquake|p1a: the reaper
|-supereffective|p1a: the reaper
|-damage|p1a: the reaper|0 fnt
|faint|p1a: the reaper
|
|-heal|p2a: Landorus|99/100 tox|[from] item: Leftovers
|-damage|p2a: Landorus|93/100 tox|[from] psn
|upkeep
|
|t:|1625279815
|switch|p1a: no space|Landorus-Therian, M|41/100
|-damage|p1a: no space|28/100|[from] Stealth Rock
|-ability|p1a: no space|Intimidate|boost
|-unboost|p2a: Landorus|atk|1
|turn|24
|j| Nezloe
|
|t:|1625279820
|move|p1a: no space|Knock Off|p2a: Landorus
|-damage|p2a: Landorus|62/100 tox
|-enditem|p2a: Landorus|Leftovers|[from] move: Knock Off|[of] p1a: no space
|move|p2a: Landorus|U-turn|p1a: no space
|-resisted|p1a: no space
|-damage|p1a: no space|22/100
|
|t:|1625279827
|switch|p2a: Rillaboom|Rillaboom, F|100/100|[from]move: U-turn
|-damage|p2a: Rillaboom|88/100|[from] Stealth Rock
|-fieldstart|move: Grassy Terrain|[from] ability: Grassy Surge|[of] p2a: Rillaboom
|
|-heal|p2a: Rillaboom|94/100|[from] Grassy Terrain
|-heal|p1a: no space|28/100|[from] item: Leftovers
|upkeep
|turn|25
|l| VegasSo
|
|t:|1625279840
|switch|p1a: just friends|Toxapex, M|48/100
|-damage|p1a: just friends|36/100|[from] Stealth Rock
|move|p2a: Rillaboom|Wood Hammer|p1a: just friends
|-damage|p1a: just friends|0 fnt
|faint|p1a: just friends
|-damage|p2a: Rillaboom|84/100|[from] Recoil
|
|-heal|p2a: Rillaboom|90/100|[from] Grassy Terrain
|upkeep
|
|t:|1625279843
|switch|p1a: Yotsuba|Scizor, M|100/100
|turn|26
|
|t:|1625279845
|switch|p2a: Heatran|Heatran, F|88/100
|-damage|p2a: Heatran|76/100|[from] Stealth Rock
|move|p1a: Yotsuba|U-turn|p2a: Heatran
|-resisted|p2a: Heatran
|-damage|p2a: Heatran|69/100
|
|t:|1625279849
|switch|p1a: 2 soon|Dragapult, M|100/100|[from]move: U-turn
|-damage|p1a: 2 soon|88/100|[from] Stealth Rock
|
|-heal|p1a: 2 soon|94/100|[from] Grassy Terrain
|-heal|p2a: Heatran|76/100|[from] Grassy Terrain
|upkeep
|turn|27
|j| I Need Nothing
|
|t:|1625279867
|move|p1a: 2 soon|Hydro Pump|p2a: Heatran
|-supereffective|p2a: Heatran
|-damage|p2a: Heatran|8/100
|move|p2a: Heatran|Earth Power|p1a: 2 soon
|-damage|p1a: 2 soon|61/100
|
|-heal|p1a: 2 soon|67/100|[from] Grassy Terrain
|-heal|p2a: Heatran|14/100|[from] Grassy Terrain
|upkeep
|turn|28
|
|t:|1625279878
|switch|p2a: Rillaboom|Rillaboom, F|90/100
|-damage|p2a: Rillaboom|78/100|[from] Stealth Rock
|move|p1a: 2 soon|Hydro Pump|p2a: Rillaboom
|-resisted|p2a: Rillaboom
|-damage|p2a: Rillaboom|43/100
|
|-heal|p1a: 2 soon|73/100|[from] Grassy Terrain
|-heal|p2a: Rillaboom|49/100|[from] Grassy Terrain
|-fieldend|move: Grassy Terrain
|upkeep
|turn|29
|l| Terry B bestdlc
|j| pliang888
|inactive|BestixL ☾ has 120 seconds left.
|
|t:|1625279912
|switch|p1a: Itsuki|Clefable, F|99/100
|move|p2a: Rillaboom|Knock Off|p1a: Itsuki
|-resisted|p1a: Itsuki
|-damage|p1a: Itsuki|79/100
|
|upkeep
|turn|30
|j| VegasSo
|
|t:|1625279923
|switch|p2a: Tapu Lele|Tapu Lele|100/100
|-damage|p2a: Tapu Lele|88/100|[from] Stealth Rock
|-fieldstart|move: Psychic Terrain|[from] ability: Psychic Surge|[of] p2a: Tapu Lele
|move|p1a: Itsuki|Moonblast|p2a: Tapu Lele
|-damage|p2a: Tapu Lele|57/100
|
|upkeep
|turn|31
|
|t:|1625279932
|move|p2a: Tapu Lele|Psyshock|p1a: Itsuki
|-damage|p1a: Itsuki|7/100
|move|p1a: Itsuki|Soft-Boiled|p1a: Itsuki
|-heal|p1a: Itsuki|57/100
|
|upkeep
|turn|32
|
|t:|1625279936
|switch|p1a: Yotsuba|Scizor, M|100/100
|move|p2a: Tapu Lele|Psyshock|p1a: Yotsuba
|-resisted|p1a: Yotsuba
|-crit|p1a: Yotsuba
|-damage|p1a: Yotsuba|57/100
|
|upkeep
|turn|33
|
|t:|1625279948
|switch|p2a: Landorus|Landorus-Therian, M|62/100 tox
|-damage|p2a: Landorus|49/100 tox|[from] Stealth Rock
|-ability|p2a: Landorus|Intimidate|boost
|-unboost|p1a: Yotsuba|atk|1
|move|p1a: Yotsuba|Roost|p1a: Yotsuba
|-heal|p1a: Yotsuba|100/100
|-singleturn|p1a: Yotsuba|move: Roost
|
|-damage|p2a: Landorus|43/100 tox|[from] psn
|upkeep
|turn|34
|
|t:|1625279955
|switch|p1a: no space|Landorus-Therian, M|28/100
|-damage|p1a: no space|15/100|[from] Stealth Rock
|-ability|p1a: no space|Intimidate|boost
|-unboost|p2a: Landorus|atk|1
|move|p2a: Landorus|Earthquake|p1a: no space
|-immune|p1a: no space
|
|-heal|p1a: no space|21/100|[from] item: Leftovers
|-damage|p2a: Landorus|31/100 tox|[from] psn
|-fieldend|move: Psychic Terrain
|upkeep
|turn|35
|
|t:|1625279959
|move|p1a: no space|Knock Off|p2a: Landorus
|-damage|p2a: Landorus|12/100 tox
|move|p2a: Landorus|U-turn|p1a: no space
|-resisted|p1a: no space
|-damage|p1a: no space|15/100
|n| yueniao|lt81ylyz31
|
|t:|1625279973
|switch|p2a: Rillaboom|Rillaboom, F|49/100|[from]move: U-turn
|-damage|p2a: Rillaboom|37/100|[from] Stealth Rock
|-fieldstart|move: Grassy Terrain|[from] ability: Grassy Surge|[of] p2a: Rillaboom
|
|-heal|p2a: Rillaboom|43/100|[from] Grassy Terrain
|-heal|p1a: no space|21/100|[from] item: Leftovers
|upkeep
|turn|36
|
|t:|1625279988
|move|p2a: Rillaboom|Grassy Glide|p1a: no space
|-damage|p1a: no space|0 fnt
|faint|p1a: no space
|
|-heal|p2a: Rillaboom|49/100|[from] Grassy Terrain
|upkeep
|l| Balls Rollin
|l| pliang888
|
|t:|1625279994
|switch|p1a: 2 soon|Dragapult, M|73/100
|-damage|p1a: 2 soon|61/100|[from] Stealth Rock
|turn|37
|j| OU make me yawn
|
|t:|1625280015
|switch|p1a: Yotsuba|Scizor, M|100/100
|switch|p2a: Landorus|Landorus-Therian, M|12/100 tox
|-damage|p2a: Landorus|0 fnt|[from] Stealth Rock
|faint|p2a: Landorus
|
|upkeep
|inactive|LT81YL Mole has 120 seconds left.
|j| Neum
|j| bear kigurumi
|
|t:|1625280043
|switch|p2a: Rillaboom|Rillaboom, F|49/100
|-damage|p2a: Rillaboom|37/100|[from] Stealth Rock
|turn|38
|
|t:|1625280068
|move|p2a: Rillaboom|Knock Off|p1a: Yotsuba
|-damage|p1a: Yotsuba|45/100
|-enditem|p1a: Yotsuba|Heavy-Duty Boots|[from] move: Knock Off|[of] p2a: Rillaboom
|move|p1a: Yotsuba|Roost|p1a: Yotsuba
|-heal|p1a: Yotsuba|95/100
|-singleturn|p1a: Yotsuba|move: Roost
|
|-heal|p2a: Rillaboom|43/100|[from] Grassy Terrain
|-heal|p1a: Yotsuba|100/100|[from] Grassy Terrain
|upkeep
|turn|39
|inactive|LT81YL Mole has 120 seconds left.
|
|t:|1625280080
|move|p2a: Rillaboom|Knock Off|p1a: Yotsuba
|-damage|p1a: Yotsuba|66/100
|move|p1a: Yotsuba|Swords Dance|p1a: Yotsuba
|-boost|p1a: Yotsuba|atk|2
|
|-heal|p2a: Rillaboom|49/100|[from] Grassy Terrain
|-heal|p1a: Yotsuba|72/100|[from] Grassy Terrain
|-fieldend|move: Grassy Terrain
|upkeep
|turn|40
|inactive|LT81YL Mole has 120 seconds left.
|
|t:|1625280094
|move|p2a: Rillaboom|Knock Off|p1a: Yotsuba
|-damage|p1a: Yotsuba|39/100
|move|p1a: Yotsuba|Roost|p1a: Yotsuba
|-heal|p1a: Yotsuba|89/100
|-singleturn|p1a: Yotsuba|move: Roost
|
|upkeep
|turn|41
|
|t:|1625280102
|switch|p2a: Dragonite|Dragonite, M|97/100
|-damage|p2a: Dragonite|72/100|[from] Stealth Rock
|move|p1a: Yotsuba|Bullet Punch|p2a: Dragonite
|-damage|p2a: Dragonite|37/100
|
|upkeep
|turn|42
|j| ryrt
|
|t:|1625280107
|move|p1a: Yotsuba|Bullet Punch|p2a: Dragonite
|-damage|p2a: Dragonite|2/100
|move|p2a: Dragonite|Roost|p2a: Dragonite
|-heal|p2a: Dragonite|52/100
|-singleturn|p2a: Dragonite|move: Roost
|
|upkeep
|turn|43
|
|t:|1625280119
|move|p2a: Dragonite|Roost|p2a: Dragonite
|-heal|p2a: Dragonite|100/100
|-singleturn|p2a: Dragonite|move: Roost
|move|p1a: Yotsuba|Swords Dance|p1a: Yotsuba
|-boost|p1a: Yotsuba|atk|2
|
|upkeep
|turn|44
|l| Neum
|
|t:|1625280125
|move|p2a: Dragonite|Ice Beam|p1a: Yotsuba
|-resisted|p1a: Yotsuba
|-damage|p1a: Yotsuba|80/100
|move|p1a: Yotsuba|Roost|p1a: Yotsuba
|-heal|p1a: Yotsuba|100/100
|-singleturn|p1a: Yotsuba|move: Roost
|
|upkeep
|turn|45
|
|t:|1625280130
|move|p1a: Yotsuba|Bullet Punch|p2a: Dragonite
|-damage|p2a: Dragonite|73/100
|move|p2a: Dragonite|Ice Beam|p1a: Yotsuba
|-resisted|p1a: Yotsuba
|-damage|p1a: Yotsuba|92/100
|
|upkeep
|turn|46
|c| I Need Nothing|dnite sweep
|
|t:|1625280138
|move|p1a: Yotsuba|Bullet Punch|p2a: Dragonite
|-damage|p2a: Dragonite|16/100
|move|p2a: Dragonite|Ice Beam|p1a: Yotsuba
|-resisted|p1a: Yotsuba
|-damage|p1a: Yotsuba|83/100
|
|upkeep
|turn|47
|
|t:|1625280146
|move|p1a: Yotsuba|Bullet Punch|p2a: Dragonite
|-damage|p2a: Dragonite|0 fnt
|faint|p2a: Dragonite
|
|upkeep
|
|t:|1625280155
|switch|p2a: Tapu Lele|Tapu Lele|57/100
|-damage|p2a: Tapu Lele|44/100|[from] Stealth Rock
|-fieldstart|move: Psychic Terrain|[from] ability: Psychic Surge|[of] p2a: Tapu Lele
|turn|48
|
|t:|1625280159
|move|p2a: Tapu Lele|Focus Blast|p1a: Yotsuba
|-damage|p1a: Yotsuba|49/100
|move|p1a: Yotsuba|Roost|p1a: Yotsuba
|-heal|p1a: Yotsuba|99/100
|-singleturn|p1a: Yotsuba|move: Roost
|
|upkeep
|turn|49
|l| I Need Nothing
|
|t:|1625280175
|move|p2a: Tapu Lele|Focus Blast|p1a: Yotsuba
|-damage|p1a: Yotsuba|63/100
|move|p1a: Yotsuba|Roost|p1a: Yotsuba
|-heal|p1a: Yotsuba|100/100
|-singleturn|p1a: Yotsuba|move: Roost
|
|upkeep
|turn|50
|
|t:|1625280180
|move|p2a: Tapu Lele|Focus Blast|p1a: Yotsuba|[miss]
|-miss|p2a: Tapu Lele|p1a: Yotsuba
|move|p1a: Yotsuba|Roost||[still]
|-fail|p1a: Yotsuba|heal
|
|upkeep
|turn|51
|
|t:|1625280185
|move|p2a: Tapu Lele|Focus Blast|p1a: Yotsuba
|-damage|p1a: Yotsuba|65/100
|move|p1a: Yotsuba|Roost|p1a: Yotsuba
|-heal|p1a: Yotsuba|100/100
|-singleturn|p1a: Yotsuba|move: Roost
|
|upkeep
|turn|52
|
|t:|1625280195
|move|p2a: Tapu Lele|Focus Blast|p1a: Yotsuba
|-damage|p1a: Yotsuba|61/100
|move|p1a: Yotsuba|Roost|p1a: Yotsuba
|-heal|p1a: Yotsuba|100/100
|-singleturn|p1a: Yotsuba|move: Roost
|
|-fieldend|move: Psychic Terrain
|upkeep
|turn|53
|c| CataPeroE-Girl|F
|
|t:|1625280207
|move|p1a: Yotsuba|Bullet Punch|p2a: Tapu Lele
|-supereffective|p2a: Tapu Lele
|-damage|p2a: Tapu Lele|0 fnt
|faint|p2a: Tapu Lele
|
|upkeep
|c| VegasSo|gg
|c|☆BestixL ☾|gg
|-message|LT81YL Mole forfeited.
|
|win|BestixL ☾
|raw|BestixL ☾'s rating: 1901 &rarr; <strong>1919</strong><br />(+18 for winning)
|raw|LT81YL Mole's rating: 1858 &rarr; <strong>1840</strong><br />(-18 for losing)
|l|‽LT81YL Mole
|l| TheAngryMime
|l| CataPeroE-Girl
|l| No minior in rb
