|j|☆Chikami
|j|☆NairFlipKick
|t:|1648601185
|gametype|singles
|player|p1|Chikami|ethan|1526
|player|p2|NairFlipKick|battlegirl-gen4|1472
|teamsize|p1|6
|teamsize|p2|6
|gen|8
|tier|[Gen 8] OU
|rated|
|rule|Sleep Clause Mod: Limit one foe put to sleep
|rule|Species Clause: Limit one of each Pokémon
|rule|OHKO Clause: OHKO moves are banned
|rule|Evasion Moves Clause: Evasion moves are banned
|rule|Endless Battle Clause: Forcing endless battles is banned
|rule|HP Percentage Mod: HP is shown in percentages
|rule|Dynamax Clause: You cannot dynamax
|clearpoke
|poke|p1|Scolipede, F|
|poke|p1|Magnezone|
|poke|p1|Tapu Lele|
|poke|p1|Espeon, F|
|poke|p1|Mew|
|poke|p1|Hawlucha, F|
|poke|p2|Dragapult, F|
|poke|p2|Gengar, F|
|poke|p2|Clefable, F|
|poke|p2|Garchomp, M|
|poke|p2|Mandibuzz, F|
|poke|p2|Tapu Lele|
|teampreview
|inactive|Battle timer is ON: inactive players will automatically lose when time's up. (requested by Chikami)
|
|t:|1648601216
|start
|switch|p1a: Mew|Mew|100/100
|switch|p2a: Gengar|Gengar, F|100/100
|turn|1
|
|t:|1648601222
|move|p1a: Mew|Stealth Rock|p2a: Gengar
|-sidestart|p2: NairFlipKick|move: Stealth Rock
|move|p2a: Gengar|Shadow Ball|p1a: Mew
|-supereffective|p1a: Mew
|-damage|p1a: Mew|0 fnt
|faint|p1a: Mew
|
|upkeep
|
|t:|1648601235
|switch|p1a: Tapu Lele|Tapu Lele|100/100
|-fieldstart|move: Psychic Terrain|[from] ability: Psychic Surge|[of] p1a: Tapu Lele
|turn|2
|
|t:|1648601241
|move|p1a: Tapu Lele|Psyshock|p2a: Gengar
|-supereffective|p2a: Gengar
|-damage|p2a: Gengar|0 fnt
|faint|p2a: Gengar
|
|upkeep
|
|t:|1648601246
|switch|p2a: Mandibuzz|Mandibuzz, F|100/100
|turn|3
|
|t:|1648601250
|switch|p1a: Espeon|Espeon, F|100/100
|move|p2a: Mandibuzz|Defog|p1a: Espeon
|move|p1a: Espeon|Defog|p2a: Mandibuzz|[from]ability: Magic Bounce
|-unboost|p2a: Mandibuzz|evasion|1
|-sideend|p2: NairFlipKick|Stealth Rock|[from] move: Defog|[of] p1a: Espeon
|-fieldend|move: Psychic Terrain
|
|upkeep
|turn|4
|
|t:|1648601264
|move|p1a: Espeon|Reflect|p1a: Espeon
|-sidestart|p1: Chikami|Reflect
|move|p2a: Mandibuzz|U-turn|p1a: Espeon
|-supereffective|p1a: Espeon
|-damage|p1a: Espeon|84/100
|-enditem|p1a: Espeon|Eject Button
|
|t:|1648601272
|switch|p1a: Tapu Lele|Tapu Lele|100/100
|-fieldstart|move: Psychic Terrain|[from] ability: Psychic Surge|[of] p1a: Tapu Lele
|
|upkeep
|turn|5
|
|t:|1648601297
|move|p1a: Tapu Lele|Moonblast|p2a: Mandibuzz
|-supereffective|p2a: Mandibuzz
|-damage|p2a: Mandibuzz|25/100
|move|p2a: Mandibuzz|Defog|p1a: Tapu Lele
|-unboost|p1a: Tapu Lele|evasion|1
|-sideend|p1: Chikami|Reflect
|-fieldend|move: Psychic Terrain
|
|upkeep
|turn|6
|inactive|NairFlipKick has 120 seconds left.
|
|t:|1648601331
|move|p1a: Tapu Lele|Moonblast|p2a: Mandibuzz
|-supereffective|p2a: Mandibuzz
|-damage|p2a: Mandibuzz|0 fnt
|faint|p2a: Mandibuzz
|
|upkeep
|inactive|NairFlipKick has 90 seconds left.
|
|t:|1648601351
|switch|p2a: Tapu Lele|Tapu Lele|100/100
|-fieldstart|move: Psychic Terrain|[from] ability: Psychic Surge|[of] p2a: Tapu Lele
|turn|7
|
|t:|1648601367
|move|p2a: Tapu Lele|Moonblast|p1a: Tapu Lele
|-damage|p1a: Tapu Lele|46/100
|move|p1a: Tapu Lele|Moonblast|p2a: Tapu Lele
|-damage|p2a: Tapu Lele|50/100
|
|upkeep
|turn|8
|
|t:|1648601377
|switch|p1a: Magnezone|Magnezone|100/100
|move|p2a: Tapu Lele|Moonblast|p1a: Magnezone
|-resisted|p1a: Magnezone
|-damage|p1a: Magnezone|65/100
|
|upkeep
|turn|9
|
|t:|1648601382
|switch|p2a: Garchomp|Garchomp, M|100/100
|move|p1a: Magnezone|Flash Cannon|p2a: Garchomp
|-damage|p2a: Garchomp|22/100
|
|upkeep
|turn|10
|
|t:|1648601395
|switch|p1a: Espeon|Espeon, F|84/100
|move|p2a: Garchomp|Earthquake|p1a: Espeon
|-damage|p1a: Espeon|2/100
|
|upkeep
|turn|11
|
|t:|1648601412
|switch|p2a: Tapu Lele|Tapu Lele|50/100
|move|p1a: Espeon|Reflect|p1a: Espeon
|-sidestart|p1: Chikami|Reflect
|
|-fieldend|move: Psychic Terrain
|upkeep
|turn|12
|
|t:|1648601426
|move|p2a: Tapu Lele|Psychic|p1a: Espeon
|-resisted|p1a: Espeon
|-damage|p1a: Espeon|0 fnt
|faint|p1a: Espeon
|
|upkeep
|
|t:|1648601428
|switch|p1a: Magnezone|Magnezone|65/100
|turn|13
|
|t:|1648601434
|move|p2a: Tapu Lele|Psychic|p1a: Magnezone
|-resisted|p1a: Magnezone
|-damage|p1a: Magnezone|32/100
|move|p1a: Magnezone|Flash Cannon|p2a: Tapu Lele
|-supereffective|p2a: Tapu Lele
|-damage|p2a: Tapu Lele|0 fnt
|faint|p2a: Tapu Lele
|
|upkeep
|
|t:|1648601446
|switch|p2a: Garchomp|Garchomp, M|22/100
|turn|14
|
|t:|1648601457
|move|p2a: Garchomp|Earthquake|p1a: Magnezone
|-supereffective|p1a: Magnezone
|-damage|p1a: Magnezone|0 fnt
|faint|p1a: Magnezone
|
|upkeep
|
|t:|1648601464
|switch|p1a: Tapu Lele|Tapu Lele|46/100
|-fieldstart|move: Psychic Terrain|[from] ability: Psychic Surge|[of] p1a: Tapu Lele
|turn|15
|
|t:|1648601469
|move|p1a: Tapu Lele|Moonblast|p2a: Garchomp
|-supereffective|p2a: Garchomp
|-crit|p2a: Garchomp
|-damage|p2a: Garchomp|0 fnt
|faint|p2a: Garchomp
|
|-sideend|p1: Chikami|Reflect
|upkeep
|
|t:|1648601475
|switch|p2a: Clefable|Clefable, F|100/100
|turn|16
|
|t:|1648601478
|switch|p1a: Scolipede|Scolipede, F|100/100
|move|p2a: Clefable|Calm Mind|p2a: Clefable
|-boost|p2a: Clefable|spa|1
|-boost|p2a: Clefable|spd|1
|
|upkeep
|turn|17
|
|t:|1648601489
|move|p1a: Scolipede|Poison Jab|p2a: Clefable
|-supereffective|p2a: Clefable
|-damage|p2a: Clefable|37/100
|-damage|p1a: Scolipede|91/100|[from] item: Life Orb
|move|p2a: Clefable|Flamethrower|p1a: Scolipede
|-supereffective|p1a: Scolipede
|-damage|p1a: Scolipede|0 fnt
|faint|p1a: Scolipede
|
|-heal|p2a: Clefable|43/100|[from] item: Leftovers
|upkeep
|
|t:|1648601511
|switch|p1a: Hawlucha|Hawlucha, F|100/100
|-enditem|p1a: Hawlucha|Psychic Seed
|-boost|p1a: Hawlucha|spd|1|[from] item: Psychic Seed
|turn|18
|
|t:|1648601517
|move|p1a: Hawlucha|Acrobatics|p2a: Clefable
|-damage|p2a: Clefable|5/100
|move|p2a: Clefable|Moonblast|p1a: Hawlucha
|-supereffective|p1a: Hawlucha
|-damage|p1a: Hawlucha|0 fnt
|faint|p1a: Hawlucha
|
|-heal|p2a: Clefable|11/100|[from] item: Leftovers
|upkeep
|
|t:|1648601521
|switch|p1a: Tapu Lele|Tapu Lele|46/100
|turn|19
|c|☆NairFlipKick|gg
|
|t:|1648601533
|move|p1a: Tapu Lele|Moonblast|p2a: Clefable
|-damage|p2a: Clefable|0 fnt
|faint|p2a: Clefable
|
|-fieldend|move: Psychic Terrain
|upkeep
|
|t:|1648601535
|switch|p2a: Dragapult|Dragapult, F|100/100
|turn|20
|
|t:|1648601540
|move|p1a: Tapu Lele|Moonblast|p2a: Dragapult
|-supereffective|p2a: Dragapult
|-damage|p2a: Dragapult|0 fnt
|faint|p2a: Dragapult
|
|win|Chikami
|raw|Chikami's rating: 1526 &rarr; <strong>1543</strong><br />(+17 for winning)
|raw|NairFlipKick's rating: 1472 &rarr; <strong>1455</strong><br />(-17 for losing)
|l|☆Chikami
