|html|<div class="broadcast-blue"><strong>[Gen 8] OU is currently suspecting Melmetal! For information on how to participate check out the <a href="https://www.smogon.com/forums/threads/np-ss-ou-suspect-process-round-12-monster-mash.3709234/">suspect thread</a>.</strong></div>
|j|☆A3720
|j|☆minimax_ai
|t:|1666418760
|gametype|singles
|player|p1|A3720|102|1494
|player|p2|minimax_ai|lusamine-nihilego|1470
|teamsize|p1|6
|teamsize|p2|6
|gen|8
|tier|[Gen 8] OU
|rated|
|rule|Sleep Clause Mod: Limit one foe put to sleep
|rule|Species Clause: Limit one of each Pokémon
|rule|OHKO Clause: OHKO moves are banned
|rule|Evasion Items Clause: Evasion items are banned
|rule|Evasion Moves Clause: Evasion moves are banned
|rule|Endless Battle Clause: Forcing endless battles is banned
|rule|HP Percentage Mod: HP is shown in percentages
|rule|Dynamax Clause: You cannot dynamax
|clearpoke
|poke|p1|Zoroark, F|
|poke|p1|Regidrago|
|poke|p1|Nidoking, M|
|poke|p1|Regieleki|
|poke|p1|Dragonite, F|
|poke|p1|Melmetal|
|poke|p2|Rotom-Wash|
|poke|p2|Weavile, M|
|poke|p2|Landorus-Therian, M|
|poke|p2|Heatran, M|
|poke|p2|Tangrowth, F|
|poke|p2|Melmetal|
|teampreview
|c|☆minimax_ai|hf
|inactive|Battle timer is ON: inactive players will automatically lose when time's up. (requested by minimax_ai)
|inactive|A3720 has 120 seconds left.
|
|t:|1666418802
|start
|switch|p1a: Regieleki|Regieleki|100/100
|switch|p2a: Melmetal|Melmetal|100/100
|turn|1
|
|t:|1666418816
|move|p1a: Regieleki|Trick|p2a: Melmetal
|-activate|p1a: Regieleki|move: Trick|[of] p2a: Melmetal
|-item|p2a: Melmetal|Ring Target|[from] move: Trick
|-item|p1a: Regieleki|Assault Vest|[from] move: Trick
|move|p2a: Melmetal|Double Iron Bash|p1a: Regieleki
|-damage|p1a: Regieleki|12/100
|replace|p1a: Zoroark|Zoroark, F
|-end|p1a: Zoroark|Illusion
|-damage|p1a: Zoroark|0 fnt
|faint|p1a: Zoroark
|-hitcount|p1: Zoroark|2
|
|upkeep
|
|t:|1666418839
|switch|p1a: Melmetal|Melmetal|100/100
|turn|2
|
|t:|1666418842
|switch|p2a: rotomwash|Rotom-Wash|100/100
|move|p1a: Melmetal|Superpower|p2a: rotomwash
|-crit|p2a: rotomwash
|-damage|p2a: rotomwash|0 fnt
|-unboost|p1a: Melmetal|atk|1
|-unboost|p1a: Melmetal|def|1
|faint|p2a: rotomwash
|
|upkeep
|
|t:|1666418842
|switch|p2a: Melmetal|Melmetal|100/100
|turn|3
|
|t:|1666418856
|switch|p1a: Dragonite|Dragonite, F|100/100
|move|p2a: Melmetal|Double Iron Bash|p1a: Dragonite
|-damage|p1a: Dragonite|79/100
|-damage|p1a: Dragonite|33/100
|-hitcount|p1a: Dragonite|2
|
|upkeep
|turn|4
|
|t:|1666418860
|move|p1a: Dragonite|Earthquake|p2a: Melmetal
|-supereffective|p2a: Melmetal
|-damage|p2a: Melmetal|58/100
|move|p2a: Melmetal|Double Iron Bash|p1a: Dragonite
|-crit|p1a: Dragonite
|-damage|p1a: Dragonite|0 fnt
|faint|p1a: Dragonite
|-hitcount|p1: Dragonite|1
|
|upkeep
|
|t:|1666418875
|switch|p1a: Nidoking|Nidoking, M|100/100
|turn|5
|
|t:|1666418879
|switch|p2a: Heatran|Heatran, M|100/100
|-item|p2a: Heatran|Air Balloon
|move|p1a: Nidoking|Earth Power|p2a: Heatran
|-immune|p2a: Heatran
|
|upkeep
|turn|6
|
|t:|1666418882
|move|p2a: Heatran|Eruption|p1a: Nidoking
|-enditem|p1a: Nidoking|Focus Sash
|-damage|p1a: Nidoking|1/100
|move|p1a: Nidoking|Ice Beam|p2a: Heatran
|-resisted|p2a: Heatran
|-damage|p2a: Heatran|92/100
|-enditem|p2a: Heatran|Air Balloon
|
|upkeep
|turn|7
|
|t:|1666418908
|move|p2a: Heatran|Eruption|p1a: Nidoking
|-damage|p1a: Nidoking|0 fnt
|faint|p1a: Nidoking
|
|upkeep
|
|t:|1666418917
|switch|p1a: Regieleki|Regieleki|100/100
|turn|8
|
|t:|1666418923
|switch|p1a: Regidrago|Regidrago|100/100
|switch|p2a: landorustherian|Landorus-Therian, M|100/100
|-ability|p2a: landorustherian|Intimidate|boost
|-unboost|p1a: Regidrago|atk|1
|
|upkeep
|turn|9
|
|t:|1666418928
|switch|p2a: Melmetal|Melmetal|58/100
|move|p1a: Regidrago|Dragon Energy|p2a: Melmetal
|-resisted|p2a: Melmetal
|-damage|p2a: Melmetal|20/100
|
|upkeep
|turn|10
|
|t:|1666418930
|move|p1a: Regidrago|Dragon Energy|p2a: Melmetal
|-resisted|p2a: Melmetal
|-damage|p2a: Melmetal|0 fnt
|faint|p2a: Melmetal
|
|upkeep
|
|t:|1666418930
|switch|p2a: landorustherian|Landorus-Therian, M|100/100
|-ability|p2a: landorustherian|Intimidate|boost
|-unboost|p1a: Regidrago|atk|1
|turn|11
|
|t:|1666418936
|move|p1a: Regidrago|Dragon Energy|p2a: landorustherian
|-damage|p2a: landorustherian|24/100
|move|p2a: landorustherian|Earthquake|p1a: Regidrago
|-damage|p1a: Regidrago|48/100
|
|-heal|p2a: landorustherian|30/100|[from] item: Leftovers
|upkeep
|turn|12
|
|t:|1666418939
|switch|p2a: Heatran|Heatran, M|92/100
|move|p1a: Regidrago|Dragon Energy|p2a: Heatran
|-resisted|p2a: Heatran
|-damage|p2a: Heatran|70/100
|
|upkeep
|turn|13
|inactive|A3720 has 120 seconds left.
|
|t:|1666418971
|move|p1a: Regidrago|Dragon Energy|p2a: Heatran
|-resisted|p2a: Heatran
|-damage|p2a: Heatran|46/100
|move|p2a: Heatran|Magma Storm|p1a: Regidrago
|-resisted|p1a: Regidrago
|-damage|p1a: Regidrago|22/100
|-activate|p1a: Regidrago|move: Magma Storm|[of] p2a: Heatran
|
|-damage|p1a: Regidrago|9/100|[from] move: Magma Storm|[partiallytrapped]
|upkeep
|turn|14
|
|t:|1666418976
|move|p1a: Regidrago|Dragon Energy|p2a: Heatran
|-resisted|p2a: Heatran
|-damage|p2a: Heatran|42/100
|move|p2a: Heatran|Earth Power|p1a: Regidrago
|-damage|p1a: Regidrago|0 fnt
|faint|p1a: Regidrago
|
|upkeep
|
|t:|1666418984
|switch|p1a: Regieleki|Regieleki|100/100
|turn|15
|
|t:|1666418986
|switch|p2a: landorustherian|Landorus-Therian, M|30/100
|-ability|p2a: landorustherian|Intimidate|boost
|-unboost|p1a: Regieleki|atk|1
|move|p1a: Regieleki|Ancient Power|p2a: landorustherian
|-damage|p2a: landorustherian|17/100
|
|-heal|p2a: landorustherian|23/100|[from] item: Leftovers
|upkeep
|turn|16
|
|t:|1666419001
|move|p1a: Regieleki|Ancient Power|p2a: landorustherian
|-damage|p2a: landorustherian|10/100
|move|p2a: landorustherian|Earthquake|p1a: Regieleki
|-supereffective|p1a: Regieleki
|-damage|p1a: Regieleki|0 fnt
|faint|p1a: Regieleki
|
|-heal|p2a: landorustherian|17/100|[from] item: Leftovers
|upkeep
|
|t:|1666419004
|switch|p1a: Melmetal|Melmetal|100/100
|turn|17
|
|t:|1666419015
|move|p2a: landorustherian|U-turn|p1a: Melmetal
|-resisted|p1a: Melmetal
|-crit|p1a: Melmetal
|-damage|p1a: Melmetal|91/100
|
|t:|1666419015
|switch|p2a: Tangrowth|Tangrowth, F|100/100|[from]move: U-turn
|move|p1a: Melmetal|Rock Slide|p2a: Tangrowth
|-damage|p2a: Tangrowth|76/100
|
|upkeep
|turn|18
|
|t:|1666419018
|move|p1a: Melmetal|Rock Slide|p2a: Tangrowth
|-damage|p2a: Tangrowth|50/100
|cant|p2a: Tangrowth|flinch
|
|upkeep
|turn|19
|
|t:|1666419020
|move|p1a: Melmetal|Rock Slide|p2a: Tangrowth
|-damage|p2a: Tangrowth|26/100
|cant|p2a: Tangrowth|flinch
|
|upkeep
|turn|20
|
|t:|1666419023
|move|p1a: Melmetal|Rock Slide|p2a: Tangrowth
|-damage|p2a: Tangrowth|1/100
|cant|p2a: Tangrowth|flinch
|
|upkeep
|turn|21
|
|t:|1666419025
|move|p1a: Melmetal|Rock Slide|p2a: Tangrowth
|-damage|p2a: Tangrowth|0 fnt
|faint|p2a: Tangrowth
|
|upkeep
|
|t:|1666419025
|switch|p2a: Heatran|Heatran, M|42/100
|turn|22
|
|t:|1666419027
|move|p2a: Heatran|Magma Storm|p1a: Melmetal
|-supereffective|p1a: Melmetal
|-damage|p1a: Melmetal|0 fnt
|faint|p1a: Melmetal
|
|win|minimax_ai
|raw|A3720's rating: 1494 &rarr; <strong>1473</strong><br />(-21 for losing)
|raw|minimax_ai's rating: 1470 &rarr; <strong>1491</strong><br />(+21 for winning)
|c|☆minimax_ai|gg
