|html|<div class="broadcast-blue"><strong>[Gen 8] OU is currently suspecting Urshifu-S! For information on how to participate check out the <a href="https://www.smogon.com/forums/threads/np-ss-ou-suspect-process-round-8-aint-no-rest-for-the-wicked.3675310/">suspect thread</a>.</strong></div>
|j|☆yungmacedgod
|j|☆Draco09876
|t:|1609202017
|player|p1|yungmacedgod|valerie|1676
|player|p2|Draco09876|266|1643
|teamsize|p1|6
|teamsize|p2|6
|gametype|singles
|gen|8
|tier|[Gen 8] OU
|rated|
|clearpoke
|poke|p1|Tapu Fini|
|poke|p1|Urshifu-*, M|
|poke|p1|Heatran, F|
|poke|p1|Zapdos|
|poke|p1|Garchomp, M|
|poke|p1|Rillaboom, M|
|poke|p2|Melmetal|
|poke|p2|Porygon2|
|poke|p2|Conkeldurr, F|
|poke|p2|Crawdaunt, F|
|poke|p2|Slowbro, M|
|poke|p2|Magearna|
|rule|Sleep Clause Mod: Limit one foe put to sleep
|rule|Species Clause: Limit one of each Pokémon
|rule|OHKO Clause: OHKO moves are banned
|rule|Evasion Moves Clause: Evasion moves are banned
|rule|Endless Battle Clause: Forcing endless battles is banned
|rule|HP Percentage Mod: HP is shown in percentages
|rule|Dynamax Clause: You cannot dynamax
|teampreview
|inactive|Battle timer is ON: inactive players will automatically lose when time's up. (requested by yungmacedgod)
|c|☆yungmacedgod|glhf
|
|t:|1609202029
|start
|switch|p1a: Heatran|Heatran, F|100/100
|switch|p2a: Magearna|Magearna|100/100
|turn|1
|c|☆Draco09876|glhf
|
|t:|1609202037
|switch|p2a: Porygon2|Porygon2|100/100
|-ability|p2a: Porygon2|Flash Fire|[from] ability: Trace|[of] p1a: Heatran
|move|p1a: Heatran|Taunt|p2a: Porygon2
|-start|p2a: Porygon2|move: Taunt
|
|upkeep
|turn|2
|
|t:|1609202043
|switch|p2a: Crawdaunt|Crawdaunt, F|100/100
|move|p1a: Heatran|Magma Storm|p2a: Crawdaunt
|-resisted|p2a: Crawdaunt
|-damage|p2a: Crawdaunt|67/100
|-activate|p2a: Crawdaunt|move: Magma Storm|[of] p1a: Heatran
|
|-damage|p2a: Crawdaunt|54/100|[from] move: Magma Storm|[partiallytrapped]
|upkeep
|turn|3
|
|t:|1609202055
|move|p1a: Heatran|Protect|p1a: Heatran
|-singleturn|p1a: Heatran|Protect
|move|p2a: Crawdaunt|Knock Off|p1a: Heatran
|-activate|p1a: Heatran|move: Protect
|
|-damage|p2a: Crawdaunt|42/100|[from] move: Magma Storm|[partiallytrapped]
|upkeep
|turn|4
|
|t:|1609202061
|move|p1a: Heatran|Earth Power|p2a: Crawdaunt
|-damage|p2a: Crawdaunt|0 fnt
|faint|p2a: Crawdaunt
|
|upkeep
|
|t:|1609202066
|switch|p2a: Conkeldurr|Conkeldurr, F|100/100
|turn|5
|
|t:|1609202079
|switch|p1a: Tapu Fini|Tapu Fini|100/100
|-fieldstart|move: Misty Terrain|[from] ability: Misty Surge|[of] p1a: Tapu Fini
|move|p2a: Conkeldurr|Knock Off|p1a: Tapu Fini
|-resisted|p1a: Tapu Fini
|-damage|p1a: Tapu Fini|79/100
|-enditem|p1a: Tapu Fini|Choice Scarf|[from] move: Knock Off|[of] p2a: Conkeldurr
|
|upkeep
|turn|6
|
|t:|1609202093
|switch|p2a: Melmetal|Melmetal|100/100
|move|p1a: Tapu Fini|Trick|p2a: Melmetal
|-activate|p1a: Tapu Fini|move: Trick|[of] p2a: Melmetal
|-enditem|p2a: Melmetal|Choice Band|[silent]|[from] move: Trick
|-item|p1a: Tapu Fini|Choice Band|[from] move: Trick
|
|upkeep
|turn|7
|
|t:|1609202103
|switch|p1a: Garchomp|Garchomp, M|100/100
|move|p2a: Melmetal|Earthquake|p1a: Garchomp
|-damage|p1a: Garchomp|70/100
|
|upkeep
|turn|8
|
|t:|1609202111
|switch|p2a: Slowbro|Slowbro, M|100/100
|move|p1a: Garchomp|Stealth Rock|p2a: Slowbro
|-sidestart|p2: Draco09876|move: Stealth Rock
|
|upkeep
|turn|9
|
|t:|1609202114
|move|p1a: Garchomp|Toxic|p2a: Slowbro|[miss]
|-miss|p1a: Garchomp|p2a: Slowbro
|move|p2a: Slowbro|Trick Room|p2a: Slowbro
|-fieldstart|move: Trick Room|[of] p2a: Slowbro
|
|-fieldend|Misty Terrain
|upkeep
|turn|10
|
|t:|1609202119
|move|p1a: Garchomp|Earthquake|p2a: Slowbro
|-damage|p2a: Slowbro|74/100
|move|p2a: Slowbro|Teleport|p2a: Slowbro
|
|t:|1609202123
|switch|p2a: Conkeldurr|Conkeldurr, F|100/100|[from]move: Teleport
|-damage|p2a: Conkeldurr|94/100|[from] Stealth Rock
|
|-status|p2a: Conkeldurr|brn|[from] item: Flame Orb
|upkeep
|turn|11
|
|t:|1609202131
|move|p2a: Conkeldurr|Ice Punch|p1a: Garchomp
|-supereffective|p1a: Garchomp
|-damage|p1a: Garchomp|0 fnt
|-damage|p2a: Conkeldurr|82/100 brn|[from] ability: Rough Skin|[of] p1a: Garchomp
|-damage|p2a: Conkeldurr|65/100 brn|[from] item: Rocky Helmet|[of] p1a: Garchomp
|faint|p1a: Garchomp
|
|-damage|p2a: Conkeldurr|59/100 brn|[from] brn
|upkeep
|
|t:|1609202156
|switch|p1a: Rillaboom|Rillaboom, M|100/100
|-fieldstart|move: Grassy Terrain|[from] ability: Grassy Surge|[of] p1a: Rillaboom
|turn|12
|
|t:|1609202166
|switch|p2a: Melmetal|Melmetal|100/100
|-damage|p2a: Melmetal|94/100|[from] Stealth Rock
|move|p1a: Rillaboom|Grassy Glide|p2a: Melmetal
|-resisted|p2a: Melmetal
|-damage|p2a: Melmetal|74/100
|
|-heal|p2a: Melmetal|80/100|[from] Grassy Terrain
|upkeep
|turn|13
|
|t:|1609202176
|switch|p1a: Tapu Fini|Tapu Fini|79/100
|-fieldstart|move: Misty Terrain|[from] ability: Misty Surge|[of] p1a: Tapu Fini
|move|p2a: Melmetal|Superpower|p1a: Tapu Fini
|-resisted|p1a: Tapu Fini
|-damage|p1a: Tapu Fini|52/100
|-unboost|p2a: Melmetal|atk|1
|-unboost|p2a: Melmetal|def|1
|
|-fieldend|move: Trick Room
|upkeep
|turn|14
|
|t:|1609202185
|move|p1a: Tapu Fini|Trick|p2a: Melmetal
|-activate|p1a: Tapu Fini|move: Trick|[of] p2a: Melmetal
|-item|p2a: Melmetal|Choice Band|[from] move: Trick
|-enditem|p1a: Tapu Fini|Choice Band|[silent]|[from] move: Trick
|move|p2a: Melmetal|Double Iron Bash|p1a: Tapu Fini
|-damage|p1a: Tapu Fini|8/100
|-damage|p1a: Tapu Fini|0 fnt
|-hitcount|p1a: Tapu Fini|2
|faint|p1a: Tapu Fini
|
|upkeep
|
|t:|1609202190
|switch|p1a: Heatran|Heatran, F|100/100
|turn|15
|inactive|Draco09876 has 120 seconds left.
|
|t:|1609202234
|switch|p2a: Porygon2|Porygon2|100/100
|-damage|p2a: Porygon2|88/100|[from] Stealth Rock
|-ability|p2a: Porygon2|Flash Fire|[from] ability: Trace|[of] p1a: Heatran
|move|p1a: Heatran|Taunt|p2a: Porygon2
|-start|p2a: Porygon2|move: Taunt
|
|upkeep
|turn|16
|
|t:|1609202239
|switch|p2a: Slowbro|Slowbro, M|100/100
|move|p1a: Heatran|Earth Power|p2a: Slowbro
|-damage|p2a: Slowbro|72/100
|
|upkeep
|turn|17
|inactive|Draco09876 has 120 seconds left.
|
|t:|1609202252
|move|p1a: Heatran|Taunt|p2a: Slowbro
|-start|p2a: Slowbro|move: Taunt
|cant|p2a: Slowbro|move: Taunt|Trick Room
|
|-fieldend|Misty Terrain
|upkeep
|turn|18
|
|t:|1609202264
|switch|p2a: Porygon2|Porygon2|88/100
|-damage|p2a: Porygon2|76/100|[from] Stealth Rock
|-ability|p2a: Porygon2|Flash Fire|[from] ability: Trace|[of] p1a: Heatran
|move|p1a: Heatran|Earth Power|p2a: Porygon2
|-damage|p2a: Porygon2|63/100
|
|upkeep
|turn|19
|
|t:|1609202282
|move|p1a: Heatran|Taunt|p2a: Porygon2
|-start|p2a: Porygon2|move: Taunt
|cant|p2a: Porygon2|move: Taunt|Thunder Wave
|
|upkeep
|turn|20
|
|t:|1609202286
|switch|p2a: Slowbro|Slowbro, M|100/100
|move|p1a: Heatran|Earth Power|p2a: Slowbro
|-damage|p2a: Slowbro|71/100
|
|upkeep
|turn|21
|
|t:|1609202292
|switch|p2a: Conkeldurr|Conkeldurr, F|59/100 brn
|-damage|p2a: Conkeldurr|53/100 brn|[from] Stealth Rock
|move|p1a: Heatran|Magma Storm|p2a: Conkeldurr
|-damage|p2a: Conkeldurr|3/100 brn
|-activate|p2a: Conkeldurr|move: Magma Storm|[of] p1a: Heatran
|
|-damage|p2a: Conkeldurr|0 fnt|[from] brn
|faint|p2a: Conkeldurr
|upkeep
|
|t:|1609202301
|switch|p2a: Melmetal|Melmetal|80/100
|-damage|p2a: Melmetal|74/100|[from] Stealth Rock
|turn|22
|
|t:|1609202310
|move|p1a: Heatran|Magma Storm|p2a: Melmetal
|-supereffective|p2a: Melmetal
|-damage|p2a: Melmetal|0 fnt
|faint|p2a: Melmetal
|
|upkeep
|
|t:|1609202314
|switch|p2a: Magearna|Magearna|100/100
|-damage|p2a: Magearna|94/100|[from] Stealth Rock
|turn|23
|
|t:|1609202317
|move|p1a: Heatran|Taunt|p2a: Magearna
|-start|p2a: Magearna|move: Taunt
|cant|p2a: Magearna|move: Taunt|Trick Room
|
|-heal|p2a: Magearna|100/100|[from] item: Leftovers
|upkeep
|turn|24
|
|t:|1609202322
|move|p1a: Heatran|Earth Power|p2a: Magearna
|-supereffective|p2a: Magearna
|-damage|p2a: Magearna|59/100
|move|p2a: Magearna|Aura Sphere|p1a: Heatran
|-supereffective|p1a: Heatran
|-damage|p1a: Heatran|67/100
|
|-heal|p1a: Heatran|73/100|[from] item: Leftovers
|-heal|p2a: Magearna|65/100|[from] item: Leftovers
|upkeep
|turn|25
|
|t:|1609202334
|move|p1a: Heatran|Earth Power|p2a: Magearna
|-supereffective|p2a: Magearna
|-damage|p2a: Magearna|24/100
|move|p2a: Magearna|Aura Sphere|p1a: Heatran
|-supereffective|p1a: Heatran
|-damage|p1a: Heatran|41/100
|
|-heal|p1a: Heatran|48/100|[from] item: Leftovers
|-heal|p2a: Magearna|30/100|[from] item: Leftovers
|-end|p2a: Magearna|move: Taunt
|upkeep
|turn|26
|
|t:|1609202345
|switch|p2a: Porygon2|Porygon2|63/100
|-damage|p2a: Porygon2|51/100|[from] Stealth Rock
|-ability|p2a: Porygon2|Flash Fire|[from] ability: Trace|[of] p1a: Heatran
|move|p1a: Heatran|Earth Power|p2a: Porygon2
|-damage|p2a: Porygon2|39/100
|-unboost|p2a: Porygon2|spd|1
|
|-heal|p1a: Heatran|54/100|[from] item: Leftovers
|upkeep
|turn|27
|-message|Draco09876 forfeited.
|
|win|yungmacedgod
|l|☆Draco09876
|raw|yungmacedgod's rating: 1675 &rarr; <strong>1693</strong><br />(+18 for winning)
|raw|Draco09876's rating: 1644 &rarr; <strong>1626</strong><br />(-18 for losing)
