|j|☆Colonel Rivai
|j|☆TheonReekGreyjoy
|t:|1653737648
|gametype|singles
|player|p1|Colonel Rivai|265|1777
|player|p2|TheonReekGreyjoy|170|1976
|teamsize|p1|6
|teamsize|p2|6
|gen|8
|tier|[Gen 8] OU
|rated|
|rule|Sleep Clause Mod: Limit one foe put to sleep
|rule|Species Clause: Limit one of each Pokémon
|rule|OHKO Clause: OHKO moves are banned
|rule|Evasion Moves Clause: Evasion moves are banned
|rule|Endless Battle Clause: Forcing endless battles is banned
|rule|HP Percentage Mod: HP is shown in percentages
|rule|Dynamax Clause: You cannot dynamax
|clearpoke
|poke|p1|Hydreigon, M|
|poke|p1|Kartana|
|poke|p1|Blacephalon|
|poke|p1|Landorus-Therian, M|
|poke|p1|Melmetal|
|poke|p1|Toxapex, M|
|poke|p2|Arctozolt|
|poke|p2|Tornadus-Therian, M|
|poke|p2|Heatran, M|
|poke|p2|Landorus-Therian, M|
|poke|p2|Hatterene, F|
|poke|p2|Vanilluxe, F|
|teampreview
|
|t:|1653737653
|start
|switch|p1a: Hydreigon|Hydreigon, M|100/100
|switch|p2a: Tornadus|Tornadus-Therian, M|100/100
|turn|1
|inactive|Battle timer is ON: inactive players will automatically lose when time's up. (requested by Colonel Rivai)
|inactive|TheonReekGreyjoy also wants the timer to be on.
|
|t:|1653737658
|move|p2a: Tornadus|Knock Off|p1a: Hydreigon
|-resisted|p1a: Hydreigon
|-damage|p1a: Hydreigon|88/100
|-enditem|p1a: Hydreigon|Choice Band|[from] move: Knock Off|[of] p2a: Tornadus
|move|p1a: Hydreigon|Beat Up|p2a: Tornadus
|-damage|p2a: Tornadus|92/100
|-damage|p2a: Tornadus|80/100
|-damage|p2a: Tornadus|71/100
|-damage|p2a: Tornadus|61/100
|-crit|p2a: Tornadus
|-damage|p2a: Tornadus|45/100
|-damage|p2a: Tornadus|39/100
|-hitcount|p2a: Tornadus|6
|
|upkeep
|turn|2
|
|t:|1653737672
|move|p2a: Tornadus|U-turn|p1a: Hydreigon
|-supereffective|p1a: Hydreigon
|-damage|p1a: Hydreigon|52/100
|
|t:|1653737677
|switch|p2a: Landorus|Landorus-Therian, M|100/100|[from]move: U-turn
|-ability|p2a: Landorus|Intimidate|boost
|-unboost|p1a: Hydreigon|atk|1
|move|p1a: Hydreigon|Beat Up|p2a: Landorus
|-damage|p2a: Landorus|95/100
|-damage|p2a: Landorus|87/100
|-damage|p2a: Landorus|81/100
|-damage|p2a: Landorus|75/100
|-damage|p2a: Landorus|68/100
|-damage|p2a: Landorus|64/100
|-hitcount|p2a: Landorus|6
|
|-heal|p2a: Landorus|70/100|[from] item: Leftovers
|upkeep
|turn|3
|j| hdhzz
|
|t:|1653737690
|switch|p2a: Heatran|Heatran, M|100/100
|move|p1a: Hydreigon|U-turn|p2a: Heatran
|-resisted|p2a: Heatran
|-damage|p2a: Heatran|98/100
|
|t:|1653737692
|switch|p1a: Landorus|Landorus-Therian, M|100/100|[from]move: U-turn
|-ability|p1a: Landorus|Intimidate|boost
|-unboost|p2a: Heatran|atk|1
|
|-heal|p2a: Heatran|100/100|[from] item: Leftovers
|upkeep
|turn|4
|j| xasah❤bae
|
|t:|1653737698
|switch|p2a: Landorus|Landorus-Therian, M|70/100
|-ability|p2a: Landorus|Intimidate|boost
|-unboost|p1a: Landorus|atk|1
|move|p1a: Landorus|Stealth Rock|p2a: Landorus
|-sidestart|p2: TheonReekGreyjoy|move: Stealth Rock
|
|-heal|p2a: Landorus|76/100|[from] item: Leftovers
|upkeep
|turn|5
|
|t:|1653737705
|move|p1a: Landorus|U-turn|p2a: Landorus
|-resisted|p2a: Landorus
|-damage|p2a: Landorus|69/100
|j| user1_ou
|
|t:|1653737708
|switch|p1a: Kartana|Kartana|100/100|[from]move: U-turn
|move|p2a: Landorus|Defog|p1a: Kartana
|-unboost|p1a: Kartana|evasion|1
|-sideend|p2: TheonReekGreyjoy|Stealth Rock|[from] move: Defog|[of] p2a: Landorus
|
|-heal|p2a: Landorus|75/100|[from] item: Leftovers
|upkeep
|turn|6
|
|t:|1653737713
|switch|p2a: Heatran|Heatran, M|100/100
|move|p1a: Kartana|Knock Off|p2a: Heatran
|-damage|p2a: Heatran|54/100
|-enditem|p2a: Heatran|Leftovers|[from] move: Knock Off|[of] p1a: Kartana
|
|upkeep
|turn|7
|
|t:|1653737720
|switch|p1a: Hydreigon|Hydreigon, M|52/100
|move|p2a: Heatran|Lava Plume|p1a: Hydreigon
|-resisted|p1a: Hydreigon
|-damage|p1a: Hydreigon|34/100
|-status|p1a: Hydreigon|brn
|
|-damage|p1a: Hydreigon|28/100 brn|[from] brn
|upkeep
|turn|8
|
|t:|1653737727
|move|p1a: Hydreigon|U-turn|p2a: Heatran
|-resisted|p2a: Heatran
|-damage|p2a: Heatran|52/100
|j| Sauromon
|
|t:|1653737730
|switch|p1a: Landorus|Landorus-Therian, M|100/100|[from]move: U-turn
|-ability|p1a: Landorus|Intimidate|boost
|-unboost|p2a: Heatran|atk|1
|move|p2a: Heatran|Stealth Rock|p1a: Landorus
|-sidestart|p1: Colonel Rivai|move: Stealth Rock
|
|upkeep
|turn|9
|
|t:|1653737734
|switch|p2a: Hatterene|Hatterene, F|100/100
|move|p1a: Landorus|Stealth Rock|p2a: Hatterene
|move|p2a: Hatterene|Stealth Rock||[from]ability: Magic Bounce|[still]
|-fail|p2a: Hatterene
|
|upkeep
|turn|10
|
|t:|1653737740
|move|p1a: Landorus|Defog|p2a: Hatterene
|move|p2a: Hatterene|Defog|p1a: Landorus|[from]ability: Magic Bounce
|-unboost|p1a: Landorus|evasion|1
|-sideend|p1: Colonel Rivai|Stealth Rock|[from] move: Defog|[of] p2a: Hatterene
|move|p2a: Hatterene|Future Sight|p1a: Landorus
|-start|p2a: Hatterene|move: Future Sight
|
|upkeep
|turn|11
|j| Ctannn
|
|t:|1653737745
|move|p1a: Landorus|U-turn|p2a: Hatterene
|-damage|p2a: Hatterene|83/100
|
|t:|1653737749
|switch|p1a: Hydreigon|Hydreigon, M|28/100 brn|[from]move: U-turn
|move|p2a: Hatterene|Mystical Fire|p1a: Hydreigon
|-resisted|p1a: Hydreigon
|-damage|p1a: Hydreigon|14/100 brn
|-unboost|p1a: Hydreigon|spa|1
|
|-heal|p2a: Hatterene|89/100|[from] item: Leftovers
|-damage|p1a: Hydreigon|8/100 brn|[from] brn
|upkeep
|turn|12
|
|t:|1653737761
|move|p1a: Hydreigon|Iron Tail|p2a: Hatterene
|-supereffective|p2a: Hatterene
|-damage|p2a: Hatterene|62/100
|move|p2a: Hatterene|Draining Kiss|p1a: Hydreigon
|-supereffective|p1a: Hydreigon
|-damage|p1a: Hydreigon|0 fnt
|-heal|p2a: Hatterene|68/100|[from] drain|[of] p1a: Hydreigon
|faint|p1a: Hydreigon
|
|-hint|Future Sight did not hit because the target is fainted.
|-heal|p2a: Hatterene|74/100|[from] item: Leftovers
|upkeep
|
|t:|1653737764
|switch|p1a: Blacephalon|Blacephalon|100/100
|turn|13
|
|t:|1653737770
|switch|p2a: Tornadus|Tornadus-Therian, M|72/100
|move|p1a: Blacephalon|Shadow Ball|p2a: Tornadus
|-damage|p2a: Tornadus|40/100
|
|upkeep
|turn|14
|
|t:|1653737776
|switch|p1a: Toxapex|Toxapex, M|100/100
|move|p2a: Tornadus|Knock Off|p1a: Toxapex
|-damage|p1a: Toxapex|89/100
|-damage|p2a: Tornadus|24/100|[from] item: Rocky Helmet|[of] p1a: Toxapex
|-enditem|p1a: Toxapex|Rocky Helmet|[from] move: Knock Off|[of] p2a: Tornadus
|
|upkeep
|turn|15
|
|t:|1653737781
|switch|p2a: Heatran|Heatran, M|52/100
|move|p1a: Toxapex|Knock Off|p2a: Heatran
|-damage|p2a: Heatran|44/100
|
|upkeep
|turn|16
|
|t:|1653737787
|switch|p1a: Landorus|Landorus-Therian, M|100/100
|-ability|p1a: Landorus|Intimidate|boost
|-unboost|p2a: Heatran|atk|1
|move|p2a: Heatran|Stealth Rock|p1a: Landorus
|-sidestart|p1: Colonel Rivai|move: Stealth Rock
|
|upkeep
|turn|17
|
|t:|1653737791
|switch|p2a: Landorus|Landorus-Therian, M|75/100
|-ability|p2a: Landorus|Intimidate|boost
|-unboost|p1a: Landorus|atk|1
|move|p1a: Landorus|Defog|p2a: Landorus
|-unboost|p2a: Landorus|evasion|1
|-sideend|p1: Colonel Rivai|Stealth Rock|[from] move: Defog|[of] p1a: Landorus
|
|-heal|p2a: Landorus|81/100|[from] item: Leftovers
|upkeep
|turn|18
|
|t:|1653737794
|switch|p2a: Hatterene|Hatterene, F|74/100
|move|p1a: Landorus|U-turn|p2a: Hatterene
|-damage|p2a: Hatterene|62/100
|
|t:|1653737800
|switch|p1a: Blacephalon|Blacephalon|100/100|[from]move: U-turn
|
|-heal|p2a: Hatterene|67/100|[from] item: Leftovers
|upkeep
|turn|19
|
|t:|1653737813
|switch|p2a: Landorus|Landorus-Therian, M|81/100
|-ability|p2a: Landorus|Intimidate|boost
|-unboost|p1a: Blacephalon|atk|1
|move|p1a: Blacephalon|Shadow Ball|p2a: Landorus
|-damage|p2a: Landorus|49/100
|
|-heal|p2a: Landorus|55/100|[from] item: Leftovers
|upkeep
|turn|20
|
|t:|1653737825
|switch|p1a: Landorus|Landorus-Therian, M|100/100
|-ability|p1a: Landorus|Intimidate|boost
|-unboost|p2a: Landorus|atk|1
|move|p2a: Landorus|Earthquake|p1a: Landorus
|-immune|p1a: Landorus
|
|-heal|p2a: Landorus|61/100|[from] item: Leftovers
|upkeep
|turn|21
|
|t:|1653737828
|move|p1a: Landorus|U-turn|p2a: Landorus
|-resisted|p2a: Landorus
|-damage|p2a: Landorus|50/100
|
|t:|1653737831
|switch|p1a: Toxapex|Toxapex, M|100/100|[from]move: U-turn
|move|p2a: Landorus|Toxic|p1a: Toxapex
|-immune|p1a: Toxapex
|
|-heal|p2a: Landorus|56/100|[from] item: Leftovers
|upkeep
|turn|22
|
|t:|1653737839
|switch|p2a: Vanilluxe|Vanilluxe, F|100/100
|-weather|Hail|[from] ability: Snow Warning|[of] p2a: Vanilluxe
|switch|p1a: Landorus|Landorus-Therian, M|100/100
|-ability|p1a: Landorus|Intimidate|boost
|-unboost|p2a: Vanilluxe|atk|1
|
|-weather|Hail|[upkeep]
|-damage|p1a: Landorus|94/100|[from] Hail
|-heal|p1a: Landorus|100/100|[from] item: Leftovers
|upkeep
|turn|23
|
|t:|1653737845
|switch|p1a: Melmetal|Melmetal|100/100
|move|p2a: Vanilluxe|Blizzard|p1a: Melmetal
|-resisted|p1a: Melmetal
|-damage|p1a: Melmetal|83/100
|
|-weather|Hail|[upkeep]
|-damage|p1a: Melmetal|77/100|[from] Hail
|upkeep
|turn|24
|
|t:|1653737850
|switch|p2a: Heatran|Heatran, M|44/100
|move|p1a: Melmetal|Double Iron Bash|p2a: Heatran
|-resisted|p2a: Heatran
|-damage|p2a: Heatran|36/100
|-resisted|p2a: Heatran
|-damage|p2a: Heatran|27/100
|-hitcount|p2a: Heatran|2
|
|-weather|Hail|[upkeep]
|-damage|p2a: Heatran|21/100|[from] Hail
|-damage|p1a: Melmetal|71/100|[from] Hail
|upkeep
|turn|25
|
|t:|1653737860
|move|p2a: Heatran|Stealth Rock|p1a: Melmetal
|-sidestart|p1: Colonel Rivai|move: Stealth Rock
|move|p1a: Melmetal|Thunder Punch|p2a: Heatran
|-damage|p2a: Heatran|0 fnt
|faint|p2a: Heatran
|
|-weather|Hail|[upkeep]
|-damage|p1a: Melmetal|64/100|[from] Hail
|upkeep
|
|t:|1653737870
|switch|p2a: Landorus|Landorus-Therian, M|56/100
|-ability|p2a: Landorus|Intimidate|boost
|-unboost|p1a: Melmetal|atk|1
|turn|26
|
|t:|1653737871
|move|p2a: Landorus|U-turn|p1a: Melmetal
|-resisted|p1a: Melmetal
|-damage|p1a: Melmetal|58/100
|
|t:|1653737877
|switch|p2a: Arctozolt|Arctozolt|100/100|[from]move: U-turn
|move|p1a: Melmetal|Ice Punch|p2a: Arctozolt
|-resisted|p2a: Arctozolt
|-damage|p2a: Arctozolt|87/100
|
|-weather|none
|upkeep
|turn|27
|
|t:|1653737893
|switch|p1a: Landorus|Landorus-Therian, M|100/100
|-damage|p1a: Landorus|88/100|[from] Stealth Rock
|-ability|p1a: Landorus|Intimidate|boost
|-unboost|p2a: Arctozolt|atk|1
|move|p2a: Arctozolt|Bolt Beak|p1a: Landorus
|-immune|p1a: Landorus
|
|-heal|p1a: Landorus|94/100|[from] item: Leftovers
|upkeep
|turn|28
|
|t:|1653737898
|move|p2a: Arctozolt|Blizzard|p1a: Landorus
|-supereffective|p1a: Landorus
|-damage|p1a: Landorus|0 fnt
|faint|p1a: Landorus
|
|upkeep
|
|t:|1653737901
|switch|p1a: Blacephalon|Blacephalon|100/100
|-damage|p1a: Blacephalon|76/100|[from] Stealth Rock
|turn|29
|l| Ctannn
|
|t:|1653737926
|switch|p2a: Hatterene|Hatterene, F|67/100
|move|p1a: Blacephalon|Flamethrower|p2a: Hatterene
|-damage|p2a: Hatterene|12/100
|
|-heal|p2a: Hatterene|18/100|[from] item: Leftovers
|upkeep
|turn|30
|
|t:|1653737933
|move|p1a: Blacephalon|Flamethrower|p2a: Hatterene
|-damage|p2a: Hatterene|0 fnt
|faint|p2a: Hatterene
|-ability|p1a: Blacephalon|Beast Boost|boost
|-boost|p1a: Blacephalon|spa|1
|
|upkeep
|
|t:|1653737935
|switch|p2a: Tornadus|Tornadus-Therian, M|57/100
|turn|31
|
|t:|1653737938
|move|p1a: Blacephalon|Flamethrower|p2a: Tornadus
|-damage|p2a: Tornadus|3/100
|move|p2a: Tornadus|Knock Off|p1a: Blacephalon
|-supereffective|p1a: Blacephalon
|-damage|p1a: Blacephalon|0 fnt
|-enditem|p1a: Blacephalon|Choice Scarf|[from] move: Knock Off|[of] p2a: Tornadus
|faint|p1a: Blacephalon
|
|upkeep
|c|☆Colonel Rivai|gg
|l|☆Colonel Rivai
|inactive|Colonel Rivai disconnected and has a minute to reconnect!
|player|p1|
|c|☆TheonReekGreyjoy|Gg
|inactive|Colonel Rivai has 30 seconds to reconnect!
|l| Sauromon
|inactive|Colonel Rivai has 20 seconds to reconnect!
|inactive|Colonel Rivai has 15 seconds to reconnect!
|inactive|Colonel Rivai has 10 seconds to reconnect!
|inactive|Colonel Rivai has 5 seconds to reconnect!
|-message|Colonel Rivai lost due to inactivity.
|
|win|TheonReekGreyjoy
|raw|Colonel Rivai's rating: 1777 &rarr; <strong>1767</strong><br />(-10 for losing)
|raw|TheonReekGreyjoy's rating: 1976 &rarr; <strong>1986</strong><br />(+10 for winning)
