|j|☆caranges
|j|☆i know im horrible
|t:|1634107779
|gametype|singles
|player|p1|caranges|lucas|1544
|player|p2|i know im horrible|102|1565
|teamsize|p1|6
|teamsize|p2|6
|gen|8
|tier|[Gen 8] OU
|rated|
|rule|Sleep Clause Mod: Limit one foe put to sleep
|rule|Species Clause: Limit one of each Pokémon
|rule|OHKO Clause: OHKO moves are banned
|rule|Evasion Moves Clause: Evasion moves are banned
|rule|Endless Battle Clause: Forcing endless battles is banned
|rule|HP Percentage Mod: HP is shown in percentages
|rule|Dynamax Clause: You cannot dynamax
|clearpoke
|poke|p1|Rillaboom, M|
|poke|p1|Dragapult, M|
|poke|p1|Heatran, F|
|poke|p1|Landorus-Therian, M|
|poke|p1|Corviknight, F|
|poke|p1|Dragonite, M|
|poke|p2|Melmetal|
|poke|p2|Corviknight, F|
|poke|p2|Toxapex, M|
|poke|p2|Landorus-Therian, M|
|poke|p2|Blissey, F|
|poke|p2|Clefable, F|
|teampreview
|j| BobbyBeenFree
|
|t:|1634107786
|start
|switch|p1a: Landorus|Landorus-Therian, M|100/100
|switch|p2a: Toxapex|Toxapex, M|100/100
|-ability|p1a: Landorus|Intimidate|boost
|-unboost|p2a: Toxapex|atk|1
|turn|1
|
|t:|1634107797
|move|p1a: Landorus|Stealth Rock|p2a: Toxapex
|-sidestart|p2: i know im horrible|move: Stealth Rock
|move|p2a: Toxapex|Toxic|p1a: Landorus
|-status|p1a: Landorus|tox
|
|-damage|p1a: Landorus|94/100 tox|[from] psn
|upkeep
|turn|2
|
|t:|1634107806
|move|p2a: Toxapex|Baneful Bunker|p2a: Toxapex
|-singleturn|p2a: Toxapex|move: Protect
|move|p1a: Landorus|Toxic|p2a: Toxapex
|-activate|p2a: Toxapex|move: Protect
|
|-damage|p1a: Landorus|82/100 tox|[from] psn
|upkeep
|turn|3
|
|t:|1634107816
|move|p1a: Landorus|Earthquake|p2a: Toxapex
|-supereffective|p2a: Toxapex
|-damage|p2a: Toxapex|40/100
|move|p2a: Toxapex|Toxic Spikes|p1a: Landorus
|-sidestart|p1: caranges|move: Toxic Spikes
|
|-damage|p1a: Landorus|64/100 tox|[from] psn
|upkeep
|turn|4
|
|t:|1634107826
|move|p2a: Toxapex|Baneful Bunker|p2a: Toxapex
|-singleturn|p2a: Toxapex|move: Protect
|move|p1a: Landorus|U-turn|p2a: Toxapex
|-activate|p2a: Toxapex|move: Protect
|
|-damage|p1a: Landorus|40/100 tox|[from] psn
|upkeep
|turn|5
|
|t:|1634107831
|switch|p2a: Corviknight|Corviknight, F|100/100
|-damage|p2a: Corviknight|88/100|[from] Stealth Rock
|-ability|p2a: Corviknight|Pressure
|move|p1a: Landorus|Earthquake|p2a: Corviknight
|-immune|p2a: Corviknight
|
|-heal|p2a: Corviknight|94/100|[from] item: Leftovers
|-damage|p1a: Landorus|10/100 tox|[from] psn
|upkeep
|turn|6
|
|t:|1634107841
|move|p1a: Landorus|U-turn|p2a: Corviknight
|-resisted|p2a: Corviknight
|-damage|p2a: Corviknight|90/100
|
|t:|1634107846
|switch|p1a: Corviknight|Corviknight, F|100/100|[from]move: U-turn
|move|p2a: Corviknight|Body Press|p1a: Corviknight
|-damage|p1a: Corviknight|88/100
|
|-heal|p2a: Corviknight|96/100|[from] item: Leftovers
|-heal|p1a: Corviknight|94/100|[from] item: Leftovers
|upkeep
|turn|7
|
|t:|1634107859
|move|p2a: Corviknight|Bulk Up|p2a: Corviknight
|-boost|p2a: Corviknight|atk|1
|-boost|p2a: Corviknight|def|1
|move|p1a: Corviknight|U-turn|p2a: Corviknight
|-resisted|p2a: Corviknight
|-damage|p2a: Corviknight|94/100
|
|t:|1634107866
|switch|p1a: Heatran|Heatran, F|100/100|[from]move: U-turn
|
|-heal|p2a: Corviknight|99/100|[from] item: Leftovers
|upkeep
|turn|8
|
|t:|1634107874
|move|p1a: Heatran|Magma Storm|p2a: Corviknight
|-supereffective|p2a: Corviknight
|-damage|p2a: Corviknight|21/100
|-activate|p2a: Corviknight|move: Magma Storm|[of] p1a: Heatran
|move|p2a: Corviknight|Body Press|p1a: Heatran
|-supereffective|p1a: Heatran
|-damage|p1a: Heatran|56/100
|
|-heal|p1a: Heatran|62/100|[from] item: Leftovers
|-heal|p2a: Corviknight|27/100|[from] item: Leftovers
|-damage|p2a: Corviknight|15/100|[from] move: Magma Storm|[partiallytrapped]
|upkeep
|turn|9
|
|t:|1634107888
|move|p1a: Heatran|Magma Storm|p2a: Corviknight
|-supereffective|p2a: Corviknight
|-damage|p2a: Corviknight|0 fnt
|faint|p2a: Corviknight
|
|-heal|p1a: Heatran|68/100|[from] item: Leftovers
|upkeep
|
|t:|1634107893
|switch|p2a: Landorus|Landorus-Therian, M|100/100
|-damage|p2a: Landorus|88/100|[from] Stealth Rock
|-ability|p2a: Landorus|Intimidate|boost
|-unboost|p1a: Heatran|atk|1
|turn|10
|
|t:|1634107906
|switch|p1a: Dragonite|Dragonite, M|100/100
|move|p2a: Landorus|Stealth Rock|p1a: Dragonite
|-sidestart|p1: caranges|move: Stealth Rock
|
|-heal|p2a: Landorus|94/100|[from] item: Leftovers
|upkeep
|turn|11
|
|t:|1634107914
|move|p2a: Landorus|Toxic|p1a: Dragonite
|-status|p1a: Dragonite|tox
|move|p1a: Dragonite|Dragon Dance|p1a: Dragonite
|-boost|p1a: Dragonite|atk|1
|-boost|p1a: Dragonite|spe|1
|
|-heal|p2a: Landorus|99/100|[from] item: Leftovers
|-damage|p1a: Dragonite|94/100 tox|[from] psn
|upkeep
|turn|12
|
|t:|1634107924
|move|p2a: Landorus|Protect|p2a: Landorus
|-singleturn|p2a: Landorus|Protect
|move|p1a: Dragonite|Dragon Dance|p1a: Dragonite
|-boost|p1a: Dragonite|atk|1
|-boost|p1a: Dragonite|spe|1
|
|-heal|p2a: Landorus|100/100|[from] item: Leftovers
|-damage|p1a: Dragonite|82/100 tox|[from] psn
|upkeep
|turn|13
|
|t:|1634107937
|switch|p2a: Toxapex|Toxapex, M|74/100
|-damage|p2a: Toxapex|62/100|[from] Stealth Rock
|move|p1a: Dragonite|Dual Wingbeat|p2a: Toxapex
|-damage|p2a: Toxapex|33/100
|-damage|p1a: Dragonite|65/100 tox|[from] item: Rocky Helmet|[of] p2a: Toxapex
|-damage|p2a: Toxapex|2/100
|-damage|p1a: Dragonite|49/100 tox|[from] item: Rocky Helmet|[of] p2a: Toxapex
|-hitcount|p2a: Toxapex|2
|
|-damage|p1a: Dragonite|30/100 tox|[from] psn
|upkeep
|turn|14
|
|t:|1634107951
|move|p1a: Dragonite|Roost|p1a: Dragonite
|-heal|p1a: Dragonite|80/100 tox
|-singleturn|p1a: Dragonite|move: Roost
|move|p2a: Toxapex|Recover|p2a: Toxapex
|-heal|p2a: Toxapex|52/100
|
|-damage|p1a: Dragonite|55/100 tox|[from] psn
|upkeep
|turn|15
|
|t:|1634107961
|move|p2a: Toxapex|Baneful Bunker|p2a: Toxapex
|-singleturn|p2a: Toxapex|move: Protect
|move|p1a: Dragonite|Earthquake|p2a: Toxapex
|-activate|p2a: Toxapex|move: Protect
|
|-damage|p1a: Dragonite|24/100 tox|[from] psn
|upkeep
|turn|16
|
|t:|1634107965
|switch|p2a: Landorus|Landorus-Therian, M|100/100
|-damage|p2a: Landorus|88/100|[from] Stealth Rock
|-ability|p2a: Landorus|Intimidate|boost
|-unboost|p1a: Dragonite|atk|1
|move|p1a: Dragonite|Earthquake|p2a: Landorus
|-immune|p2a: Landorus
|
|-heal|p2a: Landorus|94/100|[from] item: Leftovers
|-damage|p1a: Dragonite|0 fnt|[from] psn
|faint|p1a: Dragonite
|upkeep
|
|t:|1634107971
|switch|p1a: Dragapult|Dragapult, M|100/100
|-status|p1a: Dragapult|psn
|-damage|p1a: Dragapult|88/100 psn|[from] Stealth Rock
|turn|17
|
|t:|1634107980
|move|p2a: Landorus|Protect|p2a: Landorus
|-singleturn|p2a: Landorus|Protect
|move|p1a: Dragapult|Hydro Pump|p2a: Landorus
|-activate|p2a: Landorus|move: Protect
|
|-heal|p2a: Landorus|99/100|[from] item: Leftovers
|-damage|p1a: Dragapult|76/100 psn|[from] psn
|upkeep
|turn|18
|
|t:|1634107989
|switch|p1a: Heatran|Heatran, F|68/100
|-damage|p1a: Heatran|56/100|[from] Stealth Rock
|switch|p2a: Blissey|Blissey, F|100/100
|
|-heal|p1a: Heatran|62/100|[from] item: Leftovers
|upkeep
|turn|19
|
|t:|1634108001
|switch|p2a: Melmetal|Melmetal|100/100
|-damage|p2a: Melmetal|94/100|[from] Stealth Rock
|move|p1a: Heatran|Magma Storm|p2a: Melmetal
|-supereffective|p2a: Melmetal
|-damage|p2a: Melmetal|17/100
|-activate|p2a: Melmetal|move: Magma Storm|[of] p1a: Heatran
|
|-heal|p1a: Heatran|68/100|[from] item: Leftovers
|-damage|p2a: Melmetal|5/100|[from] move: Magma Storm|[partiallytrapped]
|upkeep
|turn|20
|
|t:|1634108014
|move|p1a: Heatran|Earth Power|p2a: Melmetal
|-supereffective|p2a: Melmetal
|-damage|p2a: Melmetal|0 fnt
|faint|p2a: Melmetal
|
|-heal|p1a: Heatran|75/100|[from] item: Leftovers
|upkeep
|
|t:|1634108017
|switch|p2a: Landorus|Landorus-Therian, M|99/100
|-damage|p2a: Landorus|88/100|[from] Stealth Rock
|-ability|p2a: Landorus|Intimidate|boost
|-unboost|p1a: Heatran|atk|1
|turn|21
|
|t:|1634108032
|switch|p2a: Clefable|Clefable, F|100/100
|switch|p1a: Landorus|Landorus-Therian, M|10/100 tox
|-damage|p1a: Landorus|0 fnt|[from] Stealth Rock
|faint|p1a: Landorus
|
|upkeep
|
|t:|1634108047
|switch|p1a: Heatran|Heatran, F|75/100
|-damage|p1a: Heatran|62/100|[from] Stealth Rock
|turn|22
|
|t:|1634108055
|move|p1a: Heatran|Magma Storm|p2a: Clefable
|-damage|p2a: Clefable|48/100
|-activate|p2a: Clefable|move: Magma Storm|[of] p1a: Heatran
|move|p2a: Clefable|Calm Mind|p2a: Clefable
|-boost|p2a: Clefable|spa|1
|-boost|p2a: Clefable|spd|1
|
|-heal|p1a: Heatran|68/100|[from] item: Leftovers
|-heal|p2a: Clefable|55/100|[from] item: Leftovers
|upkeep
|turn|23
|
|t:|1634108072
|move|p1a: Heatran|Taunt|p2a: Clefable
|-start|p2a: Clefable|move: Taunt
|cant|p2a: Clefable|move: Taunt|Soft-Boiled
|
|-heal|p1a: Heatran|75/100|[from] item: Leftovers
|-heal|p2a: Clefable|61/100|[from] item: Leftovers
|upkeep
|turn|24
|-message|i know im horrible forfeited.
|
|win|caranges
|raw|caranges's rating: 1544 &rarr; <strong>1565</strong><br />(+21 for winning)
|raw|i know im horrible's rating: 1565 &rarr; <strong>1544</strong><br />(-21 for losing)
|l|☆i know im horrible
|l| BobbyBeenFree
