|raw|<div class="broadcast-blue"><strong>This battle is required to be public due to a player having a name starting with 'LT73IU'.</div>
|j|☆relic stone
|j|☆LT73IU TDNT
|t:|1598666557
|player|p1|relic stone|lusamine-nihilego|1906
|player|p2|LT73IU TDNT|hilbert|1924
|teamsize|p1|6
|teamsize|p2|6
|gametype|singles
|gen|8
|tier|[Gen 8] OU
|rated|
|clearpoke
|poke|p1|Primarina, M|
|poke|p1|Excadrill, M|
|poke|p1|Tangrowth, M|
|poke|p1|Urshifu-*, M|
|poke|p1|Volcarona, M|
|poke|p1|Alakazam, M|
|poke|p2|Coalossal, M|
|poke|p2|Rillaboom, M|
|poke|p2|Primarina, M|
|poke|p2|Volcarona, F|
|poke|p2|Jirachi|
|poke|p2|Urshifu-*, M|
|rule|Sleep Clause Mod: Limit one foe put to sleep
|rule|Species Clause: Limit one of each Pokémon
|rule|OHKO Clause: OHKO moves are banned
|rule|Evasion Moves Clause: Evasion moves are banned
|rule|Endless Battle Clause: Forcing endless battles is banned
|rule|HP Percentage Mod: HP is shown in percentages
|rule|Dynamax Clause: You cannot dynamax
|teampreview
|c|☆LT73IU TDNT|hf
|j| Edgar Allan Poem
|j| LT73IU Dallyranks
|j| ChiefGreenLeaf3
|j| BagelJohn
|j| spikematoi
|c| spikematoi|TDNT!!!!
|inactive|Battle timer is ON: inactive players will automatically lose when time's up. (requested by relic stone)
|
|t:|1598666649
|start
|switch|p1a: Impaler|Excadrill, M, shiny|100/100
|switch|p2a: Jirachi|Jirachi|100/100
|-ability|p1a: Impaler|Mold Breaker
|turn|1
|
|t:|1598666655
|move|p2a: Jirachi|Iron Head|p1a: Impaler
|-resisted|p1a: Impaler
|-damage|p1a: Impaler|84/100
|move|p1a: Impaler|Stealth Rock|p2a: Jirachi
|-sidestart|p2: LT73IU TDNT|move: Stealth Rock
|
|-heal|p1a: Impaler|90/100|[from] item: Leftovers
|upkeep
|turn|2
|
|t:|1598666659
|switch|p2a: Rillaboom|Rillaboom, M|100/100
|-damage|p2a: Rillaboom|88/100|[from] Stealth Rock
|-fieldstart|move: Grassy Terrain|[from] ability: Grassy Surge|[of] p2a: Rillaboom
|move|p1a: Impaler|Earthquake|p2a: Rillaboom
|-resisted|p2a: Rillaboom
|-damage|p2a: Rillaboom|76/100
|
|-heal|p2a: Rillaboom|83/100|[from] Grassy Terrain
|-heal|p1a: Impaler|96/100|[from] item: Leftovers
|-heal|p1a: Impaler|100/100|[from] Grassy Terrain
|upkeep
|turn|3
|
|t:|1598666664
|switch|p1a: Ramen|Tangrowth, M|100/100
|move|p2a: Rillaboom|High Horsepower|p1a: Ramen
|-resisted|p1a: Ramen
|-damage|p1a: Ramen|89/100
|-damage|p2a: Rillaboom|66/100|[from] item: Rocky Helmet|[of] p1a: Ramen
|-damage|p2a: Rillaboom|56/100|[from] item: Life Orb
|
|-heal|p2a: Rillaboom|62/100|[from] Grassy Terrain
|-heal|p1a: Ramen|95/100|[from] Grassy Terrain
|upkeep
|turn|4
|
|t:|1598666668
|switch|p2a: Coalossal|Coalossal, M|100/100
|move|p1a: Ramen|Sleep Powder|p2a: Coalossal
|-status|p2a: Coalossal|slp|[from] move: Sleep Powder
|
|-heal|p1a: Ramen|100/100|[from] Grassy Terrain
|upkeep
|turn|5
|
|t:|1598666671
|switch|p1a: Silhouette|Urshifu, M|100/100
|cant|p2a: Coalossal|slp
|
|upkeep
|turn|6
|
|t:|1598666676
|switch|p2a: Primarina|Primarina, M|100/100
|-damage|p2a: Primarina|88/100|[from] Stealth Rock
|move|p1a: Silhouette|Bulk Up|p1a: Silhouette
|-boost|p1a: Silhouette|atk|1
|-boost|p1a: Silhouette|def|1
|
|-heal|p2a: Primarina|94/100|[from] item: Leftovers
|-heal|p2a: Primarina|99/100|[from] Grassy Terrain
|-fieldend|move: Grassy Terrain
|upkeep
|turn|7
|
|t:|1598666678
|move|p1a: Silhouette|Poison Jab|p2a: Primarina
|-supereffective|p2a: Primarina
|-damage|p2a: Primarina|0 fnt
|-damage|p1a: Silhouette|91/100|[from] item: Life Orb
|faint|p2a: Primarina
|
|upkeep
|c| ChiefGreenLeaf3|?
|c| ChiefGreenLeaf3|arent primas def invest rn
|c|☆relic stone|it still kills max defense
|c|☆relic stone|im ada
|inactive|LT73IU TDNT has 120 seconds left.
|c|☆LT73IU TDNT|oh, that's why
|
|t:|1598666735
|switch|p2a: Urshifu|Urshifu, M|100/100
|-damage|p2a: Urshifu|94/100|[from] Stealth Rock
|turn|8
|
|t:|1598666739
|move|p2a: Urshifu|Close Combat|p1a: Silhouette
|-supereffective|p1a: Silhouette
|-damage|p1a: Silhouette|5/100
|-unboost|p2a: Urshifu|def|1
|-unboost|p2a: Urshifu|spd|1
|move|p1a: Silhouette|Close Combat|p2a: Urshifu
|-supereffective|p2a: Urshifu
|-damage|p2a: Urshifu|0 fnt
|-unboost|p1a: Silhouette|def|1
|-unboost|p1a: Silhouette|spd|1
|-damage|p1a: Silhouette|0 fnt|[from] item: Life Orb
|faint|p2a: Urshifu
|faint|p1a: Silhouette
|
|upkeep
|
|t:|1598666751
|switch|p2a: Jirachi|Jirachi|100/100
|switch|p1a: Amaterasu|Volcarona, M|100/100
|-damage|p2a: Jirachi|94/100|[from] Stealth Rock
|turn|9
|
|t:|1598666753
|move|p2a: Jirachi|Meteor Beam||[still]
|-prepare|p2a: Jirachi|Meteor Beam
|-boost|p2a: Jirachi|spa|1
|-enditem|p2a: Jirachi|Power Herb
|-anim|p2a: Jirachi|Meteor Beam|p1a: Amaterasu|[miss]
|-miss|p2a: Jirachi|p1a: Amaterasu
|move|p1a: Amaterasu|Flamethrower|p2a: Jirachi
|-supereffective|p2a: Jirachi
|-damage|p2a: Jirachi|0 fnt
|faint|p2a: Jirachi
|
|upkeep
|c|☆LT73IU TDNT|hm, rip
|c|☆relic stone|rip
|j| leo568
|
|t:|1598666762
|switch|p2a: Volcarona|Volcarona, F|100/100
|turn|10
|
|t:|1598666769
|switch|p1a: Celestine|Primarina, M|100/100
|move|p2a: Volcarona|Quiver Dance|p2a: Volcarona
|-boost|p2a: Volcarona|spa|1
|-boost|p2a: Volcarona|spd|1
|-boost|p2a: Volcarona|spe|1
|
|upkeep
|turn|11
|
|t:|1598666772
|move|p2a: Volcarona|Giga Drain|p1a: Celestine
|-supereffective|p1a: Celestine
|-damage|p1a: Celestine|35/100
|move|p1a: Celestine|Calm Mind|p1a: Celestine
|-boost|p1a: Celestine|spa|1
|-boost|p1a: Celestine|spd|1
|
|-heal|p1a: Celestine|41/100|[from] item: Leftovers
|upkeep
|turn|12
|
|t:|1598666775
|move|p2a: Volcarona|Giga Drain|p1a: Celestine
|-supereffective|p1a: Celestine
|-damage|p1a: Celestine|0 fnt
|faint|p1a: Celestine
|
|upkeep
|
|t:|1598666780
|switch|p1a: Amaterasu|Volcarona, M|100/100
|turn|13
|
|t:|1598666781
|move|p2a: Volcarona|Fire Blast|p1a: Amaterasu
|-damage|p1a: Amaterasu|6/100
|move|p1a: Amaterasu|Quiver Dance|p1a: Amaterasu
|-boost|p1a: Amaterasu|spa|1
|-boost|p1a: Amaterasu|spd|1
|-boost|p1a: Amaterasu|spe|1
|
|upkeep
|turn|14
|
|t:|1598666784
|move|p1a: Amaterasu|Flamethrower|p2a: Volcarona
|-damage|p2a: Volcarona|49/100
|move|p2a: Volcarona|Giga Drain|p1a: Amaterasu
|-resisted|p1a: Amaterasu
|-damage|p1a: Amaterasu|0 fnt
|-heal|p2a: Volcarona|52/100|[from] drain|[of] p1a: Amaterasu
|faint|p1a: Amaterasu
|
|upkeep
|
|t:|1598666789
|switch|p1a: Prophet|Alakazam, M|100/100
|turn|15
|
|t:|1598666791
|move|p2a: Volcarona|Giga Drain|p1a: Prophet
|-damage|p1a: Prophet|39/100
|-heal|p2a: Volcarona|77/100|[from] drain|[of] p1a: Prophet
|move|p1a: Prophet|Psychic|p2a: Volcarona
|-damage|p2a: Volcarona|39/100
|
|upkeep
|turn|16
|
|t:|1598666794
|move|p2a: Volcarona|Giga Drain|p1a: Prophet
|-damage|p1a: Prophet|0 fnt
|-heal|p2a: Volcarona|55/100|[from] drain|[of] p1a: Prophet
|faint|p1a: Prophet
|
|upkeep
|
|t:|1598666796
|switch|p1a: Impaler|Excadrill, M, shiny|100/100
|-ability|p1a: Impaler|Mold Breaker
|turn|17
|
|t:|1598666798
|move|p2a: Volcarona|Fire Blast|p1a: Impaler|[miss]
|-miss|p2a: Volcarona|p1a: Impaler
|move|p1a: Impaler|Earthquake|p2a: Volcarona
|-damage|p2a: Volcarona|0 fnt
|faint|p2a: Volcarona
|
|upkeep
|c|☆LT73IU TDNT|welp
|c|☆LT73IU TDNT|gg
|
|t:|1598666806
|switch|p2a: Rillaboom|Rillaboom, M|62/100
|-damage|p2a: Rillaboom|50/100|[from] Stealth Rock
|-fieldstart|move: Grassy Terrain|[from] ability: Grassy Surge|[of] p2a: Rillaboom
|turn|18
|c|☆relic stone|rip af
|j| Bbeeaa
|j| Bunny Girl Mai
|
|t:|1598666828
|switch|p1a: Ramen|Tangrowth, M|100/100
|move|p2a: Rillaboom|Grassy Glide|p1a: Ramen
|-resisted|p1a: Ramen
|-damage|p1a: Ramen|84/100
|-damage|p2a: Rillaboom|34/100|[from] item: Rocky Helmet|[of] p1a: Ramen
|-damage|p2a: Rillaboom|24/100|[from] item: Life Orb
|
|-heal|p2a: Rillaboom|30/100|[from] Grassy Terrain
|-heal|p1a: Ramen|90/100|[from] Grassy Terrain
|upkeep
|turn|19
|l| Bunny Girl Mai
|
|t:|1598666842
|move|p2a: Rillaboom|Swords Dance|p2a: Rillaboom
|-boost|p2a: Rillaboom|atk|2
|move|p1a: Ramen|Giga Drain|p2a: Rillaboom
|-resisted|p2a: Rillaboom
|-damage|p2a: Rillaboom|4/100
|-heal|p1a: Ramen|100/100|[from] drain|[of] p2a: Rillaboom
|
|-heal|p2a: Rillaboom|10/100|[from] Grassy Terrain
|upkeep
|turn|20
|
|t:|1598666846
|move|p2a: Rillaboom|Superpower|p1a: Ramen
|-damage|p1a: Ramen|43/100
|-unboost|p2a: Rillaboom|atk|1
|-unboost|p2a: Rillaboom|def|1
|-damage|p2a: Rillaboom|0 fnt|[from] item: Rocky Helmet|[of] p1a: Ramen
|faint|p2a: Rillaboom
|move|p1a: Ramen|Sludge Bomb|p2: Rillaboom|[notarget]
|-fail|p1a: Ramen
|
|-heal|p1a: Ramen|49/100|[from] Grassy Terrain
|upkeep
|l| Bbeeaa
|
|t:|1598666848
|switch|p2a: Coalossal|Coalossal, M|100/100 slp
|turn|21
|
|t:|1598666853
|switch|p1a: Impaler|Excadrill, M, shiny|100/100
|-ability|p1a: Impaler|Mold Breaker
|cant|p2a: Coalossal|slp
|
|upkeep
|turn|22
|
|t:|1598666856
|move|p1a: Impaler|Earthquake|p2a: Coalossal
|-supereffective|p2a: Coalossal
|-damage|p2a: Coalossal|47/100 slp
|-curestatus|p2a: Coalossal|slp|[msg]
|move|p2a: Coalossal|Flamethrower|p1a: Impaler
|-supereffective|p1a: Impaler
|-damage|p1a: Impaler|63/100
|
|-heal|p1a: Impaler|69/100|[from] item: Leftovers
|-heal|p1a: Impaler|75/100|[from] Grassy Terrain
|-heal|p2a: Coalossal|53/100|[from] Grassy Terrain
|-fieldend|move: Grassy Terrain
|upkeep
|turn|23
|
|t:|1598666862
|move|p1a: Impaler|Earthquake|p2a: Coalossal
|-supereffective|p2a: Coalossal
|-damage|p2a: Coalossal|0 fnt
|faint|p2a: Coalossal
|
|win|relic stone
|l|☆relic stone
|c|☆LT73IU TDNT|gg
|l|☆LT73IU TDNT
|raw|relic stone's rating: 1906 &rarr; <strong>1927</strong><br />(+21 for winning)
|raw|LT73IU TDNT's rating: 1924 &rarr; <strong>1903</strong><br />(-21 for losing)
|l| leo568
|l| BagelJohn
|l| spikematoi
|j| spikematoi
|l| spikematoi
|l| Edgar Allan Poem
|l| ChiefGreenLeaf3
|j| ChiefGreenLeaf3
