|j|☆danny joltik
|j|☆AlIoutdragadarts
|t:|1664705506
|gametype|singles
|player|p1|danny joltik|1|1694
|player|p2|AlIoutdragadarts|hiker-gen4|1876
|teamsize|p1|6
|teamsize|p2|6
|gen|8
|tier|[Gen 8] OU
|rated|
|rule|Sleep Clause Mod: Limit one foe put to sleep
|rule|Species Clause: Limit one of each Pokémon
|rule|OHKO Clause: OHKO moves are banned
|rule|Evasion Items Clause: Evasion items are banned
|rule|Evasion Moves Clause: Evasion moves are banned
|rule|Endless Battle Clause: Forcing endless battles is banned
|rule|HP Percentage Mod: HP is shown in percentages
|rule|Dynamax Clause: You cannot dynamax
|clearpoke
|poke|p1|Blissey, F|
|poke|p1|Melmetal|
|poke|p1|Toxapex, M|
|poke|p1|Rillaboom, F|
|poke|p1|Blacephalon|
|poke|p1|Landorus-Therian, M|
|poke|p2|Torkoal, M|
|poke|p2|Shiftry, M|
|poke|p2|Tapu Fini|
|poke|p2|Venusaur, M|
|poke|p2|Landorus-Therian, M|
|poke|p2|Blaziken, M|
|teampreview
|j| An¤nym¤u5
|j| KMTQ
|j| ajdhyd
|inactive|Battle timer is ON: inactive players will automatically lose when time's up. (requested by danny joltik)
|j| Neutralist
|j| 0SiegeWarfare
|l| Neutralist
|j| Kyurem
|inactive|AlIoutdragadarts has 120 seconds left.
|
|t:|1664705592
|start
|switch|p1a: Landorus|Landorus-Therian, M|100/100
|switch|p2a: Torkoal|Torkoal, M, shiny|100/100
|-ability|p1a: Landorus|Intimidate|boost
|-unboost|p2a: Torkoal|atk|1
|-weather|SunnyDay|[from] ability: Drought|[of] p2a: Torkoal
|turn|1
|inactive|danny joltik has 120 seconds left.
|inactive|danny joltik has 90 seconds left.
|
|t:|1664705662
|move|p1a: Landorus|Earthquake|p2a: Torkoal
|-supereffective|p2a: Torkoal
|-damage|p2a: Torkoal|34/100
|move|p2a: Torkoal|Stealth Rock|p1a: Landorus
|-sidestart|p1: danny joltik|move: Stealth Rock
|
|-weather|SunnyDay|[upkeep]
|upkeep
|turn|2
|
|t:|1664705671
|switch|p2a: Landorus|Landorus-Therian, M, shiny|100/100
|-ability|p2a: Landorus|Intimidate|boost
|-unboost|p1a: Landorus|atk|1
|move|p1a: Landorus|Stealth Rock|p2a: Landorus
|-sidestart|p2: AlIoutdragadarts|move: Stealth Rock
|
|-weather|SunnyDay|[upkeep]
|upkeep
|turn|3
|
|t:|1664705674
|move|p2a: Landorus|U-turn|p1a: Landorus
|-resisted|p1a: Landorus
|-damage|p1a: Landorus|88/100
|-damage|p2a: Landorus|84/100|[from] item: Rocky Helmet|[of] p1a: Landorus
|
|t:|1664705677
|switch|p2a: Tapu Fini|Tapu Fini, shiny|100/100|[from]move: U-turn
|-damage|p2a: Tapu Fini|88/100|[from] Stealth Rock
|-fieldstart|move: Misty Terrain|[from] ability: Misty Surge|[of] p2a: Tapu Fini
|move|p1a: Landorus|Knock Off|p2a: Tapu Fini
|-resisted|p2a: Tapu Fini
|-damage|p2a: Tapu Fini|77/100
|-enditem|p2a: Tapu Fini|Eject Button|[from] move: Knock Off|[of] p1a: Landorus
|
|-weather|SunnyDay|[upkeep]
|upkeep
|turn|4
|
|t:|1664705686
|switch|p1a: Blissey|Blissey, F|100/100
|move|p2a: Tapu Fini|Moonblast|p1a: Blissey
|-damage|p1a: Blissey|89/100
|-unboost|p1a: Blissey|spa|1
|
|-weather|SunnyDay|[upkeep]
|upkeep
|turn|5
|
|t:|1664705702
|move|p2a: Tapu Fini|Taunt|p1a: Blissey
|-start|p1a: Blissey|move: Taunt
|move|p1a: Blissey|Seismic Toss|p2a: Tapu Fini
|-damage|p2a: Tapu Fini|48/100
|
|-weather|SunnyDay|[upkeep]
|upkeep
|turn|6
|j| Pigglesworth
|
|t:|1664705713
|switch|p2a: Blaziken|Blaziken, M, shiny|100/100
|-damage|p2a: Blaziken|88/100|[from] Stealth Rock
|move|p1a: Blissey|Seismic Toss|p2a: Blaziken
|-damage|p2a: Blaziken|58/100
|
|-weather|SunnyDay|[upkeep]
|-heal|p2a: Blaziken|64/100|[from] item: Leftovers
|upkeep
|turn|7
|j| sufys12
|inactive|danny joltik has 90 seconds left.
|
|t:|1664705744
|switch|p1a: Toxapex|Toxapex, M|100/100
|-damage|p1a: Toxapex|88/100|[from] Stealth Rock
|move|p2a: Blaziken|Swords Dance|p2a: Blaziken
|-boost|p2a: Blaziken|atk|2
|
|-weather|SunnyDay|[upkeep]
|-heal|p2a: Blaziken|70/100|[from] item: Leftovers
|-fieldend|Misty Terrain
|-ability|p2a: Blaziken|Speed Boost|boost
|-boost|p2a: Blaziken|spe|1
|upkeep
|turn|8
|
|t:|1664705758
|move|p2a: Blaziken|Flare Blitz|p1a: Toxapex
|-resisted|p1a: Toxapex
|-damage|p1a: Toxapex|30/100
|-damage|p2a: Blaziken|53/100|[from] item: Rocky Helmet|[of] p1a: Toxapex
|-damage|p2a: Blaziken|36/100|[from] Recoil
|move|p1a: Toxapex|Haze|p1a: Toxapex
|-clearallboost
|
|-weather|none
|-heal|p2a: Blaziken|42/100|[from] item: Leftovers
|-ability|p2a: Blaziken|Speed Boost|boost
|-boost|p2a: Blaziken|spe|1
|upkeep
|turn|9
|
|t:|1664705768
|switch|p2a: Tapu Fini|Tapu Fini, shiny|48/100
|-damage|p2a: Tapu Fini|35/100|[from] Stealth Rock
|-fieldstart|move: Misty Terrain|[from] ability: Misty Surge|[of] p2a: Tapu Fini
|move|p1a: Toxapex|Recover|p1a: Toxapex
|-heal|p1a: Toxapex|80/100
|
|upkeep
|turn|10
|
|t:|1664705776
|switch|p1a: Blissey|Blissey, F|89/100
|move|p2a: Tapu Fini|Defog|p1a: Blissey
|-unboost|p1a: Blissey|evasion|1
|-sideend|p1: danny joltik|Stealth Rock|[from] move: Defog|[of] p2a: Tapu Fini
|-sideend|p2: AlIoutdragadarts|Stealth Rock|[from] move: Defog|[of] p2a: Tapu Fini
|-fieldend|Misty Terrain
|
|upkeep
|turn|11
|
|t:|1664705785
|switch|p2a: Landorus|Landorus-Therian, M, shiny|84/100
|-ability|p2a: Landorus|Intimidate|boost
|-unboost|p1a: Blissey|atk|1
|move|p1a: Blissey|Toxic|p2a: Landorus
|-status|p2a: Landorus|tox
|
|-damage|p2a: Landorus|78/100 tox|[from] psn
|upkeep
|turn|12
|
|t:|1664705789
|switch|p1a: Landorus|Landorus-Therian, M|88/100
|-ability|p1a: Landorus|Intimidate|boost
|-unboost|p2a: Landorus|atk|1
|move|p2a: Landorus|U-turn|p1a: Landorus
|-resisted|p1a: Landorus
|-damage|p1a: Landorus|79/100
|-damage|p2a: Landorus|61/100 tox|[from] item: Rocky Helmet|[of] p1a: Landorus
|
|t:|1664705794
|switch|p2a: Torkoal|Torkoal, M, shiny|34/100|[from]move: U-turn
|-weather|SunnyDay|[from] ability: Drought|[of] p2a: Torkoal
|
|-weather|SunnyDay|[upkeep]
|upkeep
|turn|13
|
|t:|1664705802
|switch|p2a: Venusaur|Venusaur, M, shiny|100/100
|move|p1a: Landorus|Earthquake|p2a: Venusaur
|-damage|p2a: Venusaur|20/100
|
|-weather|SunnyDay|[upkeep]
|upkeep
|turn|14
|
|t:|1664705808
|switch|p1a: Blissey|Blissey, F|89/100
|move|p2a: Venusaur|Weather Ball|p1a: Blissey
|-damage|p1a: Blissey|68/100
|-damage|p2a: Venusaur|10/100|[from] item: Life Orb
|
|-weather|SunnyDay|[upkeep]
|upkeep
|turn|15
|
|t:|1664705812
|move|p2a: Venusaur|Giga Drain|p1a: Blissey
|-damage|p1a: Blissey|51/100
|-heal|p2a: Venusaur|29/100|[from] drain|[of] p1a: Blissey
|-damage|p2a: Venusaur|19/100|[from] item: Life Orb
|move|p1a: Blissey|Seismic Toss|p2a: Venusaur
|-damage|p2a: Venusaur|0 fnt
|faint|p2a: Venusaur
|
|-weather|SunnyDay|[upkeep]
|upkeep
|
|t:|1664705815
|switch|p2a: Shiftry|Shiftry, M, shiny|100/100
|turn|16
|
|t:|1664705820
|switch|p1a: Landorus|Landorus-Therian, M|79/100
|-ability|p1a: Landorus|Intimidate|boost
|-unboost|p2a: Shiftry|atk|1
|move|p2a: Shiftry|Growth|p2a: Shiftry
|-boost|p2a: Shiftry|atk|2
|-boost|p2a: Shiftry|spa|2
|
|-weather|SunnyDay|[upkeep]
|upkeep
|turn|17
|j| Alonge
|l| Alonge
|
|t:|1664705831
|switch|p1a: Melmetal|Melmetal|100/100
|move|p2a: Shiftry|Solar Blade||[still]
|-prepare|p2a: Shiftry|Solar Blade
|-anim|p2a: Shiftry|Solar Blade|p1a: Melmetal
|-resisted|p1a: Melmetal
|-damage|p1a: Melmetal|66/100
|-damage|p2a: Shiftry|91/100|[from] item: Life Orb
|
|-weather|SunnyDay|[upkeep]
|upkeep
|turn|18
|j| Alonge
|
|t:|1664705838
|move|p2a: Shiftry|Heat Wave|p1a: Melmetal
|-supereffective|p1a: Melmetal
|-damage|p1a: Melmetal|0 fnt
|faint|p1a: Melmetal
|-damage|p2a: Shiftry|81/100|[from] item: Life Orb
|
|-weather|SunnyDay|[upkeep]
|upkeep
|
|t:|1664705843
|switch|p1a: Toxapex|Toxapex, M|100/100
|turn|19
|
|t:|1664705846
|move|p2a: Shiftry|Solar Blade||[still]
|-prepare|p2a: Shiftry|Solar Blade
|-anim|p2a: Shiftry|Solar Blade|p1a: Toxapex
|-damage|p1a: Toxapex|35/100
|-damage|p2a: Shiftry|64/100|[from] item: Rocky Helmet|[of] p1a: Toxapex
|-damage|p2a: Shiftry|54/100|[from] item: Life Orb
|move|p1a: Toxapex|Haze|p1a: Toxapex
|-clearallboost
|
|-weather|none
|upkeep
|turn|20
|
|t:|1664705852
|move|p2a: Shiftry|Knock Off|p1a: Toxapex
|-damage|p1a: Toxapex|0 fnt
|-damage|p2a: Shiftry|38/100|[from] item: Rocky Helmet|[of] p1a: Toxapex
|-enditem|p1a: Toxapex|Rocky Helmet|[from] move: Knock Off|[of] p2a: Shiftry
|faint|p1a: Toxapex
|-damage|p2a: Shiftry|28/100|[from] item: Life Orb
|
|upkeep
|
|t:|1664705855
|switch|p1a: Landorus|Landorus-Therian, M|79/100
|-ability|p1a: Landorus|Intimidate|boost
|-unboost|p2a: Shiftry|atk|1
|turn|21
|
|t:|1664705859
|switch|p2a: Tapu Fini|Tapu Fini, shiny|35/100
|-fieldstart|move: Misty Terrain|[from] ability: Misty Surge|[of] p2a: Tapu Fini
|move|p1a: Landorus|U-turn|p2a: Tapu Fini
|-resisted|p2a: Tapu Fini
|-damage|p2a: Tapu Fini|23/100
|inactive|danny joltik has 120 seconds left.
|
|t:|1664705889
|switch|p1a: Rillaboom|Rillaboom, F|100/100|[from]move: U-turn
|-fieldstart|move: Grassy Terrain|[from] ability: Grassy Surge|[of] p1a: Rillaboom
|-enditem|p1a: Rillaboom|Grassy Seed
|-boost|p1a: Rillaboom|def|1|[from] item: Grassy Seed
|
|-heal|p2a: Tapu Fini|30/100|[from] Grassy Terrain
|upkeep
|turn|22
|
|t:|1664705896
|switch|p2a: Torkoal|Torkoal, M, shiny|34/100
|-weather|SunnyDay|[from] ability: Drought|[of] p2a: Torkoal
|move|p1a: Rillaboom|Grassy Glide|p2a: Torkoal
|-resisted|p2a: Torkoal
|-damage|p2a: Torkoal|20/100
|
|-weather|SunnyDay|[upkeep]
|-heal|p2a: Torkoal|26/100|[from] Grassy Terrain
|upkeep
|turn|23
|l| An¤nym¤u5
|
|t:|1664705905
|switch|p1a: Blissey|Blissey, F|51/100
|move|p2a: Torkoal|Stealth Rock|p1a: Blissey
|-sidestart|p1: danny joltik|move: Stealth Rock
|
|-weather|SunnyDay|[upkeep]
|-heal|p1a: Blissey|58/100|[from] Grassy Terrain
|-heal|p2a: Torkoal|32/100|[from] Grassy Terrain
|upkeep
|turn|24
|
|t:|1664705914
|switch|p2a: Tapu Fini|Tapu Fini, shiny|30/100
|-fieldstart|move: Misty Terrain|[from] ability: Misty Surge|[of] p2a: Tapu Fini
|move|p1a: Blissey|Seismic Toss|p2a: Tapu Fini
|-damage|p2a: Tapu Fini|0 fnt
|faint|p2a: Tapu Fini
|
|-weather|SunnyDay|[upkeep]
|upkeep
|
|t:|1664705916
|switch|p2a: Blaziken|Blaziken, M, shiny|42/100
|turn|25
|l| KMTQ
|
|t:|1664705926
|switch|p1a: Landorus|Landorus-Therian, M|79/100
|-damage|p1a: Landorus|67/100|[from] Stealth Rock
|-ability|p1a: Landorus|Intimidate|boost
|-unboost|p2a: Blaziken|atk|1
|move|p2a: Blaziken|Close Combat|p1a: Landorus
|-resisted|p1a: Landorus
|-damage|p1a: Landorus|43/100
|-unboost|p2a: Blaziken|def|1
|-unboost|p2a: Blaziken|spd|1
|-damage|p2a: Blaziken|25/100|[from] item: Rocky Helmet|[of] p1a: Landorus
|
|-weather|SunnyDay|[upkeep]
|-heal|p2a: Blaziken|31/100|[from] item: Leftovers
|-ability|p2a: Blaziken|Speed Boost|boost
|-boost|p2a: Blaziken|spe|1
|upkeep
|turn|26
|j| Slobadd
|
|t:|1664705938
|move|p2a: Blaziken|Flare Blitz|p1a: Landorus
|-damage|p1a: Landorus|0 fnt
|-damage|p2a: Blaziken|15/100|[from] item: Rocky Helmet|[of] p1a: Landorus
|faint|p1a: Landorus
|-damage|p2a: Blaziken|0 fnt|[from] Recoil
|faint|p2a: Blaziken
|
|-weather|SunnyDay|[upkeep]
|upkeep
|
|t:|1664705951
|switch|p1a: Rillaboom|Rillaboom, F|100/100
|switch|p2a: Torkoal|Torkoal, M, shiny|32/100
|-damage|p1a: Rillaboom|88/100|[from] Stealth Rock
|-fieldstart|move: Grassy Terrain|[from] ability: Grassy Surge|[of] p1a: Rillaboom
|turn|27
|
|t:|1664705960
|switch|p1a: Blissey|Blissey, F|58/100
|switch|p2a: Shiftry|Shiftry, M, shiny|28/100
|
|-weather|SunnyDay|[upkeep]
|-heal|p2a: Shiftry|34/100|[from] Grassy Terrain
|-heal|p1a: Blissey|64/100|[from] Grassy Terrain
|upkeep
|turn|28
|
|t:|1664705966
|move|p2a: Shiftry|Solar Blade||[still]
|-prepare|p2a: Shiftry|Solar Blade
|-anim|p2a: Shiftry|Solar Blade|p1a: Blissey
|-damage|p1a: Blissey|0 fnt
|faint|p1a: Blissey
|-damage|p2a: Shiftry|24/100|[from] item: Life Orb
|
|-weather|SunnyDay|[upkeep]
|-heal|p2a: Shiftry|30/100|[from] Grassy Terrain
|upkeep
|
|t:|1664705975
|switch|p1a: Rillaboom|Rillaboom, F|88/100
|-damage|p1a: Rillaboom|76/100|[from] Stealth Rock
|turn|29
|
|t:|1664705981
|switch|p2a: Landorus|Landorus-Therian, M, shiny|61/100 tox
|-ability|p2a: Landorus|Intimidate|boost
|-unboost|p1a: Rillaboom|atk|1
|move|p1a: Rillaboom|Acrobatics|p2a: Landorus
|-crit|p2a: Landorus
|-damage|p2a: Landorus|0 fnt
|faint|p2a: Landorus
|
|-weather|none
|-heal|p1a: Rillaboom|82/100|[from] Grassy Terrain
|upkeep
|
|t:|1664705984
|switch|p2a: Torkoal|Torkoal, M, shiny|32/100
|-weather|SunnyDay|[from] ability: Drought|[of] p2a: Torkoal
|turn|30
|
|t:|1664705995
|switch|p1a: Blacephalon|Blacephalon|100/100
|switch|p2a: Shiftry|Shiftry, M, shiny|30/100
|
|-weather|SunnyDay|[upkeep]
|-heal|p2a: Shiftry|36/100|[from] Grassy Terrain
|upkeep
|turn|31
|
|t:|1664706005
|move|p2a: Shiftry|Knock Off|p1a: Blacephalon
|-supereffective|p1a: Blacephalon
|-damage|p1a: Blacephalon|0 fnt
|-enditem|p1a: Blacephalon|Heavy-Duty Boots|[from] move: Knock Off|[of] p2a: Shiftry
|faint|p1a: Blacephalon
|-damage|p2a: Shiftry|26/100|[from] item: Life Orb
|
|-weather|SunnyDay|[upkeep]
|-heal|p2a: Shiftry|33/100|[from] Grassy Terrain
|-fieldend|move: Grassy Terrain
|upkeep
|
|t:|1664706007
|switch|p1a: Rillaboom|Rillaboom, F|82/100
|-damage|p1a: Rillaboom|70/100|[from] Stealth Rock
|-fieldstart|move: Grassy Terrain|[from] ability: Grassy Surge|[of] p1a: Rillaboom
|turn|32
|
|t:|1664706017
|move|p2a: Shiftry|Heat Wave|p1a: Rillaboom|[miss]
|-miss|p2a: Shiftry|p1a: Rillaboom
|move|p1a: Rillaboom|Swords Dance|p1a: Rillaboom
|-boost|p1a: Rillaboom|atk|2
|
|-weather|SunnyDay|[upkeep]
|-heal|p2a: Shiftry|39/100|[from] Grassy Terrain
|-heal|p1a: Rillaboom|76/100|[from] Grassy Terrain
|upkeep
|turn|33
|c|☆AlIoutdragadarts|hmm
|
|t:|1664706030
|move|p1a: Rillaboom|Grassy Glide|p2a: Shiftry
|-resisted|p2a: Shiftry
|-damage|p2a: Shiftry|0 fnt
|faint|p2a: Shiftry
|
|-weather|SunnyDay|[upkeep]
|-heal|p1a: Rillaboom|82/100|[from] Grassy Terrain
|upkeep
|
|t:|1664706032
|switch|p2a: Torkoal|Torkoal, M, shiny|32/100
|turn|34
|
|t:|1664706036
|move|p1a: Rillaboom|Acrobatics|p2a: Torkoal
|-damage|p2a: Torkoal|0 fnt
|faint|p2a: Torkoal
|
|win|danny joltik
|raw|danny joltik's rating: 1694 &rarr; <strong>1724</strong><br />(+30 for winning)
|raw|AlIoutdragadarts's rating: 1876 &rarr; <strong>1846</strong><br />(-30 for losing)
|l|☆danny joltik
|l|☆AlIoutdragadarts
|l| Slobadd
|l| sufys12
|l| Pigglesworth
|l| ajdhyd
