|j|☆PQPP214
|j|☆Crissperez
|t:|1645621895
|gametype|singles
|player|p1|PQPP214|101|1492
|player|p2|Crissperez|striker|1425
|teamsize|p1|6
|teamsize|p2|6
|gen|8
|tier|[Gen 8] OU
|rated|
|rule|Sleep Clause Mod: Limit one foe put to sleep
|rule|Species Clause: Limit one of each Pokémon
|rule|OHKO Clause: OHKO moves are banned
|rule|Evasion Moves Clause: Evasion moves are banned
|rule|Endless Battle Clause: Forcing endless battles is banned
|rule|HP Percentage Mod: HP is shown in percentages
|rule|Dynamax Clause: You cannot dynamax
|clearpoke
|poke|p1|Landorus-Therian, M|
|poke|p1|Tornadus-Therian, M|
|poke|p1|Zeraora|
|poke|p1|Zapdos-Galar|
|poke|p1|Jirachi|
|poke|p1|Toxapex, M|
|poke|p2|Togekiss, F|
|poke|p2|Scizor, M|
|poke|p2|Blaziken, M|
|poke|p2|Chansey, F|
|poke|p2|Slowbro, M|
|poke|p2|Tangrowth, M|
|teampreview
|inactive|Battle timer is ON: inactive players will automatically lose when time's up. (requested by Crissperez)
|l|☆PQPP214
|inactive|PQPP214 disconnected and has a minute to reconnect!
|player|p1|
|j|☆PQPP214
|inactive|PQPP214 reconnected and has 125 seconds left.
|player|p1|PQPP214|101
|inactive|PQPP214 has 120 seconds left.
|
|t:|1645621931
|start
|switch|p1a: Zeraora|Zeraora, shiny|100/100
|switch|p2a: Togekiss|Togekiss, F|100/100
|turn|1
|
|t:|1645621939
|switch|p2a: Tangrowth|Tangrowth, M|100/100
|move|p1a: Zeraora|Knock Off|p2a: Tangrowth
|-damage|p2a: Tangrowth|85/100
|-damage|p1a: Zeraora|84/100|[from] item: Rocky Helmet|[of] p2a: Tangrowth
|-enditem|p2a: Tangrowth|Rocky Helmet|[from] move: Knock Off|[of] p1a: Zeraora
|
|upkeep
|turn|2
|c|☆Crissperez|Any more legendaries?
|
|t:|1645621956
|switch|p1a: Tornadus|Tornadus-Therian, M, shiny|100/100
|move|p2a: Tangrowth|Leech Seed|p1a: Tornadus
|-start|p1a: Tornadus|move: Leech Seed
|
|-damage|p1a: Tornadus|88/100|[from] Leech Seed|[of] p2a: Tangrowth
|-heal|p2a: Tangrowth|96/100|[silent]
|upkeep
|turn|3
|
|t:|1645621967
|switch|p2a: Chansey|Chansey, F|100/100
|move|p1a: Tornadus|U-turn|p2a: Chansey
|-damage|p2a: Chansey|91/100
|
|t:|1645621973
|switch|p1a: Zapdos|Zapdos-Galar|100/100|[from]move: U-turn
|
|upkeep
|turn|4
|
|t:|1645621981
|switch|p2a: Tangrowth|Tangrowth, M|100/100
|move|p1a: Zapdos|U-turn|p2a: Tangrowth
|-supereffective|p2a: Tangrowth
|-damage|p2a: Tangrowth|62/100
|
|t:|1645621989
|switch|p1a: Tornadus|Tornadus-Therian, M, shiny|100/100|[from]move: U-turn
|
|upkeep
|turn|5
|
|t:|1645621994
|switch|p2a: Chansey|Chansey, F|91/100
|move|p1a: Tornadus|Hurricane|p2a: Chansey
|-damage|p2a: Chansey|78/100
|
|upkeep
|turn|6
|
|t:|1645622001
|move|p1a: Tornadus|Knock Off|p2a: Chansey
|-damage|p2a: Chansey|65/100
|-enditem|p2a: Chansey|Eviolite|[from] move: Knock Off|[of] p1a: Tornadus
|move|p2a: Chansey|Toxic|p1a: Tornadus
|-status|p1a: Tornadus|tox
|
|-damage|p1a: Tornadus|94/100 tox|[from] psn
|upkeep
|turn|7
|
|t:|1645622010
|move|p1a: Tornadus|U-turn|p2a: Chansey
|-damage|p2a: Chansey|51/100
|
|t:|1645622013
|switch|p1a: Zapdos|Zapdos-Galar|100/100|[from]move: U-turn
|move|p2a: Chansey|Soft-Boiled|p2a: Chansey
|-heal|p2a: Chansey|100/100
|
|upkeep
|turn|8
|
|t:|1645622021
|switch|p2a: Togekiss|Togekiss, F|100/100
|move|p1a: Zapdos|Brave Bird|p2a: Togekiss
|-damage|p2a: Togekiss|3/100
|-damage|p1a: Zapdos|69/100|[from] Recoil
|
|upkeep
|turn|9
|
|t:|1645622030
|switch|p1a: Jirachi|Jirachi, shiny|100/100
|move|p2a: Togekiss|Air Slash|p1a: Jirachi
|-resisted|p1a: Jirachi
|-damage|p1a: Jirachi|88/100
|
|-heal|p1a: Jirachi|94/100|[from] item: Leftovers
|upkeep
|turn|10
|
|t:|1645622042
|switch|p2a: Tangrowth|Tangrowth, M|95/100
|move|p1a: Jirachi|Stealth Rock|p2a: Tangrowth
|-sidestart|p2: Crissperez|move: Stealth Rock
|
|-heal|p1a: Jirachi|100/100|[from] item: Leftovers
|upkeep
|turn|11
|
|t:|1645622065
|move|p1a: Jirachi|U-turn|p2a: Tangrowth
|-supereffective|p2a: Tangrowth
|-damage|p2a: Tangrowth|77/100
|
|t:|1645622069
|switch|p1a: Tornadus|Tornadus-Therian, M, shiny|100/100 tox|[from]move: U-turn
|move|p2a: Tangrowth|Knock Off|p1a: Tornadus
|-damage|p1a: Tornadus|79/100 tox
|-enditem|p1a: Tornadus|Heavy-Duty Boots|[from] move: Knock Off|[of] p2a: Tangrowth
|
|-damage|p1a: Tornadus|73/100 tox|[from] psn
|upkeep
|turn|12
|
|t:|1645622080
|switch|p2a: Togekiss|Togekiss, F|3/100
|-damage|p2a: Togekiss|0 fnt|[from] Stealth Rock
|faint|p2a: Togekiss
|move|p1a: Tornadus|U-turn|p2: Togekiss|[notarget]
|-fail|p1a: Tornadus
|
|-damage|p1a: Tornadus|61/100 tox|[from] psn
|upkeep
|inactive|Crissperez has 120 seconds left.
|
|t:|1645622103
|switch|p2a: Blaziken|Blaziken, M|100/100
|-damage|p2a: Blaziken|88/100|[from] Stealth Rock
|turn|13
|
|t:|1645622107
|move|p1a: Tornadus|Hurricane|p2a: Blaziken|[miss]
|-miss|p1a: Tornadus|p2a: Blaziken
|move|p2a: Blaziken|Swords Dance|p2a: Blaziken
|-boost|p2a: Blaziken|atk|2
|
|-damage|p1a: Tornadus|43/100 tox|[from] psn
|-ability|p2a: Blaziken|Speed Boost|boost
|-boost|p2a: Blaziken|spe|1
|upkeep
|turn|14
|
|t:|1645622117
|switch|p1a: Landorus|Landorus-Therian, M, shiny|100/100
|-ability|p1a: Landorus|Intimidate|boost
|-unboost|p2a: Blaziken|atk|1
|move|p2a: Blaziken|Fire Punch|p1a: Landorus
|-damage|p1a: Landorus|18/100
|-damage|p2a: Blaziken|78/100|[from] item: Life Orb
|
|-heal|p1a: Landorus|24/100|[from] item: Leftovers
|-ability|p2a: Blaziken|Speed Boost|boost
|-boost|p2a: Blaziken|spe|1
|upkeep
|turn|15
|
|t:|1645622130
|switch|p1a: Toxapex|Toxapex, M, shiny|100/100
|move|p2a: Blaziken|Fire Punch|p1a: Toxapex
|-resisted|p1a: Toxapex
|-damage|p1a: Toxapex|79/100
|-damage|p2a: Blaziken|62/100|[from] item: Rocky Helmet|[of] p1a: Toxapex
|-damage|p2a: Blaziken|52/100|[from] item: Life Orb
|
|-ability|p2a: Blaziken|Speed Boost|boost
|-boost|p2a: Blaziken|spe|1
|upkeep
|turn|16
|
|t:|1645622141
|switch|p1a: Landorus|Landorus-Therian, M, shiny|24/100
|-ability|p1a: Landorus|Intimidate|boost
|-unboost|p2a: Blaziken|atk|1
|move|p2a: Blaziken|Earthquake|p1a: Landorus
|-immune|p1a: Landorus
|
|-heal|p1a: Landorus|30/100|[from] item: Leftovers
|-ability|p2a: Blaziken|Speed Boost|boost
|-boost|p2a: Blaziken|spe|1
|upkeep
|turn|17
|
|t:|1645622153
|move|p2a: Blaziken|Earthquake|p1a: Landorus
|-immune|p1a: Landorus
|move|p1a: Landorus|Earthquake|p2a: Blaziken
|-supereffective|p2a: Blaziken
|-damage|p2a: Blaziken|0 fnt
|faint|p2a: Blaziken
|
|-heal|p1a: Landorus|36/100|[from] item: Leftovers
|upkeep
|
|t:|1645622163
|switch|p2a: Scizor|Scizor, M|100/100
|-damage|p2a: Scizor|88/100|[from] Stealth Rock
|turn|18
|
|t:|1645622167
|move|p2a: Scizor|Swords Dance|p2a: Scizor
|-boost|p2a: Scizor|atk|2
|move|p1a: Landorus|U-turn|p2a: Scizor
|-resisted|p2a: Scizor
|-damage|p2a: Scizor|76/100
|
|t:|1645622175
|switch|p1a: Toxapex|Toxapex, M, shiny|100/100|[from]move: U-turn
|
|upkeep
|turn|19
|
|t:|1645622179
|move|p2a: Scizor|Knock Off|p1a: Toxapex
|-damage|p1a: Toxapex|51/100
|-damage|p2a: Scizor|59/100|[from] item: Rocky Helmet|[of] p1a: Toxapex
|-enditem|p1a: Toxapex|Rocky Helmet|[from] move: Knock Off|[of] p2a: Scizor
|-damage|p2a: Scizor|49/100|[from] item: Life Orb
|move|p1a: Toxapex|Haze|p1a: Toxapex
|-clearallboost
|
|upkeep
|turn|20
|
|t:|1645622189
|move|p2a: Scizor|Swords Dance|p2a: Scizor
|-boost|p2a: Scizor|atk|2
|move|p1a: Toxapex|Scald|p2a: Scizor
|-damage|p2a: Scizor|27/100
|
|upkeep
|turn|21
|
|t:|1645622195
|switch|p1a: Landorus|Landorus-Therian, M, shiny|36/100
|-ability|p1a: Landorus|Intimidate|boost
|-unboost|p2a: Scizor|atk|1
|move|p2a: Scizor|Knock Off|p1a: Landorus
|-damage|p1a: Landorus|0 fnt
|-enditem|p1a: Landorus|Leftovers|[from] move: Knock Off|[of] p2a: Scizor
|faint|p1a: Landorus
|-damage|p2a: Scizor|17/100|[from] item: Life Orb
|
|upkeep
|
|t:|1645622213
|switch|p1a: Zeraora|Zeraora, shiny|84/100
|turn|22
|
|t:|1645622216
|move|p2a: Scizor|Bullet Punch|p1a: Zeraora
|-resisted|p1a: Zeraora
|-damage|p1a: Zeraora|41/100
|-damage|p2a: Scizor|7/100|[from] item: Life Orb
|move|p1a: Zeraora|Plasma Fists|p2a: Scizor
|-damage|p2a: Scizor|0 fnt
|-fieldactivate|move: Ion Deluge
|-hint|Normal-type moves become Electric-type after using Plasma Fists.
|faint|p2a: Scizor
|
|upkeep
|
|t:|1645622229
|switch|p2a: Tangrowth|Tangrowth, M|100/100
|-damage|p2a: Tangrowth|88/100|[from] Stealth Rock
|turn|23
|
|t:|1645622233
|switch|p1a: Tornadus|Tornadus-Therian, M, shiny|76/100 tox
|move|p2a: Tangrowth|Energy Ball|p1a: Tornadus
|-resisted|p1a: Tornadus
|-damage|p1a: Tornadus|57/100 tox
|
|-damage|p1a: Tornadus|51/100 tox|[from] psn
|upkeep
|turn|24
|
|t:|1645622242
|switch|p2a: Chansey|Chansey, F|100/100
|-damage|p2a: Chansey|88/100|[from] Stealth Rock
|move|p1a: Tornadus|U-turn|p2a: Chansey
|-damage|p2a: Chansey|74/100
|
|t:|1645622245
|switch|p1a: Zapdos|Zapdos-Galar|69/100|[from]move: U-turn
|
|upkeep
|turn|25
|
|t:|1645622256
|switch|p2a: Slowbro|Slowbro, M|100/100
|-damage|p2a: Slowbro|88/100|[from] Stealth Rock
|move|p1a: Zapdos|U-turn|p2a: Slowbro
|-supereffective|p2a: Slowbro
|-damage|p2a: Slowbro|34/100
|-damage|p1a: Zapdos|53/100|[from] item: Rocky Helmet|[of] p2a: Slowbro
|
|t:|1645622276
|switch|p1a: Zeraora|Zeraora, shiny|41/100|[from]move: U-turn
|
|upkeep
|turn|26
|
|t:|1645622281
|switch|p1a: Tornadus|Tornadus-Therian, M, shiny|84/100 tox
|switch|p2a: Tangrowth|Tangrowth, M|100/100
|-damage|p2a: Tangrowth|88/100|[from] Stealth Rock
|
|-damage|p1a: Tornadus|78/100 tox|[from] psn
|upkeep
|turn|27
|
|t:|1645622291
|switch|p2a: Slowbro|Slowbro, M|67/100
|-damage|p2a: Slowbro|55/100|[from] Stealth Rock
|move|p1a: Tornadus|U-turn|p2a: Slowbro
|-supereffective|p2a: Slowbro
|-damage|p2a: Slowbro|33/100
|-damage|p1a: Tornadus|62/100 tox|[from] item: Rocky Helmet|[of] p2a: Slowbro
|
|t:|1645622303
|switch|p1a: Zapdos|Zapdos-Galar|53/100|[from]move: U-turn
|
|upkeep
|turn|28
|
|t:|1645622308
|switch|p2a: Tangrowth|Tangrowth, M|100/100
|-damage|p2a: Tangrowth|88/100|[from] Stealth Rock
|move|p1a: Zapdos|Brave Bird|p2a: Tangrowth
|-supereffective|p2a: Tangrowth
|-damage|p2a: Tangrowth|0 fnt
|faint|p2a: Tangrowth
|-damage|p1a: Zapdos|16/100|[from] Recoil
|
|upkeep
|
|t:|1645622320
|switch|p2a: Slowbro|Slowbro, M|66/100
|-damage|p2a: Slowbro|54/100|[from] Stealth Rock
|turn|29
|
|t:|1645622326
|switch|p1a: Jirachi|Jirachi, shiny|100/100
|move|p2a: Slowbro|Slack Off|p2a: Slowbro
|-heal|p2a: Slowbro|100/100
|
|upkeep
|turn|30
|
|t:|1645622333
|move|p1a: Jirachi|U-turn|p2a: Slowbro
|-supereffective|p2a: Slowbro
|-damage|p2a: Slowbro|78/100
|-damage|p1a: Jirachi|84/100|[from] item: Rocky Helmet|[of] p2a: Slowbro
|
|t:|1645622339
|switch|p1a: Toxapex|Toxapex, M, shiny|85/100|[from]move: U-turn
|move|p2a: Slowbro|Scald|p1a: Toxapex
|-resisted|p1a: Toxapex
|-damage|p1a: Toxapex|73/100
|
|upkeep
|turn|31
|
|t:|1645622347
|move|p2a: Slowbro|Psyshock|p1a: Toxapex
|-supereffective|p1a: Toxapex
|-damage|p1a: Toxapex|39/100
|move|p1a: Toxapex|Knock Off|p2a: Slowbro
|-supereffective|p2a: Slowbro
|-damage|p2a: Slowbro|55/100
|-damage|p1a: Toxapex|23/100|[from] item: Rocky Helmet|[of] p2a: Slowbro
|-enditem|p2a: Slowbro|Rocky Helmet|[from] move: Knock Off|[of] p1a: Toxapex
|
|upkeep
|turn|32
|
|t:|1645622356
|switch|p1a: Tornadus|Tornadus-Therian, M, shiny|95/100 tox
|move|p2a: Slowbro|Scald|p1a: Tornadus
|-damage|p1a: Tornadus|68/100 tox
|
|-damage|p1a: Tornadus|61/100 tox|[from] psn
|upkeep
|turn|33
|
|t:|1645622365
|move|p1a: Tornadus|U-turn|p2a: Slowbro
|-supereffective|p2a: Slowbro
|-damage|p2a: Slowbro|33/100
|
|t:|1645622369
|switch|p1a: Zeraora|Zeraora, shiny|41/100|[from]move: U-turn
|move|p2a: Slowbro|Slack Off|p2a: Slowbro
|-heal|p2a: Slowbro|83/100
|
|upkeep
|turn|34
|
|t:|1645622377
|move|p1a: Zeraora|Plasma Fists|p2a: Slowbro
|-supereffective|p2a: Slowbro
|-damage|p2a: Slowbro|10/100
|-fieldactivate|move: Ion Deluge
|-hint|Normal-type moves become Electric-type after using Plasma Fists.
|move|p2a: Slowbro|Scald|p1a: Zeraora
|-damage|p1a: Zeraora|6/100
|
|upkeep
|turn|35
|-message|Crissperez forfeited.
|
|win|PQPP214
|raw|PQPP214's rating: 1492 &rarr; <strong>1508</strong><br />(+16 for winning)
|raw|Crissperez's rating: 1425 &rarr; <strong>1409</strong><br />(-16 for losing)
|l|☆Crissperez
