|j|☆BOX MUNCHER
|j|☆stopthreat
|t:|1647456167
|gametype|singles
|player|p1|BOX MUNCHER|scientist|1488
|player|p2|stopthreat|boarder|1456
|teamsize|p1|6
|teamsize|p2|6
|gen|8
|tier|[Gen 8] OU
|rated|
|rule|Sleep Clause Mod: Limit one foe put to sleep
|rule|Species Clause: Limit one of each Pokémon
|rule|OHKO Clause: OHKO moves are banned
|rule|Evasion Moves Clause: Evasion moves are banned
|rule|Endless Battle Clause: Forcing endless battles is banned
|rule|HP Percentage Mod: HP is shown in percentages
|rule|Dynamax Clause: You cannot dynamax
|clearpoke
|poke|p1|Kartana|
|poke|p1|Heatran, M|
|poke|p1|Dragonite, M|
|poke|p1|Hippowdon, M|
|poke|p1|Aegislash, F|
|poke|p1|Weezing-Galar, M|
|poke|p2|Corviknight, M|
|poke|p2|Tapu Fini|
|poke|p2|Dragapult, F|
|poke|p2|Garchomp, F|
|poke|p2|Clefable, F|
|poke|p2|Crawdaunt, F|
|teampreview
|inactive|Battle timer is ON: inactive players will automatically lose when time's up. (requested by stopthreat)
|
|t:|1647456180
|start
|switch|p1a: Weezing|Weezing-Galar, M|100/100
|switch|p2a: Garchomp|Garchomp, F|100/100
|turn|1
|
|t:|1647456184
|move|p2a: Garchomp|Stealth Rock|p1a: Weezing
|-sidestart|p1: BOX MUNCHER|move: Stealth Rock
|move|p1a: Weezing|Toxic Spikes|p2a: Garchomp
|-sidestart|p2: stopthreat|move: Toxic Spikes
|
|upkeep
|turn|2
|
|t:|1647456188
|move|p2a: Garchomp|Toxic|p1a: Weezing
|-immune|p1a: Weezing
|move|p1a: Weezing|Strange Steam|p2a: Garchomp
|-supereffective|p2a: Garchomp
|-damage|p2a: Garchomp|64/100
|
|-heal|p2a: Garchomp|70/100|[from] item: Leftovers
|upkeep
|turn|3
|
|t:|1647456193
|switch|p2a: Corviknight|Corviknight, M|100/100
|-ability|p2a: Corviknight|Pressure
|move|p1a: Weezing|Strange Steam|p2a: Corviknight
|-resisted|p2a: Corviknight
|-damage|p2a: Corviknight|91/100
|
|upkeep
|turn|4
|
|t:|1647456198
|switch|p1a: Heatran|Heatran, M|100/100
|move|p2a: Corviknight|Defog|p1a: Heatran
|-unboost|p1a: Heatran|evasion|1
|-sideend|p1: BOX MUNCHER|Stealth Rock|[from] move: Defog|[of] p2a: Corviknight
|-sideend|p2: stopthreat|Toxic Spikes|[from] move: Defog|[of] p2a: Corviknight
|
|upkeep
|turn|5
|
|t:|1647456200
|switch|p2a: Garchomp|Garchomp, F|70/100
|move|p1a: Heatran|Eruption|p2a: Garchomp
|-resisted|p2a: Garchomp
|-damage|p2a: Garchomp|40/100
|
|-heal|p2a: Garchomp|46/100|[from] item: Leftovers
|upkeep
|turn|6
|
|t:|1647456205
|switch|p1a: Weezing|Weezing-Galar, M|100/100
|move|p2a: Garchomp|Stealth Rock|p1a: Weezing
|-sidestart|p1: BOX MUNCHER|move: Stealth Rock
|
|-heal|p2a: Garchomp|53/100|[from] item: Leftovers
|upkeep
|turn|7
|
|t:|1647456211
|switch|p2a: Dragapult|Dragapult, F|100/100
|move|p1a: Weezing|Toxic Spikes|p2a: Dragapult
|-sidestart|p2: stopthreat|move: Toxic Spikes
|
|upkeep
|turn|8
|
|t:|1647456214
|move|p1a: Weezing|Protect|p1a: Weezing
|-singleturn|p1a: Weezing|Protect
|move|p2a: Dragapult|Shadow Ball|p1a: Weezing
|-activate|p1a: Weezing|move: Protect
|
|upkeep
|turn|9
|
|t:|1647456219
|switch|p1a: Hippowdon|Hippowdon, M|100/100
|-damage|p1a: Hippowdon|94/100|[from] Stealth Rock
|-weather|Sandstorm|[from] ability: Sand Stream|[of] p1a: Hippowdon
|move|p2a: Dragapult|Shadow Ball|p1a: Hippowdon
|-damage|p1a: Hippowdon|56/100
|
|-weather|Sandstorm|[upkeep]
|-damage|p2a: Dragapult|95/100|[from] Sandstorm
|-heal|p1a: Hippowdon|62/100|[from] item: Leftovers
|upkeep
|turn|10
|
|t:|1647456226
|move|p2a: Dragapult|Shadow Ball|p1a: Hippowdon
|-damage|p1a: Hippowdon|21/100
|-unboost|p1a: Hippowdon|spd|1
|move|p1a: Hippowdon|Slack Off|p1a: Hippowdon
|-heal|p1a: Hippowdon|71/100
|
|-weather|Sandstorm|[upkeep]
|-damage|p2a: Dragapult|89/100|[from] Sandstorm
|-heal|p1a: Hippowdon|78/100|[from] item: Leftovers
|upkeep
|turn|11
|inactive|BOX MUNCHER has 120 seconds left.
|
|t:|1647456257
|switch|p1a: Aegislash|Aegislash, F|100/100
|-damage|p1a: Aegislash|94/100|[from] Stealth Rock
|move|p2a: Dragapult|Shadow Ball|p1a: Aegislash
|-supereffective|p1a: Aegislash
|-damage|p1a: Aegislash|12/100
|
|-weather|Sandstorm|[upkeep]
|-damage|p2a: Dragapult|83/100|[from] Sandstorm
|-heal|p1a: Aegislash|18/100|[from] item: Leftovers
|upkeep
|turn|12
|
|t:|1647456264
|-formechange|p1a: Aegislash|Aegislash-Blade||[from] ability: Stance Change
|move|p1a: Aegislash|Shadow Sneak|p2a: Dragapult
|-supereffective|p2a: Dragapult
|-damage|p2a: Dragapult|16/100
|move|p2a: Dragapult|Shadow Ball|p1a: Aegislash
|-supereffective|p1a: Aegislash
|-damage|p1a: Aegislash|0 fnt
|faint|p1a: Aegislash
|
|-weather|Sandstorm|[upkeep]
|-damage|p2a: Dragapult|10/100|[from] Sandstorm
|upkeep
|
|t:|1647456278
|switch|p1a: Hippowdon|Hippowdon, M|78/100
|-damage|p1a: Hippowdon|71/100|[from] Stealth Rock
|turn|13
|
|t:|1647456283
|switch|p2a: Corviknight|Corviknight, M|91/100
|-ability|p2a: Corviknight|Pressure
|move|p1a: Hippowdon|Earthquake|p2a: Corviknight
|-immune|p2a: Corviknight
|
|-weather|none
|-heal|p1a: Hippowdon|78/100|[from] item: Leftovers
|upkeep
|turn|14
|
|t:|1647456287
|move|p2a: Corviknight|Defog|p1a: Hippowdon
|-unboost|p1a: Hippowdon|evasion|1
|-sideend|p1: BOX MUNCHER|Stealth Rock|[from] move: Defog|[of] p2a: Corviknight
|-sideend|p2: stopthreat|Toxic Spikes|[from] move: Defog|[of] p2a: Corviknight
|move|p1a: Hippowdon|Stealth Rock|p2a: Corviknight
|-sidestart|p2: stopthreat|move: Stealth Rock
|
|-heal|p1a: Hippowdon|84/100|[from] item: Leftovers
|upkeep
|turn|15
|
|t:|1647456290
|move|p2a: Corviknight|Defog|p1a: Hippowdon
|-unboost|p1a: Hippowdon|evasion|1
|-sideend|p2: stopthreat|Stealth Rock|[from] move: Defog|[of] p2a: Corviknight
|move|p1a: Hippowdon|Stealth Rock|p2a: Corviknight
|-sidestart|p2: stopthreat|move: Stealth Rock
|
|-heal|p1a: Hippowdon|90/100|[from] item: Leftovers
|upkeep
|turn|16
|
|t:|1647456293
|move|p2a: Corviknight|Defog|p1a: Hippowdon
|-unboost|p1a: Hippowdon|evasion|1
|-sideend|p2: stopthreat|Stealth Rock|[from] move: Defog|[of] p2a: Corviknight
|move|p1a: Hippowdon|Stealth Rock|p2a: Corviknight
|-sidestart|p2: stopthreat|move: Stealth Rock
|
|-heal|p1a: Hippowdon|96/100|[from] item: Leftovers
|upkeep
|turn|17
|
|t:|1647456298
|move|p2a: Corviknight|Defog|p1a: Hippowdon
|-unboost|p1a: Hippowdon|evasion|1
|-sideend|p2: stopthreat|Stealth Rock|[from] move: Defog|[of] p2a: Corviknight
|move|p1a: Hippowdon|Stealth Rock|p2a: Corviknight
|-sidestart|p2: stopthreat|move: Stealth Rock
|
|-heal|p1a: Hippowdon|100/100|[from] item: Leftovers
|upkeep
|turn|18
|
|t:|1647456302
|move|p2a: Corviknight|Defog|p1a: Hippowdon
|-unboost|p1a: Hippowdon|evasion|1
|-sideend|p2: stopthreat|Stealth Rock|[from] move: Defog|[of] p2a: Corviknight
|move|p1a: Hippowdon|Stealth Rock|p2a: Corviknight
|-sidestart|p2: stopthreat|move: Stealth Rock
|
|upkeep
|turn|19
|
|t:|1647456304
|move|p2a: Corviknight|Defog|p1a: Hippowdon
|-unboost|p1a: Hippowdon|evasion|1
|-sideend|p2: stopthreat|Stealth Rock|[from] move: Defog|[of] p2a: Corviknight
|move|p1a: Hippowdon|Stealth Rock|p2a: Corviknight
|-sidestart|p2: stopthreat|move: Stealth Rock
|
|upkeep
|turn|20
|
|t:|1647456306
|move|p2a: Corviknight|Defog|p1a: Hippowdon
|-unboost|p1a: Hippowdon|evasion|0
|-sideend|p2: stopthreat|Stealth Rock|[from] move: Defog|[of] p2a: Corviknight
|move|p1a: Hippowdon|Stealth Rock|p2a: Corviknight
|-sidestart|p2: stopthreat|move: Stealth Rock
|
|upkeep
|turn|21
|
|t:|1647456329
|switch|p1a: Weezing|Weezing-Galar, M|100/100
|move|p2a: Corviknight|Defog|p1a: Weezing
|-unboost|p1a: Weezing|evasion|1
|-sideend|p2: stopthreat|Stealth Rock|[from] move: Defog|[of] p2a: Corviknight
|
|upkeep
|turn|22
|
|t:|1647456334
|move|p2a: Corviknight|Brave Bird|p1a: Weezing
|-damage|p1a: Weezing|78/100
|-damage|p2a: Corviknight|85/100|[from] Recoil
|move|p1a: Weezing|Toxic Spikes|p2a: Corviknight
|-sidestart|p2: stopthreat|move: Toxic Spikes
|
|-heal|p1a: Weezing|84/100|[from] item: Black Sludge
|upkeep
|turn|23
|
|t:|1647456340
|move|p2a: Corviknight|Defog|p1a: Weezing
|-unboost|p1a: Weezing|evasion|1
|-sideend|p2: stopthreat|Toxic Spikes|[from] move: Defog|[of] p2a: Corviknight
|move|p1a: Weezing|Toxic Spikes|p2a: Corviknight
|-sidestart|p2: stopthreat|move: Toxic Spikes
|
|-heal|p1a: Weezing|90/100|[from] item: Black Sludge
|upkeep
|turn|24
|
|t:|1647456347
|switch|p2a: Clefable|Clefable, F|100/100
|-status|p2a: Clefable|psn
|move|p1a: Weezing|Toxic Spikes|p2a: Clefable
|-sidestart|p2: stopthreat|move: Toxic Spikes
|
|-heal|p1a: Weezing|96/100|[from] item: Black Sludge
|upkeep
|turn|25
|
|t:|1647456357
|switch|p1a: Heatran|Heatran, M|100/100
|move|p2a: Clefable|Thunder|p1a: Heatran
|-damage|p1a: Heatran|54/100
|
|upkeep
|turn|26
|
|t:|1647456364
|move|p1a: Heatran|Eruption|p2a: Clefable
|-damage|p2a: Clefable|51/100 psn
|move|p2a: Clefable|Thunder|p1a: Heatran
|-damage|p1a: Heatran|5/100
|
|upkeep
|turn|27
|
|t:|1647456370
|move|p1a: Heatran|Rest|p1a: Heatran
|-status|p1a: Heatran|slp|[from] move: Rest
|-heal|p1a: Heatran|100/100 slp|[silent]
|move|p2a: Clefable|Moonblast|p1a: Heatran
|-resisted|p1a: Heatran
|-damage|p1a: Heatran|87/100 slp
|
|upkeep
|turn|28
|
|t:|1647456373
|cant|p1a: Heatran|slp
|move|p1a: Heatran|Sleep Talk|p1a: Heatran
|move|p1a: Heatran|Rest||[from]move: Sleep Talk|[still]
|-fail|p1a: Heatran
|move|p2a: Clefable|Thunder|p1a: Heatran|[miss]
|-miss|p2a: Clefable|p1a: Heatran
|
|upkeep
|turn|29
|
|t:|1647456379
|cant|p1a: Heatran|slp
|move|p1a: Heatran|Sleep Talk|p1a: Heatran
|move|p1a: Heatran|Eruption|p2a: Clefable|[from]move: Sleep Talk
|-damage|p2a: Clefable|0 fnt
|faint|p2a: Clefable
|
|upkeep
|
|t:|1647456390
|switch|p2a: Crawdaunt|Crawdaunt, F|100/100
|-status|p2a: Crawdaunt|tox
|turn|30
|
|t:|1647456406
|switch|p1a: Dragonite|Dragonite, M|100/100
|move|p2a: Crawdaunt|Knock Off|p1a: Dragonite
|-damage|p1a: Dragonite|52/100
|-enditem|p1a: Dragonite|Choice Band|[from] move: Knock Off|[of] p2a: Crawdaunt
|
|-damage|p2a: Crawdaunt|95/100 tox|[from] psn
|upkeep
|turn|31
|
|t:|1647456417
|switch|p2a: Corviknight|Corviknight, M|85/100
|-ability|p2a: Corviknight|Pressure
|switch|p1a: Heatran|Heatran, M|87/100 slp
|
|upkeep
|turn|32
|
|t:|1647456421
|-curestatus|p1a: Heatran|slp|[msg]
|move|p1a: Heatran|Eruption|p2a: Corviknight
|-supereffective|p2a: Corviknight
|-damage|p2a: Corviknight|0 fnt
|faint|p2a: Corviknight
|
|upkeep
|-message|stopthreat forfeited.
|
|win|BOX MUNCHER
|raw|BOX MUNCHER's rating: 1488 &rarr; <strong>1506</strong><br />(+18 for winning)
|raw|stopthreat's rating: 1456 &rarr; <strong>1438</strong><br />(-18 for losing)
|l|☆stopthreat
||Ladder isn't responding, score probably updated but might not have (Request timeout).
