|html|<div class="broadcast-blue"><strong>[Gen 8] OU is currently suspecting Melmetal! For information on how to participate check out the <a href="https://www.smogon.com/forums/threads/np-ss-ou-suspect-process-round-12-monster-mash.3709234/">suspect thread</a>.</strong></div>
|j|☆Steez Ibanez
|j|☆Envyetta/TTV
|t:|1666124686
|gametype|singles
|player|p1|Steez Ibanez|acetrainer-gen7|1746
|player|p2|Envyetta/TTV|marnie|1693
|teamsize|p1|6
|teamsize|p2|6
|gen|8
|tier|[Gen 8] OU
|rated|
|rule|Sleep Clause Mod: Limit one foe put to sleep
|rule|Species Clause: Limit one of each Pokémon
|rule|OHKO Clause: OHKO moves are banned
|rule|Evasion Items Clause: Evasion items are banned
|rule|Evasion Moves Clause: Evasion moves are banned
|rule|Endless Battle Clause: Forcing endless battles is banned
|rule|HP Percentage Mod: HP is shown in percentages
|rule|Dynamax Clause: You cannot dynamax
|clearpoke
|poke|p1|Urshifu-*, M|
|poke|p1|Garchomp, M|
|poke|p1|Zapdos|
|poke|p1|Dragapult, M|
|poke|p1|Weezing-Galar, M|
|poke|p1|Ferrothorn, M|
|poke|p2|Primarina, F|
|poke|p2|Gigalith, M|
|poke|p2|Nidoqueen, F|
|poke|p2|Skarmory, F|
|poke|p2|Excadrill, F|
|poke|p2|Hydreigon, F|
|teampreview
|inactive|Battle timer is ON: inactive players will automatically lose when time's up. (requested by Envyetta/TTV)
|
|t:|1666124700
|start
|switch|p1a: Bolt|Zapdos|100/100
|switch|p2a: Hydreigon|Hydreigon, F, shiny|100/100
|turn|1
|j| Inv solak plz
|
|t:|1666124706
|move|p2a: Hydreigon|Draco Meteor|p1a: Bolt
|-damage|p1a: Bolt|6/100
|-unboost|p2a: Hydreigon|spa|2
|move|p1a: Bolt|Toxic|p2a: Hydreigon
|-status|p2a: Hydreigon|tox
|
|-damage|p2a: Hydreigon|94/100 tox|[from] psn
|upkeep
|turn|2
|j| LT_Alt1
|l| Inv solak plz
|
|t:|1666124712
|switch|p2a: Nidoqueen|Nidoqueen, F, shiny|100/100
|move|p1a: Bolt|Roost|p1a: Bolt
|-heal|p1a: Bolt|56/100
|-singleturn|p1a: Bolt|move: Roost
|
|upkeep
|turn|3
|
|t:|1666124715
|switch|p1a: Tanjiro Kun|Urshifu-Rapid-Strike, M|100/100
|move|p2a: Nidoqueen|Ice Beam|p1a: Tanjiro Kun
|-resisted|p1a: Tanjiro Kun
|-damage|p1a: Tanjiro Kun|68/100
|
|upkeep
|turn|4
|
|t:|1666124722
|switch|p2a: Skarmory|Skarmory, F, shiny|100/100
|move|p1a: Tanjiro Kun|Surging Strikes|p2a: Skarmory
|-crit|p2a: Skarmory
|-damage|p2a: Skarmory|88/100
|-crit|p2a: Skarmory
|-damage|p2a: Skarmory|76/100
|-crit|p2a: Skarmory
|-damage|p2a: Skarmory|63/100
|-hitcount|p2a: Skarmory|3
|
|upkeep
|turn|5
|
|t:|1666124727
|move|p1a: Tanjiro Kun|Taunt|p2a: Skarmory
|-start|p2a: Skarmory|move: Taunt
|cant|p2a: Skarmory|move: Taunt|Roost
|
|upkeep
|turn|6
|
|t:|1666124728
|move|p1a: Tanjiro Kun|Surging Strikes|p2a: Skarmory
|-crit|p2a: Skarmory
|-damage|p2a: Skarmory|52/100
|-crit|p2a: Skarmory
|-damage|p2a: Skarmory|40/100
|-crit|p2a: Skarmory
|-damage|p2a: Skarmory|27/100
|-hitcount|p2a: Skarmory|3
|move|p2a: Skarmory|Brave Bird|p1a: Tanjiro Kun
|-supereffective|p1a: Tanjiro Kun
|-damage|p1a: Tanjiro Kun|0 fnt
|faint|p1a: Tanjiro Kun
|-damage|p2a: Skarmory|5/100|[from] Recoil
|
|upkeep
|
|t:|1666124732
|switch|p1a: Toothless|Dragapult, M|100/100
|turn|7
|
|t:|1666124736
|switch|p2a: Marina|Primarina, F, shiny|100/100
|move|p1a: Toothless|Hex|p2a: Marina
|-damage|p2a: Marina|78/100
|
|-heal|p2a: Marina|84/100|[from] item: Leftovers
|upkeep
|turn|8
|
|t:|1666124740
|move|p1a: Toothless|U-turn|p2a: Marina
|-resisted|p2a: Marina
|-damage|p2a: Marina|72/100
|
|t:|1666124743
|switch|p1a: Bolt|Zapdos|56/100|[from]move: U-turn
|move|p2a: Marina|Scald|p1a: Bolt
|-damage|p1a: Bolt|16/100
|
|-heal|p2a: Marina|78/100|[from] item: Leftovers
|upkeep
|turn|9
|
|t:|1666124751
|switch|p2a: Nidoqueen|Nidoqueen, F, shiny|100/100
|move|p1a: Bolt|Roost|p1a: Bolt
|-heal|p1a: Bolt|66/100
|-singleturn|p1a: Bolt|move: Roost
|
|upkeep
|turn|10
|
|t:|1666124763
|move|p2a: Nidoqueen|Ice Beam|p1a: Bolt
|-supereffective|p1a: Bolt
|-damage|p1a: Bolt|0 fnt
|faint|p1a: Bolt
|
|upkeep
|
|t:|1666124765
|switch|p1a: Samehada|Garchomp, M|100/100
|turn|11
|
|t:|1666124777
|move|p1a: Samehada|Stealth Rock|p2a: Nidoqueen
|-sidestart|p2: Envyetta/TTV|move: Stealth Rock
|move|p2a: Nidoqueen|Ice Beam|p1a: Samehada
|-supereffective|p1a: Samehada
|-damage|p1a: Samehada|0 fnt
|faint|p1a: Samehada
|
|upkeep
|-message|Steez Ibanez forfeited.
|
|win|Envyetta/TTV
|raw|Steez Ibanez's rating: 1746 &rarr; <strong>1723</strong><br />(-23 for losing)
|raw|Envyetta&#x2f;TTV's rating: 1693 &rarr; <strong>1716</strong><br />(+23 for winning)
|l| LT_Alt1
|l|☆Steez Ibanez
