|j|☆Maurice Sellerby
|j|☆yung_iznamakin
|t:|1647291660
|gametype|singles
|player|p1|Maurice Sellerby|gentleman-gen4|1341
|player|p2|yung_iznamakin|ninjaboy|1313
|teamsize|p1|6
|teamsize|p2|6
|gen|8
|tier|[Gen 8] OU
|rated|
|rule|Sleep Clause Mod: Limit one foe put to sleep
|rule|Species Clause: Limit one of each Pokémon
|rule|OHKO Clause: OHKO moves are banned
|rule|Evasion Moves Clause: Evasion moves are banned
|rule|Endless Battle Clause: Forcing endless battles is banned
|rule|HP Percentage Mod: HP is shown in percentages
|rule|Dynamax Clause: You cannot dynamax
|clearpoke
|poke|p1|Azumarill, F|
|poke|p1|Regieleki|
|poke|p1|Pelipper, M|
|poke|p1|Swampert, F|
|poke|p1|Tapu Fini|
|poke|p1|Barraskewda, F|
|poke|p2|Tornadus-Therian, M|
|poke|p2|Zapdos|
|poke|p2|Melmetal|
|poke|p2|Toxapex, M|
|poke|p2|Blaziken, M|
|poke|p2|Landorus-Therian, M|
|teampreview
|
|t:|1647291672
|start
|switch|p1a: Pelipper|Pelipper, M|100/100
|switch|p2a: Tornadus|Tornadus-Therian, M|100/100
|-weather|RainDance|[from] ability: Drizzle|[of] p1a: Pelipper
|turn|1
|inactive|Battle timer is ON: inactive players will automatically lose when time's up. (requested by yung_iznamakin)
|
|t:|1647291684
|move|p2a: Tornadus|Nasty Plot|p2a: Tornadus
|-boost|p2a: Tornadus|spa|2
|move|p1a: Pelipper|U-turn|p2a: Tornadus
|-resisted|p2a: Tornadus
|-damage|p2a: Tornadus|95/100
|
|t:|1647291690
|switch|p1a: Regieleki|Regieleki|100/100|[from]move: U-turn
|
|-weather|RainDance|[upkeep]
|upkeep
|turn|2
|
|t:|1647291696
|switch|p2a: Landorus|Landorus-Therian, M|100/100
|-ability|p2a: Landorus|Intimidate|boost
|-unboost|p1a: Regieleki|atk|1
|move|p1a: Regieleki|Volt Switch|p2a: Landorus
|-immune|p2a: Landorus
|
|-weather|RainDance|[upkeep]
|upkeep
|turn|3
|
|t:|1647291706
|switch|p1a: Swampert|Swampert, F|100/100
|move|p2a: Landorus|Stealth Rock|p1a: Swampert
|-sidestart|p1: Maurice Sellerby|move: Stealth Rock
|
|-weather|RainDance|[upkeep]
|upkeep
|turn|4
|
|t:|1647291713
|move|p2a: Landorus|Toxic|p1a: Swampert
|-status|p1a: Swampert|tox
|move|p1a: Swampert|Stealth Rock|p2a: Landorus
|-sidestart|p2: yung_iznamakin|move: Stealth Rock
|
|-weather|RainDance|[upkeep]
|-damage|p1a: Swampert|94/100 tox|[from] psn
|upkeep
|turn|5
|
|t:|1647291722
|move|p2a: Landorus|U-turn|p1a: Swampert
|-damage|p1a: Swampert|75/100 tox
|
|t:|1647291725
|switch|p2a: Toxapex|Toxapex, M|100/100|[from]move: U-turn
|-damage|p2a: Toxapex|88/100|[from] Stealth Rock
|move|p1a: Swampert|Flip Turn|p2a: Toxapex
|-resisted|p2a: Toxapex
|-damage|p2a: Toxapex|75/100
|
|t:|1647291740
|switch|p1a: Azumarill|Azumarill, F|100/100|[from]move: Flip Turn
|-damage|p1a: Azumarill|88/100|[from] Stealth Rock
|
|-weather|RainDance|[upkeep]
|upkeep
|turn|6
|
|t:|1647291747
|move|p1a: Azumarill|Liquidation|p2a: Toxapex
|-resisted|p2a: Toxapex
|-damage|p2a: Toxapex|36/100
|move|p2a: Toxapex|Haze|p2a: Toxapex
|-clearallboost
|
|-weather|RainDance|[upkeep]
|upkeep
|turn|7
|
|t:|1647291758
|switch|p2a: Zapdos|Zapdos|100/100
|move|p1a: Azumarill|Liquidation|p2a: Zapdos
|-damage|p2a: Zapdos|0 fnt
|faint|p2a: Zapdos
|
|-weather|RainDance|[upkeep]
|upkeep
|
|t:|1647291765
|switch|p2a: Melmetal|Melmetal|100/100
|-damage|p2a: Melmetal|94/100|[from] Stealth Rock
|turn|8
|
|t:|1647291770
|move|p1a: Azumarill|Liquidation|p2a: Melmetal
|-damage|p2a: Melmetal|23/100
|move|p2a: Melmetal|Double Iron Bash|p1a: Azumarill
|-damage|p1a: Azumarill|21/100
|-damage|p1a: Azumarill|0 fnt
|faint|p1a: Azumarill
|-hitcount|p1: Azumarill|2
|
|-weather|none
|upkeep
|
|t:|1647291780
|switch|p1a: Pelipper|Pelipper, M|100/100
|-damage|p1a: Pelipper|76/100|[from] Stealth Rock
|-weather|RainDance|[from] ability: Drizzle|[of] p1a: Pelipper
|turn|9
|
|t:|1647291786
|move|p1a: Pelipper|Scald|p2a: Melmetal
|-damage|p2a: Melmetal|0 fnt
|faint|p2a: Melmetal
|
|-weather|RainDance|[upkeep]
|upkeep
|
|t:|1647291792
|switch|p2a: Tornadus|Tornadus-Therian, M|100/100
|turn|10
|
|t:|1647291797
|move|p2a: Tornadus|Hurricane|p1a: Pelipper
|-damage|p1a: Pelipper|0 fnt
|faint|p1a: Pelipper
|
|-weather|RainDance|[upkeep]
|upkeep
|
|t:|1647291804
|switch|p1a: Barraskewda|Barraskewda, F|100/100
|-damage|p1a: Barraskewda|88/100|[from] Stealth Rock
|turn|11
|
|t:|1647291809
|switch|p2a: Landorus|Landorus-Therian, M|100/100
|-damage|p2a: Landorus|88/100|[from] Stealth Rock
|-ability|p2a: Landorus|Intimidate|boost
|-unboost|p1a: Barraskewda|atk|1
|move|p1a: Barraskewda|Liquidation|p2a: Landorus
|-supereffective|p2a: Landorus
|-damage|p2a: Landorus|0 fnt
|faint|p2a: Landorus
|
|-weather|RainDance|[upkeep]
|upkeep
|
|t:|1647291819
|switch|p2a: Toxapex|Toxapex, M|70/100
|-damage|p2a: Toxapex|57/100|[from] Stealth Rock
|turn|12
|
|t:|1647291825
|switch|p1a: Swampert|Swampert, F|75/100 tox
|-damage|p1a: Swampert|68/100 tox|[from] Stealth Rock
|move|p2a: Toxapex|Toxic Spikes|p1a: Swampert
|-sidestart|p1: Maurice Sellerby|move: Toxic Spikes
|
|-weather|RainDance|[upkeep]
|-heal|p1a: Swampert|75/100 tox|[from] item: Leftovers
|-damage|p1a: Swampert|68/100 tox|[from] psn
|upkeep
|turn|13
|inactive|yung_iznamakin has 120 seconds left.
|
|t:|1647291871
|move|p1a: Swampert|Earthquake|p2a: Toxapex
|-supereffective|p2a: Toxapex
|-damage|p2a: Toxapex|0 fnt
|faint|p2a: Toxapex
|
|-weather|RainDance|[upkeep]
|-heal|p1a: Swampert|75/100 tox|[from] item: Leftovers
|-damage|p1a: Swampert|62/100 tox|[from] psn
|upkeep
|
|t:|1647291879
|switch|p2a: Tornadus|Tornadus-Therian, M|100/100
|turn|14
|
|t:|1647291884
|move|p2a: Tornadus|Nasty Plot|p2a: Tornadus
|-boost|p2a: Tornadus|spa|2
|move|p1a: Swampert|Flip Turn|p2a: Tornadus
|-damage|p2a: Tornadus|35/100
|
|t:|1647291890
|switch|p1a: Regieleki|Regieleki|100/100|[from]move: Flip Turn
|
|-weather|RainDance|[upkeep]
|upkeep
|turn|15
|-message|yung_iznamakin forfeited.
|
|win|Maurice Sellerby
|raw|Maurice Sellerby's rating: 1341 &rarr; <strong>1359</strong><br />(+18 for winning)
|raw|yung_iznamakin's rating: 1313 &rarr; <strong>1295</strong><br />(-18 for losing)
|l|☆yung_iznamakin
||Ladder isn't responding, score probably updated but might not have (Request timeout).
