|j|☆Draco09876
|j|☆MALEGUY
|t:|1604544998
|player|p1|Draco09876|2|1511
|player|p2|MALEGUY|swimmerf-gen4|1506
|teamsize|p1|6
|teamsize|p2|6
|gametype|singles
|gen|8
|tier|[Gen 8] OU
|rated|
|clearpoke
|poke|p1|Heatran, M|
|poke|p1|Mandibuzz, F|
|poke|p1|Scizor, M|
|poke|p1|Pheromosa|
|poke|p1|Tapu Koko|
|poke|p1|Urshifu-*, F|
|poke|p2|Volcarona, F|
|poke|p2|Kartana|
|poke|p2|Swampert, F|
|poke|p2|Tapu Fini|
|poke|p2|Thundurus-Therian, M|
|poke|p2|Melmetal|
|rule|Sleep Clause Mod: Limit one foe put to sleep
|rule|Species Clause: Limit one of each Pokémon
|rule|OHKO Clause: OHKO moves are banned
|rule|Evasion Moves Clause: Evasion moves are banned
|rule|Endless Battle Clause: Forcing endless battles is banned
|rule|HP Percentage Mod: HP is shown in percentages
|rule|Dynamax Clause: You cannot dynamax
|teampreview
|inactive|Battle timer is ON: inactive players will automatically lose when time's up. (requested by MALEGUY)
|
|t:|1604545013
|start
|switch|p1a: Tapu Koko|Tapu Koko|100/100
|switch|p2a: Your EX|Swampert, F|100/100
|-fieldstart|move: Electric Terrain|[from] ability: Electric Surge|[of] p1a: Tapu Koko
|turn|1
|
|t:|1604545019
|move|p1a: Tapu Koko|Grass Knot|p2a: Your EX
|-supereffective|p2a: Your EX
|-damage|p2a: Your EX|0 fnt
|faint|p2a: Your EX
|
|upkeep
|
|t:|1604545023
|switch|p2a: IronWhORE|Melmetal|100/100
|turn|2
|
|t:|1604545030
|switch|p1a: Mandibuzz|Mandibuzz, F|100/100
|move|p2a: IronWhORE|Earthquake|p1a: Mandibuzz
|-immune|p1a: Mandibuzz
|
|upkeep
|turn|3
|
|t:|1604545036
|switch|p2a: Bill Cosby|Thundurus-Therian, M|100/100
|move|p1a: Mandibuzz|Knock Off|p2a: Bill Cosby
|-damage|p2a: Bill Cosby|65/100
|-enditem|p2a: Bill Cosby|Choice Scarf|[from] move: Knock Off|[of] p1a: Mandibuzz
|
|upkeep
|turn|4
|
|t:|1604545045
|switch|p1a: Heatran|Heatran, M|100/100
|move|p2a: Bill Cosby|Volt Switch|p1a: Heatran
|-damage|p1a: Heatran|76/100
|
|t:|1604545051
|switch|p2a: SexyLegs|Kartana|100/100|[from]move: Volt Switch
|
|-heal|p1a: Heatran|83/100|[from] item: Leftovers
|upkeep
|turn|5
|
|t:|1604545057
|move|p2a: SexyLegs|Sacred Sword|p1a: Heatran
|-supereffective|p1a: Heatran
|-damage|p1a: Heatran|10/100
|move|p1a: Heatran|Magma Storm|p2a: SexyLegs
|-supereffective|p2a: SexyLegs
|-damage|p2a: SexyLegs|0 fnt
|faint|p2a: SexyLegs
|
|-heal|p1a: Heatran|16/100|[from] item: Leftovers
|-fieldend|move: Electric Terrain
|upkeep
|
|t:|1604545063
|switch|p2a: Bill Cosby|Thundurus-Therian, M|65/100
|turn|6
|
|t:|1604545074
|switch|p1a: Scizor|Scizor, M|100/100
|move|p2a: Bill Cosby|Volt Switch|p1a: Scizor
|-damage|p1a: Scizor|68/100
|
|t:|1604545085
|switch|p2a: BugsAreHot|Volcarona, F|100/100|[from]move: Volt Switch
|
|upkeep
|turn|7
|
|t:|1604545091
|move|p2a: BugsAreHot|Quiver Dance|p2a: BugsAreHot
|-boost|p2a: BugsAreHot|spa|1
|-boost|p2a: BugsAreHot|spd|1
|-boost|p2a: BugsAreHot|spe|1
|move|p1a: Scizor|Aerial Ace|p2a: BugsAreHot
|-supereffective|p2a: BugsAreHot
|-damage|p2a: BugsAreHot|14/100
|
|upkeep
|turn|8
|
|t:|1604545100
|move|p1a: Scizor|Bullet Punch|p2a: BugsAreHot
|-resisted|p2a: BugsAreHot
|-damage|p2a: BugsAreHot|0 fnt
|-status|p1a: Scizor|brn|[from] ability: Flame Body|[of] p2a: BugsAreHot
|faint|p2a: BugsAreHot
|
|-damage|p1a: Scizor|62/100 brn|[from] brn
|upkeep
|
|t:|1604545106
|switch|p2a: IronWhORE|Melmetal|100/100
|turn|9
|
|t:|1604545117
|switch|p1a: Mandibuzz|Mandibuzz, F|100/100
|move|p2a: IronWhORE|Thunder Punch|p1a: Mandibuzz
|-supereffective|p1a: Mandibuzz
|-damage|p1a: Mandibuzz|34/100
|-damage|p2a: IronWhORE|84/100|[from] item: Rocky Helmet|[of] p1a: Mandibuzz
|
|upkeep
|turn|10
|
|t:|1604545124
|move|p1a: Mandibuzz|Knock Off|p2a: IronWhORE
|-damage|p2a: IronWhORE|71/100
|-enditem|p2a: IronWhORE|Choice Band|[from] move: Knock Off|[of] p1a: Mandibuzz
|move|p2a: IronWhORE|Thunder Punch|p1a: Mandibuzz
|-supereffective|p1a: Mandibuzz
|-damage|p1a: Mandibuzz|0 fnt
|-damage|p2a: IronWhORE|54/100|[from] item: Rocky Helmet|[of] p1a: Mandibuzz
|faint|p1a: Mandibuzz
|
|upkeep
|
|t:|1604545137
|switch|p1a: Urshifu|Urshifu, F|100/100
|turn|11
|
|t:|1604545144
|move|p1a: Urshifu|Wicked Blow|p2a: IronWhORE
|-crit|p2a: IronWhORE
|-damage|p2a: IronWhORE|10/100
|-damage|p1a: Urshifu|91/100|[from] item: Life Orb
|move|p2a: IronWhORE|Superpower|p1a: Urshifu
|-supereffective|p1a: Urshifu
|-damage|p1a: Urshifu|0 fnt
|-unboost|p2a: IronWhORE|atk|1
|-unboost|p2a: IronWhORE|def|1
|faint|p1a: Urshifu
|
|upkeep
|
|t:|1604545150
|switch|p1a: Pheromosa|Pheromosa|100/100
|turn|12
|
|t:|1604545154
|move|p1a: Pheromosa|Ice Beam|p2a: IronWhORE
|-resisted|p2a: IronWhORE
|-damage|p2a: IronWhORE|0 fnt
|faint|p2a: IronWhORE
|-ability|p1a: Pheromosa|Beast Boost|boost
|-boost|p1a: Pheromosa|spe|1
|
|upkeep
|
|t:|1604545158
|switch|p2a: SpankMeDaddy|Tapu Fini|100/100
|-fieldstart|move: Misty Terrain|[from] ability: Misty Surge|[of] p2a: SpankMeDaddy
|turn|13
|
|t:|1604545162
|move|p1a: Pheromosa|Poison Jab|p2a: SpankMeDaddy
|-supereffective|p2a: SpankMeDaddy
|-damage|p2a: SpankMeDaddy|49/100
|move|p2a: SpankMeDaddy|Moonblast|p1a: Pheromosa
|-supereffective|p1a: Pheromosa
|-enditem|p1a: Pheromosa|Focus Sash
|-damage|p1a: Pheromosa|1/100
|-unboost|p1a: Pheromosa|spa|1
|
|-heal|p2a: SpankMeDaddy|55/100|[from] item: Leftovers
|upkeep
|turn|14
|
|t:|1604545168
|move|p1a: Pheromosa|U-turn|p2a: SpankMeDaddy
|-resisted|p2a: SpankMeDaddy
|-damage|p2a: SpankMeDaddy|38/100
|
|t:|1604545171
|switch|p1a: Scizor|Scizor, M|62/100 brn|[from]move: U-turn
|move|p2a: SpankMeDaddy|Moonblast|p1a: Scizor
|-resisted|p1a: Scizor
|-damage|p1a: Scizor|50/100 brn
|-unboost|p1a: Scizor|spa|1
|
|-heal|p2a: SpankMeDaddy|44/100|[from] item: Leftovers
|-damage|p1a: Scizor|44/100 brn|[from] brn
|upkeep
|turn|15
|
|t:|1604545181
|switch|p2a: Bill Cosby|Thundurus-Therian, M|65/100
|move|p1a: Scizor|Bullet Punch|p2a: Bill Cosby
|-resisted|p2a: Bill Cosby
|-damage|p2a: Bill Cosby|52/100
|
|-damage|p1a: Scizor|38/100 brn|[from] brn
|upkeep
|turn|16
|
|t:|1604545191
|move|p1a: Scizor|Bullet Punch|p2a: Bill Cosby
|-resisted|p2a: Bill Cosby
|-damage|p2a: Bill Cosby|39/100
|move|p2a: Bill Cosby|Thunderbolt|p1a: Scizor
|-damage|p1a: Scizor|0 fnt
|faint|p1a: Scizor
|
|upkeep
|
|t:|1604545197
|switch|p1a: Tapu Koko|Tapu Koko|100/100
|-fieldstart|move: Electric Terrain|[from] ability: Electric Surge|[of] p1a: Tapu Koko
|turn|17
|
|t:|1604545202
|move|p1a: Tapu Koko|Thunderbolt|p2a: Bill Cosby
|-heal|p2a: Bill Cosby|63/100|[from] ability: Volt Absorb|[of] p1a: Tapu Koko
|move|p2a: Bill Cosby|Thunderbolt|p1a: Tapu Koko
|-resisted|p1a: Tapu Koko
|-damage|p1a: Tapu Koko|58/100
|
|upkeep
|turn|18
|
|t:|1604545208
|switch|p1a: Heatran|Heatran, M|16/100
|move|p2a: Bill Cosby|Thunderbolt|p1a: Heatran
|-damage|p1a: Heatran|0 fnt
|faint|p1a: Heatran
|
|upkeep
|
|t:|1604545214
|switch|p1a: Pheromosa|Pheromosa|1/100
|turn|19
|
|t:|1604545217
|move|p1a: Pheromosa|Poison Jab|p2a: Bill Cosby
|-damage|p2a: Bill Cosby|21/100
|move|p2a: Bill Cosby|Thunderbolt|p1a: Pheromosa
|-damage|p1a: Pheromosa|0 fnt
|faint|p1a: Pheromosa
|
|upkeep
|
|t:|1604545223
|switch|p1a: Tapu Koko|Tapu Koko|58/100
|turn|20
|
|t:|1604545227
|move|p1a: Tapu Koko|Grass Knot|p2a: Bill Cosby
|-resisted|p2a: Bill Cosby
|-damage|p2a: Bill Cosby|0 fnt
|faint|p2a: Bill Cosby
|
|upkeep
|
|t:|1604545230
|switch|p2a: SpankMeDaddy|Tapu Fini|44/100
|-fieldstart|move: Misty Terrain|[from] ability: Misty Surge|[of] p2a: SpankMeDaddy
|turn|21
|
|t:|1604545234
|move|p1a: Tapu Koko|Grass Knot|p2a: SpankMeDaddy
|-supereffective|p2a: SpankMeDaddy
|-damage|p2a: SpankMeDaddy|25/100
|move|p2a: SpankMeDaddy|Moonblast|p1a: Tapu Koko
|-damage|p1a: Tapu Koko|8/100
|
|-heal|p2a: SpankMeDaddy|32/100|[from] item: Leftovers
|upkeep
|turn|22
|
|t:|1604545237
|move|p1a: Tapu Koko|Grass Knot|p2a: SpankMeDaddy
|-supereffective|p2a: SpankMeDaddy
|-damage|p2a: SpankMeDaddy|13/100
|move|p2a: SpankMeDaddy|Moonblast|p1a: Tapu Koko
|-damage|p1a: Tapu Koko|0 fnt
|faint|p1a: Tapu Koko
|
|win|MALEGUY
|l|☆Draco09876
|c|☆MALEGUY|Gg
||Ladder (probably) updated, but score could not be retrieved (Request timeout).
