|html|<div class="broadcast-blue"><strong>[Gen 8] OU is currently suspecting Melmetal! For information on how to participate check out the <a href="https://www.smogon.com/forums/threads/np-ss-ou-suspect-process-round-12-monster-mash.3709234/">suspect thread</a>.</strong></div>
|j|‽Steelix Fusion
|j|☆BriefMarigold4
|t:|1666327727
|gametype|singles
|player|p1|Steelix Fusion|marshal|1675
|player|p2|BriefMarigold4|102|1691
|teamsize|p1|6
|teamsize|p2|6
|gen|8
|tier|[Gen 8] OU
|rated|
|rule|Sleep Clause Mod: Limit one foe put to sleep
|rule|Species Clause: Limit one of each Pokémon
|rule|OHKO Clause: OHKO moves are banned
|rule|Evasion Items Clause: Evasion items are banned
|rule|Evasion Moves Clause: Evasion moves are banned
|rule|Endless Battle Clause: Forcing endless battles is banned
|rule|HP Percentage Mod: HP is shown in percentages
|rule|Dynamax Clause: You cannot dynamax
|clearpoke
|poke|p1|Klefki, F|
|poke|p1|Porygon2|
|poke|p1|Glastrier|
|poke|p1|Marowak-Alola, F|
|poke|p1|Cresselia, F|
|poke|p1|Crawdaunt, F|
|poke|p2|Buzzwole|
|poke|p2|Snorlax, F|
|poke|p2|Slowking-Galar, M|
|poke|p2|Corviknight, F|
|poke|p2|Landorus-Therian, M|
|poke|p2|Urshifu-*, M|
|teampreview
|inactive|Battle timer is ON: inactive players will automatically lose when time's up. (requested by Steelix Fusion)
|
|t:|1666327746
|start
|switch|p1a: Klefki|Klefki, F|100/100
|switch|p2a: bomb|Landorus-Therian, M|100/100
|-ability|p2a: bomb|Intimidate|boost
|-unboost|p1a: Klefki|atk|1
|turn|1
|l|☆BriefMarigold4
|inactive|BriefMarigold4 disconnected and has a minute to reconnect!
|player|p2|
|inactive|BriefMarigold4 has 30 seconds to reconnect!
|j| LT_Alt1
|inactive|BriefMarigold4 has 20 seconds to reconnect!
|inactive|BriefMarigold4 has 15 seconds to reconnect!
|j|☆BriefMarigold4
|inactive|BriefMarigold4 reconnected and has 100 seconds left.
|player|p2|BriefMarigold4|102
|
|t:|1666327800
|switch|p1a: Porygon2|Porygon2|100/100
|-ability|p1a: Porygon2|Intimidate|[from] ability: Trace|[of] p2a: bomb
|-ability|p1a: Porygon2|Intimidate|boost
|-unboost|p2a: bomb|atk|1
|move|p2a: bomb|Earthquake|p1a: Porygon2
|-damage|p1a: Porygon2|68/100
|
|upkeep
|turn|2
|
|t:|1666327808
|move|p2a: bomb|Swords Dance|p2a: bomb
|-boost|p2a: bomb|atk|2
|move|p1a: Porygon2|Trick Room|p1a: Porygon2
|-fieldstart|move: Trick Room|[of] p1a: Porygon2
|
|upkeep
|turn|3
|
|t:|1666327812
|move|p1a: Porygon2|Foul Play|p2a: bomb
|-damage|p2a: bomb|33/100
|move|p2a: bomb|Earthquake|p1a: Porygon2
|-damage|p1a: Porygon2|0 fnt
|faint|p1a: Porygon2
|
|upkeep
|
|t:|1666327821
|switch|p1a: Crawdaunt|Crawdaunt, F|100/100
|turn|4
|
|t:|1666327823
|move|p1a: Crawdaunt|Knock Off|p2a: bomb
|-damage|p2a: bomb|0 fnt
|-enditem|p2a: bomb|Soft Sand|[from] move: Knock Off|[of] p1a: Crawdaunt
|faint|p2a: bomb
|-damage|p1a: Crawdaunt|90/100|[from] item: Life Orb
|
|upkeep
|
|t:|1666327832
|switch|p2a: Urshifu|Urshifu-Rapid-Strike, M|100/100
|turn|5
|
|t:|1666327836
|move|p1a: Crawdaunt|Knock Off|p2a: Urshifu
|-resisted|p2a: Urshifu
|-damage|p2a: Urshifu|57/100
|-enditem|p2a: Urshifu|Choice Band|[from] move: Knock Off|[of] p1a: Crawdaunt
|-damage|p1a: Crawdaunt|80/100|[from] item: Life Orb
|move|p2a: Urshifu|U-turn|p1a: Crawdaunt
|-supereffective|p1a: Crawdaunt
|-damage|p1a: Crawdaunt|21/100
|
|t:|1666327839
|switch|p2a: birbo|Corviknight, F|100/100|[from]move: U-turn
|-ability|p2a: birbo|Pressure
|
|upkeep
|turn|6
|
|t:|1666327851
|switch|p1a: Klefki|Klefki, F|100/100
|move|p2a: birbo|U-turn|p1a: Klefki
|-resisted|p1a: Klefki
|-damage|p1a: Klefki|97/100
|
|t:|1666327855
|switch|p2a: Chonky Mama|Snorlax, F, shiny|100/100|[from]move: U-turn
|
|-fieldend|move: Trick Room
|upkeep
|turn|7
|
|t:|1666327858
|move|p1a: Klefki|Reflect|p1a: Klefki
|-sidestart|p1: Steelix Fusion|Reflect
|move|p2a: Chonky Mama|Curse|p2a: Chonky Mama
|-unboost|p2a: Chonky Mama|spe|1
|-boost|p2a: Chonky Mama|atk|1
|-boost|p2a: Chonky Mama|def|1
|
|upkeep
|turn|8
|
|t:|1666327868
|switch|p1a: Glastrier|Glastrier|100/100
|move|p2a: Chonky Mama|Curse|p2a: Chonky Mama
|-unboost|p2a: Chonky Mama|spe|1
|-boost|p2a: Chonky Mama|atk|1
|-boost|p2a: Chonky Mama|def|1
|
|upkeep
|turn|9
|j| khtdcfjgfcm
|
|t:|1666327874
|switch|p2a: God Save the King|Slowking-Galar, M|100/100
|move|p1a: Glastrier|Swords Dance|p1a: Glastrier
|-boost|p1a: Glastrier|atk|2
|
|upkeep
|turn|10
|
|t:|1666327879
|move|p2a: God Save the King|Flamethrower|p1a: Glastrier
|-supereffective|p1a: Glastrier
|-damage|p1a: Glastrier|62/100
|-status|p1a: Glastrier|brn
|move|p1a: Glastrier|High Horsepower|p2a: God Save the King
|-supereffective|p2a: God Save the King
|-damage|p2a: God Save the King|23/100
|
|-damage|p1a: Glastrier|56/100 brn|[from] brn
|upkeep
|turn|11
|
|t:|1666327888
|switch|p2a: UwU *nuzzles u*|Buzzwole|100/100
|move|p1a: Glastrier|Close Combat|p2a: UwU *nuzzles u*
|-resisted|p2a: UwU *nuzzles u*
|-damage|p2a: UwU *nuzzles u*|88/100
|-unboost|p1a: Glastrier|def|1
|-unboost|p1a: Glastrier|spd|1
|
|-heal|p2a: UwU *nuzzles u*|95/100|[from] item: Leftovers
|-damage|p1a: Glastrier|50/100 brn|[from] brn
|upkeep
|turn|12
|
|t:|1666327897
|switch|p1a: Cresselia|Cresselia, F|100/100
|move|p2a: UwU *nuzzles u*|Leech Life|p1a: Cresselia
|-supereffective|p1a: Cresselia
|-damage|p1a: Cresselia|76/100
|-heal|p2a: UwU *nuzzles u*|100/100|[from] drain|[of] p1a: Cresselia
|
|upkeep
|turn|13
|
|t:|1666327904
|switch|p2a: Chonky Mama|Snorlax, F, shiny|100/100
|move|p1a: Cresselia|Trick Room|p1a: Cresselia
|-fieldstart|move: Trick Room|[of] p1a: Cresselia
|
|upkeep
|turn|14
|
|t:|1666327914
|move|p2a: Chonky Mama|Curse|p2a: Chonky Mama
|-unboost|p2a: Chonky Mama|spe|1
|-boost|p2a: Chonky Mama|atk|1
|-boost|p2a: Chonky Mama|def|1
|move|p1a: Cresselia|Lunar Dance|p1a: Cresselia
|faint|p1a: Cresselia
|
|-sideend|p1: Steelix Fusion|Reflect
|upkeep
|
|t:|1666327920
|switch|p1a: Glastrier|Glastrier|50/100 brn
|-heal|p1a: Glastrier|100/100|[from] move: Lunar Dance
|turn|15
|
|t:|1666327924
|move|p2a: Chonky Mama|Curse|p2a: Chonky Mama
|-unboost|p2a: Chonky Mama|spe|1
|-boost|p2a: Chonky Mama|atk|1
|-boost|p2a: Chonky Mama|def|1
|move|p1a: Glastrier|Swords Dance|p1a: Glastrier
|-boost|p1a: Glastrier|atk|2
|
|upkeep
|turn|16
|
|t:|1666327931
|move|p2a: Chonky Mama|Double-Edge|p1a: Glastrier
|-damage|p1a: Glastrier|41/100
|-damage|p2a: Chonky Mama|85/100|[from] Recoil
|move|p1a: Glastrier|Close Combat|p2a: Chonky Mama
|-supereffective|p2a: Chonky Mama
|-crit|p2a: Chonky Mama
|-damage|p2a: Chonky Mama|0 fnt
|-unboost|p1a: Glastrier|def|1
|-unboost|p1a: Glastrier|spd|1
|faint|p2a: Chonky Mama
|-ability|p1a: Glastrier|Chilling Neigh|boost
|-boost|p1a: Glastrier|atk|1
|
|upkeep
|j| Hastings1066
|c|☆BriefMarigold4|oh come the fuck on+
|c|☆BriefMarigold4|this is fucking bullshiit
|
|t:|1666327952
|switch|p2a: UwU *nuzzles u*|Buzzwole|100/100
|turn|17
|
|t:|1666327954
|move|p1a: Glastrier|Icicle Crash|p2a: UwU *nuzzles u*
|-damage|p2a: UwU *nuzzles u*|33/100
|move|p2a: UwU *nuzzles u*|Close Combat|p1a: Glastrier
|-supereffective|p1a: Glastrier
|-damage|p1a: Glastrier|0 fnt
|-unboost|p2a: UwU *nuzzles u*|def|1
|-unboost|p2a: UwU *nuzzles u*|spd|1
|faint|p1a: Glastrier
|-ability|p2a: UwU *nuzzles u*|Beast Boost|boost
|-boost|p2a: UwU *nuzzles u*|def|1
|
|-heal|p2a: UwU *nuzzles u*|39/100|[from] item: Leftovers
|-fieldend|move: Trick Room
|upkeep
|
|t:|1666327967
|switch|p1a: Klefki|Klefki, F|97/100
|turn|18
|
|t:|1666327971
|move|p1a: Klefki|Thunder Wave|p2a: UwU *nuzzles u*
|-status|p2a: UwU *nuzzles u*|par
|move|p2a: UwU *nuzzles u*|Close Combat|p1a: Klefki
|-damage|p1a: Klefki|35/100
|-unboost|p2a: UwU *nuzzles u*|def|1
|-unboost|p2a: UwU *nuzzles u*|spd|1
|
|-heal|p2a: UwU *nuzzles u*|45/100 par|[from] item: Leftovers
|upkeep
|turn|19
|
|t:|1666327979
|switch|p2a: birbo|Corviknight, F|100/100
|-ability|p2a: birbo|Pressure
|move|p1a: Klefki|Reflect|p1a: Klefki
|-sidestart|p1: Steelix Fusion|Reflect
|
|upkeep
|turn|20
|
|t:|1666327985
|move|p1a: Klefki|Thunder Wave|p2a: birbo
|-status|p2a: birbo|par
|move|p2a: birbo|Defog|p1a: Klefki
|-unboost|p1a: Klefki|evasion|1
|-sideend|p1: Steelix Fusion|Reflect
|
|upkeep
|turn|21
|
|t:|1666327991
|switch|p2a: God Save the King|Slowking-Galar, M|57/100
|move|p1a: Klefki|Reflect|p1a: Klefki
|-sidestart|p1: Steelix Fusion|Reflect
|
|upkeep
|turn|22
|
|t:|1666327998
|move|p1a: Klefki|Light Screen|p1a: Klefki
|-sidestart|p1: Steelix Fusion|move: Light Screen
|move|p2a: God Save the King|Flamethrower|p1a: Klefki
|-supereffective|p1a: Klefki
|-damage|p1a: Klefki|7/100
|
|upkeep
|turn|23
|
|t:|1666328002
|move|p1a: Klefki|Thunder Wave|p2a: God Save the King
|-status|p2a: God Save the King|par
|cant|p2a: God Save the King|par
|
|upkeep
|turn|24
|
|t:|1666328006
|move|p1a: Klefki|Defog|p2a: God Save the King
|-unboost|p2a: God Save the King|evasion|1
|move|p2a: God Save the King|Flamethrower|p1a: Klefki
|-supereffective|p1a: Klefki
|-damage|p1a: Klefki|0 fnt
|faint|p1a: Klefki
|
|upkeep
|c|☆BriefMarigold4|bull fucking shit
|
|t:|1666328014
|switch|p1a: Marowak|Marowak-Alola, F|100/100
|turn|25
|
|t:|1666328017
|move|p1a: Marowak|Poltergeist|p2a: God Save the King
|-activate|p2a: God Save the King|move: Poltergeist|Assault Vest
|-supereffective|p2a: God Save the King
|-damage|p2a: God Save the King|0 fnt
|faint|p2a: God Save the King
|
|upkeep
|
|t:|1666328019
|switch|p2a: Urshifu|Urshifu-Rapid-Strike, M|57/100
|turn|26
|
|t:|1666328025
|move|p2a: Urshifu|Surging Strikes|p1a: Marowak
|-supereffective|p1a: Marowak
|-crit|p1a: Marowak
|-damage|p1a: Marowak|63/100
|-supereffective|p1a: Marowak
|-crit|p1a: Marowak
|-damage|p1a: Marowak|21/100
|-supereffective|p1a: Marowak
|-crit|p1a: Marowak
|-damage|p1a: Marowak|0 fnt
|faint|p1a: Marowak
|-hitcount|p1: Marowak|3
|
|upkeep
|l| Hastings1066
|inactive|Steelix Fusion has 120 seconds left.
|
|t:|1666328063
|switch|p1a: Crawdaunt|Crawdaunt, F|21/100
|turn|27
|
|t:|1666328065
|move|p2a: Urshifu|Surging Strikes|p1a: Crawdaunt
|-resisted|p1a: Crawdaunt
|-crit|p1a: Crawdaunt
|-damage|p1a: Crawdaunt|10/100
|-resisted|p1a: Crawdaunt
|-crit|p1a: Crawdaunt
|-damage|p1a: Crawdaunt|0 fnt
|faint|p1a: Crawdaunt
|-hitcount|p1: Crawdaunt|2
|
|win|BriefMarigold4
|raw|Steelix Fusion's rating: 1675 &rarr; <strong>1656</strong><br />(-19 for losing)
|raw|BriefMarigold4's rating: 1691 &rarr; <strong>1710</strong><br />(+19 for winning)
|l|‽Steelix Fusion
