|j|☆dracovishsuckslol
|j|☆cold.exe
|player|p1|dracovishsuckslol|dawn|1434
|player|p2|cold.exe|flannery|1384
|teamsize|p1|6
|teamsize|p2|6
|gametype|singles
|gen|8
|tier|[Gen 8] OU
|rated|
|clearpoke
|poke|p1|Crawdaunt, F|
|poke|p1|Pincurchin, F|
|poke|p1|Raichu-Alola, F|
|poke|p1|Cinderace, F|
|poke|p1|Hawlucha, F|
|poke|p1|Keldeo-Resolute|
|poke|p2|Diggersby, F|
|poke|p2|Azumarill, F|
|poke|p2|Mandibuzz, F|
|poke|p2|Rotom-Heat|
|poke|p2|Rillaboom, M|
|poke|p2|Cinderace, F|
|rule|Sleep Clause Mod: Limit one foe put to sleep
|rule|Species Clause: Limit one of each Pokémon
|rule|OHKO Clause: OHKO moves are banned
|rule|Evasion Moves Clause: Evasion moves are banned
|rule|Endless Battle Clause: Forcing endless battles is banned
|rule|HP Percentage Mod: HP is shown in percentages
|rule|Dynamax Clause: You cannot dynamax
|teampreview
|
|start
|switch|p1a: Keldeo|Keldeo-Resolute|100/100
|switch|p2a: Diggersby|Diggersby, F|100/100
|turn|1
|
|switch|p2a: Mandibuzz|Mandibuzz, F|100/100
|move|p1a: Keldeo|Flip Turn|p2a: Mandibuzz
|-damage|p2a: Mandibuzz|91/100
|
|switch|p1a: Pincurchin|Pincurchin, F|100/100|[from]move: Flip Turn
|-fieldstart|move: Electric Terrain|[from] ability: Electric Surge|[of] p1a: Pincurchin
|
|upkeep
|turn|2
|
|switch|p2a: Rillaboom|Rillaboom, M|100/100
|-fieldstart|move: Grassy Terrain|[from] ability: Grassy Surge|[of] p2a: Rillaboom
|move|p1a: Pincurchin|Spikes|p2a: Rillaboom
|-sidestart|p2: cold.exe|Spikes
|
|upkeep
|turn|3
|inactive|Battle timer is ON: inactive players will automatically lose when time's up. (requested by cold.exe)
|
|move|p2a: Rillaboom|Swords Dance|p2a: Rillaboom
|-boost|p2a: Rillaboom|atk|2
|move|p1a: Pincurchin|Toxic Spikes|p2a: Rillaboom
|-sidestart|p2: cold.exe|move: Toxic Spikes
|
|upkeep
|turn|4
|
|move|p2a: Rillaboom|Grassy Glide|p1a: Pincurchin
|-damage|p1a: Pincurchin|0 fnt
|-damage|p2a: Rillaboom|91/100|[from] item: Life Orb
|faint|p1a: Pincurchin
|
|-heal|p2a: Rillaboom|97/100|[from] Grassy Terrain
|upkeep
|
|switch|p1a: Cinderace|Cinderace, F|100/100
|turn|5
|
|move|p2a: Rillaboom|Grassy Glide|p1a: Cinderace
|-resisted|p1a: Cinderace
|-damage|p1a: Cinderace|0 fnt
|-damage|p2a: Rillaboom|87/100|[from] item: Life Orb
|faint|p1a: Cinderace
|
|-heal|p2a: Rillaboom|93/100|[from] Grassy Terrain
|upkeep
|-message|dracovishsuckslol forfeited.
|
|win|cold.exe
|l|☆dracovishsuckslol
|raw|dracovishsuckslol's rating: 1434 &rarr; <strong>1411</strong><br />(-23 for losing)
|raw|cold.exe's rating: 1384 &rarr; <strong>1407</strong><br />(+23 for winning)
