|j|☆Justin UA
|j|☆norca152
|t:|1635908088
|gametype|singles
|player|p1|Justin UA|ethan|1621
|player|p2|norca152|224|1671
|teamsize|p1|6
|teamsize|p2|6
|gen|8
|tier|[Gen 8] OU
|rated|
|rule|Sleep Clause Mod: Limit one foe put to sleep
|rule|Species Clause: Limit one of each Pokémon
|rule|OHKO Clause: OHKO moves are banned
|rule|Evasion Moves Clause: Evasion moves are banned
|rule|Endless Battle Clause: Forcing endless battles is banned
|rule|HP Percentage Mod: HP is shown in percentages
|rule|Dynamax Clause: You cannot dynamax
|clearpoke
|poke|p1|Melmetal|
|poke|p1|Urshifu-*, F|
|poke|p1|Corviknight, M|
|poke|p1|Slowbro, M|
|poke|p1|Landorus-Therian, M|
|poke|p1|Dragapult, M|
|poke|p2|Melmetal|
|poke|p2|Dragonite, F|
|poke|p2|Landorus-Therian, M|
|poke|p2|Dragapult, F|
|poke|p2|Primarina, F|
|poke|p2|Corviknight, F|
|teampreview
|inactive|Battle timer is ON: inactive players will automatically lose when time's up. (requested by Justin UA)
|j| r1dude
|
|t:|1635908107
|start
|switch|p1a: Melmetal|Melmetal|100/100
|switch|p2a: Primarina|Primarina, F|100/100
|turn|1
|j| Nesnot
|
|t:|1635908114
|move|p2a: Primarina|Whirlpool|p1a: Melmetal
|-damage|p1a: Melmetal|93/100
|-activate|p1a: Melmetal|move: Whirlpool|[of] p2a: Primarina
|move|p1a: Melmetal|Double Iron Bash|p2a: Primarina
|-damage|p2a: Primarina|71/100
|-damage|p2a: Primarina|41/100
|-hitcount|p2a: Primarina|2
|
|-heal|p2a: Primarina|47/100|[from] item: Leftovers
|-damage|p1a: Melmetal|81/100|[from] move: Whirlpool|[partiallytrapped]
|upkeep
|turn|2
|l| Nesnot
|
|t:|1635908121
|move|p2a: Primarina|Protect|p2a: Primarina
|-singleturn|p2a: Primarina|Protect
|move|p1a: Melmetal|Double Iron Bash|p2a: Primarina
|-activate|p2a: Primarina|move: Protect
|
|-heal|p2a: Primarina|53/100|[from] item: Leftovers
|-damage|p1a: Melmetal|68/100|[from] move: Whirlpool|[partiallytrapped]
|upkeep
|turn|3
|
|t:|1635908126
|switch|p2a: Corviknight|Corviknight, F|100/100
|-ability|p2a: Corviknight|Pressure
|move|p1a: Melmetal|Double Iron Bash|p2a: Corviknight
|-resisted|p2a: Corviknight
|-damage|p2a: Corviknight|87/100
|-damage|p1a: Melmetal|52/100|[from] item: Rocky Helmet|[of] p2a: Corviknight
|-resisted|p2a: Corviknight
|-damage|p2a: Corviknight|73/100
|-damage|p1a: Melmetal|35/100|[from] item: Rocky Helmet|[of] p2a: Corviknight
|-hitcount|p2a: Corviknight|2
|
|-end|p1a: Melmetal|Whirlpool|[partiallytrapped]|[silent]
|upkeep
|turn|4
|
|t:|1635908136
|switch|p1a: Landorus|Landorus-Therian, M|100/100
|-ability|p1a: Landorus|Intimidate|boost
|-unboost|p2a: Corviknight|atk|1
|move|p2a: Corviknight|Body Press|p1a: Landorus
|-resisted|p1a: Landorus
|-damage|p1a: Landorus|91/100
|
|-heal|p1a: Landorus|97/100|[from] item: Leftovers
|upkeep
|turn|5
|
|t:|1635908141
|move|p1a: Landorus|Stealth Rock|p2a: Corviknight
|-sidestart|p2: norca152|move: Stealth Rock
|move|p2a: Corviknight|Bulk Up|p2a: Corviknight
|-boost|p2a: Corviknight|atk|1
|-boost|p2a: Corviknight|def|1
|
|-heal|p1a: Landorus|100/100|[from] item: Leftovers
|upkeep
|turn|6
|
|t:|1635908152
|move|p1a: Landorus|U-turn|p2a: Corviknight
|-resisted|p2a: Corviknight
|-damage|p2a: Corviknight|70/100
|-damage|p1a: Landorus|84/100|[from] item: Rocky Helmet|[of] p2a: Corviknight
|
|t:|1635908158
|switch|p1a: Dragapult|Dragapult, M|100/100|[from]move: U-turn
|move|p2a: Corviknight|Bulk Up|p2a: Corviknight
|-boost|p2a: Corviknight|atk|1
|-boost|p2a: Corviknight|def|1
|
|upkeep
|turn|7
|
|t:|1635908163
|move|p1a: Dragapult|Shadow Ball|p2a: Corviknight
|-damage|p2a: Corviknight|34/100
|move|p2a: Corviknight|Brave Bird|p1a: Dragapult
|-damage|p1a: Dragapult|19/100
|-damage|p2a: Corviknight|12/100|[from] Recoil
|
|upkeep
|turn|8
|
|t:|1635908169
|move|p1a: Dragapult|Shadow Ball|p2a: Corviknight
|-damage|p2a: Corviknight|0 fnt
|faint|p2a: Corviknight
|
|upkeep
|
|t:|1635908189
|switch|p2a: Dragonite|Dragonite, F|100/100
|turn|9
|
|t:|1635908193
|switch|p1a: Slowbro|Slowbro, M|100/100
|move|p2a: Dragonite|Earthquake|p1a: Slowbro
|-damage|p1a: Slowbro|83/100
|
|upkeep
|turn|10
|
|t:|1635908199
|move|p2a: Dragonite|Toxic|p1a: Slowbro
|-status|p1a: Slowbro|tox
|move|p1a: Slowbro|Scald|p2a: Dragonite
|-resisted|p2a: Dragonite
|-damage|p2a: Dragonite|95/100
|
|-damage|p1a: Slowbro|77/100 tox|[from] psn
|upkeep
|turn|11
|
|t:|1635908203
|move|p2a: Dragonite|Defog|p1a: Slowbro
|-unboost|p1a: Slowbro|evasion|1
|-sideend|p2: norca152|Stealth Rock|[from] move: Defog|[of] p2a: Dragonite
|move|p1a: Slowbro|Teleport|p1a: Slowbro
|
|t:|1635908211
|switch|p1a: Urshifu|Urshifu-Rapid-Strike, F|100/100|[from]move: Teleport
|
|upkeep
|turn|12
|
|t:|1635908214
|move|p1a: Urshifu|U-turn|p2a: Dragonite
|-resisted|p2a: Dragonite
|-damage|p2a: Dragonite|83/100
|j| AwadJJ
|
|t:|1635908223
|switch|p1a: Corviknight|Corviknight, M|100/100|[from]move: U-turn
|-ability|p1a: Corviknight|Pressure
|move|p2a: Dragonite|Toxic|p1a: Corviknight
|-immune|p1a: Corviknight
|
|upkeep
|turn|13
|
|t:|1635908239
|switch|p2a: Landorus|Landorus-Therian, M|100/100
|-ability|p2a: Landorus|Intimidate|boost
|-unboost|p1a: Corviknight|atk|1
|move|p1a: Corviknight|U-turn|p2a: Landorus
|-resisted|p2a: Landorus
|-damage|p2a: Landorus|97/100
|
|t:|1635908244
|switch|p1a: Urshifu|Urshifu-Rapid-Strike, F|100/100|[from]move: U-turn
|
|-heal|p2a: Landorus|100/100|[from] item: Leftovers
|upkeep
|turn|14
|
|t:|1635908262
|switch|p2a: Primarina|Primarina, F|53/100
|move|p1a: Urshifu|Surging Strikes|p2a: Primarina
|-resisted|p2a: Primarina
|-crit|p2a: Primarina
|-damage|p2a: Primarina|42/100
|-resisted|p2a: Primarina
|-crit|p2a: Primarina
|-damage|p2a: Primarina|29/100
|-resisted|p2a: Primarina
|-crit|p2a: Primarina
|-damage|p2a: Primarina|17/100
|-hitcount|p2a: Primarina|3
|
|-heal|p2a: Primarina|23/100|[from] item: Leftovers
|upkeep
|turn|15
|j| Nesnot
|
|t:|1635908266
|move|p2a: Primarina|Protect|p2a: Primarina
|-singleturn|p2a: Primarina|Protect
|move|p1a: Urshifu|Surging Strikes|p2a: Primarina
|-resisted|p2a: Primarina
|-crit|p2a: Primarina
|-damage|p2a: Primarina|11/100
|-resisted|p2a: Primarina
|-crit|p2a: Primarina
|-damage|p2a: Primarina|0 fnt
|faint|p2a: Primarina
|-hitcount|p2: Primarina|2
|
|upkeep
|
|t:|1635908277
|switch|p2a: Dragapult|Dragapult, F|100/100
|turn|16
|
|t:|1635908286
|switch|p1a: Slowbro|Slowbro, M|100/100 tox
|move|p2a: Dragapult|Draco Meteor|p1a: Slowbro
|-damage|p1a: Slowbro|5/100 tox
|-unboost|p2a: Dragapult|spa|2
|
|-damage|p1a: Slowbro|0 fnt|[from] psn
|faint|p1a: Slowbro
|upkeep
|
|t:|1635908300
|switch|p1a: Landorus|Landorus-Therian, M|84/100
|-ability|p1a: Landorus|Intimidate|boost
|-unboost|p2a: Dragapult|atk|1
|turn|17
|
|t:|1635908305
|switch|p2a: Landorus|Landorus-Therian, M|100/100
|-ability|p2a: Landorus|Intimidate|boost
|-unboost|p1a: Landorus|atk|1
|move|p1a: Landorus|U-turn|p2a: Landorus
|-resisted|p2a: Landorus
|-damage|p2a: Landorus|94/100
|
|t:|1635908309
|switch|p1a: Urshifu|Urshifu-Rapid-Strike, F|100/100|[from]move: U-turn
|
|-heal|p2a: Landorus|99/100|[from] item: Leftovers
|upkeep
|turn|18
|
|t:|1635908314
|switch|p2a: Dragonite|Dragonite, F|83/100
|move|p1a: Urshifu|Surging Strikes|p2a: Dragonite
|-resisted|p2a: Dragonite
|-crit|p2a: Dragonite
|-damage|p2a: Dragonite|72/100
|-resisted|p2a: Dragonite
|-crit|p2a: Dragonite
|-damage|p2a: Dragonite|61/100
|-resisted|p2a: Dragonite
|-crit|p2a: Dragonite
|-damage|p2a: Dragonite|51/100
|-hitcount|p2a: Dragonite|3
|
|upkeep
|turn|19
|
|t:|1635908323
|move|p1a: Urshifu|Surging Strikes|p2a: Dragonite
|-resisted|p2a: Dragonite
|-crit|p2a: Dragonite
|-damage|p2a: Dragonite|41/100
|-resisted|p2a: Dragonite
|-crit|p2a: Dragonite
|-damage|p2a: Dragonite|31/100
|-resisted|p2a: Dragonite
|-crit|p2a: Dragonite
|-damage|p2a: Dragonite|20/100
|-hitcount|p2a: Dragonite|3
|move|p2a: Dragonite|Roost|p2a: Dragonite
|-heal|p2a: Dragonite|70/100
|-singleturn|p2a: Dragonite|move: Roost
|
|upkeep
|turn|20
|
|t:|1635908336
|switch|p1a: Corviknight|Corviknight, M|100/100
|-ability|p1a: Corviknight|Pressure
|move|p2a: Dragonite|Roost|p2a: Dragonite
|-heal|p2a: Dragonite|100/100
|-singleturn|p2a: Dragonite|move: Roost
|
|upkeep
|turn|21
|
|t:|1635908343
|switch|p2a: Landorus|Landorus-Therian, M|99/100
|-ability|p2a: Landorus|Intimidate|boost
|-unboost|p1a: Corviknight|atk|1
|move|p1a: Corviknight|U-turn|p2a: Landorus
|-resisted|p2a: Landorus
|-damage|p2a: Landorus|96/100
|
|t:|1635908347
|switch|p1a: Urshifu|Urshifu-Rapid-Strike, F|100/100|[from]move: U-turn
|
|-heal|p2a: Landorus|100/100|[from] item: Leftovers
|upkeep
|turn|22
|
|t:|1635908350
|switch|p2a: Dragonite|Dragonite, F|100/100
|move|p1a: Urshifu|U-turn|p2a: Dragonite
|-resisted|p2a: Dragonite
|-damage|p2a: Dragonite|95/100
|
|t:|1635908354
|switch|p1a: Dragapult|Dragapult, M|19/100|[from]move: U-turn
|
|upkeep
|turn|23
|
|t:|1635908360
|switch|p2a: Melmetal|Melmetal|100/100
|move|p1a: Dragapult|Draco Meteor|p2a: Melmetal
|-resisted|p2a: Melmetal
|-damage|p2a: Melmetal|53/100
|-unboost|p1a: Dragapult|spa|2
|
|upkeep
|turn|24
|
|t:|1635908366
|switch|p1a: Corviknight|Corviknight, M|100/100
|-ability|p1a: Corviknight|Pressure
|move|p2a: Melmetal|Thunder Wave|p1a: Corviknight
|-status|p1a: Corviknight|par
|
|upkeep
|turn|25
|
|t:|1635908370
|move|p2a: Melmetal|Double Iron Bash|p1a: Corviknight
|-resisted|p1a: Corviknight
|-damage|p1a: Corviknight|87/100 par
|-resisted|p1a: Corviknight
|-damage|p1a: Corviknight|75/100 par
|-hitcount|p1a: Corviknight|2
|cant|p1a: Corviknight|flinch
|
|-heal|p1a: Corviknight|81/100 par|[from] item: Leftovers
|upkeep
|turn|26
|
|t:|1635908377
|move|p2a: Melmetal|Thunder Punch|p1a: Corviknight
|-supereffective|p1a: Corviknight
|-damage|p1a: Corviknight|35/100 par
|move|p1a: Corviknight|U-turn|p2a: Melmetal
|-resisted|p2a: Melmetal
|-crit|p2a: Melmetal
|-damage|p2a: Melmetal|46/100
|
|t:|1635908380
|switch|p1a: Urshifu|Urshifu-Rapid-Strike, F|100/100|[from]move: U-turn
|
|upkeep
|turn|27
|
|t:|1635908385
|switch|p2a: Dragonite|Dragonite, F|95/100
|move|p1a: Urshifu|U-turn|p2a: Dragonite
|-resisted|p2a: Dragonite
|-damage|p2a: Dragonite|82/100
|
|t:|1635908389
|switch|p1a: Corviknight|Corviknight, M|35/100 par|[from]move: U-turn
|-ability|p1a: Corviknight|Pressure
|
|-heal|p1a: Corviknight|42/100 par|[from] item: Leftovers
|upkeep
|turn|28
|l| Nesnot
|
|t:|1635908396
|switch|p2a: Dragapult|Dragapult, F|100/100
|move|p1a: Corviknight|Roost|p1a: Corviknight
|-heal|p1a: Corviknight|92/100 par
|-singleturn|p1a: Corviknight|move: Roost
|
|-heal|p1a: Corviknight|98/100 par|[from] item: Leftovers
|upkeep
|turn|29
|
|t:|1635908408
|switch|p1a: Landorus|Landorus-Therian, M|84/100
|-ability|p1a: Landorus|Intimidate|boost
|-unboost|p2a: Dragapult|atk|1
|move|p2a: Dragapult|Shadow Ball|p1a: Landorus
|-damage|p1a: Landorus|35/100
|-unboost|p1a: Landorus|spd|1
|
|-heal|p1a: Landorus|41/100|[from] item: Leftovers
|upkeep
|turn|30
|
|t:|1635908412
|move|p2a: Dragapult|Shadow Ball|p1a: Landorus
|-damage|p1a: Landorus|0 fnt
|faint|p1a: Landorus
|
|upkeep
|
|t:|1635908414
|switch|p1a: Melmetal|Melmetal|35/100
|turn|31
|
|t:|1635908426
|move|p2a: Dragapult|Shadow Ball|p1a: Melmetal
|-damage|p1a: Melmetal|11/100
|move|p1a: Melmetal|Ice Punch|p2a: Dragapult
|-supereffective|p2a: Dragapult
|-damage|p2a: Dragapult|17/100
|-status|p2a: Dragapult|frz
|
|upkeep
|turn|32
|
|t:|1635908432
|cant|p2a: Dragapult|frz
|move|p1a: Melmetal|Ice Punch|p2a: Dragapult
|-supereffective|p2a: Dragapult
|-damage|p2a: Dragapult|0 fnt
|faint|p2a: Dragapult
|
|upkeep
|
|t:|1635908439
|switch|p2a: Landorus|Landorus-Therian, M|100/100
|-ability|p2a: Landorus|Intimidate|boost
|-unboost|p1a: Melmetal|atk|1
|turn|33
|
|t:|1635908444
|move|p2a: Landorus|Earthquake|p1a: Melmetal
|-supereffective|p1a: Melmetal
|-damage|p1a: Melmetal|0 fnt
|faint|p1a: Melmetal
|
|upkeep
|
|t:|1635908447
|switch|p1a: Urshifu|Urshifu-Rapid-Strike, F|100/100
|turn|34
|
|t:|1635908452
|switch|p2a: Dragonite|Dragonite, F|82/100
|move|p1a: Urshifu|U-turn|p2a: Dragonite
|-resisted|p2a: Dragonite
|-damage|p2a: Dragonite|68/100
|
|t:|1635908455
|switch|p1a: Dragapult|Dragapult, M|19/100|[from]move: U-turn
|
|upkeep
|turn|35
|
|t:|1635908461
|switch|p2a: Melmetal|Melmetal|46/100
|move|p1a: Dragapult|Draco Meteor|p2a: Melmetal
|-resisted|p2a: Melmetal
|-damage|p2a: Melmetal|0 fnt
|-unboost|p1a: Dragapult|spa|2
|faint|p2a: Melmetal
|
|upkeep
|
|t:|1635908474
|switch|p2a: Landorus|Landorus-Therian, M|100/100
|-ability|p2a: Landorus|Intimidate|boost
|-unboost|p1a: Dragapult|atk|1
|turn|36
|
|t:|1635908479
|switch|p1a: Corviknight|Corviknight, M|98/100 par
|-ability|p1a: Corviknight|Pressure
|move|p2a: Landorus|Stealth Rock|p1a: Corviknight
|-sidestart|p1: Justin UA|move: Stealth Rock
|
|-heal|p1a: Corviknight|100/100 par|[from] item: Leftovers
|upkeep
|turn|37
|
|t:|1635908486
|switch|p2a: Dragonite|Dragonite, F|68/100
|cant|p1a: Corviknight|par
|
|upkeep
|turn|38
|
|t:|1635908490
|move|p2a: Dragonite|Roost|p2a: Dragonite
|-heal|p2a: Dragonite|100/100
|-singleturn|p2a: Dragonite|move: Roost
|move|p1a: Corviknight|Defog|p2a: Dragonite
|-unboost|p2a: Dragonite|evasion|1
|-sideend|p1: Justin UA|Stealth Rock|[from] move: Defog|[of] p1a: Corviknight
|
|upkeep
|turn|39
|
|t:|1635908495
|move|p2a: Dragonite|Earthquake|p1a: Corviknight
|-immune|p1a: Corviknight
|move|p1a: Corviknight|U-turn|p2a: Dragonite
|-resisted|p2a: Dragonite
|-damage|p2a: Dragonite|98/100
|
|t:|1635908499
|switch|p1a: Dragapult|Dragapult, M|19/100|[from]move: U-turn
|
|upkeep
|turn|40
|
|t:|1635908501
|move|p1a: Dragapult|Draco Meteor|p2a: Dragonite
|-supereffective|p2a: Dragonite
|-damage|p2a: Dragonite|0 fnt
|-unboost|p1a: Dragapult|spa|2
|faint|p2a: Dragonite
|
|upkeep
|
|t:|1635908505
|switch|p2a: Landorus|Landorus-Therian, M|100/100
|-ability|p2a: Landorus|Intimidate|boost
|-unboost|p1a: Dragapult|atk|1
|turn|41
|-message|norca152 forfeited.
|
|win|Justin UA
|raw|Justin UA's rating: 1621 &rarr; <strong>1644</strong><br />(+23 for winning)
|raw|norca152's rating: 1671 &rarr; <strong>1648</strong><br />(-23 for losing)
|l|☆norca152
|l|☆Justin UA
|l| r1dude
