|j|☆supersam10001
|j|☆elknightoscuro
|inactive|Battle timer is ON: inactive players will automatically lose when time's up.
|t:|1613023737
|player|p1|supersam10001|n|
|player|p2|elknightoscuro|shadowtriad|
|teamsize|p1|6
|teamsize|p2|6
|gametype|singles
|gen|8
|tier|[Gen 8] OU
|rated|Tournament battle
|clearpoke
|poke|p1|Pelipper, F|
|poke|p1|Manaphy|
|poke|p1|Greninja, M|
|poke|p1|Ferrothorn, M|
|poke|p1|Barraskewda, F|
|poke|p1|Garchomp, M|
|poke|p2|Greninja, M|
|poke|p2|Breloom, F|
|poke|p2|Rillaboom, M|
|poke|p2|Magearna|
|poke|p2|Volcarona, F|
|poke|p2|Dragapult, F|
|rule|Sleep Clause Mod: Limit one foe put to sleep
|rule|Species Clause: Limit one of each Pokémon
|rule|OHKO Clause: OHKO moves are banned
|rule|Evasion Moves Clause: Evasion moves are banned
|rule|Endless Battle Clause: Forcing endless battles is banned
|rule|HP Percentage Mod: HP is shown in percentages
|rule|Dynamax Clause: You cannot dynamax
|teampreview
|inactive|supersam10001 also wants the timer to be on.
|j|%nixhex
|c|☆supersam10001|hf
|c|☆elknightoscuro|hf
|
|t:|1613023761
|start
|switch|p1a: Pelipper|Pelipper, F|100/100
|switch|p2a: Rillaboom|Rillaboom, M|100/100
|-fieldstart|move: Grassy Terrain|[from] ability: Grassy Surge|[of] p2a: Rillaboom
|-weather|RainDance|[from] ability: Drizzle|[of] p1a: Pelipper
|turn|1
|
|t:|1613023766
|switch|p2a: Magearna|Magearna|100/100
|move|p1a: Pelipper|U-turn|p2a: Magearna
|-resisted|p2a: Magearna
|-damage|p2a: Magearna|99/100
|
|t:|1613023772
|switch|p1a: Barraskewda|Barraskewda, F|100/100|[from]move: U-turn
|
|-weather|RainDance|[upkeep]
|-heal|p2a: Magearna|100/100|[from] Grassy Terrain
|upkeep
|turn|2
|
|t:|1613023778
|move|p1a: Barraskewda|Flip Turn|p2a: Magearna
|-damage|p2a: Magearna|42/100
|
|t:|1613023783
|switch|p1a: Garchomp|Garchomp, M|100/100|[from]move: Flip Turn
|move|p2a: Magearna|Volt Switch|p1a: Garchomp
|-immune|p1a: Garchomp
|
|-weather|RainDance|[upkeep]
|-heal|p2a: Magearna|48/100|[from] Grassy Terrain
|upkeep
|turn|3
|
|t:|1613023791
|move|p1a: Garchomp|Swords Dance|p1a: Garchomp
|-boost|p1a: Garchomp|atk|2
|move|p2a: Magearna|Fleur Cannon|p1a: Garchomp
|-supereffective|p1a: Garchomp
|-damage|p1a: Garchomp|0 fnt
|-unboost|p2a: Magearna|spa|2
|faint|p1a: Garchomp
|-ability|p2a: Magearna|Soul-Heart|boost
|-boost|p2a: Magearna|spa|1
|
|-weather|RainDance|[upkeep]
|-heal|p2a: Magearna|54/100|[from] Grassy Terrain
|upkeep
|c|☆supersam10001|huh
|
|t:|1613023799
|switch|p1a: Barraskewda|Barraskewda, F|100/100
|turn|4
|
|t:|1613023813
|switch|p2a: Breloom|Breloom, F|100/100
|move|p1a: Barraskewda|Flip Turn|p2a: Breloom
|-resisted|p2a: Breloom
|-damage|p2a: Breloom|46/100
|
|t:|1613023817
|switch|p1a: Greninja|Greninja, M|100/100|[from]move: Flip Turn
|
|-weather|RainDance|[upkeep]
|-heal|p2a: Breloom|52/100|[from] Grassy Terrain
|upkeep
|turn|5
|
|t:|1613023821
|move|p2a: Breloom|Mach Punch|p1a: Greninja
|-supereffective|p1a: Greninja
|-damage|p1a: Greninja|0 fnt
|faint|p1a: Greninja
|
|-weather|RainDance|[upkeep]
|-heal|p2a: Breloom|58/100|[from] Grassy Terrain
|-fieldend|move: Grassy Terrain
|upkeep
|c|☆supersam10001|oh right
|c|☆supersam10001|gg
|
|t:|1613023828
|switch|p1a: Barraskewda|Barraskewda, F|100/100
|turn|6
|
|t:|1613023850
|switch|p2a: Magearna|Magearna|54/100
|move|p1a: Barraskewda|Liquidation|p2a: Magearna
|-damage|p2a: Magearna|0 fnt
|faint|p2a: Magearna
|
|-weather|RainDance|[upkeep]
|upkeep
|
|t:|1613023855
|switch|p2a: Rillaboom|Rillaboom, M|100/100
|-fieldstart|move: Grassy Terrain|[from] ability: Grassy Surge|[of] p2a: Rillaboom
|turn|7
|
|t:|1613023859
|switch|p1a: Ferrothorn|Ferrothorn, M|100/100
|move|p2a: Rillaboom|Swords Dance|p2a: Rillaboom
|-boost|p2a: Rillaboom|atk|2
|
|-weather|RainDance|[upkeep]
|upkeep
|turn|8
|
|t:|1613023862
|move|p2a: Rillaboom|Superpower|p1a: Ferrothorn
|-supereffective|p1a: Ferrothorn
|-damage|p1a: Ferrothorn|0 fnt
|-unboost|p2a: Rillaboom|atk|1
|-unboost|p2a: Rillaboom|def|1
|-damage|p2a: Rillaboom|88/100|[from] ability: Iron Barbs|[of] p1a: Ferrothorn
|faint|p1a: Ferrothorn
|
|-weather|none
|-heal|p2a: Rillaboom|94/100|[from] Grassy Terrain
|-heal|p2a: Rillaboom|100/100|[from] item: Leftovers
|upkeep
|
|t:|1613023867
|switch|p1a: Pelipper|Pelipper, F|100/100
|-weather|RainDance|[from] ability: Drizzle|[of] p1a: Pelipper
|turn|9
|c|%nixhex|monke
|
|t:|1613023874
|move|p2a: Rillaboom|Grassy Glide|p1a: Pelipper
|-damage|p1a: Pelipper|42/100
|move|p1a: Pelipper|U-turn|p2a: Rillaboom
|-supereffective|p2a: Rillaboom
|-damage|p2a: Rillaboom|72/100
|
|t:|1613023878
|switch|p1a: Manaphy|Manaphy|100/100|[from]move: U-turn
|
|-weather|RainDance|[upkeep]
|-heal|p2a: Rillaboom|79/100|[from] Grassy Terrain
|-heal|p2a: Rillaboom|85/100|[from] item: Leftovers
|upkeep
|turn|10
|
|t:|1613023881
|move|p2a: Rillaboom|Grassy Glide|p1a: Manaphy
|-supereffective|p1a: Manaphy
|-crit|p1a: Manaphy
|-damage|p1a: Manaphy|0 fnt
|faint|p1a: Manaphy
|
|-weather|RainDance|[upkeep]
|-heal|p2a: Rillaboom|91/100|[from] Grassy Terrain
|-heal|p2a: Rillaboom|97/100|[from] item: Leftovers
|upkeep
|c|☆supersam10001|monke
|
|t:|1613023890
|switch|p1a: Pelipper|Pelipper, F|42/100
|turn|11
|c|☆elknightoscuro|broke
|
|t:|1613023893
|move|p2a: Rillaboom|Grassy Glide|p1a: Pelipper
|-damage|p1a: Pelipper|0 fnt
|faint|p1a: Pelipper
|
|-weather|RainDance|[upkeep]
|-heal|p2a: Rillaboom|100/100|[from] Grassy Terrain
|-fieldend|move: Grassy Terrain
|upkeep
|c|☆supersam10001|I've learnt
|c|☆supersam10001|use torn
|
|t:|1613023901
|switch|p1a: Barraskewda|Barraskewda, F|100/100
|turn|12
|c|☆supersam10001|or Fuck off
|
|t:|1613023910
|switch|p2a: Breloom|Breloom, F|58/100
|move|p1a: Barraskewda|Liquidation|p2a: Breloom
|-resisted|p2a: Breloom
|-damage|p2a: Breloom|0 fnt
|faint|p2a: Breloom
|
|-weather|RainDance|[upkeep]
|upkeep
|
|t:|1613023917
|switch|p2a: Dragapult|Dragapult, F|100/100
|turn|13
|
|t:|1613023921
|move|p1a: Barraskewda|Liquidation|p2a: Dragapult
|-resisted|p2a: Dragapult
|-damage|p2a: Dragapult|32/100
|move|p2a: Dragapult|Draco Meteor|p1a: Barraskewda|[miss]
|-miss|p2a: Dragapult|p1a: Barraskewda
|
|-weather|RainDance|[upkeep]
|upkeep
|turn|14
|c|☆elknightoscuro|lol
|
|t:|1613023930
|move|p1a: Barraskewda|Liquidation|p2a: Dragapult
|-resisted|p2a: Dragapult
|-damage|p2a: Dragapult|0 fnt
|faint|p2a: Dragapult
|
|-weather|RainDance|[upkeep]
|upkeep
|
|t:|1613023932
|switch|p2a: Rillaboom|Rillaboom, M|100/100
|-fieldstart|move: Grassy Terrain|[from] ability: Grassy Surge|[of] p2a: Rillaboom
|turn|15
|c|☆supersam10001|o.o reverse sweep ???
|
|t:|1613023938
|move|p2a: Rillaboom|Grassy Glide|p1a: Barraskewda
|-supereffective|p1a: Barraskewda
|-damage|p1a: Barraskewda|0 fnt
|faint|p1a: Barraskewda
|
|win|elknightoscuro
|n|☆supersam10001|supersam10001
|n|☆elknightoscuro|elknightoscuro
|n|+nixhex|nixhex
|c|☆elknightoscuro|gg?
|c|+nixhex|not with monke
|c|☆supersam10001|gg winning
|c|☆supersam10001|gl*
|l|+nixhex
|c|☆elknightoscuro|ty
|l|☆supersam10001
|j| Thats quite unfor
|l| Thats quite unfor
