|raw|<div class="broadcast-blue"><strong>This battle is required to be public due to a player having a name starting with 'lt84jm'.</div>
|j|☆noudle soop
|j|☆LT84JM Farawyn98
|t:|1627237667
|gametype|singles
|player|p1|noudle soop|unknown|1764
|player|p2|LT84JM Farawyn98|steven-gen3|1917
|teamsize|p1|6
|teamsize|p2|6
|gen|8
|tier|[Gen 8] OU
|rated|
|rule|Sleep Clause Mod: Limit one foe put to sleep
|rule|Species Clause: Limit one of each Pokémon
|rule|OHKO Clause: OHKO moves are banned
|rule|Evasion Moves Clause: Evasion moves are banned
|rule|Endless Battle Clause: Forcing endless battles is banned
|rule|HP Percentage Mod: HP is shown in percentages
|rule|Dynamax Clause: You cannot dynamax
|clearpoke
|poke|p1|Landorus-Therian, M|
|poke|p1|Heatran, M|
|poke|p1|Gengar, M|
|poke|p1|Weavile, M|
|poke|p1|Rillaboom, F|
|poke|p1|Volcarona, M|
|poke|p2|Heatran, F|
|poke|p2|Ninetales-Alola, F|
|poke|p2|Arctozolt|
|poke|p2|Landorus-Therian, M|
|poke|p2|Kyurem|
|poke|p2|Tapu Lele|
|teampreview
|inactive|Battle timer is ON: inactive players will automatically lose when time's up. (requested by noudle soop)
|j| MANN GEGEN MANN
|j| Empo
|j| lt84jm raizen
|j| Reilx
|
|t:|1627237679
|start
|switch|p1a: Heatran|Heatran, M|100/100
|switch|p2a: Landorus|Landorus-Therian, M|100/100
|-item|p1a: Heatran|Air Balloon
|-ability|p2a: Landorus|Intimidate|boost
|-unboost|p1a: Heatran|atk|1
|turn|1
|j| LT84JMM
|
|t:|1627237685
|switch|p1a: Landorus|Landorus-Therian, M|100/100
|-ability|p1a: Landorus|Intimidate|boost
|-unboost|p2a: Landorus|atk|1
|move|p2a: Landorus|U-turn|p1a: Landorus
|-resisted|p1a: Landorus
|-damage|p1a: Landorus|94/100
|
|t:|1627237688
|switch|p2a: Kyurem|Kyurem|100/100|[from]move: U-turn
|-ability|p2a: Kyurem|Pressure
|
|upkeep
|turn|2
|
|t:|1627237692
|switch|p2a: Landorus|Landorus-Therian, M|100/100
|-ability|p2a: Landorus|Intimidate|boost
|-unboost|p1a: Landorus|atk|1
|move|p1a: Landorus|U-turn|p2a: Landorus
|-resisted|p2a: Landorus
|-damage|p2a: Landorus|93/100
|
|t:|1627237695
|switch|p1a: Weavile|Weavile, M|100/100|[from]move: U-turn
|-ability|p1a: Weavile|Pressure
|
|-heal|p2a: Landorus|99/100|[from] item: Leftovers
|upkeep
|turn|3
|l| LT84JMM
|
|t:|1627237699
|move|p1a: Weavile|Triple Axel|p2a: Landorus
|-supereffective|p2a: Landorus
|-damage|p2a: Landorus|57/100
|-supereffective|p2a: Landorus
|-crit|p2a: Landorus
|-damage|p2a: Landorus|0 fnt
|faint|p2a: Landorus
|-hitcount|p2: Landorus|2
|
|upkeep
|j| lehoang24121992
|
|t:|1627237710
|switch|p2a: Ninetales|Ninetales-Alola, F|100/100
|-weather|Hail|[from] ability: Snow Warning|[of] p2a: Ninetales
|turn|4
|
|t:|1627237712
|move|p1a: Weavile|Knock Off|p2a: Ninetales
|-resisted|p2a: Ninetales
|-damage|p2a: Ninetales|74/100
|-enditem|p2a: Ninetales|Icy Rock|[from] move: Knock Off|[of] p1a: Weavile
|move|p2a: Ninetales|Moonblast|p1a: Weavile
|-supereffective|p1a: Weavile
|-damage|p1a: Weavile|23/100
|-unboost|p1a: Weavile|spa|1
|
|-weather|Hail|[upkeep]
|upkeep
|turn|5
|
|t:|1627237725
|switch|p1a: Gengar|Gengar, M|100/100
|move|p2a: Ninetales|Hypnosis|p1a: Gengar|[miss]
|-miss|p2a: Ninetales|p1a: Gengar
|
|-weather|Hail|[upkeep]
|-damage|p1a: Gengar|94/100|[from] Hail
|upkeep
|turn|6
|j| jcjcjxnxkxjd
|
|t:|1627237734
|switch|p2a: Heatran|Heatran, F|100/100
|move|p1a: Gengar|Trick|p2a: Heatran
|-activate|p1a: Gengar|move: Trick|[of] p2a: Heatran
|-item|p2a: Heatran|Choice Scarf|[from] move: Trick
|-item|p1a: Gengar|Leftovers|[from] move: Trick
|
|-weather|Hail|[upkeep]
|-damage|p2a: Heatran|94/100|[from] Hail
|-damage|p1a: Gengar|88/100|[from] Hail
|-heal|p1a: Gengar|94/100|[from] item: Leftovers
|upkeep
|turn|7
|
|t:|1627237745
|switch|p2a: Kyurem|Kyurem|100/100
|-ability|p2a: Kyurem|Pressure
|move|p1a: Gengar|Focus Blast|p2a: Kyurem|[miss]
|-miss|p1a: Gengar|p2a: Kyurem
|
|-weather|Hail|[upkeep]
|-damage|p1a: Gengar|88/100|[from] Hail
|-heal|p1a: Gengar|94/100|[from] item: Leftovers
|upkeep
|turn|8
|j| lt84jmps
|j| Briitt
|c|☆noudle soop|welp
|j| ppev
|
|t:|1627237755
|switch|p1a: Heatran|Heatran, M|100/100
|-item|p1a: Heatran|Air Balloon
|switch|p2a: Tapu Lele|Tapu Lele|100/100
|-fieldstart|move: Psychic Terrain|[from] ability: Psychic Surge|[of] p2a: Tapu Lele
|
|-weather|Hail|[upkeep]
|-damage|p2a: Tapu Lele|94/100|[from] Hail
|-damage|p1a: Heatran|94/100|[from] Hail
|upkeep
|turn|9
|j| LT84JM reje
|
|t:|1627237760
|switch|p2a: Kyurem|Kyurem|100/100
|-ability|p2a: Kyurem|Pressure
|move|p1a: Heatran|Magma Storm|p2a: Kyurem
|-damage|p2a: Kyurem|52/100
|-activate|p2a: Kyurem|move: Magma Storm|[of] p1a: Heatran
|
|-weather|Hail|[upkeep]
|-damage|p1a: Heatran|88/100|[from] Hail
|-damage|p2a: Kyurem|39/100|[from] move: Magma Storm|[partiallytrapped]
|upkeep
|turn|10
|
|t:|1627237766
|switch|p1a: Gengar|Gengar, M|94/100
|move|p2a: Kyurem|Substitute|p2a: Kyurem
|-start|p2a: Kyurem|Substitute
|-end|p2a: Kyurem|Magma Storm|[partiallytrapped]|[silent]
|-damage|p2a: Kyurem|14/100
|
|-weather|Hail|[upkeep]
|-damage|p1a: Gengar|88/100|[from] Hail
|-heal|p1a: Gengar|94/100|[from] item: Leftovers
|upkeep
|turn|11
|
|t:|1627237771
|move|p1a: Gengar|Shadow Ball|p2a: Kyurem
|-end|p2a: Kyurem|Substitute
|move|p2a: Kyurem|Roost|p2a: Kyurem
|-heal|p2a: Kyurem|64/100
|-singleturn|p2a: Kyurem|move: Roost
|
|-weather|none
|-heal|p1a: Gengar|100/100|[from] item: Leftovers
|upkeep
|turn|12
|j| h9gh
|
|t:|1627237778
|switch|p2a: Tapu Lele|Tapu Lele|94/100
|move|p1a: Gengar|Focus Blast|p2a: Tapu Lele
|-resisted|p2a: Tapu Lele
|-damage|p2a: Tapu Lele|83/100
|
|-fieldend|move: Psychic Terrain
|upkeep
|turn|13
|
|t:|1627237785
|switch|p1a: Weavile|Weavile, M|23/100
|-ability|p1a: Weavile|Pressure
|move|p2a: Tapu Lele|Moonblast|p1a: Weavile
|-supereffective|p1a: Weavile
|-damage|p1a: Weavile|0 fnt
|faint|p1a: Weavile
|
|upkeep
|j| MortalityI
|
|t:|1627237786
|switch|p1a: Heatran|Heatran, M|88/100
|-item|p1a: Heatran|Air Balloon
|turn|14
|j| LT84JMM
|
|t:|1627237793
|switch|p2a: Heatran|Heatran, F|94/100
|move|p1a: Heatran|Earth Power|p2a: Heatran
|-supereffective|p2a: Heatran
|-damage|p2a: Heatran|0 fnt
|faint|p2a: Heatran
|
|upkeep
|j| DcMarvelAnimeFan
|
|t:|1627237809
|switch|p2a: Kyurem|Kyurem|64/100
|-ability|p2a: Kyurem|Pressure
|turn|15
|j| Licking Baltoys
|
|t:|1627237814
|move|p2a: Kyurem|Freeze-Dry|p1a: Heatran
|-resisted|p1a: Heatran
|-damage|p1a: Heatran|79/100
|-enditem|p1a: Heatran|Air Balloon
|move|p1a: Heatran|Magma Storm|p2a: Kyurem|[miss]
|-miss|p1a: Heatran|p2a: Kyurem
|
|upkeep
|turn|16
|
|t:|1627237821
|move|p2a: Kyurem|Substitute|p2a: Kyurem
|-start|p2a: Kyurem|Substitute
|-damage|p2a: Kyurem|39/100
|move|p1a: Heatran|Magma Storm|p2a: Kyurem
|-end|p2a: Kyurem|Substitute
|
|upkeep
|turn|17
|
|t:|1627237827
|move|p2a: Kyurem|Roost|p2a: Kyurem
|-heal|p2a: Kyurem|89/100
|-singleturn|p2a: Kyurem|move: Roost
|move|p1a: Heatran|Taunt|p2a: Kyurem
|-start|p2a: Kyurem|move: Taunt
|
|upkeep
|turn|18
|
|t:|1627237831
|switch|p1a: Volcarona|Volcarona, M|100/100
|move|p2a: Kyurem|Earth Power|p1a: Volcarona
|-damage|p1a: Volcarona|66/100
|
|upkeep
|turn|19
|j| hjhjhjmlkijk
|l| LT84JMM
|
|t:|1627237847
|switch|p2a: Tapu Lele|Tapu Lele|83/100
|-fieldstart|move: Psychic Terrain|[from] ability: Psychic Surge|[of] p2a: Tapu Lele
|move|p1a: Volcarona|Quiver Dance|p1a: Volcarona
|-boost|p1a: Volcarona|spa|1
|-boost|p1a: Volcarona|spd|1
|-boost|p1a: Volcarona|spe|1
|
|upkeep
|turn|20
|
|t:|1627237856
|switch|p1a: Heatran|Heatran, M|79/100
|move|p2a: Tapu Lele|Psychic|p1a: Heatran
|-resisted|p1a: Heatran
|-damage|p1a: Heatran|43/100
|
|upkeep
|turn|21
|
|t:|1627237861
|switch|p2a: Kyurem|Kyurem|89/100
|-ability|p2a: Kyurem|Pressure
|move|p1a: Heatran|Will-O-Wisp|p2a: Kyurem|[miss]
|-miss|p1a: Heatran|p2a: Kyurem
|
|upkeep
|turn|22
|c|☆noudle soop|bro lol
|c|☆noudle soop|this kyurem shouldve been dead 15 turns ago
|
|t:|1627237886
|move|p2a: Kyurem|Earth Power|p1a: Heatran
|-supereffective|p1a: Heatran
|-damage|p1a: Heatran|0 fnt
|faint|p1a: Heatran
|
|upkeep
|
|t:|1627237889
|switch|p1a: Volcarona|Volcarona, M|66/100
|turn|23
|j| Cachou10
|l| hjhjhjmlkijk
|
|t:|1627237907
|switch|p2a: Tapu Lele|Tapu Lele|83/100
|move|p1a: Volcarona|Quiver Dance|p1a: Volcarona
|-boost|p1a: Volcarona|spa|1
|-boost|p1a: Volcarona|spd|1
|-boost|p1a: Volcarona|spe|1
|
|-fieldend|move: Psychic Terrain
|upkeep
|turn|24
|
|t:|1627237927
|move|p1a: Volcarona|Flamethrower|p2a: Tapu Lele
|-damage|p2a: Tapu Lele|10/100
|-status|p2a: Tapu Lele|brn
|move|p2a: Tapu Lele|Psychic|p1a: Volcarona
|-damage|p1a: Volcarona|33/100
|
|-damage|p2a: Tapu Lele|4/100 brn|[from] brn
|upkeep
|turn|25
|
|t:|1627237931
|switch|p2a: Ninetales|Ninetales-Alola, F|74/100
|-weather|Hail|[from] ability: Snow Warning|[of] p2a: Ninetales
|move|p1a: Volcarona|Roost|p1a: Volcarona
|-heal|p1a: Volcarona|83/100
|-singleturn|p1a: Volcarona|move: Roost
|
|-weather|Hail|[upkeep]
|-damage|p1a: Volcarona|77/100|[from] Hail
|upkeep
|turn|26
|j| oshalz training
|
|t:|1627237940
|move|p1a: Volcarona|Flamethrower|p2a: Ninetales
|-supereffective|p2a: Ninetales
|-damage|p2a: Ninetales|0 fnt
|faint|p2a: Ninetales
|
|-weather|Hail|[upkeep]
|-damage|p1a: Volcarona|71/100|[from] Hail
|upkeep
|
|t:|1627237941
|switch|p2a: Arctozolt|Arctozolt|100/100
|turn|27
|
|t:|1627237943
|move|p1a: Volcarona|Flamethrower|p2a: Arctozolt
|-supereffective|p2a: Arctozolt
|-damage|p2a: Arctozolt|0 fnt
|faint|p2a: Arctozolt
|
|-weather|Hail|[upkeep]
|-damage|p1a: Volcarona|64/100|[from] Hail
|upkeep
|-message|LT84JM Farawyn98 forfeited.
|
|win|noudle soop
|raw|noudle soop's rating: 1764 &rarr; <strong>1792</strong><br />(+28 for winning)
|raw|LT84JM Farawyn98's rating: 1917 &rarr; <strong>1889</strong><br />(-28 for losing)
|l|☆LT84JM Farawyn98
|c|☆noudle soop|gg
|l| Cachou10
|c| Reilx|gg
|c|☆noudle soop|u ain't play
|l| MANN GEGEN MANN
|c| Reilx|I know
|l|☆noudle soop
|c| Reilx|I was watching
||Ladder isn't responding, score probably updated but might not have (Request timeout).
|l| Reilx
|l| lt84jmps
|l| ppev
|j| LT84JM Kibo
|l| LT84JM Kibo
|l| h9gh
|l| Briitt
|l| lt84jm raizen
|l| Licking Baltoys
|l| jcjcjxnxkxjd
|j| LT84JM Kibo
|l| LT84JM Kibo
|l| MortalityI
|j| Licking Baltoys
|l| Licking Baltoys
|l| oshalz training
|j| Separation
|l| Separation
|j| LT84JM Kibo
|l| LT84JM Kibo
|j| LT84JM Ash
|l| LT84JM Ash
|l| Empo
|l| LT84JM reje
|l| DcMarvelAnimeFan
