|raw|<div class="broadcast-blue"><strong>This battle is required to be public due to a player having a name starting with 'lt91bb'.</div>
|j|‽lt91bb 3d
|j|☆dmt dreams
|t:|1659530385
|gametype|singles
|player|p1|lt91bb 3d|skierf|1894
|player|p2|dmt dreams|pokefan-gen4|1966
|teamsize|p1|6
|teamsize|p2|6
|gen|8
|tier|[Gen 8] OU
|rated|
|rule|Sleep Clause Mod: Limit one foe put to sleep
|rule|Species Clause: Limit one of each Pokémon
|rule|OHKO Clause: OHKO moves are banned
|rule|Evasion Moves Clause: Evasion moves are banned
|rule|Endless Battle Clause: Forcing endless battles is banned
|rule|HP Percentage Mod: HP is shown in percentages
|rule|Dynamax Clause: You cannot dynamax
|clearpoke
|poke|p1|Blaziken, M|
|poke|p1|Ferrothorn, M|
|poke|p1|Blissey, F|
|poke|p1|Toxapex, M|
|poke|p1|Landorus-Therian, M|
|poke|p1|Clefable, M|
|poke|p2|Moltres|
|poke|p2|Corviknight, M|
|poke|p2|Toxapex, M|
|poke|p2|Zeraora|
|poke|p2|Jirachi|
|poke|p2|Clefable, M|
|teampreview
|inactive|Battle timer is ON: inactive players will automatically lose when time's up. (requested by lt91bb 3d)
|j| arbok13
|j| LT91BB xray
|l| arbok13
|j| Pepega Trainer
|
|t:|1659530415
|start
|switch|p1a: Toxapex|Toxapex, M|100/100
|switch|p2a: Toxapex|Toxapex, M|100/100
|turn|1
|
|t:|1659530420
|move|p2a: Toxapex|Knock Off|p1a: Toxapex
|-damage|p1a: Toxapex|91/100
|-enditem|p1a: Toxapex|Shed Shell|[from] move: Knock Off|[of] p2a: Toxapex
|move|p1a: Toxapex|Knock Off|p2a: Toxapex
|-damage|p2a: Toxapex|89/100
|-enditem|p2a: Toxapex|Shed Shell|[from] move: Knock Off|[of] p1a: Toxapex
|
|upkeep
|turn|2
|j| lt91bbe
|
|t:|1659530426
|switch|p1a: Clefable|Clefable, M|100/100
|move|p2a: Toxapex|Knock Off|p1a: Clefable
|-resisted|p1a: Clefable
|-damage|p1a: Clefable|95/100
|-enditem|p1a: Clefable|Heavy-Duty Boots|[from] move: Knock Off|[of] p2a: Toxapex
|
|upkeep
|turn|3
|
|t:|1659530431
|switch|p2a: Clefable|Clefable, M|100/100
|move|p1a: Clefable|Wish|p1a: Clefable
|
|upkeep
|turn|4
|
|t:|1659530435
|switch|p1a: Toxapex|Toxapex, M|100/100
|move|p2a: Clefable|Stealth Rock|p1a: Toxapex
|-sidestart|p1: lt91bb 3d|move: Stealth Rock
|
|upkeep
|turn|5
|j| Atomic Regice
|
|t:|1659530439
|switch|p2a: Toxapex|Toxapex, M|100/100
|move|p1a: Toxapex|Knock Off|p2a: Toxapex
|-damage|p2a: Toxapex|92/100
|
|upkeep
|turn|6
|
|t:|1659530441
|move|p1a: Toxapex|Scald|p2a: Toxapex
|-resisted|p2a: Toxapex
|-crit|p2a: Toxapex
|-damage|p2a: Toxapex|84/100
|move|p2a: Toxapex|Light Screen|p2a: Toxapex
|-sidestart|p2: dmt dreams|move: Light Screen
|
|upkeep
|turn|7
|
|t:|1659530447
|move|p1a: Toxapex|Knock Off|p2a: Toxapex
|-damage|p2a: Toxapex|77/100
|move|p2a: Toxapex|Knock Off|p1a: Toxapex
|-damage|p1a: Toxapex|94/100
|
|upkeep
|turn|8
|
|t:|1659530450
|move|p2a: Toxapex|Knock Off|p1a: Toxapex
|-damage|p1a: Toxapex|88/100
|move|p1a: Toxapex|Knock Off|p2a: Toxapex
|-damage|p2a: Toxapex|70/100
|
|upkeep
|turn|9
|
|t:|1659530452
|move|p1a: Toxapex|Scald|p2a: Toxapex
|-resisted|p2a: Toxapex
|-damage|p2a: Toxapex|67/100
|move|p2a: Toxapex|Light Screen||[still]
|-fail|p2a: Toxapex
|
|upkeep
|turn|10
|j| Panda le gros bebe
|
|t:|1659530456
|move|p1a: Toxapex|Scald|p2a: Toxapex
|-resisted|p2a: Toxapex
|-damage|p2a: Toxapex|65/100
|move|p2a: Toxapex|Light Screen||[still]
|-fail|p2a: Toxapex
|
|-sideend|p2: dmt dreams|move: Light Screen
|upkeep
|turn|11
|j|+starmaster
|
|t:|1659530461
|move|p1a: Toxapex|Scald|p2a: Toxapex
|-resisted|p2a: Toxapex
|-damage|p2a: Toxapex|59/100
|move|p2a: Toxapex|Knock Off|p1a: Toxapex
|-damage|p1a: Toxapex|81/100
|
|upkeep
|turn|12
|j| Curryisnotgood
|j| Hyss
|
|t:|1659530465
|switch|p2a: Corviknight|Corviknight, M|100/100
|-ability|p2a: Corviknight|Pressure
|move|p1a: Toxapex|Knock Off|p2a: Corviknight
|-damage|p2a: Corviknight|92/100
|-enditem|p2a: Corviknight|Shed Shell|[from] move: Knock Off|[of] p1a: Toxapex
|
|upkeep
|turn|13
|
|t:|1659530469
|switch|p2a: Toxapex|Toxapex, M|92/100
|move|p1a: Toxapex|Scald|p2a: Toxapex
|-resisted|p2a: Toxapex
|-damage|p2a: Toxapex|87/100
|-status|p2a: Toxapex|brn
|
|-damage|p2a: Toxapex|81/100 brn|[from] brn
|upkeep
|turn|14
|
|t:|1659530473
|move|p1a: Toxapex|Toxic Spikes|p2a: Toxapex
|-sidestart|p2: dmt dreams|move: Toxic Spikes
|move|p2a: Toxapex|Knock Off|p1a: Toxapex
|-damage|p1a: Toxapex|78/100
|
|-damage|p2a: Toxapex|75/100 brn|[from] brn
|upkeep
|turn|15
|
|t:|1659530480
|switch|p2a: Corviknight|Corviknight, M|92/100
|-ability|p2a: Corviknight|Pressure
|move|p1a: Toxapex|Recover|p1a: Toxapex
|-heal|p1a: Toxapex|100/100
|
|upkeep
|turn|16
|j| AlIoutdragadarts
|
|t:|1659530484
|switch|p2a: Toxapex|Toxapex, M|100/100 brn
|-sideend|p2: dmt dreams|move: Toxic Spikes|[of] p2a: Toxapex
|switch|p1a: Ferrothorn|Ferrothorn, M|100/100
|-damage|p1a: Ferrothorn|95/100|[from] Stealth Rock
|
|-damage|p2a: Toxapex|94/100 brn|[from] brn
|upkeep
|turn|17
|
|t:|1659530488
|switch|p2a: Moltres|Moltres|100/100
|-ability|p2a: Moltres|Pressure
|move|p1a: Ferrothorn|Spikes|p2a: Moltres
|-sidestart|p2: dmt dreams|Spikes
|
|upkeep
|turn|18
|
|t:|1659530492
|switch|p1a: Blissey|Blissey, F|100/100
|move|p2a: Moltres|Defog|p1a: Blissey
|-unboost|p1a: Blissey|evasion|1
|-sideend|p1: lt91bb 3d|Stealth Rock|[from] move: Defog|[of] p2a: Moltres
|-sideend|p2: dmt dreams|Spikes|[from] move: Defog|[of] p2a: Moltres
|
|upkeep
|turn|19
|j| Ultimate ou
|j| egal★vanc
|
|t:|1659530501
|switch|p2a: Zeraora|Zeraora|100/100
|switch|p1a: Landorus|Landorus-Therian, M|100/100
|-ability|p1a: Landorus|Intimidate|boost
|-unboost|p2a: Zeraora|atk|1
|
|upkeep
|turn|20
|l| Ultimate ou
|
|t:|1659530508
|switch|p2a: Clefable|Clefable, M|100/100
|move|p1a: Landorus|Stealth Rock|p2a: Clefable
|-sidestart|p2: dmt dreams|move: Stealth Rock
|
|upkeep
|turn|21
|j| Ultimate ou
|j| Tiranito
|j| regnite ◕‿◕
|
|t:|1659530524
|switch|p1a: Blissey|Blissey, F|100/100
|move|p2a: Clefable|Stealth Rock|p1a: Blissey
|-sidestart|p1: lt91bb 3d|move: Stealth Rock
|
|upkeep
|turn|22
|j| LT91BB Senku
|j| adroreschach
|
|t:|1659530536
|switch|p1a: Toxapex|Toxapex, M|100/100
|-damage|p1a: Toxapex|88/100|[from] Stealth Rock
|move|p2a: Clefable|Moonblast|p1a: Toxapex
|-resisted|p1a: Toxapex
|-damage|p1a: Toxapex|74/100
|-unboost|p1a: Toxapex|spa|1
|
|upkeep
|turn|23
|l| lt91bbe
|
|t:|1659530547
|switch|p2a: Toxapex|Toxapex, M|100/100 brn
|-damage|p2a: Toxapex|88/100 brn|[from] Stealth Rock
|switch|p1a: Ferrothorn|Ferrothorn, M|95/100
|-damage|p1a: Ferrothorn|89/100|[from] Stealth Rock
|
|-damage|p2a: Toxapex|82/100 brn|[from] brn
|upkeep
|turn|24
|l| LT91BB Senku
|
|t:|1659530556
|switch|p2a: Corviknight|Corviknight, M|92/100
|-damage|p2a: Corviknight|80/100|[from] Stealth Rock
|-ability|p2a: Corviknight|Pressure
|move|p1a: Ferrothorn|Leech Seed|p2a: Corviknight|[miss]
|-miss|p1a: Ferrothorn|p2a: Corviknight
|
|upkeep
|turn|25
|
|t:|1659530562
|move|p2a: Corviknight|Defog|p1a: Ferrothorn
|-unboost|p1a: Ferrothorn|evasion|1
|-sideend|p1: lt91bb 3d|Stealth Rock|[from] move: Defog|[of] p2a: Corviknight
|-sideend|p2: dmt dreams|Stealth Rock|[from] move: Defog|[of] p2a: Corviknight
|move|p1a: Ferrothorn|Leech Seed|p2a: Corviknight
|-start|p2a: Corviknight|move: Leech Seed
|
|-damage|p2a: Corviknight|67/100|[from] Leech Seed|[of] p1a: Ferrothorn
|-heal|p1a: Ferrothorn|100/100|[silent]
|upkeep
|turn|26
|
|t:|1659530568
|switch|p2a: Toxapex|Toxapex, M|100/100 brn
|move|p1a: Ferrothorn|Knock Off|p2a: Toxapex
|-damage|p2a: Toxapex|90/100 brn
|
|-damage|p2a: Toxapex|84/100 brn|[from] brn
|upkeep
|turn|27
|
|t:|1659530572
|switch|p2a: Corviknight|Corviknight, M|67/100
|-ability|p2a: Corviknight|Pressure
|move|p1a: Ferrothorn|Spikes|p2a: Corviknight
|-sidestart|p2: dmt dreams|Spikes
|
|upkeep
|turn|28
|
|t:|1659530580
|switch|p1a: Landorus|Landorus-Therian, M|100/100
|-ability|p1a: Landorus|Intimidate|boost
|-unboost|p2a: Corviknight|atk|1
|move|p2a: Corviknight|Defog|p1a: Landorus
|-unboost|p1a: Landorus|evasion|1
|-sideend|p2: dmt dreams|Spikes|[from] move: Defog|[of] p2a: Corviknight
|
|upkeep
|turn|29
|
|t:|1659530584
|move|p1a: Landorus|Swords Dance|p1a: Landorus
|-boost|p1a: Landorus|atk|2
|move|p2a: Corviknight|Roost|p2a: Corviknight
|-heal|p2a: Corviknight|100/100
|-singleturn|p2a: Corviknight|move: Roost
|
|upkeep
|turn|30
|
|t:|1659530587
|switch|p2a: Clefable|Clefable, M|100/100
|move|p1a: Landorus|Stealth Rock|p2a: Clefable
|-sidestart|p2: dmt dreams|move: Stealth Rock
|
|upkeep
|turn|31
|l| Ultimate ou
|
|t:|1659530591
|move|p1a: Landorus|Earthquake|p2a: Clefable
|-damage|p2a: Clefable|65/100
|move|p2a: Clefable|Stealth Rock|p1a: Landorus
|-sidestart|p1: lt91bb 3d|move: Stealth Rock
|
|-heal|p2a: Clefable|71/100|[from] item: Leftovers
|upkeep
|turn|32
|
|t:|1659530605
|switch|p1a: Ferrothorn|Ferrothorn, M|100/100
|-damage|p1a: Ferrothorn|95/100|[from] Stealth Rock
|move|p2a: Clefable|Soft-Boiled|p2a: Clefable
|-heal|p2a: Clefable|100/100
|
|upkeep
|turn|33
|
|t:|1659530611
|switch|p2a: Corviknight|Corviknight, M|100/100
|-damage|p2a: Corviknight|88/100|[from] Stealth Rock
|-ability|p2a: Corviknight|Pressure
|switch|p1a: Toxapex|Toxapex, M|100/100
|-damage|p1a: Toxapex|88/100|[from] Stealth Rock
|
|upkeep
|turn|34
|
|t:|1659530623
|switch|p2a: Toxapex|Toxapex, M|100/100 brn
|-damage|p2a: Toxapex|88/100 brn|[from] Stealth Rock
|move|p1a: Toxapex|Toxic Spikes|p2a: Toxapex
|-sidestart|p2: dmt dreams|move: Toxic Spikes
|
|-damage|p2a: Toxapex|82/100 brn|[from] brn
|upkeep
|turn|35
|
|t:|1659530632
|switch|p1a: Landorus|Landorus-Therian, M|100/100
|-damage|p1a: Landorus|88/100|[from] Stealth Rock
|-ability|p1a: Landorus|Intimidate|boost
|-unboost|p2a: Toxapex|atk|1
|move|p2a: Toxapex|Knock Off|p1a: Landorus
|-crit|p1a: Landorus
|-damage|p1a: Landorus|77/100
|-enditem|p1a: Landorus|Leftovers|[from] move: Knock Off|[of] p2a: Toxapex
|
|-damage|p2a: Toxapex|75/100 brn|[from] brn
|upkeep
|turn|36
|j| LT91BB Storm
|n| zReptar|atomicregice
|
|t:|1659530658
|switch|p1a: Blaziken|Blaziken, M|100/100
|-damage|p1a: Blaziken|88/100|[from] Stealth Rock
|move|p2a: Toxapex|Toxic|p1a: Blaziken
|-status|p1a: Blaziken|tox
|
|-damage|p1a: Blaziken|82/100 tox|[from] psn
|-damage|p2a: Toxapex|69/100 brn|[from] brn
|upkeep
|turn|37
|
|t:|1659530669
|switch|p1a: Ferrothorn|Ferrothorn, M|95/100
|-damage|p1a: Ferrothorn|89/100|[from] Stealth Rock
|move|p2a: Toxapex|Knock Off|p1a: Ferrothorn
|-damage|p1a: Ferrothorn|85/100
|-damage|p2a: Toxapex|57/100 brn|[from] ability: Iron Barbs|[of] p1a: Ferrothorn
|-damage|p2a: Toxapex|40/100 brn|[from] item: Rocky Helmet|[of] p1a: Ferrothorn
|-enditem|p1a: Ferrothorn|Rocky Helmet|[from] move: Knock Off|[of] p2a: Toxapex
|
|-damage|p2a: Toxapex|34/100 brn|[from] brn
|upkeep
|turn|38
|
|t:|1659530675
|move|p2a: Toxapex|Recover|p2a: Toxapex
|-heal|p2a: Toxapex|84/100 brn
|move|p1a: Ferrothorn|Leech Seed|p2a: Toxapex
|-start|p2a: Toxapex|move: Leech Seed
|
|-damage|p2a: Toxapex|72/100 brn|[from] Leech Seed|[of] p1a: Ferrothorn
|-heal|p1a: Ferrothorn|96/100|[silent]
|-damage|p2a: Toxapex|65/100 brn|[from] brn
|upkeep
|turn|39
|
|t:|1659530680
|switch|p1a: Blissey|Blissey, F|100/100
|move|p2a: Toxapex|Knock Off|p1a: Blissey
|-damage|p1a: Blissey|96/100
|-enditem|p1a: Blissey|Heavy-Duty Boots|[from] move: Knock Off|[of] p2a: Toxapex
|
|-damage|p2a: Toxapex|53/100 brn|[from] Leech Seed|[of] p1a: Blissey
|-heal|p1a: Blissey|100/100|[silent]
|-damage|p2a: Toxapex|47/100 brn|[from] brn
|upkeep
|turn|40
|
|t:|1659530688
|switch|p2a: Corviknight|Corviknight, M|88/100
|-damage|p2a: Corviknight|75/100|[from] Stealth Rock
|-ability|p2a: Corviknight|Pressure
|move|p1a: Blissey|Aromatherapy|p1a: Blissey
|-activate|p1a: Blissey|move: Aromatherapy
|-curestatus|p1: Blaziken|tox|[msg]
|
|upkeep
|turn|41
|
|t:|1659530696
|switch|p1a: Toxapex|Toxapex, M|100/100
|-damage|p1a: Toxapex|88/100|[from] Stealth Rock
|move|p2a: Corviknight|Defog|p1a: Toxapex
|-unboost|p1a: Toxapex|evasion|1
|-sideend|p1: lt91bb 3d|Stealth Rock|[from] move: Defog|[of] p2a: Corviknight
|-sideend|p2: dmt dreams|Toxic Spikes|[from] move: Defog|[of] p2a: Corviknight
|-sideend|p2: dmt dreams|Stealth Rock|[from] move: Defog|[of] p2a: Corviknight
|
|upkeep
|turn|42
|
|t:|1659530707
|switch|p2a: Toxapex|Toxapex, M|80/100 brn
|move|p1a: Toxapex|Toxic Spikes|p2a: Toxapex
|-sidestart|p2: dmt dreams|move: Toxic Spikes
|
|-damage|p2a: Toxapex|74/100 brn|[from] brn
|upkeep
|turn|43
|
|t:|1659530713
|switch|p1a: Clefable|Clefable, M|95/100
|switch|p2a: Corviknight|Corviknight, M|75/100
|-ability|p2a: Corviknight|Pressure
|
|upkeep
|turn|44
|
|t:|1659530718
|switch|p2a: Toxapex|Toxapex, M|100/100 brn
|-sideend|p2: dmt dreams|move: Toxic Spikes|[of] p2a: Toxapex
|move|p1a: Clefable|Wish|p1a: Clefable
|
|-damage|p2a: Toxapex|94/100 brn|[from] brn
|upkeep
|turn|45
|
|t:|1659530721
|move|p2a: Toxapex|Toxic|p1a: Clefable
|-status|p1a: Clefable|tox
|move|p1a: Clefable|Teleport|p1a: Clefable
|
|t:|1659530724
|switch|p1a: Blaziken|Blaziken, M|82/100|[from]move: Teleport
|
|-heal|p1a: Blaziken|100/100|[from] move: Wish|[wisher] Clefable
|-damage|p2a: Toxapex|88/100 brn|[from] brn
|upkeep
|turn|46
|
|t:|1659530731
|switch|p1a: Blissey|Blissey, F|100/100
|move|p2a: Toxapex|Toxic|p1a: Blissey
|-status|p1a: Blissey|tox
|
|-damage|p1a: Blissey|94/100 tox|[from] psn
|-damage|p2a: Toxapex|82/100 brn|[from] brn
|upkeep
|turn|47
|
|t:|1659530736
|switch|p2a: Jirachi|Jirachi|100/100
|move|p1a: Blissey|Aromatherapy|p1a: Blissey
|-activate|p1a: Blissey|move: Aromatherapy
|-curestatus|p1a: Blissey|tox|[msg]
|-curestatus|p1: Clefable|tox|[msg]
|
|upkeep
|turn|48
|l| Tiranito
|
|t:|1659530741
|switch|p1a: Landorus|Landorus-Therian, M|77/100
|-ability|p1a: Landorus|Intimidate|boost
|-unboost|p2a: Jirachi|atk|1
|move|p2a: Jirachi|U-turn|p1a: Landorus
|-resisted|p1a: Landorus
|-damage|p1a: Landorus|72/100
|
|t:|1659530746
|switch|p2a: Clefable|Clefable, M|100/100|[from]move: U-turn
|
|upkeep
|turn|49
|
|t:|1659530753
|move|p1a: Landorus|Stealth Rock|p2a: Clefable
|-sidestart|p2: dmt dreams|move: Stealth Rock
|move|p2a: Clefable|Moonblast|p1a: Landorus
|-damage|p1a: Landorus|40/100
|
|upkeep
|turn|50
|
|t:|1659530761
|switch|p1a: Clefable|Clefable, M|95/100
|move|p2a: Clefable|Stealth Rock|p1a: Clefable
|-sidestart|p1: lt91bb 3d|move: Stealth Rock
|
|upkeep
|turn|51
|
|t:|1659530765
|switch|p2a: Jirachi|Jirachi|100/100
|-damage|p2a: Jirachi|94/100|[from] Stealth Rock
|move|p1a: Clefable|Wish|p1a: Clefable
|
|-heal|p2a: Jirachi|100/100|[from] item: Leftovers
|upkeep
|turn|52
|j| LT91BB Mimi
|
|t:|1659530770
|switch|p1a: Landorus|Landorus-Therian, M|40/100
|-damage|p1a: Landorus|28/100|[from] Stealth Rock
|-ability|p1a: Landorus|Intimidate|boost
|-unboost|p2a: Jirachi|atk|1
|move|p2a: Jirachi|Iron Head|p1a: Landorus
|-damage|p1a: Landorus|9/100
|
|-heal|p1a: Landorus|61/100|[from] move: Wish|[wisher] Clefable
|upkeep
|turn|53
|
|t:|1659530780
|switch|p2a: Corviknight|Corviknight, M|75/100
|-damage|p2a: Corviknight|63/100|[from] Stealth Rock
|-ability|p2a: Corviknight|Pressure
|move|p1a: Landorus|Earthquake|p2a: Corviknight
|-immune|p2a: Corviknight
|
|upkeep
|turn|54
|
|t:|1659530789
|switch|p1a: Blaziken|Blaziken, M|100/100
|-damage|p1a: Blaziken|88/100|[from] Stealth Rock
|move|p2a: Corviknight|Roost|p2a: Corviknight
|-heal|p2a: Corviknight|100/100
|-singleturn|p2a: Corviknight|move: Roost
|
|upkeep
|turn|55
|
|t:|1659530795
|switch|p2a: Moltres|Moltres|100/100
|-ability|p2a: Moltres|Pressure
|move|p1a: Blaziken|Swords Dance|p1a: Blaziken
|-boost|p1a: Blaziken|atk|2
|
|-ability|p1a: Blaziken|Speed Boost|boost
|-boost|p1a: Blaziken|spe|1
|upkeep
|turn|56
|
|t:|1659530799
|move|p1a: Blaziken|Protect|p1a: Blaziken
|-singleturn|p1a: Blaziken|Protect
|move|p2a: Moltres|Scorching Sands|p1a: Blaziken
|-activate|p1a: Blaziken|move: Protect
|
|-ability|p1a: Blaziken|Speed Boost|boost
|-boost|p1a: Blaziken|spe|1
|upkeep
|turn|57
|
|t:|1659530804
|move|p1a: Blaziken|High Jump Kick|p2a: Moltres
|-resisted|p2a: Moltres
|-damage|p2a: Moltres|43/100
|-damage|p1a: Blaziken|78/100|[from] item: Life Orb
|move|p2a: Moltres|Scorching Sands|p1a: Blaziken
|-supereffective|p1a: Blaziken
|-damage|p1a: Blaziken|15/100
|
|-ability|p1a: Blaziken|Speed Boost|boost
|-boost|p1a: Blaziken|spe|1
|upkeep
|turn|58
|inactive|lt91bb 3d has 120 seconds left.
|
|t:|1659530845
|switch|p2a: Toxapex|Toxapex, M|100/100 brn
|-damage|p2a: Toxapex|88/100 brn|[from] Stealth Rock
|move|p1a: Blaziken|High Jump Kick|p2a: Toxapex
|-resisted|p2a: Toxapex
|-damage|p2a: Toxapex|13/100 brn
|-damage|p1a: Blaziken|5/100|[from] item: Life Orb
|
|-damage|p2a: Toxapex|6/100 brn|[from] brn
|-ability|p1a: Blaziken|Speed Boost|boost
|-boost|p1a: Blaziken|spe|1
|upkeep
|turn|59
|
|t:|1659530860
|move|p1a: Blaziken|Protect|p1a: Blaziken
|-singleturn|p1a: Blaziken|Protect
|move|p2a: Toxapex|Recover|p2a: Toxapex
|-heal|p2a: Toxapex|56/100 brn
|
|-damage|p2a: Toxapex|50/100 brn|[from] brn
|-ability|p1a: Blaziken|Speed Boost|boost
|-boost|p1a: Blaziken|spe|1
|upkeep
|turn|60
|inactive|lt91bb 3d has 120 seconds left.
|j| AlphaRay01
|inactive|dmt dreams has 120 seconds left.
|
|t:|1659530882
|switch|p1a: Ferrothorn|Ferrothorn, M|96/100
|-damage|p1a: Ferrothorn|90/100|[from] Stealth Rock
|switch|p2a: Jirachi|Jirachi|100/100
|-damage|p2a: Jirachi|94/100|[from] Stealth Rock
|
|-heal|p2a: Jirachi|100/100|[from] item: Leftovers
|upkeep
|turn|61
|
|t:|1659530889
|move|p2a: Jirachi|U-turn|p1a: Ferrothorn
|-damage|p1a: Ferrothorn|81/100
|-damage|p2a: Jirachi|88/100|[from] ability: Iron Barbs|[of] p1a: Ferrothorn
|
|t:|1659530892
|switch|p2a: Corviknight|Corviknight, M|100/100|[from]move: U-turn
|-damage|p2a: Corviknight|88/100|[from] Stealth Rock
|-ability|p2a: Corviknight|Pressure
|move|p1a: Ferrothorn|Leech Seed|p2a: Corviknight|[miss]
|-miss|p1a: Ferrothorn|p2a: Corviknight
|
|upkeep
|turn|62
|
|t:|1659530898
|move|p2a: Corviknight|Body Press|p1a: Ferrothorn
|-supereffective|p1a: Ferrothorn
|-damage|p1a: Ferrothorn|49/100
|-damage|p2a: Corviknight|75/100|[from] ability: Iron Barbs|[of] p1a: Ferrothorn
|move|p1a: Ferrothorn|Spikes|p2a: Corviknight
|-sidestart|p2: dmt dreams|Spikes
|
|upkeep
|turn|63
|
|t:|1659530904
|move|p2a: Corviknight|Body Press|p1a: Ferrothorn
|-supereffective|p1a: Ferrothorn
|-damage|p1a: Ferrothorn|15/100
|-damage|p2a: Corviknight|63/100|[from] ability: Iron Barbs|[of] p1a: Ferrothorn
|move|p1a: Ferrothorn|Leech Seed|p2a: Corviknight|[miss]
|-miss|p1a: Ferrothorn|p2a: Corviknight
|
|upkeep
|turn|64
|
|t:|1659530909
|switch|p1a: Clefable|Clefable, M|95/100
|-damage|p1a: Clefable|82/100|[from] Stealth Rock
|move|p2a: Corviknight|Body Press|p1a: Clefable
|-resisted|p1a: Clefable
|-damage|p1a: Clefable|73/100
|
|upkeep
|turn|65
|
|t:|1659530919
|move|p2a: Corviknight|Roost|p2a: Corviknight
|-heal|p2a: Corviknight|100/100
|-singleturn|p2a: Corviknight|move: Roost
|move|p1a: Clefable|Wish|p1a: Clefable
|
|upkeep
|turn|66
|
|t:|1659530928
|move|p2a: Corviknight|U-turn|p1a: Clefable
|-resisted|p1a: Clefable
|-damage|p1a: Clefable|67/100
|
|t:|1659530930
|switch|p2a: Moltres|Moltres|43/100|[from]move: U-turn
|-ability|p2a: Moltres|Pressure
|move|p1a: Clefable|Teleport|p1a: Clefable
|
|t:|1659530937
|switch|p1a: Landorus|Landorus-Therian, M|61/100|[from]move: Teleport
|-damage|p1a: Landorus|48/100|[from] Stealth Rock
|-ability|p1a: Landorus|Intimidate|boost
|-unboost|p2a: Moltres|atk|1
|
|-heal|p1a: Landorus|99/100|[from] move: Wish|[wisher] Clefable
|upkeep
|turn|67
|
|t:|1659530951
|switch|p1a: Toxapex|Toxapex, M|100/100
|-damage|p1a: Toxapex|88/100|[from] Stealth Rock
|switch|p2a: Clefable|Clefable, M|100/100
|-damage|p2a: Clefable|88/100|[from] Stealth Rock
|-damage|p2a: Clefable|76/100|[from] Spikes
|
|-heal|p2a: Clefable|82/100|[from] item: Leftovers
|upkeep
|turn|68
|
|t:|1659530957
|switch|p2a: Corviknight|Corviknight, M|100/100
|-damage|p2a: Corviknight|88/100|[from] Stealth Rock
|-ability|p2a: Corviknight|Pressure
|move|p1a: Toxapex|Knock Off|p2a: Corviknight
|-damage|p2a: Corviknight|82/100
|
|upkeep
|turn|69
|
|t:|1659530968
|move|p2a: Corviknight|Defog|p1a: Toxapex
|-unboost|p1a: Toxapex|evasion|1
|-sideend|p1: lt91bb 3d|Stealth Rock|[from] move: Defog|[of] p2a: Corviknight
|-sideend|p2: dmt dreams|Spikes|[from] move: Defog|[of] p2a: Corviknight
|-sideend|p2: dmt dreams|Stealth Rock|[from] move: Defog|[of] p2a: Corviknight
|move|p1a: Toxapex|Scald|p2a: Corviknight
|-damage|p2a: Corviknight|67/100
|-status|p2a: Corviknight|brn
|
|-damage|p2a: Corviknight|60/100 brn|[from] brn
|upkeep
|turn|70
|
|t:|1659530977
|move|p2a: Corviknight|Roost|p2a: Corviknight
|-heal|p2a: Corviknight|100/100 brn
|-singleturn|p2a: Corviknight|move: Roost
|move|p1a: Toxapex|Knock Off|p2a: Corviknight
|-damage|p2a: Corviknight|95/100 brn
|
|-damage|p2a: Corviknight|89/100 brn|[from] brn
|upkeep
|turn|71
|
|t:|1659530980
|move|p2a: Corviknight|U-turn|p1a: Toxapex
|-resisted|p1a: Toxapex
|-damage|p1a: Toxapex|86/100
|
|t:|1659530984
|switch|p2a: Toxapex|Toxapex, M|83/100 brn|[from]move: U-turn
|move|p1a: Toxapex|Knock Off|p2a: Toxapex
|-damage|p2a: Toxapex|76/100 brn
|
|-damage|p2a: Toxapex|70/100 brn|[from] brn
|upkeep
|turn|72
|
|t:|1659530995
|switch|p1a: Landorus|Landorus-Therian, M|99/100
|-ability|p1a: Landorus|Intimidate|boost
|-unboost|p2a: Toxapex|atk|1
|switch|p2a: Corviknight|Corviknight, M|89/100 brn
|-ability|p2a: Corviknight|Pressure
|
|-damage|p2a: Corviknight|83/100 brn|[from] brn
|upkeep
|turn|73
|l| Hyss
|
|t:|1659531009
|switch|p2a: Clefable|Clefable, M|82/100
|move|p1a: Landorus|Stealth Rock|p2a: Clefable
|-sidestart|p2: dmt dreams|move: Stealth Rock
|
|-heal|p2a: Clefable|88/100|[from] item: Leftovers
|upkeep
|turn|74
|
|t:|1659531014
|switch|p1a: Clefable|Clefable, M|67/100
|move|p2a: Clefable|Aromatherapy|p2a: Clefable
|-activate|p2a: Clefable|move: Aromatherapy
|-curestatus|p2: Toxapex|brn|[msg]
|-curestatus|p2: Corviknight|brn|[msg]
|
|-heal|p2a: Clefable|94/100|[from] item: Leftovers
|upkeep
|turn|75
|
|t:|1659531021
|move|p1a: Clefable|Moonblast|p2a: Clefable
|-damage|p2a: Clefable|64/100
|move|p2a: Clefable|Stealth Rock|p1a: Clefable
|-sidestart|p1: lt91bb 3d|move: Stealth Rock
|
|-heal|p2a: Clefable|70/100|[from] item: Leftovers
|upkeep
|turn|76
|
|t:|1659531028
|move|p1a: Clefable|Wish|p1a: Clefable
|move|p2a: Clefable|Moonblast|p1a: Clefable
|-damage|p1a: Clefable|39/100
|
|-heal|p2a: Clefable|76/100|[from] item: Leftovers
|upkeep
|turn|77
|
|t:|1659531032
|move|p1a: Clefable|Moonblast|p2a: Clefable
|-damage|p2a: Clefable|47/100
|move|p2a: Clefable|Soft-Boiled|p2a: Clefable
|-heal|p2a: Clefable|97/100
|
|-heal|p1a: Clefable|89/100|[from] move: Wish|[wisher] Clefable
|-heal|p2a: Clefable|100/100|[from] item: Leftovers
|upkeep
|turn|78
|j| seidou45
|
|t:|1659531036
|switch|p2a: Moltres|Moltres|43/100
|-ability|p2a: Moltres|Pressure
|move|p1a: Clefable|Wish|p1a: Clefable
|
|upkeep
|turn|79
|
|t:|1659531042
|move|p2a: Moltres|Roost|p2a: Moltres
|-heal|p2a: Moltres|93/100
|-singleturn|p2a: Moltres|move: Roost
|move|p1a: Clefable|Teleport|p1a: Clefable
|
|t:|1659531045
|switch|p1a: Ferrothorn|Ferrothorn, M|15/100|[from]move: Teleport
|-damage|p1a: Ferrothorn|9/100|[from] Stealth Rock
|
|-heal|p1a: Ferrothorn|65/100|[from] move: Wish|[wisher] Clefable
|upkeep
|turn|80
|
|t:|1659531050
|switch|p2a: Zeraora|Zeraora|100/100
|-damage|p2a: Zeraora|88/100|[from] Stealth Rock
|switch|p1a: Toxapex|Toxapex, M|100/100
|-damage|p1a: Toxapex|88/100|[from] Stealth Rock
|
|-heal|p2a: Zeraora|94/100|[from] item: Leftovers
|upkeep
|turn|81
|
|t:|1659531059
|switch|p1a: Landorus|Landorus-Therian, M|99/100
|-damage|p1a: Landorus|88/100|[from] Stealth Rock
|-ability|p1a: Landorus|Intimidate|boost
|-unboost|p2a: Zeraora|atk|1
|move|p2a: Zeraora|Volt Switch|p1a: Landorus
|-immune|p1a: Landorus
|
|-heal|p2a: Zeraora|99/100|[from] item: Leftovers
|upkeep
|turn|82
|inactive|lt91bb 3d has 120 seconds left.
|j| ripreckful
|
|t:|1659531109
|switch|p2a: Corviknight|Corviknight, M|83/100
|-damage|p2a: Corviknight|70/100|[from] Stealth Rock
|-ability|p2a: Corviknight|Pressure
|switch|p1a: Toxapex|Toxapex, M|100/100
|-damage|p1a: Toxapex|88/100|[from] Stealth Rock
|
|upkeep
|turn|83
|
|t:|1659531117
|move|p2a: Corviknight|Roost|p2a: Corviknight
|-heal|p2a: Corviknight|100/100
|-singleturn|p2a: Corviknight|move: Roost
|move|p1a: Toxapex|Scald|p2a: Corviknight
|-damage|p2a: Corviknight|83/100
|
|upkeep
|turn|84
|l| Panda le gros bebe
|
|t:|1659531122
|move|p2a: Corviknight|U-turn|p1a: Toxapex
|-resisted|p1a: Toxapex
|-damage|p1a: Toxapex|84/100
|
|t:|1659531123
|switch|p2a: Toxapex|Toxapex, M|100/100|[from]move: U-turn
|-damage|p2a: Toxapex|88/100|[from] Stealth Rock
|move|p1a: Toxapex|Scald|p2a: Toxapex
|-resisted|p2a: Toxapex
|-damage|p2a: Toxapex|83/100
|-status|p2a: Toxapex|brn
|
|-damage|p2a: Toxapex|77/100 brn|[from] brn
|upkeep
|turn|85
|
|t:|1659531128
|switch|p2a: Corviknight|Corviknight, M|83/100
|-damage|p2a: Corviknight|71/100|[from] Stealth Rock
|-ability|p2a: Corviknight|Pressure
|switch|p1a: Ferrothorn|Ferrothorn, M|65/100
|-damage|p1a: Ferrothorn|59/100|[from] Stealth Rock
|
|upkeep
|turn|86
|
|t:|1659531131
|switch|p1a: Toxapex|Toxapex, M|100/100
|-damage|p1a: Toxapex|88/100|[from] Stealth Rock
|move|p2a: Corviknight|Body Press|p1a: Toxapex
|-resisted|p1a: Toxapex
|-damage|p1a: Toxapex|80/100
|
|upkeep
|turn|87
|
|t:|1659531136
|move|p2a: Corviknight|U-turn|p1a: Toxapex
|-resisted|p1a: Toxapex
|-damage|p1a: Toxapex|75/100
|
|t:|1659531137
|switch|p2a: Toxapex|Toxapex, M|100/100 brn|[from]move: U-turn
|-damage|p2a: Toxapex|88/100 brn|[from] Stealth Rock
|move|p1a: Toxapex|Toxic Spikes|p2a: Toxapex
|-sidestart|p2: dmt dreams|move: Toxic Spikes
|
|-damage|p2a: Toxapex|82/100 brn|[from] brn
|upkeep
|turn|88
|
|t:|1659531145
|move|p2a: Toxapex|Toxic|p1a: Toxapex
|-immune|p1a: Toxapex
|move|p1a: Toxapex|Scald|p2a: Toxapex
|-resisted|p2a: Toxapex
|-damage|p2a: Toxapex|76/100 brn
|
|-damage|p2a: Toxapex|70/100 brn|[from] brn
|upkeep
|turn|89
|
|t:|1659531149
|move|p1a: Toxapex|Scald|p2a: Toxapex
|-resisted|p2a: Toxapex
|-damage|p2a: Toxapex|65/100 brn
|move|p2a: Toxapex|Knock Off|p1a: Toxapex
|-damage|p1a: Toxapex|72/100
|
|-damage|p2a: Toxapex|59/100 brn|[from] brn
|upkeep
|turn|90
|
|t:|1659531151
|switch|p2a: Corviknight|Corviknight, M|71/100
|-damage|p2a: Corviknight|58/100|[from] Stealth Rock
|-ability|p2a: Corviknight|Pressure
|move|p1a: Toxapex|Scald|p2a: Corviknight
|-damage|p2a: Corviknight|42/100
|-status|p2a: Corviknight|brn
|
|-damage|p2a: Corviknight|36/100 brn|[from] brn
|upkeep
|turn|91
|
|t:|1659531155
|switch|p1a: Ferrothorn|Ferrothorn, M|59/100
|-damage|p1a: Ferrothorn|53/100|[from] Stealth Rock
|move|p2a: Corviknight|Roost|p2a: Corviknight
|-heal|p2a: Corviknight|86/100 brn
|-singleturn|p2a: Corviknight|move: Roost
|
|-damage|p2a: Corviknight|80/100 brn|[from] brn
|upkeep
|turn|92
|
|t:|1659531165
|switch|p2a: Toxapex|Toxapex, M|92/100 brn
|-damage|p2a: Toxapex|79/100 brn|[from] Stealth Rock
|-sideend|p2: dmt dreams|move: Toxic Spikes|[of] p2a: Toxapex
|move|p1a: Ferrothorn|Knock Off|p2a: Toxapex
|-damage|p2a: Toxapex|67/100 brn
|
|-damage|p2a: Toxapex|61/100 brn|[from] brn
|upkeep
|turn|93
|
|t:|1659531169
|switch|p2a: Corviknight|Corviknight, M|80/100 brn
|-damage|p2a: Corviknight|67/100 brn|[from] Stealth Rock
|-ability|p2a: Corviknight|Pressure
|move|p1a: Ferrothorn|Spikes|p2a: Corviknight
|-sidestart|p2: dmt dreams|Spikes
|
|-damage|p2a: Corviknight|61/100 brn|[from] brn
|upkeep
|turn|94
|j| LT91BB Senku
|
|t:|1659531174
|switch|p1a: Clefable|Clefable, M|89/100
|-damage|p1a: Clefable|76/100|[from] Stealth Rock
|move|p2a: Corviknight|Defog|p1a: Clefable
|-unboost|p1a: Clefable|evasion|1
|-sideend|p1: lt91bb 3d|Stealth Rock|[from] move: Defog|[of] p2a: Corviknight
|-sideend|p2: dmt dreams|Spikes|[from] move: Defog|[of] p2a: Corviknight
|-sideend|p2: dmt dreams|Stealth Rock|[from] move: Defog|[of] p2a: Corviknight
|
|-damage|p2a: Corviknight|55/100 brn|[from] brn
|upkeep
|turn|95
|
|t:|1659531180
|move|p2a: Corviknight|U-turn|p1a: Clefable
|-resisted|p1a: Clefable
|-damage|p1a: Clefable|74/100
|
|t:|1659531181
|switch|p2a: Clefable|Clefable, M|100/100|[from]move: U-turn
|move|p1a: Clefable|Wish|p1a: Clefable
|
|upkeep
|turn|96
|
|t:|1659531186
|switch|p1a: Blaziken|Blaziken, M|5/100
|move|p2a: Clefable|Stealth Rock|p1a: Blaziken
|-sidestart|p1: lt91bb 3d|move: Stealth Rock
|
|-heal|p1a: Blaziken|71/100|[from] move: Wish|[wisher] Clefable
|upkeep
|turn|97
|l| LT91BB Senku
|inactive|lt91bb 3d has 120 seconds left.
|
|t:|1659531229
|move|p1a: Blaziken|Flare Blitz|p2a: Clefable
|-damage|p2a: Clefable|37/100
|-damage|p1a: Blaziken|43/100|[from] Recoil
|-damage|p1a: Blaziken|33/100|[from] item: Life Orb
|move|p2a: Clefable|Aromatherapy|p2a: Clefable
|-activate|p2a: Clefable|move: Aromatherapy
|-curestatus|p2: Toxapex|brn|[msg]
|-curestatus|p2: Corviknight|brn|[msg]
|
|-heal|p2a: Clefable|43/100|[from] item: Leftovers
|-ability|p1a: Blaziken|Speed Boost|boost
|-boost|p1a: Blaziken|spe|1
|upkeep
|turn|98
|inactive|lt91bb 3d has 90 seconds left.
|inactive|lt91bb 3d has 60 seconds left.
|
|t:|1659531301
|switch|p2a: Toxapex|Toxapex, M|94/100
|move|p1a: Blaziken|Flare Blitz|p2a: Toxapex
|-resisted|p2a: Toxapex
|-damage|p2a: Toxapex|64/100
|-damage|p1a: Blaziken|23/100|[from] Recoil
|-damage|p1a: Blaziken|13/100|[from] item: Life Orb
|
|-ability|p1a: Blaziken|Speed Boost|boost
|-boost|p1a: Blaziken|spe|1
|upkeep
|turn|99
|inactive|lt91bb 3d has 30 seconds left.
|inactive|lt91bb 3d has 20 seconds left.
|l| LT91BB Mimi
|inactive|lt91bb 3d has 15 seconds left.
|inactive|dmt dreams has 120 seconds left.
|inactive|lt91bb 3d has 10 seconds left.
|
|t:|1659531348
|switch|p2a: Clefable|Clefable, M|43/100
|move|p1a: Blaziken|Swords Dance|p1a: Blaziken
|-boost|p1a: Blaziken|atk|2
|
|-heal|p2a: Clefable|49/100|[from] item: Leftovers
|-ability|p1a: Blaziken|Speed Boost|boost
|-boost|p1a: Blaziken|spe|1
|upkeep
|turn|100
|inactive|lt91bb 3d has 15 seconds left this turn.
|inactive|lt91bb 3d has 10 seconds left.
|inactive|lt91bb 3d has 5 seconds left.
|j| Legend Kerbecs
|
|t:|1659531366
|switch|p1a: Landorus|Landorus-Therian, M|88/100
|-damage|p1a: Landorus|75/100|[from] Stealth Rock
|-ability|p1a: Landorus|Intimidate|boost
|-unboost|p2a: Clefable|atk|1
|switch|p2a: Toxapex|Toxapex, M|97/100
|
|upkeep
|turn|101
|inactive|lt91bb 3d has 10 seconds left this turn.
|inactive|lt91bb 3d has 5 seconds left.
|
|t:|1659531377
|switch|p2a: Corviknight|Corviknight, M|55/100
|-ability|p2a: Corviknight|Pressure
|move|p1a: Landorus|Swords Dance|p1a: Landorus
|-boost|p1a: Landorus|atk|2
|
|upkeep
|turn|102
|inactive|lt91bb 3d has 10 seconds left this turn.
|inactive|lt91bb 3d has 5 seconds left.
|
|t:|1659531383
|move|p1a: Landorus|Stealth Rock|p2a: Corviknight
|-sidestart|p2: dmt dreams|move: Stealth Rock
|move|p2a: Corviknight|Roost|p2a: Corviknight
|-heal|p2a: Corviknight|100/100
|-singleturn|p2a: Corviknight|move: Roost
|
|upkeep
|turn|103
|inactive|lt91bb 3d has 10 seconds left this turn.
|
|t:|1659531389
|move|p1a: Landorus|Swords Dance|p1a: Landorus
|-boost|p1a: Landorus|atk|2
|move|p2a: Corviknight|Defog|p1a: Landorus
|-unboost|p1a: Landorus|evasion|1
|-sideend|p1: lt91bb 3d|Stealth Rock|[from] move: Defog|[of] p2a: Corviknight
|-sideend|p2: dmt dreams|Stealth Rock|[from] move: Defog|[of] p2a: Corviknight
|
|upkeep
|turn|104
|inactive|lt91bb 3d has 15 seconds left this turn.
|inactive|lt91bb 3d has 10 seconds left.
|
|t:|1659531397
|switch|p2a: Clefable|Clefable, M|49/100
|move|p1a: Landorus|Stone Edge|p2a: Clefable|[miss]
|-miss|p1a: Landorus|p2a: Clefable
|
|-heal|p2a: Clefable|55/100|[from] item: Leftovers
|upkeep
|turn|105
|inactive|lt91bb 3d has 15 seconds left this turn.
|inactive|lt91bb 3d has 10 seconds left.
|-message|lt91bb 3d forfeited.
|
|win|dmt dreams
|inactive|lt91bb 3d has 15 seconds left this turn.
|raw|lt91bb 3d's rating: 1894 &rarr; <strong>1878</strong><br />(-16 for losing)
|raw|dmt dreams's rating: 1966 &rarr; <strong>1982</strong><br />(+16 for winning)
|l|‽lt91bb 3d
