|raw|<div class="broadcast-blue"><strong>This battle is required to be public due to a player having a name starting with 'lt92pf'.</div>
|j|☆LT92Pfizer
|j|☆Daunzu
|t:|1660320786
|gametype|singles
|player|p1|LT92Pfizer|preschooler|1606
|player|p2|Daunzu|ingo|1675
|teamsize|p1|6
|teamsize|p2|6
|gen|8
|tier|[Gen 8] OU
|rated|
|rule|Sleep Clause Mod: Limit one foe put to sleep
|rule|Species Clause: Limit one of each Pokémon
|rule|OHKO Clause: OHKO moves are banned
|rule|Evasion Items Clause: Evasion items are banned
|rule|Evasion Moves Clause: Evasion moves are banned
|rule|Endless Battle Clause: Forcing endless battles is banned
|rule|HP Percentage Mod: HP is shown in percentages
|rule|Dynamax Clause: You cannot dynamax
|clearpoke
|poke|p1|Weavile, F|
|poke|p1|Aegislash, M|
|poke|p1|Ferrothorn, F|
|poke|p1|Heatran, M|
|poke|p1|Zapdos-Galar|
|poke|p1|Landorus-Therian, M|
|poke|p2|Zeraora|
|poke|p2|Zapdos|
|poke|p2|Heatran, M|
|poke|p2|Landorus-Therian, M|
|poke|p2|Clefable, F|
|poke|p2|Ferrothorn, M|
|teampreview
|inactive|Battle timer is ON: inactive players will automatically lose when time's up. (requested by Daunzu)
|inactive|LT92Pfizer has 120 seconds left.
|c|☆LT92Pfizer|vuhf hf
|inactive|LT92Pfizer has 90 seconds left.
|
|t:|1660320859
|start
|switch|p1a: crash bandicoot|Weavile, F|100/100
|switch|p2a: Landorus|Landorus-Therian, M|100/100
|-ability|p1a: crash bandicoot|Pressure
|-ability|p2a: Landorus|Intimidate|boost
|-unboost|p1a: crash bandicoot|atk|1
|turn|1
|
|t:|1660320864
|switch|p1a: fire and flames|Heatran, M|100/100
|-item|p1a: fire and flames|Air Balloon
|move|p2a: Landorus|U-turn|p1a: fire and flames
|-resisted|p1a: fire and flames
|-damage|p1a: fire and flames|95/100
|-enditem|p1a: fire and flames|Air Balloon
|
|t:|1660320871
|switch|p2a: Heatran|Heatran, M|100/100|[from]move: U-turn
|
|upkeep
|turn|2
|
|t:|1660320877
|move|p1a: fire and flames|Earth Power|p2a: Heatran
|-supereffective|p2a: Heatran
|-damage|p2a: Heatran|28/100
|move|p2a: Heatran|Earth Power|p1a: fire and flames
|-supereffective|p1a: fire and flames
|-damage|p1a: fire and flames|0 fnt
|faint|p1a: fire and flames
|
|-heal|p2a: Heatran|34/100|[from] item: Leftovers
|upkeep
|
|t:|1660320881
|switch|p1a: crash bandicoot|Weavile, F|100/100
|-ability|p1a: crash bandicoot|Pressure
|turn|3
|
|t:|1660320889
|switch|p2a: Ferrothorn|Ferrothorn, M|100/100
|move|p1a: crash bandicoot|Knock Off|p2a: Ferrothorn
|-damage|p2a: Ferrothorn|58/100
|-damage|p1a: crash bandicoot|88/100|[from] ability: Iron Barbs|[of] p2a: Ferrothorn
|-damage|p1a: crash bandicoot|72/100|[from] item: Rocky Helmet|[of] p2a: Ferrothorn
|-enditem|p2a: Ferrothorn|Rocky Helmet|[from] move: Knock Off|[of] p1a: crash bandicoot
|
|upkeep
|turn|4
|
|t:|1660320899
|switch|p1a: has nightmares|Zapdos-Galar|100/100
|move|p2a: Ferrothorn|Leech Seed|p1a: has nightmares
|-start|p1a: has nightmares|move: Leech Seed
|
|-damage|p1a: has nightmares|88/100|[from] Leech Seed|[of] p2a: Ferrothorn
|-heal|p2a: Ferrothorn|69/100|[silent]
|upkeep
|turn|5
|
|t:|1660320909
|switch|p2a: Zapdos|Zapdos|100/100
|move|p1a: has nightmares|U-turn|p2a: Zapdos
|-resisted|p2a: Zapdos
|-damage|p2a: Zapdos|92/100
|
|t:|1660320913
|switch|p1a: crash bandicoot|Weavile, F|72/100|[from]move: U-turn
|-ability|p1a: crash bandicoot|Pressure
|
|upkeep
|turn|6
|
|t:|1660320918
|switch|p2a: Ferrothorn|Ferrothorn, M|69/100
|move|p1a: crash bandicoot|Icicle Crash|p2a: Ferrothorn
|-crit|p2a: Ferrothorn
|-damage|p2a: Ferrothorn|14/100
|
|upkeep
|turn|7
|
|t:|1660320924
|switch|p1a: has nightmares|Zapdos-Galar|88/100
|move|p2a: Ferrothorn|Spikes|p1a: has nightmares
|-sidestart|p1: LT92Pfizer|Spikes
|
|upkeep
|turn|8
|
|t:|1660320934
|switch|p2a: Zapdos|Zapdos|92/100
|move|p1a: has nightmares|U-turn|p2a: Zapdos
|-resisted|p2a: Zapdos
|-damage|p2a: Zapdos|83/100
|
|t:|1660320938
|switch|p1a: crash bandicoot|Weavile, F|72/100|[from]move: U-turn
|-damage|p1a: crash bandicoot|59/100|[from] Spikes
|-ability|p1a: crash bandicoot|Pressure
|
|upkeep
|turn|9
|
|t:|1660320955
|switch|p2a: Heatran|Heatran, M|34/100
|move|p1a: crash bandicoot|Knock Off|p2a: Heatran
|-damage|p2a: Heatran|0 fnt
|-enditem|p2a: Heatran|Leftovers|[from] move: Knock Off|[of] p1a: crash bandicoot
|faint|p2a: Heatran
|
|upkeep
|
|t:|1660320957
|switch|p2a: Landorus|Landorus-Therian, M|100/100
|-ability|p2a: Landorus|Intimidate|boost
|-unboost|p1a: crash bandicoot|atk|1
|turn|10
|
|t:|1660320978
|switch|p1a: seeking justice|Landorus-Therian, M|100/100
|-ability|p1a: seeking justice|Intimidate|boost
|-unboost|p2a: Landorus|atk|1
|move|p2a: Landorus|U-turn|p1a: seeking justice
|-resisted|p1a: seeking justice
|-damage|p1a: seeking justice|92/100
|
|t:|1660320985
|switch|p2a: Zapdos|Zapdos|83/100|[from]move: U-turn
|
|upkeep
|turn|11
|
|t:|1660320992
|move|p1a: seeking justice|Stone Edge|p2a: Zapdos
|-supereffective|p2a: Zapdos
|-damage|p2a: Zapdos|23/100
|move|p2a: Zapdos|Heat Wave|p1a: seeking justice
|-damage|p1a: seeking justice|58/100
|
|upkeep
|turn|12
|
|t:|1660321002
|switch|p1a: crash bandicoot|Weavile, F|59/100
|-damage|p1a: crash bandicoot|47/100|[from] Spikes
|-ability|p1a: crash bandicoot|Pressure
|switch|p2a: Landorus|Landorus-Therian, M|100/100
|-ability|p2a: Landorus|Intimidate|boost
|-unboost|p1a: crash bandicoot|atk|1
|
|upkeep
|turn|13
|
|t:|1660321008
|switch|p2a: Ferrothorn|Ferrothorn, M|14/100
|move|p1a: crash bandicoot|Icicle Crash|p2a: Ferrothorn
|-damage|p2a: Ferrothorn|0 fnt
|faint|p2a: Ferrothorn
|
|upkeep
|
|t:|1660321014
|switch|p2a: Zeraora|Zeraora|100/100
|turn|14
|
|t:|1660321020
|move|p2a: Zeraora|Knock Off|p1a: crash bandicoot
|-resisted|p1a: crash bandicoot
|-damage|p1a: crash bandicoot|19/100
|-enditem|p1a: crash bandicoot|Choice Band|[from] move: Knock Off|[of] p2a: Zeraora
|move|p1a: crash bandicoot|Icicle Crash|p2a: Zeraora
|-damage|p2a: Zeraora|60/100
|
|-heal|p2a: Zeraora|66/100|[from] item: Leftovers
|upkeep
|turn|15
|
|t:|1660321029
|move|p2a: Zeraora|Plasma Fists|p1a: crash bandicoot
|-damage|p1a: crash bandicoot|0 fnt
|-fieldactivate|move: Ion Deluge
|-hint|Normal-type moves become Electric-type after using Plasma Fists.
|faint|p1a: crash bandicoot
|
|-heal|p2a: Zeraora|72/100|[from] item: Leftovers
|upkeep
|
|t:|1660321041
|switch|p1a: seeking justice|Landorus-Therian, M|58/100
|-ability|p1a: seeking justice|Intimidate|boost
|-unboost|p2a: Zeraora|atk|1
|turn|16
|
|t:|1660321045
|switch|p2a: Landorus|Landorus-Therian, M|100/100
|-ability|p2a: Landorus|Intimidate|boost
|-unboost|p1a: seeking justice|atk|1
|move|p1a: seeking justice|U-turn|p2a: Landorus
|-resisted|p2a: Landorus
|-damage|p2a: Landorus|95/100
|
|t:|1660321051
|switch|p1a: gimme 1more turn|Ferrothorn, F|100/100|[from]move: U-turn
|-damage|p1a: gimme 1more turn|88/100|[from] Spikes
|
|-heal|p2a: Landorus|100/100|[from] item: Leftovers
|upkeep
|turn|17
|
|t:|1660321062
|move|p2a: Landorus|Stealth Rock|p1a: gimme 1more turn
|-sidestart|p1: LT92Pfizer|move: Stealth Rock
|move|p1a: gimme 1more turn|Spikes|p2a: Landorus
|-sidestart|p2: Daunzu|Spikes
|
|upkeep
|turn|18
|
|t:|1660321066
|switch|p2a: Zapdos|Zapdos|23/100
|move|p1a: gimme 1more turn|Spikes|p2a: Zapdos
|-sidestart|p2: Daunzu|Spikes
|
|upkeep
|turn|19
|
|t:|1660321075
|move|p2a: Zapdos|Roost|p2a: Zapdos
|-heal|p2a: Zapdos|73/100
|-singleturn|p2a: Zapdos|move: Roost
|move|p1a: gimme 1more turn|Leech Seed|p2a: Zapdos
|-start|p2a: Zapdos|move: Leech Seed
|
|-damage|p2a: Zapdos|60/100|[from] Leech Seed|[of] p1a: gimme 1more turn
|-heal|p1a: gimme 1more turn|100/100|[silent]
|upkeep
|turn|20
|
|t:|1660321082
|switch|p1a: seeking justice|Landorus-Therian, M|58/100
|-damage|p1a: seeking justice|46/100|[from] Stealth Rock
|-ability|p1a: seeking justice|Intimidate|boost
|-unboost|p2a: Zapdos|atk|1
|move|p2a: Zapdos|Heat Wave|p1a: seeking justice
|-damage|p1a: seeking justice|13/100
|
|-damage|p2a: Zapdos|48/100|[from] Leech Seed|[of] p1a: seeking justice
|-heal|p1a: seeking justice|28/100|[silent]
|upkeep
|turn|21
|
|t:|1660321101
|switch|p2a: Landorus|Landorus-Therian, M|100/100
|-ability|p2a: Landorus|Intimidate|boost
|-unboost|p1a: seeking justice|atk|1
|move|p1a: seeking justice|Knock Off|p2a: Landorus
|-damage|p2a: Landorus|84/100
|-enditem|p2a: Landorus|Leftovers|[from] move: Knock Off|[of] p1a: seeking justice
|
|upkeep
|turn|22
|
|t:|1660321123
|switch|p1a: gimme 1more turn|Ferrothorn, F|100/100
|-damage|p1a: gimme 1more turn|88/100|[from] Spikes
|-damage|p1a: gimme 1more turn|82/100|[from] Stealth Rock
|move|p2a: Landorus|Knock Off|p1a: gimme 1more turn
|-damage|p1a: gimme 1more turn|65/100
|-damage|p2a: Landorus|71/100|[from] ability: Iron Barbs|[of] p1a: gimme 1more turn
|-damage|p2a: Landorus|55/100|[from] item: Rocky Helmet|[of] p1a: gimme 1more turn
|-enditem|p1a: gimme 1more turn|Rocky Helmet|[from] move: Knock Off|[of] p2a: Landorus
|
|upkeep
|turn|23
|
|t:|1660321135
|move|p2a: Landorus|Earthquake|p1a: gimme 1more turn
|-damage|p1a: gimme 1more turn|38/100
|move|p1a: gimme 1more turn|Leech Seed|p2a: Landorus
|-start|p2a: Landorus|move: Leech Seed
|
|-damage|p2a: Landorus|43/100|[from] Leech Seed|[of] p1a: gimme 1more turn
|-heal|p1a: gimme 1more turn|51/100|[silent]
|upkeep
|turn|24
|
|t:|1660321146
|move|p2a: Landorus|U-turn|p1a: gimme 1more turn
|-damage|p1a: gimme 1more turn|39/100
|-damage|p2a: Landorus|30/100|[from] ability: Iron Barbs|[of] p1a: gimme 1more turn
|
|t:|1660321148
|switch|p2a: Zapdos|Zapdos|48/100|[from]move: U-turn
|move|p1a: gimme 1more turn|Leech Seed|p2a: Zapdos
|-start|p2a: Zapdos|move: Leech Seed
|
|-damage|p2a: Zapdos|35/100|[from] Leech Seed|[of] p1a: gimme 1more turn
|-heal|p1a: gimme 1more turn|53/100|[silent]
|upkeep
|turn|25
|
|t:|1660321155
|move|p2a: Zapdos|Heat Wave|p1a: gimme 1more turn
|-supereffective|p1a: gimme 1more turn
|-damage|p1a: gimme 1more turn|0 fnt
|faint|p1a: gimme 1more turn
|
|upkeep
|inactive|LT92Pfizer has 120 seconds left.
|
|t:|1660321180
|switch|p1a: feckless|Aegislash, M|100/100
|-damage|p1a: feckless|88/100|[from] Spikes
|-damage|p1a: feckless|82/100|[from] Stealth Rock
|turn|26
|
|t:|1660321194
|move|p2a: Zapdos|Heat Wave|p1a: feckless
|-supereffective|p1a: feckless
|-damage|p1a: feckless|34/100
|-formechange|p1a: feckless|Aegislash-Blade||[from] ability: Stance Change
|move|p1a: feckless|Shadow Ball|p2a: Zapdos
|-damage|p2a: Zapdos|0 fnt
|faint|p2a: Zapdos
|
|upkeep
|
|t:|1660321199
|switch|p2a: Zeraora|Zeraora|72/100
|-damage|p2a: Zeraora|55/100|[from] Spikes
|turn|27
|
|t:|1660321208
|switch|p1a: has nightmares|Zapdos-Galar|88/100
|-damage|p1a: has nightmares|76/100|[from] Stealth Rock
|move|p2a: Zeraora|Knock Off|p1a: has nightmares
|-resisted|p1a: has nightmares
|-damage|p1a: has nightmares|58/100
|-enditem|p1a: has nightmares|Protective Pads|[from] move: Knock Off|[of] p2a: Zeraora
|
|-heal|p2a: Zeraora|61/100|[from] item: Leftovers
|upkeep
|turn|28
|
|t:|1660321212
|switch|p1a: seeking justice|Landorus-Therian, M|28/100
|-damage|p1a: seeking justice|16/100|[from] Stealth Rock
|-ability|p1a: seeking justice|Intimidate|boost
|-unboost|p2a: Zeraora|atk|1
|move|p2a: Zeraora|Plasma Fists|p1a: seeking justice
|-immune|p1a: seeking justice
|
|-heal|p2a: Zeraora|67/100|[from] item: Leftovers
|upkeep
|turn|29
|
|t:|1660321224
|switch|p1a: has nightmares|Zapdos-Galar|58/100
|-damage|p1a: has nightmares|46/100|[from] Stealth Rock
|switch|p2a: Landorus|Landorus-Therian, M|30/100
|-ability|p2a: Landorus|Intimidate|boost
|-unboost|p1a: has nightmares|atk|1
|-ability|p1a: has nightmares|Defiant
|-boost|p1a: has nightmares|atk|2
|
|upkeep
|turn|30
|
|t:|1660321228
|move|p1a: has nightmares|Brave Bird|p2a: Landorus
|-damage|p2a: Landorus|0 fnt
|faint|p2a: Landorus
|-damage|p1a: has nightmares|34/100|[from] Recoil
|
|upkeep
|
|t:|1660321230
|switch|p2a: Clefable|Clefable, F|100/100
|-damage|p2a: Clefable|84/100|[from] Spikes
|turn|31
|
|t:|1660321237
|move|p1a: has nightmares|Brave Bird|p2a: Clefable
|-damage|p2a: Clefable|35/100
|-damage|p1a: has nightmares|15/100|[from] Recoil
|move|p2a: Clefable|Soft-Boiled|p2a: Clefable
|-heal|p2a: Clefable|85/100
|
|-heal|p2a: Clefable|91/100|[from] item: Leftovers
|upkeep
|turn|32
|
|t:|1660321240
|move|p1a: has nightmares|Thunderous Kick|p2a: Clefable
|-resisted|p2a: Clefable
|-damage|p2a: Clefable|74/100
|-unboost|p2a: Clefable|def|1
|move|p2a: Clefable|Soft-Boiled|p2a: Clefable
|-heal|p2a: Clefable|100/100
|
|upkeep
|turn|33
|
|t:|1660321244
|move|p1a: has nightmares|Brave Bird|p2a: Clefable
|-damage|p2a: Clefable|27/100
|-damage|p1a: has nightmares|0 fnt|[from] Recoil
|faint|p1a: has nightmares
|move|p2a: Clefable|Calm Mind|p2a: Clefable
|-boost|p2a: Clefable|spa|1
|-boost|p2a: Clefable|spd|1
|
|-heal|p2a: Clefable|33/100|[from] item: Leftovers
|upkeep
|c|☆LT92Pfizer|gg
|
|t:|1660321251
|switch|p1a: seeking justice|Landorus-Therian, M|16/100
|-damage|p1a: seeking justice|3/100|[from] Stealth Rock
|-ability|p1a: seeking justice|Intimidate|boost
|-unboost|p2a: Clefable|atk|1
|turn|34
|
|t:|1660321255
|move|p1a: seeking justice|Earthquake|p2a: Clefable
|-damage|p2a: Clefable|0 fnt
|faint|p2a: Clefable
|
|upkeep
|-message|Daunzu forfeited.
|
|win|LT92Pfizer
|raw|LT92Pfizer's rating: 1606 &rarr; <strong>1630</strong><br />(+24 for winning)
|raw|Daunzu's rating: 1675 &rarr; <strong>1651</strong><br />(-24 for losing)
|l|☆Daunzu
