|j|☆ThedebatableReaper
|j|☆bic boiiii
|t:|1606789025
|player|p1|ThedebatableReaper|170|1862
|player|p2|bic boiiii|hiker-gen4|1849
|teamsize|p1|6
|teamsize|p2|6
|gametype|singles
|gen|8
|tier|[Gen 8] OU
|rated|
|clearpoke
|poke|p1|Pheromosa|
|poke|p1|Garchomp, F|
|poke|p1|Heatran, F|
|poke|p1|Tapu Fini|
|poke|p1|Zapdos-Galar|
|poke|p1|Nidoking, M|
|poke|p2|Latios, M|
|poke|p2|Pheromosa|
|poke|p2|Rillaboom, M|
|poke|p2|Slowking-Galar, M|
|poke|p2|Mandibuzz, F|
|poke|p2|Swampert, F|
|rule|Sleep Clause Mod: Limit one foe put to sleep
|rule|Species Clause: Limit one of each Pokémon
|rule|OHKO Clause: OHKO moves are banned
|rule|Evasion Moves Clause: Evasion moves are banned
|rule|Endless Battle Clause: Forcing endless battles is banned
|rule|HP Percentage Mod: HP is shown in percentages
|rule|Dynamax Clause: You cannot dynamax
|teampreview
|j| Lord UnderCrow
|
|t:|1606789040
|start
|switch|p1a: Garchomp|Garchomp, F|100/100
|switch|p2a: Pheromosa|Pheromosa|100/100
|turn|1
|j| reymaki
|
|t:|1606789049
|switch|p1a: Tapu Fini|Tapu Fini|100/100
|-fieldstart|move: Misty Terrain|[from] ability: Misty Surge|[of] p1a: Tapu Fini
|move|p2a: Pheromosa|Triple Axel|p1a: Tapu Fini
|-resisted|p1a: Tapu Fini
|-damage|p1a: Tapu Fini|98/100
|-resisted|p1a: Tapu Fini
|-damage|p1a: Tapu Fini|92/100
|-resisted|p1a: Tapu Fini
|-damage|p1a: Tapu Fini|85/100
|-hitcount|p1a: Tapu Fini|3
|
|-heal|p1a: Tapu Fini|91/100|[from] item: Leftovers
|upkeep
|turn|2
|j| stokelord
|
|t:|1606789067
|switch|p2a: Slowking|Slowking-Galar, M|100/100
|switch|p1a: Zapdos|Zapdos-Galar|100/100
|
|upkeep
|turn|3
|j| BrothaOptions
|l| stokelord
|j| ppev
|
|t:|1606789078
|move|p1a: Zapdos|U-turn|p2a: Slowking
|-damage|p2a: Slowking|75/100
|
|t:|1606789089
|switch|p1a: Garchomp|Garchomp, F|100/100|[from]move: U-turn
|move|p2a: Slowking|Psychic|p1a: Garchomp
|-damage|p1a: Garchomp|55/100
|
|upkeep
|turn|4
|j| KFresh
|
|t:|1606789100
|switch|p2a: Mandibuzz|Mandibuzz, F|100/100
|move|p1a: Garchomp|Outrage|p2a: Mandibuzz
|-damage|p2a: Mandibuzz|45/100
|
|upkeep
|turn|5
|
|t:|1606789109
|move|p1a: Garchomp|Outrage|p2a: Mandibuzz|[from]lockedmove
|-damage|p2a: Mandibuzz|0 fnt
|faint|p2a: Mandibuzz
|
|-fieldend|Misty Terrain
|upkeep
|
|t:|1606789124
|switch|p2a: Pheromosa|Pheromosa|100/100
|turn|6
|
|t:|1606789127
|move|p2a: Pheromosa|Triple Axel|p1a: Garchomp
|-supereffective|p1a: Garchomp
|-damage|p1a: Garchomp|23/100
|-damage|p2a: Pheromosa|88/100|[from] ability: Rough Skin|[of] p1a: Garchomp
|-supereffective|p1a: Garchomp
|-damage|p1a: Garchomp|0 fnt
|-damage|p2a: Pheromosa|76/100|[from] ability: Rough Skin|[of] p1a: Garchomp
|-hitcount|p1a: Garchomp|2
|faint|p1a: Garchomp
|-ability|p2a: Pheromosa|Beast Boost|boost
|-boost|p2a: Pheromosa|atk|1
|
|upkeep
|j| Anoxx17
|
|t:|1606789147
|switch|p1a: Tapu Fini|Tapu Fini|91/100
|-fieldstart|move: Misty Terrain|[from] ability: Misty Surge|[of] p1a: Tapu Fini
|turn|7
|
|t:|1606789151
|switch|p2a: Slowking|Slowking-Galar, M|100/100
|move|p1a: Tapu Fini|Surf|p2a: Slowking
|-crit|p2a: Slowking
|-damage|p2a: Slowking|79/100
|
|-heal|p1a: Tapu Fini|97/100|[from] item: Leftovers
|upkeep
|turn|8
|j| Vessev
|
|t:|1606789159
|switch|p1a: Heatran|Heatran, F|100/100
|move|p2a: Slowking|Future Sight|p1a: Heatran
|-start|p2a: Slowking|move: Future Sight
|
|upkeep
|turn|9
|j| stokelord
|
|t:|1606789164
|switch|p2a: Swampert|Swampert, F|100/100
|move|p1a: Heatran|Stealth Rock|p2a: Swampert
|-sidestart|p2: bic boiiii|move: Stealth Rock
|
|upkeep
|turn|10
|j| juicelol
|
|t:|1606789172
|move|p1a: Heatran|Taunt|p2a: Swampert
|-start|p2a: Swampert|move: Taunt
|move|p2a: Swampert|Earthquake|p1a: Heatran
|-supereffective|p1a: Heatran
|-damage|p1a: Heatran|0 fnt
|faint|p1a: Heatran
|
|-hint|Future Sight did not hit because the target is the user.
|upkeep
|j| TheCityofTears
|
|t:|1606789186
|switch|p1a: Nidoking|Nidoking, M|100/100
|turn|11
|j| nakamoto
|
|t:|1606789191
|move|p1a: Nidoking|Earth Power|p2a: Swampert
|-damage|p2a: Swampert|59/100
|move|p2a: Swampert|Earthquake|p1a: Nidoking
|-supereffective|p1a: Nidoking
|-damage|p1a: Nidoking|5/100
|
|-heal|p2a: Swampert|65/100|[from] item: Leftovers
|-fieldend|Misty Terrain
|upkeep
|turn|12
|
|t:|1606789201
|move|p1a: Nidoking|Ice Beam|p2a: Swampert
|-damage|p2a: Swampert|36/100
|move|p2a: Swampert|Flip Turn|p1a: Nidoking
|-supereffective|p1a: Nidoking
|-damage|p1a: Nidoking|0 fnt
|faint|p1a: Nidoking
|
|t:|1606789210
|switch|p2a: Pheromosa|Pheromosa|76/100|[from]move: Flip Turn
|-damage|p2a: Pheromosa|63/100|[from] Stealth Rock
|
|upkeep
|
|t:|1606789215
|switch|p1a: Tapu Fini|Tapu Fini|97/100
|-fieldstart|move: Misty Terrain|[from] ability: Misty Surge|[of] p1a: Tapu Fini
|turn|13
|
|t:|1606789224
|switch|p2a: Slowking|Slowking-Galar, M|100/100
|-damage|p2a: Slowking|88/100|[from] Stealth Rock
|switch|p1a: Zapdos|Zapdos-Galar|100/100
|
|upkeep
|turn|14
|
|t:|1606789239
|switch|p2a: Swampert|Swampert, F|36/100
|-damage|p2a: Swampert|30/100|[from] Stealth Rock
|move|p1a: Zapdos|Brave Bird|p2a: Swampert
|-damage|p2a: Swampert|0 fnt
|-damage|p1a: Zapdos|88/100|[from] Recoil
|faint|p2a: Swampert
|
|upkeep
|
|t:|1606789247
|switch|p2a: Latios|Latios, M|100/100
|-damage|p2a: Latios|88/100|[from] Stealth Rock
|turn|15
|
|t:|1606789252
|move|p1a: Zapdos|Brave Bird|p2a: Latios
|-damage|p2a: Latios|2/100
|-damage|p1a: Zapdos|62/100|[from] Recoil
|move|p2a: Latios|Psyshock|p1a: Zapdos
|-supereffective|p1a: Zapdos
|-damage|p1a: Zapdos|0 fnt
|faint|p1a: Zapdos
|
|upkeep
|
|t:|1606789259
|switch|p1a: Tapu Fini|Tapu Fini|97/100
|turn|16
|
|t:|1606789264
|switch|p1a: Pheromosa|Pheromosa|100/100
|move|p2a: Latios|Psyshock|p1a: Pheromosa
|-supereffective|p1a: Pheromosa
|-damage|p1a: Pheromosa|0 fnt
|faint|p1a: Pheromosa
|
|upkeep
|-message|ThedebatableReaper forfeited.
|
|win|bic boiiii
|l|☆ThedebatableReaper
|l| Lord UnderCrow
|l| TheCityofTears
|l| KFresh
|l| stokelord
|l| nakamoto
|raw|ThedebatableReaper's rating: 1862 &rarr; <strong>1843</strong><br />(-19 for losing)
|raw|bic boiiii's rating: 1866 &rarr; <strong>1886</strong><br />(+20 for winning)
|l| ppev
|l|☆bic boiiii
