|html|<div class="broadcast-blue"><strong>[Gen 8] OU is currently suspecting Melmetal! For information on how to participate check out the <a href="https://www.smogon.com/forums/threads/np-ss-ou-suspect-process-round-12-monster-mash.3709234/">suspect thread</a>.</strong></div>
|j|☆tawny's alt
|j|☆ParaDocs
|t:|1666616650
|gametype|singles
|player|p1|tawny's alt|266|1224
|player|p2|ParaDocs|pokefanf-gen4|1280
|teamsize|p1|6
|teamsize|p2|6
|gen|8
|tier|[Gen 8] OU
|rated|
|rule|Sleep Clause Mod: Limit one foe put to sleep
|rule|Species Clause: Limit one of each Pokémon
|rule|OHKO Clause: OHKO moves are banned
|rule|Evasion Items Clause: Evasion items are banned
|rule|Evasion Moves Clause: Evasion moves are banned
|rule|Endless Battle Clause: Forcing endless battles is banned
|rule|HP Percentage Mod: HP is shown in percentages
|rule|Dynamax Clause: You cannot dynamax
|clearpoke
|poke|p1|Kartana|
|poke|p1|Garchomp, F|
|poke|p1|Dragapult, F|
|poke|p1|Ferrothorn, M|
|poke|p1|Toxapex, M|
|poke|p1|Mandibuzz, F|
|poke|p2|Salamence, F|
|poke|p2|Swampert, F|
|poke|p2|Escavalier, F|
|poke|p2|Togekiss, M|
|poke|p2|Slowbro-Galar, M|
|poke|p2|Grimmsnarl, M|
|teampreview
|
|t:|1666616669
|start
|switch|p1a: Kartana|Kartana|100/100
|switch|p2a: Swampert|Swampert, F|100/100
|turn|1
|
|t:|1666616674
|switch|p2a: Escavalier|Escavalier, F|100/100
|move|p1a: Kartana|Knock Off|p2a: Escavalier
|-damage|p2a: Escavalier|40/100
|-enditem|p2a: Escavalier|Assault Vest|[from] move: Knock Off|[of] p1a: Kartana
|
|upkeep
|turn|2
|
|t:|1666616684
|switch|p2a: Grimmsnarl|Grimmsnarl, M|100/100
|move|p1a: Kartana|Knock Off|p2a: Grimmsnarl
|-resisted|p2a: Grimmsnarl
|-damage|p2a: Grimmsnarl|82/100
|-enditem|p2a: Grimmsnarl|Light Clay|[from] move: Knock Off|[of] p1a: Kartana
|
|upkeep
|turn|3
|
|t:|1666616693
|switch|p1a: Ferrothorn|Ferrothorn, M|100/100
|move|p2a: Grimmsnarl|Spirit Break|p1a: Ferrothorn
|-resisted|p1a: Ferrothorn
|-crit|p1a: Ferrothorn
|-damage|p1a: Ferrothorn|83/100
|-unboost|p1a: Ferrothorn|spa|1
|-damage|p2a: Grimmsnarl|70/100|[from] ability: Iron Barbs|[of] p1a: Ferrothorn
|
|-heal|p1a: Ferrothorn|90/100|[from] item: Leftovers
|upkeep
|turn|4
|
|t:|1666616698
|switch|p2a: Swampert|Swampert, F|100/100
|move|p1a: Ferrothorn|Gyro Ball|p2a: Swampert
|-resisted|p2a: Swampert
|-damage|p2a: Swampert|91/100
|
|-heal|p2a: Swampert|97/100|[from] item: Leftovers
|-heal|p1a: Ferrothorn|96/100|[from] item: Leftovers
|upkeep
|turn|5
|
|t:|1666616702
|switch|p1a: Kartana|Kartana|100/100
|move|p2a: Swampert|Stealth Rock|p1a: Kartana
|-sidestart|p1: tawny's alt|move: Stealth Rock
|
|-heal|p2a: Swampert|100/100|[from] item: Leftovers
|upkeep
|turn|6
|
|t:|1666616706
|switch|p2a: Escavalier|Escavalier, F|40/100
|move|p1a: Kartana|Leaf Blade|p2a: Escavalier
|-resisted|p2a: Escavalier
|-damage|p2a: Escavalier|20/100
|
|upkeep
|turn|7
|
|t:|1666616716
|move|p1a: Kartana|Leaf Blade|p2a: Escavalier
|-resisted|p2a: Escavalier
|-damage|p2a: Escavalier|0 fnt
|faint|p2a: Escavalier
|-ability|p1a: Kartana|Beast Boost|boost
|-boost|p1a: Kartana|atk|1
|
|upkeep
|
|t:|1666616720
|switch|p2a: Salamence|Salamence, F|100/100
|turn|8
|
|t:|1666616736
|switch|p1a: Mandibuzz|Mandibuzz, F|100/100
|move|p2a: Salamence|Earthquake|p1a: Mandibuzz
|-immune|p1a: Mandibuzz
|
|upkeep
|turn|9
|
|t:|1666616740
|move|p2a: Salamence|Dragon Dance|p2a: Salamence
|-boost|p2a: Salamence|atk|1
|-boost|p2a: Salamence|spe|1
|move|p1a: Mandibuzz|Defog|p2a: Salamence
|-unboost|p2a: Salamence|evasion|1
|-sideend|p1: tawny's alt|Stealth Rock|[from] move: Defog|[of] p1a: Mandibuzz
|
|upkeep
|turn|10
|
|t:|1666616749
|move|p2a: Salamence|Dragon Claw|p1a: Mandibuzz
|-damage|p1a: Mandibuzz|63/100
|move|p1a: Mandibuzz|Foul Play|p2a: Salamence
|-damage|p2a: Salamence|0 fnt
|faint|p2a: Salamence
|
|upkeep
|
|t:|1666616755
|switch|p2a: Togekiss|Togekiss, M|100/100
|turn|11
|
|t:|1666616758
|switch|p1a: Toxapex|Toxapex, M|100/100
|move|p2a: Togekiss|Air Slash|p1a: Toxapex
|-damage|p1a: Toxapex|80/100
|
|-heal|p1a: Toxapex|87/100|[from] item: Black Sludge
|upkeep
|turn|12
|
|t:|1666616761
|move|p2a: Togekiss|Thunder Wave|p1a: Toxapex
|-status|p1a: Toxapex|par
|move|p1a: Toxapex|Scald|p2a: Togekiss
|-damage|p2a: Togekiss|89/100
|
|-heal|p1a: Toxapex|93/100 par|[from] item: Black Sludge
|upkeep
|turn|13
|
|t:|1666616766
|switch|p2a: Swampert|Swampert, F|100/100
|switch|p1a: Garchomp|Garchomp, F|100/100
|
|upkeep
|turn|14
|
|t:|1666616770
|switch|p1a: Kartana|Kartana|100/100
|move|p2a: Swampert|Toxic|p1a: Kartana
|-immune|p1a: Kartana
|
|upkeep
|turn|15
|
|t:|1666616776
|switch|p2a: Togekiss|Togekiss, M|89/100
|move|p1a: Kartana|Leaf Blade|p2a: Togekiss
|-resisted|p2a: Togekiss
|-damage|p2a: Togekiss|45/100
|
|upkeep
|turn|16
|
|t:|1666616783
|move|p1a: Kartana|Leaf Blade|p2a: Togekiss
|-resisted|p2a: Togekiss
|-damage|p2a: Togekiss|0 fnt
|faint|p2a: Togekiss
|-ability|p1a: Kartana|Beast Boost|boost
|-boost|p1a: Kartana|atk|1
|
|upkeep
|
|t:|1666616788
|switch|p2a: Slowbro|Slowbro-Galar, M|100/100
|turn|17
|
|t:|1666616794
|move|p1a: Kartana|Leaf Blade|p2a: Slowbro
|-resisted|p2a: Slowbro
|-damage|p2a: Slowbro|60/100
|move|p2a: Slowbro|Shell Side Arm|p1a: Kartana|[anim] Shell Side Arm Special
|-immune|p1a: Kartana
|
|-heal|p2a: Slowbro|66/100|[from] item: Leftovers
|upkeep
|turn|18
|-message|ParaDocs forfeited.
|
|win|tawny's alt
|raw|tawny&apos;s alt's rating: 1224 &rarr; <strong>1253</strong><br />(+29 for winning)
|raw|ParaDocs's rating: 1280 &rarr; <strong>1251</strong><br />(-29 for losing)
|l|☆ParaDocs
