|j|☆Negritude1
|j|☆CoconutCrabs
|t:|1649629430
|gametype|singles
|player|p1|Negritude1|iris|1880
|player|p2|CoconutCrabs|chuck|1839
|teamsize|p1|6
|teamsize|p2|6
|gen|8
|tier|[Gen 8] OU
|rated|
|rule|Sleep Clause Mod: Limit one foe put to sleep
|rule|Species Clause: Limit one of each Pokémon
|rule|OHKO Clause: OHKO moves are banned
|rule|Evasion Moves Clause: Evasion moves are banned
|rule|Endless Battle Clause: Forcing endless battles is banned
|rule|HP Percentage Mod: HP is shown in percentages
|rule|Dynamax Clause: You cannot dynamax
|clearpoke
|poke|p1|Clefable, M|
|poke|p1|Buzzwole|
|poke|p1|Ferrothorn, M|
|poke|p1|Gastrodon-East, M|
|poke|p1|Zapdos|
|poke|p1|Tyranitar, F|
|poke|p2|Tyranitar, F|
|poke|p2|Excadrill, F|
|poke|p2|Tornadus-Therian, M|
|poke|p2|Toxapex, F|
|poke|p2|Heatran, M|
|poke|p2|Tangrowth, M|
|teampreview
|inactive|Battle timer is ON: inactive players will automatically lose when time's up. (requested by Negritude1)
|j| eugene4475
|
|t:|1649629442
|start
|switch|p1a: Buzzwole|Buzzwole|100/100
|switch|p2a: Baby|Toxapex, F|100/100
|turn|1
|
|t:|1649629444
|switch|p1a: Ferrothorn|Ferrothorn, M|100/100
|move|p2a: Baby|Knock Off|p1a: Ferrothorn
|-damage|p1a: Ferrothorn|91/100
|-damage|p2a: Baby|88/100|[from] ability: Iron Barbs|[of] p1a: Ferrothorn
|-damage|p2a: Baby|72/100|[from] item: Rocky Helmet|[of] p1a: Ferrothorn
|-enditem|p1a: Ferrothorn|Rocky Helmet|[from] move: Knock Off|[of] p2a: Baby
|
|upkeep
|turn|2
|
|t:|1649629450
|switch|p2a: Paloma|Tornadus-Therian, M|100/100
|move|p1a: Ferrothorn|Knock Off|p2a: Paloma
|-damage|p2a: Paloma|73/100
|-enditem|p2a: Paloma|Choice Specs|[from] move: Knock Off|[of] p1a: Ferrothorn
|
|upkeep
|turn|3
|
|t:|1649629458
|switch|p1a: Zapdos|Zapdos|100/100
|move|p2a: Paloma|Heat Wave|p1a: Zapdos
|-damage|p1a: Zapdos|72/100
|
|upkeep
|turn|4
|
|t:|1649629461
|switch|p2a: Mole Man|Excadrill, F|100/100
|move|p1a: Zapdos|Volt Switch|p2a: Mole Man
|-immune|p2a: Mole Man
|
|upkeep
|turn|5
|
|t:|1649629463
|switch|p2a: Boogers|Tyranitar, F|100/100
|-weather|Sandstorm|[from] ability: Sand Stream|[of] p2a: Boogers
|move|p1a: Zapdos|Heat Wave|p2a: Boogers
|-resisted|p2a: Boogers
|-damage|p2a: Boogers|95/100
|
|-weather|Sandstorm|[upkeep]
|-damage|p1a: Zapdos|66/100|[from] Sandstorm
|-heal|p2a: Boogers|100/100|[from] item: Leftovers
|upkeep
|turn|6
|
|t:|1649629465
|move|p1a: Zapdos|Volt Switch|p2a: Boogers
|-damage|p2a: Boogers|88/100
|
|t:|1649629468
|switch|p1a: Gastrodon|Gastrodon-East, M, shiny|100/100|[from]move: Volt Switch
|move|p2a: Boogers|Stealth Rock|p1a: Gastrodon
|-sidestart|p1: Negritude1|move: Stealth Rock
|
|-weather|Sandstorm|[upkeep]
|-heal|p2a: Boogers|95/100|[from] item: Leftovers
|upkeep
|turn|7
|
|t:|1649629472
|switch|p2a: Pretty|Tangrowth, M|100/100
|move|p1a: Gastrodon|Toxic|p2a: Pretty
|-status|p2a: Pretty|tox
|
|-weather|Sandstorm|[upkeep]
|-damage|p2a: Pretty|94/100 tox|[from] Sandstorm
|-damage|p2a: Pretty|88/100 tox|[from] psn
|upkeep
|turn|8
|
|t:|1649629476
|switch|p1a: Zapdos|Zapdos|66/100
|move|p2a: Pretty|Knock Off|p1a: Zapdos
|-damage|p1a: Zapdos|53/100
|-enditem|p1a: Zapdos|Heavy-Duty Boots|[from] move: Knock Off|[of] p2a: Pretty
|
|-weather|Sandstorm|[upkeep]
|-damage|p1a: Zapdos|47/100|[from] Sandstorm
|-damage|p2a: Pretty|82/100 tox|[from] Sandstorm
|-damage|p2a: Pretty|70/100 tox|[from] psn
|upkeep
|turn|9
|
|t:|1649629483
|switch|p2a: Boogers|Tyranitar, F|95/100
|move|p1a: Zapdos|Roost|p1a: Zapdos
|-heal|p1a: Zapdos|97/100
|-singleturn|p1a: Zapdos|move: Roost
|
|-weather|none
|-heal|p2a: Boogers|100/100|[from] item: Leftovers
|upkeep
|turn|10
|
|t:|1649629487
|move|p1a: Zapdos|Defog|p2a: Boogers
|-unboost|p2a: Boogers|evasion|1
|-sideend|p1: Negritude1|Stealth Rock|[from] move: Defog|[of] p1a: Zapdos
|move|p2a: Boogers|Rock Blast|p1a: Zapdos
|-supereffective|p1a: Zapdos
|-damage|p1a: Zapdos|82/100
|-supereffective|p1a: Zapdos
|-damage|p1a: Zapdos|66/100
|-supereffective|p1a: Zapdos
|-damage|p1a: Zapdos|48/100
|-supereffective|p1a: Zapdos
|-damage|p1a: Zapdos|30/100
|-supereffective|p1a: Zapdos
|-damage|p1a: Zapdos|15/100
|-hitcount|p1a: Zapdos|5
|
|upkeep
|turn|11
|
|t:|1649629489
|move|p1a: Zapdos|Roost|p1a: Zapdos
|-heal|p1a: Zapdos|65/100
|-singleturn|p1a: Zapdos|move: Roost
|move|p2a: Boogers|Stealth Rock|p1a: Zapdos
|-sidestart|p1: Negritude1|move: Stealth Rock
|
|upkeep
|turn|12
|
|t:|1649629493
|move|p1a: Zapdos|Volt Switch|p2a: Boogers
|-damage|p2a: Boogers|83/100
|j| Hella Rare Pepe
|
|t:|1649629495
|switch|p1a: Buzzwole|Buzzwole|100/100|[from]move: Volt Switch
|-damage|p1a: Buzzwole|88/100|[from] Stealth Rock
|move|p2a: Boogers|Rock Blast|p1a: Buzzwole
|-damage|p1a: Buzzwole|82/100
|-damage|p1a: Buzzwole|75/100
|-damage|p1a: Buzzwole|68/100
|-damage|p1a: Buzzwole|61/100
|-hitcount|p1a: Buzzwole|4
|
|-heal|p1a: Buzzwole|68/100|[from] item: Leftovers
|-heal|p2a: Boogers|90/100|[from] item: Leftovers
|upkeep
|turn|13
|j| ecall
|
|t:|1649629498
|switch|p2a: Baby|Toxapex, F|100/100
|move|p1a: Buzzwole|Ice Punch|p2a: Baby
|-resisted|p2a: Baby
|-damage|p2a: Baby|92/100
|-damage|p1a: Buzzwole|51/100|[from] item: Rocky Helmet|[of] p2a: Baby
|
|-heal|p1a: Buzzwole|57/100|[from] item: Leftovers
|upkeep
|turn|14
|
|t:|1649629502
|move|p1a: Buzzwole|Earthquake|p2a: Baby
|-supereffective|p2a: Baby
|-damage|p2a: Baby|38/100
|move|p2a: Baby|Scald|p1a: Buzzwole
|-damage|p1a: Buzzwole|34/100
|
|-heal|p1a: Buzzwole|40/100|[from] item: Leftovers
|upkeep
|turn|15
|
|t:|1649629507
|switch|p2a: Pretty|Tangrowth, M|100/100 tox
|move|p1a: Buzzwole|Ice Punch|p2a: Pretty
|-supereffective|p2a: Pretty
|-damage|p2a: Pretty|68/100 tox
|-damage|p1a: Buzzwole|24/100|[from] item: Rocky Helmet|[of] p2a: Pretty
|
|-heal|p1a: Buzzwole|30/100|[from] item: Leftovers
|-damage|p2a: Pretty|62/100 tox|[from] psn
|upkeep
|turn|16
|
|t:|1649629509
|switch|p2a: Baby|Toxapex, F|72/100
|move|p1a: Buzzwole|Leech Life|p2a: Baby
|-resisted|p2a: Baby
|-damage|p2a: Baby|56/100
|-heal|p1a: Buzzwole|37/100|[from] drain|[of] p2a: Baby
|-damage|p1a: Buzzwole|20/100|[from] item: Rocky Helmet|[of] p2a: Baby
|
|-heal|p1a: Buzzwole|26/100|[from] item: Leftovers
|upkeep
|turn|17
|
|t:|1649629513
|switch|p2a: Paloma|Tornadus-Therian, M|100/100
|move|p1a: Buzzwole|Earthquake|p2a: Paloma
|-immune|p2a: Paloma
|
|-heal|p1a: Buzzwole|33/100|[from] item: Leftovers
|upkeep
|turn|18
|j| GodnessKepp
|
|t:|1649629519
|switch|p1a: Tyranitar|Tyranitar, F, shiny|100/100
|-damage|p1a: Tyranitar|88/100|[from] Stealth Rock
|-weather|Sandstorm|[from] ability: Sand Stream|[of] p1a: Tyranitar
|move|p2a: Paloma|Heat Wave|p1a: Tyranitar
|-resisted|p1a: Tyranitar
|-damage|p1a: Tyranitar|84/100
|
|-weather|Sandstorm|[upkeep]
|-damage|p2a: Paloma|94/100|[from] Sandstorm
|upkeep
|turn|19
|j| LT_Alt1
|
|t:|1649629530
|switch|p2a: Pretty|Tangrowth, M|95/100 tox
|move|p1a: Tyranitar|Ice Punch|p2a: Pretty
|-supereffective|p2a: Pretty
|-damage|p2a: Pretty|69/100 tox
|-damage|p1a: Tyranitar|67/100|[from] item: Rocky Helmet|[of] p2a: Pretty
|
|-weather|Sandstorm|[upkeep]
|-damage|p2a: Pretty|62/100 tox|[from] Sandstorm
|-damage|p2a: Pretty|56/100 tox|[from] psn
|upkeep
|turn|20
|
|t:|1649629532
|switch|p2a: Baby|Toxapex, F|89/100
|move|p1a: Tyranitar|Ice Punch|p2a: Baby
|-resisted|p2a: Baby
|-damage|p2a: Baby|82/100
|-damage|p1a: Tyranitar|50/100|[from] item: Rocky Helmet|[of] p2a: Baby
|
|-weather|Sandstorm|[upkeep]
|-damage|p2a: Baby|76/100|[from] Sandstorm
|upkeep
|turn|21
|l| GodnessKepp
|
|t:|1649629540
|move|p1a: Tyranitar|Earthquake|p2a: Baby
|-supereffective|p2a: Baby
|-damage|p2a: Baby|34/100
|move|p2a: Baby|Knock Off|p1a: Tyranitar
|-resisted|p1a: Tyranitar
|-damage|p1a: Tyranitar|43/100
|-enditem|p1a: Tyranitar|Assault Vest|[from] move: Knock Off|[of] p2a: Baby
|
|-weather|Sandstorm|[upkeep]
|-damage|p2a: Baby|28/100|[from] Sandstorm
|upkeep
|turn|22
|j| ppev
|
|t:|1649629543
|switch|p2a: Pretty|Tangrowth, M|89/100 tox
|move|p1a: Tyranitar|Crunch|p2a: Pretty
|-damage|p2a: Pretty|68/100 tox
|-damage|p1a: Tyranitar|26/100|[from] item: Rocky Helmet|[of] p2a: Pretty
|
|-weather|none
|-damage|p2a: Pretty|62/100 tox|[from] psn
|upkeep
|turn|23
|
|t:|1649629545
|move|p1a: Tyranitar|Ice Punch|p2a: Pretty
|-supereffective|p2a: Pretty
|-damage|p2a: Pretty|34/100 tox
|-damage|p1a: Tyranitar|10/100|[from] item: Rocky Helmet|[of] p2a: Pretty
|move|p2a: Pretty|Giga Drain|p1a: Tyranitar
|-supereffective|p1a: Tyranitar
|-damage|p1a: Tyranitar|0 fnt
|-heal|p2a: Pretty|38/100 tox|[from] drain|[of] p1a: Tyranitar
|faint|p1a: Tyranitar
|
|-damage|p2a: Pretty|25/100 tox|[from] psn
|upkeep
|
|t:|1649629550
|switch|p1a: Zapdos|Zapdos|65/100
|-damage|p1a: Zapdos|40/100|[from] Stealth Rock
|turn|24
|
|t:|1649629554
|switch|p2a: Little Man|Heatran, M|100/100
|move|p1a: Zapdos|Defog|p2a: Little Man
|-unboost|p2a: Little Man|evasion|1
|-sideend|p1: Negritude1|Stealth Rock|[from] move: Defog|[of] p1a: Zapdos
|
|upkeep
|turn|25
|
|t:|1649629556
|move|p2a: Little Man|Eruption|p1a: Zapdos
|-damage|p1a: Zapdos|0 fnt
|faint|p1a: Zapdos
|
|upkeep
|j| BabyPigsAreLaughin
|
|t:|1649629558
|switch|p1a: Gastrodon|Gastrodon-East, M, shiny|100/100
|turn|26
|
|t:|1649629569
|switch|p2a: Pretty|Tangrowth, M|59/100 tox
|move|p1a: Gastrodon|Earth Power|p2a: Pretty
|-resisted|p2a: Pretty
|-damage|p2a: Pretty|36/100 tox
|
|-damage|p2a: Pretty|30/100 tox|[from] psn
|upkeep
|turn|27
|j| Peeky07
|
|t:|1649629579
|switch|p1a: Ferrothorn|Ferrothorn, M|91/100
|move|p2a: Pretty|Giga Drain|p1a: Ferrothorn
|-resisted|p1a: Ferrothorn
|-crit|p1a: Ferrothorn
|-damage|p1a: Ferrothorn|83/100
|-heal|p2a: Pretty|34/100 tox|[from] drain|[of] p1a: Ferrothorn
|
|-damage|p2a: Pretty|22/100 tox|[from] psn
|upkeep
|turn|28
|
|t:|1649629583
|switch|p2a: Paloma|Tornadus-Therian, M|100/100
|move|p1a: Ferrothorn|Stealth Rock|p2a: Paloma
|-sidestart|p2: CoconutCrabs|move: Stealth Rock
|
|upkeep
|turn|29
|l| Hella Rare Pepe
|
|t:|1649629589
|switch|p2a: Pretty|Tangrowth, M|55/100 tox
|-damage|p2a: Pretty|42/100 tox|[from] Stealth Rock
|switch|p1a: Gastrodon|Gastrodon-East, M, shiny|100/100
|
|-damage|p2a: Pretty|36/100 tox|[from] psn
|upkeep
|turn|30
|
|t:|1649629592
|switch|p2a: Paloma|Tornadus-Therian, M|100/100
|-damage|p2a: Paloma|76/100|[from] Stealth Rock
|switch|p1a: Clefable|Clefable, M|100/100
|
|upkeep
|turn|31
|
|t:|1649629596
|switch|p2a: Mole Man|Excadrill, F|100/100
|-damage|p2a: Mole Man|97/100|[from] Stealth Rock
|move|p1a: Clefable|Moonblast|p2a: Mole Man
|-resisted|p2a: Mole Man
|-damage|p2a: Mole Man|76/100
|
|-heal|p2a: Mole Man|82/100|[from] item: Leftovers
|upkeep
|turn|32
|
|t:|1649629601
|switch|p1a: Ferrothorn|Ferrothorn, M|83/100
|move|p2a: Mole Man|Rapid Spin|p1a: Ferrothorn
|-resisted|p1a: Ferrothorn
|-damage|p1a: Ferrothorn|77/100
|-boost|p2a: Mole Man|spe|1
|-damage|p2a: Mole Man|69/100|[from] ability: Iron Barbs|[of] p1a: Ferrothorn
|-sideend|p2: CoconutCrabs|Stealth Rock|[from] move: Rapid Spin|[of] p2a: Mole Man
|
|-heal|p2a: Mole Man|76/100|[from] item: Leftovers
|upkeep
|turn|33
|
|t:|1649629607
|move|p2a: Mole Man|Swords Dance|p2a: Mole Man
|-boost|p2a: Mole Man|atk|2
|move|p1a: Ferrothorn|Leech Seed|p2a: Mole Man
|-start|p2a: Mole Man|move: Leech Seed
|
|-heal|p2a: Mole Man|82/100|[from] item: Leftovers
|-damage|p2a: Mole Man|69/100|[from] Leech Seed|[of] p1a: Ferrothorn
|-heal|p1a: Ferrothorn|90/100|[silent]
|upkeep
|turn|34
|
|t:|1649629608
|switch|p1a: Clefable|Clefable, M|100/100
|move|p2a: Mole Man|Earthquake|p1a: Clefable
|-damage|p1a: Clefable|54/100
|
|-heal|p2a: Mole Man|75/100|[from] item: Leftovers
|-heal|p1a: Clefable|60/100|[from] item: Leftovers
|-damage|p2a: Mole Man|63/100|[from] Leech Seed|[of] p1a: Clefable
|-heal|p1a: Clefable|72/100|[silent]
|upkeep
|turn|35
|
|t:|1649629618
|switch|p2a: Little Man|Heatran, M|100/100
|switch|p1a: Ferrothorn|Ferrothorn, M|90/100
|
|upkeep
|turn|36
|
|t:|1649629625
|switch|p2a: Pretty|Tangrowth, M|69/100 tox
|switch|p1a: Gastrodon|Gastrodon-East, M, shiny|100/100
|
|-damage|p2a: Pretty|63/100 tox|[from] psn
|upkeep
|turn|37
|
|t:|1649629630
|switch|p1a: Ferrothorn|Ferrothorn, M|90/100
|move|p2a: Pretty|Focus Blast|p1a: Ferrothorn
|-supereffective|p1a: Ferrothorn
|-crit|p1a: Ferrothorn
|-damage|p1a: Ferrothorn|11/100
|
|-damage|p2a: Pretty|51/100 tox|[from] psn
|upkeep
|turn|38
|
|t:|1649629634
|move|p2a: Pretty|Giga Drain|p1a: Ferrothorn
|-resisted|p1a: Ferrothorn
|-damage|p1a: Ferrothorn|5/100
|-heal|p2a: Pretty|53/100 tox|[from] drain|[of] p1a: Ferrothorn
|move|p1a: Ferrothorn|Knock Off|p2a: Pretty
|-damage|p2a: Pretty|41/100 tox
|-damage|p1a: Ferrothorn|0 fnt|[from] item: Rocky Helmet|[of] p2a: Pretty
|faint|p1a: Ferrothorn
|
|-damage|p2a: Pretty|23/100 tox|[from] psn
|upkeep
|
|t:|1649629637
|switch|p1a: Buzzwole|Buzzwole|33/100
|turn|39
|
|t:|1649629642
|switch|p2a: Paloma|Tornadus-Therian, M|100/100
|move|p1a: Buzzwole|Leech Life|p2a: Paloma
|-resisted|p2a: Paloma
|-damage|p2a: Paloma|66/100
|-heal|p1a: Buzzwole|47/100|[from] drain|[of] p2a: Paloma
|
|-heal|p1a: Buzzwole|53/100|[from] item: Leftovers
|upkeep
|turn|40
|
|t:|1649629645
|switch|p1a: Gastrodon|Gastrodon-East, M, shiny|100/100
|move|p2a: Paloma|Heat Wave|p1a: Gastrodon
|-resisted|p1a: Gastrodon
|-damage|p1a: Gastrodon|90/100
|
|-heal|p1a: Gastrodon|97/100|[from] item: Leftovers
|upkeep
|turn|41
|
|t:|1649629652
|switch|p2a: Pretty|Tangrowth, M|56/100 tox
|move|p1a: Gastrodon|Earth Power|p2a: Pretty
|-resisted|p2a: Pretty
|-damage|p2a: Pretty|36/100 tox
|
|-heal|p1a: Gastrodon|100/100|[from] item: Leftovers
|-damage|p2a: Pretty|30/100 tox|[from] psn
|upkeep
|turn|42
|c| BabyPigsAreLaughin|Is this about to be a 6-0?
|
|t:|1649629658
|switch|p2a: Paloma|Tornadus-Therian, M|99/100
|switch|p1a: Buzzwole|Buzzwole|53/100
|
|-heal|p1a: Buzzwole|59/100|[from] item: Leftovers
|upkeep
|turn|43
|
|t:|1649629660
|switch|p1a: Gastrodon|Gastrodon-East, M, shiny|100/100
|move|p2a: Paloma|Hurricane|p1a: Gastrodon
|-damage|p1a: Gastrodon|67/100
|
|-heal|p1a: Gastrodon|73/100|[from] item: Leftovers
|upkeep
|turn|44
|
|t:|1649629664
|switch|p2a: Pretty|Tangrowth, M|63/100 tox
|move|p1a: Gastrodon|Earth Power|p2a: Pretty
|-resisted|p2a: Pretty
|-damage|p2a: Pretty|43/100 tox
|
|-heal|p1a: Gastrodon|79/100|[from] item: Leftovers
|-damage|p2a: Pretty|37/100 tox|[from] psn
|upkeep
|turn|45
|
|t:|1649629666
|switch|p1a: Buzzwole|Buzzwole|59/100
|move|p2a: Pretty|Giga Drain|p1a: Buzzwole
|-resisted|p1a: Buzzwole
|-damage|p1a: Buzzwole|36/100
|-heal|p2a: Pretty|47/100 tox|[from] drain|[of] p1a: Buzzwole
|
|-heal|p1a: Buzzwole|42/100|[from] item: Leftovers
|-damage|p2a: Pretty|34/100 tox|[from] psn
|upkeep
|turn|46
|
|t:|1649629670
|switch|p2a: Paloma|Tornadus-Therian, M|100/100
|move|p1a: Buzzwole|Ice Punch|p2a: Paloma
|-supereffective|p2a: Paloma
|-damage|p2a: Paloma|24/100
|-status|p2a: Paloma|frz
|
|-heal|p1a: Buzzwole|49/100|[from] item: Leftovers
|upkeep
|turn|47
|
|t:|1649629675
|cant|p2a: Paloma|frz
|move|p1a: Buzzwole|Leech Life|p2a: Paloma
|-resisted|p2a: Paloma
|-damage|p2a: Paloma|0 fnt
|-heal|p1a: Buzzwole|59/100|[from] drain|[of] p2a: Paloma
|faint|p2a: Paloma
|-ability|p1a: Buzzwole|Beast Boost|boost
|-boost|p1a: Buzzwole|atk|1
|
|-heal|p1a: Buzzwole|65/100|[from] item: Leftovers
|upkeep
|
|t:|1649629678
|switch|p2a: Little Man|Heatran, M|100/100
|turn|48
|j| uyiyyyhlhjlh
|
|t:|1649629682
|switch|p2a: Pretty|Tangrowth, M|68/100 tox
|switch|p1a: Gastrodon|Gastrodon-East, M, shiny|79/100
|
|-heal|p1a: Gastrodon|85/100|[from] item: Leftovers
|-damage|p2a: Pretty|61/100 tox|[from] psn
|upkeep
|turn|49
|
|t:|1649629691
|switch|p1a: Clefable|Clefable, M|72/100
|move|p2a: Pretty|Knock Off|p1a: Clefable
|-resisted|p1a: Clefable
|-damage|p1a: Clefable|64/100
|-enditem|p1a: Clefable|Leftovers|[from] move: Knock Off|[of] p2a: Pretty
|
|-damage|p2a: Pretty|49/100 tox|[from] psn
|upkeep
|turn|50
|
|t:|1649629694
|switch|p2a: Mole Man|Excadrill, F|63/100
|move|p1a: Clefable|Soft-Boiled|p1a: Clefable
|-heal|p1a: Clefable|100/100
|
|-heal|p2a: Mole Man|69/100|[from] item: Leftovers
|upkeep
|turn|51
|
|t:|1649629698
|switch|p1a: Gastrodon|Gastrodon-East, M, shiny|85/100
|move|p2a: Mole Man|Iron Head|p1a: Gastrodon
|-resisted|p1a: Gastrodon
|-damage|p1a: Gastrodon|60/100
|
|-heal|p2a: Mole Man|75/100|[from] item: Leftovers
|-heal|p1a: Gastrodon|66/100|[from] item: Leftovers
|upkeep
|turn|52
|
|t:|1649629702
|move|p2a: Mole Man|Earthquake|p1a: Gastrodon
|-damage|p1a: Gastrodon|0 fnt
|faint|p1a: Gastrodon
|
|-heal|p2a: Mole Man|81/100|[from] item: Leftovers
|upkeep
|
|t:|1649629704
|switch|p1a: Buzzwole|Buzzwole|65/100
|turn|53
|
|t:|1649629713
|move|p2a: Mole Man|Iron Head|p1a: Buzzwole
|-damage|p1a: Buzzwole|39/100
|cant|p1a: Buzzwole|flinch
|
|-heal|p2a: Mole Man|87/100|[from] item: Leftovers
|-heal|p1a: Buzzwole|45/100|[from] item: Leftovers
|upkeep
|turn|54
|
|t:|1649629717
|switch|p2a: Baby|Toxapex, F|61/100
|move|p1a: Buzzwole|Drain Punch|p2a: Baby
|-resisted|p2a: Baby
|-crit|p2a: Baby
|-damage|p2a: Baby|40/100
|-heal|p1a: Buzzwole|54/100|[from] drain|[of] p2a: Baby
|-damage|p1a: Buzzwole|37/100|[from] item: Rocky Helmet|[of] p2a: Baby
|
|-heal|p1a: Buzzwole|44/100|[from] item: Leftovers
|upkeep
|turn|55
|
|t:|1649629723
|move|p1a: Buzzwole|Earthquake|p2a: Baby
|-supereffective|p2a: Baby
|-damage|p2a: Baby|0 fnt
|faint|p2a: Baby
|-ability|p1a: Buzzwole|Beast Boost|boost
|-boost|p1a: Buzzwole|atk|1
|
|-heal|p1a: Buzzwole|50/100|[from] item: Leftovers
|upkeep
|
|t:|1649629724
|switch|p2a: Little Man|Heatran, M|100/100
|turn|56
|
|t:|1649629726
|move|p2a: Little Man|Eruption|p1a: Buzzwole
|-supereffective|p1a: Buzzwole
|-damage|p1a: Buzzwole|0 fnt
|faint|p1a: Buzzwole
|
|upkeep
|
|t:|1649629727
|switch|p1a: Clefable|Clefable, M|100/100
|turn|57
|
|t:|1649629729
|move|p2a: Little Man|Eruption|p1a: Clefable
|-damage|p1a: Clefable|27/100
|move|p1a: Clefable|Soft-Boiled|p1a: Clefable
|-heal|p1a: Clefable|77/100
|
|upkeep
|turn|58
|
|t:|1649629734
|move|p2a: Little Man|Eruption|p1a: Clefable
|-damage|p1a: Clefable|4/100
|move|p1a: Clefable|Calm Mind|p1a: Clefable
|-boost|p1a: Clefable|spa|1
|-boost|p1a: Clefable|spd|1
|
|upkeep
|turn|59
|
|t:|1649629737
|move|p2a: Little Man|Eruption|p1a: Clefable
|-damage|p1a: Clefable|0 fnt
|faint|p1a: Clefable
|
|win|CoconutCrabs
|raw|Negritude1's rating: 1880 &rarr; <strong>1858</strong><br />(-22 for losing)
|raw|CoconutCrabs's rating: 1839 &rarr; <strong>1861</strong><br />(+22 for winning)
|l|☆CoconutCrabs
|l|☆Negritude1
|l| ppev
|l| eugene4475
|l| uyiyyyhlhjlh
||Ladder isn't responding, score probably updated but might not have (Request timeout).
|j| ppev
|l| ppev
|l| LT_Alt1
|l| BabyPigsAreLaughin
|l| Peeky07
