|html|<div class="broadcast-blue"><strong>[Gen 8] OU is currently suspecting Melmetal! For information on how to participate check out the <a href="https://www.smogon.com/forums/threads/np-ss-ou-suspect-process-round-12-monster-mash.3709234/">suspect thread</a>.</strong></div>
|j|☆Redflix
|j|☆minimax_ai
|t:|1666813968
|gametype|singles
|player|p1|Redflix|erika|1451
|player|p2|minimax_ai|266|1464
|teamsize|p1|6
|teamsize|p2|6
|gen|8
|tier|[Gen 8] OU
|rated|
|rule|Sleep Clause Mod: Limit one foe put to sleep
|rule|Species Clause: Limit one of each Pokémon
|rule|OHKO Clause: OHKO moves are banned
|rule|Evasion Items Clause: Evasion items are banned
|rule|Evasion Moves Clause: Evasion moves are banned
|rule|Endless Battle Clause: Forcing endless battles is banned
|rule|HP Percentage Mod: HP is shown in percentages
|rule|Dynamax Clause: You cannot dynamax
|clearpoke
|poke|p1|Hippowdon, F|
|poke|p1|Clefable, M|
|poke|p1|Tornadus-Therian, M|
|poke|p1|Ferrothorn, M|
|poke|p1|Dragonite, M|
|poke|p1|Volcarona, F|
|poke|p2|Rotom-Wash|
|poke|p2|Weavile, F|
|poke|p2|Landorus-Therian, M|
|poke|p2|Heatran, M|
|poke|p2|Tangrowth, M|
|poke|p2|Melmetal|
|teampreview
|c|☆minimax_ai|hf
|inactive|Battle timer is ON: inactive players will automatically lose when time's up. (requested by minimax_ai)
|
|t:|1666813981
|start
|switch|p1a: Tornadus|Tornadus-Therian, M|100/100
|switch|p2a: Heatran|Heatran, M|100/100
|-item|p2a: Heatran|Air Balloon
|turn|1
|
|t:|1666813985
|move|p1a: Tornadus|U-turn|p2a: Heatran
|-resisted|p2a: Heatran
|-crit|p2a: Heatran
|-damage|p2a: Heatran|95/100
|-enditem|p2a: Heatran|Air Balloon
|
|t:|1666813987
|switch|p1a: Hippowdon|Hippowdon, F|100/100|[from]move: U-turn
|-weather|Sandstorm|[from] ability: Sand Stream|[of] p1a: Hippowdon
|move|p2a: Heatran|Magma Storm|p1a: Hippowdon|[miss]
|-miss|p2a: Heatran|p1a: Hippowdon
|
|-weather|Sandstorm|[upkeep]
|upkeep
|turn|2
|
|t:|1666813991
|switch|p2a: landorustherian|Landorus-Therian, M|100/100
|-ability|p2a: landorustherian|Intimidate|boost
|-unboost|p1a: Hippowdon|atk|1
|move|p1a: Hippowdon|Stealth Rock|p2a: landorustherian
|-sidestart|p2: minimax_ai|move: Stealth Rock
|
|-weather|Sandstorm|[upkeep]
|upkeep
|turn|3
|
|t:|1666813996
|switch|p1a: Ferrothorn|Ferrothorn, M|100/100
|move|p2a: landorustherian|Defog|p1a: Ferrothorn
|-unboost|p1a: Ferrothorn|evasion|1
|-sideend|p2: minimax_ai|Stealth Rock|[from] move: Defog|[of] p2a: landorustherian
|
|-weather|Sandstorm|[upkeep]
|upkeep
|turn|4
|
|t:|1666813998
|move|p2a: landorustherian|Earthquake|p1a: Ferrothorn
|-damage|p1a: Ferrothorn|73/100
|move|p1a: Ferrothorn|Knock Off|p2a: landorustherian
|-damage|p2a: landorustherian|78/100
|-enditem|p2a: landorustherian|Leftovers|[from] move: Knock Off|[of] p1a: Ferrothorn
|
|-weather|Sandstorm|[upkeep]
|upkeep
|turn|5
|
|t:|1666814001
|move|p2a: landorustherian|U-turn|p1a: Ferrothorn
|-damage|p1a: Ferrothorn|60/100
|-damage|p2a: landorustherian|66/100|[from] ability: Iron Barbs|[of] p1a: Ferrothorn
|-damage|p2a: landorustherian|49/100|[from] item: Rocky Helmet|[of] p1a: Ferrothorn
|
|t:|1666814001
|switch|p2a: Tangrowth|Tangrowth, M|100/100|[from]move: U-turn
|move|p1a: Ferrothorn|Leech Seed|p2a: Tangrowth
|-immune|p2a: Tangrowth
|
|-weather|none
|upkeep
|turn|6
|
|t:|1666814005
|switch|p1a: Tornadus|Tornadus-Therian, M|100/100
|move|p2a: Tangrowth|Focus Blast|p1a: Tornadus
|-resisted|p1a: Tornadus
|-crit|p1a: Tornadus
|-damage|p1a: Tornadus|77/100
|
|upkeep
|turn|7
|
|t:|1666814008
|switch|p2a: rotomwash|Rotom-Wash|100/100
|move|p1a: Tornadus|Toxic|p2a: rotomwash
|-status|p2a: rotomwash|tox
|
|-damage|p2a: rotomwash|94/100 tox|[from] psn
|upkeep
|turn|8
|
|t:|1666814013
|move|p1a: Tornadus|U-turn|p2a: rotomwash
|-damage|p2a: rotomwash|79/100 tox
|
|t:|1666814014
|switch|p1a: Hippowdon|Hippowdon, F|100/100|[from]move: U-turn
|-weather|Sandstorm|[from] ability: Sand Stream|[of] p1a: Hippowdon
|move|p2a: rotomwash|Thunderbolt|p1a: Hippowdon
|-immune|p1a: Hippowdon
|
|-weather|Sandstorm|[upkeep]
|-damage|p2a: rotomwash|73/100 tox|[from] Sandstorm
|-heal|p2a: rotomwash|79/100 tox|[from] item: Leftovers
|-damage|p2a: rotomwash|67/100 tox|[from] psn
|upkeep
|turn|9
|
|t:|1666814018
|switch|p1a: Ferrothorn|Ferrothorn, M|60/100
|move|p2a: rotomwash|Hydro Pump|p1a: Ferrothorn|[miss]
|-miss|p2a: rotomwash|p1a: Ferrothorn
|
|-weather|Sandstorm|[upkeep]
|-damage|p2a: rotomwash|60/100 tox|[from] Sandstorm
|-heal|p2a: rotomwash|67/100 tox|[from] item: Leftovers
|-damage|p2a: rotomwash|48/100 tox|[from] psn
|upkeep
|turn|10
|
|t:|1666814020
|switch|p2a: Tangrowth|Tangrowth, M|100/100
|move|p1a: Ferrothorn|Spikes|p2a: Tangrowth
|-sidestart|p2: minimax_ai|Spikes
|
|-weather|Sandstorm|[upkeep]
|-damage|p2a: Tangrowth|94/100|[from] Sandstorm
|upkeep
|turn|11
|
|t:|1666814023
|move|p2a: Tangrowth|Focus Blast|p1a: Ferrothorn
|-supereffective|p1a: Ferrothorn
|-damage|p1a: Ferrothorn|10/100
|move|p1a: Ferrothorn|Knock Off|p2a: Tangrowth
|-damage|p2a: Tangrowth|82/100
|-damage|p1a: Ferrothorn|0 fnt|[from] item: Rocky Helmet|[of] p2a: Tangrowth
|faint|p1a: Ferrothorn
|
|-weather|Sandstorm|[upkeep]
|-damage|p2a: Tangrowth|76/100|[from] Sandstorm
|upkeep
|
|t:|1666814034
|switch|p1a: Tornadus|Tornadus-Therian, M|100/100
|turn|12
|
|t:|1666814036
|switch|p2a: landorustherian|Landorus-Therian, M|49/100
|-ability|p2a: landorustherian|Intimidate|boost
|-unboost|p1a: Tornadus|atk|1
|move|p1a: Tornadus|U-turn|p2a: landorustherian
|-resisted|p2a: landorustherian
|-damage|p2a: landorustherian|44/100
|
|t:|1666814045
|switch|p1a: Hippowdon|Hippowdon, F|100/100|[from]move: U-turn
|
|-weather|none
|upkeep
|turn|13
|
|t:|1666814049
|move|p2a: landorustherian|Toxic|p1a: Hippowdon
|-status|p1a: Hippowdon|tox
|move|p1a: Hippowdon|Whirlwind|p2a: landorustherian
|drag|p2a: Weavile|Weavile, F|100/100
|-damage|p2a: Weavile|88/100|[from] Spikes
|-ability|p2a: Weavile|Pressure
|
|-damage|p1a: Hippowdon|94/100 tox|[from] psn
|upkeep
|turn|14
|
|t:|1666814052
|switch|p1a: Clefable|Clefable, M|100/100
|move|p2a: Weavile|Triple Axel|p1a: Clefable
|-damage|p1a: Clefable|88/100
|-damage|p1a: Clefable|63/100
|-damage|p1a: Clefable|30/100
|-hitcount|p1a: Clefable|3
|
|-heal|p1a: Clefable|36/100|[from] item: Leftovers
|upkeep
|turn|15
|
|t:|1666814057
|switch|p1a: Volcarona|Volcarona, F|100/100
|move|p2a: Weavile|Triple Axel|p1a: Volcarona
|-resisted|p1a: Volcarona
|-damage|p1a: Volcarona|89/100
|-resisted|p1a: Volcarona
|-damage|p1a: Volcarona|67/100
|-status|p2a: Weavile|brn|[from] ability: Flame Body|[of] p1a: Volcarona
|-resisted|p1a: Volcarona
|-damage|p1a: Volcarona|50/100
|-hitcount|p1a: Volcarona|3
|
|-damage|p2a: Weavile|82/100 brn|[from] brn
|upkeep
|turn|16
|
|t:|1666814060
|switch|p2a: Heatran|Heatran, M|95/100
|-damage|p2a: Heatran|83/100|[from] Spikes
|move|p1a: Volcarona|Quiver Dance|p1a: Volcarona
|-boost|p1a: Volcarona|spa|1
|-boost|p1a: Volcarona|spd|1
|-boost|p1a: Volcarona|spe|1
|
|upkeep
|turn|17
|
|t:|1666814071
|move|p1a: Volcarona|Bug Buzz|p2a: Heatran
|-resisted|p2a: Heatran
|-damage|p2a: Heatran|64/100
|move|p2a: Heatran|Magma Storm|p1a: Volcarona
|-damage|p1a: Volcarona|15/100
|-activate|p1a: Volcarona|move: Magma Storm|[of] p2a: Heatran
|
|-damage|p1a: Volcarona|3/100|[from] move: Magma Storm|[partiallytrapped]
|upkeep
|turn|18
|
|t:|1666814077
|move|p1a: Volcarona|Bug Buzz|p2a: Heatran
|-resisted|p2a: Heatran
|-crit|p2a: Heatran
|-damage|p2a: Heatran|37/100
|move|p2a: Heatran|Stealth Rock|p1a: Volcarona
|-sidestart|p1: Redflix|move: Stealth Rock
|
|-damage|p1a: Volcarona|0 fnt|[from] move: Magma Storm|[partiallytrapped]
|faint|p1a: Volcarona
|upkeep
|
|t:|1666814082
|switch|p1a: Dragonite|Dragonite, M|100/100
|turn|19
|
|t:|1666814084
|switch|p2a: Weavile|Weavile, F|82/100 brn
|-damage|p2a: Weavile|70/100 brn|[from] Spikes
|-ability|p2a: Weavile|Pressure
|move|p1a: Dragonite|Dragon Dance|p1a: Dragonite
|-boost|p1a: Dragonite|atk|1
|-boost|p1a: Dragonite|spe|1
|
|-damage|p2a: Weavile|63/100 brn|[from] brn
|upkeep
|turn|20
|
|t:|1666814087
|move|p2a: Weavile|Ice Shard|p1a: Dragonite
|-supereffective|p1a: Dragonite
|-damage|p1a: Dragonite|76/100
|move|p1a: Dragonite|Earthquake|p2a: Weavile
|-damage|p2a: Weavile|0 fnt
|faint|p2a: Weavile
|
|upkeep
|
|t:|1666814087
|switch|p2a: Melmetal|Melmetal|100/100
|-damage|p2a: Melmetal|88/100|[from] Spikes
|turn|21
|
|t:|1666814092
|switch|p1a: Hippowdon|Hippowdon, F|94/100 tox
|-damage|p1a: Hippowdon|88/100 tox|[from] Stealth Rock
|-weather|Sandstorm|[from] ability: Sand Stream|[of] p1a: Hippowdon
|move|p2a: Melmetal|Ice Punch|p1a: Hippowdon
|-supereffective|p1a: Hippowdon
|-damage|p1a: Hippowdon|38/100 tox
|
|-weather|Sandstorm|[upkeep]
|-heal|p1a: Hippowdon|44/100 tox|[from] item: Leftovers
|-damage|p1a: Hippowdon|38/100 tox|[from] psn
|upkeep
|turn|22
|
|t:|1666814094
|move|p1a: Hippowdon|Earthquake|p2a: Melmetal
|-supereffective|p2a: Melmetal
|-damage|p2a: Melmetal|44/100
|move|p2a: Melmetal|Double Iron Bash|p1a: Hippowdon
|-damage|p1a: Hippowdon|10/100 tox
|-damage|p1a: Hippowdon|0 fnt
|faint|p1a: Hippowdon
|-hitcount|p1: Hippowdon|2
|
|-weather|Sandstorm|[upkeep]
|upkeep
|
|t:|1666814099
|switch|p1a: Tornadus|Tornadus-Therian, M|100/100
|turn|23
|
|t:|1666814100
|move|p1a: Tornadus|Hurricane|p2a: Melmetal
|-resisted|p2a: Melmetal
|-damage|p2a: Melmetal|33/100
|-start|p2a: Melmetal|confusion
|-activate|p2a: Melmetal|confusion
|move|p2a: Melmetal|Double Iron Bash|p1a: Tornadus
|-damage|p1a: Tornadus|52/100
|-damage|p1a: Tornadus|5/100
|-hitcount|p1a: Tornadus|2
|
|-weather|Sandstorm|[upkeep]
|-damage|p1a: Tornadus|0 fnt|[from] Sandstorm
|faint|p1a: Tornadus
|upkeep
|
|t:|1666814103
|switch|p1a: Dragonite|Dragonite, M|76/100
|turn|24
|
|t:|1666814104
|switch|p2a: landorustherian|Landorus-Therian, M|44/100
|-ability|p2a: landorustherian|Intimidate|boost
|-unboost|p1a: Dragonite|atk|1
|move|p1a: Dragonite|Earthquake|p2a: landorustherian
|-immune|p2a: landorustherian
|
|-weather|Sandstorm|[upkeep]
|-damage|p1a: Dragonite|70/100|[from] Sandstorm
|upkeep
|turn|25
|
|t:|1666814107
|move|p1a: Dragonite|Roost|p1a: Dragonite
|-heal|p1a: Dragonite|100/100
|-singleturn|p1a: Dragonite|move: Roost
|move|p2a: landorustherian|Toxic|p1a: Dragonite
|-status|p1a: Dragonite|tox
|
|-weather|none
|-damage|p1a: Dragonite|94/100 tox|[from] psn
|upkeep
|turn|26
|
|t:|1666814110
|move|p1a: Dragonite|Dragon Dance|p1a: Dragonite
|-boost|p1a: Dragonite|atk|1
|-boost|p1a: Dragonite|spe|1
|move|p2a: landorustherian|Defog|p1a: Dragonite
|-unboost|p1a: Dragonite|evasion|1
|-sideend|p1: Redflix|Stealth Rock|[from] move: Defog|[of] p2a: landorustherian
|-sideend|p2: minimax_ai|Spikes|[from] move: Defog|[of] p2a: landorustherian
|
|-damage|p1a: Dragonite|82/100 tox|[from] psn
|upkeep
|turn|27
|
|t:|1666814113
|switch|p2a: rotomwash|Rotom-Wash|48/100 tox
|move|p1a: Dragonite|Dual Wingbeat|p2a: rotomwash
|-resisted|p2a: rotomwash
|-damage|p2a: rotomwash|37/100 tox
|-resisted|p2a: rotomwash
|-damage|p2a: rotomwash|26/100 tox
|-hitcount|p2a: rotomwash|2
|
|-heal|p2a: rotomwash|32/100 tox|[from] item: Leftovers
|-damage|p1a: Dragonite|63/100 tox|[from] psn
|-damage|p2a: rotomwash|26/100 tox|[from] psn
|upkeep
|turn|28
|
|t:|1666814121
|move|p1a: Dragonite|Dual Wingbeat|p2a: rotomwash
|-resisted|p2a: rotomwash
|-damage|p2a: rotomwash|16/100 tox
|-resisted|p2a: rotomwash
|-damage|p2a: rotomwash|4/100 tox
|-hitcount|p2a: rotomwash|2
|move|p2a: rotomwash|Pain Split|p1a: Dragonite
|-sethp|p1a: Dragonite|33/100 tox|[from] move: Pain Split|[silent]
|-sethp|p2a: rotomwash|42/100 tox|[from] move: Pain Split
|
|-heal|p2a: rotomwash|48/100 tox|[from] item: Leftovers
|-damage|p1a: Dragonite|8/100 tox|[from] psn
|-damage|p2a: rotomwash|35/100 tox|[from] psn
|upkeep
|turn|29
|
|t:|1666814125
|switch|p1a: Clefable|Clefable, M|36/100
|switch|p2a: landorustherian|Landorus-Therian, M|44/100
|-ability|p2a: landorustherian|Intimidate|boost
|-unboost|p1a: Clefable|atk|1
|
|-heal|p1a: Clefable|42/100|[from] item: Leftovers
|upkeep
|turn|30
|
|t:|1666814126
|move|p2a: landorustherian|U-turn|p1a: Clefable
|-resisted|p1a: Clefable
|-damage|p1a: Clefable|33/100
|
|t:|1666814127
|switch|p2a: Heatran|Heatran, M|37/100|[from]move: U-turn
|move|p1a: Clefable|Healing Wish|p1a: Clefable
|faint|p1a: Clefable
|
|upkeep
|
|t:|1666814129
|switch|p1a: Dragonite|Dragonite, M|8/100 tox
|-heal|p1a: Dragonite|100/100|[from] move: Healing Wish
|turn|31
|
|t:|1666814130
|switch|p2a: landorustherian|Landorus-Therian, M|44/100
|-ability|p2a: landorustherian|Intimidate|boost
|-unboost|p1a: Dragonite|atk|1
|move|p1a: Dragonite|Dragon Dance|p1a: Dragonite
|-boost|p1a: Dragonite|atk|1
|-boost|p1a: Dragonite|spe|1
|
|upkeep
|turn|32
|
|t:|1666814132
|switch|p2a: rotomwash|Rotom-Wash|35/100 tox
|move|p1a: Dragonite|Dragon Dance|p1a: Dragonite
|-boost|p1a: Dragonite|atk|1
|-boost|p1a: Dragonite|spe|1
|
|-heal|p2a: rotomwash|42/100 tox|[from] item: Leftovers
|-damage|p2a: rotomwash|35/100 tox|[from] psn
|upkeep
|turn|33
|
|t:|1666814138
|move|p1a: Dragonite|Dragon Dance|p1a: Dragonite
|-boost|p1a: Dragonite|atk|1
|-boost|p1a: Dragonite|spe|1
|move|p2a: rotomwash|Pain Split|p1a: Dragonite
|-sethp|p1a: Dragonite|64/100|[from] move: Pain Split|[silent]
|-sethp|p2a: rotomwash|81/100 tox|[from] move: Pain Split
|
|-heal|p2a: rotomwash|87/100 tox|[from] item: Leftovers
|-damage|p2a: rotomwash|75/100 tox|[from] psn
|upkeep
|turn|34
|
|t:|1666814141
|move|p1a: Dragonite|Dragon Dance|p1a: Dragonite
|-boost|p1a: Dragonite|atk|1
|-boost|p1a: Dragonite|spe|1
|move|p2a: rotomwash|Pain Split|p1a: Dragonite
|-sethp|p1a: Dragonite|62/100|[from] move: Pain Split|[silent]
|-sethp|p2a: rotomwash|78/100 tox|[from] move: Pain Split
|
|-heal|p2a: rotomwash|84/100 tox|[from] item: Leftovers
|-damage|p2a: rotomwash|65/100 tox|[from] psn
|upkeep
|turn|35
|
|t:|1666814146
|move|p1a: Dragonite|Roost|p1a: Dragonite
|-heal|p1a: Dragonite|100/100
|-singleturn|p1a: Dragonite|move: Roost
|move|p2a: rotomwash|Pain Split|p1a: Dragonite
|-sethp|p1a: Dragonite|76/100|[from] move: Pain Split|[silent]
|-sethp|p2a: rotomwash|96/100 tox|[from] move: Pain Split
|
|-heal|p2a: rotomwash|100/100 tox|[from] item: Leftovers
|-damage|p2a: rotomwash|75/100 tox|[from] psn
|upkeep
|turn|36
|
|t:|1666814147
|move|p1a: Dragonite|Dragon Dance|p1a: Dragonite
|-boost|p1a: Dragonite|atk|1
|-boost|p1a: Dragonite|spe|1
|move|p2a: rotomwash|Pain Split|p1a: Dragonite
|-sethp|p1a: Dragonite|68/100|[from] move: Pain Split|[silent]
|-sethp|p2a: rotomwash|86/100 tox|[from] move: Pain Split
|
|-heal|p2a: rotomwash|92/100 tox|[from] item: Leftovers
|-damage|p2a: rotomwash|61/100 tox|[from] psn
|upkeep
|turn|37
|
|t:|1666814150
|move|p1a: Dragonite|Dual Wingbeat|p2a: rotomwash
|-resisted|p2a: rotomwash
|-damage|p2a: rotomwash|31/100 tox
|-resisted|p2a: rotomwash
|-damage|p2a: rotomwash|0 fnt
|faint|p2a: rotomwash
|-hitcount|p2: rotomwash|2
|
|upkeep
|
|t:|1666814150
|switch|p2a: landorustherian|Landorus-Therian, M|44/100
|-ability|p2a: landorustherian|Intimidate|boost
|-unboost|p1a: Dragonite|atk|1
|turn|38
|
|t:|1666814154
|switch|p2a: Heatran|Heatran, M|37/100
|move|p1a: Dragonite|Dual Wingbeat|p2a: Heatran
|-resisted|p2a: Heatran
|-damage|p2a: Heatran|10/100
|-resisted|p2a: Heatran
|-damage|p2a: Heatran|0 fnt
|faint|p2a: Heatran
|-hitcount|p2: Heatran|2
|
|upkeep
|
|t:|1666814154
|switch|p2a: landorustherian|Landorus-Therian, M|44/100
|-ability|p2a: landorustherian|Intimidate|boost
|-unboost|p1a: Dragonite|atk|1
|turn|39
|
|t:|1666814156
|switch|p2a: Melmetal|Melmetal|33/100
|move|p1a: Dragonite|Dragon Dance|p1a: Dragonite
|-boost|p1a: Dragonite|atk|1
|-boost|p1a: Dragonite|spe|1
|
|upkeep
|turn|40
|
|t:|1666814158
|switch|p2a: landorustherian|Landorus-Therian, M|44/100
|-ability|p2a: landorustherian|Intimidate|boost
|-unboost|p1a: Dragonite|atk|1
|move|p1a: Dragonite|Earthquake|p2a: landorustherian
|-immune|p2a: landorustherian
|
|upkeep
|turn|41
|
|t:|1666814161
|switch|p2a: Melmetal|Melmetal|33/100
|move|p1a: Dragonite|Dual Wingbeat|p2a: Melmetal
|-resisted|p2a: Melmetal
|-damage|p2a: Melmetal|22/100
|-resisted|p2a: Melmetal
|-damage|p2a: Melmetal|11/100
|-hitcount|p2a: Melmetal|2
|
|upkeep
|turn|42
|
|t:|1666814165
|move|p1a: Dragonite|Earthquake|p2a: Melmetal
|-supereffective|p2a: Melmetal
|-damage|p2a: Melmetal|0 fnt
|faint|p2a: Melmetal
|
|upkeep
|
|t:|1666814165
|switch|p2a: landorustherian|Landorus-Therian, M|44/100
|-ability|p2a: landorustherian|Intimidate|boost
|-unboost|p1a: Dragonite|atk|1
|turn|43
|
|t:|1666814168
|switch|p2a: Tangrowth|Tangrowth, M|100/100
|move|p1a: Dragonite|Dragon Dance|p1a: Dragonite
|-boost|p1a: Dragonite|atk|1
|-boost|p1a: Dragonite|spe|0
|
|upkeep
|turn|44
|
|t:|1666814169
|move|p1a: Dragonite|Dual Wingbeat|p2a: Tangrowth
|-supereffective|p2a: Tangrowth
|-damage|p2a: Tangrowth|54/100
|-damage|p1a: Dragonite|51/100|[from] item: Rocky Helmet|[of] p2a: Tangrowth
|-supereffective|p2a: Tangrowth
|-damage|p2a: Tangrowth|11/100
|-damage|p1a: Dragonite|35/100|[from] item: Rocky Helmet|[of] p2a: Tangrowth
|-hitcount|p2a: Tangrowth|2
|move|p2a: Tangrowth|Knock Off|p1a: Dragonite
|-damage|p1a: Dragonite|16/100
|-enditem|p1a: Dragonite|Heavy-Duty Boots|[from] move: Knock Off|[of] p2a: Tangrowth
|
|upkeep
|turn|45
|
|t:|1666814172
|switch|p2a: landorustherian|Landorus-Therian, M|44/100
|-ability|p2a: landorustherian|Intimidate|boost
|-unboost|p1a: Dragonite|atk|1
|move|p1a: Dragonite|Roost|p1a: Dragonite
|-heal|p1a: Dragonite|66/100
|-singleturn|p1a: Dragonite|move: Roost
|
|upkeep
|turn|46
|
|t:|1666814175
|switch|p2a: Tangrowth|Tangrowth, M|44/100
|move|p1a: Dragonite|Dragon Dance|p1a: Dragonite
|-boost|p1a: Dragonite|atk|1
|-boost|p1a: Dragonite|spe|0
|
|upkeep
|turn|47
|
|t:|1666814177
|switch|p2a: landorustherian|Landorus-Therian, M|44/100
|-ability|p2a: landorustherian|Intimidate|boost
|-unboost|p1a: Dragonite|atk|1
|move|p1a: Dragonite|Dual Wingbeat|p2a: landorustherian
|-damage|p2a: landorustherian|13/100
|-damage|p2a: landorustherian|0 fnt
|faint|p2a: landorustherian
|-hitcount|p2: landorustherian|2
|
|upkeep
|
|t:|1666814177
|switch|p2a: Tangrowth|Tangrowth, M|77/100
|turn|48
|
|t:|1666814181
|move|p1a: Dragonite|Dragon Dance|p1a: Dragonite
|-boost|p1a: Dragonite|atk|1
|-boost|p1a: Dragonite|spe|0
|move|p2a: Tangrowth|Knock Off|p1a: Dragonite
|-damage|p1a: Dragonite|54/100
|
|upkeep
|turn|49
|
|t:|1666814185
|move|p1a: Dragonite|Dragon Dance|p1a: Dragonite
|-boost|p1a: Dragonite|atk|1
|-boost|p1a: Dragonite|spe|0
|move|p2a: Tangrowth|Knock Off|p1a: Dragonite
|-damage|p1a: Dragonite|42/100
|
|upkeep
|turn|50
|
|t:|1666814187
|move|p1a: Dragonite|Roost|p1a: Dragonite
|-heal|p1a: Dragonite|92/100
|-singleturn|p1a: Dragonite|move: Roost
|move|p2a: Tangrowth|Giga Drain|p1a: Dragonite
|-resisted|p1a: Dragonite
|-damage|p1a: Dragonite|78/100
|-heal|p2a: Tangrowth|84/100|[from] drain|[of] p1a: Dragonite
|
|upkeep
|turn|51
|
|t:|1666814188
|move|p1a: Dragonite|Dragon Dance|p1a: Dragonite
|-boost|p1a: Dragonite|atk|1
|-boost|p1a: Dragonite|spe|0
|move|p2a: Tangrowth|Knock Off|p1a: Dragonite
|-crit|p1a: Dragonite
|-damage|p1a: Dragonite|58/100
|
|upkeep
|turn|52
|
|t:|1666814190
|move|p1a: Dragonite|Dual Wingbeat|p2a: Tangrowth
|-supereffective|p2a: Tangrowth
|-damage|p2a: Tangrowth|19/100
|-damage|p1a: Dragonite|42/100|[from] item: Rocky Helmet|[of] p2a: Tangrowth
|-supereffective|p2a: Tangrowth
|-damage|p2a: Tangrowth|0 fnt
|-damage|p1a: Dragonite|25/100|[from] item: Rocky Helmet|[of] p2a: Tangrowth
|faint|p2a: Tangrowth
|-hitcount|p2: Tangrowth|2
|
|win|Redflix
|raw|Redflix's rating: 1451 &rarr; <strong>1472</strong><br />(+21 for winning)
|raw|minimax_ai's rating: 1464 &rarr; <strong>1443</strong><br />(-21 for losing)
|c|☆minimax_ai|gg
|l|☆minimax_ai
|c|☆Redflix|gg
||Ladder isn't responding, score probably updated but might not have (Request timeout).
