|j|☆heavylobster43
|j|☆cump2
|t:|1631402708
|gametype|singles
|player|p1|heavylobster43|102|1617
|player|p2|cump2|266|1544
|teamsize|p1|6
|teamsize|p2|6
|gen|8
|tier|[Gen 8] OU
|rated|
|rule|Sleep Clause Mod: Limit one foe put to sleep
|rule|Species Clause: Limit one of each Pokémon
|rule|OHKO Clause: OHKO moves are banned
|rule|Evasion Moves Clause: Evasion moves are banned
|rule|Endless Battle Clause: Forcing endless battles is banned
|rule|HP Percentage Mod: HP is shown in percentages
|rule|Dynamax Clause: You cannot dynamax
|clearpoke
|poke|p1|Necrozma|
|poke|p1|Tapu Fini|
|poke|p1|Garchomp, M|
|poke|p1|Zapdos|
|poke|p1|Heatran, F|
|poke|p1|Kartana|
|poke|p2|Blissey, F|
|poke|p2|Clefable, F|
|poke|p2|Skarmory, F|
|poke|p2|Toxapex, M|
|poke|p2|Excadrill, M|
|poke|p2|Hippowdon, F|
|teampreview
|
|t:|1631402718
|start
|switch|p1a: Tapu Fini|Tapu Fini|100/100
|switch|p2a: Excadrill|Excadrill, M, shiny|100/100
|-fieldstart|move: Misty Terrain|[from] ability: Misty Surge|[of] p1a: Tapu Fini
|turn|1
|
|t:|1631402726
|move|p1a: Tapu Fini|Trick|p2a: Excadrill
|-activate|p1a: Tapu Fini|move: Trick|[of] p2a: Excadrill
|-item|p2a: Excadrill|Choice Scarf|[from] move: Trick
|-item|p1a: Tapu Fini|Leftovers|[from] move: Trick
|move|p2a: Excadrill|Stealth Rock|p1a: Tapu Fini
|-sidestart|p1: heavylobster43|move: Stealth Rock
|
|upkeep
|turn|2
|
|t:|1631402733
|switch|p2a: Blissey|Blissey, F|100/100
|move|p1a: Tapu Fini|Defog|p2a: Blissey
|-unboost|p2a: Blissey|evasion|1
|-sideend|p1: heavylobster43|Stealth Rock|[from] move: Defog|[of] p1a: Tapu Fini
|-fieldend|Misty Terrain
|
|upkeep
|turn|3
|j| RealThighsRealize
|
|t:|1631402744
|switch|p1a: Heatran|Heatran, F|100/100
|move|p2a: Blissey|Wish|p2a: Blissey
|
|upkeep
|turn|4
|
|t:|1631402754
|switch|p2a: Hippowdon|Hippowdon, F|100/100
|-weather|Sandstorm|[from] ability: Sand Stream|[of] p2a: Hippowdon
|move|p1a: Heatran|Magma Storm|p2a: Hippowdon
|-damage|p2a: Hippowdon|70/100
|-activate|p2a: Hippowdon|move: Magma Storm|[of] p1a: Heatran
|
|-weather|Sandstorm|[upkeep]
|-heal|p2a: Hippowdon|100/100|[from] move: Wish|[wisher] Blissey
|-damage|p2a: Hippowdon|88/100|[from] move: Magma Storm|[partiallytrapped]
|upkeep
|turn|5
|
|t:|1631402765
|switch|p1a: Tapu Fini|Tapu Fini|100/100
|-fieldstart|move: Misty Terrain|[from] ability: Misty Surge|[of] p1a: Tapu Fini
|move|p2a: Hippowdon|Stealth Rock|p1a: Tapu Fini
|-sidestart|p1: heavylobster43|move: Stealth Rock
|
|-weather|Sandstorm|[upkeep]
|-damage|p1a: Tapu Fini|94/100|[from] Sandstorm
|-heal|p1a: Tapu Fini|100/100|[from] item: Leftovers
|-heal|p2a: Hippowdon|94/100|[from] item: Leftovers
|-end|p2a: Hippowdon|Magma Storm|[partiallytrapped]|[silent]
|upkeep
|turn|6
|
|t:|1631402776
|switch|p1a: Necrozma|Necrozma|100/100
|-damage|p1a: Necrozma|88/100|[from] Stealth Rock
|move|p2a: Hippowdon|Whirlwind|p1a: Necrozma
|drag|p1a: Heatran|Heatran, F|100/100
|-damage|p1a: Heatran|88/100|[from] Stealth Rock
|
|-weather|Sandstorm|[upkeep]
|-heal|p1a: Heatran|94/100|[from] item: Leftovers
|-heal|p2a: Hippowdon|100/100|[from] item: Leftovers
|upkeep
|turn|7
|
|t:|1631402786
|move|p1a: Heatran|Toxic|p2a: Hippowdon
|-activate|p2a: Hippowdon|move: Misty Terrain
|move|p2a: Hippowdon|Whirlwind|p1a: Heatran
|drag|p1a: Kartana|Kartana|100/100
|-damage|p1a: Kartana|94/100|[from] Stealth Rock
|
|-weather|Sandstorm|[upkeep]
|upkeep
|turn|8
|
|t:|1631402793
|switch|p2a: Skarmory|Skarmory, F|100/100
|move|p1a: Kartana|Knock Off|p2a: Skarmory
|-damage|p2a: Skarmory|76/100
|-damage|p1a: Kartana|78/100|[from] item: Rocky Helmet|[of] p2a: Skarmory
|-enditem|p2a: Skarmory|Rocky Helmet|[from] move: Knock Off|[of] p1a: Kartana
|
|-weather|none
|upkeep
|turn|9
|
|t:|1631402806
|switch|p1a: Tapu Fini|Tapu Fini|100/100
|-damage|p1a: Tapu Fini|88/100|[from] Stealth Rock
|move|p2a: Skarmory|Spikes|p1a: Tapu Fini
|-sidestart|p1: heavylobster43|Spikes
|
|-heal|p1a: Tapu Fini|94/100|[from] item: Leftovers
|-fieldend|Misty Terrain
|upkeep
|turn|10
|
|t:|1631402814
|move|p1a: Tapu Fini|Defog|p2a: Skarmory
|-unboost|p2a: Skarmory|evasion|1
|-sideend|p1: heavylobster43|Spikes|[from] move: Defog|[of] p1a: Tapu Fini
|-sideend|p1: heavylobster43|Stealth Rock|[from] move: Defog|[of] p1a: Tapu Fini
|move|p2a: Skarmory|Spikes|p1a: Tapu Fini
|-sidestart|p1: heavylobster43|Spikes
|
|-heal|p1a: Tapu Fini|100/100|[from] item: Leftovers
|upkeep
|turn|11
|
|t:|1631402821
|move|p1a: Tapu Fini|Defog|p2a: Skarmory
|-unboost|p2a: Skarmory|evasion|1
|-sideend|p1: heavylobster43|Spikes|[from] move: Defog|[of] p1a: Tapu Fini
|move|p2a: Skarmory|Spikes|p1a: Tapu Fini
|-sidestart|p1: heavylobster43|Spikes
|
|upkeep
|turn|12
|
|t:|1631402826
|move|p1a: Tapu Fini|Defog|p2a: Skarmory
|-unboost|p2a: Skarmory|evasion|1
|-sideend|p1: heavylobster43|Spikes|[from] move: Defog|[of] p1a: Tapu Fini
|move|p2a: Skarmory|Roost|p2a: Skarmory
|-heal|p2a: Skarmory|100/100
|-singleturn|p2a: Skarmory|move: Roost
|
|upkeep
|turn|13
|
|t:|1631402834
|switch|p1a: Necrozma|Necrozma|88/100
|move|p2a: Skarmory|Spikes|p1a: Necrozma
|-sidestart|p1: heavylobster43|Spikes
|
|upkeep
|turn|14
|
|t:|1631402839
|move|p1a: Necrozma|Swords Dance|p1a: Necrozma
|-boost|p1a: Necrozma|atk|2
|move|p2a: Skarmory|Iron Defense|p2a: Skarmory
|-boost|p2a: Skarmory|def|2
|
|upkeep
|turn|15
|
|t:|1631402844
|move|p1a: Necrozma|Heat Wave|p2a: Skarmory
|-supereffective|p2a: Skarmory
|-ability|p2a: Skarmory|Sturdy
|-damage|p2a: Skarmory|1/100
|-damage|p1a: Necrozma|78/100|[from] item: Life Orb
|move|p2a: Skarmory|Iron Defense|p2a: Skarmory
|-boost|p2a: Skarmory|def|2
|
|upkeep
|turn|16
|
|t:|1631402869
|switch|p2a: Blissey|Blissey, F|100/100
|move|p1a: Necrozma|Photon Geyser|p2a: Blissey
|-damage|p2a: Blissey|20/100
|-damage|p1a: Necrozma|69/100|[from] item: Life Orb
|
|upkeep
|turn|17
|
|t:|1631402878
|switch|p2a: Clefable|Clefable, F|100/100
|move|p1a: Necrozma|Photon Geyser|p2a: Clefable
|-damage|p2a: Clefable|31/100
|-damage|p1a: Necrozma|59/100|[from] item: Life Orb
|
|-heal|p2a: Clefable|37/100|[from] item: Leftovers
|upkeep
|turn|18
|
|t:|1631402888
|switch|p2a: Hippowdon|Hippowdon, F|100/100
|-weather|Sandstorm|[from] ability: Sand Stream|[of] p2a: Hippowdon
|move|p1a: Necrozma|Photon Geyser|p2a: Hippowdon
|-damage|p2a: Hippowdon|30/100
|-damage|p1a: Necrozma|49/100|[from] item: Life Orb
|
|-weather|Sandstorm|[upkeep]
|-damage|p1a: Necrozma|43/100|[from] Sandstorm
|-heal|p2a: Hippowdon|36/100|[from] item: Leftovers
|upkeep
|turn|19
|-message|cump2 forfeited.
|
|win|heavylobster43
|raw|heavylobster43's rating: 1617 &rarr; <strong>1633</strong><br />(+16 for winning)
|raw|cump2's rating: 1544 &rarr; <strong>1528</strong><br />(-16 for losing)
|l|☆cump2
