|j|☆A3720
|j|☆LT7P29 Allistair
|t:|1648941443
|gametype|singles
|player|p1|A3720|170|1615
|player|p2|LT7P29 Allistair|265|1574
|teamsize|p1|6
|teamsize|p2|6
|gen|8
|tier|[Gen 8] OU
|rated|
|rule|Sleep Clause Mod: Limit one foe put to sleep
|rule|Species Clause: Limit one of each Pokémon
|rule|OHKO Clause: OHKO moves are banned
|rule|Evasion Moves Clause: Evasion moves are banned
|rule|Endless Battle Clause: Forcing endless battles is banned
|rule|HP Percentage Mod: HP is shown in percentages
|rule|Dynamax Clause: You cannot dynamax
|clearpoke
|poke|p1|Victini|
|poke|p1|Tapu Lele|
|poke|p1|Mandibuzz, F|
|poke|p1|Ferrothorn, M|
|poke|p1|Garchomp, F|
|poke|p1|Blaziken, M|
|poke|p2|Mew|
|poke|p2|Slurpuff, F|
|poke|p2|Vanilluxe, M|
|poke|p2|Tapu Fini|
|poke|p2|Keldeo-Resolute|
|poke|p2|Jirachi|
|teampreview
|
|t:|1648941462
|start
|switch|p1a: Victini|Victini|100/100
|switch|p2a: Slurpuff|Slurpuff, F|100/100
|-item|p1a: Victini|Air Balloon
|turn|1
|
|t:|1648941520
|move|p1a: Victini|Glaciate|p2a: Slurpuff
|-damage|p2a: Slurpuff|61/100
|-unboost|p2a: Slurpuff|spe|1
|move|p2a: Slurpuff|Sticky Web|p1a: Victini
|-sidestart|p1: A3720|move: Sticky Web
|
|upkeep
|turn|2
|
|t:|1648941524
|move|p1a: Victini|Blue Flare|p2a: Slurpuff
|-damage|p2a: Slurpuff|0 fnt
|faint|p2a: Slurpuff
|
|upkeep
|
|t:|1648941530
|switch|p2a: Keldeo|Keldeo-Resolute|100/100
|turn|3
|
|t:|1648941533
|move|p2a: Keldeo|Surf|p1a: Victini
|-supereffective|p1a: Victini
|-damage|p1a: Victini|10/100
|-enditem|p1a: Victini|Air Balloon
|move|p1a: Victini|Expanding Force|p2a: Keldeo
|-supereffective|p2a: Keldeo
|-damage|p2a: Keldeo|9/100
|-enditem|p2a: Keldeo|Weakness Policy
|-boost|p2a: Keldeo|atk|2|[from] item: Weakness Policy
|-boost|p2a: Keldeo|spa|2|[from] item: Weakness Policy
|
|upkeep
|turn|4
|
|t:|1648941565
|move|p2a: Keldeo|Surf|p1a: Victini
|-supereffective|p1a: Victini
|-damage|p1a: Victini|0 fnt
|faint|p1a: Victini
|
|upkeep
|
|t:|1648941623
|switch|p1a: Mandibuzz|Mandibuzz, F|100/100
|turn|5
|inactive|Battle timer is ON: inactive players will automatically lose when time's up. (requested by A3720)
|inactive|LT7P29 Allistair has 120 seconds left.
|
|t:|1648941695
|move|p2a: Keldeo|Taunt|p1a: Mandibuzz
|-start|p1a: Mandibuzz|move: Taunt
|move|p1a: Mandibuzz|Foul Play|p2a: Keldeo
|-resisted|p2a: Keldeo
|-damage|p2a: Keldeo|0 fnt
|faint|p2a: Keldeo
|
|upkeep
|
|t:|1648941714
|switch|p2a: Vanilluxe|Vanilluxe, M|100/100
|-weather|Hail|[from] ability: Snow Warning|[of] p2a: Vanilluxe
|turn|6
|inactive|A3720 has 120 seconds left.
|
|t:|1648941748
|switch|p1a: Tapu Lele|Tapu Lele|100/100
|-activate|p1a: Tapu Lele|move: Sticky Web
|-unboost|p1a: Tapu Lele|spe|1
|-fieldstart|move: Psychic Terrain|[from] ability: Psychic Surge|[of] p1a: Tapu Lele
|move|p2a: Vanilluxe|Toxic|p1a: Tapu Lele
|-status|p1a: Tapu Lele|tox
|
|-weather|Hail|[upkeep]
|-damage|p1a: Tapu Lele|94/100 tox|[from] Hail
|-damage|p1a: Tapu Lele|88/100 tox|[from] psn
|upkeep
|turn|7
|inactive|A3720 has 120 seconds left.
|
|t:|1648941773
|move|p1a: Tapu Lele|Psyshock|p2a: Vanilluxe
|-damage|p2a: Vanilluxe|20/100
|move|p2a: Vanilluxe|Aurora Veil|p2a: Vanilluxe
|-sidestart|p2: LT7P29 Allistair|move: Aurora Veil
|
|-weather|Hail|[upkeep]
|-damage|p1a: Tapu Lele|82/100 tox|[from] Hail
|-damage|p1a: Tapu Lele|70/100 tox|[from] psn
|upkeep
|turn|8
|
|t:|1648941785
|move|p1a: Tapu Lele|Psyshock|p2a: Vanilluxe
|-damage|p2a: Vanilluxe|0 fnt
|faint|p2a: Vanilluxe
|
|-weather|Hail|[upkeep]
|-damage|p1a: Tapu Lele|64/100 tox|[from] Hail
|-damage|p1a: Tapu Lele|46/100 tox|[from] psn
|upkeep
|
|t:|1648941792
|switch|p2a: Jirachi|Jirachi|100/100
|turn|9
|
|t:|1648941803
|switch|p1a: Garchomp|Garchomp, F|100/100
|-activate|p1a: Garchomp|move: Sticky Web
|-unboost|p1a: Garchomp|spe|1
|move|p2a: Jirachi|Cosmic Power|p2a: Jirachi
|-boost|p2a: Jirachi|def|1
|-boost|p2a: Jirachi|spd|1
|
|-weather|Hail|[upkeep]
|-damage|p2a: Jirachi|94/100|[from] Hail
|-damage|p1a: Garchomp|94/100|[from] Hail
|-heal|p1a: Garchomp|100/100|[from] item: Leftovers
|upkeep
|turn|10
|inactive|LT7P29 Allistair has 120 seconds left.
|
|t:|1648941840
|move|p2a: Jirachi|Cosmic Power|p2a: Jirachi
|-boost|p2a: Jirachi|def|1
|-boost|p2a: Jirachi|spd|1
|move|p1a: Garchomp|Swords Dance|p1a: Garchomp
|-boost|p1a: Garchomp|atk|2
|
|-weather|none
|-fieldend|move: Psychic Terrain
|upkeep
|turn|11
|inactive|LT7P29 Allistair has 120 seconds left.
|
|t:|1648941846
|move|p2a: Jirachi|Cosmic Power|p2a: Jirachi
|-boost|p2a: Jirachi|def|1
|-boost|p2a: Jirachi|spd|1
|move|p1a: Garchomp|Earthquake|p2a: Jirachi
|-supereffective|p2a: Jirachi
|-damage|p2a: Jirachi|57/100
|-enditem|p2a: Jirachi|Weakness Policy
|-boost|p2a: Jirachi|atk|2|[from] item: Weakness Policy
|-boost|p2a: Jirachi|spa|2|[from] item: Weakness Policy
|
|upkeep
|turn|12
|
|t:|1648941856
|move|p2a: Jirachi|Stored Power|p1a: Garchomp
|-damage|p1a: Garchomp|0 fnt
|faint|p1a: Garchomp
|
|upkeep
|
|t:|1648941865
|switch|p1a: Ferrothorn|Ferrothorn, M|100/100
|-activate|p1a: Ferrothorn|move: Sticky Web
|-unboost|p1a: Ferrothorn|spe|1
|turn|13
|
|t:|1648941870
|move|p2a: Jirachi|Aura Sphere|p1a: Ferrothorn
|-supereffective|p1a: Ferrothorn
|-damage|p1a: Ferrothorn|42/100
|move|p1a: Ferrothorn|Leech Seed|p2a: Jirachi
|-start|p2a: Jirachi|move: Leech Seed
|
|-damage|p2a: Jirachi|45/100|[from] Leech Seed|[of] p1a: Ferrothorn
|-heal|p1a: Ferrothorn|54/100|[silent]
|upkeep
|turn|14
|
|t:|1648941880
|switch|p1a: Mandibuzz|Mandibuzz, F|100/100
|move|p2a: Jirachi|Wish|p2a: Jirachi
|
|-damage|p2a: Jirachi|33/100|[from] Leech Seed|[of] p1a: Mandibuzz
|-sideend|p2: LT7P29 Allistair|move: Aurora Veil
|upkeep
|turn|15
|
|t:|1648941886
|move|p2a: Jirachi|Cosmic Power|p2a: Jirachi
|-boost|p2a: Jirachi|def|1
|-boost|p2a: Jirachi|spd|1
|move|p1a: Mandibuzz|Foul Play|p2a: Jirachi
|-supereffective|p2a: Jirachi
|-damage|p2a: Jirachi|0 fnt
|faint|p2a: Jirachi
|
|upkeep
|
|t:|1648941901
|switch|p2a: Tapu Fini|Tapu Fini|100/100
|-fieldstart|move: Misty Terrain|[from] ability: Misty Surge|[of] p2a: Tapu Fini
|turn|16
|
|t:|1648941906
|switch|p1a: Ferrothorn|Ferrothorn, M|54/100
|-activate|p1a: Ferrothorn|move: Sticky Web
|-unboost|p1a: Ferrothorn|spe|1
|move|p2a: Tapu Fini|Calm Mind|p2a: Tapu Fini
|-boost|p2a: Tapu Fini|spa|1
|-boost|p2a: Tapu Fini|spd|1
|
|upkeep
|turn|17
|
|t:|1648941912
|move|p2a: Tapu Fini|Taunt|p1a: Ferrothorn
|-start|p1a: Ferrothorn|move: Taunt
|move|p1a: Ferrothorn|Power Whip|p2a: Tapu Fini
|-supereffective|p2a: Tapu Fini
|-damage|p2a: Tapu Fini|15/100
|-enditem|p2a: Tapu Fini|Weakness Policy
|-boost|p2a: Tapu Fini|atk|2|[from] item: Weakness Policy
|-boost|p2a: Tapu Fini|spa|2|[from] item: Weakness Policy
|
|upkeep
|turn|18
|
|t:|1648941919
|move|p2a: Tapu Fini|Surf|p1a: Ferrothorn
|-resisted|p1a: Ferrothorn
|-damage|p1a: Ferrothorn|25/100
|move|p1a: Ferrothorn|Power Whip|p2a: Tapu Fini
|-supereffective|p2a: Tapu Fini
|-damage|p2a: Tapu Fini|0 fnt
|faint|p2a: Tapu Fini
|
|upkeep
|inactive|LT7P29 Allistair has 120 seconds left.
|inactive|LT7P29 Allistair has 90 seconds left.
|
|t:|1648941983
|switch|p2a: Mew|Mew|100/100
|turn|19
|
|t:|1648941996
|switch|p1a: Blaziken|Blaziken, M|100/100
|-item|p1a: Blaziken|Air Balloon
|move|p2a: Mew|Cosmic Power|p2a: Mew
|-boost|p2a: Mew|def|1
|-boost|p2a: Mew|spd|1
|
|upkeep
|turn|20
|
|t:|1648942010
|move|p2a: Mew|Cosmic Power|p2a: Mew
|-boost|p2a: Mew|def|1
|-boost|p2a: Mew|spd|1
|move|p1a: Blaziken|Flare Blitz|p2a: Mew
|-damage|p2a: Mew|76/100
|-damage|p1a: Blaziken|91/100|[from] Recoil
|
|-fieldend|Misty Terrain
|-ability|p1a: Blaziken|Speed Boost|boost
|-boost|p1a: Blaziken|spe|1
|upkeep
|turn|21
|
|t:|1648942020
|move|p1a: Blaziken|Knock Off|p2a: Mew
|-supereffective|p2a: Mew
|-damage|p2a: Mew|49/100
|-enditem|p2a: Mew|Weakness Policy
|-boost|p2a: Mew|atk|2|[from] item: Weakness Policy
|-boost|p2a: Mew|spa|2|[from] item: Weakness Policy
|move|p2a: Mew|Stored Power|p1a: Blaziken
|-supereffective|p1a: Blaziken
|-damage|p1a: Blaziken|0 fnt
|-enditem|p1a: Blaziken|Air Balloon
|faint|p1a: Blaziken
|
|upkeep
|
|t:|1648942031
|switch|p1a: Mandibuzz|Mandibuzz, F|100/100
|turn|22
|
|t:|1648942051
|move|p2a: Mew|Cosmic Power|p2a: Mew
|-boost|p2a: Mew|def|1
|-boost|p2a: Mew|spd|1
|move|p1a: Mandibuzz|Foul Play|p2a: Mew
|-supereffective|p2a: Mew
|-damage|p2a: Mew|16/100
|
|upkeep
|turn|23
|
|t:|1648942057
|move|p2a: Mew|Roost|p2a: Mew
|-heal|p2a: Mew|66/100
|-singleturn|p2a: Mew|move: Roost
|move|p1a: Mandibuzz|Foul Play|p2a: Mew
|-supereffective|p2a: Mew
|-damage|p2a: Mew|27/100
|
|upkeep
|turn|24
|
|t:|1648942061
|move|p2a: Mew|Roost|p2a: Mew
|-heal|p2a: Mew|77/100
|-singleturn|p2a: Mew|move: Roost
|move|p1a: Mandibuzz|Foul Play|p2a: Mew
|-supereffective|p2a: Mew
|-damage|p2a: Mew|41/100
|
|upkeep
|turn|25
|inactive|LT7P29 Allistair has 120 seconds left.
|
|t:|1648942083
|move|p2a: Mew|Roost|p2a: Mew
|-heal|p2a: Mew|91/100
|-singleturn|p2a: Mew|move: Roost
|move|p1a: Mandibuzz|Foul Play|p2a: Mew
|-supereffective|p2a: Mew
|-damage|p2a: Mew|53/100
|
|upkeep
|turn|26
|
|t:|1648942090
|move|p2a: Mew|Cosmic Power|p2a: Mew
|-boost|p2a: Mew|def|1
|-boost|p2a: Mew|spd|1
|move|p1a: Mandibuzz|Foul Play|p2a: Mew
|-supereffective|p2a: Mew
|-damage|p2a: Mew|24/100
|
|upkeep
|turn|27
|inactive|LT7P29 Allistair has 120 seconds left.
|
|t:|1648942096
|move|p2a: Mew|Roost|p2a: Mew
|-heal|p2a: Mew|74/100
|-singleturn|p2a: Mew|move: Roost
|move|p1a: Mandibuzz|Foul Play|p2a: Mew
|-supereffective|p2a: Mew
|-damage|p2a: Mew|44/100
|
|upkeep
|turn|28
|
|t:|1648942101
|move|p2a: Mew|Roost|p2a: Mew
|-heal|p2a: Mew|94/100
|-singleturn|p2a: Mew|move: Roost
|move|p1a: Mandibuzz|Foul Play|p2a: Mew
|-supereffective|p2a: Mew
|-damage|p2a: Mew|65/100
|
|upkeep
|turn|29
|
|t:|1648942112
|move|p2a: Mew|Cosmic Power|p2a: Mew
|-boost|p2a: Mew|def|1
|-boost|p2a: Mew|spd|1
|move|p1a: Mandibuzz|Toxic|p2a: Mew
|-status|p2a: Mew|tox
|-activate|p2a: Mew|ability: Synchronize
|-status|p1a: Mandibuzz|tox
|
|-damage|p2a: Mew|59/100 tox|[from] psn
|-damage|p1a: Mandibuzz|94/100 tox|[from] psn
|upkeep
|turn|30
|c|☆LT7P29 Allistair|lol
|c|☆LT7P29 Allistair|gg
|inactive|LT7P29 Allistair has 120 seconds left.
|-message|LT7P29 Allistair forfeited.
|
|win|A3720
|raw|A3720's rating: 1615 &rarr; <strong>1633</strong><br />(+18 for winning)
|raw|LT7P29 Allistair's rating: 1577 &rarr; <strong>1559</strong><br />(-18 for losing)
