|j|☆Alexis dipoalo
|j|☆Mutako Z
|t:|1606012730
|player|p1|Alexis dipoalo|flannery|1394
|player|p2|Mutako Z|28|1432
|teamsize|p1|6
|teamsize|p2|6
|gametype|singles
|gen|8
|tier|[Gen 8] OU
|rated|
|clearpoke
|poke|p1|Garchomp, F|
|poke|p1|Blissey, F|
|poke|p1|Toxapex, F|
|poke|p1|Tyranitar, F|
|poke|p1|Tapu Bulu|
|poke|p1|Clefable, F|
|poke|p2|Scolipede, M|
|poke|p2|Pelipper, F|
|poke|p2|Ferrothorn, M|
|poke|p2|Regieleki|
|poke|p2|Tapu Koko|
|poke|p2|Volcanion|
|rule|Sleep Clause Mod: Limit one foe put to sleep
|rule|Species Clause: Limit one of each Pokémon
|rule|OHKO Clause: OHKO moves are banned
|rule|Evasion Moves Clause: Evasion moves are banned
|rule|Endless Battle Clause: Forcing endless battles is banned
|rule|HP Percentage Mod: HP is shown in percentages
|rule|Dynamax Clause: You cannot dynamax
|teampreview
|inactive|Battle timer is ON: inactive players will automatically lose when time's up. (requested by Alexis dipoalo)
|
|t:|1606012744
|start
|switch|p1a: Tyranitar|Tyranitar, F|100/100
|switch|p2a: Scolipede|Scolipede, M|100/100
|-weather|Sandstorm|[from] ability: Sand Stream|[of] p1a: Tyranitar
|turn|1
|
|t:|1606012756
|switch|p1a: Garchomp|Garchomp, F|100/100
|move|p2a: Scolipede|Toxic Spikes|p1a: Garchomp
|-sidestart|p1: Alexis dipoalo|move: Toxic Spikes
|
|-weather|Sandstorm|[upkeep]
|-damage|p2a: Scolipede|94/100|[from] Sandstorm
|-ability|p2a: Scolipede|Speed Boost|boost
|-boost|p2a: Scolipede|spe|1
|upkeep
|turn|2
|
|t:|1606012768
|switch|p2a: Pelipper|Pelipper, F|100/100
|-weather|RainDance|[from] ability: Drizzle|[of] p2a: Pelipper
|move|p1a: Garchomp|Dragon Tail|p2a: Pelipper
|-damage|p2a: Pelipper|75/100
|drag|p2a: Ferrothorn|Ferrothorn, M|100/100
|
|-weather|RainDance|[upkeep]
|upkeep
|turn|3
|
|t:|1606012782
|switch|p1a: Toxapex|Toxapex, F|100/100
|-sideend|p1: Alexis dipoalo|move: Toxic Spikes|[of] p1a: Toxapex
|move|p2a: Ferrothorn|Knock Off|p1a: Toxapex
|-damage|p1a: Toxapex|88/100
|-enditem|p1a: Toxapex|Black Sludge|[from] move: Knock Off|[of] p2a: Ferrothorn
|
|-weather|RainDance|[upkeep]
|upkeep
|turn|4
|
|t:|1606012791
|move|p1a: Toxapex|Knock Off|p2a: Ferrothorn
|-damage|p2a: Ferrothorn|91/100
|-damage|p1a: Toxapex|76/100|[from] ability: Iron Barbs|[of] p2a: Ferrothorn
|-enditem|p2a: Ferrothorn|Leftovers|[from] move: Knock Off|[of] p1a: Toxapex
|move|p2a: Ferrothorn|Thunder Wave|p1a: Toxapex|[miss]
|-miss|p2a: Ferrothorn|p1a: Toxapex
|
|-weather|RainDance|[upkeep]
|upkeep
|turn|5
|
|t:|1606012801
|move|p1a: Toxapex|Scald|p2a: Ferrothorn
|-resisted|p2a: Ferrothorn
|-damage|p2a: Ferrothorn|83/100
|move|p2a: Ferrothorn|Knock Off|p1a: Toxapex
|-damage|p1a: Toxapex|67/100
|
|-weather|RainDance|[upkeep]
|upkeep
|turn|6
|
|t:|1606012809
|move|p1a: Toxapex|Toxic Spikes|p2a: Ferrothorn
|-sidestart|p2: Mutako Z|move: Toxic Spikes
|move|p2a: Ferrothorn|Thunder Wave|p1a: Toxapex
|-status|p1a: Toxapex|par
|
|-weather|none
|upkeep
|turn|7
|
|t:|1606012816
|switch|p2a: Scolipede|Scolipede, M|94/100
|-sideend|p2: Mutako Z|move: Toxic Spikes|[of] p2a: Scolipede
|move|p1a: Toxapex|Knock Off|p2a: Scolipede
|-damage|p2a: Scolipede|73/100
|-enditem|p2a: Scolipede|Focus Sash|[from] move: Knock Off|[of] p1a: Toxapex
|
|upkeep
|turn|8
|
|t:|1606012828
|switch|p1a: Garchomp|Garchomp, F|100/100
|move|p2a: Scolipede|Toxic Spikes|p1a: Garchomp
|-sidestart|p1: Alexis dipoalo|move: Toxic Spikes
|
|-ability|p2a: Scolipede|Speed Boost|boost
|-boost|p2a: Scolipede|spe|1
|upkeep
|turn|9
|
|t:|1606012836
|move|p2a: Scolipede|Throat Chop|p1a: Garchomp
|-damage|p1a: Garchomp|84/100
|-start|p1a: Garchomp|Throat Chop|[silent]
|-damage|p2a: Scolipede|60/100|[from] ability: Rough Skin|[of] p1a: Garchomp
|-damage|p2a: Scolipede|44/100|[from] item: Rocky Helmet|[of] p1a: Garchomp
|cant|p1a: Garchomp|move: Throat Chop
|
|-ability|p2a: Scolipede|Speed Boost|boost
|-boost|p2a: Scolipede|spe|1
|upkeep
|turn|10
|
|t:|1606012851
|move|p2a: Scolipede|Endeavor|p1a: Garchomp
|-damage|p1a: Garchomp|28/100
|-damage|p2a: Scolipede|32/100|[from] ability: Rough Skin|[of] p1a: Garchomp
|-damage|p2a: Scolipede|15/100|[from] item: Rocky Helmet|[of] p1a: Garchomp
|move|p1a: Garchomp|Dragon Tail|p2a: Scolipede
|-damage|p2a: Scolipede|0 fnt
|faint|p2a: Scolipede
|
|-end|p1a: Garchomp|Throat Chop|[silent]
|upkeep
|
|t:|1606012863
|switch|p2a: Pelipper|Pelipper, F|75/100
|-weather|RainDance|[from] ability: Drizzle|[of] p2a: Pelipper
|turn|11
|
|t:|1606012871
|switch|p1a: Toxapex|Toxapex, F|99/100 par
|-sideend|p1: Alexis dipoalo|move: Toxic Spikes|[of] p1a: Toxapex
|move|p2a: Pelipper|Hurricane|p1a: Toxapex
|-damage|p1a: Toxapex|42/100 par
|
|-weather|RainDance|[upkeep]
|upkeep
|turn|12
|
|t:|1606012883
|switch|p1a: Blissey|Blissey, F|100/100
|move|p2a: Pelipper|Hurricane|p1a: Blissey
|-damage|p1a: Blissey|79/100
|-start|p1a: Blissey|confusion
|
|-weather|RainDance|[upkeep]
|-heal|p1a: Blissey|86/100|[from] item: Leftovers
|upkeep
|turn|13
|
|t:|1606012893
|switch|p2a: Ferrothorn|Ferrothorn, M|83/100
|-activate|p1a: Blissey|confusion
|-damage|p1a: Blissey|84/100|[from] confusion
|
|-weather|RainDance|[upkeep]
|-heal|p1a: Blissey|90/100|[from] item: Leftovers
|upkeep
|turn|14
|
|t:|1606012905
|switch|p1a: Garchomp|Garchomp, F|28/100
|switch|p2a: Volcanion|Volcanion|100/100
|
|-weather|RainDance|[upkeep]
|upkeep
|turn|15
|
|t:|1606012918
|switch|p1a: Blissey|Blissey, F|90/100
|switch|p2a: Ferrothorn|Ferrothorn, M|83/100
|
|-weather|none
|-heal|p1a: Blissey|96/100|[from] item: Leftovers
|upkeep
|turn|16
|
|t:|1606012929
|switch|p1a: Garchomp|Garchomp, F|28/100
|move|p2a: Ferrothorn|Body Press|p1a: Garchomp
|-damage|p1a: Garchomp|6/100
|-damage|p2a: Ferrothorn|70/100|[from] ability: Rough Skin|[of] p1a: Garchomp
|-damage|p2a: Ferrothorn|54/100|[from] item: Rocky Helmet|[of] p1a: Garchomp
|
|upkeep
|turn|17
|
|t:|1606012936
|switch|p2a: Pelipper|Pelipper, F|75/100
|-weather|RainDance|[from] ability: Drizzle|[of] p2a: Pelipper
|move|p1a: Garchomp|Rest|p1a: Garchomp
|-status|p1a: Garchomp|slp|[from] move: Rest
|-heal|p1a: Garchomp|100/100 slp|[silent]
|
|-weather|RainDance|[upkeep]
|upkeep
|turn|18
|
|t:|1606012946
|switch|p1a: Blissey|Blissey, F|96/100
|move|p2a: Pelipper|Hydro Pump|p1a: Blissey
|-damage|p1a: Blissey|62/100
|
|-weather|RainDance|[upkeep]
|-heal|p1a: Blissey|68/100|[from] item: Leftovers
|upkeep
|turn|19
|
|t:|1606012963
|switch|p2a: Tapu Koko|Tapu Koko|100/100
|-fieldstart|move: Electric Terrain|[from] ability: Electric Surge|[of] p2a: Tapu Koko
|move|p1a: Blissey|Soft-Boiled|p1a: Blissey
|-heal|p1a: Blissey|100/100
|
|-weather|RainDance|[upkeep]
|upkeep
|turn|20
|
|t:|1606012971
|switch|p1a: Tapu Bulu|Tapu Bulu|100/100
|-fieldstart|move: Grassy Terrain|[from] ability: Grassy Surge|[of] p1a: Tapu Bulu
|move|p2a: Tapu Koko|Wild Charge|p1a: Tapu Bulu
|-resisted|p1a: Tapu Bulu
|-damage|p1a: Tapu Bulu|78/100
|-damage|p2a: Tapu Koko|94/100|[from] Recoil
|
|-weather|RainDance|[upkeep]
|-heal|p2a: Tapu Koko|99/100|[from] Grassy Terrain
|-heal|p1a: Tapu Bulu|84/100|[from] item: Leftovers
|-heal|p1a: Tapu Bulu|90/100|[from] Grassy Terrain
|upkeep
|turn|21
|
|t:|1606012984
|switch|p2a: Volcanion|Volcanion|100/100
|move|p1a: Tapu Bulu|Nature's Madness|p2a: Volcanion
|-damage|p2a: Volcanion|51/100
|
|-weather|none
|-heal|p1a: Tapu Bulu|96/100|[from] item: Leftovers
|-heal|p1a: Tapu Bulu|100/100|[from] Grassy Terrain
|-heal|p2a: Volcanion|57/100|[from] Grassy Terrain
|upkeep
|turn|22
|
|t:|1606012998
|switch|p1a: Blissey|Blissey, F|100/100
|move|p2a: Volcanion|Fire Blast|p1a: Blissey
|-damage|p1a: Blissey|73/100
|
|-heal|p2a: Volcanion|63/100|[from] Grassy Terrain
|-heal|p1a: Blissey|79/100|[from] item: Leftovers
|-heal|p1a: Blissey|86/100|[from] Grassy Terrain
|upkeep
|turn|23
|-message|Mutako Z forfeited.
|
|win|Alexis dipoalo
|l|☆Mutako Z
|raw|Alexis dipoalo's rating: 1395 &rarr; <strong>1417</strong><br />(+22 for winning)
|raw|Mutako Z's rating: 1432 &rarr; <strong>1410</strong><br />(-22 for losing)
