|j|☆JudicaelmangaVIDEO
|j|☆tanishq1
|t:|1658049188
|gametype|singles
|player|p1|JudicaelmangaVIDEO|steven|1917
|player|p2|tanishq1|169|1893
|teamsize|p1|6
|teamsize|p2|6
|gen|8
|tier|[Gen 8] OU
|rated|
|rule|Sleep Clause Mod: Limit one foe put to sleep
|rule|Species Clause: Limit one of each Pokémon
|rule|OHKO Clause: OHKO moves are banned
|rule|Evasion Moves Clause: Evasion moves are banned
|rule|Endless Battle Clause: Forcing endless battles is banned
|rule|HP Percentage Mod: HP is shown in percentages
|rule|Dynamax Clause: You cannot dynamax
|clearpoke
|poke|p1|Dragapult, F|
|poke|p1|Kartana|
|poke|p1|Blissey, F|
|poke|p1|Tapu Fini|
|poke|p1|Landorus-Therian, M|
|poke|p1|Melmetal|
|poke|p2|Urshifu-*, F|
|poke|p2|Heatran, F|
|poke|p2|Rotom-Wash|
|poke|p2|Landorus-Therian, M|
|poke|p2|Tapu Lele|
|poke|p2|Weavile, M|
|teampreview
|inactive|Battle timer is ON: inactive players will automatically lose when time's up. (requested by JudicaelmangaVIDEO)
|c|☆JudicaelmangaVIDEO|Gl
|
|t:|1658049204
|start
|switch|p1a: Kartana|Kartana|100/100
|switch|p2a: Tapu Lele|Tapu Lele|100/100
|-fieldstart|move: Psychic Terrain|[from] ability: Psychic Surge|[of] p2a: Tapu Lele
|turn|1
|
|t:|1658049210
|move|p2a: Tapu Lele|Focus Blast|p1a: Kartana
|-supereffective|p1a: Kartana
|-damage|p1a: Kartana|0 fnt
|faint|p1a: Kartana
|
|upkeep
|
|t:|1658049213
|switch|p1a: Dragapult|Dragapult, F|100/100
|turn|2
|
|t:|1658049215
|switch|p2a: Rotom|Rotom-Wash|100/100
|move|p1a: Dragapult|Shadow Ball|p2a: Rotom
|-damage|p2a: Rotom|61/100
|
|-heal|p2a: Rotom|67/100|[from] item: Leftovers
|upkeep
|turn|3
|
|t:|1658049219
|move|p1a: Dragapult|Shadow Ball|p2a: Rotom
|-damage|p2a: Rotom|26/100
|move|p2a: Rotom|Toxic|p1a: Dragapult
|-status|p1a: Dragapult|tox
|
|-heal|p2a: Rotom|33/100|[from] item: Leftovers
|-damage|p1a: Dragapult|95/100 tox|[from] psn
|upkeep
|turn|4
|
|t:|1658049222
|switch|p2a: Weavile|Weavile, M|100/100
|-ability|p2a: Weavile|Pressure
|move|p1a: Dragapult|Shadow Ball|p2a: Weavile
|-resisted|p2a: Weavile
|-damage|p2a: Weavile|63/100
|
|-damage|p1a: Dragapult|83/100 tox|[from] psn
|upkeep
|turn|5
|
|t:|1658049225
|switch|p1a: Tapu Fini|Tapu Fini|100/100
|-fieldstart|move: Misty Terrain|[from] ability: Misty Surge|[of] p1a: Tapu Fini
|move|p2a: Weavile|Knock Off|p1a: Tapu Fini
|-resisted|p1a: Tapu Fini
|-damage|p1a: Tapu Fini|69/100
|-enditem|p1a: Tapu Fini|Leftovers|[from] move: Knock Off|[of] p2a: Weavile
|
|upkeep
|turn|6
|
|t:|1658049229
|switch|p2a: Rotom|Rotom-Wash|33/100
|move|p1a: Tapu Fini|Draining Kiss|p2a: Rotom
|-damage|p2a: Rotom|15/100
|-heal|p1a: Tapu Fini|81/100|[from] drain|[of] p2a: Rotom
|
|-heal|p2a: Rotom|21/100|[from] item: Leftovers
|upkeep
|turn|7
|
|t:|1658049233
|switch|p1a: Blissey|Blissey, F|100/100
|move|p2a: Rotom|Pain Split|p1a: Blissey
|-sethp|p1a: Blissey|55/100|[from] move: Pain Split|[silent]
|-sethp|p2a: Rotom|100/100|[from] move: Pain Split
|
|-heal|p1a: Blissey|61/100|[from] item: Leftovers
|upkeep
|turn|8
|
|t:|1658049236
|move|p2a: Rotom|Volt Switch|p1a: Blissey
|-damage|p1a: Blissey|51/100
|
|t:|1658049237
|switch|p2a: Urshifu|Urshifu-Rapid-Strike, F|100/100|[from]move: Volt Switch
|move|p1a: Blissey|Stealth Rock|p2a: Urshifu
|-sidestart|p2: tanishq1|move: Stealth Rock
|
|-heal|p1a: Blissey|57/100|[from] item: Leftovers
|upkeep
|turn|9
|
|t:|1658049242
|switch|p1a: Tapu Fini|Tapu Fini|81/100
|move|p2a: Urshifu|Surging Strikes|p1a: Tapu Fini
|-resisted|p1a: Tapu Fini
|-crit|p1a: Tapu Fini
|-damage|p1a: Tapu Fini|72/100
|-resisted|p1a: Tapu Fini
|-crit|p1a: Tapu Fini
|-damage|p1a: Tapu Fini|63/100
|-resisted|p1a: Tapu Fini
|-crit|p1a: Tapu Fini
|-damage|p1a: Tapu Fini|55/100
|-hitcount|p1a: Tapu Fini|3
|
|-fieldend|Misty Terrain
|upkeep
|turn|10
|
|t:|1658049245
|move|p2a: Urshifu|U-turn|p1a: Tapu Fini
|-resisted|p1a: Tapu Fini
|-damage|p1a: Tapu Fini|44/100
|
|t:|1658049247
|switch|p2a: Rotom|Rotom-Wash|100/100|[from]move: U-turn
|-damage|p2a: Rotom|88/100|[from] Stealth Rock
|move|p1a: Tapu Fini|Calm Mind|p1a: Tapu Fini
|-boost|p1a: Tapu Fini|spa|1
|-boost|p1a: Tapu Fini|spd|1
|
|-heal|p2a: Rotom|94/100|[from] item: Leftovers
|upkeep
|turn|11
|
|t:|1658049250
|move|p2a: Rotom|Toxic|p1a: Tapu Fini
|-status|p1a: Tapu Fini|tox
|move|p1a: Tapu Fini|Draining Kiss|p2a: Rotom
|-damage|p2a: Rotom|68/100
|-heal|p1a: Tapu Fini|62/100 tox|[from] drain|[of] p2a: Rotom
|
|-heal|p2a: Rotom|75/100|[from] item: Leftovers
|-damage|p1a: Tapu Fini|55/100 tox|[from] psn
|upkeep
|turn|12
|
|t:|1658049254
|move|p2a: Rotom|Volt Switch|p1a: Tapu Fini
|-supereffective|p1a: Tapu Fini
|-damage|p1a: Tapu Fini|28/100 tox
|
|t:|1658049256
|switch|p2a: Heatran|Heatran, F|100/100|[from]move: Volt Switch
|-damage|p2a: Heatran|88/100|[from] Stealth Rock
|move|p1a: Tapu Fini|Scald|p2a: Heatran
|-supereffective|p2a: Heatran
|-damage|p2a: Heatran|0 fnt
|faint|p2a: Heatran
|
|-damage|p1a: Tapu Fini|15/100 tox|[from] psn
|upkeep
|
|t:|1658049264
|switch|p2a: Rotom|Rotom-Wash|75/100
|-damage|p2a: Rotom|62/100|[from] Stealth Rock
|turn|13
|
|t:|1658049267
|move|p2a: Rotom|Volt Switch|p1a: Tapu Fini
|-supereffective|p1a: Tapu Fini
|-damage|p1a: Tapu Fini|0 fnt
|faint|p1a: Tapu Fini
|
|t:|1658049269
|switch|p2a: Landorus|Landorus-Therian, M|100/100|[from]move: Volt Switch
|-damage|p2a: Landorus|88/100|[from] Stealth Rock
|
|-heal|p2a: Landorus|94/100|[from] item: Leftovers
|upkeep
|
|t:|1658049272
|switch|p1a: Landorus|Landorus-Therian, M|100/100
|-ability|p1a: Landorus|Intimidate|boost
|-unboost|p2a: Landorus|atk|1
|turn|14
|
|t:|1658049275
|move|p2a: Landorus|Defog|p1a: Landorus
|-unboost|p1a: Landorus|evasion|1
|-sideend|p2: tanishq1|Stealth Rock|[from] move: Defog|[of] p2a: Landorus
|move|p1a: Landorus|Stone Edge|p2a: Landorus
|-damage|p2a: Landorus|57/100
|
|-heal|p2a: Landorus|63/100|[from] item: Leftovers
|upkeep
|turn|15
|
|t:|1658049278
|move|p2a: Landorus|Toxic|p1a: Landorus
|-status|p1a: Landorus|tox
|move|p1a: Landorus|U-turn|p2a: Landorus
|-resisted|p2a: Landorus
|-damage|p2a: Landorus|48/100
|
|t:|1658049280
|switch|p1a: Dragapult|Dragapult, F|83/100 tox|[from]move: U-turn
|
|-heal|p2a: Landorus|54/100|[from] item: Leftovers
|-damage|p1a: Dragapult|77/100 tox|[from] psn
|upkeep
|turn|16
|
|t:|1658049282
|move|p1a: Dragapult|Draco Meteor|p2a: Landorus
|-damage|p2a: Landorus|0 fnt
|-unboost|p1a: Dragapult|spa|2
|faint|p2a: Landorus
|
|-damage|p1a: Dragapult|65/100 tox|[from] psn
|upkeep
|
|t:|1658049284
|switch|p2a: Tapu Lele|Tapu Lele|100/100
|-fieldstart|move: Psychic Terrain|[from] ability: Psychic Surge|[of] p2a: Tapu Lele
|turn|17
|
|t:|1658049287
|switch|p2a: Urshifu|Urshifu-Rapid-Strike, F|100/100
|switch|p1a: Melmetal|Melmetal|100/100
|
|upkeep
|turn|18
|
|t:|1658049301
|switch|p1a: Blissey|Blissey, F|57/100
|move|p2a: Urshifu|U-turn|p1a: Blissey
|-damage|p1a: Blissey|37/100
|
|t:|1658049304
|switch|p2a: Weavile|Weavile, M|63/100|[from]move: U-turn
|-ability|p2a: Weavile|Pressure
|
|-heal|p1a: Blissey|44/100|[from] item: Leftovers
|upkeep
|turn|19
|
|t:|1658049306
|move|p2a: Weavile|Knock Off|p1a: Blissey
|-crit|p1a: Blissey
|-damage|p1a: Blissey|0 fnt
|-enditem|p1a: Blissey|Leftovers|[from] move: Knock Off|[of] p2a: Weavile
|faint|p1a: Blissey
|
|upkeep
|
|t:|1658049307
|switch|p1a: Dragapult|Dragapult, F|65/100 tox
|turn|20
|
|t:|1658049310
|switch|p2a: Tapu Lele|Tapu Lele|100/100
|move|p1a: Dragapult|Draco Meteor|p2a: Tapu Lele
|-immune|p2a: Tapu Lele
|
|-damage|p1a: Dragapult|59/100 tox|[from] psn
|upkeep
|turn|21
|
|t:|1658049313
|switch|p1a: Melmetal|Melmetal|100/100
|move|p2a: Tapu Lele|Moonblast|p1a: Melmetal
|-resisted|p1a: Melmetal
|-damage|p1a: Melmetal|83/100
|
|-fieldend|move: Psychic Terrain
|upkeep
|turn|22
|
|t:|1658049315
|switch|p2a: Rotom|Rotom-Wash|62/100
|move|p1a: Melmetal|Superpower|p2a: Rotom
|-damage|p2a: Rotom|14/100
|-unboost|p1a: Melmetal|atk|1
|-unboost|p1a: Melmetal|def|1
|
|-heal|p2a: Rotom|20/100|[from] item: Leftovers
|upkeep
|turn|23
|
|t:|1658049318
|switch|p1a: Landorus|Landorus-Therian, M|100/100 tox
|-ability|p1a: Landorus|Intimidate|boost
|-unboost|p2a: Rotom|atk|1
|move|p2a: Rotom|Pain Split|p1a: Landorus
|-sethp|p1a: Landorus|58/100 tox|[from] move: Pain Split|[silent]
|-sethp|p2a: Rotom|73/100|[from] move: Pain Split
|
|-heal|p1a: Landorus|64/100 tox|[from] item: Leftovers
|-heal|p2a: Rotom|79/100|[from] item: Leftovers
|-damage|p1a: Landorus|58/100 tox|[from] psn
|upkeep
|turn|24
|
|t:|1658049320
|move|p1a: Landorus|Stone Edge|p2a: Rotom
|-damage|p2a: Rotom|37/100
|move|p2a: Rotom|Hydro Pump|p1a: Landorus
|-supereffective|p1a: Landorus
|-damage|p1a: Landorus|0 fnt
|faint|p1a: Landorus
|
|-heal|p2a: Rotom|44/100|[from] item: Leftovers
|upkeep
|
|t:|1658049324
|switch|p1a: Dragapult|Dragapult, F|59/100 tox
|turn|25
|
|t:|1658049328
|switch|p2a: Tapu Lele|Tapu Lele|100/100
|-fieldstart|move: Psychic Terrain|[from] ability: Psychic Surge|[of] p2a: Tapu Lele
|move|p1a: Dragapult|Shadow Ball|p2a: Tapu Lele
|-supereffective|p2a: Tapu Lele
|-damage|p2a: Tapu Lele|0 fnt
|faint|p2a: Tapu Lele
|
|-damage|p1a: Dragapult|53/100 tox|[from] psn
|upkeep
|
|t:|1658049330
|switch|p2a: Weavile|Weavile, M|63/100
|-ability|p2a: Weavile|Pressure
|turn|26
|
|t:|1658049332
|switch|p1a: Melmetal|Melmetal|83/100
|move|p2a: Weavile|Knock Off|p1a: Melmetal
|-damage|p1a: Melmetal|42/100
|-enditem|p1a: Melmetal|Assault Vest|[from] move: Knock Off|[of] p2a: Weavile
|
|upkeep
|turn|27
|
|t:|1658049339
|switch|p2a: Rotom|Rotom-Wash|44/100
|move|p1a: Melmetal|Double Iron Bash|p2a: Rotom
|-resisted|p2a: Rotom
|-damage|p2a: Rotom|31/100
|-resisted|p2a: Rotom
|-damage|p2a: Rotom|21/100
|-hitcount|p2a: Rotom|2
|
|-heal|p2a: Rotom|27/100|[from] item: Leftovers
|upkeep
|turn|28
|
|t:|1658049345
|move|p2a: Rotom|Hydro Pump|p1a: Melmetal|[miss]
|-miss|p2a: Rotom|p1a: Melmetal
|move|p1a: Melmetal|Superpower|p2a: Rotom
|-damage|p2a: Rotom|0 fnt
|-unboost|p1a: Melmetal|atk|1
|-unboost|p1a: Melmetal|def|1
|faint|p2a: Rotom
|
|upkeep
|
|t:|1658049351
|switch|p2a: Weavile|Weavile, M|63/100
|-ability|p2a: Weavile|Pressure
|turn|29
|
|t:|1658049356
|move|p2a: Weavile|Low Kick|p1a: Melmetal
|-supereffective|p1a: Melmetal
|-damage|p1a: Melmetal|0 fnt
|faint|p1a: Melmetal
|
|-fieldend|move: Psychic Terrain
|upkeep
|
|t:|1658049358
|switch|p1a: Dragapult|Dragapult, F|53/100 tox
|turn|30
|
|t:|1658049359
|switch|p2a: Urshifu|Urshifu-Rapid-Strike, F|100/100
|move|p1a: Dragapult|Draco Meteor|p2a: Urshifu
|-damage|p2a: Urshifu|0 fnt
|-unboost|p1a: Dragapult|spa|2
|faint|p2a: Urshifu
|
|-damage|p1a: Dragapult|47/100 tox|[from] psn
|upkeep
|
|t:|1658049361
|switch|p2a: Weavile|Weavile, M|63/100
|-ability|p2a: Weavile|Pressure
|turn|31
|
|t:|1658049363
|move|p2a: Weavile|Ice Shard|p1a: Dragapult
|-supereffective|p1a: Dragapult
|-damage|p1a: Dragapult|0 fnt
|faint|p1a: Dragapult
|
|win|tanishq1
|raw|JudicaelmangaVIDEO's rating: 1917 &rarr; <strong>1896</strong><br />(-21 for losing)
|raw|tanishq1's rating: 1893 &rarr; <strong>1914</strong><br />(+21 for winning)
|l|☆tanishq1
|l|☆JudicaelmangaVIDEO
