|j|☆joeyvn
|j|☆GGeorgie◕‿◕
|t:|1662228928
|gametype|singles
|player|p1|joeyvn|2|1594
|player|p2|GGeorgie◕‿◕|hiker-gen2|1614
|teamsize|p1|6
|teamsize|p2|6
|gen|8
|tier|[Gen 8] OU
|rated|
|rule|Sleep Clause Mod: Limit one foe put to sleep
|rule|Species Clause: Limit one of each Pokémon
|rule|OHKO Clause: OHKO moves are banned
|rule|Evasion Items Clause: Evasion items are banned
|rule|Evasion Moves Clause: Evasion moves are banned
|rule|Endless Battle Clause: Forcing endless battles is banned
|rule|HP Percentage Mod: HP is shown in percentages
|rule|Dynamax Clause: You cannot dynamax
|clearpoke
|poke|p1|Volcarona, M|
|poke|p1|Umbreon, F|
|poke|p1|Seismitoad, M|
|poke|p1|Skarmory, M|
|poke|p1|Gengar, M|
|poke|p1|Clefable, F|
|poke|p2|Suicune|
|poke|p2|Tyranitar, M|
|poke|p2|Excadrill, M|
|poke|p2|Zapdos|
|poke|p2|Rillaboom, M|
|poke|p2|Ferrothorn, F|
|teampreview
|inactive|Battle timer is ON: inactive players will automatically lose when time's up. (requested by GGeorgie◕‿◕)
|
|t:|1662228946
|start
|switch|p1a: Volcarona|Volcarona, M|100/100
|switch|p2a: FLY|Zapdos|100/100
|-ability|p2a: FLY|Pressure
|turn|1
|
|t:|1662228952
|switch|p1a: Umbreon|Umbreon, F|100/100
|move|p2a: FLY|Toxic|p1a: Umbreon
|-status|p1a: Umbreon|tox
|-activate|p1a: Umbreon|ability: Synchronize
|-status|p2a: FLY|tox
|
|-damage|p2a: FLY|94/100 tox|[from] psn
|-damage|p1a: Umbreon|94/100 tox|[from] psn
|upkeep
|turn|2
|
|t:|1662228961
|move|p2a: FLY|Volt Switch|p1a: Umbreon
|-damage|p1a: Umbreon|79/100 tox
|
|t:|1662228963
|switch|p2a: Schrader|Tyranitar, M|100/100|[from]move: Volt Switch
|-weather|Sandstorm|[from] ability: Sand Stream|[of] p2a: Schrader
|move|p1a: Umbreon|Wish|p1a: Umbreon
|
|-weather|Sandstorm|[upkeep]
|-damage|p1a: Umbreon|73/100 tox|[from] Sandstorm
|-heal|p1a: Umbreon|79/100 tox|[from] item: Leftovers
|-damage|p1a: Umbreon|67/100 tox|[from] psn
|upkeep
|turn|3
|
|t:|1662228972
|move|p2a: Schrader|Stealth Rock|p1a: Umbreon
|-sidestart|p1: joeyvn|move: Stealth Rock
|move|p1a: Umbreon|Toxic|p2a: Schrader
|-status|p2a: Schrader|tox
|
|-weather|Sandstorm|[upkeep]
|-damage|p1a: Umbreon|61/100 tox|[from] Sandstorm
|-heal|p1a: Umbreon|100/100 tox|[from] move: Wish|[wisher] Umbreon
|-damage|p2a: Schrader|94/100 tox|[from] psn
|-damage|p1a: Umbreon|82/100 tox|[from] psn
|upkeep
|turn|4
|
|t:|1662228977
|switch|p1a: Seismitoad|Seismitoad, M|100/100
|-damage|p1a: Seismitoad|94/100|[from] Stealth Rock
|move|p2a: Schrader|Stone Edge|p1a: Seismitoad
|-resisted|p1a: Seismitoad
|-damage|p1a: Seismitoad|73/100
|
|-weather|Sandstorm|[upkeep]
|-heal|p1a: Seismitoad|79/100|[from] item: Leftovers
|-damage|p2a: Schrader|82/100 tox|[from] psn
|upkeep
|turn|5
|
|t:|1662228986
|switch|p2a: Gus🥶|Rillaboom, M|100/100
|-fieldstart|move: Grassy Terrain|[from] ability: Grassy Surge|[of] p2a: Gus🥶
|move|p1a: Seismitoad|Stealth Rock|p2a: Gus🥶
|-sidestart|p2: GGeorgie◕‿◕|move: Stealth Rock
|
|-weather|Sandstorm|[upkeep]
|-damage|p2a: Gus🥶|94/100|[from] Sandstorm
|-heal|p2a: Gus🥶|100/100|[from] Grassy Terrain
|-heal|p1a: Seismitoad|85/100|[from] Grassy Terrain
|-heal|p1a: Seismitoad|91/100|[from] item: Leftovers
|upkeep
|turn|6
|
|t:|1662228994
|switch|p1a: Skarmory|Skarmory, M|100/100
|-damage|p1a: Skarmory|88/100|[from] Stealth Rock
|move|p2a: Gus🥶|Knock Off|p1a: Skarmory
|-crit|p1a: Skarmory
|-damage|p1a: Skarmory|55/100
|-damage|p2a: Gus🥶|84/100|[from] item: Rocky Helmet|[of] p1a: Skarmory
|-enditem|p1a: Skarmory|Rocky Helmet|[from] move: Knock Off|[of] p2a: Gus🥶
|
|-weather|none
|-heal|p2a: Gus🥶|90/100|[from] Grassy Terrain
|-heal|p2a: Gus🥶|97/100|[from] item: Leftovers
|upkeep
|turn|7
|j| KirboKraft
|
|t:|1662229005
|move|p2a: Gus🥶|Swords Dance|p2a: Gus🥶
|-boost|p2a: Gus🥶|atk|2
|move|p1a: Skarmory|Roost|p1a: Skarmory
|-heal|p1a: Skarmory|100/100
|-singleturn|p1a: Skarmory|move: Roost
|
|-heal|p2a: Gus🥶|100/100|[from] Grassy Terrain
|upkeep
|turn|8
|
|t:|1662229012
|move|p2a: Gus🥶|Drain Punch|p1a: Skarmory
|-damage|p1a: Skarmory|69/100
|move|p1a: Skarmory|Whirlwind|p2a: Gus🥶
|drag|p2a: FLY|Zapdos|94/100 tox
|-ability|p2a: FLY|Pressure
|
|-damage|p2a: FLY|88/100 tox|[from] psn
|upkeep
|turn|9
|
|t:|1662229020
|switch|p1a: Umbreon|Umbreon, F|82/100 tox
|-damage|p1a: Umbreon|70/100 tox|[from] Stealth Rock
|move|p2a: FLY|Volt Switch|p1a: Umbreon
|-damage|p1a: Umbreon|53/100 tox
|
|t:|1662229023
|switch|p2a: Schrader|Tyranitar, M|82/100 tox|[from]move: Volt Switch
|-damage|p2a: Schrader|70/100 tox|[from] Stealth Rock
|-weather|Sandstorm|[from] ability: Sand Stream|[of] p2a: Schrader
|
|-weather|Sandstorm|[upkeep]
|-damage|p1a: Umbreon|47/100 tox|[from] Sandstorm
|-heal|p2a: Schrader|76/100 tox|[from] Grassy Terrain
|-heal|p1a: Umbreon|53/100 tox|[from] Grassy Terrain
|-heal|p1a: Umbreon|59/100 tox|[from] item: Leftovers
|-damage|p2a: Schrader|70/100 tox|[from] psn
|-damage|p1a: Umbreon|53/100 tox|[from] psn
|-fieldend|move: Grassy Terrain
|upkeep
|turn|10
|
|t:|1662229034
|move|p2a: Schrader|Stone Edge|p1a: Umbreon
|-damage|p1a: Umbreon|0 fnt
|faint|p1a: Umbreon
|
|-weather|Sandstorm|[upkeep]
|-damage|p2a: Schrader|57/100 tox|[from] psn
|upkeep
|
|t:|1662229040
|switch|p1a: Seismitoad|Seismitoad, M|91/100
|-damage|p1a: Seismitoad|85/100|[from] Stealth Rock
|turn|11
|
|t:|1662229045
|switch|p2a: Heisenberg|Ferrothorn, F|100/100
|-damage|p2a: Heisenberg|95/100|[from] Stealth Rock
|move|p1a: Seismitoad|Knock Off|p2a: Heisenberg
|-damage|p2a: Heisenberg|79/100
|-damage|p1a: Seismitoad|72/100|[from] ability: Iron Barbs|[of] p2a: Heisenberg
|-enditem|p2a: Heisenberg|Eject Button|[from] move: Knock Off|[of] p1a: Seismitoad
|
|-weather|Sandstorm|[upkeep]
|-heal|p1a: Seismitoad|79/100|[from] item: Leftovers
|upkeep
|turn|12
|
|t:|1662229053
|switch|p1a: Skarmory|Skarmory, M|69/100
|-damage|p1a: Skarmory|57/100|[from] Stealth Rock
|move|p2a: Heisenberg|Knock Off|p1a: Skarmory
|-damage|p1a: Skarmory|48/100
|
|-weather|Sandstorm|[upkeep]
|upkeep
|turn|13
|
|t:|1662229058
|move|p1a: Skarmory|Roost|p1a: Skarmory
|-heal|p1a: Skarmory|98/100
|-singleturn|p1a: Skarmory|move: Roost
|move|p2a: Heisenberg|Spikes|p1a: Skarmory
|-sidestart|p1: joeyvn|Spikes
|
|-weather|none
|upkeep
|turn|14
|
|t:|1662229066
|move|p1a: Skarmory|Spikes|p2a: Heisenberg
|-sidestart|p2: GGeorgie◕‿◕|Spikes
|move|p2a: Heisenberg|Leech Seed|p1a: Skarmory
|-start|p1a: Skarmory|move: Leech Seed
|
|-damage|p1a: Skarmory|85/100|[from] Leech Seed|[of] p2a: Heisenberg
|-heal|p2a: Heisenberg|91/100|[silent]
|upkeep
|turn|15
|
|t:|1662229074
|switch|p1a: Clefable|Clefable, F|100/100
|move|p2a: Heisenberg|Spikes|p1a: Clefable
|-sidestart|p1: joeyvn|Spikes
|
|upkeep
|turn|16
|
|t:|1662229079
|switch|p1a: Skarmory|Skarmory, M|85/100
|-damage|p1a: Skarmory|73/100|[from] Stealth Rock
|switch|p2a: GOMIE|Excadrill, M|100/100
|-damage|p2a: GOMIE|97/100|[from] Stealth Rock
|-item|p2a: GOMIE|Air Balloon
|
|upkeep
|turn|17
|
|t:|1662229086
|switch|p2a: FLY|Zapdos|88/100 tox
|-ability|p2a: FLY|Pressure
|move|p1a: Skarmory|Body Press|p2a: FLY
|-resisted|p2a: FLY
|-damage|p2a: FLY|76/100 tox
|
|-damage|p2a: FLY|70/100 tox|[from] psn
|upkeep
|turn|18
|l| KirboKraft
|
|t:|1662229103
|switch|p1a: Gengar|Gengar, M|100/100
|-damage|p1a: Gengar|88/100|[from] Stealth Rock
|-damage|p1a: Gengar|72/100|[from] Spikes
|move|p2a: FLY|Hurricane|p1a: Gengar
|-damage|p1a: Gengar|0 fnt
|faint|p1a: Gengar
|
|-damage|p2a: FLY|58/100 tox|[from] psn
|upkeep
|
|t:|1662229115
|switch|p1a: Seismitoad|Seismitoad, M|79/100
|-damage|p1a: Seismitoad|72/100|[from] Stealth Rock
|-damage|p1a: Seismitoad|56/100|[from] Spikes
|turn|19
|
|t:|1662229121
|move|p2a: FLY|Hurricane|p1a: Seismitoad
|-damage|p1a: Seismitoad|11/100
|move|p1a: Seismitoad|Knock Off|p2a: FLY
|-damage|p2a: FLY|41/100 tox
|-enditem|p2a: FLY|Heavy-Duty Boots|[from] move: Knock Off|[of] p1a: Seismitoad
|
|-heal|p1a: Seismitoad|17/100|[from] item: Leftovers
|-damage|p2a: FLY|23/100 tox|[from] psn
|upkeep
|turn|20
|
|t:|1662229131
|move|p2a: FLY|Hurricane|p1a: Seismitoad
|-damage|p1a: Seismitoad|0 fnt
|faint|p1a: Seismitoad
|
|-damage|p2a: FLY|0 fnt|[from] psn
|faint|p2a: FLY
|upkeep
|
|t:|1662229135
|switch|p2a: Suicune|Suicune|100/100
|switch|p1a: Skarmory|Skarmory, M|73/100
|-damage|p2a: Suicune|88/100|[from] Stealth Rock
|-damage|p2a: Suicune|76/100|[from] Spikes
|-ability|p2a: Suicune|Pressure
|-damage|p1a: Skarmory|61/100|[from] Stealth Rock
|turn|21
|
|t:|1662229142
|move|p2a: Suicune|Scald|p1a: Skarmory
|-damage|p1a: Skarmory|28/100
|move|p1a: Skarmory|Whirlwind|p2a: Suicune
|drag|p2a: Gus🥶|Rillaboom, M|100/100
|-damage|p2a: Gus🥶|88/100|[from] Stealth Rock
|-damage|p2a: Gus🥶|76/100|[from] Spikes
|-fieldstart|move: Grassy Terrain|[from] ability: Grassy Surge|[of] p2a: Gus🥶
|
|-heal|p2a: Gus🥶|82/100|[from] Grassy Terrain
|-heal|p2a: Gus🥶|88/100|[from] item: Leftovers
|upkeep
|turn|22
|
|t:|1662229149
|move|p2a: Gus🥶|Swords Dance|p2a: Gus🥶
|-boost|p2a: Gus🥶|atk|2
|move|p1a: Skarmory|Roost|p1a: Skarmory
|-heal|p1a: Skarmory|78/100
|-singleturn|p1a: Skarmory|move: Roost
|
|-heal|p2a: Gus🥶|94/100|[from] Grassy Terrain
|-heal|p2a: Gus🥶|100/100|[from] item: Leftovers
|-heal|p1a: Skarmory|84/100|[from] Grassy Terrain
|upkeep
|turn|23
|
|t:|1662229153
|move|p2a: Gus🥶|Drain Punch|p1a: Skarmory
|-damage|p1a: Skarmory|54/100
|move|p1a: Skarmory|Whirlwind|p2a: Gus🥶
|drag|p2a: GOMIE|Excadrill, M|97/100
|-damage|p2a: GOMIE|94/100|[from] Stealth Rock
|-item|p2a: GOMIE|Air Balloon
|
|upkeep
|turn|24
|
|t:|1662229170
|switch|p2a: Heisenberg|Ferrothorn, F|91/100
|-damage|p2a: Heisenberg|85/100|[from] Stealth Rock
|-damage|p2a: Heisenberg|72/100|[from] Spikes
|move|p1a: Skarmory|Body Press|p2a: Heisenberg
|-supereffective|p2a: Heisenberg
|-damage|p2a: Heisenberg|27/100
|-damage|p1a: Skarmory|41/100|[from] ability: Iron Barbs|[of] p2a: Heisenberg
|
|-heal|p2a: Heisenberg|33/100|[from] Grassy Terrain
|upkeep
|turn|25
|
|t:|1662229179
|move|p1a: Skarmory|Roost|p1a: Skarmory
|-heal|p1a: Skarmory|91/100
|-singleturn|p1a: Skarmory|move: Roost
|move|p2a: Heisenberg|Leech Seed|p1a: Skarmory
|-start|p1a: Skarmory|move: Leech Seed
|
|-heal|p1a: Skarmory|97/100|[from] Grassy Terrain
|-heal|p2a: Heisenberg|39/100|[from] Grassy Terrain
|-damage|p1a: Skarmory|85/100|[from] Leech Seed|[of] p2a: Heisenberg
|-heal|p2a: Heisenberg|51/100|[silent]
|-fieldend|move: Grassy Terrain
|upkeep
|turn|26
|
|t:|1662229184
|switch|p1a: Clefable|Clefable, F|100/100
|move|p2a: Heisenberg|Spikes|p1a: Clefable
|-sidestart|p1: joeyvn|Spikes
|
|upkeep
|turn|27
|j| 0zorcNecropHADES
|
|t:|1662229196
|move|p1a: Clefable|Moonblast|p2a: Heisenberg
|-resisted|p2a: Heisenberg
|-damage|p2a: Heisenberg|32/100
|move|p2a: Heisenberg|Leech Seed|p1a: Clefable
|-start|p1a: Clefable|move: Leech Seed
|
|upkeep
|turn|28
|
|t:|1662229204
|move|p1a: Clefable|Moonblast|p2a: Heisenberg
|-resisted|p2a: Heisenberg
|-damage|p2a: Heisenberg|13/100
|-unboost|p2a: Heisenberg|spa|1
|move|p2a: Heisenberg|Leech Seed||[still]
|-fail|p2a: Heisenberg
|
|upkeep
|turn|29
|
|t:|1662229210
|move|p1a: Clefable|Moonblast|p2a: Heisenberg
|-resisted|p2a: Heisenberg
|-damage|p2a: Heisenberg|0 fnt
|faint|p2a: Heisenberg
|
|upkeep
|c| 0zorcNecropHADES|you dont leech seed magic guard
|
|t:|1662229212
|switch|p2a: GOMIE|Excadrill, M|94/100
|-damage|p2a: GOMIE|91/100|[from] Stealth Rock
|-item|p2a: GOMIE|Air Balloon
|turn|30
|c| 0zorcNecropHADES|ggeorgie
|j| Nef1leee
|
|t:|1662229219
|switch|p1a: Skarmory|Skarmory, M|85/100
|-damage|p1a: Skarmory|73/100|[from] Stealth Rock
|move|p2a: GOMIE|Rapid Spin|p1a: Skarmory
|-resisted|p1a: Skarmory
|-damage|p1a: Skarmory|67/100
|-boost|p2a: GOMIE|spe|1
|-sideend|p2: GGeorgie◕‿◕|Spikes|[from] move: Rapid Spin|[of] p2a: GOMIE
|-sideend|p2: GGeorgie◕‿◕|Stealth Rock|[from] move: Rapid Spin|[of] p2a: GOMIE
|
|upkeep
|turn|31
|c|☆GGeorgie◕‿◕|it was a sack...
|
|t:|1662229233
|switch|p2a: Suicune|Suicune|76/100
|-ability|p2a: Suicune|Pressure
|move|p1a: Skarmory|Spikes|p2a: Suicune
|-sidestart|p2: GGeorgie◕‿◕|Spikes
|
|upkeep
|turn|32
|
|t:|1662229246
|move|p2a: Suicune|Scald|p1a: Skarmory
|-damage|p1a: Skarmory|32/100
|-status|p1a: Skarmory|brn
|move|p1a: Skarmory|Whirlwind|p2a: Suicune
|drag|p2a: Schrader|Tyranitar, M|57/100 tox
|-damage|p2a: Schrader|45/100 tox|[from] Spikes
|-weather|Sandstorm|[from] ability: Sand Stream|[of] p2a: Schrader
|
|-weather|Sandstorm|[upkeep]
|-damage|p2a: Schrader|39/100 tox|[from] psn
|-damage|p1a: Skarmory|26/100 brn|[from] brn
|upkeep
|turn|33
|
|t:|1662229253
|move|p2a: Schrader|Fire Blast|p1a: Skarmory
|-supereffective|p1a: Skarmory
|-damage|p1a: Skarmory|0 fnt
|faint|p1a: Skarmory
|
|-weather|Sandstorm|[upkeep]
|-damage|p2a: Schrader|27/100 tox|[from] psn
|upkeep
|
|t:|1662229258
|switch|p1a: Volcarona|Volcarona, M|100/100
|turn|34
|
|t:|1662229268
|move|p1a: Volcarona|Fiery Dance|p2a: Schrader
|-resisted|p2a: Schrader
|-damage|p2a: Schrader|15/100 tox
|-boost|p1a: Volcarona|spa|1
|move|p2a: Schrader|Stone Edge|p1a: Volcarona
|-supereffective|p1a: Volcarona
|-damage|p1a: Volcarona|0 fnt
|faint|p1a: Volcarona
|
|-weather|Sandstorm|[upkeep]
|-damage|p2a: Schrader|0 fnt|[from] psn
|faint|p2a: Schrader
|upkeep
|-message|joeyvn forfeited.
|
|win|GGeorgie◕‿◕
|raw|joeyvn's rating: 1594 &rarr; <strong>1575</strong><br />(-19 for losing)
|raw|GGeorgie◕‿◕'s rating: 1614 &rarr; <strong>1633</strong><br />(+19 for winning)
|l|☆joeyvn
