|raw|<div class="broadcast-blue"><strong>This battle is required to be public due to a player having a name starting with 'lt91bb'.</div>
|j|☆LT91BB uomo bomba
|j|☆Orangesavior
|t:|1659493998
|gametype|singles
|player|p1|LT91BB uomo bomba|youngster-gen4dp|1649
|player|p2|Orangesavior|silver|1698
|teamsize|p1|6
|teamsize|p2|6
|gen|8
|tier|[Gen 8] OU
|rated|
|rule|Sleep Clause Mod: Limit one foe put to sleep
|rule|Species Clause: Limit one of each Pokémon
|rule|OHKO Clause: OHKO moves are banned
|rule|Evasion Moves Clause: Evasion moves are banned
|rule|Endless Battle Clause: Forcing endless battles is banned
|rule|HP Percentage Mod: HP is shown in percentages
|rule|Dynamax Clause: You cannot dynamax
|clearpoke
|poke|p1|Polteageist|
|poke|p1|Tapu Lele|
|poke|p1|Moltres-Galar|
|poke|p1|Hawlucha, F|
|poke|p1|Volcarona, F|
|poke|p1|Primarina, M|
|poke|p2|Pelipper, M|
|poke|p2|Barraskewda, F|
|poke|p2|Ferrothorn, M|
|poke|p2|Seismitoad, F|
|poke|p2|Tapu Koko|
|poke|p2|Tornadus-Therian, M|
|teampreview
|inactive|Battle timer is ON: inactive players will automatically lose when time's up. (requested by LT91BB uomo bomba)
|inactive|Orangesavior also wants the timer to be on.
|
|t:|1659494008
|start
|switch|p1a: Tapu Lele|Tapu Lele|100/100
|switch|p2a: Speed Overdose|Tapu Koko|100/100
|-fieldstart|move: Electric Terrain|[from] ability: Electric Surge|[of] p2a: Speed Overdose
|-fieldstart|move: Psychic Terrain|[from] ability: Psychic Surge|[of] p1a: Tapu Lele
|turn|1
|
|t:|1659494013
|move|p2a: Speed Overdose|Volt Switch|p1a: Tapu Lele
|-damage|p1a: Tapu Lele|56/100
|
|t:|1659494017
|switch|p2a: Hates rain|Ferrothorn, M|100/100|[from]move: Volt Switch
|move|p1a: Tapu Lele|Nature's Madness|p2a: Hates rain
|-damage|p2a: Hates rain|50/100
|
|-heal|p2a: Hates rain|57/100|[from] item: Leftovers
|upkeep
|turn|2
|
|t:|1659494021
|move|p1a: Tapu Lele|Focus Blast|p2a: Hates rain|[miss]
|-miss|p1a: Tapu Lele|p2a: Hates rain
|move|p2a: Hates rain|Spikes|p1a: Tapu Lele
|-sidestart|p1: LT91BB uomo bomba|Spikes
|
|-heal|p2a: Hates rain|63/100|[from] item: Leftovers
|upkeep
|turn|3
|
|t:|1659494028
|switch|p2a: Big Gulp sponsor|Pelipper, M|100/100
|-weather|RainDance|[from] ability: Drizzle|[of] p2a: Big Gulp sponsor
|move|p1a: Tapu Lele|Psychic|p2a: Big Gulp sponsor
|-damage|p2a: Big Gulp sponsor|7/100
|
|-weather|RainDance|[upkeep]
|upkeep
|turn|4
|
|t:|1659494034
|switch|p2a: Hates rain|Ferrothorn, M|63/100
|move|p1a: Tapu Lele|Psychic|p2a: Hates rain
|-resisted|p2a: Hates rain
|-crit|p2a: Hates rain
|-damage|p2a: Hates rain|24/100
|
|-weather|RainDance|[upkeep]
|-heal|p2a: Hates rain|30/100|[from] item: Leftovers
|upkeep
|turn|5
|
|t:|1659494041
|move|p1a: Tapu Lele|Focus Blast|p2a: Hates rain
|-supereffective|p2a: Hates rain
|-damage|p2a: Hates rain|0 fnt
|faint|p2a: Hates rain
|
|-weather|RainDance|[upkeep]
|upkeep
|
|t:|1659494044
|switch|p2a: One fish two fish|Barraskewda, F|100/100
|turn|6
|
|t:|1659494049
|switch|p1a: Polteageist|Polteageist|100/100
|-damage|p1a: Polteageist|88/100|[from] Spikes
|move|p2a: One fish two fish|Liquidation|p1a: Polteageist
|-damage|p1a: Polteageist|0 fnt
|faint|p1a: Polteageist
|
|-weather|RainDance|[upkeep]
|upkeep
|
|t:|1659494052
|switch|p1a: Primarina|Primarina, M|100/100
|-damage|p1a: Primarina|88/100|[from] Spikes
|turn|7
|
|t:|1659494061
|switch|p2a: Lando Black sheep|Tornadus-Therian, M|100/100
|move|p1a: Primarina|Scald|p2a: Lando Black sheep
|-damage|p2a: Lando Black sheep|41/100
|
|-weather|RainDance|[upkeep]
|-heal|p1a: Primarina|94/100|[from] item: Leftovers
|upkeep
|turn|8
|inactive|LT91BB uomo bomba has 120 seconds left.
|
|t:|1659494094
|move|p2a: Lando Black sheep|Knock Off|p1a: Primarina
|-resisted|p1a: Primarina
|-damage|p1a: Primarina|86/100
|-enditem|p1a: Primarina|Leftovers|[from] move: Knock Off|[of] p2a: Lando Black sheep
|move|p1a: Primarina|Scald|p2a: Lando Black sheep
|-damage|p2a: Lando Black sheep|0 fnt
|faint|p2a: Lando Black sheep
|
|-weather|RainDance|[upkeep]
|-fieldend|move: Psychic Terrain
|upkeep
|
|t:|1659494098
|switch|p2a: Speed Overdose|Tapu Koko|100/100
|-fieldstart|move: Electric Terrain|[from] ability: Electric Surge|[of] p2a: Speed Overdose
|turn|9
|inactive|LT91BB uomo bomba has 120 seconds left.
|
|t:|1659494131
|switch|p1a: Tapu Lele|Tapu Lele|56/100
|-damage|p1a: Tapu Lele|43/100|[from] Spikes
|-fieldstart|move: Psychic Terrain|[from] ability: Psychic Surge|[of] p1a: Tapu Lele
|move|p2a: Speed Overdose|Thunder|p1a: Tapu Lele
|-damage|p1a: Tapu Lele|0 fnt
|faint|p1a: Tapu Lele
|
|-weather|RainDance|[upkeep]
|upkeep
|
|t:|1659494147
|switch|p1a: Volcarona|Volcarona, F|100/100
|turn|10
|
|t:|1659494150
|move|p2a: Speed Overdose|Thunder|p1a: Volcarona
|-damage|p1a: Volcarona|43/100
|-status|p1a: Volcarona|par
|move|p1a: Volcarona|Quiver Dance|p1a: Volcarona
|-boost|p1a: Volcarona|spa|1
|-boost|p1a: Volcarona|spd|1
|-boost|p1a: Volcarona|spe|1
|
|-weather|none
|upkeep
|turn|11
|
|t:|1659494163
|switch|p2a: Big Gulp sponsor|Pelipper, M|7/100
|-weather|RainDance|[from] ability: Drizzle|[of] p2a: Big Gulp sponsor
|move|p1a: Volcarona|Roost|p1a: Volcarona
|-heal|p1a: Volcarona|93/100 par
|-singleturn|p1a: Volcarona|move: Roost
|
|-weather|RainDance|[upkeep]
|upkeep
|turn|12
|
|t:|1659494166
|move|p1a: Volcarona|Flamethrower|p2a: Big Gulp sponsor
|-resisted|p2a: Big Gulp sponsor
|-damage|p2a: Big Gulp sponsor|0 fnt
|faint|p2a: Big Gulp sponsor
|
|-weather|RainDance|[upkeep]
|upkeep
|
|t:|1659494169
|switch|p2a: One fish two fish|Barraskewda, F|100/100
|turn|13
|
|t:|1659494171
|move|p2a: One fish two fish|Liquidation|p1a: Volcarona
|-supereffective|p1a: Volcarona
|-damage|p1a: Volcarona|0 fnt
|faint|p1a: Volcarona
|
|-weather|RainDance|[upkeep]
|upkeep
|
|t:|1659494173
|switch|p1a: Primarina|Primarina, M|86/100
|-damage|p1a: Primarina|73/100|[from] Spikes
|turn|14
|
|t:|1659494181
|move|p2a: One fish two fish|Liquidation|p1a: Primarina
|-resisted|p1a: Primarina
|-damage|p1a: Primarina|31/100
|move|p1a: Primarina|Scald|p2a: One fish two fish
|-resisted|p2a: One fish two fish
|-damage|p2a: One fish two fish|22/100
|
|-weather|RainDance|[upkeep]
|upkeep
|turn|15
|
|t:|1659494185
|move|p2a: One fish two fish|Liquidation|p1a: Primarina
|-resisted|p1a: Primarina
|-damage|p1a: Primarina|0 fnt
|faint|p1a: Primarina
|
|-weather|RainDance|[upkeep]
|upkeep
|
|t:|1659494187
|switch|p1a: Hawlucha|Hawlucha, F|100/100
|-enditem|p1a: Hawlucha|Psychic Seed
|-boost|p1a: Hawlucha|spd|1|[from] item: Psychic Seed
|turn|16
|
|t:|1659494195
|move|p2a: One fish two fish|Liquidation|p1a: Hawlucha
|-damage|p1a: Hawlucha|0 fnt
|faint|p1a: Hawlucha
|
|-weather|RainDance|[upkeep]
|-fieldend|move: Psychic Terrain
|upkeep
|-message|LT91BB uomo bomba forfeited.
|
|win|Orangesavior
|raw|LT91BB uomo bomba's rating: 1623 &rarr; <strong>1607</strong><br />(-16 for losing)
|raw|Orangesavior's rating: 1698 &rarr; <strong>1714</strong><br />(+16 for winning)
|l|☆LT91BB uomo bomba
