|j|☆bizarman
|j|☆minimax_ai
|t:|1663779407
|gametype|singles
|player|p1|bizarman|scientist-gen4|1656
|player|p2|minimax_ai|lusamine-nihilego|1637
|teamsize|p1|6
|teamsize|p2|6
|gen|8
|tier|[Gen 8] OU
|rated|
|rule|Sleep Clause Mod: Limit one foe put to sleep
|rule|Species Clause: Limit one of each Pokémon
|rule|OHKO Clause: OHKO moves are banned
|rule|Evasion Items Clause: Evasion items are banned
|rule|Evasion Moves Clause: Evasion moves are banned
|rule|Endless Battle Clause: Forcing endless battles is banned
|rule|HP Percentage Mod: HP is shown in percentages
|rule|Dynamax Clause: You cannot dynamax
|clearpoke
|poke|p1|Glastrier|
|poke|p1|Zapdos|
|poke|p1|Dragapult, F|
|poke|p1|Landorus-Therian, M|
|poke|p1|Tapu Fini|
|poke|p1|Heatran, F|
|poke|p2|Rotom-Wash|
|poke|p2|Weavile, F|
|poke|p2|Landorus-Therian, M|
|poke|p2|Heatran, M|
|poke|p2|Tangrowth, F|
|poke|p2|Melmetal|
|teampreview
|j| Tomastomas
|c|☆minimax_ai|hf
|inactive|Battle timer is ON: inactive players will automatically lose when time's up. (requested by minimax_ai)
|inactive|bizarman has 120 seconds left.
|
|t:|1663779466
|start
|switch|p1a: Landorus|Landorus-Therian, M|100/100
|switch|p2a: rotomwash|Rotom-Wash|100/100
|-ability|p1a: Landorus|Intimidate|boost
|-unboost|p2a: rotomwash|atk|1
|turn|1
|
|t:|1663779472
|switch|p1a: Dragapult|Dragapult, F|100/100
|move|p2a: rotomwash|Hydro Pump|p1a: Dragapult
|-resisted|p1a: Dragapult
|-damage|p1a: Dragapult|73/100
|
|upkeep
|turn|2
|
|t:|1663779481
|switch|p2a: Melmetal|Melmetal|100/100
|move|p1a: Dragapult|U-turn|p2a: Melmetal
|-resisted|p2a: Melmetal
|-damage|p2a: Melmetal|96/100
|
|t:|1663779490
|switch|p1a: Landorus|Landorus-Therian, M|100/100|[from]move: U-turn
|-ability|p1a: Landorus|Intimidate|boost
|-unboost|p2a: Melmetal|atk|1
|
|upkeep
|turn|3
|
|t:|1663779496
|move|p1a: Landorus|Knock Off|p2a: Melmetal
|-damage|p2a: Melmetal|79/100
|-enditem|p2a: Melmetal|Assault Vest|[from] move: Knock Off|[of] p1a: Landorus
|move|p2a: Melmetal|Ice Punch|p1a: Landorus
|-supereffective|p1a: Landorus
|-damage|p1a: Landorus|17/100
|
|-heal|p1a: Landorus|23/100|[from] item: Leftovers
|upkeep
|turn|4
|
|t:|1663779505
|move|p1a: Landorus|U-turn|p2a: Melmetal
|-resisted|p2a: Melmetal
|-damage|p2a: Melmetal|73/100
|
|t:|1663779510
|switch|p1a: Zapdos|Zapdos|100/100|[from]move: U-turn
|move|p2a: Melmetal|Double Iron Bash|p1a: Zapdos
|-resisted|p1a: Zapdos
|-damage|p1a: Zapdos|90/100
|-resisted|p1a: Zapdos
|-damage|p1a: Zapdos|80/100
|-hitcount|p1a: Zapdos|2
|
|upkeep
|turn|5
|
|t:|1663779519
|switch|p2a: landorustherian|Landorus-Therian, M|100/100
|-ability|p2a: landorustherian|Intimidate|boost
|-unboost|p1a: Zapdos|atk|1
|move|p1a: Zapdos|Volt Switch|p2a: landorustherian
|-immune|p2a: landorustherian
|
|upkeep
|turn|6
|
|t:|1663779526
|switch|p1a: Glastrier|Glastrier|100/100
|move|p2a: landorustherian|Toxic|p1a: Glastrier
|-status|p1a: Glastrier|tox
|
|-damage|p1a: Glastrier|94/100 tox|[from] psn
|upkeep
|turn|7
|
|t:|1663779534
|move|p2a: landorustherian|U-turn|p1a: Glastrier
|-damage|p1a: Glastrier|79/100 tox
|
|t:|1663779537
|switch|p2a: rotomwash|Rotom-Wash|100/100|[from]move: U-turn
|move|p1a: Glastrier|Swords Dance|p1a: Glastrier
|-boost|p1a: Glastrier|atk|2
|
|-damage|p1a: Glastrier|67/100 tox|[from] psn
|upkeep
|turn|8
|
|t:|1663779544
|move|p2a: rotomwash|Thunderbolt|p1a: Glastrier
|-damage|p1a: Glastrier|39/100 tox
|move|p1a: Glastrier|Close Combat|p2a: rotomwash
|-damage|p2a: rotomwash|2/100
|-unboost|p1a: Glastrier|def|1
|-unboost|p1a: Glastrier|spd|1
|
|-heal|p2a: rotomwash|8/100|[from] item: Leftovers
|-damage|p1a: Glastrier|21/100 tox|[from] psn
|upkeep
|turn|9
|-enditem|p1a: Glastrier|Custap Berry|[eat]
|-activate|p1a: Glastrier|item: Custap Berry|[consumed]
|
|t:|1663779555
|move|p1a: Glastrier|Close Combat|p2a: rotomwash
|-damage|p2a: rotomwash|0 fnt
|-unboost|p1a: Glastrier|def|1
|-unboost|p1a: Glastrier|spd|1
|faint|p2a: rotomwash
|-ability|p1a: Glastrier|Chilling Neigh|boost
|-boost|p1a: Glastrier|atk|1
|
|-damage|p1a: Glastrier|0 fnt|[from] psn
|faint|p1a: Glastrier
|upkeep
|
|t:|1663779577
|switch|p2a: Weavile|Weavile, F|100/100
|switch|p1a: Tapu Fini|Tapu Fini|100/100
|-ability|p2a: Weavile|Pressure
|-fieldstart|move: Misty Terrain|[from] ability: Misty Surge|[of] p1a: Tapu Fini
|turn|10
|
|t:|1663779590
|switch|p2a: Melmetal|Melmetal|73/100
|switch|p1a: Heatran|Heatran, F|100/100
|
|upkeep
|turn|11
|
|t:|1663779599
|switch|p2a: Heatran|Heatran, M|100/100
|-item|p2a: Heatran|Air Balloon
|move|p1a: Heatran|Stealth Rock|p2a: Heatran
|-sidestart|p2: minimax_ai|move: Stealth Rock
|
|upkeep
|turn|12
|
|t:|1663779615
|switch|p1a: Landorus|Landorus-Therian, M|23/100
|-ability|p1a: Landorus|Intimidate|boost
|-unboost|p2a: Heatran|atk|1
|move|p2a: Heatran|Stealth Rock|p1a: Landorus
|-sidestart|p1: bizarman|move: Stealth Rock
|
|-heal|p1a: Landorus|29/100|[from] item: Leftovers
|upkeep
|turn|13
|
|t:|1663779624
|move|p2a: Heatran|Magma Storm|p1a: Landorus
|-damage|p1a: Landorus|0 fnt
|faint|p1a: Landorus
|
|upkeep
|
|t:|1663779640
|switch|p1a: Dragapult|Dragapult, F|73/100
|-damage|p1a: Dragapult|61/100|[from] Stealth Rock
|turn|14
|
|t:|1663779644
|move|p1a: Dragapult|Shadow Ball|p2a: Heatran
|-damage|p2a: Heatran|48/100
|-enditem|p2a: Heatran|Air Balloon
|move|p2a: Heatran|Magma Storm|p1a: Dragapult
|-resisted|p1a: Dragapult
|-damage|p1a: Dragapult|26/100
|-activate|p1a: Dragapult|move: Magma Storm|[of] p2a: Heatran
|
|-damage|p1a: Dragapult|14/100|[from] move: Magma Storm|[partiallytrapped]
|-fieldend|Misty Terrain
|upkeep
|turn|15
|
|t:|1663779653
|switch|p2a: Weavile|Weavile, F|100/100
|-damage|p2a: Weavile|76/100|[from] Stealth Rock
|-ability|p2a: Weavile|Pressure
|move|p1a: Dragapult|Shadow Ball|p2a: Weavile
|-resisted|p2a: Weavile
|-damage|p2a: Weavile|37/100
|
|-end|p1a: Dragapult|Magma Storm|[partiallytrapped]|[silent]
|upkeep
|turn|16
|
|t:|1663779665
|switch|p1a: Heatran|Heatran, F|100/100
|-damage|p1a: Heatran|88/100|[from] Stealth Rock
|move|p2a: Weavile|Knock Off|p1a: Heatran
|-damage|p1a: Heatran|32/100
|-enditem|p1a: Heatran|Leftovers|[from] move: Knock Off|[of] p2a: Weavile
|
|upkeep
|turn|17
|
|t:|1663779677
|move|p2a: Weavile|Knock Off|p1a: Heatran
|-damage|p1a: Heatran|0 fnt
|faint|p1a: Heatran
|
|upkeep
|
|t:|1663779700
|switch|p1a: Dragapult|Dragapult, F|14/100
|-damage|p1a: Dragapult|1/100|[from] Stealth Rock
|turn|18
|
|t:|1663779703
|switch|p2a: landorustherian|Landorus-Therian, M|100/100
|-damage|p2a: landorustherian|88/100|[from] Stealth Rock
|-ability|p2a: landorustherian|Intimidate|boost
|-unboost|p1a: Dragapult|atk|1
|move|p1a: Dragapult|Shadow Ball|p2a: landorustherian
|-damage|p2a: landorustherian|50/100
|
|-heal|p2a: landorustherian|56/100|[from] item: Leftovers
|upkeep
|turn|19
|
|t:|1663779716
|switch|p1a: Zapdos|Zapdos|80/100
|move|p2a: landorustherian|Earthquake|p1a: Zapdos
|-immune|p1a: Zapdos
|
|-heal|p2a: landorustherian|62/100|[from] item: Leftovers
|upkeep
|turn|20
|
|t:|1663779724
|move|p1a: Zapdos|Defog|p2a: landorustherian
|-unboost|p2a: landorustherian|evasion|1
|-sideend|p2: minimax_ai|Stealth Rock|[from] move: Defog|[of] p1a: Zapdos
|-sideend|p1: bizarman|Stealth Rock|[from] move: Defog|[of] p1a: Zapdos
|move|p2a: landorustherian|Defog|p1a: Zapdos
|-unboost|p1a: Zapdos|evasion|1
|
|-heal|p2a: landorustherian|68/100|[from] item: Leftovers
|upkeep
|turn|21
|
|t:|1663779733
|switch|p1a: Tapu Fini|Tapu Fini|100/100
|-fieldstart|move: Misty Terrain|[from] ability: Misty Surge|[of] p1a: Tapu Fini
|move|p2a: landorustherian|Toxic|p1a: Tapu Fini
|-activate|p1a: Tapu Fini|move: Misty Terrain
|
|-heal|p2a: landorustherian|74/100|[from] item: Leftovers
|upkeep
|turn|22
|
|t:|1663779746
|switch|p2a: Melmetal|Melmetal|73/100
|move|p1a: Tapu Fini|Scald|p2a: Melmetal
|-damage|p2a: Melmetal|50/100
|
|upkeep
|turn|23
|
|t:|1663779752
|switch|p1a: Zapdos|Zapdos|80/100
|move|p2a: Melmetal|Double Iron Bash|p1a: Zapdos
|-resisted|p1a: Zapdos
|-damage|p1a: Zapdos|65/100
|-resisted|p1a: Zapdos
|-damage|p1a: Zapdos|51/100
|-hitcount|p1a: Zapdos|2
|
|upkeep
|turn|24
|
|t:|1663779762
|move|p1a: Zapdos|Roost|p1a: Zapdos
|-heal|p1a: Zapdos|100/100
|-singleturn|p1a: Zapdos|move: Roost
|move|p2a: Melmetal|Ice Punch|p1a: Zapdos
|-damage|p1a: Zapdos|74/100
|
|upkeep
|turn|25
|
|t:|1663779769
|move|p1a: Zapdos|Hurricane|p2a: Melmetal
|-resisted|p2a: Melmetal
|-damage|p2a: Melmetal|32/100
|move|p2a: Melmetal|Ice Punch|p1a: Zapdos
|-supereffective|p1a: Zapdos
|-damage|p1a: Zapdos|27/100
|-status|p1a: Zapdos|frz
|
|-fieldend|Misty Terrain
|upkeep
|turn|26
|
|t:|1663779777
|-curestatus|p1a: Zapdos|frz|[msg]
|move|p1a: Zapdos|Volt Switch|p2a: Melmetal
|-damage|p2a: Melmetal|8/100
|
|t:|1663779782
|switch|p1a: Tapu Fini|Tapu Fini|100/100|[from]move: Volt Switch
|-fieldstart|move: Misty Terrain|[from] ability: Misty Surge|[of] p1a: Tapu Fini
|move|p2a: Melmetal|Double Iron Bash|p1a: Tapu Fini
|-damage|p1a: Tapu Fini|72/100
|-damage|p1a: Tapu Fini|42/100
|-hitcount|p1a: Tapu Fini|2
|
|-heal|p1a: Tapu Fini|48/100|[from] item: Leftovers
|upkeep
|turn|27
|
|t:|1663779792
|switch|p2a: Tangrowth|Tangrowth, F|100/100
|move|p1a: Tapu Fini|Scald|p2a: Tangrowth
|-resisted|p2a: Tangrowth
|-damage|p2a: Tangrowth|81/100
|
|-heal|p1a: Tapu Fini|55/100|[from] item: Leftovers
|upkeep
|turn|28
|
|t:|1663779800
|switch|p1a: Zapdos|Zapdos|27/100
|move|p2a: Tangrowth|Giga Drain|p1a: Zapdos
|-resisted|p1a: Zapdos
|-damage|p1a: Zapdos|13/100
|-heal|p2a: Tangrowth|88/100|[from] drain|[of] p1a: Zapdos
|
|upkeep
|turn|29
|
|t:|1663779808
|switch|p2a: landorustherian|Landorus-Therian, M|74/100
|-ability|p2a: landorustherian|Intimidate|boost
|-unboost|p1a: Zapdos|atk|1
|move|p1a: Zapdos|Roost|p1a: Zapdos
|-heal|p1a: Zapdos|63/100
|-singleturn|p1a: Zapdos|move: Roost
|
|-heal|p2a: landorustherian|80/100|[from] item: Leftovers
|upkeep
|turn|30
|
|t:|1663779831
|move|p1a: Zapdos|Hurricane|p2a: landorustherian
|-damage|p2a: landorustherian|45/100
|move|p2a: landorustherian|Earthquake|p1a: Zapdos
|-immune|p1a: Zapdos
|
|-heal|p2a: landorustherian|51/100|[from] item: Leftovers
|-fieldend|Misty Terrain
|upkeep
|turn|31
|
|t:|1663779838
|move|p1a: Zapdos|Hurricane|p2a: landorustherian
|-damage|p2a: landorustherian|14/100
|move|p2a: landorustherian|Toxic|p1a: Zapdos
|-status|p1a: Zapdos|tox
|
|-heal|p2a: landorustherian|20/100|[from] item: Leftovers
|-damage|p1a: Zapdos|57/100 tox|[from] psn
|upkeep
|turn|32
|
|t:|1663779846
|move|p1a: Zapdos|Hurricane|p2a: landorustherian
|-damage|p2a: landorustherian|0 fnt
|faint|p2a: landorustherian
|
|-damage|p1a: Zapdos|45/100 tox|[from] psn
|upkeep
|
|t:|1663779846
|switch|p2a: Weavile|Weavile, F|37/100
|-ability|p2a: Weavile|Pressure
|turn|33
|
|t:|1663779855
|move|p2a: Weavile|Knock Off|p1a: Zapdos
|-damage|p1a: Zapdos|0 fnt
|-enditem|p1a: Zapdos|Heavy-Duty Boots|[from] move: Knock Off|[of] p2a: Weavile
|faint|p1a: Zapdos
|
|upkeep
|
|t:|1663779860
|switch|p1a: Tapu Fini|Tapu Fini|55/100
|-fieldstart|move: Misty Terrain|[from] ability: Misty Surge|[of] p1a: Tapu Fini
|turn|34
|
|t:|1663779864
|switch|p2a: Tangrowth|Tangrowth, F|100/100
|move|p1a: Tapu Fini|Draining Kiss|p2a: Tangrowth
|-crit|p2a: Tangrowth
|-damage|p2a: Tangrowth|66/100
|-heal|p1a: Tapu Fini|85/100|[from] drain|[of] p2a: Tangrowth
|-damage|p1a: Tapu Fini|69/100|[from] item: Rocky Helmet|[of] p2a: Tangrowth
|
|-heal|p1a: Tapu Fini|75/100|[from] item: Leftovers
|upkeep
|turn|35
|l| Tomastomas
|
|t:|1663779873
|move|p1a: Tapu Fini|Calm Mind|p1a: Tapu Fini
|-boost|p1a: Tapu Fini|spa|1
|-boost|p1a: Tapu Fini|spd|1
|move|p2a: Tangrowth|Giga Drain|p1a: Tapu Fini
|-supereffective|p1a: Tapu Fini
|-damage|p1a: Tapu Fini|46/100
|-heal|p2a: Tangrowth|78/100|[from] drain|[of] p1a: Tapu Fini
|
|-heal|p1a: Tapu Fini|53/100|[from] item: Leftovers
|upkeep
|turn|36
|
|t:|1663779882
|move|p1a: Tapu Fini|Calm Mind|p1a: Tapu Fini
|-boost|p1a: Tapu Fini|spa|1
|-boost|p1a: Tapu Fini|spd|1
|move|p2a: Tangrowth|Giga Drain|p1a: Tapu Fini
|-supereffective|p1a: Tapu Fini
|-damage|p1a: Tapu Fini|29/100
|-heal|p2a: Tangrowth|88/100|[from] drain|[of] p1a: Tapu Fini
|
|-heal|p1a: Tapu Fini|35/100|[from] item: Leftovers
|upkeep
|turn|37
|
|t:|1663779890
|move|p1a: Tapu Fini|Draining Kiss|p2a: Tangrowth
|-damage|p2a: Tangrowth|42/100
|-heal|p1a: Tapu Fini|76/100|[from] drain|[of] p2a: Tangrowth
|-damage|p1a: Tapu Fini|60/100|[from] item: Rocky Helmet|[of] p2a: Tangrowth
|move|p2a: Tangrowth|Giga Drain|p1a: Tapu Fini
|-supereffective|p1a: Tapu Fini
|-damage|p1a: Tapu Fini|36/100
|-heal|p2a: Tangrowth|51/100|[from] drain|[of] p1a: Tapu Fini
|
|-heal|p1a: Tapu Fini|42/100|[from] item: Leftovers
|upkeep
|turn|38
|
|t:|1663779900
|switch|p2a: Melmetal|Melmetal|8/100
|move|p1a: Tapu Fini|Draining Kiss|p2a: Melmetal
|-resisted|p2a: Melmetal
|-crit|p2a: Melmetal
|-damage|p2a: Melmetal|0 fnt
|-heal|p1a: Tapu Fini|50/100|[from] drain|[of] p2a: Melmetal
|faint|p2a: Melmetal
|
|-heal|p1a: Tapu Fini|56/100|[from] item: Leftovers
|-fieldend|Misty Terrain
|upkeep
|
|t:|1663779900
|switch|p2a: Tangrowth|Tangrowth, F|85/100
|turn|39
|
|t:|1663779918
|move|p1a: Tapu Fini|Taunt|p2a: Tangrowth
|-start|p2a: Tangrowth|move: Taunt
|cant|p2a: Tangrowth|move: Taunt|Sleep Powder
|
|-heal|p1a: Tapu Fini|62/100|[from] item: Leftovers
|upkeep
|turn|40
|
|t:|1663779924
|switch|p2a: Heatran|Heatran, M|48/100
|move|p1a: Tapu Fini|Draining Kiss|p2a: Heatran
|-resisted|p2a: Heatran
|-damage|p2a: Heatran|40/100
|-heal|p1a: Tapu Fini|68/100|[from] drain|[of] p2a: Heatran
|
|-heal|p1a: Tapu Fini|74/100|[from] item: Leftovers
|upkeep
|turn|41
|
|t:|1663779931
|switch|p2a: Tangrowth|Tangrowth, F|100/100
|move|p1a: Tapu Fini|Scald|p2a: Tangrowth
|-resisted|p2a: Tangrowth
|-damage|p2a: Tangrowth|63/100
|
|-heal|p1a: Tapu Fini|80/100|[from] item: Leftovers
|upkeep
|turn|42
|
|t:|1663779939
|move|p1a: Tapu Fini|Taunt|p2a: Tangrowth
|-start|p2a: Tangrowth|move: Taunt
|cant|p2a: Tangrowth|move: Taunt|Sleep Powder
|
|-heal|p1a: Tapu Fini|86/100|[from] item: Leftovers
|upkeep
|turn|43
|
|t:|1663779947
|switch|p2a: Heatran|Heatran, M|40/100
|move|p1a: Tapu Fini|Scald|p2a: Heatran
|-supereffective|p2a: Heatran
|-damage|p2a: Heatran|0 fnt
|faint|p2a: Heatran
|
|-heal|p1a: Tapu Fini|92/100|[from] item: Leftovers
|upkeep
|
|t:|1663779948
|switch|p2a: Tangrowth|Tangrowth, F|96/100
|turn|44
|
|t:|1663779957
|move|p1a: Tapu Fini|Taunt|p2a: Tangrowth
|-start|p2a: Tangrowth|move: Taunt
|move|p2a: Tangrowth|Giga Drain|p1a: Tapu Fini
|-supereffective|p1a: Tapu Fini
|-damage|p1a: Tapu Fini|69/100
|-heal|p2a: Tangrowth|100/100|[from] drain|[of] p1a: Tapu Fini
|
|-heal|p1a: Tapu Fini|75/100|[from] item: Leftovers
|upkeep
|turn|45
|
|t:|1663779968
|move|p1a: Tapu Fini|Draining Kiss|p2a: Tangrowth
|-damage|p2a: Tangrowth|49/100
|-heal|p1a: Tapu Fini|100/100|[from] drain|[of] p2a: Tangrowth
|-damage|p1a: Tapu Fini|84/100|[from] item: Rocky Helmet|[of] p2a: Tangrowth
|move|p2a: Tangrowth|Giga Drain|p1a: Tapu Fini
|-supereffective|p1a: Tapu Fini
|-damage|p1a: Tapu Fini|63/100
|-heal|p2a: Tangrowth|57/100|[from] drain|[of] p1a: Tapu Fini
|
|-heal|p1a: Tapu Fini|69/100|[from] item: Leftovers
|upkeep
|turn|46
|
|t:|1663779979
|switch|p2a: Weavile|Weavile, F|37/100
|-ability|p2a: Weavile|Pressure
|move|p1a: Tapu Fini|Draining Kiss|p2a: Weavile
|-supereffective|p2a: Weavile
|-damage|p2a: Weavile|0 fnt
|-heal|p1a: Tapu Fini|91/100|[from] drain|[of] p2a: Weavile
|faint|p2a: Weavile
|
|-heal|p1a: Tapu Fini|98/100|[from] item: Leftovers
|upkeep
|
|t:|1663779979
|switch|p2a: Tangrowth|Tangrowth, F|91/100
|turn|47
|
|t:|1663779991
|move|p1a: Tapu Fini|Taunt|p2a: Tangrowth
|-start|p2a: Tangrowth|move: Taunt
|move|p2a: Tangrowth|Giga Drain|p1a: Tapu Fini
|-supereffective|p1a: Tapu Fini
|-damage|p1a: Tapu Fini|77/100
|-heal|p2a: Tangrowth|99/100|[from] drain|[of] p1a: Tapu Fini
|
|-heal|p1a: Tapu Fini|83/100|[from] item: Leftovers
|upkeep
|turn|48
|
|t:|1663779999
|move|p1a: Tapu Fini|Draining Kiss|p2a: Tangrowth
|-damage|p2a: Tangrowth|53/100
|-heal|p1a: Tapu Fini|100/100|[from] drain|[of] p2a: Tangrowth
|-damage|p1a: Tapu Fini|84/100|[from] item: Rocky Helmet|[of] p2a: Tangrowth
|move|p2a: Tangrowth|Giga Drain|p1a: Tapu Fini
|-supereffective|p1a: Tapu Fini
|-damage|p1a: Tapu Fini|60/100
|-heal|p2a: Tangrowth|63/100|[from] drain|[of] p1a: Tapu Fini
|
|-heal|p1a: Tapu Fini|66/100|[from] item: Leftovers
|upkeep
|turn|49
|
|t:|1663780008
|move|p1a: Tapu Fini|Draining Kiss|p2a: Tangrowth
|-damage|p2a: Tangrowth|12/100
|-heal|p1a: Tapu Fini|100/100|[from] drain|[of] p2a: Tangrowth
|-damage|p1a: Tapu Fini|84/100|[from] item: Rocky Helmet|[of] p2a: Tangrowth
|move|p2a: Tangrowth|Knock Off|p1a: Tapu Fini
|-resisted|p1a: Tapu Fini
|-damage|p1a: Tapu Fini|75/100
|-enditem|p1a: Tapu Fini|Leftovers|[from] move: Knock Off|[of] p2a: Tangrowth
|
|-end|p2a: Tangrowth|move: Taunt
|upkeep
|turn|50
|
|t:|1663780018
|move|p1a: Tapu Fini|Draining Kiss|p2a: Tangrowth
|-damage|p2a: Tangrowth|0 fnt
|-heal|p1a: Tapu Fini|85/100|[from] drain|[of] p2a: Tangrowth
|-damage|p1a: Tapu Fini|69/100|[from] item: Rocky Helmet|[of] p2a: Tangrowth
|faint|p2a: Tangrowth
|
|win|bizarman
|raw|bizarman's rating: 1656 &rarr; <strong>1675</strong><br />(+19 for winning)
|raw|minimax_ai's rating: 1637 &rarr; <strong>1618</strong><br />(-19 for losing)
|c|☆minimax_ai|gg
