|j|☆AldoRox
|j|☆2222mm
|player|p1|AldoRox|169|1825
|player|p2|2222mm|wallace|1693
|teamsize|p1|6
|teamsize|p2|6
|gametype|singles
|gen|8
|tier|[Gen 8] OU
|rated|
|clearpoke
|poke|p1|Quagsire, M|
|poke|p1|Reuniclus, F|
|poke|p1|Corviknight, M|
|poke|p1|Zeraora|
|poke|p1|Toxapex, F|
|poke|p1|Clefable, F|
|poke|p2|Pelipper, M|
|poke|p2|Dracovish|
|poke|p2|Mantine, M|
|poke|p2|Seismitoad, M|
|poke|p2|Ferrothorn, F|
|poke|p2|Jirachi|
|rule|Sleep Clause Mod: Limit one foe put to sleep
|rule|Species Clause: Limit one of each Pokémon
|rule|OHKO Clause: OHKO moves are banned
|rule|Evasion Moves Clause: Evasion moves are banned
|rule|Endless Battle Clause: Forcing endless battles is banned
|rule|HP Percentage Mod: HP is shown in percentages
|rule|Dynamax Clause: You cannot dynamax
|teampreview
|inactive|Battle timer is ON: inactive players will automatically lose when time's up. (requested by 2222mm)
|inactive|AldoRox has 120 seconds left.
|
|start
|switch|p1a: Toxapex|Toxapex, F|100/100
|switch|p2a: Ferrothorn|Ferrothorn, F, shiny|100/100
|turn|1
|
|move|p1a: Toxapex|Knock Off|p2a: Ferrothorn
|-damage|p2a: Ferrothorn|93/100
|-damage|p1a: Toxapex|88/100|[from] ability: Iron Barbs|[of] p2a: Ferrothorn
|-damage|p1a: Toxapex|72/100|[from] item: Rocky Helmet|[of] p2a: Ferrothorn
|-enditem|p2a: Ferrothorn|Rocky Helmet|[from] move: Knock Off|[of] p1a: Toxapex
|move|p2a: Ferrothorn|Stealth Rock|p1a: Toxapex
|-sidestart|p1: AldoRox|move: Stealth Rock
|
|-heal|p1a: Toxapex|78/100|[from] item: Black Sludge
|upkeep
|turn|2
|
|move|p1a: Toxapex|Scald|p2a: Ferrothorn
|-resisted|p2a: Ferrothorn
|-damage|p2a: Ferrothorn|86/100
|-status|p2a: Ferrothorn|brn
|move|p2a: Ferrothorn|Knock Off|p1a: Toxapex
|-damage|p1a: Toxapex|72/100
|-enditem|p1a: Toxapex|Black Sludge|[from] move: Knock Off|[of] p2a: Ferrothorn
|
|-damage|p2a: Ferrothorn|80/100 brn|[from] brn
|upkeep
|turn|3
|
|switch|p1a: Corviknight|Corviknight, M|100/100
|-damage|p1a: Corviknight|88/100|[from] Stealth Rock
|-ability|p1a: Corviknight|Pressure
|switch|p2a: Jirachi|Jirachi, shiny|100/100
|
|-heal|p1a: Corviknight|94/100|[from] item: Leftovers
|upkeep
|turn|4
|
|move|p2a: Jirachi|U-turn|p1a: Corviknight
|-resisted|p1a: Corviknight
|-damage|p1a: Corviknight|91/100
|
|switch|p2a: Ferrothorn|Ferrothorn, F, shiny|80/100 brn|[from]move: U-turn
|move|p1a: Corviknight|Defog|p2a: Ferrothorn
|-unboost|p2a: Ferrothorn|evasion|1
|-sideend|p1: AldoRox|Stealth Rock|[from] move: Defog|[of] p1a: Corviknight
|
|-heal|p1a: Corviknight|98/100|[from] item: Leftovers
|-damage|p2a: Ferrothorn|74/100 brn|[from] brn
|upkeep
|turn|5
|
|move|p1a: Corviknight|Body Press|p2a: Ferrothorn
|-supereffective|p2a: Ferrothorn
|-damage|p2a: Ferrothorn|42/100 brn
|-damage|p1a: Corviknight|85/100|[from] ability: Iron Barbs|[of] p2a: Ferrothorn
|move|p2a: Ferrothorn|Stealth Rock|p1a: Corviknight
|-sidestart|p1: AldoRox|move: Stealth Rock
|
|-heal|p1a: Corviknight|91/100|[from] item: Leftovers
|-damage|p2a: Ferrothorn|36/100 brn|[from] brn
|upkeep
|turn|6
|
|switch|p2a: Pelipper|Pelipper, M|100/100
|-weather|RainDance|[from] ability: Drizzle|[of] p2a: Pelipper
|move|p1a: Corviknight|Defog|p2a: Pelipper
|-unboost|p2a: Pelipper|evasion|1
|-sideend|p1: AldoRox|Stealth Rock|[from] move: Defog|[of] p1a: Corviknight
|
|-weather|RainDance|[upkeep]
|-heal|p1a: Corviknight|98/100|[from] item: Leftovers
|upkeep
|turn|7
|
|switch|p1a: Reuniclus|Reuniclus, F|100/100
|move|p2a: Pelipper|U-turn|p1a: Reuniclus
|-supereffective|p1a: Reuniclus
|-damage|p1a: Reuniclus|79/100
|
|switch|p2a: Seismitoad|Seismitoad, M|100/100|[from]move: U-turn
|
|-weather|RainDance|[upkeep]
|upkeep
|turn|8
|
|move|p2a: Seismitoad|Knock Off|p1a: Reuniclus
|-supereffective|p1a: Reuniclus
|-damage|p1a: Reuniclus|0 fnt
|-enditem|p1a: Reuniclus|Assault Vest|[from] move: Knock Off|[of] p2a: Seismitoad
|-damage|p2a: Seismitoad|91/100|[from] item: Life Orb
|faint|p1a: Reuniclus
|
|-weather|RainDance|[upkeep]
|upkeep
|
|switch|p1a: Quagsire|Quagsire, M|100/100
|turn|9
|
|move|p2a: Seismitoad|Power Whip|p1a: Quagsire
|-supereffective|p1a: Quagsire
|-damage|p1a: Quagsire|0 fnt
|-damage|p2a: Seismitoad|74/100|[from] item: Rocky Helmet|[of] p1a: Quagsire
|-damage|p2a: Seismitoad|64/100|[from] item: Life Orb
|faint|p1a: Quagsire
|
|-weather|RainDance|[upkeep]
|upkeep
|
|switch|p1a: Corviknight|Corviknight, M|98/100
|-ability|p1a: Corviknight|Pressure
|turn|10
|
|switch|p2a: Ferrothorn|Ferrothorn, F, shiny|36/100 brn
|move|p1a: Corviknight|Iron Defense|p1a: Corviknight
|-boost|p1a: Corviknight|def|2
|
|-weather|RainDance|[upkeep]
|-heal|p1a: Corviknight|100/100|[from] item: Leftovers
|-damage|p2a: Ferrothorn|29/100 brn|[from] brn
|upkeep
|turn|11
|
|switch|p2a: Jirachi|Jirachi, shiny|100/100
|move|p1a: Corviknight|Body Press|p2a: Jirachi
|-damage|p2a: Jirachi|52/100
|
|-weather|RainDance|[upkeep]
|upkeep
|turn|12
|
|move|p2a: Jirachi|Trick|p1a: Corviknight
|-activate|p2a: Jirachi|move: Trick|[of] p1a: Corviknight
|-item|p1a: Corviknight|Choice Scarf|[from] move: Trick
|-item|p2a: Jirachi|Leftovers|[from] move: Trick
|move|p1a: Corviknight|Iron Defense|p1a: Corviknight
|-boost|p1a: Corviknight|def|2
|
|-weather|RainDance|[upkeep]
|-heal|p2a: Jirachi|58/100|[from] item: Leftovers
|upkeep
|turn|13
|
|move|p2a: Jirachi|U-turn|p1a: Corviknight
|-resisted|p1a: Corviknight
|-damage|p1a: Corviknight|99/100
|
|switch|p2a: Ferrothorn|Ferrothorn, F, shiny|29/100 brn|[from]move: U-turn
|move|p1a: Corviknight|Iron Defense|p1a: Corviknight
|-boost|p1a: Corviknight|def|2
|
|-weather|none
|-damage|p2a: Ferrothorn|23/100 brn|[from] brn
|upkeep
|turn|14
|-message|AldoRox forfeited.
|
|win|2222mm
|l|☆AldoRox
|raw|AldoRox's rating: 1825 &rarr; <strong>1797</strong><br />(-28 for losing)
|raw|2222mm's rating: 1693 &rarr; <strong>1721</strong><br />(+28 for winning)
