|j|☆outz trsanooo
|j|☆roboPOKE
|t:|1603703998
|player|p1|outz trsanooo|266|1490
|player|p2|roboPOKE|170|1543
|teamsize|p1|6
|teamsize|p2|6
|gametype|singles
|gen|8
|tier|[Gen 8] OU
|rated|
|clearpoke
|poke|p1|Glastrier|
|poke|p1|Cresselia, F|
|poke|p1|Porygon2|
|poke|p1|Marowak-Alola, F|
|poke|p1|Mew|
|poke|p1|Magearna|
|poke|p2|Pelipper, F|
|poke|p2|Barraskewda, M|
|poke|p2|Thundurus-Therian, M|
|poke|p2|Magearna|
|poke|p2|Ferrothorn, F|
|poke|p2|Cinderace, F|
|rule|Sleep Clause Mod: Limit one foe put to sleep
|rule|Species Clause: Limit one of each Pokémon
|rule|OHKO Clause: OHKO moves are banned
|rule|Evasion Moves Clause: Evasion moves are banned
|rule|Endless Battle Clause: Forcing endless battles is banned
|rule|HP Percentage Mod: HP is shown in percentages
|rule|Dynamax Clause: You cannot dynamax
|teampreview
|j| Iridescent clouds
|j| QuasiBoom
|
|t:|1603704039
|start
|switch|p1a: Magearna|Magearna|100/100
|switch|p2a: Ferrothorn|Ferrothorn, F|100/100
|turn|1
|
|t:|1603704051
|move|p2a: Ferrothorn|Stealth Rock|p1a: Magearna
|-sidestart|p1: outz trsanooo|move: Stealth Rock
|move|p1a: Magearna|Trick Room|p1a: Magearna
|-fieldstart|move: Trick Room|[of] p1a: Magearna
|
|upkeep
|turn|2
|
|t:|1603704063
|switch|p2a: Cinderace|Cinderace, F|100/100
|move|p1a: Magearna|Volt Switch|p2a: Cinderace
|-damage|p2a: Cinderace|62/100
|
|t:|1603704076
|switch|p1a: Glastrier|Glastrier|100/100|[from]move: Volt Switch
|
|upkeep
|turn|3
|
|t:|1603704084
|switch|p2a: Ferrothorn|Ferrothorn, F|100/100
|move|p1a: Glastrier|Close Combat|p2a: Ferrothorn
|-supereffective|p2a: Ferrothorn
|-damage|p2a: Ferrothorn|40/100
|-unboost|p1a: Glastrier|def|1
|-unboost|p1a: Glastrier|spd|1
|-damage|p1a: Glastrier|88/100|[from] ability: Iron Barbs|[of] p2a: Ferrothorn
|-damage|p1a: Glastrier|71/100|[from] item: Rocky Helmet|[of] p2a: Ferrothorn
|
|upkeep
|turn|4
|
|t:|1603704111
|switch|p2a: Pelipper|Pelipper, F|100/100
|-weather|RainDance|[from] ability: Drizzle|[of] p2a: Pelipper
|move|p1a: Glastrier|Close Combat|p2a: Pelipper
|-resisted|p2a: Pelipper
|-damage|p2a: Pelipper|81/100
|-unboost|p1a: Glastrier|def|1
|-unboost|p1a: Glastrier|spd|1
|
|-weather|RainDance|[upkeep]
|upkeep
|turn|5
|
|t:|1603704127
|move|p1a: Glastrier|Icicle Crash|p2a: Pelipper
|-damage|p2a: Pelipper|41/100
|cant|p2a: Pelipper|flinch
|
|-weather|RainDance|[upkeep]
|-fieldend|move: Trick Room
|upkeep
|turn|6
|
|t:|1603704146
|switch|p1a: Magearna|Magearna|100/100
|-damage|p1a: Magearna|94/100|[from] Stealth Rock
|move|p2a: Pelipper|U-turn|p1a: Magearna
|-resisted|p1a: Magearna
|-damage|p1a: Magearna|93/100
|
|t:|1603704158
|switch|p2a: Ferrothorn|Ferrothorn, F|40/100|[from]move: U-turn
|
|-weather|RainDance|[upkeep]
|upkeep
|turn|7
|
|t:|1603704166
|move|p2a: Ferrothorn|Leech Seed|p1a: Magearna
|-start|p1a: Magearna|move: Leech Seed
|move|p1a: Magearna|Trick Room|p1a: Magearna
|-fieldstart|move: Trick Room|[of] p1a: Magearna
|
|-weather|RainDance|[upkeep]
|-damage|p1a: Magearna|80/100|[from] Leech Seed|[of] p2a: Ferrothorn
|-heal|p2a: Ferrothorn|53/100|[silent]
|upkeep
|turn|8
|
|t:|1603704171
|switch|p2a: Thundurus|Thundurus-Therian, M|100/100
|switch|p1a: Marowak|Marowak-Alola, F|100/100
|-damage|p1a: Marowak|76/100|[from] Stealth Rock
|
|-weather|RainDance|[upkeep]
|upkeep
|turn|9
|
|t:|1603704189
|switch|p2a: Ferrothorn|Ferrothorn, F|53/100
|move|p1a: Marowak|Poltergeist|p2a: Ferrothorn
|-activate|p2a: Ferrothorn|move: Poltergeist|Rocky Helmet
|-damage|p2a: Ferrothorn|0 fnt
|faint|p2a: Ferrothorn
|
|-weather|RainDance|[upkeep]
|upkeep
|
|t:|1603704195
|switch|p2a: Cinderace|Cinderace, F|62/100
|turn|10
|
|t:|1603704223
|switch|p1a: Magearna|Magearna|80/100
|-damage|p1a: Magearna|74/100|[from] Stealth Rock
|switch|p2a: Magearna|Magearna|100/100
|
|-weather|RainDance|[upkeep]
|upkeep
|turn|11
|
|t:|1603704237
|move|p1a: Magearna|Volt Switch|p2a: Magearna
|-damage|p2a: Magearna|86/100
|
|t:|1603704240
|switch|p1a: Mew|Mew|100/100|[from]move: Volt Switch
|-damage|p1a: Mew|88/100|[from] Stealth Rock
|move|p2a: Magearna|Volt Switch|p1a: Mew
|-damage|p1a: Mew|73/100
|
|t:|1603704244
|switch|p2a: Cinderace|Cinderace, F|62/100|[from]move: Volt Switch
|
|-weather|none
|-fieldend|move: Trick Room
|upkeep
|turn|12
|
|t:|1603704252
|move|p2a: Cinderace|U-turn|p1a: Mew
|-start|p2a: Cinderace|typechange|Bug|[from] ability: Libero
|-supereffective|p1a: Mew
|-damage|p1a: Mew|7/100
|
|t:|1603704264
|switch|p2a: Magearna|Magearna|86/100|[from]move: U-turn
|move|p1a: Mew|Trick Room|p1a: Mew
|-fieldstart|move: Trick Room|[of] p1a: Mew
|
|upkeep
|turn|13
|
|t:|1603704270
|switch|p2a: Pelipper|Pelipper, F|41/100
|-weather|RainDance|[from] ability: Drizzle|[of] p2a: Pelipper
|move|p1a: Mew|Stealth Rock|p2a: Pelipper
|-sidestart|p2: roboPOKE|move: Stealth Rock
|
|-weather|RainDance|[upkeep]
|upkeep
|turn|14
|
|t:|1603704279
|move|p2a: Pelipper|Roost|p2a: Pelipper
|-heal|p2a: Pelipper|92/100
|-singleturn|p2a: Pelipper|move: Roost
|move|p1a: Mew|Taunt|p2a: Pelipper
|-start|p2a: Pelipper|move: Taunt
|
|-weather|RainDance|[upkeep]
|upkeep
|turn|15
|
|t:|1603704287
|move|p2a: Pelipper|U-turn|p1a: Mew
|-supereffective|p1a: Mew
|-damage|p1a: Mew|0 fnt
|faint|p1a: Mew
|
|t:|1603704291
|switch|p2a: Cinderace|Cinderace, F|62/100|[from]move: U-turn
|
|-weather|RainDance|[upkeep]
|upkeep
|
|t:|1603704296
|switch|p1a: Glastrier|Glastrier|71/100
|turn|16
|
|t:|1603704304
|switch|p2a: Magearna|Magearna|86/100
|-damage|p2a: Magearna|80/100|[from] Stealth Rock
|move|p1a: Glastrier|Icicle Crash|p2a: Magearna
|-resisted|p2a: Magearna
|-damage|p2a: Magearna|58/100
|
|-weather|RainDance|[upkeep]
|-fieldend|move: Trick Room
|upkeep
|turn|17
|
|t:|1603704321
|move|p2a: Magearna|Flash Cannon|p1a: Glastrier
|-supereffective|p1a: Glastrier
|-damage|p1a: Glastrier|13/100
|move|p1a: Glastrier|Icicle Crash|p2a: Magearna
|-resisted|p2a: Magearna
|-damage|p2a: Magearna|36/100
|
|-weather|RainDance|[upkeep]
|upkeep
|turn|18
|
|t:|1603704328
|switch|p1a: Cresselia|Cresselia, F|100/100
|-damage|p1a: Cresselia|88/100|[from] Stealth Rock
|move|p2a: Magearna|Volt Switch|p1a: Cresselia
|-damage|p1a: Cresselia|77/100
|
|t:|1603704339
|switch|p2a: Cinderace|Cinderace, F|62/100|[from]move: Volt Switch
|
|-weather|RainDance|[upkeep]
|upkeep
|turn|19
|
|t:|1603704344
|move|p2a: Cinderace|U-turn|p1a: Cresselia
|-start|p2a: Cinderace|typechange|Bug|[from] ability: Libero
|-supereffective|p1a: Cresselia
|-damage|p1a: Cresselia|25/100
|
|t:|1603704350
|switch|p2a: Magearna|Magearna|36/100|[from]move: U-turn
|-damage|p2a: Magearna|30/100|[from] Stealth Rock
|move|p1a: Cresselia|Trick Room|p1a: Cresselia
|-fieldstart|move: Trick Room|[of] p1a: Cresselia
|
|-weather|RainDance|[upkeep]
|upkeep
|turn|20
|
|t:|1603704359
|switch|p2a: Cinderace|Cinderace, F|62/100
|move|p1a: Cresselia|Lunar Dance|p1a: Cresselia
|faint|p1a: Cresselia
|
|-weather|none
|upkeep
|
|t:|1603704364
|switch|p1a: Glastrier|Glastrier|13/100
|-heal|p1a: Glastrier|100/100|[from] move: Lunar Dance
|turn|21
|
|t:|1603704372
|switch|p2a: Pelipper|Pelipper, F|92/100
|-damage|p2a: Pelipper|67/100|[from] Stealth Rock
|-weather|RainDance|[from] ability: Drizzle|[of] p2a: Pelipper
|move|p1a: Glastrier|Close Combat|p2a: Pelipper
|-resisted|p2a: Pelipper
|-damage|p2a: Pelipper|49/100
|-unboost|p1a: Glastrier|def|1
|-unboost|p1a: Glastrier|spd|1
|
|-weather|RainDance|[upkeep]
|upkeep
|turn|22
|
|t:|1603704384
|move|p1a: Glastrier|Swords Dance|p1a: Glastrier
|-boost|p1a: Glastrier|atk|2
|move|p2a: Pelipper|Roost|p2a: Pelipper
|-heal|p2a: Pelipper|99/100
|-singleturn|p2a: Pelipper|move: Roost
|
|-weather|RainDance|[upkeep]
|upkeep
|turn|23
|
|t:|1603704391
|move|p1a: Glastrier|Icicle Crash|p2a: Pelipper
|-damage|p2a: Pelipper|22/100
|cant|p2a: Pelipper|flinch
|
|-weather|RainDance|[upkeep]
|-fieldend|move: Trick Room
|upkeep
|turn|24
|
|t:|1603704400
|move|p2a: Pelipper|Hurricane|p1a: Glastrier
|-damage|p1a: Glastrier|56/100
|move|p1a: Glastrier|Close Combat|p2a: Pelipper
|-resisted|p2a: Pelipper
|-damage|p2a: Pelipper|0 fnt
|-unboost|p1a: Glastrier|def|1
|-unboost|p1a: Glastrier|spd|1
|faint|p2a: Pelipper
|-ability|p1a: Glastrier|Chilling Neigh|boost
|-boost|p1a: Glastrier|atk|1
|
|-weather|RainDance|[upkeep]
|upkeep
|c|☆roboPOKE|stop flinchin bro
|
|t:|1603704411
|switch|p2a: Barraskewda|Barraskewda, M|100/100
|-damage|p2a: Barraskewda|88/100|[from] Stealth Rock
|turn|25
|
|t:|1603704432
|switch|p1a: Magearna|Magearna|74/100
|-damage|p1a: Magearna|68/100|[from] Stealth Rock
|move|p2a: Barraskewda|Liquidation|p1a: Magearna
|-damage|p1a: Magearna|0 fnt
|faint|p1a: Magearna
|
|-weather|RainDance|[upkeep]
|upkeep
|
|t:|1603704441
|switch|p1a: Porygon2|Porygon2|100/100
|-damage|p1a: Porygon2|88/100|[from] Stealth Rock
|-ability|p1a: Porygon2|Swift Swim|[from] ability: Trace|[of] p2a: Barraskewda
|turn|26
|
|t:|1603704448
|move|p2a: Barraskewda|Liquidation|p1a: Porygon2
|-damage|p1a: Porygon2|21/100
|move|p1a: Porygon2|Trick Room|p1a: Porygon2
|-fieldstart|move: Trick Room|[of] p1a: Porygon2
|
|-weather|RainDance|[upkeep]
|upkeep
|turn|27
|
|t:|1603704461
|move|p1a: Porygon2|Foul Play|p2a: Barraskewda
|-damage|p2a: Barraskewda|20/100
|move|p2a: Barraskewda|Liquidation|p1a: Porygon2
|-damage|p1a: Porygon2|0 fnt
|faint|p1a: Porygon2
|
|-weather|RainDance|[upkeep]
|upkeep
|
|t:|1603704468
|switch|p1a: Glastrier|Glastrier|56/100
|turn|28
|
|t:|1603704476
|move|p1a: Glastrier|Icicle Crash|p2a: Barraskewda
|-resisted|p2a: Barraskewda
|-damage|p2a: Barraskewda|0 fnt
|faint|p2a: Barraskewda
|-ability|p1a: Glastrier|Chilling Neigh|boost
|-boost|p1a: Glastrier|atk|1
|
|-weather|none
|upkeep
|
|t:|1603704482
|switch|p2a: Magearna|Magearna|30/100
|-damage|p2a: Magearna|24/100|[from] Stealth Rock
|turn|29
|
|t:|1603704485
|move|p1a: Glastrier|Icicle Crash|p2a: Magearna
|-resisted|p2a: Magearna
|-damage|p2a: Magearna|0 fnt
|faint|p2a: Magearna
|-ability|p1a: Glastrier|Chilling Neigh|boost
|-boost|p1a: Glastrier|atk|1
|
|upkeep
|
|t:|1603704551
|switch|p2a: Thundurus|Thundurus-Therian, M|100/100
|turn|30
|
|t:|1603704557
|move|p1a: Glastrier|Icicle Crash|p2a: Thundurus
|-supereffective|p2a: Thundurus
|-damage|p2a: Thundurus|0 fnt
|faint|p2a: Thundurus
|-ability|p1a: Glastrier|Chilling Neigh|boost
|-boost|p1a: Glastrier|atk|1
|
|-fieldend|move: Trick Room
|upkeep
|
|t:|1603704559
|switch|p2a: Cinderace|Cinderace, F|62/100
|turn|31
|
|t:|1603704575
|move|p2a: Cinderace|High Jump Kick|p1a: Glastrier
|-start|p2a: Cinderace|typechange|Fighting|[from] ability: Libero
|-supereffective|p1a: Glastrier
|-damage|p1a: Glastrier|0 fnt
|faint|p1a: Glastrier
|
|upkeep
|
|t:|1603704581
|switch|p1a: Marowak|Marowak-Alola, F|76/100
|-damage|p1a: Marowak|51/100|[from] Stealth Rock
|turn|32
|
|t:|1603704600
|move|p2a: Cinderace|Zen Headbutt|p1a: Marowak
|-start|p2a: Cinderace|typechange|Psychic|[from] ability: Libero
|-damage|p1a: Marowak|10/100
|move|p1a: Marowak|Swords Dance|p1a: Marowak
|-boost|p1a: Marowak|atk|2
|
|upkeep
|turn|33
|c| Iridescent clouds|...
|c|☆roboPOKE|?
|c| Iridescent clouds|oh he predicted sucker
|
|t:|1603704623
|move|p2a: Cinderace|Zen Headbutt|p1a: Marowak
|-damage|p1a: Marowak|0 fnt
|faint|p1a: Marowak
|
|win|roboPOKE
|c|☆outz trsanooo|yes
|c|☆outz trsanooo|gg
|l|☆outz trsanooo
|l| Iridescent clouds
|c|☆roboPOKE|i dont have sucker
|raw|outz trsanooo's rating: 1490 &rarr; <strong>1474</strong><br />(-16 for losing)
|raw|roboPOKE's rating: 1563 &rarr; <strong>1579</strong><br />(+16 for winning)
