|j|☆Levi41_
|j|☆vagmak
|t:|1644698901
|gametype|singles
|player|p1|Levi41_|mars|1693
|player|p2|vagmak|brawly|1711
|teamsize|p1|6
|teamsize|p2|6
|gen|8
|tier|[Gen 8] OU
|rated|
|rule|Sleep Clause Mod: Limit one foe put to sleep
|rule|Species Clause: Limit one of each Pokémon
|rule|OHKO Clause: OHKO moves are banned
|rule|Evasion Moves Clause: Evasion moves are banned
|rule|Endless Battle Clause: Forcing endless battles is banned
|rule|HP Percentage Mod: HP is shown in percentages
|rule|Dynamax Clause: You cannot dynamax
|clearpoke
|poke|p1|Tapu Fini|
|poke|p1|Magnezone|
|poke|p1|Tapu Lele|
|poke|p1|Kartana|
|poke|p1|Hawlucha, F|
|poke|p1|Landorus-Therian, M|
|poke|p2|Garchomp, M|
|poke|p2|Melmetal|
|poke|p2|Zapdos|
|poke|p2|Kartana|
|poke|p2|Mamoswine, F|
|poke|p2|Urshifu-*, M|
|teampreview
|
|t:|1644698905
|start
|switch|p1a: Tapu Lele|Tapu Lele, shiny|100/100
|switch|p2a: Urshifu|Urshifu-Rapid-Strike, M|100/100
|-fieldstart|move: Psychic Terrain|[from] ability: Psychic Surge|[of] p1a: Tapu Lele
|turn|1
|inactive|Battle timer is ON: inactive players will automatically lose when time's up. (requested by vagmak)
|
|t:|1644698912
|switch|p2a: Melmetal|Melmetal|100/100
|switch|p1a: Magnezone|Magnezone|100/100
|
|upkeep
|turn|2
|
|t:|1644698919
|move|p1a: Magnezone|Magnet Rise|p1a: Magnezone
|-start|p1a: Magnezone|Magnet Rise
|move|p2a: Melmetal|Earthquake|p1a: Magnezone
|-immune|p1a: Magnezone
|
|upkeep
|turn|3
|
|t:|1644698930
|move|p1a: Magnezone|Iron Defense|p1a: Magnezone
|-boost|p1a: Magnezone|def|2
|move|p2a: Melmetal|Double Iron Bash|p1a: Magnezone
|-resisted|p1a: Magnezone
|-damage|p1a: Magnezone|97/100
|-damage|p2a: Melmetal|84/100|[from] item: Rocky Helmet|[of] p1a: Magnezone
|-resisted|p1a: Magnezone
|-damage|p1a: Magnezone|93/100
|-damage|p2a: Melmetal|67/100|[from] item: Rocky Helmet|[of] p1a: Magnezone
|-hitcount|p1a: Magnezone|2
|
|upkeep
|turn|4
|
|t:|1644698939
|move|p1a: Magnezone|Body Press|p2a: Melmetal
|-supereffective|p2a: Melmetal
|-damage|p2a: Melmetal|3/100
|move|p2a: Melmetal|Double Iron Bash|p1a: Magnezone
|-resisted|p1a: Magnezone
|-damage|p1a: Magnezone|89/100
|-damage|p2a: Melmetal|0 fnt|[from] item: Rocky Helmet|[of] p1a: Magnezone
|faint|p2a: Melmetal
|-hitcount|p1a: Magnezone|1
|
|upkeep
|
|t:|1644698956
|switch|p2a: Zapdos|Zapdos|100/100
|turn|5
|
|t:|1644698982
|switch|p1a: Landorus|Landorus-Therian, M, shiny|100/100
|-ability|p1a: Landorus|Intimidate|boost
|-unboost|p2a: Zapdos|atk|1
|move|p2a: Zapdos|Heat Wave|p1a: Landorus
|-damage|p1a: Landorus|74/100
|
|-heal|p1a: Landorus|80/100|[from] item: Leftovers
|-fieldend|move: Psychic Terrain
|upkeep
|turn|6
|
|t:|1644698991
|move|p2a: Zapdos|Hurricane|p1a: Landorus
|-damage|p1a: Landorus|32/100
|-start|p1a: Landorus|confusion
|-activate|p1a: Landorus|confusion
|-damage|p1a: Landorus|19/100|[from] confusion
|
|-heal|p1a: Landorus|25/100|[from] item: Leftovers
|upkeep
|turn|7
|
|t:|1644699006
|switch|p1a: Tapu Lele|Tapu Lele, shiny|100/100
|-fieldstart|move: Psychic Terrain|[from] ability: Psychic Surge|[of] p1a: Tapu Lele
|move|p2a: Zapdos|Hurricane|p1a: Tapu Lele|[miss]
|-miss|p2a: Zapdos|p1a: Tapu Lele
|
|upkeep
|turn|8
|
|t:|1644699016
|move|p2a: Zapdos|Hurricane|p1a: Tapu Lele|[miss]
|-miss|p2a: Zapdos|p1a: Tapu Lele
|move|p1a: Tapu Lele|Psychic|p2a: Zapdos
|-damage|p2a: Zapdos|0 fnt
|faint|p2a: Zapdos
|
|upkeep
|
|t:|1644699024
|switch|p2a: Urshifu|Urshifu-Rapid-Strike, M|100/100
|turn|9
|
|t:|1644699028
|switch|p1a: Landorus|Landorus-Therian, M, shiny|25/100
|-ability|p1a: Landorus|Intimidate|boost
|-unboost|p2a: Urshifu|atk|1
|move|p2a: Urshifu|Surging Strikes|p1a: Landorus
|-supereffective|p1a: Landorus
|-crit|p1a: Landorus
|-damage|p1a: Landorus|0 fnt
|faint|p1a: Landorus
|-hitcount|p1: Landorus|1
|-damage|p2a: Urshifu|91/100|[from] item: Life Orb
|
|upkeep
|
|t:|1644699030
|switch|p1a: Tapu Fini|Tapu Fini|100/100
|-fieldstart|move: Misty Terrain|[from] ability: Misty Surge|[of] p1a: Tapu Fini
|turn|10
|j| fujlhiokl
|
|t:|1644699044
|move|p1a: Tapu Fini|Moonblast|p2a: Urshifu
|-supereffective|p2a: Urshifu
|-damage|p2a: Urshifu|0 fnt
|faint|p2a: Urshifu
|
|upkeep
|
|t:|1644699060
|switch|p2a: Kartana|Kartana|100/100
|turn|11
|
|t:|1644699064
|switch|p1a: Magnezone|Magnezone|89/100
|move|p2a: Kartana|Leaf Blade|p1a: Magnezone
|-resisted|p1a: Magnezone
|-damage|p1a: Magnezone|60/100
|-damage|p2a: Kartana|84/100|[from] item: Rocky Helmet|[of] p1a: Magnezone
|-damage|p2a: Kartana|74/100|[from] item: Life Orb
|
|upkeep
|turn|12
|
|t:|1644699072
|move|p2a: Kartana|Sacred Sword|p1a: Magnezone
|-supereffective|p1a: Magnezone
|-damage|p1a: Magnezone|0 fnt
|-damage|p2a: Kartana|57/100|[from] item: Rocky Helmet|[of] p1a: Magnezone
|faint|p1a: Magnezone
|-ability|p2a: Kartana|Beast Boost|boost
|-boost|p2a: Kartana|atk|1
|-damage|p2a: Kartana|47/100|[from] item: Life Orb
|
|upkeep
|
|t:|1644699075
|switch|p1a: uubl gaming|Hawlucha, F|100/100
|-enditem|p1a: uubl gaming|Misty Seed
|-boost|p1a: uubl gaming|spd|1|[from] item: Misty Seed
|turn|13
|j| taking dubs
|
|t:|1644699097
|move|p1a: uubl gaming|Substitute|p1a: uubl gaming
|-start|p1a: uubl gaming|Substitute
|-damage|p1a: uubl gaming|76/100
|move|p2a: Kartana|Leaf Blade|p1a: uubl gaming
|-resisted|p1a: uubl gaming
|-end|p1a: uubl gaming|Substitute
|-damage|p2a: Kartana|37/100|[from] item: Life Orb
|
|upkeep
|turn|14
|
|t:|1644699105
|move|p1a: uubl gaming|Acrobatics|p2a: Kartana
|-damage|p2a: Kartana|0 fnt
|faint|p2a: Kartana
|
|-fieldend|Misty Terrain
|upkeep
|j| idsufbgnisdjfg
|
|t:|1644699111
|switch|p2a: Mamoswine|Mamoswine, F|100/100
|turn|15
|
|t:|1644699114
|move|p1a: uubl gaming|Close Combat|p2a: Mamoswine
|-supereffective|p2a: Mamoswine
|-enditem|p2a: Mamoswine|Focus Sash
|-damage|p2a: Mamoswine|1/100
|-unboost|p1a: uubl gaming|def|1
|-unboost|p1a: uubl gaming|spd|1
|move|p2a: Mamoswine|Icicle Crash|p1a: uubl gaming
|-supereffective|p1a: uubl gaming
|-damage|p1a: uubl gaming|0 fnt
|faint|p1a: uubl gaming
|
|upkeep
|
|t:|1644699118
|switch|p1a: Kartana|Kartana|100/100
|turn|16
|
|t:|1644699128
|move|p2a: Mamoswine|Ice Shard|p1a: Kartana
|-damage|p1a: Kartana|75/100
|move|p1a: Kartana|Leaf Blade|p2a: Mamoswine
|-supereffective|p2a: Mamoswine
|-damage|p2a: Mamoswine|0 fnt
|faint|p2a: Mamoswine
|-ability|p1a: Kartana|Beast Boost|boost
|-boost|p1a: Kartana|atk|1
|
|upkeep
|
|t:|1644699137
|switch|p2a: Garchomp|Garchomp, M|100/100
|turn|17
|
|t:|1644699140
|move|p1a: Kartana|Leaf Blade|p2a: Garchomp
|-damage|p2a: Garchomp|8/100
|-damage|p1a: Kartana|63/100|[from] ability: Rough Skin|[of] p2a: Garchomp
|move|p2a: Garchomp|Fire Fang|p1a: Kartana
|-supereffective|p1a: Kartana
|-damage|p1a: Kartana|0 fnt
|faint|p1a: Kartana
|-damage|p2a: Garchomp|0 fnt|[from] item: Life Orb
|faint|p2a: Garchomp
|
|win|Levi41_
|raw|Levi41_'s rating: 1693 &rarr; <strong>1714</strong><br />(+21 for winning)
|raw|vagmak's rating: 1711 &rarr; <strong>1690</strong><br />(-21 for losing)
|c|☆Levi41_|1700
|l|☆vagmak
|c|☆Levi41_|lets gooo
|l| idsufbgnisdjfg
||Ladder isn't responding, score probably updated but might not have (Request timeout).
