|j|☆Acey 2B!
|j|☆rigmortus
|t:|1633540111
|gametype|singles
|player|p1|Acey 2B!|winona-gen6|1939
|player|p2|rigmortus|lucas|1926
|teamsize|p1|6
|teamsize|p2|6
|gen|8
|tier|[Gen 8] OU
|rated|
|rule|Sleep Clause Mod: Limit one foe put to sleep
|rule|Species Clause: Limit one of each Pokémon
|rule|OHKO Clause: OHKO moves are banned
|rule|Evasion Moves Clause: Evasion moves are banned
|rule|Endless Battle Clause: Forcing endless battles is banned
|rule|HP Percentage Mod: HP is shown in percentages
|rule|Dynamax Clause: You cannot dynamax
|clearpoke
|poke|p1|Dragapult, M|
|poke|p1|Gengar, M|
|poke|p1|Primarina, M|
|poke|p1|Hydreigon, M|
|poke|p1|Landorus-Therian, M|
|poke|p1|Ferrothorn, M|
|poke|p2|Skarmory, F|
|poke|p2|Rotom-Wash|
|poke|p2|Heatran, M|
|poke|p2|Landorus-Therian, M|
|poke|p2|Tapu Lele|
|poke|p2|Dragapult, M|
|teampreview
|inactive|Battle timer is ON: inactive players will automatically lose when time's up. (requested by rigmortus)
|
|t:|1633540123
|start
|switch|p1a: Primarina|Primarina, M|100/100
|switch|p2a: Tapu Lele|Tapu Lele|100/100
|-fieldstart|move: Psychic Terrain|[from] ability: Psychic Surge|[of] p2a: Tapu Lele
|turn|1
|
|t:|1633540138
|switch|p1a: Hydreigon|Hydreigon, M|100/100
|move|p2a: Tapu Lele|Psyshock|p1a: Hydreigon
|-immune|p1a: Hydreigon
|
|upkeep
|turn|2
|
|t:|1633540142
|move|p1a: Hydreigon|U-turn|p2a: Tapu Lele
|-damage|p2a: Tapu Lele|76/100
|
|t:|1633540145
|switch|p1a: Gengar|Gengar, M|100/100|[from]move: U-turn
|move|p2a: Tapu Lele|Moonblast|p1a: Gengar
|-resisted|p1a: Gengar
|-damage|p1a: Gengar|56/100
|-unboost|p1a: Gengar|spa|1
|-start|p2a: Tapu Lele|Disable|Moonblast|[from] ability: Cursed Body|[of] p1a: Gengar
|
|-heal|p1a: Gengar|62/100|[from] item: Black Sludge
|upkeep
|turn|3
|
|t:|1633540151
|switch|p1a: Hydreigon|Hydreigon, M|100/100
|switch|p2a: Heatran|Heatran, M|100/100
|
|upkeep
|turn|4
|
|t:|1633540154
|switch|p2a: Landorus|Landorus-Therian, M|100/100
|-ability|p2a: Landorus|Intimidate|boost
|-unboost|p1a: Hydreigon|atk|1
|move|p1a: Hydreigon|U-turn|p2a: Landorus
|-resisted|p2a: Landorus
|-damage|p2a: Landorus|96/100
|
|t:|1633540156
|switch|p1a: Primarina|Primarina, M|100/100|[from]move: U-turn
|
|-heal|p2a: Landorus|100/100|[from] item: Leftovers
|upkeep
|turn|5
|
|t:|1633540164
|switch|p2a: Rotom|Rotom-Wash|100/100
|move|p1a: Primarina|Moonblast|p2a: Rotom
|-damage|p2a: Rotom|11/100
|-unboost|p2a: Rotom|spa|1
|
|-fieldend|move: Psychic Terrain
|upkeep
|turn|6
|
|t:|1633540171
|move|p2a: Rotom|Volt Switch|p1a: Primarina
|-supereffective|p1a: Primarina
|-damage|p1a: Primarina|69/100
|
|t:|1633540174
|switch|p2a: Heatran|Heatran, M|100/100|[from]move: Volt Switch
|move|p1a: Primarina|Moonblast|p2a: Heatran
|-resisted|p2a: Heatran
|-damage|p2a: Heatran|89/100
|
|-heal|p2a: Heatran|96/100|[from] item: Leftovers
|upkeep
|turn|7
|
|t:|1633540178
|switch|p1a: Landorus|Landorus-Therian, M|100/100
|-ability|p1a: Landorus|Intimidate|boost
|-unboost|p2a: Heatran|atk|1
|move|p2a: Heatran|Stealth Rock|p1a: Landorus
|-sidestart|p1: Acey 2B!|move: Stealth Rock
|
|-heal|p2a: Heatran|100/100|[from] item: Leftovers
|upkeep
|turn|8
|
|t:|1633540180
|switch|p2a: Skarmory|Skarmory, F|100/100
|move|p1a: Landorus|Defog|p2a: Skarmory
|-unboost|p2a: Skarmory|evasion|1
|-sideend|p1: Acey 2B!|Stealth Rock|[from] move: Defog|[of] p1a: Landorus
|
|upkeep
|turn|9
|
|t:|1633540183
|move|p1a: Landorus|U-turn|p2a: Skarmory
|-resisted|p2a: Skarmory
|-damage|p2a: Skarmory|98/100
|-damage|p1a: Landorus|84/100|[from] item: Rocky Helmet|[of] p2a: Skarmory
|
|t:|1633540184
|switch|p1a: Gengar|Gengar, M|62/100|[from]move: U-turn
|move|p2a: Skarmory|Spikes|p1a: Gengar
|-sidestart|p1: Acey 2B!|Spikes
|
|-heal|p1a: Gengar|68/100|[from] item: Black Sludge
|upkeep
|turn|10
|
|t:|1633540188
|switch|p2a: Heatran|Heatran, M|100/100
|move|p1a: Gengar|Substitute|p1a: Gengar
|-start|p1a: Gengar|Substitute
|-damage|p1a: Gengar|43/100
|
|-heal|p1a: Gengar|49/100|[from] item: Black Sludge
|upkeep
|turn|11
|
|t:|1633540192
|move|p1a: Gengar|Nasty Plot|p1a: Gengar
|-boost|p1a: Gengar|spa|2
|move|p2a: Heatran|Earth Power|p1a: Gengar
|-supereffective|p1a: Gengar
|-end|p1a: Gengar|Substitute
|
|-heal|p1a: Gengar|55/100|[from] item: Black Sludge
|upkeep
|turn|12
|
|t:|1633540195
|move|p1a: Gengar|Shadow Ball|p2a: Heatran
|-damage|p2a: Heatran|49/100
|move|p2a: Heatran|Earth Power|p1a: Gengar
|-supereffective|p1a: Gengar
|-damage|p1a: Gengar|0 fnt
|faint|p1a: Gengar
|
|-heal|p2a: Heatran|55/100|[from] item: Leftovers
|upkeep
|
|t:|1633540199
|switch|p1a: Primarina|Primarina, M|69/100
|-damage|p1a: Primarina|56/100|[from] Spikes
|turn|13
|
|t:|1633540206
|switch|p2a: Rotom|Rotom-Wash|11/100
|move|p1a: Primarina|Hydro Pump|p2a: Rotom
|-resisted|p2a: Rotom
|-damage|p2a: Rotom|0 fnt
|faint|p2a: Rotom
|
|upkeep
|
|t:|1633540208
|switch|p2a: Tapu Lele|Tapu Lele|76/100
|-fieldstart|move: Psychic Terrain|[from] ability: Psychic Surge|[of] p2a: Tapu Lele
|turn|14
|
|t:|1633540214
|switch|p1a: Ferrothorn|Ferrothorn, M|100/100
|-damage|p1a: Ferrothorn|88/100|[from] Spikes
|move|p2a: Tapu Lele|Psyshock|p1a: Ferrothorn
|-resisted|p1a: Ferrothorn
|-damage|p1a: Ferrothorn|70/100
|
|upkeep
|turn|15
|
|t:|1633540217
|switch|p2a: Heatran|Heatran, M|55/100
|move|p1a: Ferrothorn|Power Whip|p2a: Heatran|[miss]
|-miss|p1a: Ferrothorn|p2a: Heatran
|
|-heal|p2a: Heatran|62/100|[from] item: Leftovers
|upkeep
|turn|16
|
|t:|1633540221
|switch|p1a: Landorus|Landorus-Therian, M|84/100
|-ability|p1a: Landorus|Intimidate|boost
|-unboost|p2a: Heatran|atk|1
|move|p2a: Heatran|Magma Storm|p1a: Landorus
|-damage|p1a: Landorus|49/100
|-activate|p1a: Landorus|move: Magma Storm|[of] p2a: Heatran
|
|-heal|p1a: Landorus|55/100|[from] item: Leftovers
|-heal|p2a: Heatran|68/100|[from] item: Leftovers
|-damage|p1a: Landorus|43/100|[from] move: Magma Storm|[partiallytrapped]
|upkeep
|turn|17
|
|t:|1633540228
|switch|p2a: Landorus|Landorus-Therian, M|100/100
|-ability|p2a: Landorus|Intimidate|boost
|-unboost|p1a: Landorus|atk|1
|move|p1a: Landorus|Earthquake|p2a: Landorus
|-immune|p2a: Landorus
|
|-heal|p1a: Landorus|49/100|[from] item: Leftovers
|-end|p1a: Landorus|Magma Storm|[partiallytrapped]|[silent]
|upkeep
|turn|18
|
|t:|1633540232
|move|p2a: Landorus|Knock Off|p1a: Landorus
|-damage|p1a: Landorus|19/100
|-enditem|p1a: Landorus|Leftovers|[from] move: Knock Off|[of] p2a: Landorus
|move|p1a: Landorus|Toxic|p2a: Landorus
|-status|p2a: Landorus|tox
|
|-damage|p2a: Landorus|94/100 tox|[from] psn
|-fieldend|move: Psychic Terrain
|upkeep
|turn|19
|
|t:|1633540236
|move|p2a: Landorus|Knock Off|p1a: Landorus
|-damage|p1a: Landorus|0 fnt
|faint|p1a: Landorus
|
|-heal|p2a: Landorus|100/100 tox|[from] item: Leftovers
|-damage|p2a: Landorus|88/100 tox|[from] psn
|upkeep
|
|t:|1633540241
|switch|p1a: Dragapult|Dragapult, M|100/100
|-damage|p1a: Dragapult|88/100|[from] Spikes
|turn|20
|j| yla
|
|t:|1633540245
|move|p1a: Dragapult|Draco Meteor|p2a: Landorus|[miss]
|-miss|p1a: Dragapult|p2a: Landorus
|move|p2a: Landorus|Knock Off|p1a: Dragapult
|-supereffective|p1a: Dragapult
|-crit|p1a: Dragapult
|-damage|p1a: Dragapult|0 fnt
|-enditem|p1a: Dragapult|Choice Specs|[from] move: Knock Off|[of] p2a: Landorus
|faint|p1a: Dragapult
|
|-heal|p2a: Landorus|94/100 tox|[from] item: Leftovers
|-damage|p2a: Landorus|76/100 tox|[from] psn
|upkeep
|
|t:|1633540248
|switch|p1a: Primarina|Primarina, M|56/100
|-damage|p1a: Primarina|44/100|[from] Spikes
|turn|21
|
|t:|1633540250
|switch|p1a: Hydreigon|Hydreigon, M|100/100
|move|p2a: Landorus|Earthquake|p1a: Hydreigon
|-immune|p1a: Hydreigon|[from] ability: Levitate
|
|-heal|p2a: Landorus|82/100 tox|[from] item: Leftovers
|-damage|p2a: Landorus|58/100 tox|[from] psn
|upkeep
|turn|22
|j| albertillus
|
|t:|1633540253
|move|p1a: Hydreigon|Draco Meteor|p2a: Landorus
|-damage|p2a: Landorus|12/100 tox
|-unboost|p1a: Hydreigon|spa|2
|move|p2a: Landorus|U-turn|p1a: Hydreigon
|-supereffective|p1a: Hydreigon
|-damage|p1a: Hydreigon|46/100
|
|t:|1633540257
|switch|p2a: Tapu Lele|Tapu Lele|76/100|[from]move: U-turn
|-fieldstart|move: Psychic Terrain|[from] ability: Psychic Surge|[of] p2a: Tapu Lele
|
|upkeep
|turn|23
|
|t:|1633540262
|switch|p1a: Ferrothorn|Ferrothorn, M|70/100
|-damage|p1a: Ferrothorn|58/100|[from] Spikes
|move|p2a: Tapu Lele|Psyshock|p1a: Ferrothorn
|-resisted|p1a: Ferrothorn
|-damage|p1a: Ferrothorn|40/100
|
|upkeep
|turn|24
|j| Frank Lopez
|
|t:|1633540266
|switch|p2a: Landorus|Landorus-Therian, M|12/100 tox
|-ability|p2a: Landorus|Intimidate|boost
|-unboost|p1a: Ferrothorn|atk|1
|move|p1a: Ferrothorn|Power Whip|p2a: Landorus|[miss]
|-miss|p1a: Ferrothorn|p2a: Landorus
|
|-heal|p2a: Landorus|18/100 tox|[from] item: Leftovers
|-damage|p2a: Landorus|12/100 tox|[from] psn
|upkeep
|turn|25
|
|t:|1633540270
|move|p2a: Landorus|Earthquake|p1a: Ferrothorn
|-damage|p1a: Ferrothorn|10/100
|move|p1a: Ferrothorn|Stealth Rock|p2a: Landorus
|-sidestart|p2: rigmortus|move: Stealth Rock
|
|-heal|p2a: Landorus|18/100 tox|[from] item: Leftovers
|-damage|p2a: Landorus|6/100 tox|[from] psn
|upkeep
|turn|26
|
|t:|1633540274
|move|p2a: Landorus|Earthquake|p1a: Ferrothorn
|-damage|p1a: Ferrothorn|0 fnt
|faint|p1a: Ferrothorn
|
|-heal|p2a: Landorus|12/100 tox|[from] item: Leftovers
|-damage|p2a: Landorus|0 fnt|[from] psn
|faint|p2a: Landorus
|-fieldend|move: Psychic Terrain
|upkeep
|j| NPC666
|
|t:|1633540281
|switch|p2a: Skarmory|Skarmory, F|98/100
|switch|p1a: Hydreigon|Hydreigon, M|46/100
|-damage|p2a: Skarmory|85/100|[from] Stealth Rock
|turn|27
|
|t:|1633540285
|move|p1a: Hydreigon|Dark Pulse|p2a: Skarmory
|-damage|p2a: Skarmory|33/100
|move|p2a: Skarmory|Body Press|p1a: Hydreigon
|-supereffective|p1a: Hydreigon
|-damage|p1a: Hydreigon|0 fnt
|faint|p1a: Hydreigon
|
|upkeep
|
|t:|1633540287
|switch|p1a: Primarina|Primarina, M|44/100
|-damage|p1a: Primarina|32/100|[from] Spikes
|turn|28
|
|t:|1633540288
|move|p1a: Primarina|Scald|p2a: Skarmory
|-damage|p2a: Skarmory|0 fnt
|faint|p2a: Skarmory
|
|upkeep
|
|t:|1633540290
|switch|p2a: Tapu Lele|Tapu Lele|76/100
|-damage|p2a: Tapu Lele|64/100|[from] Stealth Rock
|-fieldstart|move: Psychic Terrain|[from] ability: Psychic Surge|[of] p2a: Tapu Lele
|turn|29
|
|t:|1633540292
|move|p2a: Tapu Lele|Psyshock|p1a: Primarina
|-crit|p1a: Primarina
|-damage|p1a: Primarina|0 fnt
|faint|p1a: Primarina
|
|win|rigmortus
|raw|Acey 2B!'s rating: 1939 &rarr; <strong>1918</strong><br />(-21 for losing)
|raw|rigmortus's rating: 1926 &rarr; <strong>1947</strong><br />(+21 for winning)
|l|☆Acey 2B!
|l|☆rigmortus
||Ladder isn't responding, score probably updated but might not have (Request timeout).
