|html|<div class="broadcast-blue"><strong>[Gen 8] OU is currently suspecting Melmetal! For information on how to participate check out the <a href="https://www.smogon.com/forums/threads/np-ss-ou-suspect-process-round-12-monster-mash.3709234/">suspect thread</a>.</strong></div>
|j|☆ty-tyui↻
|j|‽minimax_ai
|t:|1665706095
|gametype|singles
|player|p1|ty-tyui↻|kamado|1662
|player|p2|minimax_ai|101|1665
|teamsize|p1|6
|teamsize|p2|6
|gen|8
|tier|[Gen 8] OU
|rated|
|rule|Sleep Clause Mod: Limit one foe put to sleep
|rule|Species Clause: Limit one of each Pokémon
|rule|OHKO Clause: OHKO moves are banned
|rule|Evasion Items Clause: Evasion items are banned
|rule|Evasion Moves Clause: Evasion moves are banned
|rule|Endless Battle Clause: Forcing endless battles is banned
|rule|HP Percentage Mod: HP is shown in percentages
|rule|Dynamax Clause: You cannot dynamax
|clearpoke
|poke|p1|Mienshao, M|
|poke|p1|Ninetales-Alola, F|
|poke|p1|Blacephalon|
|poke|p1|Landorus-Therian, M|
|poke|p1|Corviknight, M|
|poke|p1|Rotom-Wash|
|poke|p2|Rotom-Wash|
|poke|p2|Weavile, F|
|poke|p2|Landorus-Therian, M|
|poke|p2|Heatran, M|
|poke|p2|Tangrowth, F|
|poke|p2|Melmetal|
|teampreview
|inactive|Battle timer is ON: inactive players will automatically lose when time's up. (requested by minimax_ai)
|
|t:|1665706102
|start
|switch|p1a: Ninetales|Ninetales-Alola, F|100/100
|switch|p2a: Landorus|Landorus-Therian, M|100/100
|-weather|Hail|[from] ability: Snow Warning|[of] p1a: Ninetales
|-ability|p2a: Landorus|Intimidate|boost
|-unboost|p1a: Ninetales|atk|1
|turn|1
|
|t:|1665706108
|switch|p2a: Heatran|Heatran, M|100/100
|-item|p2a: Heatran|Air Balloon
|move|p1a: Ninetales|Blizzard|p2a: Heatran
|-resisted|p2a: Heatran
|-damage|p2a: Heatran|85/100
|-enditem|p2a: Heatran|Air Balloon
|
|-weather|Hail|[upkeep]
|-damage|p2a: Heatran|79/100|[from] Hail
|upkeep
|turn|2
|
|t:|1665706111
|switch|p1a: Rotom|Rotom-Wash|100/100
|move|p2a: Heatran|Stealth Rock|p1a: Rotom
|-sidestart|p1: ty-tyui↻|move: Stealth Rock
|
|-weather|Hail|[upkeep]
|-damage|p2a: Heatran|73/100|[from] Hail
|-damage|p1a: Rotom|94/100|[from] Hail
|-heal|p1a: Rotom|100/100|[from] item: Leftovers
|upkeep
|turn|3
|
|t:|1665706117
|switch|p2a: Rotom|Rotom-Wash|100/100
|move|p1a: Rotom|Volt Switch|p2a: Rotom
|-damage|p2a: Rotom|76/100
|
|t:|1665706125
|switch|p1a: Ninetales|Ninetales-Alola, F|100/100|[from]move: Volt Switch
|-damage|p1a: Ninetales|75/100|[from] Stealth Rock
|
|-weather|Hail|[upkeep]
|-damage|p2a: Rotom|70/100|[from] Hail
|-heal|p2a: Rotom|76/100|[from] item: Leftovers
|upkeep
|turn|4
|
|t:|1665706127
|switch|p2a: Melmetal|Melmetal|100/100
|move|p1a: Ninetales|Freeze-Dry|p2a: Melmetal
|-resisted|p2a: Melmetal
|-damage|p2a: Melmetal|90/100
|
|-weather|Hail|[upkeep]
|-damage|p2a: Melmetal|84/100|[from] Hail
|upkeep
|turn|5
|
|t:|1665706130
|switch|p1a: Corviknight|Corviknight, M|100/100
|-damage|p1a: Corviknight|88/100|[from] Stealth Rock
|-ability|p1a: Corviknight|Pressure
|move|p2a: Melmetal|Ice Punch|p1a: Corviknight
|-damage|p1a: Corviknight|64/100
|-damage|p2a: Melmetal|68/100|[from] item: Rocky Helmet|[of] p1a: Corviknight
|
|-weather|none
|upkeep
|turn|6
|
|t:|1665706136
|move|p1a: Corviknight|Defog|p2a: Melmetal
|-unboost|p2a: Melmetal|evasion|1
|-sideend|p1: ty-tyui↻|Stealth Rock|[from] move: Defog|[of] p1a: Corviknight
|move|p2a: Melmetal|Thunder Punch|p1a: Corviknight
|-supereffective|p1a: Corviknight
|-damage|p1a: Corviknight|16/100
|-damage|p2a: Melmetal|51/100|[from] item: Rocky Helmet|[of] p1a: Corviknight
|
|upkeep
|turn|7
|
|t:|1665706138
|move|p1a: Corviknight|Roost|p1a: Corviknight
|-heal|p1a: Corviknight|66/100
|-singleturn|p1a: Corviknight|move: Roost
|move|p2a: Melmetal|Thunder Punch|p1a: Corviknight
|-damage|p1a: Corviknight|42/100
|-status|p1a: Corviknight|par
|-damage|p2a: Melmetal|35/100|[from] item: Rocky Helmet|[of] p1a: Corviknight
|
|upkeep
|turn|8
|
|t:|1665706143
|switch|p2a: Rotom|Rotom-Wash|76/100
|cant|p1a: Corviknight|par
|
|-heal|p2a: Rotom|82/100|[from] item: Leftovers
|upkeep
|turn|9
|
|t:|1665706147
|switch|p1a: Landorus|Landorus-Therian, M|100/100
|-ability|p1a: Landorus|Intimidate|boost
|-unboost|p2a: Rotom|atk|1
|move|p2a: Rotom|Hydro Pump|p1a: Landorus
|-supereffective|p1a: Landorus
|-damage|p1a: Landorus|35/100
|
|-heal|p2a: Rotom|88/100|[from] item: Leftovers
|-heal|p1a: Landorus|41/100|[from] item: Leftovers
|upkeep
|turn|10
|
|t:|1665706151
|switch|p1a: Rotom|Rotom-Wash|100/100
|move|p2a: Rotom|Hydro Pump|p1a: Rotom
|-resisted|p1a: Rotom
|-damage|p1a: Rotom|84/100
|
|-heal|p2a: Rotom|95/100|[from] item: Leftovers
|-heal|p1a: Rotom|90/100|[from] item: Leftovers
|upkeep
|turn|11
|
|t:|1665706154
|move|p2a: Rotom|Hydro Pump|p1a: Rotom|[miss]
|-miss|p2a: Rotom|p1a: Rotom
|move|p1a: Rotom|Volt Switch|p2a: Rotom
|-damage|p2a: Rotom|70/100
|
|t:|1665706157
|switch|p1a: Mienshao|Mienshao, M, shiny|100/100|[from]move: Volt Switch
|
|-heal|p2a: Rotom|76/100|[from] item: Leftovers
|upkeep
|turn|12
|
|t:|1665706168
|switch|p2a: Tangrowth|Tangrowth, F|100/100
|move|p1a: Mienshao|Close Combat|p2a: Tangrowth
|-damage|p2a: Tangrowth|56/100
|-unboost|p1a: Mienshao|def|1
|-unboost|p1a: Mienshao|spd|1
|-damage|p1a: Mienshao|84/100|[from] item: Rocky Helmet|[of] p2a: Tangrowth
|-damage|p1a: Mienshao|74/100|[from] item: Life Orb
|
|upkeep
|turn|13
|
|t:|1665706187
|move|p1a: Mienshao|U-turn|p2a: Tangrowth
|-supereffective|p2a: Tangrowth
|-damage|p2a: Tangrowth|24/100
|-damage|p1a: Mienshao|57/100|[from] item: Rocky Helmet|[of] p2a: Tangrowth
|-damage|p1a: Mienshao|48/100|[from] item: Life Orb
|
|t:|1665706189
|switch|p1a: Corviknight|Corviknight, M|42/100 par|[from]move: U-turn
|-ability|p1a: Corviknight|Pressure
|move|p2a: Tangrowth|Giga Drain|p1a: Corviknight
|-resisted|p1a: Corviknight
|-damage|p1a: Corviknight|37/100 par
|-heal|p2a: Tangrowth|27/100|[from] drain|[of] p1a: Corviknight
|
|upkeep
|turn|14
|
|t:|1665706192
|move|p2a: Tangrowth|Focus Blast|p1a: Corviknight
|-damage|p1a: Corviknight|10/100 par
|move|p1a: Corviknight|Roost|p1a: Corviknight
|-heal|p1a: Corviknight|60/100 par
|-singleturn|p1a: Corviknight|move: Roost
|
|upkeep
|turn|15
|
|t:|1665706196
|move|p2a: Tangrowth|Focus Blast|p1a: Corviknight
|-crit|p1a: Corviknight
|-damage|p1a: Corviknight|26/100 par
|move|p1a: Corviknight|U-turn|p2a: Tangrowth
|-supereffective|p2a: Tangrowth
|-damage|p2a: Tangrowth|10/100
|-damage|p1a: Corviknight|10/100 par|[from] item: Rocky Helmet|[of] p2a: Tangrowth
|
|t:|1665706199
|switch|p1a: Blacephalon|Blacephalon, shiny|100/100|[from]move: U-turn
|
|upkeep
|turn|16
|
|t:|1665706202
|switch|p2a: Landorus|Landorus-Therian, M|100/100
|-ability|p2a: Landorus|Intimidate|boost
|-unboost|p1a: Blacephalon|atk|1
|move|p1a: Blacephalon|Shadow Ball|p2a: Landorus
|-damage|p2a: Landorus|63/100
|
|-heal|p2a: Landorus|70/100|[from] item: Leftovers
|upkeep
|turn|17
|
|t:|1665706206
|switch|p1a: Corviknight|Corviknight, M|10/100 par
|-ability|p1a: Corviknight|Pressure
|switch|p2a: Weavile|Weavile, F|100/100
|-ability|p2a: Weavile|Pressure
|
|upkeep
|turn|18
|
|t:|1665706209
|move|p2a: Weavile|Knock Off|p1a: Corviknight
|-damage|p1a: Corviknight|0 fnt
|-damage|p2a: Weavile|84/100|[from] item: Rocky Helmet|[of] p1a: Corviknight
|-enditem|p1a: Corviknight|Rocky Helmet|[from] move: Knock Off|[of] p2a: Weavile
|faint|p1a: Corviknight
|
|upkeep
|
|t:|1665706213
|switch|p1a: Blacephalon|Blacephalon, shiny|100/100
|turn|19
|
|t:|1665706217
|switch|p1a: Mienshao|Mienshao, M, shiny|81/100
|switch|p2a: Landorus|Landorus-Therian, M|70/100
|-ability|p2a: Landorus|Intimidate|boost
|-unboost|p1a: Mienshao|atk|1
|
|-heal|p2a: Landorus|76/100|[from] item: Leftovers
|upkeep
|turn|20
|
|t:|1665706220
|move|p1a: Mienshao|U-turn|p2a: Landorus
|-resisted|p2a: Landorus
|-damage|p2a: Landorus|66/100
|-damage|p1a: Mienshao|71/100|[from] item: Life Orb
|
|t:|1665706222
|switch|p1a: Landorus|Landorus-Therian, M|41/100|[from]move: U-turn
|-ability|p1a: Landorus|Intimidate|boost
|-unboost|p2a: Landorus|atk|1
|move|p2a: Landorus|U-turn|p1a: Landorus
|-resisted|p1a: Landorus
|-damage|p1a: Landorus|33/100
|
|t:|1665706222
|switch|p2a: Weavile|Weavile, F|84/100|[from]move: U-turn
|-ability|p2a: Weavile|Pressure
|
|-heal|p1a: Landorus|40/100|[from] item: Leftovers
|upkeep
|turn|21
|
|t:|1665706233
|move|p2a: Weavile|Knock Off|p1a: Landorus
|-damage|p1a: Landorus|0 fnt
|-enditem|p1a: Landorus|Leftovers|[from] move: Knock Off|[of] p2a: Weavile
|faint|p1a: Landorus
|
|upkeep
|
|t:|1665706238
|switch|p1a: Ninetales|Ninetales-Alola, F|75/100
|-weather|Hail|[from] ability: Snow Warning|[of] p1a: Ninetales
|turn|22
|
|t:|1665706241
|switch|p2a: Melmetal|Melmetal|35/100
|switch|p1a: Mienshao|Mienshao, M, shiny|100/100
|
|-weather|Hail|[upkeep]
|-damage|p1a: Mienshao|94/100|[from] Hail
|-damage|p2a: Melmetal|28/100|[from] Hail
|upkeep
|turn|23
|
|t:|1665706245
|move|p1a: Mienshao|Close Combat|p2a: Melmetal
|-supereffective|p2a: Melmetal
|-damage|p2a: Melmetal|0 fnt
|-unboost|p1a: Mienshao|def|1
|-unboost|p1a: Mienshao|spd|1
|faint|p2a: Melmetal
|-damage|p1a: Mienshao|84/100|[from] item: Life Orb
|
|-weather|Hail|[upkeep]
|-damage|p1a: Mienshao|78/100|[from] Hail
|upkeep
|
|t:|1665706245
|switch|p2a: Weavile|Weavile, F|84/100
|-ability|p2a: Weavile|Pressure
|turn|24
|
|t:|1665706250
|switch|p1a: Rotom|Rotom-Wash|90/100
|move|p2a: Weavile|Knock Off|p1a: Rotom
|-damage|p1a: Rotom|17/100
|-enditem|p1a: Rotom|Leftovers|[from] move: Knock Off|[of] p2a: Weavile
|
|-weather|Hail|[upkeep]
|-damage|p1a: Rotom|11/100|[from] Hail
|upkeep
|turn|25
|
|t:|1665706253
|move|p2a: Weavile|Knock Off|p1a: Rotom
|-damage|p1a: Rotom|0 fnt
|faint|p1a: Rotom
|
|-weather|Hail|[upkeep]
|upkeep
|
|t:|1665706261
|switch|p1a: Mienshao|Mienshao, M, shiny|100/100
|turn|26
|
|t:|1665706265
|switch|p2a: Landorus|Landorus-Therian, M|66/100
|-ability|p2a: Landorus|Intimidate|boost
|-unboost|p1a: Mienshao|atk|1
|move|p1a: Mienshao|Knock Off|p2a: Landorus
|-damage|p2a: Landorus|41/100
|-enditem|p2a: Landorus|Leftovers|[from] move: Knock Off|[of] p1a: Mienshao
|-damage|p1a: Mienshao|91/100|[from] item: Life Orb
|
|-weather|none
|upkeep
|turn|27
|
|t:|1665706272
|move|p1a: Mienshao|U-turn|p2a: Landorus
|-resisted|p2a: Landorus
|-damage|p2a: Landorus|30/100
|-damage|p1a: Mienshao|81/100|[from] item: Life Orb
|
|t:|1665706274
|switch|p1a: Ninetales|Ninetales-Alola, F|75/100|[from]move: U-turn
|-weather|Hail|[from] ability: Snow Warning|[of] p1a: Ninetales
|move|p2a: Landorus|Earthquake|p1a: Ninetales
|-damage|p1a: Ninetales|0 fnt
|faint|p1a: Ninetales
|
|-weather|Hail|[upkeep]
|-damage|p2a: Landorus|24/100|[from] Hail
|upkeep
|
|t:|1665706278
|switch|p1a: Blacephalon|Blacephalon, shiny|100/100
|turn|28
|j| Partynparadise
|
|t:|1665706288
|switch|p2a: Rotom|Rotom-Wash|76/100
|move|p1a: Blacephalon|Shadow Ball|p2a: Rotom
|-damage|p2a: Rotom|27/100
|
|-weather|Hail|[upkeep]
|-damage|p1a: Blacephalon|94/100|[from] Hail
|-damage|p2a: Rotom|21/100|[from] Hail
|-heal|p2a: Rotom|27/100|[from] item: Leftovers
|upkeep
|turn|29
|
|t:|1665706290
|switch|p2a: Weavile|Weavile, F|84/100
|-ability|p2a: Weavile|Pressure
|move|p1a: Blacephalon|Shadow Ball|p2a: Weavile
|-resisted|p2a: Weavile
|-damage|p2a: Weavile|54/100
|-unboost|p2a: Weavile|spd|1
|
|-weather|Hail|[upkeep]
|-damage|p1a: Blacephalon|88/100|[from] Hail
|upkeep
|turn|30
|
|t:|1665706294
|move|p1a: Blacephalon|Shadow Ball|p2a: Weavile
|-resisted|p2a: Weavile
|-damage|p2a: Weavile|4/100
|move|p2a: Weavile|Knock Off|p1a: Blacephalon
|-supereffective|p1a: Blacephalon
|-damage|p1a: Blacephalon|0 fnt
|-enditem|p1a: Blacephalon|Choice Scarf|[from] move: Knock Off|[of] p2a: Weavile
|faint|p1a: Blacephalon
|
|-weather|Hail|[upkeep]
|upkeep
|
|t:|1665706300
|switch|p1a: Mienshao|Mienshao, M, shiny|100/100
|turn|31
|
|t:|1665706305
|move|p2a: Weavile|Knock Off|p1a: Mienshao
|-resisted|p1a: Mienshao
|-damage|p1a: Mienshao|33/100
|-enditem|p1a: Mienshao|Life Orb|[from] move: Knock Off|[of] p2a: Weavile
|move|p1a: Mienshao|Knock Off|p2a: Weavile
|-resisted|p2a: Weavile
|-damage|p2a: Weavile|0 fnt
|-enditem|p2a: Weavile|Choice Band|[from] move: Knock Off|[of] p1a: Mienshao
|faint|p2a: Weavile
|
|-weather|none
|upkeep
|
|t:|1665706305
|switch|p2a: Landorus|Landorus-Therian, M|24/100
|-ability|p2a: Landorus|Intimidate|boost
|-unboost|p1a: Mienshao|atk|1
|turn|32
|
|t:|1665706307
|move|p1a: Mienshao|Knock Off|p2a: Landorus
|-damage|p2a: Landorus|11/100
|move|p2a: Landorus|Earthquake|p1a: Mienshao
|-damage|p1a: Mienshao|0 fnt
|faint|p1a: Mienshao
|
|win|minimax_ai
|raw|ty-tyui↻'s rating: 1662 &rarr; <strong>1642</strong><br />(-20 for losing)
|raw|minimax_ai's rating: 1665 &rarr; <strong>1685</strong><br />(+20 for winning)
