|j|☆Contorted Lies
|j|☆Triss merigold 14
|t:|1608691293
|player|p1|Contorted Lies|102|1753
|player|p2|Triss merigold 14|102|1704
|teamsize|p1|6
|teamsize|p2|6
|gametype|singles
|gen|8
|tier|[Gen 8] OU
|rated|
|clearpoke
|poke|p1|Urshifu-*, F|
|poke|p1|Slowking-Galar, F|
|poke|p1|Rillaboom, F|
|poke|p1|Garchomp, M|
|poke|p1|Clefable, M|
|poke|p1|Latios, M|
|poke|p2|Toxtricity, F|
|poke|p2|Garchomp, M|
|poke|p2|Rillaboom, F|
|poke|p2|Tornadus-Therian, M|
|poke|p2|Magearna|
|poke|p2|Heatran, M|
|rule|Sleep Clause Mod: Limit one foe put to sleep
|rule|Species Clause: Limit one of each Pokémon
|rule|OHKO Clause: OHKO moves are banned
|rule|Evasion Moves Clause: Evasion moves are banned
|rule|Endless Battle Clause: Forcing endless battles is banned
|rule|HP Percentage Mod: HP is shown in percentages
|rule|Dynamax Clause: You cannot dynamax
|teampreview
|j| Devon
|
|t:|1608691320
|start
|switch|p1a: Garchomp|Garchomp, M|100/100
|switch|p2a: Tornadus|Tornadus-Therian, M|100/100
|turn|1
|
|t:|1608691326
|move|p2a: Tornadus|Knock Off|p1a: Garchomp
|-damage|p1a: Garchomp|87/100
|-damage|p2a: Tornadus|88/100|[from] ability: Rough Skin|[of] p1a: Garchomp
|-damage|p2a: Tornadus|71/100|[from] item: Rocky Helmet|[of] p1a: Garchomp
|-enditem|p1a: Garchomp|Rocky Helmet|[from] move: Knock Off|[of] p2a: Tornadus
|move|p1a: Garchomp|Dragon Tail|p2a: Tornadus
|-damage|p2a: Tornadus|41/100
|drag|p2a: Toxtricity|Toxtricity, F|100/100
|
|upkeep
|turn|2
|
|t:|1608691338
|switch|p2a: Tornadus|Tornadus-Therian, M|74/100
|move|p1a: Garchomp|Earthquake|p2a: Tornadus
|-immune|p2a: Tornadus
|
|upkeep
|turn|3
|
|t:|1608691343
|move|p2a: Tornadus|Hurricane|p1a: Garchomp
|-damage|p1a: Garchomp|48/100
|move|p1a: Garchomp|Dragon Tail|p2a: Tornadus
|-damage|p2a: Tornadus|43/100
|drag|p2a: Heatran|Heatran, M|100/100
|
|upkeep
|turn|4
|inactive|Battle timer is ON: inactive players will automatically lose when time's up. (requested by Triss merigold 14)
|
|t:|1608691352
|switch|p2a: Tornadus|Tornadus-Therian, M|76/100
|move|p1a: Garchomp|Stealth Rock|p2a: Tornadus
|-sidestart|p2: Triss merigold 14|move: Stealth Rock
|
|upkeep
|turn|5
|
|t:|1608691356
|move|p2a: Tornadus|Defog|p1a: Garchomp
|-unboost|p1a: Garchomp|evasion|1
|-sideend|p2: Triss merigold 14|Stealth Rock|[from] move: Defog|[of] p2a: Tornadus
|move|p1a: Garchomp|Dragon Tail|p2a: Tornadus
|-damage|p2a: Tornadus|49/100
|drag|p2a: Rillaboom|Rillaboom, F|100/100
|-fieldstart|move: Grassy Terrain|[from] ability: Grassy Surge|[of] p2a: Rillaboom
|
|-heal|p1a: Garchomp|54/100|[from] Grassy Terrain
|upkeep
|turn|6
|
|t:|1608691365
|move|p2a: Rillaboom|Grassy Glide|p1a: Garchomp
|-damage|p1a: Garchomp|6/100
|-damage|p2a: Rillaboom|88/100|[from] ability: Rough Skin|[of] p1a: Garchomp
|move|p1a: Garchomp|Stealth Rock|p2a: Rillaboom
|-sidestart|p2: Triss merigold 14|move: Stealth Rock
|
|-heal|p2a: Rillaboom|94/100|[from] Grassy Terrain
|-heal|p1a: Garchomp|12/100|[from] Grassy Terrain
|upkeep
|turn|7
|
|t:|1608691374
|move|p2a: Rillaboom|Grassy Glide|p1a: Garchomp
|-damage|p1a: Garchomp|0 fnt
|-damage|p2a: Rillaboom|82/100|[from] ability: Rough Skin|[of] p1a: Garchomp
|faint|p1a: Garchomp
|
|-heal|p2a: Rillaboom|88/100|[from] Grassy Terrain
|upkeep
|
|t:|1608691381
|switch|p1a: Urshifu|Urshifu, F|100/100
|turn|8
|
|t:|1608691396
|switch|p2a: Magearna|Magearna|100/100
|-damage|p2a: Magearna|95/100|[from] Stealth Rock
|move|p1a: Urshifu|Wicked Blow|p2a: Magearna
|-resisted|p2a: Magearna
|-crit|p2a: Magearna
|-damage|p2a: Magearna|48/100
|
|-heal|p2a: Magearna|54/100|[from] Grassy Terrain
|upkeep
|turn|9
|
|t:|1608691416
|switch|p1a: Slowking|Slowking-Galar, F|100/100
|move|p2a: Magearna|Volt Switch|p1a: Slowking
|-damage|p1a: Slowking|81/100
|
|t:|1608691421
|switch|p2a: Tornadus|Tornadus-Therian, M|82/100|[from]move: Volt Switch
|
|-heal|p1a: Slowking|87/100|[from] Grassy Terrain
|-fieldend|move: Grassy Terrain
|upkeep
|turn|10
|
|t:|1608691427
|move|p2a: Tornadus|Knock Off|p1a: Slowking
|-supereffective|p1a: Slowking
|-damage|p1a: Slowking|46/100
|-enditem|p1a: Slowking|Assault Vest|[from] move: Knock Off|[of] p2a: Tornadus
|move|p1a: Slowking|Sludge Bomb|p2a: Tornadus
|-damage|p2a: Tornadus|36/100
|-status|p2a: Tornadus|psn
|
|-damage|p2a: Tornadus|23/100 psn|[from] psn
|upkeep
|turn|11
|j| mandada90
|
|t:|1608691436
|move|p2a: Tornadus|Defog|p1a: Slowking
|-unboost|p1a: Slowking|evasion|1
|-sideend|p2: Triss merigold 14|Stealth Rock|[from] move: Defog|[of] p2a: Tornadus
|move|p1a: Slowking|Psychic|p2a: Tornadus
|-damage|p2a: Tornadus|0 fnt
|faint|p2a: Tornadus
|
|upkeep
|
|t:|1608691453
|switch|p2a: Magearna|Magearna|54/100
|turn|12
|
|t:|1608691460
|move|p2a: Magearna|Flash Cannon|p1a: Slowking
|-damage|p1a: Slowking|0 fnt
|faint|p1a: Slowking
|-ability|p2a: Magearna|Soul-Heart|boost
|-boost|p2a: Magearna|spa|1
|
|upkeep
|
|t:|1608691464
|switch|p1a: Urshifu|Urshifu, F|100/100
|turn|13
|j| dfuze
|
|t:|1608691488
|move|p1a: Urshifu|Close Combat|p2a: Magearna
|-damage|p2a: Magearna|0 fnt
|-unboost|p1a: Urshifu|def|1
|-unboost|p1a: Urshifu|spd|1
|faint|p2a: Magearna
|
|upkeep
|
|t:|1608691495
|switch|p2a: Rillaboom|Rillaboom, F|88/100
|-fieldstart|move: Grassy Terrain|[from] ability: Grassy Surge|[of] p2a: Rillaboom
|turn|14
|
|t:|1608691499
|switch|p1a: Rillaboom|Rillaboom, F|100/100
|move|p2a: Rillaboom|U-turn|p1a: Rillaboom
|-supereffective|p1a: Rillaboom
|-damage|p1a: Rillaboom|21/100
|
|t:|1608691505
|switch|p2a: Heatran|Heatran, M|100/100|[from]move: U-turn
|
|-heal|p1a: Rillaboom|27/100|[from] item: Leftovers
|-heal|p1a: Rillaboom|34/100|[from] Grassy Terrain
|upkeep
|turn|15
|
|t:|1608691512
|move|p2a: Heatran|Eruption|p1a: Rillaboom
|-supereffective|p1a: Rillaboom
|-damage|p1a: Rillaboom|0 fnt
|faint|p1a: Rillaboom
|
|upkeep
|
|t:|1608691515
|switch|p1a: Latios|Latios, M|100/100
|turn|16
|
|t:|1608691520
|move|p1a: Latios|Psychic|p2a: Heatran
|-resisted|p2a: Heatran
|-damage|p2a: Heatran|78/100
|move|p2a: Heatran|Eruption|p1a: Latios
|-resisted|p1a: Latios
|-damage|p1a: Latios|67/100
|
|-heal|p2a: Heatran|84/100|[from] Grassy Terrain
|upkeep
|turn|17
|
|t:|1608691531
|move|p1a: Latios|Psychic|p2a: Heatran
|-resisted|p2a: Heatran
|-damage|p2a: Heatran|61/100
|move|p2a: Heatran|Eruption|p1a: Latios
|-resisted|p1a: Latios
|-damage|p1a: Latios|43/100
|
|-heal|p2a: Heatran|67/100|[from] Grassy Terrain
|upkeep
|turn|18
|
|t:|1608691541
|move|p1a: Latios|Psychic|p2a: Heatran
|-resisted|p2a: Heatran
|-damage|p2a: Heatran|45/100
|move|p2a: Heatran|Eruption|p1a: Latios
|-resisted|p1a: Latios
|-damage|p1a: Latios|25/100
|
|-heal|p2a: Heatran|51/100|[from] Grassy Terrain
|-fieldend|move: Grassy Terrain
|upkeep
|turn|19
|
|t:|1608691549
|switch|p2a: Rillaboom|Rillaboom, F|88/100
|-fieldstart|move: Grassy Terrain|[from] ability: Grassy Surge|[of] p2a: Rillaboom
|move|p1a: Latios|Psychic|p2a: Rillaboom
|-damage|p2a: Rillaboom|30/100
|
|-heal|p2a: Rillaboom|36/100|[from] Grassy Terrain
|upkeep
|turn|20
|
|t:|1608691558
|move|p2a: Rillaboom|Grassy Glide|p1a: Latios
|-resisted|p1a: Latios
|-damage|p1a: Latios|0 fnt
|faint|p1a: Latios
|
|-heal|p2a: Rillaboom|42/100|[from] Grassy Terrain
|upkeep
|
|t:|1608691559
|switch|p1a: Urshifu|Urshifu, F|100/100
|turn|21
|
|t:|1608691566
|move|p2a: Rillaboom|Grassy Glide|p1a: Urshifu
|-damage|p1a: Urshifu|26/100
|move|p1a: Urshifu|Wicked Blow|p2a: Rillaboom
|-crit|p2a: Rillaboom
|-damage|p2a: Rillaboom|0 fnt
|faint|p2a: Rillaboom
|
|-heal|p1a: Urshifu|32/100|[from] Grassy Terrain
|upkeep
|
|t:|1608691576
|switch|p2a: Heatran|Heatran, M|51/100
|turn|22
|
|t:|1608691585
|move|p2a: Heatran|Fire Blast|p1a: Urshifu
|-damage|p1a: Urshifu|0 fnt
|faint|p1a: Urshifu
|
|-heal|p2a: Heatran|57/100|[from] Grassy Terrain
|upkeep
|
|t:|1608691586
|switch|p1a: Clefable|Clefable, M|100/100
|turn|23
|
|t:|1608691595
|switch|p2a: Garchomp|Garchomp, M|100/100
|move|p1a: Clefable|Calm Mind|p1a: Clefable
|-boost|p1a: Clefable|spa|1
|-boost|p1a: Clefable|spd|1
|
|-fieldend|move: Grassy Terrain
|upkeep
|turn|24
|
|t:|1608691602
|move|p2a: Garchomp|Earthquake|p1a: Clefable
|-damage|p1a: Clefable|62/100
|move|p1a: Clefable|Moonblast|p2a: Garchomp
|-supereffective|p2a: Garchomp
|-damage|p2a: Garchomp|0 fnt
|faint|p2a: Garchomp
|
|-heal|p1a: Clefable|68/100|[from] item: Leftovers
|upkeep
|l| mandada90
|j| Vessev
|
|t:|1608691610
|switch|p2a: Heatran|Heatran, M|57/100
|turn|25
|
|t:|1608691613
|move|p2a: Heatran|Steel Beam|p1a: Clefable
|-supereffective|p1a: Clefable
|-damage|p1a: Clefable|0 fnt
|-damage|p2a: Heatran|7/100|[from] mindblown
|faint|p1a: Clefable
|
|win|Triss merigold 14
|l|☆Contorted Lies
|raw|Contorted Lies's rating: 1731 &rarr; <strong>1710</strong><br />(-21 for losing)
|raw|Triss merigold 14's rating: 1702 &rarr; <strong>1723</strong><br />(+21 for winning)
|l|☆Triss merigold 14
|l| Devon
|l| dfuze
