|j|☆RCRover
|j|☆Chikami
|t:|1652432186
|gametype|singles
|player|p1|RCRover|hilbert|1569
|player|p2|Chikami|nate|1539
|teamsize|p1|6
|teamsize|p2|6
|gen|8
|tier|[Gen 8] OU
|rated|
|rule|Sleep Clause Mod: Limit one foe put to sleep
|rule|Species Clause: Limit one of each Pokémon
|rule|OHKO Clause: OHKO moves are banned
|rule|Evasion Moves Clause: Evasion moves are banned
|rule|Endless Battle Clause: Forcing endless battles is banned
|rule|HP Percentage Mod: HP is shown in percentages
|rule|Dynamax Clause: You cannot dynamax
|clearpoke
|poke|p1|Ferrothorn, M|
|poke|p1|Landorus-Therian, M|
|poke|p1|Heatran, M|
|poke|p1|Tapu Fini|
|poke|p1|Dragapult, M|
|poke|p1|Tornadus-Therian, M|
|poke|p2|Garchomp, M|
|poke|p2|Magnezone|
|poke|p2|Blissey, F|
|poke|p2|Ferrothorn, M|
|poke|p2|Zapdos-Galar|
|poke|p2|Dragapult, M|
|teampreview
|inactive|Battle timer is ON: inactive players will automatically lose when time's up. (requested by RCRover)
|inactive|Chikami has 120 seconds left.
|
|t:|1652432244
|start
|switch|p1a: Tornadus|Tornadus-Therian, M|100/100
|switch|p2a: Dragapult|Dragapult, M|100/100
|turn|1
|
|t:|1652432257
|switch|p2a: Blissey|Blissey, F|100/100
|move|p1a: Tornadus|Knock Off|p2a: Blissey
|-damage|p2a: Blissey|83/100
|-enditem|p2a: Blissey|Heavy-Duty Boots|[from] move: Knock Off|[of] p1a: Tornadus
|
|upkeep
|turn|2
|
|t:|1652432271
|move|p1a: Tornadus|U-turn|p2a: Blissey
|-damage|p2a: Blissey|70/100
|
|t:|1652432274
|switch|p1a: Heatran|Heatran, M|100/100|[from]move: U-turn
|move|p2a: Blissey|Wish|p2a: Blissey
|
|upkeep
|turn|3
|
|t:|1652432284
|switch|p2a: Garchomp|Garchomp, M|100/100
|move|p1a: Heatran|Toxic|p2a: Garchomp
|-status|p2a: Garchomp|tox
|
|-damage|p2a: Garchomp|94/100 tox|[from] psn
|upkeep
|turn|4
|
|t:|1652432290
|switch|p1a: Landorus|Landorus-Therian, M|100/100
|-ability|p1a: Landorus|Intimidate|boost
|-unboost|p2a: Garchomp|atk|1
|move|p2a: Garchomp|Stealth Rock|p1a: Landorus
|-sidestart|p1: RCRover|move: Stealth Rock
|
|-damage|p2a: Garchomp|82/100 tox|[from] psn
|upkeep
|turn|5
|
|t:|1652432295
|move|p2a: Garchomp|Toxic|p1a: Landorus
|-status|p1a: Landorus|tox
|move|p1a: Landorus|Stealth Rock|p2a: Garchomp
|-sidestart|p2: Chikami|move: Stealth Rock
|
|-damage|p2a: Garchomp|63/100 tox|[from] psn
|-damage|p1a: Landorus|94/100 tox|[from] psn
|upkeep
|turn|6
|
|t:|1652432303
|switch|p2a: Ferrothorn|Ferrothorn, M|100/100
|-damage|p2a: Ferrothorn|94/100|[from] Stealth Rock
|move|p1a: Landorus|U-turn|p2a: Ferrothorn
|-damage|p2a: Ferrothorn|80/100
|-damage|p1a: Landorus|82/100 tox|[from] ability: Iron Barbs|[of] p2a: Ferrothorn
|
|t:|1652432306
|switch|p1a: Heatran|Heatran, M|100/100|[from]move: U-turn
|-damage|p1a: Heatran|88/100|[from] Stealth Rock
|
|-heal|p1a: Heatran|94/100|[from] item: Leftovers
|-heal|p2a: Ferrothorn|87/100|[from] item: Leftovers
|upkeep
|turn|7
|
|t:|1652432319
|switch|p2a: Garchomp|Garchomp, M|63/100 tox
|-damage|p2a: Garchomp|57/100 tox|[from] Stealth Rock
|move|p1a: Heatran|Magma Storm|p2a: Garchomp
|-resisted|p2a: Garchomp
|-damage|p2a: Garchomp|36/100 tox
|-activate|p2a: Garchomp|move: Magma Storm|[of] p1a: Heatran
|
|-heal|p1a: Heatran|100/100|[from] item: Leftovers
|-damage|p2a: Garchomp|30/100 tox|[from] psn
|-damage|p2a: Garchomp|17/100 tox|[from] move: Magma Storm|[partiallytrapped]
|upkeep
|turn|8
|
|t:|1652432326
|switch|p1a: Tornadus|Tornadus-Therian, M|100/100
|move|p2a: Garchomp|Earthquake|p1a: Tornadus
|-immune|p1a: Tornadus
|
|-damage|p2a: Garchomp|5/100 tox|[from] psn
|-end|p2a: Garchomp|Magma Storm|[partiallytrapped]|[silent]
|upkeep
|turn|9
|
|t:|1652432331
|switch|p2a: Blissey|Blissey, F|70/100
|-damage|p2a: Blissey|57/100|[from] Stealth Rock
|move|p1a: Tornadus|U-turn|p2a: Blissey
|-damage|p2a: Blissey|44/100
|
|t:|1652432338
|switch|p1a: Heatran|Heatran, M|100/100|[from]move: U-turn
|-damage|p1a: Heatran|88/100|[from] Stealth Rock
|
|-heal|p1a: Heatran|94/100|[from] item: Leftovers
|upkeep
|turn|10
|
|t:|1652432347
|switch|p2a: Garchomp|Garchomp, M|5/100 tox
|-damage|p2a: Garchomp|0 fnt|[from] Stealth Rock
|faint|p2a: Garchomp
|move|p1a: Heatran|Taunt|p2: Garchomp|[notarget]
|-fail|p1a: Heatran
|
|-heal|p1a: Heatran|100/100|[from] item: Leftovers
|upkeep
|
|t:|1652432349
|switch|p2a: Zapdos|Zapdos-Galar|100/100
|-damage|p2a: Zapdos|88/100|[from] Stealth Rock
|turn|11
|
|t:|1652432360
|move|p2a: Zapdos|Brave Bird|p1a: Heatran
|-resisted|p1a: Heatran
|-damage|p1a: Heatran|60/100
|-damage|p2a: Zapdos|72/100|[from] Recoil
|move|p1a: Heatran|Toxic|p2a: Zapdos
|-status|p2a: Zapdos|tox
|
|-heal|p1a: Heatran|66/100|[from] item: Leftovers
|-damage|p2a: Zapdos|66/100 tox|[from] psn
|upkeep
|turn|12
|
|t:|1652432371
|switch|p2a: Blissey|Blissey, F|44/100
|-damage|p2a: Blissey|32/100|[from] Stealth Rock
|switch|p1a: Ferrothorn|Ferrothorn, M|100/100
|-damage|p1a: Ferrothorn|94/100|[from] Stealth Rock
|
|-heal|p1a: Ferrothorn|100/100|[from] item: Leftovers
|upkeep
|turn|13
|
|t:|1652432376
|move|p2a: Blissey|Soft-Boiled|p2a: Blissey
|-heal|p2a: Blissey|82/100
|move|p1a: Ferrothorn|Leech Seed|p2a: Blissey
|-start|p2a: Blissey|move: Leech Seed
|
|-damage|p2a: Blissey|69/100|[from] Leech Seed|[of] p1a: Ferrothorn
|upkeep
|turn|14
|
|t:|1652432381
|switch|p1a: Heatran|Heatran, M|66/100
|-damage|p1a: Heatran|54/100|[from] Stealth Rock
|move|p2a: Blissey|Heal Bell|p2a: Blissey
|-activate|p2a: Blissey|move: Heal Bell
|-curestatus|p2: Zapdos|tox|[msg]
|
|-heal|p1a: Heatran|60/100|[from] item: Leftovers
|-damage|p2a: Blissey|57/100|[from] Leech Seed|[of] p1a: Heatran
|-heal|p1a: Heatran|83/100|[silent]
|upkeep
|turn|15
|
|t:|1652432409
|switch|p2a: Dragapult|Dragapult, M|100/100
|move|p1a: Heatran|Magma Storm|p2a: Dragapult
|-resisted|p2a: Dragapult
|-damage|p2a: Dragapult|69/100
|-activate|p2a: Dragapult|move: Magma Storm|[of] p1a: Heatran
|
|-heal|p1a: Heatran|90/100|[from] item: Leftovers
|-damage|p2a: Dragapult|56/100|[from] move: Magma Storm|[partiallytrapped]
|upkeep
|turn|16
|
|t:|1652432419
|switch|p2a: Zapdos|Zapdos-Galar|66/100
|-damage|p2a: Zapdos|53/100|[from] Stealth Rock
|move|p1a: Heatran|Earth Power|p2a: Zapdos
|-immune|p2a: Zapdos
|
|-heal|p1a: Heatran|96/100|[from] item: Leftovers
|upkeep
|turn|17
|
|t:|1652432428
|switch|p1a: Tornadus|Tornadus-Therian, M|100/100
|move|p2a: Zapdos|Close Combat|p1a: Tornadus
|-resisted|p1a: Tornadus
|-damage|p1a: Tornadus|46/100
|-unboost|p2a: Zapdos|def|1
|-unboost|p2a: Zapdos|spd|1
|
|upkeep
|turn|18
|
|t:|1652432436
|switch|p2a: Blissey|Blissey, F|57/100
|-damage|p2a: Blissey|44/100|[from] Stealth Rock
|move|p1a: Tornadus|U-turn|p2a: Blissey
|-damage|p2a: Blissey|32/100
|
|t:|1652432452
|switch|p1a: Heatran|Heatran, M|96/100|[from]move: U-turn
|-damage|p1a: Heatran|83/100|[from] Stealth Rock
|
|-heal|p1a: Heatran|90/100|[from] item: Leftovers
|upkeep
|turn|19
|
|t:|1652432460
|move|p1a: Heatran|Magma Storm|p2a: Blissey
|-damage|p2a: Blissey|16/100
|-activate|p2a: Blissey|move: Magma Storm|[of] p1a: Heatran
|move|p2a: Blissey|Soft-Boiled|p2a: Blissey
|-heal|p2a: Blissey|66/100
|
|-heal|p1a: Heatran|96/100|[from] item: Leftovers
|-damage|p2a: Blissey|54/100|[from] move: Magma Storm|[partiallytrapped]
|upkeep
|turn|20
|
|t:|1652432467
|move|p1a: Heatran|Taunt|p2a: Blissey
|-start|p2a: Blissey|move: Taunt
|move|p2a: Blissey|Seismic Toss|p1a: Heatran
|-damage|p1a: Heatran|70/100
|
|-heal|p1a: Heatran|76/100|[from] item: Leftovers
|-damage|p2a: Blissey|41/100|[from] move: Magma Storm|[partiallytrapped]
|upkeep
|turn|21
|
|t:|1652432471
|move|p1a: Heatran|Toxic|p2a: Blissey|[miss]
|-miss|p1a: Heatran|p2a: Blissey
|move|p2a: Blissey|Seismic Toss|p1a: Heatran
|-damage|p1a: Heatran|50/100
|
|-heal|p1a: Heatran|56/100|[from] item: Leftovers
|-damage|p2a: Blissey|29/100|[from] move: Magma Storm|[partiallytrapped]
|upkeep
|turn|22
|
|t:|1652432475
|move|p1a: Heatran|Earth Power|p2a: Blissey
|-damage|p2a: Blissey|19/100
|move|p2a: Blissey|Seismic Toss|p1a: Heatran
|-damage|p1a: Heatran|30/100
|
|-heal|p1a: Heatran|37/100|[from] item: Leftovers
|-damage|p2a: Blissey|6/100|[from] move: Magma Storm|[partiallytrapped]
|-end|p2a: Blissey|move: Taunt
|upkeep
|turn|23
|
|t:|1652432482
|move|p1a: Heatran|Earth Power|p2a: Blissey
|-damage|p2a: Blissey|0 fnt
|faint|p2a: Blissey
|
|-heal|p1a: Heatran|43/100|[from] item: Leftovers
|upkeep
|
|t:|1652432493
|switch|p2a: Magnezone|Magnezone|100/100
|-damage|p2a: Magnezone|94/100|[from] Stealth Rock
|turn|24
|
|t:|1652432496
|move|p2a: Magnezone|Thunderbolt|p1a: Heatran
|-damage|p1a: Heatran|0 fnt
|faint|p1a: Heatran
|
|upkeep
|
|t:|1652432498
|switch|p1a: Landorus|Landorus-Therian, M|82/100 tox
|-damage|p1a: Landorus|70/100 tox|[from] Stealth Rock
|-ability|p1a: Landorus|Intimidate|boost
|-unboost|p2a: Magnezone|atk|1
|turn|25
|
|t:|1652432506
|switch|p2a: Ferrothorn|Ferrothorn, M|87/100
|-damage|p2a: Ferrothorn|80/100|[from] Stealth Rock
|move|p1a: Landorus|U-turn|p2a: Ferrothorn
|-crit|p2a: Ferrothorn
|-damage|p2a: Ferrothorn|59/100
|-damage|p1a: Landorus|58/100 tox|[from] ability: Iron Barbs|[of] p2a: Ferrothorn
|
|t:|1652432510
|switch|p1a: Dragapult|Dragapult, M|100/100|[from]move: U-turn
|-damage|p1a: Dragapult|88/100|[from] Stealth Rock
|
|-heal|p2a: Ferrothorn|66/100|[from] item: Leftovers
|upkeep
|turn|26
|
|t:|1652432520
|move|p1a: Dragapult|Flamethrower|p2a: Ferrothorn
|-supereffective|p2a: Ferrothorn
|-damage|p2a: Ferrothorn|0 fnt
|faint|p2a: Ferrothorn
|
|upkeep
|
|t:|1652432531
|switch|p2a: Dragapult|Dragapult, M|56/100
|turn|27
|
|t:|1652432538
|switch|p1a: Tapu Fini|Tapu Fini|100/100
|-damage|p1a: Tapu Fini|88/100|[from] Stealth Rock
|-fieldstart|move: Misty Terrain|[from] ability: Misty Surge|[of] p1a: Tapu Fini
|move|p2a: Dragapult|Dragon Darts|p1a: Tapu Fini
|-immune|p1a: Tapu Fini
|
|-heal|p1a: Tapu Fini|94/100|[from] item: Leftovers
|upkeep
|turn|28
|
|t:|1652432549
|switch|p2a: Magnezone|Magnezone|94/100
|-damage|p2a: Magnezone|88/100|[from] Stealth Rock
|switch|p1a: Dragapult|Dragapult, M|88/100
|-damage|p1a: Dragapult|76/100|[from] Stealth Rock
|
|upkeep
|turn|29
|
|t:|1652432558
|switch|p2a: Zapdos|Zapdos-Galar|53/100
|-damage|p2a: Zapdos|41/100|[from] Stealth Rock
|move|p1a: Dragapult|Flamethrower|p2a: Zapdos
|-damage|p2a: Zapdos|0 fnt
|faint|p2a: Zapdos
|
|upkeep
|
|t:|1652432566
|switch|p2a: Dragapult|Dragapult, M|56/100
|turn|30
|
|t:|1652432570
|switch|p1a: Ferrothorn|Ferrothorn, M|100/100
|-damage|p1a: Ferrothorn|94/100|[from] Stealth Rock
|move|p2a: Dragapult|Dragon Dance|p2a: Dragapult
|-boost|p2a: Dragapult|atk|1
|-boost|p2a: Dragapult|spe|1
|
|-heal|p1a: Ferrothorn|100/100|[from] item: Leftovers
|upkeep
|turn|31
|
|t:|1652432575
|move|p2a: Dragapult|Fire Blast|p1a: Ferrothorn
|-supereffective|p1a: Ferrothorn
|-damage|p1a: Ferrothorn|27/100
|move|p1a: Ferrothorn|Knock Off|p2a: Dragapult
|-supereffective|p2a: Dragapult
|-damage|p2a: Dragapult|0 fnt
|-enditem|p2a: Dragapult|Heavy-Duty Boots|[from] move: Knock Off|[of] p1a: Ferrothorn
|faint|p2a: Dragapult
|
|-heal|p1a: Ferrothorn|33/100|[from] item: Leftovers
|-fieldend|Misty Terrain
|upkeep
|
|t:|1652432579
|switch|p2a: Magnezone|Magnezone|88/100
|-damage|p2a: Magnezone|82/100|[from] Stealth Rock
|turn|32
|
|t:|1652432584
|move|p2a: Magnezone|Flash Cannon|p1a: Ferrothorn
|-resisted|p1a: Ferrothorn
|-damage|p1a: Ferrothorn|4/100
|move|p1a: Ferrothorn|Leech Seed|p2a: Magnezone
|-start|p2a: Magnezone|move: Leech Seed
|
|-heal|p1a: Ferrothorn|10/100|[from] item: Leftovers
|-damage|p2a: Magnezone|70/100|[from] Leech Seed|[of] p1a: Ferrothorn
|-heal|p1a: Ferrothorn|20/100|[silent]
|upkeep
|turn|33
|
|t:|1652432587
|move|p2a: Magnezone|Flash Cannon|p1a: Ferrothorn
|-resisted|p1a: Ferrothorn
|-damage|p1a: Ferrothorn|0 fnt
|faint|p1a: Ferrothorn
|
|upkeep
|
|t:|1652432589
|switch|p1a: Dragapult|Dragapult, M|76/100
|-damage|p1a: Dragapult|64/100|[from] Stealth Rock
|turn|34
|
|t:|1652432591
|move|p1a: Dragapult|Flamethrower|p2a: Magnezone
|-supereffective|p2a: Magnezone
|-damage|p2a: Magnezone|0 fnt
|faint|p2a: Magnezone
|
|win|RCRover
|raw|RCRover's rating: 1569 &rarr; <strong>1587</strong><br />(+18 for winning)
|raw|Chikami's rating: 1539 &rarr; <strong>1521</strong><br />(-18 for losing)
|c|☆RCRover|gg
|l|☆Chikami
