|j|☆toon arctozolt
|j|☆MotherHorse
|t:|1663042739
|gametype|singles
|player|p1|toon arctozolt|pokemaniac|1438
|player|p2|MotherHorse|yellow|1463
|teamsize|p1|6
|teamsize|p2|6
|gen|8
|tier|[Gen 8] OU
|rated|
|rule|Sleep Clause Mod: Limit one foe put to sleep
|rule|Species Clause: Limit one of each Pokémon
|rule|OHKO Clause: OHKO moves are banned
|rule|Evasion Items Clause: Evasion items are banned
|rule|Evasion Moves Clause: Evasion moves are banned
|rule|Endless Battle Clause: Forcing endless battles is banned
|rule|HP Percentage Mod: HP is shown in percentages
|rule|Dynamax Clause: You cannot dynamax
|clearpoke
|poke|p1|Zapdos|
|poke|p1|Pelipper, M|
|poke|p1|Ferrothorn, M|
|poke|p1|Barraskewda, F|
|poke|p1|Urshifu-*, M|
|poke|p1|Seismitoad, F|
|poke|p2|Tornadus-Therian, M|
|poke|p2|Ferrothorn, M|
|poke|p2|Clefable, F|
|poke|p2|Garchomp, F|
|poke|p2|Weavile, F|
|poke|p2|Dragonite, M|
|teampreview
|inactive|Battle timer is ON: inactive players will automatically lose when time's up. (requested by toon arctozolt)
|
|t:|1663042751
|start
|switch|p1a: Pelipper|Pelipper, M|100/100
|switch|p2a: Torn|Tornadus-Therian, M|100/100
|-weather|RainDance|[from] ability: Drizzle|[of] p1a: Pelipper
|turn|1
|
|t:|1663042753
|move|p2a: Torn|Knock Off|p1a: Pelipper
|-damage|p1a: Pelipper|85/100
|-enditem|p1a: Pelipper|Damp Rock|[from] move: Knock Off|[of] p2a: Torn
|move|p1a: Pelipper|Scald|p2a: Torn
|-damage|p2a: Torn|65/100
|
|-weather|RainDance|[upkeep]
|upkeep
|turn|2
|
|t:|1663042760
|move|p2a: Torn|Hurricane|p1a: Pelipper
|-damage|p1a: Pelipper|27/100
|-start|p1a: Pelipper|confusion
|-activate|p1a: Pelipper|confusion
|move|p1a: Pelipper|U-turn|p2a: Torn
|-resisted|p2a: Torn
|-damage|p2a: Torn|60/100
|
|t:|1663042766
|switch|p1a: Barraskewda|Barraskewda, F|100/100|[from]move: U-turn
|
|-weather|RainDance|[upkeep]
|upkeep
|turn|3
|
|t:|1663042771
|switch|p2a: Nite|Dragonite, M|100/100
|move|p1a: Barraskewda|Flip Turn|p2a: Nite
|-resisted|p2a: Nite
|-damage|p2a: Nite|87/100
|
|t:|1663042778
|switch|p1a: Zapdos|Zapdos|100/100|[from]move: Flip Turn
|
|-weather|RainDance|[upkeep]
|upkeep
|turn|4
|
|t:|1663042796
|switch|p2a: Chomp|Garchomp, F|100/100
|move|p1a: Zapdos|Hurricane|p2a: Chomp
|-damage|p2a: Chomp|36/100
|
|-weather|RainDance|[upkeep]
|-heal|p2a: Chomp|43/100|[from] item: Leftovers
|upkeep
|turn|5
|
|t:|1663042802
|move|p2a: Chomp|Scale Shot|p1a: Zapdos
|-damage|p1a: Zapdos|84/100
|-damage|p1a: Zapdos|67/100
|-hitcount|p1a: Zapdos|2
|-unboost|p2a: Chomp|def|1
|-boost|p2a: Chomp|spe|1
|move|p1a: Zapdos|Hurricane|p2a: Chomp
|-damage|p2a: Chomp|0 fnt
|faint|p2a: Chomp
|
|-weather|RainDance|[upkeep]
|upkeep
|
|t:|1663042807
|switch|p2a: Asshole|Weavile, F|100/100
|-ability|p2a: Asshole|Pressure
|turn|6
|
|t:|1663042812
|switch|p1a: Urshifu|Urshifu-Rapid-Strike, M|100/100
|move|p2a: Asshole|Knock Off|p1a: Urshifu
|-resisted|p1a: Urshifu
|-damage|p1a: Urshifu|63/100
|-enditem|p1a: Urshifu|Choice Band|[from] move: Knock Off|[of] p2a: Asshole
|
|-weather|RainDance|[upkeep]
|upkeep
|turn|7
|
|t:|1663042817
|switch|p2a: Clef|Clefable, F|100/100
|move|p1a: Urshifu|U-turn|p2a: Clef
|-resisted|p2a: Clef
|-damage|p2a: Clef|90/100
|-damage|p1a: Urshifu|46/100|[from] item: Rocky Helmet|[of] p2a: Clef
|
|t:|1663042825
|switch|p1a: Ferrothorn|Ferrothorn, M|100/100|[from]move: U-turn
|
|-weather|RainDance|[upkeep]
|upkeep
|turn|8
|
|t:|1663042831
|move|p2a: Clef|Knock Off|p1a: Ferrothorn
|-damage|p1a: Ferrothorn|90/100
|-activate|p1a: Ferrothorn|ability: Iron Barbs
|-enditem|p1a: Ferrothorn|Leftovers|[from] move: Knock Off|[of] p2a: Clef
|move|p1a: Ferrothorn|Knock Off|p2a: Clef
|-resisted|p2a: Clef
|-damage|p2a: Clef|82/100
|-damage|p1a: Ferrothorn|74/100|[from] item: Rocky Helmet|[of] p2a: Clef
|-enditem|p2a: Clef|Rocky Helmet|[from] move: Knock Off|[of] p1a: Ferrothorn
|
|-weather|none
|upkeep
|turn|9
|
|t:|1663042835
|move|p2a: Clef|Moonblast|p1a: Ferrothorn
|-resisted|p1a: Ferrothorn
|-damage|p1a: Ferrothorn|63/100
|move|p1a: Ferrothorn|Gyro Ball|p2a: Clef
|-supereffective|p2a: Clef
|-damage|p2a: Clef|30/100
|
|upkeep
|turn|10
|
|t:|1663042838
|move|p2a: Clef|Soft-Boiled|p2a: Clef
|-heal|p2a: Clef|80/100
|move|p1a: Ferrothorn|Stealth Rock|p2a: Clef
|-sidestart|p2: MotherHorse|move: Stealth Rock
|
|upkeep
|turn|11
|
|t:|1663042843
|move|p2a: Clef|Thunder Wave|p1a: Ferrothorn
|-status|p1a: Ferrothorn|par
|move|p1a: Ferrothorn|Knock Off|p2a: Clef
|-resisted|p2a: Clef
|-damage|p2a: Clef|74/100
|
|upkeep
|turn|12
|
|t:|1663042847
|switch|p2a: Torn|Tornadus-Therian, M|94/100
|move|p1a: Ferrothorn|Gyro Ball|p2a: Torn
|-damage|p2a: Torn|39/100
|
|upkeep
|turn|13
|
|t:|1663042849
|move|p2a: Torn|Defog|p1a: Ferrothorn
|-unboost|p1a: Ferrothorn|evasion|1
|-sideend|p2: MotherHorse|Stealth Rock|[from] move: Defog|[of] p2a: Torn
|cant|p1a: Ferrothorn|par
|
|upkeep
|turn|14
|
|t:|1663042852
|move|p2a: Torn|Hurricane|p1a: Ferrothorn|[miss]
|-miss|p2a: Torn|p1a: Ferrothorn
|move|p1a: Ferrothorn|Stealth Rock|p2a: Torn
|-sidestart|p2: MotherHorse|move: Stealth Rock
|
|upkeep
|turn|15
|
|t:|1663042859
|move|p2a: Torn|Defog|p1a: Ferrothorn
|-unboost|p1a: Ferrothorn|evasion|1
|-sideend|p2: MotherHorse|Stealth Rock|[from] move: Defog|[of] p2a: Torn
|cant|p1a: Ferrothorn|par
|
|upkeep
|turn|16
|
|t:|1663042864
|move|p2a: Torn|Hurricane|p1a: Ferrothorn
|-damage|p1a: Ferrothorn|38/100 par
|move|p1a: Ferrothorn|Stealth Rock|p2a: Torn
|-sidestart|p2: MotherHorse|move: Stealth Rock
|
|upkeep
|turn|17
|
|t:|1663042868
|move|p2a: Torn|Defog|p1a: Ferrothorn
|-unboost|p1a: Ferrothorn|evasion|1
|-sideend|p2: MotherHorse|Stealth Rock|[from] move: Defog|[of] p2a: Torn
|move|p1a: Ferrothorn|Gyro Ball|p2a: Torn
|-damage|p2a: Torn|0 fnt
|faint|p2a: Torn
|
|upkeep
|
|t:|1663042876
|switch|p2a: Asshole|Weavile, F|100/100
|-ability|p2a: Asshole|Pressure
|turn|18
|
|t:|1663042882
|move|p2a: Asshole|Triple Axel|p1a: Ferrothorn
|-damage|p1a: Ferrothorn|26/100 par
|-damage|p2a: Asshole|88/100|[from] ability: Iron Barbs|[of] p1a: Ferrothorn
|-damage|p1a: Ferrothorn|3/100 par
|-damage|p2a: Asshole|76/100|[from] ability: Iron Barbs|[of] p1a: Ferrothorn
|-damage|p1a: Ferrothorn|0 fnt
|-damage|p2a: Asshole|63/100|[from] ability: Iron Barbs|[of] p1a: Ferrothorn
|faint|p1a: Ferrothorn
|-hitcount|p1: Ferrothorn|3
|
|upkeep
|
|t:|1663042906
|switch|p1a: Urshifu|Urshifu-Rapid-Strike, M|46/100
|turn|19
|
|t:|1663042913
|switch|p2a: Clef|Clefable, F|74/100
|move|p1a: Urshifu|U-turn|p2a: Clef
|-resisted|p2a: Clef
|-damage|p2a: Clef|64/100
|
|t:|1663042923
|switch|p1a: Pelipper|Pelipper, M|27/100|[from]move: U-turn
|-weather|RainDance|[from] ability: Drizzle|[of] p1a: Pelipper
|
|-weather|RainDance|[upkeep]
|upkeep
|turn|20
|
|t:|1663042928
|move|p1a: Pelipper|U-turn|p2a: Clef
|-resisted|p2a: Clef
|-damage|p2a: Clef|60/100
|
|t:|1663042931
|switch|p1a: Zapdos|Zapdos|67/100|[from]move: U-turn
|move|p2a: Clef|Soft-Boiled|p2a: Clef
|-heal|p2a: Clef|100/100
|
|-weather|RainDance|[upkeep]
|upkeep
|turn|21
|
|t:|1663042934
|move|p1a: Zapdos|Thunder|p2a: Clef
|-damage|p2a: Clef|46/100
|move|p2a: Clef|Moonblast|p1a: Zapdos
|-damage|p1a: Zapdos|29/100
|
|-weather|RainDance|[upkeep]
|upkeep
|turn|22
|
|t:|1663042942
|move|p1a: Zapdos|Hurricane|p2a: Clef
|-damage|p2a: Clef|0 fnt
|faint|p2a: Clef
|
|-weather|RainDance|[upkeep]
|upkeep
|
|t:|1663042951
|switch|p2a: Asshole|Weavile, F|63/100
|-ability|p2a: Asshole|Pressure
|turn|23
|
|t:|1663042953
|switch|p1a: Urshifu|Urshifu-Rapid-Strike, M|46/100
|move|p2a: Asshole|Triple Axel|p1a: Urshifu
|-resisted|p1a: Urshifu
|-damage|p1a: Urshifu|39/100
|-resisted|p1a: Urshifu
|-damage|p1a: Urshifu|24/100
|-resisted|p1a: Urshifu
|-damage|p1a: Urshifu|1/100
|-hitcount|p1a: Urshifu|3
|
|-weather|none
|upkeep
|turn|24
|
|t:|1663042972
|move|p1a: Urshifu|Aqua Jet|p2a: Asshole
|-damage|p2a: Asshole|20/100
|move|p2a: Asshole|Triple Axel|p1a: Urshifu|[miss]
|-miss|p2a: Asshole|p1a: Urshifu
|
|upkeep
|turn|25
|
|t:|1663042983
|switch|p2a: Nite|Dragonite, M|87/100
|move|p1a: Urshifu|Close Combat|p2a: Nite
|-resisted|p2a: Nite
|-damage|p2a: Nite|63/100
|-unboost|p1a: Urshifu|def|1
|-unboost|p1a: Urshifu|spd|1
|
|upkeep
|turn|26
|
|t:|1663042991
|move|p1a: Urshifu|U-turn|p2a: Nite
|-resisted|p2a: Nite
|-damage|p2a: Nite|54/100
|
|t:|1663042995
|switch|p1a: Pelipper|Pelipper, M|27/100|[from]move: U-turn
|-weather|RainDance|[from] ability: Drizzle|[of] p1a: Pelipper
|move|p2a: Nite|Roost|p2a: Nite
|-heal|p2a: Nite|100/100
|-singleturn|p2a: Nite|move: Roost
|
|-weather|RainDance|[upkeep]
|upkeep
|turn|27
|
|t:|1663043001
|move|p2a: Nite|Ice Beam|p1a: Pelipper
|-damage|p1a: Pelipper|0 fnt
|faint|p1a: Pelipper
|
|-weather|RainDance|[upkeep]
|upkeep
|
|t:|1663043004
|switch|p1a: Zapdos|Zapdos|29/100
|turn|28
|
|t:|1663043010
|switch|p2a: Ferro|Ferrothorn, M|100/100
|move|p1a: Zapdos|Thunder|p2a: Ferro
|-resisted|p2a: Ferro
|-damage|p2a: Ferro|74/100
|-status|p2a: Ferro|par
|
|-weather|RainDance|[upkeep]
|-heal|p2a: Ferro|80/100 par|[from] item: Leftovers
|upkeep
|turn|29
|
|t:|1663043017
|cant|p2a: Ferro|par
|move|p1a: Zapdos|Roost|p1a: Zapdos
|-heal|p1a: Zapdos|80/100
|-singleturn|p1a: Zapdos|move: Roost
|
|-weather|RainDance|[upkeep]
|-heal|p2a: Ferro|86/100 par|[from] item: Leftovers
|upkeep
|turn|30
|
|t:|1663043020
|move|p1a: Zapdos|Hurricane|p2a: Ferro
|-damage|p2a: Ferro|38/100 par
|move|p2a: Ferro|Leech Seed|p1a: Zapdos
|-start|p1a: Zapdos|move: Leech Seed
|
|-weather|none
|-heal|p2a: Ferro|44/100 par|[from] item: Leftovers
|-damage|p1a: Zapdos|67/100|[from] Leech Seed|[of] p2a: Ferro
|-heal|p2a: Ferro|55/100 par|[silent]
|upkeep
|turn|31
|
|t:|1663043030
|switch|p1a: Weatherman|Seismitoad, F, shiny|100/100
|move|p2a: Ferro|Protect||[still]
|-fail|p2a: Ferro
|
|-heal|p2a: Ferro|62/100 par|[from] item: Leftovers
|upkeep
|turn|32
|
|t:|1663043034
|cant|p2a: Ferro|par
|move|p1a: Weatherman|Focus Blast|p2a: Ferro
|-supereffective|p2a: Ferro
|-damage|p2a: Ferro|0 fnt
|faint|p2a: Ferro
|-damage|p1a: Weatherman|91/100|[from] item: Life Orb
|
|upkeep
|
|t:|1663043040
|switch|p2a: Nite|Dragonite, M|100/100
|turn|33
|
|t:|1663043048
|move|p1a: Weatherman|Weather Ball|p2a: Nite
|-damage|p2a: Nite|92/100
|-damage|p1a: Weatherman|81/100|[from] item: Life Orb
|move|p2a: Nite|Ice Beam|p1a: Weatherman
|-damage|p1a: Weatherman|53/100
|
|upkeep
|turn|34
|
|t:|1663043054
|move|p1a: Weatherman|Weather Ball|p2a: Nite
|-damage|p2a: Nite|76/100
|-damage|p1a: Weatherman|43/100|[from] item: Life Orb
|move|p2a: Nite|Roost|p2a: Nite
|-heal|p2a: Nite|100/100
|-singleturn|p2a: Nite|move: Roost
|
|upkeep
|turn|35
|
|t:|1663043058
|move|p1a: Weatherman|Weather Ball|p2a: Nite
|-damage|p2a: Nite|92/100
|-damage|p1a: Weatherman|33/100|[from] item: Life Orb
|move|p2a: Nite|Ice Beam|p1a: Weatherman
|-damage|p1a: Weatherman|5/100
|
|upkeep
|turn|36
|
|t:|1663043061
|switch|p1a: Zapdos|Zapdos|67/100
|move|p2a: Nite|Roost|p2a: Nite
|-heal|p2a: Nite|100/100
|-singleturn|p2a: Nite|move: Roost
|
|upkeep
|turn|37
|
|t:|1663043064
|move|p1a: Zapdos|Thunder|p2a: Nite
|-damage|p2a: Nite|74/100
|-status|p2a: Nite|par
|move|p2a: Nite|Ice Beam|p1a: Zapdos
|-supereffective|p1a: Zapdos
|-damage|p1a: Zapdos|22/100
|
|upkeep
|turn|38
|
|t:|1663043070
|move|p1a: Zapdos|Roost|p1a: Zapdos
|-heal|p1a: Zapdos|72/100
|-singleturn|p1a: Zapdos|move: Roost
|cant|p2a: Nite|par
|
|upkeep
|turn|39
|
|t:|1663043074
|move|p1a: Zapdos|Hurricane|p2a: Nite
|-damage|p2a: Nite|19/100 par
|move|p2a: Nite|Heal Bell|p2a: Nite
|-activate|p2a: Nite|move: Heal Bell
|-curestatus|p2a: Nite|par|[msg]
|
|upkeep
|turn|40
|
|t:|1663043080
|move|p1a: Zapdos|Thunder|p2a: Nite|[miss]
|-miss|p1a: Zapdos|p2a: Nite
|move|p2a: Nite|Roost|p2a: Nite
|-heal|p2a: Nite|69/100
|-singleturn|p2a: Nite|move: Roost
|
|upkeep
|turn|41
|
|t:|1663043082
|move|p1a: Zapdos|Thunder|p2a: Nite
|-damage|p2a: Nite|16/100
|move|p2a: Nite|Roost|p2a: Nite
|-heal|p2a: Nite|66/100
|-singleturn|p2a: Nite|move: Roost
|
|upkeep
|turn|42
|
|t:|1663043085
|move|p1a: Zapdos|Thunder|p2a: Nite
|-damage|p2a: Nite|16/100
|move|p2a: Nite|Roost|p2a: Nite
|-heal|p2a: Nite|66/100
|-singleturn|p2a: Nite|move: Roost
|
|upkeep
|turn|43
|
|t:|1663043089
|move|p1a: Zapdos|Thunder|p2a: Nite|[miss]
|-miss|p1a: Zapdos|p2a: Nite
|move|p2a: Nite|Roost|p2a: Nite
|-heal|p2a: Nite|100/100
|-singleturn|p2a: Nite|move: Roost
|
|upkeep
|turn|44
|
|t:|1663043092
|move|p1a: Zapdos|Thunder|p2a: Nite|[miss]
|-miss|p1a: Zapdos|p2a: Nite
|move|p2a: Nite|Ice Beam|p1a: Zapdos
|-supereffective|p1a: Zapdos
|-damage|p1a: Zapdos|21/100
|
|upkeep
|turn|45
|
|t:|1663043096
|move|p1a: Zapdos|Roost|p1a: Zapdos
|-heal|p1a: Zapdos|72/100
|-singleturn|p1a: Zapdos|move: Roost
|move|p2a: Nite|Earthquake|p1a: Zapdos
|-supereffective|p1a: Zapdos
|-damage|p1a: Zapdos|1/100
|
|upkeep
|turn|46
|
|t:|1663043105
|move|p1a: Zapdos|Roost|p1a: Zapdos
|-heal|p1a: Zapdos|51/100
|-singleturn|p1a: Zapdos|move: Roost
|move|p2a: Nite|Ice Beam|p1a: Zapdos
|-damage|p1a: Zapdos|28/100
|
|upkeep
|turn|47
|
|t:|1663043107
|move|p1a: Zapdos|Thunder|p2a: Nite
|-damage|p2a: Nite|74/100
|-status|p2a: Nite|par
|move|p2a: Nite|Earthquake|p1a: Zapdos
|-immune|p1a: Zapdos
|
|upkeep
|turn|48
|
|t:|1663043116
|move|p1a: Zapdos|Hurricane|p2a: Nite|[miss]
|-miss|p1a: Zapdos|p2a: Nite
|move|p2a: Nite|Heal Bell|p2a: Nite
|-activate|p2a: Nite|move: Heal Bell
|-curestatus|p2a: Nite|par|[msg]
|
|upkeep
|turn|49
|
|t:|1663043120
|move|p1a: Zapdos|Thunder|p2a: Nite
|-damage|p2a: Nite|19/100
|-status|p2a: Nite|par
|move|p2a: Nite|Roost|p2a: Nite
|-heal|p2a: Nite|69/100 par
|-singleturn|p2a: Nite|move: Roost
|
|upkeep
|turn|50
|
|t:|1663043123
|move|p1a: Zapdos|Hurricane|p2a: Nite|[miss]
|-miss|p1a: Zapdos|p2a: Nite
|cant|p2a: Nite|par
|
|upkeep
|turn|51
|
|t:|1663043126
|move|p1a: Zapdos|Hurricane|p2a: Nite
|-damage|p2a: Nite|17/100 par
|-start|p2a: Nite|confusion
|-activate|p2a: Nite|confusion
|cant|p2a: Nite|par
|
|upkeep
|turn|52
|
|t:|1663043129
|move|p1a: Zapdos|Hurricane|p2a: Nite
|-damage|p2a: Nite|0 fnt
|faint|p2a: Nite
|
|upkeep
|-message|MotherHorse forfeited.
|
|win|toon arctozolt
|raw|toon arctozolt's rating: 1438 &rarr; <strong>1459</strong><br />(+21 for winning)
|raw|MotherHorse's rating: 1463 &rarr; <strong>1442</strong><br />(-21 for losing)
|l|☆MotherHorse
||Ladder isn't responding, score probably updated but might not have (Request timeout).
