|html|<div class="broadcast-blue"><strong>[Gen 8] OU is currently suspecting Melmetal! For information on how to participate check out the <a href="https://www.smogon.com/forums/threads/np-ss-ou-suspect-process-round-12-monster-mash.3709234/">suspect thread</a>.</strong></div>
|j|☆samohi0
|j|☆PKMisNOTcomptitive
|t:|1665964396
|gametype|singles
|player|p1|samohi0|101|1606
|player|p2|PKMisNOTcomptitive|wattson|1655
|teamsize|p1|6
|teamsize|p2|6
|gen|8
|tier|[Gen 8] OU
|rated|
|rule|Sleep Clause Mod: Limit one foe put to sleep
|rule|Species Clause: Limit one of each Pokémon
|rule|OHKO Clause: OHKO moves are banned
|rule|Evasion Items Clause: Evasion items are banned
|rule|Evasion Moves Clause: Evasion moves are banned
|rule|Endless Battle Clause: Forcing endless battles is banned
|rule|HP Percentage Mod: HP is shown in percentages
|rule|Dynamax Clause: You cannot dynamax
|clearpoke
|poke|p1|Obstagoon, F|
|poke|p1|Landorus-Therian, M|
|poke|p1|Ferrothorn, F|
|poke|p1|Zapdos|
|poke|p1|Slowking, F|
|poke|p1|Mienshao, M|
|poke|p2|Gengar, M|
|poke|p2|Tyranitar, M|
|poke|p2|Steelix, M|
|poke|p2|Venusaur, M|
|poke|p2|Blastoise, F|
|poke|p2|Ninetales, M|
|teampreview
|inactive|Battle timer is ON: inactive players will automatically lose when time's up. (requested by PKMisNOTcomptitive)
|
|t:|1665964401
|start
|switch|p1a: Obstagoon|Obstagoon, F|100/100
|switch|p2a: Gengar|Gengar, M|100/100
|turn|1
|
|t:|1665964405
|move|p2a: Gengar|Focus Blast|p1a: Obstagoon|[miss]
|-miss|p2a: Gengar|p1a: Obstagoon
|move|p1a: Obstagoon|Knock Off|p2a: Gengar
|-supereffective|p2a: Gengar
|-enditem|p2a: Gengar|Focus Sash
|-damage|p2a: Gengar|1/100
|
|-status|p1a: Obstagoon|brn|[from] item: Flame Orb
|upkeep
|turn|2
|
|t:|1665964409
|switch|p1a: Slowking|Slowking, F|100/100
|move|p2a: Gengar|Hypnosis|p1a: Slowking
|-status|p1a: Slowking|slp|[from] move: Hypnosis
|
|upkeep
|turn|3
|
|t:|1665964413
|move|p2a: Gengar|Nasty Plot|p2a: Gengar
|-boost|p2a: Gengar|spa|2
|cant|p1a: Slowking|slp
|
|upkeep
|turn|4
|
|t:|1665964417
|switch|p1a: Landorus|Landorus-Therian, M|100/100
|-ability|p1a: Landorus|Intimidate|boost
|-unboost|p2a: Gengar|atk|1
|move|p2a: Gengar|Shadow Ball|p1a: Landorus
|-damage|p1a: Landorus|34/100
|-unboost|p1a: Landorus|spd|1
|
|-heal|p1a: Landorus|40/100|[from] item: Leftovers
|upkeep
|turn|5
|
|t:|1665964420
|move|p2a: Gengar|Shadow Ball|p1a: Landorus
|-damage|p1a: Landorus|0 fnt
|faint|p1a: Landorus
|
|upkeep
|
|t:|1665964424
|switch|p1a: Zapdos|Zapdos|100/100
|turn|6
|
|t:|1665964426
|move|p2a: Gengar|Shadow Ball|p1a: Zapdos
|-damage|p1a: Zapdos|26/100
|move|p1a: Zapdos|Volt Switch|p2a: Gengar
|-damage|p2a: Gengar|0 fnt
|faint|p2a: Gengar
|
|t:|1665964430
|switch|p1a: Mienshao|Mienshao, M|100/100|[from]move: Volt Switch
|
|upkeep
|
|t:|1665964440
|switch|p2a: Ninetales|Ninetales, M|100/100
|-weather|SunnyDay|[from] ability: Drought|[of] p2a: Ninetales
|turn|7
|
|t:|1665964466
|move|p1a: Mienshao|Fake Out|p2a: Ninetales
|-damage|p2a: Ninetales|72/100
|-damage|p1a: Mienshao|91/100|[from] item: Life Orb
|cant|p2a: Ninetales|flinch
|
|-weather|SunnyDay|[upkeep]
|upkeep
|turn|8
|
|t:|1665964468
|move|p1a: Mienshao|U-turn|p2a: Ninetales
|-resisted|p2a: Ninetales
|-damage|p2a: Ninetales|49/100
|-damage|p1a: Mienshao|81/100|[from] item: Life Orb
|
|t:|1665964471
|switch|p1a: Slowking|Slowking, F|100/100 slp|[from]move: U-turn
|move|p2a: Ninetales|Flamethrower|p1a: Slowking
|-resisted|p1a: Slowking
|-damage|p1a: Slowking|85/100 slp
|
|-weather|SunnyDay|[upkeep]
|upkeep
|turn|9
|
|t:|1665964474
|move|p2a: Ninetales|Nasty Plot|p2a: Ninetales
|-boost|p2a: Ninetales|spa|2
|cant|p1a: Slowking|slp
|
|-weather|SunnyDay|[upkeep]
|upkeep
|turn|10
|
|t:|1665964476
|move|p2a: Ninetales|Solar Beam||[still]
|-prepare|p2a: Ninetales|Solar Beam
|-anim|p2a: Ninetales|Solar Beam|p1a: Slowking
|-supereffective|p1a: Slowking
|-damage|p1a: Slowking|5/100 slp
|-curestatus|p1a: Slowking|slp|[msg]
|move|p1a: Slowking|Scald|p2a: Ninetales
|-supereffective|p2a: Ninetales
|-damage|p2a: Ninetales|16/100
|
|-weather|SunnyDay|[upkeep]
|upkeep
|turn|11
|
|t:|1665964483
|move|p2a: Ninetales|Flamethrower|p1a: Slowking
|-resisted|p1a: Slowking
|-damage|p1a: Slowking|0 fnt
|faint|p1a: Slowking
|
|-weather|SunnyDay|[upkeep]
|upkeep
|
|t:|1665964486
|switch|p1a: Mienshao|Mienshao, M|100/100
|turn|12
|
|t:|1665964492
|switch|p2a: Tyranitar|Tyranitar, M|100/100
|-weather|Sandstorm|[from] ability: Sand Stream|[of] p2a: Tyranitar
|move|p1a: Mienshao|Fake Out|p2a: Tyranitar
|-resisted|p2a: Tyranitar
|-damage|p2a: Tyranitar|94/100
|-damage|p1a: Mienshao|91/100|[from] item: Life Orb
|
|-weather|Sandstorm|[upkeep]
|-damage|p1a: Mienshao|85/100|[from] Sandstorm
|-heal|p2a: Tyranitar|99/100|[from] item: Leftovers
|upkeep
|turn|13
|
|t:|1665964498
|switch|p2a: Ninetales|Ninetales, M|16/100
|-weather|SunnyDay|[from] ability: Drought|[of] p2a: Ninetales
|move|p1a: Mienshao|Close Combat|p2a: Ninetales
|-damage|p2a: Ninetales|0 fnt
|-unboost|p1a: Mienshao|def|1
|-unboost|p1a: Mienshao|spd|1
|faint|p2a: Ninetales
|-damage|p1a: Mienshao|75/100|[from] item: Life Orb
|
|-weather|SunnyDay|[upkeep]
|upkeep
|
|t:|1665964500
|switch|p2a: Venusaur|Venusaur, M|100/100
|turn|14
|
|t:|1665964504
|switch|p1a: Zapdos|Zapdos|26/100
|move|p2a: Venusaur|Growth|p2a: Venusaur
|-boost|p2a: Venusaur|atk|2
|-boost|p2a: Venusaur|spa|2
|
|-weather|SunnyDay|[upkeep]
|upkeep
|turn|15
|
|t:|1665964507
|move|p2a: Venusaur|Weather Ball|p1a: Zapdos
|-damage|p1a: Zapdos|0 fnt
|faint|p1a: Zapdos
|-damage|p2a: Venusaur|91/100|[from] item: Life Orb
|
|-weather|SunnyDay|[upkeep]
|upkeep
|
|t:|1665964510
|switch|p1a: Mienshao|Mienshao, M|100/100
|turn|16
|
|t:|1665964513
|move|p1a: Mienshao|Fake Out|p2a: Venusaur
|-damage|p2a: Venusaur|67/100
|-damage|p1a: Mienshao|91/100|[from] item: Life Orb
|cant|p2a: Venusaur|flinch
|
|-weather|SunnyDay|[upkeep]
|upkeep
|turn|17
|
|t:|1665964519
|switch|p1a: Ferrothorn|Ferrothorn, F|100/100
|move|p2a: Venusaur|Weather Ball|p1a: Ferrothorn
|-supereffective|p1a: Ferrothorn
|-crit|p1a: Ferrothorn
|-damage|p1a: Ferrothorn|0 fnt
|faint|p1a: Ferrothorn
|-damage|p2a: Venusaur|57/100|[from] item: Life Orb
|
|-weather|SunnyDay|[upkeep]
|upkeep
|
|t:|1665964520
|switch|p1a: Mienshao|Mienshao, M|100/100
|turn|18
|
|t:|1665964523
|move|p1a: Mienshao|Fake Out|p2a: Venusaur
|-damage|p2a: Venusaur|32/100
|-damage|p1a: Mienshao|91/100|[from] item: Life Orb
|cant|p2a: Venusaur|flinch
|
|-weather|SunnyDay|[upkeep]
|upkeep
|turn|19
|
|t:|1665964526
|switch|p1a: Obstagoon|Obstagoon, F|100/100 brn
|move|p2a: Venusaur|Weather Ball|p1a: Obstagoon
|-damage|p1a: Obstagoon|0 fnt
|faint|p1a: Obstagoon
|-damage|p2a: Venusaur|22/100|[from] item: Life Orb
|
|-weather|SunnyDay|[upkeep]
|upkeep
|
|t:|1665964527
|switch|p1a: Mienshao|Mienshao, M|100/100
|turn|20
|
|t:|1665964530
|move|p1a: Mienshao|Fake Out|p2a: Venusaur
|-damage|p2a: Venusaur|0 fnt
|faint|p2a: Venusaur
|-damage|p1a: Mienshao|91/100|[from] item: Life Orb
|
|-weather|none
|upkeep
|
|t:|1665964536
|switch|p2a: Tyranitar|Tyranitar, M|99/100
|-weather|Sandstorm|[from] ability: Sand Stream|[of] p2a: Tyranitar
|turn|21
|
|t:|1665964540
|move|p1a: Mienshao|Close Combat|p2a: Tyranitar
|-supereffective|p2a: Tyranitar
|-damage|p2a: Tyranitar|0 fnt
|-unboost|p1a: Mienshao|def|1
|-unboost|p1a: Mienshao|spd|1
|faint|p2a: Tyranitar
|-damage|p1a: Mienshao|81/100|[from] item: Life Orb
|
|-weather|Sandstorm|[upkeep]
|-damage|p1a: Mienshao|75/100|[from] Sandstorm
|upkeep
|
|t:|1665964544
|switch|p2a: Steelix|Steelix, M|100/100
|turn|22
|
|t:|1665964546
|move|p1a: Mienshao|Close Combat|p2a: Steelix
|-supereffective|p2a: Steelix
|-damage|p2a: Steelix|19/100
|-unboost|p1a: Mienshao|def|1
|-unboost|p1a: Mienshao|spd|1
|-damage|p1a: Mienshao|65/100|[from] item: Life Orb
|move|p2a: Steelix|Gyro Ball|p1a: Mienshao
|-damage|p1a: Mienshao|0 fnt
|faint|p1a: Mienshao
|
|win|PKMisNOTcomptitive
|raw|samohi0's rating: 1606 &rarr; <strong>1589</strong><br />(-17 for losing)
|raw|PKMisNOTcomptitive's rating: 1655 &rarr; <strong>1672</strong><br />(+17 for winning)
|l|☆samohi0
||Ladder isn't responding, score probably updated but might not have (Request timeout).
