|j|☆Wheezer
|j|☆chemiuzs
|t:|1660279838
|gametype|singles
|player|p1|Wheezer|petrel|1472
|player|p2|chemiuzs|n|1409
|teamsize|p1|6
|teamsize|p2|6
|gen|8
|tier|[Gen 8] OU
|rated|
|rule|Sleep Clause Mod: Limit one foe put to sleep
|rule|Species Clause: Limit one of each Pokémon
|rule|OHKO Clause: OHKO moves are banned
|rule|Evasion Items Clause: Evasion items are banned
|rule|Evasion Moves Clause: Evasion moves are banned
|rule|Endless Battle Clause: Forcing endless battles is banned
|rule|HP Percentage Mod: HP is shown in percentages
|rule|Dynamax Clause: You cannot dynamax
|clearpoke
|poke|p1|Garchomp, M|
|poke|p1|Toxapex, F|
|poke|p1|Persian-Alola, F|
|poke|p1|Landorus-Therian, M|
|poke|p1|Suicune|
|poke|p1|Blaziken, M|
|poke|p2|Shuckle, F|
|poke|p2|Togekiss, F|
|poke|p2|Dragapult, F|
|poke|p2|Volcanion|
|poke|p2|Zeraora|
|poke|p2|Zapdos-Galar|
|teampreview
|inactive|Battle timer is ON: inactive players will automatically lose when time's up. (requested by chemiuzs)
|
|t:|1660279865
|start
|switch|p1a: Persian|Persian-Alola, F|100/100
|switch|p2a: Shuckle|Shuckle, F|100/100
|turn|1
|
|t:|1660279871
|move|p1a: Persian|Switcheroo|p2a: Shuckle
|-activate|p1a: Persian|move: Trick|[of] p2a: Shuckle
|-item|p2a: Shuckle|Choice Scarf|[from] move: Switcheroo
|-item|p1a: Persian|Red Card|[from] move: Switcheroo
|move|p2a: Shuckle|Sticky Web|p1a: Persian
|-sidestart|p1: Wheezer|move: Sticky Web
|
|upkeep
|turn|2
|
|t:|1660279893
|switch|p2a: Zapdos|Zapdos-Galar|100/100
|move|p1a: Persian|Toxic|p2a: Zapdos
|-status|p2a: Zapdos|tox
|
|-damage|p2a: Zapdos|94/100 tox|[from] psn
|upkeep
|turn|3
|
|t:|1660279898
|switch|p1a: Landorus|Landorus-Therian, M|100/100
|-ability|p1a: Landorus|Intimidate|boost
|-unboost|p2a: Zapdos|atk|1
|-ability|p2a: Zapdos|Defiant
|-boost|p2a: Zapdos|atk|2
|move|p2a: Zapdos|U-turn|p1a: Landorus
|-resisted|p1a: Landorus
|-damage|p1a: Landorus|84/100
|
|t:|1660279907
|switch|p2a: Volcanion|Volcanion|100/100|[from]move: U-turn
|
|-heal|p1a: Landorus|90/100|[from] item: Leftovers
|upkeep
|turn|4
|
|t:|1660279918
|switch|p1a: Suicune|Suicune|100/100
|-activate|p1a: Suicune|move: Sticky Web
|-unboost|p1a: Suicune|spe|1
|-ability|p1a: Suicune|Pressure
|move|p2a: Volcanion|Steam Eruption|p1a: Suicune
|-resisted|p1a: Suicune
|-damage|p1a: Suicune|65/100
|-status|p1a: Suicune|brn
|
|-heal|p1a: Suicune|71/100 brn|[from] item: Leftovers
|-damage|p1a: Suicune|65/100 brn|[from] brn
|upkeep
|turn|5
|
|t:|1660279929
|switch|p2a: Zeraora|Zeraora|100/100
|switch|p1a: Garchomp|Garchomp, M|100/100
|-activate|p1a: Garchomp|move: Sticky Web
|-unboost|p1a: Garchomp|spe|1
|
|upkeep
|turn|6
|
|t:|1660279958
|move|p2a: Zeraora|Play Rough|p1a: Garchomp
|-supereffective|p1a: Garchomp
|-damage|p1a: Garchomp|43/100
|-damage|p2a: Zeraora|88/100|[from] ability: Rough Skin|[of] p1a: Garchomp
|-damage|p2a: Zeraora|72/100|[from] item: Rocky Helmet|[of] p1a: Garchomp
|-damage|p2a: Zeraora|62/100|[from] item: Life Orb
|move|p1a: Garchomp|Earthquake|p2a: Zeraora
|-supereffective|p2a: Zeraora
|-damage|p2a: Zeraora|0 fnt
|faint|p2a: Zeraora
|
|upkeep
|
|t:|1660279963
|switch|p2a: Zapdos|Zapdos-Galar|94/100 tox
|turn|7
|
|t:|1660279966
|move|p2a: Zapdos|Brave Bird|p1a: Garchomp
|-damage|p1a: Garchomp|0 fnt
|-damage|p2a: Zapdos|82/100 tox|[from] ability: Rough Skin|[of] p1a: Garchomp
|-damage|p2a: Zapdos|65/100 tox|[from] item: Rocky Helmet|[of] p1a: Garchomp
|faint|p1a: Garchomp
|-damage|p2a: Zapdos|47/100 tox|[from] Recoil
|
|-damage|p2a: Zapdos|41/100 tox|[from] psn
|upkeep
|
|t:|1660279971
|switch|p1a: Toxapex|Toxapex, F|100/100
|-activate|p1a: Toxapex|move: Sticky Web
|-unboost|p1a: Toxapex|spe|1
|turn|8
|
|t:|1660279974
|move|p2a: Zapdos|Brave Bird|p1a: Toxapex
|-damage|p1a: Toxapex|58/100
|-damage|p2a: Zapdos|24/100 tox|[from] item: Rocky Helmet|[of] p1a: Toxapex
|-damage|p2a: Zapdos|11/100 tox|[from] Recoil
|move|p1a: Toxapex|Toxic Spikes|p2a: Zapdos
|-sidestart|p2: chemiuzs|move: Toxic Spikes
|
|-damage|p2a: Zapdos|0 fnt|[from] psn
|faint|p2a: Zapdos
|upkeep
|
|t:|1660279978
|switch|p2a: Togekiss|Togekiss, F|100/100
|turn|9
|
|t:|1660279992
|move|p2a: Togekiss|Air Slash|p1a: Toxapex
|-damage|p1a: Toxapex|32/100
|move|p1a: Toxapex|Poison Jab|p2a: Togekiss
|-supereffective|p2a: Togekiss
|-damage|p2a: Togekiss|54/100
|-status|p2a: Togekiss|psn
|
|-heal|p2a: Togekiss|60/100 psn|[from] item: Leftovers
|-damage|p2a: Togekiss|47/100 psn|[from] psn
|upkeep
|turn|10
|
|t:|1660279997
|switch|p1a: Landorus|Landorus-Therian, M|90/100
|-ability|p1a: Landorus|Intimidate|boost
|-unboost|p2a: Togekiss|atk|1
|move|p2a: Togekiss|Air Slash|p1a: Landorus
|-damage|p1a: Landorus|62/100
|
|-heal|p2a: Togekiss|54/100 psn|[from] item: Leftovers
|-heal|p1a: Landorus|68/100|[from] item: Leftovers
|-damage|p2a: Togekiss|41/100 psn|[from] psn
|upkeep
|turn|11
|
|t:|1660280004
|move|p2a: Togekiss|Air Slash|p1a: Landorus
|-damage|p1a: Landorus|38/100
|move|p1a: Landorus|U-turn|p2a: Togekiss
|-resisted|p2a: Togekiss
|-damage|p2a: Togekiss|35/100 psn
|
|t:|1660280007
|switch|p1a: Toxapex|Toxapex, F|65/100|[from]move: U-turn
|-activate|p1a: Toxapex|move: Sticky Web
|-unboost|p1a: Toxapex|spe|1
|
|-heal|p2a: Togekiss|41/100 psn|[from] item: Leftovers
|-damage|p2a: Togekiss|29/100 psn|[from] psn
|upkeep
|turn|12
|
|t:|1660280009
|move|p2a: Togekiss|Air Slash|p1a: Toxapex
|-damage|p1a: Toxapex|38/100
|cant|p1a: Toxapex|flinch
|
|-heal|p2a: Togekiss|35/100 psn|[from] item: Leftovers
|-damage|p2a: Togekiss|23/100 psn|[from] psn
|upkeep
|turn|13
|
|t:|1660280013
|move|p2a: Togekiss|Air Slash|p1a: Toxapex
|-damage|p1a: Toxapex|15/100
|cant|p1a: Toxapex|flinch
|
|-heal|p2a: Togekiss|29/100 psn|[from] item: Leftovers
|-damage|p2a: Togekiss|17/100 psn|[from] psn
|upkeep
|turn|14
|
|t:|1660280017
|switch|p1a: Landorus|Landorus-Therian, M|38/100
|-ability|p1a: Landorus|Intimidate|boost
|-unboost|p2a: Togekiss|atk|1
|move|p2a: Togekiss|Air Slash|p1a: Landorus
|-damage|p1a: Landorus|12/100
|
|-heal|p2a: Togekiss|23/100 psn|[from] item: Leftovers
|-heal|p1a: Landorus|18/100|[from] item: Leftovers
|-damage|p2a: Togekiss|11/100 psn|[from] psn
|upkeep
|turn|15
|
|t:|1660280022
|switch|p1a: Toxapex|Toxapex, F|49/100
|-activate|p1a: Toxapex|move: Sticky Web
|-unboost|p1a: Toxapex|spe|1
|move|p2a: Togekiss|Air Slash|p1a: Toxapex
|-damage|p1a: Toxapex|24/100
|
|-heal|p2a: Togekiss|17/100 psn|[from] item: Leftovers
|-damage|p2a: Togekiss|5/100 psn|[from] psn
|upkeep
|turn|16
|
|t:|1660280024
|switch|p1a: Landorus|Landorus-Therian, M|18/100
|-ability|p1a: Landorus|Intimidate|boost
|-unboost|p2a: Togekiss|atk|1
|move|p2a: Togekiss|Air Slash|p1a: Landorus
|-damage|p1a: Landorus|0 fnt
|faint|p1a: Landorus
|
|-heal|p2a: Togekiss|11/100 psn|[from] item: Leftovers
|-damage|p2a: Togekiss|0 fnt|[from] psn
|faint|p2a: Togekiss
|upkeep
|
|t:|1660280029
|switch|p2a: Dragapult|Dragapult, F|100/100
|switch|p1a: Suicune|Suicune|65/100 brn
|-status|p2a: Dragapult|psn
|-activate|p1a: Suicune|move: Sticky Web
|-unboost|p1a: Suicune|spe|1
|-ability|p1a: Suicune|Pressure
|turn|17
|
|t:|1660280033
|switch|p1a: Persian|Persian-Alola, F|100/100
|-activate|p1a: Persian|move: Sticky Web
|-unboost|p1a: Persian|spe|1
|move|p2a: Dragapult|Dragon Dance|p2a: Dragapult
|-boost|p2a: Dragapult|atk|1
|-boost|p2a: Dragapult|spe|1
|
|-damage|p2a: Dragapult|88/100 psn|[from] psn
|upkeep
|turn|18
|
|t:|1660280040
|move|p2a: Dragapult|Dragon Darts|p1a: Persian
|-damage|p1a: Persian|74/100
|-anim|p2a: Dragapult|Dragon Darts|p1a: Persian
|-damage|p1a: Persian|50/100
|-enditem|p1a: Persian|Red Card|[of] p2a: Dragapult
|drag|p2a: Shuckle|Shuckle, F|100/100
|-status|p2a: Shuckle|psn
|move|p1a: Persian|Foul Play|p2a: Shuckle
|-damage|p2a: Shuckle|99/100 psn
|
|-damage|p2a: Shuckle|87/100 psn|[from] psn
|upkeep
|turn|19
|
|t:|1660280047
|move|p1a: Persian|Parting Shot|p2a: Shuckle
|-unboost|p2a: Shuckle|atk|1
|-unboost|p2a: Shuckle|spa|1
|
|t:|1660280051
|switch|p1a: Blaziken|Blaziken, M|100/100|[from]move: Parting Shot
|-activate|p1a: Blaziken|move: Sticky Web
|-unboost|p1a: Blaziken|spe|1
|move|p2a: Shuckle|Final Gambit|p1a: Blaziken
|-damage|p1a: Blaziken|35/100
|faint|p2a: Shuckle
|
|-heal|p1a: Blaziken|41/100|[from] item: Leftovers
|upkeep
|
|t:|1660280065
|switch|p2a: Dragapult|Dragapult, F|88/100 psn
|turn|20
|
|t:|1660280088
|move|p2a: Dragapult|Dragon Dance|p2a: Dragapult
|-boost|p2a: Dragapult|atk|1
|-boost|p2a: Dragapult|spe|1
|move|p1a: Blaziken|Earthquake|p2a: Dragapult
|-damage|p2a: Dragapult|36/100 psn
|
|-heal|p1a: Blaziken|47/100|[from] item: Leftovers
|-damage|p2a: Dragapult|24/100 psn|[from] psn
|-ability|p1a: Blaziken|Speed Boost|boost
|-boost|p1a: Blaziken|spe|1
|upkeep
|turn|21
|
|t:|1660280094
|move|p2a: Dragapult|Dragon Darts|p1a: Blaziken
|-damage|p1a: Blaziken|0 fnt
|faint|p1a: Blaziken
|-damage|p2a: Dragapult|14/100 psn|[from] item: Life Orb
|
|-damage|p2a: Dragapult|2/100 psn|[from] psn
|upkeep
|
|t:|1660280096
|switch|p1a: Suicune|Suicune|65/100 brn
|-activate|p1a: Suicune|move: Sticky Web
|-unboost|p1a: Suicune|spe|1
|-ability|p1a: Suicune|Pressure
|turn|22
|
|t:|1660280099
|move|p1a: Suicune|Protect|p1a: Suicune
|-singleturn|p1a: Suicune|Protect
|move|p2a: Dragapult|Dragon Darts|p1a: Suicune
|-activate|p1a: Suicune|move: Protect
|
|-heal|p1a: Suicune|71/100 brn|[from] item: Leftovers
|-damage|p2a: Dragapult|0 fnt|[from] psn
|faint|p2a: Dragapult
|-damage|p1a: Suicune|65/100 brn|[from] brn
|upkeep
|
|t:|1660280102
|switch|p2a: Volcanion|Volcanion|100/100
|-status|p2a: Volcanion|psn
|turn|23
|
|t:|1660280107
|move|p2a: Volcanion|Earth Power|p1a: Suicune
|-damage|p1a: Suicune|27/100 brn
|move|p1a: Suicune|Calm Mind|p1a: Suicune
|-boost|p1a: Suicune|spa|1
|-boost|p1a: Suicune|spd|1
|
|-heal|p1a: Suicune|33/100 brn|[from] item: Leftovers
|-damage|p2a: Volcanion|88/100 psn|[from] psn
|-damage|p1a: Suicune|27/100 brn|[from] brn
|upkeep
|turn|24
|
|t:|1660280110
|move|p1a: Suicune|Protect|p1a: Suicune
|-singleturn|p1a: Suicune|Protect
|move|p2a: Volcanion|Earth Power|p1a: Suicune
|-activate|p1a: Suicune|move: Protect
|
|-heal|p1a: Suicune|33/100 brn|[from] item: Leftovers
|-damage|p2a: Volcanion|76/100 psn|[from] psn
|-damage|p1a: Suicune|27/100 brn|[from] brn
|upkeep
|turn|25
|
|t:|1660280114
|move|p2a: Volcanion|Earth Power|p1a: Suicune
|-damage|p1a: Suicune|0 fnt
|faint|p1a: Suicune
|
|-damage|p2a: Volcanion|64/100 psn|[from] psn
|upkeep
|
|t:|1660280120
|switch|p1a: Persian|Persian-Alola, F|50/100
|-activate|p1a: Persian|move: Sticky Web
|-unboost|p1a: Persian|spe|1
|turn|26
|
|t:|1660280128
|move|p2a: Volcanion|Earth Power|p1a: Persian
|-damage|p1a: Persian|0 fnt
|faint|p1a: Persian
|
|-damage|p2a: Volcanion|51/100 psn|[from] psn
|upkeep
|
|t:|1660280131
|switch|p1a: Toxapex|Toxapex, F|57/100
|-activate|p1a: Toxapex|move: Sticky Web
|-unboost|p1a: Toxapex|spe|1
|turn|27
|
|t:|1660280133
|move|p2a: Volcanion|Earth Power|p1a: Toxapex
|-supereffective|p1a: Toxapex
|-damage|p1a: Toxapex|0 fnt
|faint|p1a: Toxapex
|
|win|chemiuzs
|raw|Wheezer's rating: 1472 &rarr; <strong>1448</strong><br />(-24 for losing)
|raw|chemiuzs's rating: 1409 &rarr; <strong>1433</strong><br />(+24 for winning)
