|j|☆PQPP214
|j|☆korok376
|t:|1649123005
|gametype|singles
|player|p1|PQPP214|266|1538
|player|p2|korok376|hugh|1565
|teamsize|p1|6
|teamsize|p2|6
|gen|8
|tier|[Gen 8] OU
|rated|
|rule|Sleep Clause Mod: Limit one foe put to sleep
|rule|Species Clause: Limit one of each Pokémon
|rule|OHKO Clause: OHKO moves are banned
|rule|Evasion Moves Clause: Evasion moves are banned
|rule|Endless Battle Clause: Forcing endless battles is banned
|rule|HP Percentage Mod: HP is shown in percentages
|rule|Dynamax Clause: You cannot dynamax
|clearpoke
|poke|p1|Garchomp, F|
|poke|p1|Blaziken, M|
|poke|p1|Heatran, M|
|poke|p1|Dragapult, F|
|poke|p1|Ninetales-Alola, M|
|poke|p1|Arctozolt|
|poke|p2|Tapu Fini|
|poke|p2|Kartana|
|poke|p2|Tapu Lele|
|poke|p2|Hawlucha, F|
|poke|p2|Magnezone|
|poke|p2|Landorus-Therian, M|
|teampreview
|
|t:|1649123018
|start
|switch|p1a: Heatran|Heatran, M|100/100
|switch|p2a: Tapu Fini|Tapu Fini|100/100
|-fieldstart|move: Misty Terrain|[from] ability: Misty Surge|[of] p2a: Tapu Fini
|-item|p1a: Heatran|Air Balloon
|turn|1
|
|t:|1649123047
|switch|p1a: Arctozolt|Arctozolt|100/100
|move|p2a: Tapu Fini|Scald|p1a: Arctozolt
|-damage|p1a: Arctozolt|53/100
|
|upkeep
|turn|2
|
|t:|1649123056
|switch|p2a: Magnezone|Magnezone|100/100
|move|p1a: Arctozolt|Bolt Beak|p2a: Magnezone
|-resisted|p2a: Magnezone
|-damage|p2a: Magnezone|74/100
|-damage|p1a: Arctozolt|37/100|[from] item: Rocky Helmet|[of] p2a: Magnezone
|
|upkeep
|turn|3
|
|t:|1649123071
|switch|p1a: Garchomp|Garchomp, F|100/100
|move|p2a: Magnezone|Body Press|p1a: Garchomp
|-crit|p1a: Garchomp
|-damage|p1a: Garchomp|56/100
|-damage|p2a: Magnezone|62/100|[from] ability: Rough Skin|[of] p1a: Garchomp
|
|upkeep
|turn|4
|
|t:|1649123083
|switch|p2a: Landorus|Landorus-Therian, M|100/100
|-ability|p2a: Landorus|Intimidate|boost
|-unboost|p1a: Garchomp|atk|1
|move|p1a: Garchomp|Swords Dance|p1a: Garchomp
|-boost|p1a: Garchomp|atk|2
|
|upkeep
|turn|5
|
|t:|1649123097
|move|p1a: Garchomp|Aqua Tail|p2a: Landorus
|-supereffective|p2a: Landorus
|-damage|p2a: Landorus|4/100
|move|p2a: Landorus|U-turn|p1a: Garchomp
|-damage|p1a: Garchomp|34/100
|-damage|p2a: Landorus|0 fnt|[from] ability: Rough Skin|[of] p1a: Garchomp
|faint|p2a: Landorus
|
|-fieldend|Misty Terrain
|upkeep
|
|t:|1649123107
|switch|p2a: Tapu Fini|Tapu Fini|100/100
|-fieldstart|move: Misty Terrain|[from] ability: Misty Surge|[of] p2a: Tapu Fini
|turn|6
|
|t:|1649123119
|move|p2a: Tapu Fini|Moonblast|p1a: Garchomp
|-supereffective|p1a: Garchomp
|-enditem|p1a: Garchomp|Roseli Berry|[eat]
|-enditem|p1a: Garchomp|Roseli Berry|[weaken]
|-damage|p1a: Garchomp|0 fnt
|faint|p1a: Garchomp
|
|upkeep
|
|t:|1649123128
|switch|p1a: Heatran|Heatran, M|100/100
|-item|p1a: Heatran|Air Balloon
|turn|7
|
|t:|1649123134
|move|p2a: Tapu Fini|Moonblast|p1a: Heatran
|-resisted|p1a: Heatran
|-damage|p1a: Heatran|90/100
|-unboost|p1a: Heatran|spa|1
|-enditem|p1a: Heatran|Air Balloon
|move|p1a: Heatran|Magma Storm|p2a: Tapu Fini|[miss]
|-miss|p1a: Heatran|p2a: Tapu Fini
|
|upkeep
|turn|8
|
|t:|1649123153
|switch|p2a: Magnezone|Magnezone|62/100
|move|p1a: Heatran|Magma Storm|p2a: Magnezone
|-supereffective|p2a: Magnezone
|-damage|p2a: Magnezone|0 fnt
|faint|p2a: Magnezone
|
|upkeep
|
|t:|1649123161
|switch|p2a: Tapu Fini|Tapu Fini|100/100
|turn|9
|
|t:|1649123172
|switch|p1a: Ninetales|Ninetales-Alola, M|100/100
|-weather|Hail|[from] ability: Snow Warning|[of] p1a: Ninetales
|move|p2a: Tapu Fini|Trick|p1a: Ninetales
|-activate|p2a: Tapu Fini|move: Trick|[of] p1a: Ninetales
|-item|p1a: Ninetales|Choice Scarf|[from] move: Trick
|-item|p2a: Tapu Fini|Icy Rock|[from] move: Trick
|
|-weather|Hail|[upkeep]
|-damage|p2a: Tapu Fini|94/100|[from] Hail
|upkeep
|turn|10
|
|t:|1649123188
|switch|p2a: Tapu Lele|Tapu Lele|100/100
|-fieldstart|move: Psychic Terrain|[from] ability: Psychic Surge|[of] p2a: Tapu Lele
|move|p1a: Ninetales|Freeze-Dry|p2a: Tapu Lele
|-damage|p2a: Tapu Lele|79/100
|
|-weather|Hail|[upkeep]
|-damage|p2a: Tapu Lele|73/100|[from] Hail
|upkeep
|turn|11
|
|t:|1649123199
|switch|p1a: Heatran|Heatran, M|90/100
|move|p2a: Tapu Lele|Psyshock|p1a: Heatran
|-resisted|p1a: Heatran
|-damage|p1a: Heatran|53/100
|
|-weather|Hail|[upkeep]
|-damage|p2a: Tapu Lele|67/100|[from] Hail
|-damage|p1a: Heatran|46/100|[from] Hail
|upkeep
|turn|12
|
|t:|1649123206
|move|p2a: Tapu Lele|Psyshock|p1a: Heatran
|-resisted|p1a: Heatran
|-damage|p1a: Heatran|2/100
|move|p1a: Heatran|Magma Storm|p2a: Tapu Lele
|-damage|p2a: Tapu Lele|2/100
|-activate|p2a: Tapu Lele|move: Magma Storm|[of] p1a: Heatran
|
|-weather|Hail|[upkeep]
|-damage|p2a: Tapu Lele|0 fnt|[from] Hail
|-damage|p1a: Heatran|0 fnt|[from] Hail
|faint|p2a: Tapu Lele
|faint|p1a: Heatran
|upkeep
|
|t:|1649123223
|switch|p2a: Kartana|Kartana|100/100
|switch|p1a: Dragapult|Dragapult, F|100/100
|turn|13
|
|t:|1649123230
|switch|p1a: Ninetales|Ninetales-Alola, M|100/100
|move|p2a: Kartana|Knock Off|p1a: Ninetales
|-resisted|p1a: Ninetales
|-damage|p1a: Ninetales|74/100
|-enditem|p1a: Ninetales|Choice Scarf|[from] move: Knock Off|[of] p2a: Kartana
|
|-weather|Hail|[upkeep]
|-damage|p2a: Kartana|94/100|[from] Hail
|upkeep
|turn|14
|
|t:|1649123239
|switch|p2a: Tapu Fini|Tapu Fini|94/100
|-fieldstart|move: Misty Terrain|[from] ability: Misty Surge|[of] p2a: Tapu Fini
|move|p1a: Ninetales|Aurora Veil|p1a: Ninetales
|-sidestart|p1: PQPP214|move: Aurora Veil
|
|-weather|Hail|[upkeep]
|-damage|p2a: Tapu Fini|88/100|[from] Hail
|upkeep
|turn|15
|
|t:|1649123247
|move|p1a: Ninetales|Freeze-Dry|p2a: Tapu Fini
|-supereffective|p2a: Tapu Fini
|-damage|p2a: Tapu Fini|53/100
|move|p2a: Tapu Fini|Moonblast|p1a: Ninetales
|-damage|p1a: Ninetales|56/100
|
|-weather|Hail|[upkeep]
|-damage|p2a: Tapu Fini|47/100|[from] Hail
|upkeep
|turn|16
|
|t:|1649123256
|move|p1a: Ninetales|Freeze-Dry|p2a: Tapu Fini
|-supereffective|p2a: Tapu Fini
|-damage|p2a: Tapu Fini|5/100
|move|p2a: Tapu Fini|Moonblast|p1a: Ninetales
|-damage|p1a: Ninetales|37/100
|-unboost|p1a: Ninetales|spa|1
|
|-weather|none
|upkeep
|turn|17
|
|t:|1649123266
|move|p1a: Ninetales|Freeze-Dry|p2a: Tapu Fini
|-supereffective|p2a: Tapu Fini
|-damage|p2a: Tapu Fini|0 fnt
|faint|p2a: Tapu Fini
|
|upkeep
|
|t:|1649123271
|switch|p2a: Hawlucha|Hawlucha, F|100/100
|-enditem|p2a: Hawlucha|Misty Seed
|-boost|p2a: Hawlucha|spd|1|[from] item: Misty Seed
|turn|18
|
|t:|1649123288
|move|p2a: Hawlucha|Swords Dance|p2a: Hawlucha
|-boost|p2a: Hawlucha|atk|2
|move|p1a: Ninetales|Encore|p2a: Hawlucha
|-start|p2a: Hawlucha|Encore
|
|-sideend|p1: PQPP214|move: Aurora Veil
|-fieldend|Misty Terrain
|upkeep
|turn|19
|
|t:|1649123297
|switch|p2a: Kartana|Kartana|94/100
|switch|p1a: Dragapult|Dragapult, F|100/100
|
|upkeep
|turn|20
|
|t:|1649123304
|switch|p1a: Ninetales|Ninetales-Alola, M|37/100
|-weather|Hail|[from] ability: Snow Warning|[of] p1a: Ninetales
|move|p2a: Kartana|Knock Off|p1a: Ninetales
|-resisted|p1a: Ninetales
|-damage|p1a: Ninetales|21/100
|
|-weather|Hail|[upkeep]
|-damage|p2a: Kartana|88/100|[from] Hail
|upkeep
|turn|21
|
|t:|1649123312
|move|p2a: Kartana|Knock Off|p1a: Ninetales
|-resisted|p1a: Ninetales
|-damage|p1a: Ninetales|2/100
|move|p1a: Ninetales|Aurora Veil|p1a: Ninetales
|-sidestart|p1: PQPP214|move: Aurora Veil
|
|-weather|Hail|[upkeep]
|-damage|p2a: Kartana|82/100|[from] Hail
|upkeep
|turn|22
|
|t:|1649123319
|switch|p1a: Blaziken|Blaziken, M|100/100
|-item|p1a: Blaziken|Air Balloon
|move|p2a: Kartana|Knock Off|p1a: Blaziken
|-resisted|p1a: Blaziken
|-damage|p1a: Blaziken|84/100
|-enditem|p1a: Blaziken|Air Balloon
|
|-weather|Hail|[upkeep]
|-damage|p2a: Kartana|76/100|[from] Hail
|-damage|p1a: Blaziken|78/100|[from] Hail
|upkeep
|turn|23
|
|t:|1649123329
|switch|p2a: Hawlucha|Hawlucha, F|100/100
|move|p1a: Blaziken|Swords Dance|p1a: Blaziken
|-boost|p1a: Blaziken|atk|2
|
|-weather|Hail|[upkeep]
|-damage|p2a: Hawlucha|94/100|[from] Hail
|-damage|p1a: Blaziken|72/100|[from] Hail
|-ability|p1a: Blaziken|Speed Boost|boost
|-boost|p1a: Blaziken|spe|1
|upkeep
|turn|24
|
|t:|1649123338
|move|p1a: Blaziken|Flare Blitz|p2a: Hawlucha
|-damage|p2a: Hawlucha|0 fnt
|faint|p2a: Hawlucha
|-damage|p1a: Blaziken|41/100|[from] Recoil
|
|-weather|none
|-ability|p1a: Blaziken|Speed Boost|boost
|-boost|p1a: Blaziken|spe|1
|upkeep
|-message|korok376 forfeited.
|
|win|PQPP214
|raw|PQPP214's rating: 1538 &rarr; <strong>1560</strong><br />(+22 for winning)
|raw|korok376's rating: 1565 &rarr; <strong>1543</strong><br />(-22 for losing)
|l|☆korok376
