|j|☆OUTD Wraks2
|j|☆SaffedhSchneizel
|t:|1667281238
|gametype|singles
|player|p1|OUTD Wraks2|265|1547
|player|p2|SaffedhSchneizel|guzma|1463
|teamsize|p1|6
|teamsize|p2|6
|gen|8
|tier|[Gen 8] OU
|rated|
|rule|Sleep Clause Mod: Limit one foe put to sleep
|rule|Species Clause: Limit one of each Pokémon
|rule|OHKO Clause: OHKO moves are banned
|rule|Evasion Items Clause: Evasion items are banned
|rule|Evasion Moves Clause: Evasion moves are banned
|rule|Endless Battle Clause: Forcing endless battles is banned
|rule|HP Percentage Mod: HP is shown in percentages
|rule|Dynamax Clause: You cannot dynamax
|clearpoke
|poke|p1|Tapu Lele|
|poke|p1|Slowbro, F|
|poke|p1|Blissey, F|
|poke|p1|Tornadus-Therian, M|
|poke|p1|Landorus-Therian, M|
|poke|p1|Urshifu-*, F|
|poke|p2|Conkeldurr, F|
|poke|p2|Marowak-Alola, M|
|poke|p2|Porygon2|
|poke|p2|Torkoal, M|
|poke|p2|Cresselia, F|
|poke|p2|Melmetal|
|teampreview
|inactive|Battle timer is ON: inactive players will automatically lose when time's up. (requested by OUTD Wraks2)
|inactive|SaffedhSchneizel has 120 seconds left.
|
|t:|1667281293
|start
|switch|p1a: Tapu Lele|Tapu Lele|100/100
|switch|p2a: Cresselia|Cresselia, F|100/100
|-fieldstart|move: Psychic Terrain|[from] ability: Psychic Surge|[of] p1a: Tapu Lele
|turn|1
|
|t:|1667281300
|move|p1a: Tapu Lele|Moonblast|p2a: Cresselia
|-damage|p2a: Cresselia|60/100
|move|p2a: Cresselia|Trick Room|p2a: Cresselia
|-fieldstart|move: Trick Room|[of] p2a: Cresselia
|
|upkeep
|turn|2
|
|t:|1667281306
|switch|p2a: Melmetal|Melmetal|100/100
|move|p1a: Tapu Lele|Moonblast|p2a: Melmetal
|-resisted|p2a: Melmetal
|-damage|p2a: Melmetal|63/100
|
|upkeep
|turn|3
|
|t:|1667281311
|switch|p1a: Slowbro|Slowbro, F|100/100
|move|p2a: Melmetal|Thunder Punch|p1a: Slowbro
|-supereffective|p1a: Slowbro
|-damage|p1a: Slowbro|54/100
|
|upkeep
|turn|4
|
|t:|1667281314
|switch|p1a: Landorus|Landorus-Therian, M|100/100
|-ability|p1a: Landorus|Intimidate|boost
|-unboost|p2a: Melmetal|atk|1
|move|p2a: Melmetal|Thunder Punch|p1a: Landorus
|-immune|p1a: Landorus
|
|upkeep
|turn|5
|
|t:|1667281318
|move|p2a: Melmetal|Double Iron Bash|p1a: Landorus
|-crit|p1a: Landorus
|-damage|p1a: Landorus|32/100
|-damage|p1a: Landorus|2/100
|-hitcount|p1a: Landorus|2
|move|p1a: Landorus|Knock Off|p2a: Melmetal
|-damage|p2a: Melmetal|47/100
|-enditem|p2a: Melmetal|Muscle Band|[from] move: Knock Off|[of] p1a: Landorus
|
|-heal|p1a: Landorus|8/100|[from] item: Leftovers
|-fieldend|move: Trick Room
|-fieldend|move: Psychic Terrain
|upkeep
|turn|6
|
|t:|1667281325
|switch|p1a: Slowbro|Slowbro, F|88/100
|switch|p2a: Cresselia|Cresselia, F|60/100
|
|upkeep
|turn|7
|
|t:|1667281328
|move|p1a: Slowbro|Future Sight|p2a: Cresselia
|-start|p1a: Slowbro|move: Future Sight
|move|p2a: Cresselia|Trick Room|p2a: Cresselia
|-fieldstart|move: Trick Room|[of] p2a: Cresselia
|
|upkeep
|turn|8
|
|t:|1667281331
|move|p2a: Cresselia|Shadow Ball|p1a: Slowbro
|-supereffective|p1a: Slowbro
|-damage|p1a: Slowbro|56/100
|move|p1a: Slowbro|Teleport|p1a: Slowbro
|
|t:|1667281342
|switch|p1a: Urshifu|Urshifu-Rapid-Strike, F|100/100|[from]move: Teleport
|
|upkeep
|turn|9
|
|t:|1667281369
|move|p2a: Cresselia|Moonblast|p1a: Urshifu
|-supereffective|p1a: Urshifu
|-damage|p1a: Urshifu|51/100
|move|p1a: Urshifu|Surging Strikes|p2a: Cresselia
|-crit|p2a: Cresselia
|-damage|p2a: Cresselia|49/100
|-crit|p2a: Cresselia
|-damage|p2a: Cresselia|36/100
|-crit|p2a: Cresselia
|-damage|p2a: Cresselia|25/100
|-hitcount|p2a: Cresselia|3
|
|-end|p2a: Cresselia|move: Future Sight
|-resisted|p2a: Cresselia
|-damage|p2a: Cresselia|13/100
|upkeep
|turn|10
|
|t:|1667281382
|switch|p1a: Slowbro|Slowbro, F|89/100
|move|p2a: Cresselia|Lunar Dance|p2a: Cresselia
|faint|p2a: Cresselia
|
|upkeep
|
|t:|1667281385
|switch|p2a: Melmetal|Melmetal|47/100
|-heal|p2a: Melmetal|100/100|[from] move: Lunar Dance
|turn|11
|
|t:|1667281391
|switch|p2a: Perryyy|Porygon2|100/100
|-ability|p2a: Perryyy|Regenerator|[from] ability: Trace|[of] p1a: Slowbro
|move|p1a: Slowbro|Body Press|p2a: Perryyy
|-supereffective|p2a: Perryyy
|-damage|p2a: Perryyy|66/100
|
|-fieldend|move: Trick Room
|upkeep
|turn|12
|
|t:|1667281395
|move|p1a: Slowbro|Body Press|p2a: Perryyy
|-supereffective|p2a: Perryyy
|-damage|p2a: Perryyy|37/100
|move|p2a: Perryyy|Trick Room|p2a: Perryyy
|-fieldstart|move: Trick Room|[of] p2a: Perryyy
|
|upkeep
|turn|13
|
|t:|1667281400
|move|p1a: Slowbro|Body Press|p2a: Perryyy
|-supereffective|p2a: Perryyy
|-damage|p2a: Perryyy|7/100
|move|p2a: Perryyy|Teleport|p2a: Perryyy
|
|t:|1667281404
|switch|p2a: Vikram|Marowak-Alola, M|100/100|[from]move: Teleport
|
|upkeep
|turn|14
|
|t:|1667281408
|switch|p1a: Landorus|Landorus-Therian, M|8/100
|-ability|p1a: Landorus|Intimidate|boost
|-unboost|p2a: Vikram|atk|1
|move|p2a: Vikram|Swords Dance|p2a: Vikram
|-boost|p2a: Vikram|atk|2
|
|-heal|p1a: Landorus|14/100|[from] item: Leftovers
|upkeep
|turn|15
|
|t:|1667281420
|switch|p1a: Tornadus|Tornadus-Therian, M|100/100
|move|p2a: Vikram|Flare Blitz|p1a: Tornadus
|-damage|p1a: Tornadus|0 fnt
|faint|p1a: Tornadus
|
|upkeep
|
|t:|1667281427
|switch|p1a: Slowbro|Slowbro, F|100/100
|turn|16
|
|t:|1667281430
|switch|p1a: Landorus|Landorus-Therian, M|14/100
|-ability|p1a: Landorus|Intimidate|boost
|-unboost|p2a: Vikram|atk|1
|move|p2a: Vikram|Poltergeist|p1a: Landorus
|-activate|p1a: Landorus|move: Poltergeist|Leftovers
|-damage|p1a: Landorus|0 fnt
|faint|p1a: Landorus
|
|-fieldend|move: Trick Room
|upkeep
|
|t:|1667281432
|switch|p1a: Urshifu|Urshifu-Rapid-Strike, F|51/100
|turn|17
|
|t:|1667281437
|switch|p2a: Oogway|Torkoal, M|100/100
|-weather|SunnyDay|[from] ability: Drought|[of] p2a: Oogway
|move|p1a: Urshifu|Surging Strikes|p2a: Oogway
|-supereffective|p2a: Oogway
|-crit|p2a: Oogway
|-damage|p2a: Oogway|87/100
|-supereffective|p2a: Oogway
|-crit|p2a: Oogway
|-damage|p2a: Oogway|72/100
|-supereffective|p2a: Oogway
|-crit|p2a: Oogway
|-damage|p2a: Oogway|57/100
|-hitcount|p2a: Oogway|3
|
|-weather|SunnyDay|[upkeep]
|upkeep
|turn|18
|
|t:|1667281443
|move|p1a: Urshifu|Surging Strikes|p2a: Oogway
|-supereffective|p2a: Oogway
|-crit|p2a: Oogway
|-damage|p2a: Oogway|42/100
|-supereffective|p2a: Oogway
|-crit|p2a: Oogway
|-damage|p2a: Oogway|28/100
|-supereffective|p2a: Oogway
|-crit|p2a: Oogway
|-damage|p2a: Oogway|12/100
|-hitcount|p2a: Oogway|3
|move|p2a: Oogway|Fire Blast|p1a: Urshifu
|-resisted|p1a: Urshifu
|-damage|p1a: Urshifu|0 fnt
|faint|p1a: Urshifu
|
|-weather|SunnyDay|[upkeep]
|upkeep
|
|t:|1667281447
|switch|p1a: Tapu Lele|Tapu Lele|100/100
|-fieldstart|move: Psychic Terrain|[from] ability: Psychic Surge|[of] p1a: Tapu Lele
|turn|19
|
|t:|1667281456
|move|p1a: Tapu Lele|Thunderbolt|p2a: Oogway
|-damage|p2a: Oogway|0 fnt
|faint|p2a: Oogway
|
|-weather|SunnyDay|[upkeep]
|upkeep
|
|t:|1667281459
|switch|p2a: Vikram|Marowak-Alola, M|100/100
|turn|20
|
|t:|1667281465
|switch|p1a: Blissey|Blissey, F|100/100
|move|p2a: Vikram|Flare Blitz|p1a: Blissey
|-damage|p1a: Blissey|0 fnt
|faint|p1a: Blissey
|
|-weather|SunnyDay|[upkeep]
|upkeep
|
|t:|1667281469
|switch|p1a: Tapu Lele|Tapu Lele|100/100
|turn|21
|
|t:|1667281479
|switch|p2a: Perryyy|Porygon2|40/100
|-ability|p2a: Perryyy|Psychic Surge|[from] ability: Trace|[of] p1a: Tapu Lele
|move|p1a: Tapu Lele|Psyshock|p2a: Perryyy
|-damage|p2a: Perryyy|0 fnt
|faint|p2a: Perryyy
|
|-weather|none
|upkeep
|
|t:|1667281482
|switch|p2a: Melmetal|Melmetal|100/100
|turn|22
|
|t:|1667281486
|switch|p2a: Vikram|Marowak-Alola, M|100/100
|move|p1a: Tapu Lele|Psyshock|p2a: Vikram
|-damage|p2a: Vikram|19/100
|
|upkeep
|turn|23
|
|t:|1667281488
|move|p1a: Tapu Lele|Psyshock|p2a: Vikram
|-damage|p2a: Vikram|0 fnt
|faint|p2a: Vikram
|
|-fieldend|move: Psychic Terrain
|upkeep
|
|t:|1667281490
|switch|p2a: Melmetal|Melmetal|100/100
|turn|24
|
|t:|1667281495
|switch|p2a: Big Poppa|Conkeldurr, F|100/100
|move|p1a: Tapu Lele|Psyshock|p2a: Big Poppa
|-supereffective|p2a: Big Poppa
|-damage|p2a: Big Poppa|0 fnt
|faint|p2a: Big Poppa
|
|upkeep
|
|t:|1667281497
|switch|p2a: Melmetal|Melmetal|100/100
|turn|25
|
|t:|1667281499
|move|p1a: Tapu Lele|Psyshock|p2a: Melmetal
|-resisted|p2a: Melmetal
|-damage|p2a: Melmetal|83/100
|move|p2a: Melmetal|Double Iron Bash|p1a: Tapu Lele
|-supereffective|p1a: Tapu Lele
|-damage|p1a: Tapu Lele|0 fnt
|faint|p1a: Tapu Lele
|-hitcount|p1: Tapu Lele|1
|
|upkeep
|
|t:|1667281502
|switch|p1a: Slowbro|Slowbro, F|100/100
|turn|26
|
|t:|1667281505
|move|p2a: Melmetal|Thunder Punch|p1a: Slowbro
|-supereffective|p1a: Slowbro
|-damage|p1a: Slowbro|57/100
|move|p1a: Slowbro|Body Press|p2a: Melmetal
|-supereffective|p2a: Melmetal
|-damage|p2a: Melmetal|53/100
|
|upkeep
|turn|27
|
|t:|1667281510
|move|p2a: Melmetal|Thunder Punch|p1a: Slowbro
|-supereffective|p1a: Slowbro
|-damage|p1a: Slowbro|10/100
|move|p1a: Slowbro|Body Press|p2a: Melmetal
|-supereffective|p2a: Melmetal
|-damage|p2a: Melmetal|26/100
|
|upkeep
|turn|28
|
|t:|1667281518
|move|p2a: Melmetal|Thunder Punch|p1a: Slowbro
|-supereffective|p1a: Slowbro
|-damage|p1a: Slowbro|0 fnt
|faint|p1a: Slowbro
|
|win|SaffedhSchneizel
|raw|OUTD Wraks2's rating: 1547 &rarr; <strong>1522</strong><br />(-25 for losing)
|raw|SaffedhSchneizel's rating: 1463 &rarr; <strong>1488</strong><br />(+25 for winning)
|c|☆SaffedhSchneizel|gg
