|j|☆UglyBitch69
|j|☆ldailey19
|t:|1663827624
|gametype|singles
|player|p1|UglyBitch69|drayden|1555
|player|p2|ldailey19|lance|1543
|teamsize|p1|6
|teamsize|p2|6
|gen|8
|tier|[Gen 8] OU
|rated|
|rule|Sleep Clause Mod: Limit one foe put to sleep
|rule|Species Clause: Limit one of each Pokémon
|rule|OHKO Clause: OHKO moves are banned
|rule|Evasion Items Clause: Evasion items are banned
|rule|Evasion Moves Clause: Evasion moves are banned
|rule|Endless Battle Clause: Forcing endless battles is banned
|rule|HP Percentage Mod: HP is shown in percentages
|rule|Dynamax Clause: You cannot dynamax
|clearpoke
|poke|p1|Landorus-Therian, M|
|poke|p1|Magnezone|
|poke|p1|Zygarde-10%|
|poke|p1|Volcarona, F|
|poke|p1|Primarina, M|
|poke|p1|Kartana|
|poke|p2|Magnezone|
|poke|p2|Weavile, M|
|poke|p2|Urshifu-*, F|
|poke|p2|Heatran, M|
|poke|p2|Landorus-Therian, M|
|poke|p2|Dragapult, M|
|teampreview
|inactive|Battle timer is ON: inactive players will automatically lose when time's up. (requested by ldailey19)
|inactive|UglyBitch69 has 120 seconds left.
|
|t:|1663827667
|start
|switch|p1a: Urshifu Water|Primarina, M|100/100
|switch|p2a: Dragapult|Dragapult, M, shiny|100/100
|turn|1
|
|t:|1663827687
|move|p2a: Dragapult|U-turn|p1a: Urshifu Water
|-resisted|p1a: Urshifu Water
|-damage|p1a: Urshifu Water|85/100
|
|t:|1663827691
|switch|p2a: Magnezone|Magnezone, shiny|100/100|[from]move: U-turn
|move|p1a: Urshifu Water|Hydro Pump|p2a: Magnezone
|-damage|p2a: Magnezone|37/100
|
|upkeep
|turn|2
|
|t:|1663827699
|move|p1a: Urshifu Water|Hydro Pump|p2a: Magnezone
|-damage|p2a: Magnezone|0 fnt
|faint|p2a: Magnezone
|
|upkeep
|inactive|ldailey19 has 120 seconds left.
|
|t:|1663827736
|switch|p2a: Urshifu|Urshifu-Rapid-Strike, F|100/100
|turn|3
|inactive|ldailey19 has 120 seconds left.
|
|t:|1663827751
|switch|p1a: Entry Hazards|Volcarona, F|100/100
|move|p2a: Urshifu|Thunder Punch|p1a: Entry Hazards
|-damage|p1a: Entry Hazards|78/100
|-status|p2a: Urshifu|brn|[from] ability: Flame Body|[of] p1a: Entry Hazards
|
|-damage|p2a: Urshifu|94/100 brn|[from] brn
|upkeep
|turn|4
|inactive|ldailey19 has 120 seconds left.
|
|t:|1663827759
|move|p2a: Urshifu|Surging Strikes|p1a: Entry Hazards
|-supereffective|p1a: Entry Hazards
|-crit|p1a: Entry Hazards
|-damage|p1a: Entry Hazards|59/100
|-supereffective|p1a: Entry Hazards
|-crit|p1a: Entry Hazards
|-damage|p1a: Entry Hazards|40/100
|-supereffective|p1a: Entry Hazards
|-crit|p1a: Entry Hazards
|-damage|p1a: Entry Hazards|23/100
|-hitcount|p1a: Entry Hazards|3
|move|p1a: Entry Hazards|U-turn|p2a: Urshifu
|-resisted|p2a: Urshifu
|-damage|p2a: Urshifu|87/100 brn
|
|t:|1663827773
|switch|p1a: Kartana|Kartana, shiny|100/100|[from]move: U-turn
|
|-damage|p2a: Urshifu|81/100 brn|[from] brn
|upkeep
|turn|5
|
|t:|1663827781
|switch|p2a: Landorus|Landorus-Therian, M|100/100
|-ability|p2a: Landorus|Intimidate|boost
|-unboost|p1a: Kartana|atk|1
|move|p1a: Kartana|Leaf Blade|p2a: Landorus
|-damage|p2a: Landorus|73/100
|-damage|p1a: Kartana|84/100|[from] item: Rocky Helmet|[of] p2a: Landorus
|
|upkeep
|turn|6
|
|t:|1663827795
|switch|p1a: Entry Hazards|Volcarona, F|23/100
|move|p2a: Landorus|Knock Off|p1a: Entry Hazards
|-damage|p1a: Entry Hazards|0 fnt
|-enditem|p1a: Entry Hazards|Heavy-Duty Boots|[from] move: Knock Off|[of] p2a: Landorus
|faint|p1a: Entry Hazards
|
|upkeep
|
|t:|1663827802
|switch|p1a: Urshifu Water|Primarina, M|85/100
|turn|7
|
|t:|1663827815
|move|p2a: Landorus|Knock Off|p1a: Urshifu Water
|-resisted|p1a: Urshifu Water
|-damage|p1a: Urshifu Water|64/100
|-enditem|p1a: Urshifu Water|Choice Specs|[from] move: Knock Off|[of] p2a: Landorus
|move|p1a: Urshifu Water|Hydro Pump|p2a: Landorus
|-supereffective|p2a: Landorus
|-damage|p2a: Landorus|0 fnt
|faint|p2a: Landorus
|
|upkeep
|
|t:|1663827832
|switch|p2a: Urshifu|Urshifu-Rapid-Strike, F|81/100 brn
|turn|8
|
|t:|1663827838
|switch|p1a: Non-Binary|Magnezone|100/100
|move|p2a: Urshifu|Thunder Punch|p1a: Non-Binary
|-resisted|p1a: Non-Binary
|-damage|p1a: Non-Binary|94/100
|
|-damage|p2a: Urshifu|75/100 brn|[from] brn
|upkeep
|turn|9
|
|t:|1663827847
|move|p2a: Urshifu|Close Combat|p1a: Non-Binary
|-supereffective|p1a: Non-Binary
|-enditem|p1a: Non-Binary|Chople Berry|[eat]
|-enditem|p1a: Non-Binary|Chople Berry|[weaken]
|-damage|p1a: Non-Binary|66/100
|-unboost|p2a: Urshifu|def|1
|-unboost|p2a: Urshifu|spd|1
|move|p1a: Non-Binary|Volt Switch|p2a: Urshifu
|-supereffective|p2a: Urshifu
|-damage|p2a: Urshifu|0 fnt
|faint|p2a: Urshifu
|
|t:|1663827859
|switch|p1a: Urshifu Water|Primarina, M|64/100|[from]move: Volt Switch
|
|upkeep
|
|t:|1663827870
|switch|p2a: Dragapult|Dragapult, M, shiny|100/100
|turn|10
|
|t:|1663827877
|move|p2a: Dragapult|Phantom Force||[still]
|-prepare|p2a: Dragapult|Phantom Force
|move|p1a: Urshifu Water|Moonblast|p2a: Dragapult|[miss]
|-miss|p1a: Urshifu Water|p2a: Dragapult
|
|upkeep
|turn|11
|
|t:|1663827882
|move|p2a: Dragapult|Phantom Force|p1a: Urshifu Water|[from]lockedmove
|-damage|p1a: Urshifu Water|7/100
|move|p1a: Urshifu Water|Moonblast|p2a: Dragapult
|-supereffective|p2a: Dragapult
|-enditem|p2a: Dragapult|Focus Sash
|-damage|p2a: Dragapult|1/100
|-unboost|p2a: Dragapult|spa|1
|
|upkeep
|turn|12
|
|t:|1663827898
|move|p2a: Dragapult|U-turn|p1a: Urshifu Water
|-resisted|p1a: Urshifu Water
|-damage|p1a: Urshifu Water|0 fnt
|faint|p1a: Urshifu Water
|
|t:|1663827911
|switch|p2a: Heatran|Heatran, M, shiny|100/100|[from]move: U-turn
|-item|p2a: Heatran|Air Balloon
|
|upkeep
|
|t:|1663827914
|switch|p1a: Zygarde|Zygarde-10%, shiny|100/100
|-ability|p1a: Zygarde|Aura Break
|turn|13
|
|t:|1663827936
|move|p2a: Heatran|Protect|p2a: Heatran
|-singleturn|p2a: Heatran|Protect
|move|p1a: Zygarde|Thousand Arrows|p2a: Heatran
|-activate|p2a: Heatran|move: Protect
|
|upkeep
|turn|14
|c|☆UglyBitch69|I mean
|c|☆UglyBitch69|what did you expect
|c|☆UglyBitch69|eq?
|c|☆UglyBitch69|on zygarde?
|inactive|ldailey19 has 120 seconds left.
|inactive|ldailey19 has 90 seconds left.
|c|☆UglyBitch69|Someones dying this turn
|
|t:|1663827990
|switch|p2a: Dragapult|Dragapult, M, shiny|1/100
|move|p1a: Zygarde|Thousand Arrows|p2a: Dragapult
|-crit|p2a: Dragapult
|-damage|p2a: Dragapult|0 fnt
|faint|p2a: Dragapult
|
|upkeep
|j| TwoTreesWaiting
|
|t:|1663828006
|switch|p2a: Weavile|Weavile, M|100/100
|-ability|p2a: Weavile|Pressure
|turn|15
|
|t:|1663828015
|switch|p1a: Kartana|Kartana, shiny|84/100
|move|p2a: Weavile|Knock Off|p1a: Kartana
|-damage|p1a: Kartana|14/100
|-enditem|p1a: Kartana|Choice Scarf|[from] move: Knock Off|[of] p2a: Weavile
|
|upkeep
|turn|16
|
|t:|1663828022
|move|p2a: Weavile|Knock Off|p1a: Kartana
|-damage|p1a: Kartana|0 fnt
|faint|p1a: Kartana
|
|upkeep
|
|t:|1663828023
|switch|p1a: Non-Binary|Magnezone|66/100
|turn|17
|inactive|ldailey19 has 90 seconds left.
|c|☆UglyBitch69|I dont need no kartana to win
|inactive|ldailey19 has 60 seconds left.
|
|t:|1663828067
|move|p2a: Weavile|Knock Off|p1a: Non-Binary
|-damage|p1a: Non-Binary|20/100
|move|p1a: Non-Binary|Volt Switch|p2a: Weavile
|-damage|p2a: Weavile|32/100
|c|☆UglyBitch69|Girl
|
|t:|1663828072
|switch|p1a: Zygarde|Zygarde-10%, shiny|100/100|[from]move: Volt Switch
|-ability|p1a: Zygarde|Aura Break
|
|upkeep
|turn|18
|inactive|ldailey19 has 60 seconds left.
|c|☆UglyBitch69|Just mooooveee
|
|t:|1663828100
|move|p1a: Zygarde|Extreme Speed|p2a: Weavile
|-damage|p2a: Weavile|0 fnt
|faint|p2a: Weavile
|
|upkeep
|c|☆UglyBitch69|Slow as hell and for what
|j| jerryyyyzhaaaaa
|-message|ldailey19 forfeited.
|
|win|UglyBitch69
|raw|UglyBitch69's rating: 1555 &rarr; <strong>1574</strong><br />(+19 for winning)
|raw|ldailey19's rating: 1543 &rarr; <strong>1524</strong><br />(-19 for losing)
|l|☆ldailey19
