|j|☆Kaleor
|j|☆Agency the Finale
|t:|1665143036
|gametype|singles
|player|p1|Kaleor|swimmer-gen4dp|1755
|player|p2|Agency the Finale|unknown|1738
|teamsize|p1|6
|teamsize|p2|6
|gen|8
|tier|[Gen 8] OU
|rated|
|rule|Sleep Clause Mod: Limit one foe put to sleep
|rule|Species Clause: Limit one of each Pokémon
|rule|OHKO Clause: OHKO moves are banned
|rule|Evasion Items Clause: Evasion items are banned
|rule|Evasion Moves Clause: Evasion moves are banned
|rule|Endless Battle Clause: Forcing endless battles is banned
|rule|HP Percentage Mod: HP is shown in percentages
|rule|Dynamax Clause: You cannot dynamax
|clearpoke
|poke|p1|Dragonite, F|
|poke|p1|Garchomp, F|
|poke|p1|Melmetal|
|poke|p1|Zapdos|
|poke|p1|Crawdaunt, M|
|poke|p1|Blacephalon|
|poke|p2|Buzzwole|
|poke|p2|Tapu Fini|
|poke|p2|Heatran, M|
|poke|p2|Ferrothorn, M|
|poke|p2|Weavile, M|
|poke|p2|Garchomp, M|
|teampreview
|inactive|Battle timer is ON: inactive players will automatically lose when time's up. (requested by Kaleor)
|
|t:|1665143044
|start
|switch|p1a: Garchomp|Garchomp, F|100/100
|switch|p2a: Chaos|Heatran, M|100/100
|turn|1
|
|t:|1665143050
|switch|p2a: Vilgax|Buzzwole, shiny|100/100
|move|p1a: Garchomp|Earthquake|p2a: Vilgax
|-resisted|p2a: Vilgax
|-damage|p2a: Vilgax|79/100
|-damage|p1a: Garchomp|91/100|[from] item: Life Orb
|
|upkeep
|turn|2
|j| kyonharuhi
|j| ggnhax
|
|t:|1665143058
|switch|p2a: Raven|Tapu Fini, shiny|100/100
|-fieldstart|move: Misty Terrain|[from] ability: Misty Surge|[of] p2a: Raven
|move|p1a: Garchomp|Fire Blast|p2a: Raven
|-resisted|p2a: Raven
|-damage|p2a: Raven|85/100
|-damage|p1a: Garchomp|81/100|[from] item: Life Orb
|
|upkeep
|turn|3
|
|t:|1665143063
|switch|p1a: Melmetal|Melmetal|100/100
|move|p2a: Raven|Surf|p1a: Melmetal
|-damage|p1a: Melmetal|81/100
|
|upkeep
|turn|4
|
|t:|1665143069
|switch|p2a: Chaos|Heatran, M|100/100
|switch|p1a: Garchomp|Garchomp, F|81/100
|
|upkeep
|turn|5
|
|t:|1665143076
|switch|p2a: Raven|Tapu Fini, shiny|85/100
|move|p1a: Garchomp|Stealth Rock|p2a: Raven
|-sidestart|p2: Agency the Finale|move: Stealth Rock
|
|upkeep
|turn|6
|j| ANGEL ANNALISAA
|
|t:|1665143080
|switch|p1a: Melmetal|Melmetal|81/100
|move|p2a: Raven|Defog|p1a: Melmetal
|-unboost|p1a: Melmetal|evasion|1
|-sideend|p2: Agency the Finale|Stealth Rock|[from] move: Defog|[of] p2a: Raven
|-fieldend|Misty Terrain
|
|upkeep
|turn|7
|
|t:|1665143085
|switch|p2a: Temple|Ferrothorn, M, shiny|100/100
|move|p1a: Melmetal|Double Iron Bash|p2a: Temple
|-resisted|p2a: Temple
|-damage|p2a: Temple|88/100
|-damage|p1a: Melmetal|69/100|[from] ability: Iron Barbs|[of] p2a: Temple
|-resisted|p2a: Temple
|-damage|p2a: Temple|76/100
|-damage|p1a: Melmetal|57/100|[from] ability: Iron Barbs|[of] p2a: Temple
|-hitcount|p2a: Temple|2
|
|upkeep
|turn|8
|
|t:|1665143090
|switch|p1a: Zapdos|Zapdos|100/100
|move|p2a: Temple|Stealth Rock|p1a: Zapdos
|-sidestart|p1: Kaleor|move: Stealth Rock
|
|upkeep
|turn|9
|
|t:|1665143095
|switch|p2a: Chaos|Heatran, M|100/100
|move|p1a: Zapdos|Volt Switch|p2a: Chaos
|-damage|p2a: Chaos|68/100
|
|t:|1665143098
|switch|p1a: Crawdaunt|Crawdaunt, M|100/100|[from]move: Volt Switch
|-damage|p1a: Crawdaunt|88/100|[from] Stealth Rock
|
|upkeep
|turn|10
|
|t:|1665143103
|move|p2a: Chaos|Earth Power|p1a: Crawdaunt
|-damage|p1a: Crawdaunt|0 fnt
|faint|p1a: Crawdaunt
|
|upkeep
|
|t:|1665143107
|switch|p1a: Dragonite|Dragonite, F|100/100
|turn|11
|
|t:|1665143113
|switch|p1a: Blacephalon|Blacephalon|100/100
|-damage|p1a: Blacephalon|76/100|[from] Stealth Rock
|switch|p2a: Raven|Tapu Fini, shiny|85/100
|-fieldstart|move: Misty Terrain|[from] ability: Misty Surge|[of] p2a: Raven
|
|upkeep
|turn|12
|
|t:|1665143118
|move|p1a: Blacephalon|Shadow Ball|p2a: Raven
|-damage|p2a: Raven|43/100
|move|p2a: Raven|Surf|p1a: Blacephalon
|-supereffective|p1a: Blacephalon
|-damage|p1a: Blacephalon|0 fnt
|faint|p1a: Blacephalon
|
|upkeep
|
|t:|1665143121
|switch|p1a: Zapdos|Zapdos|100/100
|turn|13
|
|t:|1665143124
|switch|p2a: Zangetsu|Garchomp, M, shiny|100/100
|move|p1a: Zapdos|Hurricane|p2a: Zangetsu|[miss]
|-miss|p1a: Zapdos|p2a: Zangetsu
|
|upkeep
|turn|14
|
|t:|1665143126
|move|p2a: Zangetsu|Substitute|p2a: Zangetsu
|-start|p2a: Zangetsu|Substitute
|-damage|p2a: Zangetsu|76/100
|move|p1a: Zapdos|Hurricane|p2a: Zangetsu
|-end|p2a: Zangetsu|Substitute
|
|-heal|p2a: Zangetsu|82/100|[from] item: Leftovers
|upkeep
|turn|15
|
|t:|1665143132
|move|p2a: Zangetsu|Substitute|p2a: Zangetsu
|-start|p2a: Zangetsu|Substitute
|-damage|p2a: Zangetsu|57/100
|move|p1a: Zapdos|Hurricane|p2a: Zangetsu
|-end|p2a: Zangetsu|Substitute
|
|-heal|p2a: Zangetsu|63/100|[from] item: Leftovers
|-fieldend|Misty Terrain
|upkeep
|turn|16
|
|t:|1665143136
|switch|p1a: Garchomp|Garchomp, F|81/100
|-damage|p1a: Garchomp|75/100|[from] Stealth Rock
|move|p2a: Zangetsu|Substitute|p2a: Zangetsu
|-start|p2a: Zangetsu|Substitute
|-damage|p2a: Zangetsu|38/100
|
|-heal|p2a: Zangetsu|44/100|[from] item: Leftovers
|upkeep
|turn|17
|
|t:|1665143139
|move|p1a: Garchomp|Earthquake|p2a: Zangetsu
|-end|p2a: Zangetsu|Substitute
|-damage|p1a: Garchomp|65/100|[from] item: Life Orb
|move|p2a: Zangetsu|Scale Shot|p1a: Garchomp
|-supereffective|p1a: Garchomp
|-damage|p1a: Garchomp|39/100
|-supereffective|p1a: Garchomp
|-damage|p1a: Garchomp|14/100
|-supereffective|p1a: Garchomp
|-damage|p1a: Garchomp|0 fnt
|faint|p1a: Garchomp
|-hitcount|p1: Garchomp|3
|-unboost|p2a: Zangetsu|def|1
|-boost|p2a: Zangetsu|spe|1
|
|-heal|p2a: Zangetsu|50/100|[from] item: Leftovers
|upkeep
|
|t:|1665143142
|switch|p1a: Zapdos|Zapdos|100/100
|turn|18
|
|t:|1665143145
|move|p2a: Zangetsu|Substitute|p2a: Zangetsu
|-start|p2a: Zangetsu|Substitute
|-damage|p2a: Zangetsu|26/100
|move|p1a: Zapdos|Hurricane|p2a: Zangetsu
|-end|p2a: Zangetsu|Substitute
|
|-heal|p2a: Zangetsu|32/100|[from] item: Leftovers
|upkeep
|turn|19
|
|t:|1665143148
|move|p2a: Zangetsu|Substitute|p2a: Zangetsu
|-start|p2a: Zangetsu|Substitute
|-damage|p2a: Zangetsu|7/100
|move|p1a: Zapdos|Hurricane|p2a: Zangetsu
|-end|p2a: Zangetsu|Substitute
|
|-heal|p2a: Zangetsu|13/100|[from] item: Leftovers
|upkeep
|turn|20
|
|t:|1665143152
|switch|p2a: Chaos|Heatran, M|68/100
|move|p1a: Zapdos|Heat Wave|p2a: Chaos
|-start|p2a: Chaos|ability: Flash Fire
|
|upkeep
|turn|21
|
|t:|1665143156
|move|p1a: Zapdos|Volt Switch|p2a: Chaos
|-damage|p2a: Chaos|33/100
|
|t:|1665143159
|switch|p1a: Dragonite|Dragonite, F|100/100|[from]move: Volt Switch
|move|p2a: Chaos|Flamethrower|p1a: Dragonite
|-resisted|p1a: Dragonite
|-damage|p1a: Dragonite|74/100
|
|upkeep
|turn|22
|
|t:|1665143164
|-end|p2a: Chaos|ability: Flash Fire|[silent]
|switch|p2a: Bandit|Weavile, M, shiny|100/100
|-ability|p2a: Bandit|Pressure
|move|p1a: Dragonite|Dragon Dance|p1a: Dragonite
|-boost|p1a: Dragonite|atk|1
|-boost|p1a: Dragonite|spe|1
|
|upkeep
|turn|23
|
|t:|1665143166
|switch|p1a: Melmetal|Melmetal|57/100
|-damage|p1a: Melmetal|50/100|[from] Stealth Rock
|move|p2a: Bandit|Ice Shard|p1a: Melmetal
|-resisted|p1a: Melmetal
|-damage|p1a: Melmetal|44/100
|-damage|p2a: Bandit|91/100|[from] item: Life Orb
|
|upkeep
|turn|24
|
|t:|1665143172
|switch|p2a: Vilgax|Buzzwole, shiny|79/100
|switch|p1a: Zapdos|Zapdos|100/100
|
|upkeep
|turn|25
|
|t:|1665143179
|switch|p2a: Temple|Ferrothorn, M, shiny|76/100
|move|p1a: Zapdos|Hurricane|p2a: Temple
|-damage|p2a: Temple|38/100
|
|upkeep
|turn|26
|
|t:|1665143185
|move|p1a: Zapdos|Heat Wave|p2a: Temple
|-supereffective|p2a: Temple
|-damage|p2a: Temple|0 fnt
|faint|p2a: Temple
|
|upkeep
|c|☆Agency the Finale|Holy shit
|c|☆Agency the Finale|do u not miss?
|
|t:|1665143190
|switch|p2a: Bandit|Weavile, M, shiny|91/100
|-ability|p2a: Bandit|Pressure
|turn|27
|
|t:|1665143196
|move|p2a: Bandit|Triple Axel|p1a: Zapdos|[miss]
|-miss|p2a: Bandit|p1a: Zapdos
|move|p1a: Zapdos|Heat Wave|p2a: Bandit
|-supereffective|p2a: Bandit
|-crit|p2a: Bandit
|-damage|p2a: Bandit|0 fnt
|faint|p2a: Bandit
|
|upkeep
|c|☆Agency the Finale|...
|
|t:|1665143204
|switch|p2a: Chaos|Heatran, M|33/100
|turn|28
|
|t:|1665143208
|move|p1a: Zapdos|Volt Switch|p2a: Chaos
|-damage|p2a: Chaos|0 fnt
|faint|p2a: Chaos
|
|t:|1665143219
|switch|p1a: Dragonite|Dragonite, F|74/100|[from]move: Volt Switch
|
|upkeep
|
|t:|1665143227
|switch|p2a: Zangetsu|Garchomp, M, shiny|13/100
|turn|29
|
|t:|1665143230
|move|p2a: Zangetsu|Scale Shot|p1a: Dragonite
|-supereffective|p1a: Dragonite
|-damage|p1a: Dragonite|49/100
|-supereffective|p1a: Dragonite
|-damage|p1a: Dragonite|23/100
|-hitcount|p1a: Dragonite|2
|-unboost|p2a: Zangetsu|def|1
|-boost|p2a: Zangetsu|spe|1
|move|p1a: Dragonite|Earthquake|p2a: Zangetsu
|-damage|p2a: Zangetsu|0 fnt
|faint|p2a: Zangetsu
|
|upkeep
|
|t:|1665143235
|switch|p2a: Raven|Tapu Fini, shiny|43/100
|-fieldstart|move: Misty Terrain|[from] ability: Misty Surge|[of] p2a: Raven
|turn|30
|
|t:|1665143238
|move|p2a: Raven|Moonblast|p1a: Dragonite
|-supereffective|p1a: Dragonite
|-damage|p1a: Dragonite|0 fnt
|faint|p1a: Dragonite
|
|upkeep
|
|t:|1665143241
|switch|p1a: Melmetal|Melmetal|44/100
|-damage|p1a: Melmetal|38/100|[from] Stealth Rock
|turn|31
|
|t:|1665143252
|move|p2a: Raven|Moonblast|p1a: Melmetal
|-resisted|p1a: Melmetal
|-damage|p1a: Melmetal|28/100
|move|p1a: Melmetal|Double Iron Bash|p2a: Raven
|-damage|p2a: Raven|5/100
|-damage|p2a: Raven|0 fnt
|faint|p2a: Raven
|-hitcount|p2: Raven|2
|
|upkeep
|
|t:|1665143254
|switch|p2a: Vilgax|Buzzwole, shiny|79/100
|turn|32
|
|t:|1665143257
|switch|p1a: Zapdos|Zapdos|100/100
|move|p2a: Vilgax|Ice Punch|p1a: Zapdos
|-supereffective|p1a: Zapdos
|-damage|p1a: Zapdos|1/100
|
|upkeep
|turn|33
|
|t:|1665143262
|move|p1a: Zapdos|Hurricane|p2a: Vilgax
|-supereffective|p2a: Vilgax
|-damage|p2a: Vilgax|0 fnt
|faint|p2a: Vilgax
|
|win|Kaleor
|raw|Kaleor's rating: 1755 &rarr; <strong>1774</strong><br />(+19 for winning)
|raw|Agency the Finale's rating: 1738 &rarr; <strong>1719</strong><br />(-19 for losing)
|c|☆Agency the Finale|ur so lucky
|c|☆Agency the Finale|holy shit
|c|☆Kaleor|Ur so mad
|c|☆Agency the Finale|No missed and a miss
