|j|☆ferromolybdenum
|j|☆DamianKoks123
|player|p1|ferromolybdenum|lucas|1654
|player|p2|DamianKoks123|169|1600
|teamsize|p1|6
|teamsize|p2|6
|gametype|singles
|gen|8
|tier|[Gen 8] OU
|rated|
|clearpoke
|poke|p1|Kyurem-Black|
|poke|p1|Melmetal|
|poke|p1|Clefable, M|
|poke|p1|Corviknight, M|
|poke|p1|Zeraora|
|poke|p1|Seismitoad, F|
|poke|p2|Ribombee, F|
|poke|p2|Mimikyu, F|
|poke|p2|Excadrill, F|
|poke|p2|Dracovish|
|poke|p2|Toxtricity, M|
|poke|p2|Bisharp, F|
|rule|Sleep Clause Mod: Limit one foe put to sleep
|rule|Species Clause: Limit one of each Pokémon
|rule|OHKO Clause: OHKO moves are banned
|rule|Evasion Moves Clause: Evasion moves are banned
|rule|Endless Battle Clause: Forcing endless battles is banned
|rule|HP Percentage Mod: HP is shown in percentages
|rule|Dynamax Clause: You cannot dynamax
|teampreview
|
|start
|switch|p1a: Zeraora|Zeraora|100/100
|switch|p2a: Ribombee|Ribombee, F|100/100
|turn|1
|inactive|Battle timer is ON: inactive players will automatically lose when time's up. (requested by DamianKoks123)
|
|move|p1a: Zeraora|Plasma Fists|p2a: Ribombee
|-enditem|p2a: Ribombee|Focus Sash
|-damage|p2a: Ribombee|1/100
|-fieldactivate|move: Ion Deluge
|-damage|p1a: Zeraora|91/100|[from] item: Life Orb
|move|p2a: Ribombee|Sticky Web|p1a: Zeraora
|-sidestart|p1: ferromolybdenum|move: Sticky Web
|
|upkeep
|turn|2
|
|switch|p2a: DORYUZUUUUUuUU|Excadrill, F|100/100
|-ability|p2a: DORYUZUUUUUuUU|Mold Breaker
|-item|p2a: DORYUZUUUUUuUU|Air Balloon
|move|p1a: Zeraora|Plasma Fists|p2a: DORYUZUUUUUuUU
|-immune|p2a: DORYUZUUUUUuUU
|
|upkeep
|turn|3
|
|switch|p1a: Corviknight|Corviknight, M|100/100
|-ability|p1a: Corviknight|Pressure
|switch|p2a: Vish Strikes Back|Dracovish|100/100
|
|upkeep
|turn|4
|
|switch|p2a: Elec'ric Guitar|Toxtricity, M|100/100
|switch|p1a: Seismitoad|Seismitoad, F|100/100
|-activate|p1a: Seismitoad|move: Sticky Web
|-unboost|p1a: Seismitoad|spe|1
|
|upkeep
|turn|5
|
|switch|p1a: Kyurem|Kyurem-Black|100/100
|-activate|p1a: Kyurem|move: Sticky Web
|-unboost|p1a: Kyurem|spe|1
|-ability|p1a: Kyurem|Teravolt
|move|p2a: Elec'ric Guitar|Boomburst|p1a: Kyurem
|-damage|p1a: Kyurem|9/100
|
|upkeep
|turn|6
|
|move|p2a: Elec'ric Guitar|Boomburst|p1a: Kyurem
|-damage|p1a: Kyurem|0 fnt
|faint|p1a: Kyurem
|
|upkeep
|
|switch|p1a: Corviknight|Corviknight, M|100/100
|-ability|p1a: Corviknight|Pressure
|turn|7
|
|switch|p2a: Ribombee|Ribombee, F|1/100
|move|p1a: Corviknight|Defog|p2a: Ribombee
|-unboost|p2a: Ribombee|evasion|1
|-sideend|p1: ferromolybdenum|Sticky Web|[from] move: Defog|[of] p1a: Corviknight
|
|upkeep
|turn|8
|
|move|p2a: Ribombee|Stun Spore|p1a: Corviknight
|-status|p1a: Corviknight|par
|move|p1a: Corviknight|Defog|p2a: Ribombee
|-unboost|p2a: Ribombee|evasion|1
|
|upkeep
|turn|9
|
|move|p2a: Ribombee|Sticky Web|p1a: Corviknight
|-sidestart|p1: ferromolybdenum|move: Sticky Web
|move|p1a: Corviknight|Brave Bird|p2a: Ribombee
|-supereffective|p2a: Ribombee
|-damage|p2a: Ribombee|0 fnt
|-damage|p1a: Corviknight|99/100 par|[from] Recoil
|faint|p2a: Ribombee
|
|-heal|p1a: Corviknight|100/100 par|[from] item: Leftovers
|upkeep
|
|switch|p2a: Vish Strikes Back|Dracovish|100/100
|turn|10
|
|move|p2a: Vish Strikes Back|Fishious Rend|p1a: Corviknight
|-damage|p1a: Corviknight|1/100 par
|move|p1a: Corviknight|Defog|p2a: Vish Strikes Back
|-unboost|p2a: Vish Strikes Back|evasion|1
|-sideend|p1: ferromolybdenum|Sticky Web|[from] move: Defog|[of] p1a: Corviknight
|
|-heal|p1a: Corviknight|8/100 par|[from] item: Leftovers
|upkeep
|turn|11
|
|switch|p2a: Elec'ric Guitar|Toxtricity, M|100/100
|switch|p1a: Seismitoad|Seismitoad, F|100/100
|
|upkeep
|turn|12
|
|switch|p1a: Corviknight|Corviknight, M|8/100 par
|-ability|p1a: Corviknight|Pressure
|move|p2a: Elec'ric Guitar|Boomburst|p1a: Corviknight
|-resisted|p1a: Corviknight
|-damage|p1a: Corviknight|0 fnt
|faint|p1a: Corviknight
|
|upkeep
|
|switch|p1a: Zeraora|Zeraora|91/100
|turn|13
|
|move|p1a: Zeraora|Knock Off|p2a: Elec'ric Guitar
|-damage|p2a: Elec'ric Guitar|41/100
|-enditem|p2a: Elec'ric Guitar|Choice Specs|[from] move: Knock Off|[of] p1a: Zeraora
|-damage|p1a: Zeraora|81/100|[from] item: Life Orb
|move|p2a: Elec'ric Guitar|Boomburst|p1a: Zeraora
|-damage|p1a: Zeraora|0 fnt
|faint|p1a: Zeraora
|
|upkeep
|
|switch|p1a: Melmetal|Melmetal|100/100
|turn|14
|
|move|p2a: Elec'ric Guitar|Volt Switch|p1a: Melmetal
|-damage|p1a: Melmetal|66/100
|
|switch|p2a: DORYUZUUUUUuUU|Excadrill, F|100/100|[from]move: Volt Switch
|-ability|p2a: DORYUZUUUUUuUU|Mold Breaker
|-item|p2a: DORYUZUUUUUuUU|Air Balloon
|move|p1a: Melmetal|High Horsepower|p2a: DORYUZUUUUUuUU
|-immune|p2a: DORYUZUUUUUuUU
|
|upkeep
|turn|15
|-message|ferromolybdenum forfeited.
|
|win|DamianKoks123
|l|☆ferromolybdenum
|j| Data Mine O
|l| Data Mine O
||Ladder (probably) updated, but score could not be retrieved (Response not received).
