|j|☆Testing Voltage
|j|☆HOF69
|t:|1652470674
|gametype|singles
|player|p1|Testing Voltage|linebacker|1778
|player|p2|HOF69|red|1849
|teamsize|p1|6
|teamsize|p2|6
|gen|8
|tier|[Gen 8] OU
|rated|
|rule|Sleep Clause Mod: Limit one foe put to sleep
|rule|Species Clause: Limit one of each Pokémon
|rule|OHKO Clause: OHKO moves are banned
|rule|Evasion Moves Clause: Evasion moves are banned
|rule|Endless Battle Clause: Forcing endless battles is banned
|rule|HP Percentage Mod: HP is shown in percentages
|rule|Dynamax Clause: You cannot dynamax
|clearpoke
|poke|p1|Tapu Koko|
|poke|p1|Raichu-Alola, F|
|poke|p1|Corviknight, M|
|poke|p1|Buzzwole|
|poke|p1|Landorus-Therian, M|
|poke|p1|Volcanion|
|poke|p2|Blacephalon|
|poke|p2|Gengar, M|
|poke|p2|Landorus-Therian, M|
|poke|p2|Krookodile, M|
|poke|p2|Kartana|
|poke|p2|Tapu Lele|
|teampreview
|
|t:|1652470681
|start
|switch|p1a: Landorus|Landorus-Therian, M|100/100
|switch|p2a: Krookodile|Krookodile, M|100/100
|-ability|p2a: Krookodile|Intimidate|boost
|-unboost|p1a: Landorus|atk|1
|-ability|p1a: Landorus|Intimidate|boost
|-unboost|p2a: Krookodile|atk|1
|turn|1
|
|t:|1652470684
|move|p2a: Krookodile|Taunt|p1a: Landorus
|-start|p1a: Landorus|move: Taunt
|move|p1a: Landorus|U-turn|p2a: Krookodile
|-supereffective|p2a: Krookodile
|-damage|p2a: Krookodile|64/100
|
|t:|1652470687
|switch|p1a: Wave|Tapu Koko|100/100|[from]move: U-turn
|-fieldstart|move: Electric Terrain|[from] ability: Electric Surge|[of] p1a: Wave
|
|upkeep
|turn|2
|
|t:|1652470691
|switch|p2a: Landorus|Landorus-Therian, M|100/100
|-ability|p2a: Landorus|Intimidate|boost
|-unboost|p1a: Wave|atk|1
|move|p1a: Wave|Dazzling Gleam|p2a: Landorus
|-damage|p2a: Landorus|80/100
|
|upkeep
|turn|3
|j| Disrespectn
|
|t:|1652470695
|switch|p1a: Alloy Poe|Corviknight, M|100/100
|move|p2a: Landorus|U-turn|p1a: Alloy Poe
|-resisted|p1a: Alloy Poe
|-damage|p1a: Alloy Poe|95/100
|
|t:|1652470698
|switch|p2a: Krookodile|Krookodile, M|64/100|[from]move: U-turn
|-ability|p2a: Krookodile|Intimidate|boost
|-ability|p1a: Alloy Poe|Mirror Armor
|-unboost|p2a: Krookodile|atk|1
|
|-heal|p1a: Alloy Poe|100/100|[from] item: Leftovers
|upkeep
|turn|4
|
|t:|1652470703
|move|p2a: Krookodile|Stealth Rock|p1a: Alloy Poe
|-sidestart|p1: Testing Voltage|move: Stealth Rock
|move|p1a: Alloy Poe|U-turn|p2a: Krookodile
|-supereffective|p2a: Krookodile
|-damage|p2a: Krookodile|29/100
|
|t:|1652470707
|switch|p1a: Wave|Tapu Koko|100/100|[from]move: U-turn
|-damage|p1a: Wave|88/100|[from] Stealth Rock
|
|upkeep
|turn|5
|
|t:|1652470712
|move|p1a: Wave|U-turn|p2a: Krookodile
|-supereffective|p2a: Krookodile
|-damage|p2a: Krookodile|0 fnt
|faint|p2a: Krookodile
|
|t:|1652470714
|switch|p1a: Alloy Poe|Corviknight, M|100/100|[from]move: U-turn
|-damage|p1a: Alloy Poe|88/100|[from] Stealth Rock
|
|-heal|p1a: Alloy Poe|94/100|[from] item: Leftovers
|upkeep
|
|t:|1652470736
|switch|p2a: Blacephalon|Blacephalon|100/100
|turn|6
|
|t:|1652470739
|move|p2a: Blacephalon|Flamethrower|p1a: Alloy Poe
|-supereffective|p1a: Alloy Poe
|-damage|p1a: Alloy Poe|16/100
|move|p1a: Alloy Poe|Brave Bird|p2a: Blacephalon
|-damage|p2a: Blacephalon|13/100
|-damage|p1a: Alloy Poe|0 fnt|[from] Recoil
|faint|p1a: Alloy Poe
|
|upkeep
|
|t:|1652470751
|switch|p1a: Landorus|Landorus-Therian, M|100/100
|-damage|p1a: Landorus|88/100|[from] Stealth Rock
|-ability|p1a: Landorus|Intimidate|boost
|-unboost|p2a: Blacephalon|atk|1
|turn|7
|
|t:|1652470762
|move|p2a: Blacephalon|Flamethrower|p1a: Landorus
|-damage|p1a: Landorus|52/100
|move|p1a: Landorus|Stealth Rock|p2a: Blacephalon
|-sidestart|p2: HOF69|move: Stealth Rock
|
|-heal|p1a: Landorus|58/100|[from] item: Leftovers
|upkeep
|turn|8
|
|t:|1652470772
|move|p2a: Blacephalon|Flamethrower|p1a: Landorus
|-crit|p1a: Landorus
|-damage|p1a: Landorus|0 fnt
|faint|p1a: Landorus
|-ability|p2a: Blacephalon|Beast Boost|boost
|-boost|p2a: Blacephalon|spa|1
|
|-fieldend|move: Electric Terrain
|upkeep
|
|t:|1652470776
|switch|p1a: Wave|Tapu Koko|88/100
|-damage|p1a: Wave|76/100|[from] Stealth Rock
|-fieldstart|move: Electric Terrain|[from] ability: Electric Surge|[of] p1a: Wave
|turn|9
|
|t:|1652470780
|switch|p1a: Volcanion|Volcanion|100/100
|-damage|p1a: Volcanion|76/100|[from] Stealth Rock
|move|p2a: Blacephalon|Flamethrower|p1a: Volcanion
|-resisted|p1a: Volcanion
|-damage|p1a: Volcanion|51/100
|
|upkeep
|turn|10
|
|t:|1652470787
|move|p2a: Blacephalon|Flamethrower|p1a: Volcanion
|-resisted|p1a: Volcanion
|-damage|p1a: Volcanion|26/100
|move|p1a: Volcanion|Steam Eruption|p2a: Blacephalon
|-supereffective|p2a: Blacephalon
|-damage|p2a: Blacephalon|0 fnt
|faint|p2a: Blacephalon
|
|upkeep
|
|t:|1652470799
|switch|p2a: Kartana|Kartana|100/100
|-damage|p2a: Kartana|94/100|[from] Stealth Rock
|turn|11
|
|t:|1652470803
|move|p2a: Kartana|Knock Off|p1a: Volcanion
|-crit|p1a: Volcanion
|-damage|p1a: Volcanion|0 fnt
|-enditem|p1a: Volcanion|Choice Specs|[from] move: Knock Off|[of] p2a: Kartana
|faint|p1a: Volcanion
|-ability|p2a: Kartana|Beast Boost|boost
|-boost|p2a: Kartana|atk|1
|
|upkeep
|
|t:|1652470806
|switch|p1a: Valentine|Raichu-Alola, F, shiny|100/100
|-damage|p1a: Valentine|88/100|[from] Stealth Rock
|turn|12
|
|t:|1652470809
|move|p1a: Valentine|Rising Voltage|p2a: Kartana
|-hint|Rising Voltage's BP doubled on grounded target.
|-resisted|p2a: Kartana
|-damage|p2a: Kartana|0 fnt
|faint|p2a: Kartana
|-damage|p1a: Valentine|78/100|[from] item: Life Orb
|
|upkeep
|
|t:|1652470819
|switch|p2a: Tapu Lele|Tapu Lele|100/100
|-damage|p2a: Tapu Lele|88/100|[from] Stealth Rock
|-fieldstart|move: Psychic Terrain|[from] ability: Psychic Surge|[of] p2a: Tapu Lele
|turn|13
|
|t:|1652470823
|move|p1a: Valentine|Rising Voltage|p2a: Tapu Lele
|-damage|p2a: Tapu Lele|42/100
|-damage|p1a: Valentine|68/100|[from] item: Life Orb
|move|p2a: Tapu Lele|Moonblast|p1a: Valentine
|-damage|p1a: Valentine|0 fnt
|faint|p1a: Valentine
|
|upkeep
|
|t:|1652470826
|switch|p1a: Wave|Tapu Koko|76/100
|-damage|p1a: Wave|63/100|[from] Stealth Rock
|-fieldstart|move: Electric Terrain|[from] ability: Electric Surge|[of] p1a: Wave
|turn|14
|
|t:|1652470835
|switch|p2a: Landorus|Landorus-Therian, M|80/100
|-damage|p2a: Landorus|68/100|[from] Stealth Rock
|-ability|p2a: Landorus|Intimidate|boost
|-unboost|p1a: Wave|atk|1
|move|p1a: Wave|Thunderbolt|p2a: Landorus
|-immune|p2a: Landorus
|
|upkeep
|turn|15
|
|t:|1652470837
|move|p1a: Wave|Dazzling Gleam|p2a: Landorus
|-damage|p2a: Landorus|46/100
|move|p2a: Landorus|U-turn|p1a: Wave
|-resisted|p1a: Wave
|-damage|p1a: Wave|47/100
|
|t:|1652470842
|switch|p2a: Gengar|Gengar, M, shiny|100/100|[from]move: U-turn
|-damage|p2a: Gengar|88/100|[from] Stealth Rock
|
|upkeep
|turn|16
|
|t:|1652470844
|switch|p2a: Landorus|Landorus-Therian, M|46/100
|-damage|p2a: Landorus|34/100|[from] Stealth Rock
|-ability|p2a: Landorus|Intimidate|boost
|-unboost|p1a: Wave|atk|1
|move|p1a: Wave|Thunderbolt|p2a: Landorus
|-immune|p2a: Landorus
|
|upkeep
|turn|17
|j| limepee
|
|t:|1652470852
|switch|p1a: Buzzwole|Buzzwole|100/100
|-damage|p1a: Buzzwole|88/100|[from] Stealth Rock
|move|p2a: Landorus|Earthquake|p1a: Buzzwole
|-resisted|p1a: Buzzwole
|-damage|p1a: Buzzwole|71/100
|
|upkeep
|turn|18
|
|t:|1652470858
|move|p1a: Buzzwole|Ice Punch|p2a: Landorus
|-supereffective|p2a: Landorus
|-damage|p2a: Landorus|0 fnt
|faint|p2a: Landorus
|-ability|p1a: Buzzwole|Beast Boost|boost
|-boost|p1a: Buzzwole|atk|1
|
|upkeep
|
|t:|1652470866
|switch|p2a: Gengar|Gengar, M, shiny|88/100
|-damage|p2a: Gengar|76/100|[from] Stealth Rock
|turn|19
|
|t:|1652470871
|move|p2a: Gengar|Sludge Wave|p1a: Buzzwole
|-damage|p1a: Buzzwole|3/100
|move|p1a: Buzzwole|Earthquake|p2a: Gengar
|-supereffective|p2a: Gengar
|-damage|p2a: Gengar|0 fnt
|faint|p2a: Gengar
|-ability|p1a: Buzzwole|Beast Boost|boost
|-boost|p1a: Buzzwole|atk|1
|
|upkeep
|-message|HOF69 forfeited.
|
|win|Testing Voltage
|raw|Testing Voltage's rating: 1778 &rarr; <strong>1802</strong><br />(+24 for winning)
|raw|HOF69's rating: 1849 &rarr; <strong>1825</strong><br />(-24 for losing)
|l|☆HOF69
||Ladder isn't responding, score probably updated but might not have (Request timeout).
|l| limepee
|l| Disrespectn
