|j|☆RggV_YT
|j|☆smollest brian
|t:|1656506322
|gametype|singles
|player|p1|RggV_YT|scientist-gen4|1794
|player|p2|smollest brian|sonia|1797
|teamsize|p1|6
|teamsize|p2|6
|gen|8
|tier|[Gen 8] OU
|rated|
|rule|Sleep Clause Mod: Limit one foe put to sleep
|rule|Species Clause: Limit one of each Pokémon
|rule|OHKO Clause: OHKO moves are banned
|rule|Evasion Moves Clause: Evasion moves are banned
|rule|Endless Battle Clause: Forcing endless battles is banned
|rule|HP Percentage Mod: HP is shown in percentages
|rule|Dynamax Clause: You cannot dynamax
|clearpoke
|poke|p1|Talonflame, M|
|poke|p1|Pelipper, F|
|poke|p1|Hatterene, F|
|poke|p1|Seismitoad, M|
|poke|p1|Urshifu-*, M|
|poke|p1|Ferrothorn, M|
|poke|p2|Frosmoth, M|
|poke|p2|Volcanion|
|poke|p2|Corviknight, M|
|poke|p2|Garchomp, M|
|poke|p2|Tapu Lele|
|poke|p2|Hawlucha, F|
|teampreview
|inactive|Battle timer is ON: inactive players will automatically lose when time's up. (requested by RggV_YT)
|j| Ggcfxhbuvx
|inactive|smollest brian has 120 seconds left.
|j| AI with the braids
|
|t:|1656506377
|start
|switch|p1a: Seismitoad|Seismitoad, M, shiny|100/100
|switch|p2a: Frosmoth|Frosmoth, M|100/100
|turn|1
|j| ryrt
|
|t:|1656506398
|switch|p1a: Ferrothorn|Ferrothorn, M, shiny|100/100
|move|p2a: Frosmoth|Giga Drain|p1a: Ferrothorn
|-resisted|p1a: Ferrothorn
|-damage|p1a: Ferrothorn|96/100
|
|upkeep
|turn|2
|
|t:|1656506409
|switch|p2a: Volcanion|Volcanion|100/100
|move|p1a: Ferrothorn|Stealth Rock|p2a: Volcanion
|-sidestart|p2: smollest brian|move: Stealth Rock
|
|upkeep
|turn|3
|
|t:|1656506423
|switch|p2a: Garchomp|Garchomp, M|100/100
|-damage|p2a: Garchomp|94/100|[from] Stealth Rock
|move|p1a: Ferrothorn|Power Whip|p2a: Garchomp
|-damage|p2a: Garchomp|64/100
|-damage|p1a: Ferrothorn|83/100|[from] ability: Rough Skin|[of] p2a: Garchomp
|-damage|p1a: Ferrothorn|67/100|[from] item: Rocky Helmet|[of] p2a: Garchomp
|
|upkeep
|turn|4
|
|t:|1656506431
|switch|p1a: Hatterene|Hatterene, F, shiny|100/100
|move|p2a: Garchomp|Stealth Rock|p1a: Hatterene
|move|p1a: Hatterene|Stealth Rock||[from]ability: Magic Bounce|[still]
|-fail|p1a: Hatterene
|
|upkeep
|turn|5
|
|t:|1656506445
|switch|p2a: Corviknight|Corviknight, M|100/100
|-damage|p2a: Corviknight|88/100|[from] Stealth Rock
|-ability|p2a: Corviknight|Pressure
|move|p1a: Hatterene|Draining Kiss|p2a: Corviknight
|-resisted|p2a: Corviknight
|-damage|p2a: Corviknight|78/100
|
|-heal|p2a: Corviknight|84/100|[from] item: Leftovers
|upkeep
|turn|6
|
|t:|1656506448
|move|p2a: Corviknight|Defog|p1a: Hatterene
|move|p1a: Hatterene|Defog|p2a: Corviknight|[from]ability: Magic Bounce
|-unboost|p2a: Corviknight|evasion|1
|-sideend|p2: smollest brian|Stealth Rock|[from] move: Defog|[of] p1a: Hatterene
|move|p1a: Hatterene|Nuzzle|p2a: Corviknight
|-supereffective|p2a: Corviknight
|-damage|p2a: Corviknight|79/100
|-status|p2a: Corviknight|par
|
|-heal|p2a: Corviknight|85/100 par|[from] item: Leftovers
|upkeep
|turn|7
|
|t:|1656506455
|switch|p1a: Pelipper|Pelipper, F|100/100
|-weather|RainDance|[from] ability: Drizzle|[of] p1a: Pelipper
|move|p2a: Corviknight|Roost|p2a: Corviknight
|-heal|p2a: Corviknight|100/100 par
|-singleturn|p2a: Corviknight|move: Roost
|
|-weather|RainDance|[upkeep]
|upkeep
|turn|8
|
|t:|1656506462
|move|p1a: Pelipper|Scald|p2a: Corviknight
|-damage|p2a: Corviknight|63/100 par
|cant|p2a: Corviknight|par
|
|-weather|RainDance|[upkeep]
|-heal|p2a: Corviknight|69/100 par|[from] item: Leftovers
|upkeep
|turn|9
|j| ayayaplop
|
|t:|1656506470
|move|p1a: Pelipper|U-turn|p2a: Corviknight
|-resisted|p2a: Corviknight
|-damage|p2a: Corviknight|68/100 par
|
|t:|1656506472
|switch|p1a: Seismitoad|Seismitoad, M, shiny|100/100|[from]move: U-turn
|move|p2a: Corviknight|U-turn|p1a: Seismitoad
|-damage|p1a: Seismitoad|82/100
|
|t:|1656506476
|switch|p2a: Frosmoth|Frosmoth, M|100/100|[from]move: U-turn
|
|-weather|RainDance|[upkeep]
|upkeep
|turn|10
|
|t:|1656506488
|switch|p1a: Urshifu|Urshifu-Rapid-Strike, M|100/100
|move|p2a: Frosmoth|Ice Beam|p1a: Urshifu
|-resisted|p1a: Urshifu
|-damage|p1a: Urshifu|66/100
|
|-weather|RainDance|[upkeep]
|upkeep
|turn|11
|j| happy liu
|
|t:|1656506516
|switch|p2a: Garchomp|Garchomp, M|64/100
|move|p1a: Urshifu|Close Combat|p2a: Garchomp
|-damage|p2a: Garchomp|0 fnt
|-unboost|p1a: Urshifu|def|1
|-unboost|p1a: Urshifu|spd|1
|-damage|p1a: Urshifu|54/100|[from] ability: Rough Skin|[of] p2a: Garchomp
|-damage|p1a: Urshifu|37/100|[from] item: Rocky Helmet|[of] p2a: Garchomp
|faint|p2a: Garchomp
|
|-weather|RainDance|[upkeep]
|upkeep
|c| happy liu|i m coming！
|
|t:|1656506523
|switch|p2a: Tapu Lele|Tapu Lele|100/100
|-fieldstart|move: Psychic Terrain|[from] ability: Psychic Surge|[of] p2a: Tapu Lele
|turn|12
|l| ryrt
|
|t:|1656506527
|switch|p1a: Ferrothorn|Ferrothorn, M, shiny|67/100
|move|p2a: Tapu Lele|Psychic|p1a: Ferrothorn
|-resisted|p1a: Ferrothorn
|-damage|p1a: Ferrothorn|32/100
|
|-weather|RainDance|[upkeep]
|upkeep
|turn|13
|inactive|RggV_YT has 120 seconds left.
|
|t:|1656506559
|move|p2a: Tapu Lele|Psychic|p1a: Ferrothorn
|-resisted|p1a: Ferrothorn
|-damage|p1a: Ferrothorn|0 fnt
|faint|p1a: Ferrothorn
|
|-weather|RainDance|[upkeep]
|upkeep
|inactive|RggV_YT has 120 seconds left.
|j| Sino pacific
|inactive|RggV_YT has 90 seconds left.
|
|t:|1656506622
|switch|p1a: Urshifu|Urshifu-Rapid-Strike, M|37/100
|turn|14
|j| Sacrum
|inactive|smollest brian has 120 seconds left.
|
|t:|1656506654
|switch|p2a: Volcanion|Volcanion|100/100
|move|p1a: Urshifu|U-turn|p2a: Volcanion
|-resisted|p2a: Volcanion
|-damage|p2a: Volcanion|85/100
|
|t:|1656506659
|switch|p1a: Seismitoad|Seismitoad, M, shiny|82/100|[from]move: U-turn
|
|-weather|none
|upkeep
|turn|15
|
|t:|1656506667
|switch|p2a: Frosmoth|Frosmoth, M|100/100
|move|p1a: Seismitoad|Earth Power|p2a: Frosmoth
|-resisted|p2a: Frosmoth
|-damage|p2a: Frosmoth|91/100
|
|upkeep
|turn|16
|inactive|RggV_YT has 90 seconds left.
|
|t:|1656506681
|switch|p1a: Pelipper|Pelipper, F|100/100
|-weather|RainDance|[from] ability: Drizzle|[of] p1a: Pelipper
|move|p2a: Frosmoth|Ice Beam|p1a: Pelipper
|-damage|p1a: Pelipper|49/100
|
|-weather|RainDance|[upkeep]
|-fieldend|move: Psychic Terrain
|upkeep
|turn|17
|
|t:|1656506686
|switch|p1a: Talonflame|Talonflame, M|100/100
|move|p2a: Frosmoth|Ice Beam|p1a: Talonflame
|-damage|p1a: Talonflame|23/100
|
|-weather|RainDance|[upkeep]
|upkeep
|turn|18
|
|t:|1656506695
|switch|p2a: Corviknight|Corviknight, M|68/100 par
|-ability|p2a: Corviknight|Pressure
|move|p1a: Talonflame|Hurricane|p2a: Corviknight
|-resisted|p2a: Corviknight
|-damage|p2a: Corviknight|35/100 par
|
|-weather|RainDance|[upkeep]
|-heal|p2a: Corviknight|41/100 par|[from] item: Leftovers
|upkeep
|turn|19
|
|t:|1656506707
|switch|p1a: Urshifu|Urshifu-Rapid-Strike, M|37/100
|cant|p2a: Corviknight|par
|
|-weather|RainDance|[upkeep]
|-heal|p2a: Corviknight|47/100 par|[from] item: Leftovers
|upkeep
|turn|20
|
|t:|1656506712
|move|p1a: Urshifu|Close Combat|p2a: Corviknight
|-damage|p2a: Corviknight|0 fnt
|-unboost|p1a: Urshifu|def|1
|-unboost|p1a: Urshifu|spd|1
|faint|p2a: Corviknight
|
|-weather|RainDance|[upkeep]
|upkeep
|
|t:|1656506715
|switch|p2a: Tapu Lele|Tapu Lele|100/100
|-fieldstart|move: Psychic Terrain|[from] ability: Psychic Surge|[of] p2a: Tapu Lele
|turn|21
|inactive|RggV_YT has 120 seconds left.
|
|t:|1656506739
|move|p1a: Urshifu|Close Combat|p2a: Tapu Lele
|-resisted|p2a: Tapu Lele
|-damage|p2a: Tapu Lele|66/100
|-unboost|p1a: Urshifu|def|1
|-unboost|p1a: Urshifu|spd|1
|move|p2a: Tapu Lele|Moonblast|p1a: Urshifu
|-supereffective|p1a: Urshifu
|-damage|p1a: Urshifu|0 fnt
|faint|p1a: Urshifu
|
|-weather|RainDance|[upkeep]
|upkeep
|
|t:|1656506742
|switch|p1a: Seismitoad|Seismitoad, M, shiny|82/100
|turn|22
|
|t:|1656506745
|switch|p2a: Frosmoth|Frosmoth, M|91/100
|move|p1a: Seismitoad|Earth Power|p2a: Frosmoth
|-resisted|p2a: Frosmoth
|-damage|p2a: Frosmoth|80/100
|
|-weather|RainDance|[upkeep]
|upkeep
|turn|23
|
|t:|1656506750
|switch|p1a: Hatterene|Hatterene, F, shiny|100/100
|move|p2a: Frosmoth|Giga Drain|p1a: Hatterene
|-damage|p1a: Hatterene|73/100
|-heal|p2a: Frosmoth|96/100|[from] drain|[of] p1a: Hatterene
|
|-weather|none
|upkeep
|turn|24
|
|t:|1656506754
|move|p2a: Frosmoth|Ice Beam|p1a: Hatterene
|-damage|p1a: Hatterene|19/100
|move|p1a: Hatterene|Psyshock|p2a: Frosmoth
|-damage|p2a: Frosmoth|54/100
|
|upkeep
|turn|25
|
|t:|1656506761
|switch|p1a: Pelipper|Pelipper, F|49/100
|-weather|RainDance|[from] ability: Drizzle|[of] p1a: Pelipper
|move|p2a: Frosmoth|Ice Beam|p1a: Pelipper
|-damage|p1a: Pelipper|0 fnt
|faint|p1a: Pelipper
|
|-weather|RainDance|[upkeep]
|-fieldend|move: Psychic Terrain
|upkeep
|
|t:|1656506763
|switch|p1a: Talonflame|Talonflame, M|23/100
|turn|26
|j| 7lock
|l| Ggcfxhbuvx
|j| Bug-T
|
|t:|1656506774
|switch|p2a: Tapu Lele|Tapu Lele|66/100
|-fieldstart|move: Psychic Terrain|[from] ability: Psychic Surge|[of] p2a: Tapu Lele
|move|p1a: Talonflame|Roost|p1a: Talonflame
|-heal|p1a: Talonflame|73/100
|-singleturn|p1a: Talonflame|move: Roost
|
|-weather|RainDance|[upkeep]
|upkeep
|turn|27
|
|t:|1656506779
|switch|p1a: Hatterene|Hatterene, F, shiny|19/100
|move|p2a: Tapu Lele|Psychic|p1a: Hatterene
|-resisted|p1a: Hatterene
|-damage|p1a: Hatterene|0 fnt
|faint|p1a: Hatterene
|
|-weather|RainDance|[upkeep]
|upkeep
|
|t:|1656506781
|switch|p1a: Seismitoad|Seismitoad, M, shiny|82/100
|turn|28
|
|t:|1656506791
|move|p1a: Seismitoad|Weather Ball|p2a: Tapu Lele
|-damage|p2a: Tapu Lele|0 fnt
|faint|p2a: Tapu Lele
|
|-weather|RainDance|[upkeep]
|upkeep
|
|t:|1656506794
|switch|p2a: Volcanion|Volcanion|85/100
|turn|29
|
|t:|1656506795
|move|p1a: Seismitoad|Weather Ball|p2a: Volcanion
|-heal|p2a: Volcanion|100/100|[from] ability: Water Absorb|[of] p1a: Seismitoad
|move|p2a: Volcanion|Steam Eruption|p1a: Seismitoad
|-damage|p1a: Seismitoad|0 fnt
|faint|p1a: Seismitoad
|
|-weather|RainDance|[upkeep]
|upkeep
|
|t:|1656506797
|switch|p1a: Talonflame|Talonflame, M|73/100
|turn|30
|
|t:|1656506798
|move|p1a: Talonflame|Hurricane|p2a: Volcanion
|-damage|p2a: Volcanion|29/100
|move|p2a: Volcanion|Steam Eruption|p1a: Talonflame
|-supereffective|p1a: Talonflame
|-damage|p1a: Talonflame|0 fnt
|faint|p1a: Talonflame
|
|win|smollest brian
|raw|RggV_YT's rating: 1794 &rarr; <strong>1774</strong><br />(-20 for losing)
|raw|smollest brian's rating: 1797 &rarr; <strong>1817</strong><br />(+20 for winning)
|c|☆smollest brian|gg
|c|☆RggV_YT|Gg
|l|☆RggV_YT
|l| Sacrum
||Ladder isn't responding, score probably updated but might not have (Request timeout).
|l| AI with the braids
|c| happy liu|gg
