|html|<div class="broadcast-blue"><strong>[Gen 8] OU is currently suspecting Zamazenta-Crowned! For information on how to participate check out the <a href="https://www.smogon.com/forums/threads/np-ss-ou-suspect-process-round-10-royals.3681787/">suspect thread</a>.</strong></div>
|j|☆FlamingAegis
|j|☆damorush
|t:|1618298672
|gametype|singles
|player|p1|FlamingAegis|wattson|1545
|player|p2|damorush|steven|1551
|teamsize|p1|6
|teamsize|p2|6
|gen|8
|tier|[Gen 8] OU
|rated|
|clearpoke
|poke|p1|Landorus-Therian, M|
|poke|p1|Tapu Koko|
|poke|p1|Azumarill, M|
|poke|p1|Garchomp, F|
|poke|p1|Dragonite, F|
|poke|p1|Zamazenta-Crowned|
|poke|p2|Shuckle, M|
|poke|p2|Kartana|
|poke|p2|Gengar, F|
|poke|p2|Zapdos-Galar|
|poke|p2|Tyranitar, F|
|poke|p2|Weavile, M|
|rule|Sleep Clause Mod: Limit one foe put to sleep
|rule|Species Clause: Limit one of each Pokémon
|rule|OHKO Clause: OHKO moves are banned
|rule|Evasion Moves Clause: Evasion moves are banned
|rule|Endless Battle Clause: Forcing endless battles is banned
|rule|HP Percentage Mod: HP is shown in percentages
|rule|Dynamax Clause: You cannot dynamax
|teampreview
|inactive|Battle timer is ON: inactive players will automatically lose when time's up. (requested by FlamingAegis)
|
|t:|1618298691
|start
|switch|p1a: Tapu Koko|Tapu Koko|100/100
|switch|p2a: Shuckle|Shuckle, M|100/100
|-fieldstart|move: Electric Terrain|[from] ability: Electric Surge|[of] p1a: Tapu Koko
|turn|1
|
|t:|1618298704
|move|p1a: Tapu Koko|Taunt|p2a: Shuckle
|-start|p2a: Shuckle|move: Taunt
|cant|p2a: Shuckle|move: Taunt|Sticky Web
|
|upkeep
|turn|2
|
|t:|1618298710
|switch|p2a: Tyranitar|Tyranitar, F|100/100
|-weather|Sandstorm|[from] ability: Sand Stream|[of] p2a: Tyranitar
|move|p1a: Tapu Koko|Reflect|p1a: Tapu Koko
|-sidestart|p1: FlamingAegis|Reflect
|
|-weather|Sandstorm|[upkeep]
|-damage|p1a: Tapu Koko|94/100|[from] Sandstorm
|upkeep
|turn|3
|
|t:|1618298718
|move|p1a: Tapu Koko|Taunt|p2a: Tyranitar
|-start|p2a: Tyranitar|move: Taunt
|move|p2a: Tyranitar|Stone Edge|p1a: Tapu Koko
|-damage|p1a: Tapu Koko|41/100
|
|-weather|Sandstorm|[upkeep]
|-damage|p1a: Tapu Koko|35/100|[from] Sandstorm
|upkeep
|turn|4
|
|t:|1618298726
|move|p1a: Tapu Koko|U-turn|p2a: Tyranitar
|-supereffective|p2a: Tyranitar
|-damage|p2a: Tyranitar|67/100
|
|t:|1618298728
|switch|p1a: Landorus|Landorus-Therian, M|100/100|[from]move: U-turn
|-ability|p1a: Landorus|Intimidate|boost
|-unboost|p2a: Tyranitar|atk|1
|move|p2a: Tyranitar|Stone Edge|p1a: Landorus|[miss]
|-miss|p2a: Tyranitar|p1a: Landorus
|
|-weather|Sandstorm|[upkeep]
|upkeep
|turn|5
|
|t:|1618298737
|switch|p2a: Shuckle|Shuckle, M|100/100
|move|p1a: Landorus|Stealth Rock|p2a: Shuckle
|-sidestart|p2: damorush|move: Stealth Rock
|
|-weather|Sandstorm|[upkeep]
|-fieldend|move: Electric Terrain
|upkeep
|turn|6
|
|t:|1618298747
|switch|p1a: Zamazenta|Zamazenta-Crowned|100/100
|-ability|p1a: Zamazenta|Dauntless Shield|boost
|-boost|p1a: Zamazenta|def|1
|move|p2a: Shuckle|Sticky Web|p1a: Zamazenta
|-sidestart|p1: FlamingAegis|move: Sticky Web
|
|-weather|none
|upkeep
|turn|7
|
|t:|1618298753
|move|p1a: Zamazenta|Howl|p1a: Zamazenta
|-boost|p1a: Zamazenta|atk|1
|move|p2a: Shuckle|Stealth Rock|p1a: Zamazenta
|-sidestart|p1: FlamingAegis|move: Stealth Rock
|
|upkeep
|turn|8
|
|t:|1618298758
|move|p1a: Zamazenta|Behemoth Bash|p2a: Shuckle
|-supereffective|p2a: Shuckle
|-damage|p2a: Shuckle|6/100
|-enditem|p2a: Shuckle|Red Card|[of] p1a: Zamazenta
|drag|p1a: Azumarill|Azumarill, M|100/100
|-activate|p1a: Azumarill|move: Sticky Web
|-unboost|p1a: Azumarill|spe|1
|-damage|p1a: Azumarill|88/100|[from] Stealth Rock
|move|p2a: Shuckle|Encore||[still]
|-fail|p2a: Shuckle
|
|upkeep
|turn|9
|
|t:|1618298767
|move|p1a: Azumarill|Knock Off|p2a: Shuckle
|-damage|p2a: Shuckle|0 fnt
|faint|p2a: Shuckle
|
|-sideend|p1: FlamingAegis|Reflect
|upkeep
|
|t:|1618298772
|switch|p2a: Kartana|Kartana|100/100
|-damage|p2a: Kartana|94/100|[from] Stealth Rock
|turn|10
|
|t:|1618298778
|switch|p1a: Landorus|Landorus-Therian, M|100/100
|-damage|p1a: Landorus|88/100|[from] Stealth Rock
|-ability|p1a: Landorus|Intimidate|boost
|-unboost|p2a: Kartana|atk|1
|move|p2a: Kartana|Swords Dance|p2a: Kartana
|-boost|p2a: Kartana|atk|2
|
|upkeep
|turn|11
|
|t:|1618298786
|move|p2a: Kartana|Knock Off|p1a: Landorus
|-damage|p1a: Landorus|0 fnt
|-enditem|p1a: Landorus|Focus Sash|[from] move: Knock Off|[of] p2a: Kartana
|-damage|p2a: Kartana|85/100|[from] item: Life Orb
|faint|p1a: Landorus
|-ability|p2a: Kartana|Beast Boost|boost
|-boost|p2a: Kartana|atk|1
|
|upkeep
|
|t:|1618298791
|switch|p1a: Dragonite|Dragonite, F|100/100
|turn|12
|
|t:|1618298796
|move|p2a: Kartana|Knock Off|p1a: Dragonite
|-damage|p1a: Dragonite|38/100
|-enditem|p1a: Dragonite|Heavy-Duty Boots|[from] move: Knock Off|[of] p2a: Kartana
|-damage|p2a: Kartana|75/100|[from] item: Life Orb
|move|p1a: Dragonite|Dragon Dance|p1a: Dragonite
|-boost|p1a: Dragonite|atk|1
|-boost|p1a: Dragonite|spe|1
|
|upkeep
|turn|13
|
|t:|1618298804
|move|p1a: Dragonite|Dual Wingbeat|p2a: Kartana
|-damage|p2a: Kartana|37/100
|-damage|p2a: Kartana|0 fnt
|-hitcount|p2a: Kartana|2
|faint|p2a: Kartana
|
|upkeep
|
|t:|1618298809
|switch|p2a: Weavile|Weavile, M|100/100
|-damage|p2a: Weavile|76/100|[from] Stealth Rock
|-ability|p2a: Weavile|Pressure
|turn|14
|
|t:|1618298818
|move|p2a: Weavile|Ice Shard|p1a: Dragonite
|-supereffective|p1a: Dragonite
|-damage|p1a: Dragonite|0 fnt
|faint|p1a: Dragonite
|
|upkeep
|
|t:|1618298821
|switch|p1a: Zamazenta|Zamazenta-Crowned|100/100
|-damage|p1a: Zamazenta|97/100|[from] Stealth Rock
|-activate|p1a: Zamazenta|move: Sticky Web
|-unboost|p1a: Zamazenta|spe|1
|-ability|p1a: Zamazenta|Dauntless Shield|boost
|-boost|p1a: Zamazenta|def|1
|turn|15
|
|t:|1618298827
|switch|p2a: Zapdos|Zapdos-Galar|100/100
|-damage|p2a: Zapdos|88/100|[from] Stealth Rock
|move|p1a: Zamazenta|Behemoth Bash|p2a: Zapdos
|-damage|p2a: Zapdos|20/100
|
|upkeep
|turn|16
|j| Reddit boi
|
|t:|1618298835
|switch|p1a: Garchomp|Garchomp, F|100/100
|-activate|p1a: Garchomp|move: Sticky Web
|-unboost|p1a: Garchomp|spe|1
|-damage|p1a: Garchomp|94/100|[from] Stealth Rock
|move|p2a: Zapdos|Close Combat|p1a: Garchomp
|-damage|p1a: Garchomp|35/100
|-unboost|p2a: Zapdos|def|1
|-unboost|p2a: Zapdos|spd|1
|-damage|p2a: Zapdos|8/100|[from] ability: Rough Skin|[of] p1a: Garchomp
|
|upkeep
|turn|17
|
|t:|1618298845
|move|p2a: Zapdos|Close Combat|p1a: Garchomp
|-damage|p1a: Garchomp|0 fnt
|-unboost|p2a: Zapdos|def|1
|-unboost|p2a: Zapdos|spd|1
|-damage|p2a: Zapdos|0 fnt|[from] ability: Rough Skin|[of] p1a: Garchomp
|faint|p1a: Garchomp
|faint|p2a: Zapdos
|
|upkeep
|
|t:|1618298855
|switch|p1a: Zamazenta|Zamazenta-Crowned|97/100
|switch|p2a: Gengar|Gengar, F|100/100
|-activate|p1a: Zamazenta|move: Sticky Web
|-unboost|p1a: Zamazenta|spe|1
|-damage|p1a: Zamazenta|94/100|[from] Stealth Rock
|-ability|p1a: Zamazenta|Dauntless Shield|boost
|-boost|p1a: Zamazenta|def|1
|-damage|p2a: Gengar|88/100|[from] Stealth Rock
|turn|18
|
|t:|1618298868
|move|p2a: Gengar|Focus Blast|p1a: Zamazenta
|-supereffective|p1a: Zamazenta
|-damage|p1a: Zamazenta|28/100
|move|p1a: Zamazenta|Behemoth Bash|p2a: Gengar
|-damage|p2a: Gengar|0 fnt
|faint|p2a: Gengar
|
|upkeep
|
|t:|1618298881
|switch|p2a: Weavile|Weavile, M|76/100
|-damage|p2a: Weavile|51/100|[from] Stealth Rock
|-ability|p2a: Weavile|Pressure
|turn|19
|
|t:|1618298887
|switch|p1a: Tapu Koko|Tapu Koko|35/100
|-activate|p1a: Tapu Koko|move: Sticky Web
|-unboost|p1a: Tapu Koko|spe|1
|-damage|p1a: Tapu Koko|23/100|[from] Stealth Rock
|-fieldstart|move: Electric Terrain|[from] ability: Electric Surge|[of] p1a: Tapu Koko
|move|p2a: Weavile|Low Kick|p1a: Tapu Koko
|-resisted|p1a: Tapu Koko
|-damage|p1a: Tapu Koko|12/100
|
|upkeep
|turn|20
|
|t:|1618298895
|move|p2a: Weavile|Low Kick|p1a: Tapu Koko
|-resisted|p1a: Tapu Koko
|-damage|p1a: Tapu Koko|1/100
|move|p1a: Tapu Koko|Reflect|p1a: Tapu Koko
|-sidestart|p1: FlamingAegis|Reflect
|
|upkeep
|turn|21
|
|t:|1618298901
|move|p2a: Weavile|Low Kick|p1a: Tapu Koko
|-resisted|p1a: Tapu Koko
|-damage|p1a: Tapu Koko|0 fnt
|faint|p1a: Tapu Koko
|
|upkeep
|
|t:|1618298905
|switch|p1a: Azumarill|Azumarill, M|88/100
|-activate|p1a: Azumarill|move: Sticky Web
|-unboost|p1a: Azumarill|spe|1
|-damage|p1a: Azumarill|76/100|[from] Stealth Rock
|turn|22
|
|t:|1618298911
|switch|p2a: Tyranitar|Tyranitar, F|67/100
|-damage|p2a: Tyranitar|55/100|[from] Stealth Rock
|-weather|Sandstorm|[from] ability: Sand Stream|[of] p2a: Tyranitar
|move|p1a: Azumarill|Belly Drum|p1a: Azumarill
|-damage|p1a: Azumarill|26/100
|-setboost|p1a: Azumarill|atk|6|[from] move: Belly Drum
|-enditem|p1a: Azumarill|Sitrus Berry|[eat]
|-heal|p1a: Azumarill|51/100|[from] item: Sitrus Berry
|
|-weather|Sandstorm|[upkeep]
|-damage|p1a: Azumarill|45/100|[from] Sandstorm
|upkeep
|turn|23
|-message|damorush forfeited.
|
|win|FlamingAegis
|raw|FlamingAegis's rating: 1545 &rarr; <strong>1565</strong><br />(+20 for winning)
|raw|damorush's rating: 1551 &rarr; <strong>1531</strong><br />(-20 for losing)
|l|☆damorush
|l| Reddit boi
