|j|☆SetsuStsna
|j|☆ShadowBot21oz
|inactive|Battle timer is ON: inactive players will automatically lose when time's up.
|t:|1648608780
|gametype|singles
|player|p1|SetsuStsna|dawn-gen4pt|
|player|p2|ShadowBot21oz|giovanni|
|teamsize|p1|6
|teamsize|p2|6
|gen|8
|tier|[Gen 8] OU
|rated|Tournament battle
|rule|Sleep Clause Mod: Limit one foe put to sleep
|rule|Species Clause: Limit one of each Pokémon
|rule|OHKO Clause: OHKO moves are banned
|rule|Evasion Moves Clause: Evasion moves are banned
|rule|Endless Battle Clause: Forcing endless battles is banned
|rule|HP Percentage Mod: HP is shown in percentages
|rule|Dynamax Clause: You cannot dynamax
|rule|Item Clause: Limit one of each item
|clearpoke
|poke|p1|Kartana|
|poke|p1|Dragapult, M|
|poke|p1|Slowbro-Galar, F|
|poke|p1|Registeel|
|poke|p1|Zoroark, M|
|poke|p1|Garchomp, F|
|poke|p2|Torkoal, F|
|poke|p2|Venusaur, F|
|poke|p2|Heliolisk, M|
|poke|p2|Victini|
|poke|p2|Landorus-Therian, M|
|poke|p2|Clefable, M|
|teampreview
|j|%htcl (>◡<)
|
|t:|1648608804
|start
|switch|p1a: Zero|Dragapult, M, shiny|100/100
|switch|p2a: Turd|Torkoal, F|100/100
|-weather|SunnyDay|[from] ability: Drought|[of] p2a: Turd
|turn|1
|
|t:|1648608813
|move|p1a: Zero|Light Screen|p1a: Zero
|-sidestart|p1: SetsuStsna|move: Light Screen
|move|p2a: Turd|Stealth Rock|p1a: Zero
|-sidestart|p1: SetsuStsna|move: Stealth Rock
|
|-weather|SunnyDay|[upkeep]
|upkeep
|turn|2
|
|t:|1648608819
|move|p1a: Zero|Reflect|p1a: Zero
|-sidestart|p1: SetsuStsna|Reflect
|move|p2a: Turd|Lava Plume|p1a: Zero
|-resisted|p1a: Zero
|-damage|p1a: Zero|89/100
|-start|p2a: Turd|Disable|Lava Plume|[from] ability: Cursed Body|[of] p1a: Zero
|
|-weather|SunnyDay|[upkeep]
|upkeep
|turn|3
|j| yaboiAshK.
|
|t:|1648608828
|switch|p2a: helicoptor|Heliolisk, M|100/100
|move|p1a: Zero|Thunder Wave|p2a: helicoptor
|-immune|p2a: helicoptor
|
|-weather|SunnyDay|[upkeep]
|-damage|p2a: helicoptor|88/100|[from] ability: Solar Power|[of] p2a: helicoptor
|upkeep
|turn|4
|j| jellll
|
|t:|1648608838
|move|p1a: Zero|Curse|p2a: helicoptor
|-start|p2a: helicoptor|Curse|[of] p1a: Zero
|-damage|p1a: Zero|40/100
|move|p2a: helicoptor|Weather Ball|p1a: Zero
|-resisted|p1a: Zero
|-damage|p1a: Zero|9/100
|
|-weather|SunnyDay|[upkeep]
|-damage|p2a: helicoptor|76/100|[from] ability: Solar Power|[of] p2a: helicoptor
|-damage|p2a: helicoptor|51/100|[from] Curse
|upkeep
|turn|5
|
|t:|1648608845
|move|p1a: Zero|Curse||[still]
|-fail|p1a: Zero
|move|p2a: helicoptor|Weather Ball|p1a: Zero
|-resisted|p1a: Zero
|-damage|p1a: Zero|0 fnt
|faint|p1a: Zero
|
|-weather|SunnyDay|[upkeep]
|-damage|p2a: helicoptor|38/100|[from] ability: Solar Power|[of] p2a: helicoptor
|-damage|p2a: helicoptor|13/100|[from] Curse
|upkeep
|
|t:|1648608870
|switch|p1a: Nunnally|Garchomp, F|100/100
|-damage|p1a: Nunnally|94/100|[from] Stealth Rock
|turn|6
|
|t:|1648608874
|move|p2a: helicoptor|Weather Ball|p1a: Nunnally
|-resisted|p1a: Nunnally
|-damage|p1a: Nunnally|64/100
|move|p1a: Nunnally|Swords Dance|p1a: Nunnally
|-boost|p1a: Nunnally|atk|2
|
|-weather|SunnyDay|[upkeep]
|-damage|p2a: helicoptor|1/100|[from] ability: Solar Power|[of] p2a: helicoptor
|-damage|p2a: helicoptor|0 fnt|[from] Curse
|faint|p2a: helicoptor
|upkeep
|
|t:|1648608883
|switch|p2a: Clefable|Clefable, M|100/100
|turn|7
|
|t:|1648608887
|move|p1a: Nunnally|Earthquake|p2a: Clefable
|-damage|p2a: Clefable|45/100
|move|p2a: Clefable|Moonblast|p1a: Nunnally
|-supereffective|p1a: Nunnally
|-enditem|p1a: Nunnally|Roseli Berry|[eat]
|-enditem|p1a: Nunnally|Roseli Berry|[weaken]
|-damage|p1a: Nunnally|47/100
|
|-weather|SunnyDay|[upkeep]
|upkeep
|turn|8
|
|t:|1648608896
|move|p2a: Clefable|Protect|p2a: Clefable
|-singleturn|p2a: Clefable|Protect
|move|p1a: Nunnally|Earthquake|p2a: Clefable
|-activate|p2a: Clefable|move: Protect
|
|-weather|none
|-sideend|p1: SetsuStsna|move: Light Screen
|upkeep
|turn|9
|j| Itami-san
|
|t:|1648608900
|move|p1a: Nunnally|Aqua Tail|p2a: Clefable
|-damage|p2a: Clefable|11/100
|-enditem|p2a: Clefable|Iapapa Berry|[eat]
|-heal|p2a: Clefable|44/100|[from] item: Iapapa Berry
|move|p2a: Clefable|Moonblast|p1a: Nunnally
|-supereffective|p1a: Nunnally
|-damage|p1a: Nunnally|0 fnt
|faint|p1a: Nunnally
|
|-sideend|p1: SetsuStsna|Reflect
|upkeep
|
|t:|1648608905
|switch|p1a: C.C.|Slowbro-Galar, F|100/100
|-damage|p1a: C.C.|88/100|[from] Stealth Rock
|turn|10
|
|t:|1648608913
|move|p2a: Clefable|Wish|p2a: Clefable
|move|p1a: C.C.|Belly Drum|p1a: C.C.
|-damage|p1a: C.C.|38/100
|-setboost|p1a: C.C.|atk|6|[from] move: Belly Drum
|
|upkeep
|turn|11
|j| Jacksonville Magic
|l| Jacksonville Magic
|-activate|p1a: C.C.|ability: Quick Draw
|
|t:|1648608919
|move|p1a: C.C.|Shell Side Arm|p2a: Clefable|[anim] Shell Side Arm Physical
|-supereffective|p2a: Clefable
|-damage|p2a: Clefable|0 fnt
|-hint|Physical Shell Side Arm
|faint|p2a: Clefable
|
|upkeep
|c|☆ShadowBot21oz|uh oh
|
|t:|1648608929
|switch|p2a: hi|Landorus-Therian, M|100/100
|-ability|p2a: hi|Intimidate|boost
|-unboost|p1a: C.C.|atk|1
|turn|12
|-activate|p1a: C.C.|ability: Quick Draw
|
|t:|1648608934
|move|p1a: C.C.|Zen Headbutt|p2a: hi
|-damage|p2a: hi|0 fnt
|faint|p2a: hi
|
|upkeep
|
|t:|1648608945
|switch|p2a: Turd|Torkoal, F|100/100
|-weather|SunnyDay|[from] ability: Drought|[of] p2a: Turd
|turn|13
|
|t:|1648608948
|move|p1a: C.C.|Shell Side Arm|p2a: Turd|[anim] Shell Side Arm Physical
|-damage|p2a: Turd|10/100
|-hint|Physical Shell Side Arm
|move|p2a: Turd|Lava Plume|p1a: C.C.
|-damage|p1a: C.C.|0 fnt
|faint|p1a: C.C.
|
|-weather|SunnyDay|[upkeep]
|upkeep
|l| Itami-san
|c|☆SetsuStsna|yo
|c|☆SetsuStsna|torkoal is broken
|c|☆ShadowBot21oz|?
|c|☆SetsuStsna|holy shit
|c|☆ShadowBot21oz|agre
|
|t:|1648608964
|switch|p1a: Kallen|Registeel|100/100
|-damage|p1a: Kallen|94/100|[from] Stealth Rock
|turn|14
|j| podtastic1
|
|t:|1648608970
|move|p1a: Kallen|Iron Defense|p1a: Kallen
|-boost|p1a: Kallen|def|2
|move|p2a: Turd|Body Press|p1a: Kallen
|-supereffective|p1a: Kallen
|-damage|p1a: Kallen|77/100
|
|-weather|SunnyDay|[upkeep]
|-heal|p1a: Kallen|83/100|[from] item: Leftovers
|upkeep
|turn|15
|
|t:|1648608973
|move|p1a: Kallen|Amnesia|p1a: Kallen
|-boost|p1a: Kallen|spd|2
|move|p2a: Turd|Lava Plume|p1a: Kallen
|-supereffective|p1a: Kallen
|-damage|p1a: Kallen|58/100
|-status|p1a: Kallen|brn
|
|-weather|SunnyDay|[upkeep]
|-heal|p1a: Kallen|64/100 brn|[from] item: Leftovers
|-damage|p1a: Kallen|58/100 brn|[from] brn
|upkeep
|turn|16
|
|t:|1648608982
|move|p1a: Kallen|Amnesia|p1a: Kallen
|-boost|p1a: Kallen|spd|2
|move|p2a: Turd|Body Press|p1a: Kallen
|-supereffective|p1a: Kallen
|-damage|p1a: Kallen|43/100 brn
|
|-weather|SunnyDay|[upkeep]
|-heal|p1a: Kallen|49/100 brn|[from] item: Leftovers
|-damage|p1a: Kallen|43/100 brn|[from] brn
|upkeep
|turn|17
|
|t:|1648608986
|move|p1a: Kallen|Iron Defense|p1a: Kallen
|-boost|p1a: Kallen|def|2
|move|p2a: Turd|Body Press|p1a: Kallen
|-supereffective|p1a: Kallen
|-damage|p1a: Kallen|31/100 brn
|
|-weather|SunnyDay|[upkeep]
|-heal|p1a: Kallen|37/100 brn|[from] item: Leftovers
|-damage|p1a: Kallen|31/100 brn|[from] brn
|upkeep
|turn|18
|
|t:|1648608990
|move|p1a: Kallen|Rest|p1a: Kallen
|-status|p1a: Kallen|slp|[from] move: Rest
|-heal|p1a: Kallen|100/100 slp|[silent]
|move|p2a: Turd|Body Press|p1a: Kallen
|-supereffective|p1a: Kallen
|-damage|p1a: Kallen|90/100 slp
|
|-weather|SunnyDay|[upkeep]
|-heal|p1a: Kallen|96/100 slp|[from] item: Leftovers
|upkeep
|turn|19
|
|t:|1648608993
|switch|p2a: EHE|Victini|100/100
|cant|p1a: Kallen|slp
|
|-weather|SunnyDay|[upkeep]
|-heal|p1a: Kallen|100/100 slp|[from] item: Leftovers
|upkeep
|turn|20
|
|t:|1648608998
|move|p2a: EHE|V-create|p1a: Kallen
|-supereffective|p1a: Kallen
|-damage|p1a: Kallen|59/100 slp
|-unboost|p2a: EHE|spe|1
|-unboost|p2a: EHE|def|1
|-unboost|p2a: EHE|spd|1
|cant|p1a: Kallen|slp
|
|-weather|none
|-heal|p1a: Kallen|65/100 slp|[from] item: Leftovers
|upkeep
|turn|21
|
|t:|1648609000
|move|p2a: EHE|V-create|p1a: Kallen
|-supereffective|p1a: Kallen
|-damage|p1a: Kallen|40/100 slp
|-unboost|p2a: EHE|spe|1
|-unboost|p2a: EHE|def|1
|-unboost|p2a: EHE|spd|1
|-curestatus|p1a: Kallen|slp|[msg]
|move|p1a: Kallen|Body Press|p2a: EHE
|-resisted|p2a: EHE
|-damage|p2a: EHE|0 fnt
|faint|p2a: EHE
|
|-heal|p1a: Kallen|46/100|[from] item: Leftovers
|upkeep
|
|t:|1648609005
|switch|p2a: Turd|Torkoal, F|10/100
|-weather|SunnyDay|[from] ability: Drought|[of] p2a: Turd
|turn|22
|l| jellll
|inactive|SetsuStsna has 120 seconds left.
|inactive|SetsuStsna has 90 seconds left.
|
|t:|1648609080
|move|p1a: Kallen|Body Press|p2a: Turd
|-damage|p2a: Turd|0 fnt
|faint|p2a: Turd
|
|-weather|SunnyDay|[upkeep]
|-heal|p1a: Kallen|52/100|[from] item: Leftovers
|upkeep
|
|t:|1648609085
|switch|p2a: fat leaf|Venusaur, F|100/100
|turn|23
|
|t:|1648609114
|move|p2a: fat leaf|Weather Ball|p1a: Kallen
|-supereffective|p1a: Kallen
|-damage|p1a: Kallen|23/100
|-damage|p2a: fat leaf|91/100|[from] item: Life Orb
|move|p1a: Kallen|Amnesia|p1a: Kallen
|-boost|p1a: Kallen|spd|2
|
|-weather|SunnyDay|[upkeep]
|-heal|p1a: Kallen|29/100|[from] item: Leftovers
|upkeep
|turn|24
|
|t:|1648609125
|move|p2a: fat leaf|Growth|p2a: fat leaf
|-boost|p2a: fat leaf|atk|2
|-boost|p2a: fat leaf|spa|2
|move|p1a: Kallen|Rest|p1a: Kallen
|-status|p1a: Kallen|slp|[from] move: Rest
|-heal|p1a: Kallen|100/100 slp|[silent]
|
|-weather|SunnyDay|[upkeep]
|upkeep
|turn|25
|
|t:|1648609129
|move|p2a: fat leaf|Growth|p2a: fat leaf
|-boost|p2a: fat leaf|atk|2
|-boost|p2a: fat leaf|spa|2
|cant|p1a: Kallen|slp
|
|-weather|SunnyDay|[upkeep]
|upkeep
|turn|26
|
|t:|1648609134
|move|p2a: fat leaf|Growth|p2a: fat leaf
|-boost|p2a: fat leaf|atk|2
|-boost|p2a: fat leaf|spa|2
|cant|p1a: Kallen|slp
|
|-weather|SunnyDay|[upkeep]
|upkeep
|turn|27
|
|t:|1648609139
|move|p2a: fat leaf|Weather Ball|p1a: Kallen
|-supereffective|p1a: Kallen
|-damage|p1a: Kallen|15/100 slp
|-damage|p2a: fat leaf|81/100|[from] item: Life Orb
|-curestatus|p1a: Kallen|slp|[msg]
|move|p1a: Kallen|Body Press|p2a: fat leaf
|-resisted|p2a: fat leaf
|-damage|p2a: fat leaf|9/100
|
|-weather|SunnyDay|[upkeep]
|-heal|p1a: Kallen|21/100|[from] item: Leftovers
|upkeep
|turn|28
|
|t:|1648609149
|move|p2a: fat leaf|Weather Ball|p1a: Kallen
|-supereffective|p1a: Kallen
|-damage|p1a: Kallen|0 fnt
|faint|p1a: Kallen
|-damage|p2a: fat leaf|0 fnt|[from] item: Life Orb
|faint|p2a: fat leaf
|
|win|SetsuStsna
|n|☆SetsuStsna|setsustsna
|n|☆ShadowBot21oz|shadowbot21oz
|n| htcl (>◡<)|htcl
|n| yaboiAshK.|yaboiashk
|n| podtastic1|podtastic1
|c|☆SetsuStsna|gg
