|j|☆cute pink team
|j|☆CoconutCrabs
|t:|1657034191
|gametype|singles
|player|p1|cute pink team|misty-gen1|1816
|player|p2|CoconutCrabs|chuck|1909
|teamsize|p1|6
|teamsize|p2|6
|gen|8
|tier|[Gen 8] OU
|rated|
|rule|Sleep Clause Mod: Limit one foe put to sleep
|rule|Species Clause: Limit one of each Pokémon
|rule|OHKO Clause: OHKO moves are banned
|rule|Evasion Moves Clause: Evasion moves are banned
|rule|Endless Battle Clause: Forcing endless battles is banned
|rule|HP Percentage Mod: HP is shown in percentages
|rule|Dynamax Clause: You cannot dynamax
|clearpoke
|poke|p1|Mamoswine, F|
|poke|p1|Ditto|
|poke|p1|Corviknight, M|
|poke|p1|Volcanion|
|poke|p1|Zapdos|
|poke|p1|Victini|
|poke|p2|Tyranitar, F|
|poke|p2|Excadrill, F|
|poke|p2|Tornadus-Therian, M|
|poke|p2|Toxapex, M|
|poke|p2|Heatran, M|
|poke|p2|Tangrowth, F|
|teampreview
|
|t:|1657034202
|start
|switch|p1a: Victini|Victini|100/100
|switch|p2a: Pretty|Tangrowth, F|100/100
|turn|1
|
|t:|1657034233
|switch|p2a: Baby|Toxapex, M|100/100
|move|p1a: Victini|Final Gambit|p2a: Baby
|-damage|p2a: Baby|0 fnt
|faint|p1a: Victini
|faint|p2a: Baby
|
|upkeep
|
|t:|1657034249
|switch|p1a: Zapdos|Zapdos|100/100
|switch|p2a: Pretty|Tangrowth, F|100/100
|turn|2
|
|t:|1657034253
|switch|p2a: Boogers|Tyranitar, F|100/100
|-weather|Sandstorm|[from] ability: Sand Stream|[of] p2a: Boogers
|move|p1a: Zapdos|Hurricane|p2a: Boogers
|-resisted|p2a: Boogers
|-damage|p2a: Boogers|81/100
|
|-weather|Sandstorm|[upkeep]
|-damage|p1a: Zapdos|94/100|[from] Sandstorm
|-heal|p2a: Boogers|87/100|[from] item: Leftovers
|upkeep
|turn|3
|
|t:|1657034258
|switch|p1a: Corviknight|Corviknight, M|100/100
|-ability|p1a: Corviknight|Pressure
|move|p2a: Boogers|Stealth Rock|p1a: Corviknight
|-sidestart|p1: cute pink team|move: Stealth Rock
|
|-weather|Sandstorm|[upkeep]
|-heal|p2a: Boogers|94/100|[from] item: Leftovers
|upkeep
|turn|4
|
|t:|1657034260
|move|p1a: Corviknight|Defog|p2a: Boogers
|-unboost|p2a: Boogers|evasion|1
|-sideend|p1: cute pink team|Stealth Rock|[from] move: Defog|[of] p1a: Corviknight
|move|p2a: Boogers|Thunder Wave|p1a: Corviknight|[miss]
|-miss|p2a: Boogers|p1a: Corviknight
|
|-weather|Sandstorm|[upkeep]
|-heal|p2a: Boogers|99/100|[from] item: Leftovers
|upkeep
|turn|5
|
|t:|1657034269
|switch|p2a: Paloma|Tornadus-Therian, M|100/100
|move|p1a: Corviknight|U-turn|p2a: Paloma
|-resisted|p2a: Paloma
|-damage|p2a: Paloma|91/100
|
|t:|1657034274
|switch|p1a: Zapdos|Zapdos|94/100|[from]move: U-turn
|
|-weather|Sandstorm|[upkeep]
|-damage|p2a: Paloma|85/100|[from] Sandstorm
|-damage|p1a: Zapdos|88/100|[from] Sandstorm
|upkeep
|turn|6
|
|t:|1657034285
|move|p2a: Paloma|Icy Wind|p1a: Zapdos
|-supereffective|p1a: Zapdos
|-damage|p1a: Zapdos|26/100
|-unboost|p1a: Zapdos|spe|1
|move|p1a: Zapdos|Volt Switch|p2a: Paloma
|-supereffective|p2a: Paloma
|-damage|p2a: Paloma|0 fnt
|faint|p2a: Paloma
|
|t:|1657034291
|switch|p1a: Mamoswine|Mamoswine, F|100/100|[from]move: Volt Switch
|
|-weather|none
|upkeep
|
|t:|1657034295
|switch|p2a: Pretty|Tangrowth, F|100/100
|turn|7
|
|t:|1657034306
|switch|p1a: Ditto|Ditto|100/100
|-transform|p1a: Ditto|p2a: Pretty|[from] ability: Imposter
|move|p2a: Pretty|Knock Off|p1a: Ditto
|-damage|p1a: Ditto|86/100
|-enditem|p1a: Ditto|Choice Scarf|[from] move: Knock Off|[of] p2a: Pretty
|
|upkeep
|turn|8
|
|t:|1657034314
|move|p1a: Ditto|Knock Off|p2a: Pretty
|-damage|p2a: Pretty|90/100
|-damage|p1a: Ditto|70/100|[from] item: Rocky Helmet|[of] p2a: Pretty
|-enditem|p2a: Pretty|Rocky Helmet|[from] move: Knock Off|[of] p1a: Ditto
|move|p2a: Pretty|Giga Drain|p1a: Ditto
|-resisted|p1a: Ditto
|-damage|p1a: Ditto|42/100
|-heal|p2a: Pretty|100/100|[from] drain|[of] p1a: Ditto
|
|upkeep
|turn|9
|
|t:|1657034323
|switch|p1a: Corviknight|Corviknight, M|100/100
|-ability|p1a: Corviknight|Pressure
|move|p2a: Pretty|Knock Off|p1a: Corviknight
|-damage|p1a: Corviknight|83/100
|-enditem|p1a: Corviknight|Leftovers|[from] move: Knock Off|[of] p2a: Pretty
|
|upkeep
|turn|10
|
|t:|1657034326
|move|p1a: Corviknight|U-turn|p2a: Pretty
|-supereffective|p2a: Pretty
|-damage|p2a: Pretty|85/100
|
|t:|1657034329
|switch|p1a: Ditto|Ditto|75/100|[from]move: U-turn
|-transform|p1a: Ditto|p2a: Pretty|[from] ability: Imposter
|move|p2a: Pretty|Sleep Powder|p1a: Ditto
|-immune|p1a: Ditto
|
|upkeep
|turn|11
|
|t:|1657034332
|move|p1a: Ditto|Focus Blast|p2a: Pretty
|-damage|p2a: Pretty|40/100
|move|p2a: Pretty|Giga Drain|p1a: Ditto
|-resisted|p1a: Ditto
|-damage|p1a: Ditto|46/100
|-heal|p2a: Pretty|50/100|[from] drain|[of] p1a: Ditto
|
|upkeep
|turn|12
|
|t:|1657034339
|move|p1a: Ditto|Focus Blast|p2a: Pretty
|-damage|p2a: Pretty|6/100
|move|p2a: Pretty|Sleep Powder|p1a: Ditto
|-immune|p1a: Ditto
|
|upkeep
|turn|13
|
|t:|1657034345
|switch|p2a: Mole Man|Excadrill, F|100/100
|switch|p1a: Volcanion|Volcanion|100/100
|
|upkeep
|turn|14
|
|t:|1657034348
|switch|p1a: Corviknight|Corviknight, M|83/100
|-ability|p1a: Corviknight|Pressure
|move|p2a: Mole Man|Earthquake|p1a: Corviknight
|-immune|p1a: Corviknight
|
|upkeep
|turn|15
|
|t:|1657034350
|switch|p2a: Pretty|Tangrowth, F|39/100
|move|p1a: Corviknight|U-turn|p2a: Pretty
|-supereffective|p2a: Pretty
|-damage|p2a: Pretty|25/100
|
|t:|1657034353
|switch|p1a: Volcanion|Volcanion|100/100|[from]move: U-turn
|
|upkeep
|turn|16
|
|t:|1657034361
|switch|p2a: Boogers|Tyranitar, F|99/100
|-weather|Sandstorm|[from] ability: Sand Stream|[of] p2a: Boogers
|move|p1a: Volcanion|Steam Eruption|p2a: Boogers
|-supereffective|p2a: Boogers
|-damage|p2a: Boogers|15/100
|
|-weather|Sandstorm|[upkeep]
|-damage|p1a: Volcanion|95/100|[from] Sandstorm
|-heal|p2a: Boogers|21/100|[from] item: Leftovers
|upkeep
|turn|17
|j| my emoji is goat
|
|t:|1657034365
|move|p1a: Volcanion|Steam Eruption|p2a: Boogers
|-supereffective|p2a: Boogers
|-damage|p2a: Boogers|0 fnt
|faint|p2a: Boogers
|
|-weather|Sandstorm|[upkeep]
|-damage|p1a: Volcanion|89/100|[from] Sandstorm
|upkeep
|
|t:|1657034367
|switch|p2a: Mole Man|Excadrill, F|100/100
|turn|18
|
|t:|1657034372
|switch|p2a: Little Man|Heatran, M|100/100
|switch|p1a: Corviknight|Corviknight, M|83/100
|-ability|p1a: Corviknight|Pressure
|
|-weather|Sandstorm|[upkeep]
|upkeep
|turn|19
|
|t:|1657034376
|switch|p1a: Mamoswine|Mamoswine, F|100/100
|move|p2a: Little Man|Earth Power|p1a: Mamoswine
|-damage|p1a: Mamoswine|80/100
|
|-weather|Sandstorm|[upkeep]
|upkeep
|turn|20
|-message|CoconutCrabs forfeited.
|
|win|cute pink team
|raw|cute pink team's rating: 1816 &rarr; <strong>1841</strong><br />(+25 for winning)
|raw|CoconutCrabs's rating: 1909 &rarr; <strong>1884</strong><br />(-25 for losing)
|l|☆CoconutCrabs
