|j|☆washed yui
|j|☆Arcangel666
|t:|1661930286
|gametype|singles
|player|p1|washed yui|102|1595
|player|p2|Arcangel666|piers|1718
|teamsize|p1|6
|teamsize|p2|6
|gen|8
|tier|[Gen 8] OU
|rated|
|rule|Sleep Clause Mod: Limit one foe put to sleep
|rule|Species Clause: Limit one of each Pokémon
|rule|OHKO Clause: OHKO moves are banned
|rule|Evasion Items Clause: Evasion items are banned
|rule|Evasion Moves Clause: Evasion moves are banned
|rule|Endless Battle Clause: Forcing endless battles is banned
|rule|HP Percentage Mod: HP is shown in percentages
|rule|Dynamax Clause: You cannot dynamax
|clearpoke
|poke|p1|Talonflame, F|
|poke|p1|Seismitoad, F|
|poke|p1|Tangrowth, M|
|poke|p1|Gengar, M|
|poke|p1|Corviknight, M|
|poke|p1|Bewear, M|
|poke|p2|Rillaboom, M|
|poke|p2|Regieleki|
|poke|p2|Garchomp, M|
|poke|p2|Melmetal|
|poke|p2|Tapu Fini|
|poke|p2|Zapdos-Galar|
|teampreview
|
|t:|1661930338
|start
|switch|p1a: Flamingfowl|Talonflame, F|100/100
|switch|p2a: Zapdos|Zapdos-Galar, shiny|100/100
|turn|1
|
|t:|1661930343
|switch|p2a: Garchomp|Garchomp, M|100/100
|move|p1a: Flamingfowl|Will-O-Wisp|p2a: Garchomp
|-status|p2a: Garchomp|brn
|
|-damage|p2a: Garchomp|94/100 brn|[from] brn
|upkeep
|turn|2
|
|t:|1661930348
|move|p1a: Flamingfowl|Taunt|p2a: Garchomp
|-start|p2a: Garchomp|move: Taunt
|cant|p2a: Garchomp|move: Taunt|Stealth Rock
|
|-damage|p2a: Garchomp|88/100 brn|[from] brn
|upkeep
|turn|3
|
|t:|1661930355
|switch|p2a: Tapu Fini|Tapu Fini, shiny|100/100
|-fieldstart|move: Misty Terrain|[from] ability: Misty Surge|[of] p2a: Tapu Fini
|move|p1a: Flamingfowl|Will-O-Wisp|p2a: Tapu Fini
|-activate|p2a: Tapu Fini|move: Misty Terrain
|
|upkeep
|turn|4
|
|t:|1661930366
|switch|p1a: FashionableFlab|Seismitoad, F|100/100
|move|p2a: Tapu Fini|Surf|p1a: FashionableFlab
|-immune|p1a: FashionableFlab|[from] ability: Water Absorb
|
|upkeep
|turn|5
|
|t:|1661930374
|move|p2a: Tapu Fini|Calm Mind|p2a: Tapu Fini
|-boost|p2a: Tapu Fini|spa|1
|-boost|p2a: Tapu Fini|spd|1
|move|p1a: FashionableFlab|Stealth Rock|p2a: Tapu Fini
|-sidestart|p2: Arcangel666|move: Stealth Rock
|
|upkeep
|turn|6
|
|t:|1661930376
|move|p2a: Tapu Fini|Calm Mind|p2a: Tapu Fini
|-boost|p2a: Tapu Fini|spa|1
|-boost|p2a: Tapu Fini|spd|1
|move|p1a: FashionableFlab|Knock Off|p2a: Tapu Fini
|-resisted|p2a: Tapu Fini
|-damage|p2a: Tapu Fini|91/100
|-enditem|p2a: Tapu Fini|Leftovers|[from] move: Knock Off|[of] p1a: FashionableFlab
|
|upkeep
|turn|7
|
|t:|1661930383
|switch|p1a: picks up tspike|Gengar, M|100/100
|move|p2a: Tapu Fini|Calm Mind|p2a: Tapu Fini
|-boost|p2a: Tapu Fini|spa|1
|-boost|p2a: Tapu Fini|spd|1
|
|-fieldend|Misty Terrain
|upkeep
|turn|8
|
|t:|1661930385
|move|p1a: picks up tspike|Trick|p2a: Tapu Fini
|-activate|p1a: picks up tspike|move: Trick|[of] p2a: Tapu Fini
|-item|p2a: Tapu Fini|Choice Scarf|[from] move: Trick
|-enditem|p1a: picks up tspike|Choice Scarf|[silent]|[from] move: Trick
|move|p2a: Tapu Fini|Surf|p1a: picks up tspike
|-damage|p1a: picks up tspike|0 fnt
|-start|p2a: Tapu Fini|Disable|Surf|[from] ability: Cursed Body|[of] p1a: picks up tspike
|faint|p1a: picks up tspike
|
|upkeep
|
|t:|1661930389
|switch|p1a: FashionableFlab|Seismitoad, F|100/100
|turn|9
|
|t:|1661930392
|switch|p2a: Zapdos|Zapdos-Galar, shiny|100/100
|-damage|p2a: Zapdos|88/100|[from] Stealth Rock
|move|p1a: FashionableFlab|Scald|p2a: Zapdos
|-damage|p2a: Zapdos|61/100
|
|upkeep
|turn|10
|
|t:|1661930409
|switch|p1a: not even scared|Corviknight, M|100/100
|-ability|p1a: not even scared|Pressure
|move|p2a: Zapdos|Close Combat|p1a: not even scared
|-damage|p1a: not even scared|21/100
|-unboost|p2a: Zapdos|def|1
|-unboost|p2a: Zapdos|spd|1
|
|-heal|p1a: not even scared|27/100|[from] item: Leftovers
|upkeep
|turn|11
|
|t:|1661930413
|switch|p1a: lies intertwined|Tangrowth, M|100/100
|move|p2a: Zapdos|Close Combat|p1a: lies intertwined
|-damage|p1a: lies intertwined|53/100
|-unboost|p2a: Zapdos|def|1
|-unboost|p2a: Zapdos|spd|1
|-damage|p2a: Zapdos|44/100|[from] item: Rocky Helmet|[of] p1a: lies intertwined
|
|upkeep
|turn|12
|
|t:|1661930424
|switch|p2a: Rillaboom|Rillaboom, M, shiny|100/100
|-damage|p2a: Rillaboom|88/100|[from] Stealth Rock
|-fieldstart|move: Grassy Terrain|[from] ability: Grassy Surge|[of] p2a: Rillaboom
|move|p1a: lies intertwined|Stun Spore|p2a: Rillaboom
|-immune|p2a: Rillaboom
|
|-heal|p2a: Rillaboom|94/100|[from] Grassy Terrain
|-heal|p1a: lies intertwined|59/100|[from] Grassy Terrain
|upkeep
|turn|13
|
|t:|1661930430
|switch|p1a: Flamingfowl|Talonflame, F|100/100
|move|p2a: Rillaboom|U-turn|p1a: Flamingfowl
|-resisted|p1a: Flamingfowl
|-damage|p1a: Flamingfowl|88/100
|
|t:|1661930434
|switch|p2a: Regieleki|Regieleki, shiny|100/100|[from]move: U-turn
|-damage|p2a: Regieleki|88/100|[from] Stealth Rock
|
|-heal|p2a: Regieleki|94/100|[from] Grassy Terrain
|upkeep
|turn|14
|
|t:|1661930443
|switch|p1a: not even scared|Corviknight, M|27/100
|-ability|p1a: not even scared|Pressure
|move|p2a: Regieleki|Rapid Spin|p1a: not even scared
|-resisted|p1a: not even scared
|-damage|p1a: not even scared|23/100
|-boost|p2a: Regieleki|spe|1
|-sideend|p2: Arcangel666|Stealth Rock|[from] move: Rapid Spin|[of] p2a: Regieleki
|
|-heal|p2a: Regieleki|99/100|[from] Grassy Terrain
|-heal|p1a: not even scared|29/100|[from] item: Leftovers
|upkeep
|turn|15
|
|t:|1661930445
|move|p2a: Regieleki|Thunderbolt|p1a: not even scared
|-supereffective|p1a: not even scared
|-damage|p1a: not even scared|0 fnt
|faint|p1a: not even scared
|
|-heal|p2a: Regieleki|100/100|[from] Grassy Terrain
|upkeep
|
|t:|1661930448
|switch|p1a: FashionableFlab|Seismitoad, F|100/100
|turn|16
|
|t:|1661930453
|switch|p2a: Rillaboom|Rillaboom, M, shiny|94/100
|move|p1a: FashionableFlab|Stealth Rock|p2a: Rillaboom
|-sidestart|p2: Arcangel666|move: Stealth Rock
|
|-heal|p2a: Rillaboom|100/100|[from] Grassy Terrain
|-fieldend|move: Grassy Terrain
|upkeep
|turn|17
|
|t:|1661930458
|switch|p1a: Flamingfowl|Talonflame, F|88/100
|move|p2a: Rillaboom|U-turn|p1a: Flamingfowl
|-resisted|p1a: Flamingfowl
|-damage|p1a: Flamingfowl|77/100
|
|t:|1661930460
|switch|p2a: Regieleki|Regieleki, shiny|100/100|[from]move: U-turn
|-damage|p2a: Regieleki|88/100|[from] Stealth Rock
|
|upkeep
|turn|18
|
|t:|1661930465
|switch|p1a: FashionableFlab|Seismitoad, F|100/100
|move|p2a: Regieleki|Rapid Spin|p1a: FashionableFlab
|-damage|p1a: FashionableFlab|90/100
|-boost|p2a: Regieleki|spe|1
|-sideend|p2: Arcangel666|Stealth Rock|[from] move: Rapid Spin|[of] p2a: Regieleki
|
|-heal|p1a: FashionableFlab|96/100|[from] item: Leftovers
|upkeep
|turn|19
|
|t:|1661930469
|switch|p2a: Zapdos|Zapdos-Galar, shiny|44/100
|move|p1a: FashionableFlab|Stealth Rock|p2a: Zapdos
|-sidestart|p2: Arcangel666|move: Stealth Rock
|
|-heal|p1a: FashionableFlab|100/100|[from] item: Leftovers
|upkeep
|turn|20
|
|t:|1661930482
|switch|p1a: hugz4free 🥲|Bewear, M|100/100
|move|p2a: Zapdos|Brave Bird|p1a: hugz4free 🥲
|-supereffective|p1a: hugz4free 🥲
|-damage|p1a: hugz4free 🥲|25/100
|-damage|p2a: Zapdos|28/100|[from] item: Rocky Helmet|[of] p1a: hugz4free 🥲
|-damage|p2a: Zapdos|0 fnt|[from] Recoil
|faint|p2a: Zapdos
|
|upkeep
|
|t:|1661930489
|switch|p2a: Rillaboom|Rillaboom, M, shiny|100/100
|-damage|p2a: Rillaboom|88/100|[from] Stealth Rock
|-fieldstart|move: Grassy Terrain|[from] ability: Grassy Surge|[of] p2a: Rillaboom
|turn|21
|
|t:|1661930494
|move|p2a: Rillaboom|U-turn|p1a: hugz4free 🥲
|-resisted|p1a: hugz4free 🥲
|-damage|p1a: hugz4free 🥲|17/100
|-damage|p2a: Rillaboom|72/100|[from] item: Rocky Helmet|[of] p1a: hugz4free 🥲
|
|t:|1661930497
|switch|p2a: Garchomp|Garchomp, M|88/100 brn|[from]move: U-turn
|-damage|p2a: Garchomp|82/100 brn|[from] Stealth Rock
|move|p1a: hugz4free 🥲|Ice Punch|p2a: Garchomp
|-supereffective|p2a: Garchomp
|-damage|p2a: Garchomp|3/100 brn
|-damage|p1a: hugz4free 🥲|5/100|[from] ability: Rough Skin|[of] p2a: Garchomp
|-damage|p1a: hugz4free 🥲|0 fnt|[from] item: Rocky Helmet|[of] p2a: Garchomp
|faint|p1a: hugz4free 🥲
|
|-heal|p2a: Garchomp|9/100 brn|[from] Grassy Terrain
|-damage|p2a: Garchomp|3/100 brn|[from] brn
|upkeep
|
|t:|1661930502
|switch|p1a: Flamingfowl|Talonflame, F|77/100
|turn|22
|
|t:|1661930509
|move|p2a: Garchomp|Endure|p2a: Garchomp
|-singleturn|p2a: Garchomp|move: Endure
|move|p1a: Flamingfowl|Taunt|p2a: Garchomp
|-start|p2a: Garchomp|move: Taunt
|
|-heal|p2a: Garchomp|9/100 brn|[from] Grassy Terrain
|-damage|p2a: Garchomp|3/100 brn|[from] brn
|upkeep
|turn|23
|
|t:|1661930514
|move|p1a: Flamingfowl|Roost|p1a: Flamingfowl
|-heal|p1a: Flamingfowl|100/100
|-singleturn|p1a: Flamingfowl|move: Roost
|move|p2a: Garchomp|Earthquake|p1a: Flamingfowl
|-supereffective|p1a: Flamingfowl
|-damage|p1a: Flamingfowl|75/100
|
|-heal|p1a: Flamingfowl|81/100|[from] Grassy Terrain
|-heal|p2a: Garchomp|9/100 brn|[from] Grassy Terrain
|-damage|p2a: Garchomp|3/100 brn|[from] brn
|upkeep
|turn|24
|
|t:|1661930521
|move|p1a: Flamingfowl|Will-O-Wisp|p2a: Garchomp|[miss]
|-miss|p1a: Flamingfowl|p2a: Garchomp
|move|p2a: Garchomp|Earthquake|p1a: Flamingfowl
|-immune|p1a: Flamingfowl
|
|-heal|p2a: Garchomp|9/100 brn|[from] Grassy Terrain
|-damage|p2a: Garchomp|3/100 brn|[from] brn
|upkeep
|turn|25
|
|t:|1661930526
|switch|p2a: Regieleki|Regieleki, shiny|88/100
|-damage|p2a: Regieleki|76/100|[from] Stealth Rock
|move|p1a: Flamingfowl|Will-O-Wisp|p2a: Regieleki
|-status|p2a: Regieleki|brn
|
|-heal|p2a: Regieleki|82/100 brn|[from] Grassy Terrain
|-damage|p2a: Regieleki|76/100 brn|[from] brn
|-fieldend|move: Grassy Terrain
|upkeep
|turn|26
|
|t:|1661930529
|switch|p1a: FashionableFlab|Seismitoad, F|100/100
|move|p2a: Regieleki|Rapid Spin|p1a: FashionableFlab
|-damage|p1a: FashionableFlab|96/100
|-boost|p2a: Regieleki|spe|1
|-sideend|p2: Arcangel666|Stealth Rock|[from] move: Rapid Spin|[of] p2a: Regieleki
|
|-heal|p1a: FashionableFlab|100/100|[from] item: Leftovers
|-damage|p2a: Regieleki|70/100 brn|[from] brn
|upkeep
|turn|27
|
|t:|1661930533
|switch|p2a: Rillaboom|Rillaboom, M, shiny|72/100
|-fieldstart|move: Grassy Terrain|[from] ability: Grassy Surge|[of] p2a: Rillaboom
|move|p1a: FashionableFlab|Stealth Rock|p2a: Rillaboom
|-sidestart|p2: Arcangel666|move: Stealth Rock
|
|-heal|p2a: Rillaboom|78/100|[from] Grassy Terrain
|upkeep
|turn|28
|
|t:|1661930536
|switch|p1a: Flamingfowl|Talonflame, F|81/100
|move|p2a: Rillaboom|Wood Hammer|p1a: Flamingfowl
|-resisted|p1a: Flamingfowl
|-damage|p1a: Flamingfowl|38/100
|-damage|p2a: Rillaboom|63/100|[from] Recoil
|
|-heal|p2a: Rillaboom|69/100|[from] Grassy Terrain
|upkeep
|turn|29
|
|t:|1661930540
|switch|p2a: Melmetal|Melmetal, shiny|100/100
|-damage|p2a: Melmetal|94/100|[from] Stealth Rock
|move|p1a: Flamingfowl|Roost|p1a: Flamingfowl
|-heal|p1a: Flamingfowl|88/100
|-singleturn|p1a: Flamingfowl|move: Roost
|
|-heal|p1a: Flamingfowl|94/100|[from] Grassy Terrain
|-heal|p2a: Melmetal|100/100|[from] Grassy Terrain
|upkeep
|turn|30
|
|t:|1661930543
|move|p1a: Flamingfowl|Will-O-Wisp|p2a: Melmetal|[miss]
|-miss|p1a: Flamingfowl|p2a: Melmetal
|move|p2a: Melmetal|Rock Slide|p1a: Flamingfowl
|-supereffective|p1a: Flamingfowl
|-damage|p1a: Flamingfowl|0 fnt
|faint|p1a: Flamingfowl
|
|upkeep
|
|t:|1661930547
|switch|p1a: lies intertwined|Tangrowth, M|93/100
|turn|31
|
|t:|1661930556
|switch|p2a: Garchomp|Garchomp, M|3/100 brn
|-damage|p2a: Garchomp|0 fnt|[from] Stealth Rock
|faint|p2a: Garchomp
|move|p1a: lies intertwined|Focus Blast|p2: Garchomp|[notarget]
|-fail|p1a: lies intertwined
|
|-heal|p1a: lies intertwined|99/100|[from] Grassy Terrain
|-fieldend|move: Grassy Terrain
|upkeep
|
|t:|1661930559
|switch|p2a: Rillaboom|Rillaboom, M, shiny|69/100
|-damage|p2a: Rillaboom|57/100|[from] Stealth Rock
|-fieldstart|move: Grassy Terrain|[from] ability: Grassy Surge|[of] p2a: Rillaboom
|turn|32
|
|t:|1661930565
|switch|p1a: FashionableFlab|Seismitoad, F|100/100
|move|p2a: Rillaboom|U-turn|p1a: FashionableFlab
|-damage|p1a: FashionableFlab|61/100
|
|t:|1661930570
|switch|p2a: Melmetal|Melmetal, shiny|100/100|[from]move: U-turn
|-damage|p2a: Melmetal|94/100|[from] Stealth Rock
|
|-heal|p1a: FashionableFlab|67/100|[from] Grassy Terrain
|-heal|p1a: FashionableFlab|73/100|[from] item: Leftovers
|-heal|p2a: Melmetal|100/100|[from] Grassy Terrain
|upkeep
|turn|33
|
|t:|1661930574
|switch|p1a: lies intertwined|Tangrowth, M|100/100
|move|p2a: Melmetal|Ice Punch|p1a: lies intertwined
|-supereffective|p1a: lies intertwined
|-damage|p1a: lies intertwined|60/100
|-damage|p2a: Melmetal|84/100|[from] item: Rocky Helmet|[of] p1a: lies intertwined
|
|-heal|p1a: lies intertwined|66/100|[from] Grassy Terrain
|-heal|p2a: Melmetal|90/100|[from] Grassy Terrain
|upkeep
|turn|34
|
|t:|1661930580
|move|p1a: lies intertwined|Focus Blast|p2a: Melmetal
|-supereffective|p2a: Melmetal
|-damage|p2a: Melmetal|46/100
|move|p2a: Melmetal|Ice Punch|p1a: lies intertwined
|-supereffective|p1a: lies intertwined
|-damage|p1a: lies intertwined|26/100
|-damage|p2a: Melmetal|30/100|[from] item: Rocky Helmet|[of] p1a: lies intertwined
|
|-heal|p1a: lies intertwined|33/100|[from] Grassy Terrain
|-heal|p2a: Melmetal|36/100|[from] Grassy Terrain
|upkeep
|turn|35
|
|t:|1661930587
|move|p1a: lies intertwined|Focus Blast|p2a: Melmetal
|-supereffective|p2a: Melmetal
|-damage|p2a: Melmetal|0 fnt
|faint|p2a: Melmetal
|
|-heal|p1a: lies intertwined|39/100|[from] Grassy Terrain
|upkeep
|
|t:|1661930590
|switch|p2a: Rillaboom|Rillaboom, M, shiny|57/100
|-damage|p2a: Rillaboom|44/100|[from] Stealth Rock
|turn|36
|
|t:|1661930595
|move|p2a: Rillaboom|Wood Hammer|p1a: lies intertwined
|-resisted|p1a: lies intertwined
|-damage|p1a: lies intertwined|6/100
|-damage|p2a: Rillaboom|28/100|[from] item: Rocky Helmet|[of] p1a: lies intertwined
|-damage|p2a: Rillaboom|15/100|[from] Recoil
|move|p1a: lies intertwined|Focus Blast|p2a: Rillaboom|[miss]
|-miss|p1a: lies intertwined|p2a: Rillaboom
|
|-heal|p2a: Rillaboom|21/100|[from] Grassy Terrain
|-heal|p1a: lies intertwined|12/100|[from] Grassy Terrain
|-fieldend|move: Grassy Terrain
|upkeep
|turn|37
|c|☆washed yui|gg
|
|t:|1661930611
|move|p2a: Rillaboom|Wood Hammer|p1a: lies intertwined
|-resisted|p1a: lies intertwined
|-damage|p1a: lies intertwined|0 fnt
|-damage|p2a: Rillaboom|5/100|[from] item: Rocky Helmet|[of] p1a: lies intertwined
|faint|p1a: lies intertwined
|-damage|p2a: Rillaboom|0 fnt|[from] Recoil
|faint|p2a: Rillaboom
|
|upkeep
|
|t:|1661930613
|switch|p2a: Tapu Fini|Tapu Fini, shiny|91/100
|switch|p1a: FashionableFlab|Seismitoad, F|73/100
|-damage|p2a: Tapu Fini|79/100|[from] Stealth Rock
|-fieldstart|move: Misty Terrain|[from] ability: Misty Surge|[of] p2a: Tapu Fini
|turn|38
|
|t:|1661930617
|move|p2a: Tapu Fini|Draining Kiss|p1a: FashionableFlab
|-damage|p1a: FashionableFlab|60/100
|-heal|p2a: Tapu Fini|91/100|[from] drain|[of] p1a: FashionableFlab
|move|p1a: FashionableFlab|Earthquake|p2a: Tapu Fini
|-damage|p2a: Tapu Fini|62/100
|
|-heal|p1a: FashionableFlab|66/100|[from] item: Leftovers
|upkeep
|turn|39
|
|t:|1661930620
|move|p2a: Tapu Fini|Draining Kiss|p1a: FashionableFlab
|-damage|p1a: FashionableFlab|52/100
|-heal|p2a: Tapu Fini|74/100|[from] drain|[of] p1a: FashionableFlab
|move|p1a: FashionableFlab|Earthquake|p2a: Tapu Fini
|-damage|p2a: Tapu Fini|47/100
|
|-heal|p1a: FashionableFlab|58/100|[from] item: Leftovers
|upkeep
|turn|40
|
|t:|1661930628
|move|p2a: Tapu Fini|Draining Kiss|p1a: FashionableFlab
|-damage|p1a: FashionableFlab|46/100
|-heal|p2a: Tapu Fini|58/100|[from] drain|[of] p1a: FashionableFlab
|move|p1a: FashionableFlab|Earthquake|p2a: Tapu Fini
|-damage|p2a: Tapu Fini|27/100
|
|-heal|p1a: FashionableFlab|53/100|[from] item: Leftovers
|upkeep
|turn|41
|j| gare23limit
|
|t:|1661930630
|move|p2a: Tapu Fini|Draining Kiss|p1a: FashionableFlab
|-damage|p1a: FashionableFlab|39/100
|-heal|p2a: Tapu Fini|40/100|[from] drain|[of] p1a: FashionableFlab
|move|p1a: FashionableFlab|Earthquake|p2a: Tapu Fini
|-damage|p2a: Tapu Fini|11/100
|
|-heal|p1a: FashionableFlab|45/100|[from] item: Leftovers
|upkeep
|turn|42
|
|t:|1661930633
|move|p2a: Tapu Fini|Draining Kiss|p1a: FashionableFlab
|-damage|p1a: FashionableFlab|32/100
|-heal|p2a: Tapu Fini|23/100|[from] drain|[of] p1a: FashionableFlab
|move|p1a: FashionableFlab|Earthquake|p2a: Tapu Fini
|-damage|p2a: Tapu Fini|0 fnt
|faint|p2a: Tapu Fini
|
|-heal|p1a: FashionableFlab|38/100|[from] item: Leftovers
|-fieldend|Misty Terrain
|upkeep
|c|☆washed yui|wait
|
|t:|1661930636
|switch|p2a: Regieleki|Regieleki, shiny|70/100 brn
|-damage|p2a: Regieleki|58/100 brn|[from] Stealth Rock
|turn|43
|c|☆washed yui|tang OP
|c|☆washed yui|lgi
|c|☆washed yui|hahahahhaah
|
|t:|1661930643
|move|p2a: Regieleki|Rapid Spin|p1a: FashionableFlab
|-damage|p1a: FashionableFlab|33/100
|-boost|p2a: Regieleki|spe|1
|-sideend|p2: Arcangel666|Stealth Rock|[from] move: Rapid Spin|[of] p2a: Regieleki
|move|p1a: FashionableFlab|Earthquake|p2a: Regieleki
|-supereffective|p2a: Regieleki
|-damage|p2a: Regieleki|0 fnt
|faint|p2a: Regieleki
|
|win|washed yui
|raw|washed yui's rating: 1595 &rarr; <strong>1622</strong><br />(+27 for winning)
|raw|Arcangel666's rating: 1718 &rarr; <strong>1691</strong><br />(-27 for losing)
