|html|<div class="broadcast-blue"><strong>[Gen 8] OU is currently suspecting Melmetal! For information on how to participate check out the <a href="https://www.smogon.com/forums/threads/np-ss-ou-suspect-process-round-12-monster-mash.3709234/">suspect thread</a>.</strong></div>
|j|☆SeaJay1810
|j|☆IIIodyne
|inactive|Battle timer is ON: inactive players will automatically lose when time's up.
|t:|1666641110
|gametype|singles
|player|p1|SeaJay1810|pryce|
|player|p2|IIIodyne|2|
|teamsize|p1|6
|teamsize|p2|6
|gen|8
|tier|[Gen 8] OU
|rated|Tournament battle
|rule|Sleep Clause Mod: Limit one foe put to sleep
|rule|Species Clause: Limit one of each Pokémon
|rule|OHKO Clause: OHKO moves are banned
|rule|Evasion Items Clause: Evasion items are banned
|rule|Evasion Moves Clause: Evasion moves are banned
|rule|Endless Battle Clause: Forcing endless battles is banned
|rule|HP Percentage Mod: HP is shown in percentages
|rule|Dynamax Clause: You cannot dynamax
|clearpoke
|poke|p1|Slowking-Galar, M|
|poke|p1|Urshifu-*, M|
|poke|p1|Garchomp, M|
|poke|p1|Weavile, F|
|poke|p1|Corviknight, F|
|poke|p1|Rillaboom, M|
|poke|p2|Snorlax, M|
|poke|p2|Suicune|
|poke|p2|Melmetal|
|poke|p2|Victini|
|poke|p2|Landorus-Therian, M|
|poke|p2|Zapdos|
|teampreview
|inactive|SeaJay1810 also wants the timer to be on.
|c|☆IIIodyne|hf
|j|@Sww-Suwa
|j| testingteams888
|j| halsik
|j| natdexfunnn
|j| pinorska
|j| TheLogImusPrime
|j| OUTD smoolicalt
|j| cypherstest
|j| Adopted
|c|☆SeaJay1810|hf
|j| Quizziii
|inactive|SeaJay1810 has 120 seconds left.
|
|t:|1666641141
|start
|switch|p1a: Weavile|Weavile, F|100/100
|switch|p2a: Suicune|Suicune|100/100
|-ability|p1a: Weavile|Pressure
|-ability|p2a: Suicune|Pressure
|turn|1
|j| Drop a burn
|inactive|SeaJay1810 has 120 seconds left.
|j|%moondazing
|
|t:|1666641187
|switch|p1a: Slowking|Slowking-Galar, M|100/100
|move|p2a: Suicune|Scald|p1a: Slowking
|-damage|p1a: Slowking|91/100
|
|upkeep
|turn|2
|j| iniub
|j| SoarApollo
|
|t:|1666641196
|switch|p2a: Victini|Victini|100/100
|move|p1a: Slowking|Future Sight|p2a: Victini
|-start|p1a: Slowking|move: Future Sight
|
|upkeep
|turn|3
|inactive|SeaJay1810 has 120 seconds left.
|j| EndercrusherPoke
|j| Faceblue
|
|t:|1666641216
|move|p2a: Victini|V-create|p1a: Slowking
|-damage|p1a: Slowking|0 fnt
|-unboost|p2a: Victini|spe|1
|-unboost|p2a: Victini|def|1
|-unboost|p2a: Victini|spd|1
|faint|p1a: Slowking
|
|upkeep
|j| JoeDirtt
|
|t:|1666641237
|switch|p1a: Urshifu|Urshifu-Rapid-Strike, M|100/100
|turn|4
|l| SoarApollo
|
|t:|1666641253
|switch|p2a: Snorlax|Snorlax, M|100/100
|move|p1a: Urshifu|Surging Strikes|p2a: Snorlax
|-crit|p2a: Snorlax
|-damage|p2a: Snorlax|75/100
|-crit|p2a: Snorlax
|-damage|p2a: Snorlax|46/100
|-crit|p2a: Snorlax
|-damage|p2a: Snorlax|21/100
|-hitcount|p2a: Snorlax|3
|
|-end|p2a: Snorlax|move: Future Sight
|-damage|p2a: Snorlax|0 fnt
|faint|p2a: Snorlax
|upkeep
|j| Lotad Enjoyer
|j| GoatNoir
|
|t:|1666641269
|switch|p2a: Zapdos|Zapdos|100/100
|turn|5
|inactive|SeaJay1810 has 90 seconds left.
|
|t:|1666641301
|switch|p1a: Garchomp|Garchomp, M|100/100
|move|p2a: Zapdos|Hurricane|p1a: Garchomp|[miss]
|-miss|p2a: Zapdos|p1a: Garchomp
|
|upkeep
|turn|6
|
|t:|1666641312
|switch|p2a: Suicune|Suicune|100/100
|-ability|p2a: Suicune|Pressure
|move|p1a: Garchomp|Toxic|p2a: Suicune
|-status|p2a: Suicune|tox
|
|-damage|p2a: Suicune|94/100 tox|[from] psn
|upkeep
|turn|7
|
|t:|1666641323
|switch|p1a: Corviknight|Corviknight, F|100/100
|-ability|p1a: Corviknight|Pressure
|move|p2a: Suicune|Ice Beam|p1a: Corviknight
|-damage|p1a: Corviknight|82/100
|
|-heal|p2a: Suicune|100/100 tox|[from] item: Leftovers
|-damage|p2a: Suicune|88/100 tox|[from] psn
|upkeep
|turn|8
|
|t:|1666641327
|switch|p2a: Zapdos|Zapdos|100/100
|move|p1a: Corviknight|U-turn|p2a: Zapdos
|-resisted|p2a: Zapdos
|-damage|p2a: Zapdos|92/100
|-status|p1a: Corviknight|par|[from] ability: Static|[of] p2a: Zapdos
|
|t:|1666641335
|switch|p1a: Garchomp|Garchomp, M|100/100|[from]move: U-turn
|
|upkeep
|turn|9
|
|t:|1666641339
|move|p2a: Zapdos|Hurricane|p1a: Garchomp
|-damage|p1a: Garchomp|61/100
|move|p1a: Garchomp|Dragon Tail|p2a: Zapdos
|-damage|p2a: Zapdos|65/100
|-status|p1a: Garchomp|par|[from] ability: Static|[of] p2a: Zapdos
|drag|p2a: Victini|Victini|100/100
|
|-heal|p1a: Garchomp|67/100 par|[from] item: Leftovers
|upkeep
|turn|10
|inactive|SeaJay1810 has 120 seconds left.
|
|t:|1666641351
|switch|p2a: Landorus|Landorus-Therian, M|100/100
|-ability|p2a: Landorus|Intimidate|boost
|-unboost|p1a: Garchomp|atk|1
|move|p1a: Garchomp|Stealth Rock|p2a: Landorus
|-sidestart|p2: IIIodyne|move: Stealth Rock
|
|-heal|p1a: Garchomp|74/100 par|[from] item: Leftovers
|upkeep
|turn|11
|
|t:|1666641358
|move|p2a: Landorus|Knock Off|p1a: Garchomp
|-damage|p1a: Garchomp|40/100 par
|-damage|p2a: Landorus|88/100|[from] ability: Rough Skin|[of] p1a: Garchomp
|-enditem|p1a: Garchomp|Leftovers|[from] move: Knock Off|[of] p2a: Landorus
|move|p1a: Garchomp|Toxic|p2a: Landorus
|-status|p2a: Landorus|tox
|
|-damage|p2a: Landorus|82/100 tox|[from] psn
|upkeep
|turn|12
|
|t:|1666641374
|move|p2a: Landorus|Knock Off|p1a: Garchomp
|-damage|p1a: Garchomp|17/100 par
|-damage|p2a: Landorus|70/100 tox|[from] ability: Rough Skin|[of] p1a: Garchomp
|move|p1a: Garchomp|Dragon Tail|p2a: Landorus
|-damage|p2a: Landorus|51/100 tox
|drag|p2a: Suicune|Suicune|88/100 tox
|-damage|p2a: Suicune|76/100 tox|[from] Stealth Rock
|-ability|p2a: Suicune|Pressure
|
|-heal|p2a: Suicune|82/100 tox|[from] item: Leftovers
|-damage|p2a: Suicune|76/100 tox|[from] psn
|upkeep
|turn|13
|
|t:|1666641384
|move|p2a: Suicune|Scald|p1a: Garchomp
|-damage|p1a: Garchomp|0 fnt
|faint|p1a: Garchomp
|
|-heal|p2a: Suicune|82/100 tox|[from] item: Leftovers
|-damage|p2a: Suicune|69/100 tox|[from] psn
|upkeep
|
|t:|1666641387
|switch|p1a: Rillaboom|Rillaboom, M|100/100
|-fieldstart|move: Grassy Terrain|[from] ability: Grassy Surge|[of] p1a: Rillaboom
|turn|14
|j| lbvw blaze
|inactive|SeaJay1810 has 120 seconds left.
|
|t:|1666641424
|switch|p2a: Landorus|Landorus-Therian, M|51/100 tox
|-damage|p2a: Landorus|39/100 tox|[from] Stealth Rock
|-ability|p2a: Landorus|Intimidate|boost
|-unboost|p1a: Rillaboom|atk|1
|move|p1a: Rillaboom|Swords Dance|p1a: Rillaboom
|-boost|p1a: Rillaboom|atk|2
|
|-damage|p2a: Landorus|33/100 tox|[from] psn
|upkeep
|turn|15
|
|t:|1666641431
|move|p1a: Rillaboom|Grassy Glide|p2a: Landorus
|-damage|p2a: Landorus|0 fnt
|faint|p2a: Landorus
|-damage|p1a: Rillaboom|91/100|[from] item: Life Orb
|
|-heal|p1a: Rillaboom|97/100|[from] Grassy Terrain
|upkeep
|l| iniub
|
|t:|1666641439
|switch|p2a: Victini|Victini|100/100
|-damage|p2a: Victini|76/100|[from] Stealth Rock
|turn|16
|j| Jynx nuggets
|inactive|SeaJay1810 has 120 seconds left.
|
|t:|1666641460
|switch|p1a: Urshifu|Urshifu-Rapid-Strike, M|100/100
|move|p2a: Victini|Bolt Strike|p1a: Urshifu
|-supereffective|p1a: Urshifu
|-damage|p1a: Urshifu|0 fnt
|faint|p1a: Urshifu
|
|-heal|p2a: Victini|82/100|[from] Grassy Terrain
|upkeep
|-message|SeaJay1810 forfeited.
|
|win|IIIodyne
|n|☆SeaJay1810|seajay1810
|n|☆IIIodyne|iiiodyne
|n| Sww-Suwa|swwsuwa
|n| testingteams888|testingteams888
|n| halsik|halsik
|n| natdexfunnn|natdexfunnn
|n| pinorska|pinorska
|n| TheLogImusPrime|thelogimusprime
|n| OUTD smoolicalt|outdsmoolicalt
|n| cypherstest|cypherstest
|n| Adopted|adopted
|n| Quizziii|quizziii
|n| Drop a burn|dropaburn
|n|+moondazing|moondazing
|n| EndercrusherPoke|endercrusherpoke
|n| Faceblue|faceblue
|n| JoeDirtt|joedirtt
|n| Lotad Enjoyer|lotadenjoyer
|n| GoatNoir|goatnoir
|n| lbvw blaze|lbvwblaze
|n| Jynx nuggets|jynxnuggets
|l|☆SeaJay1810
|c|☆IIIodyne|gg
|l| Lotad Enjoyer
|l| Drop a burn
