|j|☆knexhawk2
|j|☆IIIodyne
|inactive|Battle timer is ON: inactive players will automatically lose when time's up.
|t:|1665708747
|gametype|singles
|player|p1|knexhawk2|lucas|
|player|p2|IIIodyne|266|
|teamsize|p1|6
|teamsize|p2|6
|gen|8
|tier|[Gen 8] OU
|rated|Tournament battle
|rule|Sleep Clause Mod: Limit one foe put to sleep
|rule|Species Clause: Limit one of each Pokémon
|rule|OHKO Clause: OHKO moves are banned
|rule|Evasion Items Clause: Evasion items are banned
|rule|Evasion Moves Clause: Evasion moves are banned
|rule|Endless Battle Clause: Forcing endless battles is banned
|rule|HP Percentage Mod: HP is shown in percentages
|rule|Dynamax Clause: You cannot dynamax
|clearpoke
|poke|p1|Melmetal|
|poke|p1|Shuckle, F|
|poke|p1|Ninetales-Alola, M|
|poke|p1|Rhyperior, M|
|poke|p1|Froslass, F|
|poke|p1|Tapu Lele|
|poke|p2|Tapu Lele|
|poke|p2|Tyranitar, F|
|poke|p2|Mamoswine, F|
|poke|p2|Weezing-Galar, M|
|poke|p2|Melmetal|
|poke|p2|Whimsicott, F|
|teampreview
|c|☆IIIodyne|hf
|j|%htcl
|c|☆knexhawk2|u2
|j| Mel0nL0rd
|
|t:|1665708757
|start
|switch|p1a: Outplayed.|Shuckle, F|100/100
|switch|p2a: Whimsicott|Whimsicott, F|100/100
|turn|1
|j| Begin Testing
|
|t:|1665708764
|switch|p1a: God Himself|Melmetal|100/100
|move|p2a: Whimsicott|Switcheroo|p1a: God Himself
|-activate|p2a: Whimsicott|move: Trick|[of] p1a: God Himself
|-item|p1a: God Himself|Choice Scarf|[from] move: Switcheroo
|-item|p2a: Whimsicott|Leftovers|[from] move: Switcheroo
|
|upkeep
|turn|2
|c|%htcl|scarf melm
|c|☆knexhawk2|oh dfuck
|c|☆knexhawk2|well
|c|☆knexhawk2|im fast
|c|%htcl|its time
|c|☆knexhawk2|dib inc
|c| Begin Testing|oh fuck scarf melm
|j| SatelliteFifteen
|l| SatelliteFifteen
|
|t:|1665708785
|switch|p2a: Weezing|Weezing-Galar, M|100/100
|move|p1a: God Himself|Double Iron Bash|p2a: Weezing
|-supereffective|p2a: Weezing
|-damage|p2a: Weezing|53/100
|-damage|p1a: God Himself|84/100|[from] item: Rocky Helmet|[of] p2a: Weezing
|-supereffective|p2a: Weezing
|-damage|p2a: Weezing|10/100
|-damage|p1a: God Himself|68/100|[from] item: Rocky Helmet|[of] p2a: Weezing
|-hitcount|p2a: Weezing|2
|
|upkeep
|turn|3
|c|%htcl|ate
|
|t:|1665708792
|switch|p2a: Melmetal|Melmetal|100/100
|move|p1a: God Himself|Double Iron Bash|p2a: Melmetal
|-resisted|p2a: Melmetal
|-crit|p2a: Melmetal
|-damage|p2a: Melmetal|85/100
|-resisted|p2a: Melmetal
|-damage|p2a: Melmetal|74/100
|-hitcount|p2a: Melmetal|2
|
|upkeep
|turn|4
|c|☆knexhawk2|i changed my evs
|j| Kraymar
|
|t:|1665708800
|switch|p1a: spikes!|Froslass, F|100/100
|move|p2a: Melmetal|Earthquake|p1a: spikes!
|-damage|p1a: spikes!|47/100
|
|upkeep
|turn|5
|
|t:|1665708808
|switch|p2a: Whimsicott|Whimsicott, F|100/100
|move|p1a: spikes!|Endure||[still]
|-fail|p1a: spikes!
|
|upkeep
|turn|6
|
|t:|1665708812
|move|p2a: Whimsicott|Substitute|p2a: Whimsicott
|-start|p2a: Whimsicott|Substitute
|-damage|p2a: Whimsicott|75/100
|move|p1a: spikes!|Spikes|p2a: Whimsicott
|-sidestart|p2: IIIodyne|Spikes
|
|-heal|p2a: Whimsicott|82/100|[from] item: Leftovers
|upkeep
|turn|7
|
|t:|1665708819
|move|p2a: Whimsicott|Leech Seed|p1a: spikes!
|-start|p1a: spikes!|move: Leech Seed
|move|p1a: spikes!|Taunt|p2a: Whimsicott
|-start|p2a: Whimsicott|move: Taunt
|
|-heal|p2a: Whimsicott|88/100|[from] item: Leftovers
|-damage|p1a: spikes!|35/100|[from] Leech Seed|[of] p2a: Whimsicott
|-heal|p2a: Whimsicott|100/100|[silent]
|upkeep
|turn|8
|j| outd brnk
|
|t:|1665708824
|switch|p1a: God Himself|Melmetal|68/100
|-activate|p2a: Whimsicott|move: Struggle
|move|p2a: Whimsicott|Struggle|p1a: God Himself
|-damage|p1a: God Himself|65/100
|-damage|p2a: Whimsicott|75/100|[from] recoil
|
|-heal|p2a: Whimsicott|82/100|[from] item: Leftovers
|upkeep
|turn|9
|c|☆knexhawk2|lol
|
|t:|1665708830
|-activate|p2a: Whimsicott|move: Struggle
|move|p2a: Whimsicott|Struggle|p1a: God Himself
|-damage|p1a: God Himself|62/100
|-damage|p2a: Whimsicott|57/100|[from] recoil
|move|p1a: God Himself|Double Iron Bash|p2a: Whimsicott
|-supereffective|p2a: Whimsicott
|-end|p2a: Whimsicott|Substitute
|-supereffective|p2a: Whimsicott
|-damage|p2a: Whimsicott|0 fnt
|faint|p2a: Whimsicott
|-hitcount|p2: Whimsicott|2
|
|upkeep
|c| outd brnk|lol
|c|%htcl|struggle
|c|%htcl|huge chip
|c|%htcl|3%
|c|☆knexhawk2|big 5.2%
|
|t:|1665708841
|switch|p2a: Melmetal|Melmetal|74/100
|-damage|p2a: Melmetal|62/100|[from] Spikes
|turn|10
|
|t:|1665708847
|move|p1a: God Himself|Double Iron Bash|p2a: Melmetal
|-resisted|p2a: Melmetal
|-damage|p2a: Melmetal|51/100
|-resisted|p2a: Melmetal
|-damage|p2a: Melmetal|41/100
|-hitcount|p2a: Melmetal|2
|move|p2a: Melmetal|Earthquake|p1a: God Himself
|-supereffective|p1a: God Himself
|-damage|p1a: God Himself|31/100
|
|upkeep
|turn|11
|c|☆knexhawk2|im just saying
|c|☆knexhawk2|flinch city
|
|t:|1665708856
|move|p1a: God Himself|Double Iron Bash|p2a: Melmetal
|-resisted|p2a: Melmetal
|-damage|p2a: Melmetal|31/100
|-resisted|p2a: Melmetal
|-damage|p2a: Melmetal|21/100
|-hitcount|p2a: Melmetal|2
|cant|p2a: Melmetal|flinch
|
|upkeep
|turn|12
|
|t:|1665708862
|move|p1a: God Himself|Double Iron Bash|p2a: Melmetal
|-resisted|p2a: Melmetal
|-damage|p2a: Melmetal|10/100
|-resisted|p2a: Melmetal
|-damage|p2a: Melmetal|1/100
|-hitcount|p2a: Melmetal|2
|move|p2a: Melmetal|Earthquake|p1a: God Himself
|-supereffective|p1a: God Himself
|-damage|p1a: God Himself|0 fnt
|faint|p1a: God Himself
|
|upkeep
|c|☆knexhawk2|fuck
|
|t:|1665708868
|switch|p1a: Outplayed.|Shuckle, F|100/100
|turn|13
|
|t:|1665708872
|move|p2a: Melmetal|Double Iron Bash|p1a: Outplayed.
|-supereffective|p1a: Outplayed.
|-enditem|p1a: Outplayed.|Babiri Berry|[eat]
|-enditem|p1a: Outplayed.|Babiri Berry|[weaken]
|-damage|p1a: Outplayed.|78/100
|-supereffective|p1a: Outplayed.
|-damage|p1a: Outplayed.|34/100
|-hitcount|p1a: Outplayed.|2
|cant|p1a: Outplayed.|flinch
|
|upkeep
|turn|14
|c| Mel0nL0rd|f
|
|t:|1665708878
|move|p2a: Melmetal|Double Iron Bash|p1a: Outplayed.
|-supereffective|p1a: Outplayed.
|-damage|p1a: Outplayed.|0 fnt
|faint|p1a: Outplayed.
|-hitcount|p1: Outplayed.|1
|
|upkeep
|c|☆knexhawk2|bro....
|j| Rosaism
|
|t:|1665708885
|switch|p1a: 60%|Ninetales-Alola, M|100/100
|-weather|Hail|[from] ability: Snow Warning|[of] p1a: 60%
|turn|15
|c| Begin Testing|unfortunate
|c|☆knexhawk2|wait
|c|☆knexhawk2|oh fuck
|c|☆knexhawk2|i choked
|l| Begin Testing
|
|t:|1665708897
|move|p1a: 60%|Hypnosis|p2a: Melmetal
|-status|p2a: Melmetal|slp|[from] move: Hypnosis
|cant|p2a: Melmetal|slp
|
|-weather|Hail|[upkeep]
|-damage|p2a: Melmetal|0 fnt|[from] Hail
|faint|p2a: Melmetal
|upkeep
|c|☆knexhawk2|oh good LOL
|c|☆knexhawk2|i might have zero attacks
|
|t:|1665708905
|switch|p2a: Tyranitar|Tyranitar, F|100/100
|-damage|p2a: Tyranitar|88/100|[from] Spikes
|-weather|Sandstorm|[from] ability: Sand Stream|[of] p2a: Tyranitar
|turn|16
|c| outd brnk|????
|
|t:|1665708915
|move|p1a: 60%|Grudge|p1a: 60%
|-singlemove|p1a: 60%|Grudge
|move|p2a: Tyranitar|Earthquake|p1a: 60%
|-damage|p1a: 60%|24/100
|
|-weather|Sandstorm|[upkeep]
|-damage|p1a: 60%|18/100|[from] Sandstorm
|upkeep
|turn|17
|j| Quizziii
|j| bigshoota
|
|t:|1665708938
|switch|p2a: Mamoswine|Mamoswine, F|100/100
|-damage|p2a: Mamoswine|88/100|[from] Spikes
|move|p1a: 60%|Encore||[still]
|-fail|p1a: 60%
|
|-weather|Sandstorm|[upkeep]
|-damage|p1a: 60%|12/100|[from] Sandstorm
|upkeep
|turn|18
|
|t:|1665708944
|move|p2a: Mamoswine|Ice Shard|p1a: 60%
|-resisted|p1a: 60%
|-damage|p1a: 60%|0 fnt
|faint|p1a: 60%
|
|-weather|Sandstorm|[upkeep]
|upkeep
|
|t:|1665708945
|switch|p1a: Tapu Lele|Tapu Lele|100/100
|-fieldstart|move: Psychic Terrain|[from] ability: Psychic Surge|[of] p1a: Tapu Lele
|turn|19
|j| Synergy=NaN
|j| Begin Testing
|c|☆knexhawk2|i really thought that lasted more than 1 turn
|
|t:|1665708957
|switch|p2a: Weezing|Weezing-Galar, M|10/100
|move|p1a: Tapu Lele|Moonblast|p2a: Weezing
|-resisted|p2a: Weezing
|-damage|p2a: Weezing|0 fnt
|faint|p2a: Weezing
|
|-weather|Sandstorm|[upkeep]
|-damage|p1a: Tapu Lele|94/100|[from] Sandstorm
|upkeep
|
|t:|1665708968
|switch|p2a: Tapu Lele|Tapu Lele|100/100
|-damage|p2a: Tapu Lele|88/100|[from] Spikes
|turn|20
|j| LEAGUEPLAYERXD
|
|t:|1665708974
|move|p1a: Tapu Lele|Light Screen|p1a: Tapu Lele
|-sidestart|p1: knexhawk2|move: Light Screen
|move|p2a: Tapu Lele|Moonblast|p1a: Tapu Lele
|-damage|p1a: Tapu Lele|53/100
|
|-weather|none
|upkeep
|turn|21
|
|t:|1665708978
|move|p2a: Tapu Lele|Moonblast|p1a: Tapu Lele
|-damage|p1a: Tapu Lele|15/100
|move|p1a: Tapu Lele|Moonblast|p2a: Tapu Lele
|-damage|p2a: Tapu Lele|30/100
|
|upkeep
|turn|22
|j| pokechamp13
|
|t:|1665708982
|move|p1a: Tapu Lele|Moonblast|p2a: Tapu Lele
|-damage|p2a: Tapu Lele|0 fnt
|faint|p2a: Tapu Lele
|
|upkeep
|c|☆knexhawk2|who want me
|
|t:|1665708995
|switch|p2a: Mamoswine|Mamoswine, F|88/100
|-damage|p2a: Mamoswine|76/100|[from] Spikes
|turn|23
|
|t:|1665709000
|move|p1a: Tapu Lele|Moonblast|p2a: Mamoswine
|-damage|p2a: Mamoswine|7/100
|move|p2a: Mamoswine|Knock Off|p1a: Tapu Lele
|-damage|p1a: Tapu Lele|0 fnt
|-enditem|p1a: Tapu Lele|Wide Lens|[from] move: Knock Off|[of] p2a: Mamoswine
|faint|p1a: Tapu Lele
|
|-fieldend|move: Psychic Terrain
|upkeep
|
|t:|1665709006
|switch|p1a: spikes!|Froslass, F|35/100
|turn|24
|
|t:|1665709009
|move|p1a: spikes!|Destiny Bond|p1a: spikes!
|-singlemove|p1a: spikes!|Destiny Bond
|move|p2a: Mamoswine|Knock Off|p1a: spikes!
|-supereffective|p1a: spikes!
|-damage|p1a: spikes!|0 fnt
|-damage|p2a: Mamoswine|0 fnt|[from] item: Rocky Helmet|[of] p1a: spikes!
|faint|p1a: spikes!
|-activate|p1a: spikes!|move: Destiny Bond
|faint|p2a: Mamoswine
|
|-sideend|p1: knexhawk2|move: Light Screen
|upkeep
|
|t:|1665709012
|switch|p1a: Rhyperior|Rhyperior, M|100/100
|switch|p2a: Tyranitar|Tyranitar, F|88/100
|-damage|p2a: Tyranitar|76/100|[from] Spikes
|-weather|Sandstorm|[from] ability: Sand Stream|[of] p2a: Tyranitar
|turn|25
|c| Mel0nL0rd|ooo
|l| Synergy=NaN
|c|☆knexhawk2|inc specs ice beam
|c|☆knexhawk2|with freeze and crit
|c| bigshoota|specs hydro incoming
|inactive|IIIodyne has 120 seconds left.
|
|t:|1665709045
|move|p2a: Tyranitar|Low Kick|p1a: Rhyperior
|-supereffective|p1a: Rhyperior
|-damage|p1a: Rhyperior|53/100
|-damage|p2a: Tyranitar|59/100|[from] item: Rocky Helmet|[of] p1a: Rhyperior
|move|p1a: Rhyperior|Earthquake|p2a: Tyranitar
|-supereffective|p2a: Tyranitar
|-damage|p2a: Tyranitar|0 fnt
|faint|p2a: Tyranitar
|
|win|knexhawk2
|n|☆knexhawk2|knexhawk2
|n|☆IIIodyne|iiiodyne
|n| htcl|htcl
|n| Mel0nL0rd|mel0nl0rd
|n| Kraymar|kraymar
|n| outd brnk|outdbrnk
|n| Rosaism|rosaism
|n| Quizziii|quizziii
|n| bigshoota|bigshoota
|n| Begin Testing|begintesting
|n| LEAGUEPLAYERXD|leagueplayerxd
|n| pokechamp13|pokechamp13
|c|☆knexhawk2|!learn tyranitar, hydro pump
|c| knexhawk2|/raw <div class="infobox">In [Gen 8] OU, Tyranitar <span class="message-learn-canlearn">can</span> learn Hydro Pump from:<ul class="message-learn-list"><li>anywhere (move is level-up/tutor/TM/HM/egg in Gen 8)</ul></div>
|c|☆IIIodyne|dang gg
|c|☆knexhawk2|gg
|c|☆knexhawk2|LOL
|c|☆knexhawk2|why does it get that
|c| Mel0nL0rd|lmfao
|c| bigshoota|idk lol
|c| Begin Testing|i mean tar does have stubby legs
|c| bigshoota|it got it in gen8
|c|☆knexhawk2|i mean
|c|☆knexhawk2|hydro
|c| Begin Testing|so by default it would kick low
|l| Rosaism
|c|☆knexhawk2|(move is level-up
|c|☆knexhawk2|???
|c| Mel0nL0rd|no clue
|l|☆knexhawk2
|c| Mel0nL0rd|it has just a great movepool
|c| Mel0nL0rd|lol
|l| Mel0nL0rd
|l| htcl
|c| Begin Testing|oh wait we're talking bout hydro mb
|l| Begin Testing
|c| bigshoota|its a tr
|l| bigshoota
|l| pokechamp13
|l| LEAGUEPLAYERXD
|l| Kraymar
