|j|☆Cubielubie
|j|☆Run For Me Plz
|t:|1643607810
|gametype|singles
|player|p1|Cubielubie|lucas|1691
|player|p2|Run For Me Plz|evelyn|1726
|teamsize|p1|6
|teamsize|p2|6
|gen|8
|tier|[Gen 8] OU
|rated|
|rule|Sleep Clause Mod: Limit one foe put to sleep
|rule|Species Clause: Limit one of each Pokémon
|rule|OHKO Clause: OHKO moves are banned
|rule|Evasion Moves Clause: Evasion moves are banned
|rule|Endless Battle Clause: Forcing endless battles is banned
|rule|HP Percentage Mod: HP is shown in percentages
|rule|Dynamax Clause: You cannot dynamax
|clearpoke
|poke|p1|Accelgor, M|
|poke|p1|Ninetales-Alola, F|
|poke|p1|Mew|
|poke|p1|Cloyster, M|
|poke|p1|Zeraora|
|poke|p1|Conkeldurr, M|
|poke|p2|Hydreigon, M|
|poke|p2|Slowking, F|
|poke|p2|Tangrowth, F|
|poke|p2|Corviknight, F|
|poke|p2|Clefable, M|
|poke|p2|Blissey, F|
|teampreview
|inactive|Battle timer is ON: inactive players will automatically lose when time's up. (requested by Run For Me Plz)
|
|t:|1643607814
|start
|switch|p1a: Accelgor|Accelgor, M|100/100
|switch|p2a: Cerberus|Hydreigon, M, shiny|100/100
|turn|1
|
|t:|1643607827
|switch|p2a: Pamplemousse|Slowking, F, shiny|100/100
|move|p1a: Accelgor|Spikes|p2a: Pamplemousse
|-sidestart|p2: Run For Me Plz|Spikes
|
|upkeep
|turn|2
|
|t:|1643607831
|move|p1a: Accelgor|U-turn|p2a: Pamplemousse
|-supereffective|p2a: Pamplemousse
|-damage|p2a: Pamplemousse|64/100
|
|t:|1643607834
|switch|p1a: Ninetales|Ninetales-Alola, F|100/100|[from]move: U-turn
|-weather|Hail|[from] ability: Snow Warning|[of] p1a: Ninetales
|move|p2a: Pamplemousse|Scald|p1a: Ninetales
|-damage|p1a: Ninetales|75/100
|
|-weather|Hail|[upkeep]
|-damage|p2a: Pamplemousse|58/100|[from] Hail
|-heal|p2a: Pamplemousse|64/100|[from] item: Leftovers
|upkeep
|turn|3
|
|t:|1643607843
|move|p1a: Ninetales|Aurora Veil|p1a: Ninetales
|-sidestart|p1: Cubielubie|move: Aurora Veil
|move|p2a: Pamplemousse|Teleport|p2a: Pamplemousse
|
|t:|1643607845
|switch|p2a: Excalibird|Corviknight, F, shiny|100/100|[from]move: Teleport
|-ability|p2a: Excalibird|Pressure
|
|-weather|Hail|[upkeep]
|-damage|p2a: Excalibird|94/100|[from] Hail
|-heal|p2a: Excalibird|100/100|[from] item: Leftovers
|upkeep
|turn|4
|
|t:|1643607849
|switch|p1a: Zeraora|Zeraora|100/100
|move|p2a: Excalibird|Defog|p1a: Zeraora
|-unboost|p1a: Zeraora|evasion|1
|-sideend|p1: Cubielubie|move: Aurora Veil
|-sideend|p2: Run For Me Plz|Spikes|[from] move: Defog|[of] p2a: Excalibird
|
|-weather|Hail|[upkeep]
|-damage|p1a: Zeraora|95/100|[from] Hail
|-damage|p2a: Excalibird|94/100|[from] Hail
|-heal|p1a: Zeraora|100/100|[from] item: Leftovers
|-heal|p2a: Excalibird|100/100|[from] item: Leftovers
|upkeep
|turn|5
|
|t:|1643607852
|switch|p2a: WHERE YA MOM AT|Tangrowth, F, shiny|100/100
|move|p1a: Zeraora|Knock Off|p2a: WHERE YA MOM AT
|-damage|p2a: WHERE YA MOM AT|84/100
|-damage|p1a: Zeraora|84/100|[from] item: Rocky Helmet|[of] p2a: WHERE YA MOM AT
|-enditem|p2a: WHERE YA MOM AT|Rocky Helmet|[from] move: Knock Off|[of] p1a: Zeraora
|
|-weather|Hail|[upkeep]
|-damage|p1a: Zeraora|78/100|[from] Hail
|-damage|p2a: WHERE YA MOM AT|78/100|[from] Hail
|-heal|p1a: Zeraora|84/100|[from] item: Leftovers
|upkeep
|turn|6
|
|t:|1643607857
|switch|p1a: Accelgor|Accelgor, M|100/100
|move|p2a: WHERE YA MOM AT|Sleep Powder|p1a: Accelgor|[miss]
|-miss|p2a: WHERE YA MOM AT|p1a: Accelgor
|
|-weather|none
|upkeep
|turn|7
|
|t:|1643607866
|switch|p2a: Pamplemousse|Slowking, F, shiny|97/100
|move|p1a: Accelgor|Spikes|p2a: Pamplemousse
|-sidestart|p2: Run For Me Plz|Spikes
|
|-heal|p2a: Pamplemousse|100/100|[from] item: Leftovers
|upkeep
|turn|8
|
|t:|1643607868
|move|p1a: Accelgor|U-turn|p2a: Pamplemousse
|-supereffective|p2a: Pamplemousse
|-damage|p2a: Pamplemousse|65/100
|
|t:|1643607872
|switch|p1a: Ninetales|Ninetales-Alola, F|75/100|[from]move: U-turn
|-weather|Hail|[from] ability: Snow Warning|[of] p1a: Ninetales
|move|p2a: Pamplemousse|Scald|p1a: Ninetales
|-damage|p1a: Ninetales|50/100
|
|-weather|Hail|[upkeep]
|-damage|p2a: Pamplemousse|59/100|[from] Hail
|-heal|p2a: Pamplemousse|65/100|[from] item: Leftovers
|upkeep
|turn|9
|
|t:|1643607882
|move|p1a: Ninetales|Aurora Veil|p1a: Ninetales
|-sidestart|p1: Cubielubie|move: Aurora Veil
|move|p2a: Pamplemousse|Teleport|p2a: Pamplemousse
|
|t:|1643607885
|switch|p2a: Excalibird|Corviknight, F, shiny|100/100|[from]move: Teleport
|-ability|p2a: Excalibird|Pressure
|
|-weather|Hail|[upkeep]
|-damage|p2a: Excalibird|94/100|[from] Hail
|-heal|p2a: Excalibird|100/100|[from] item: Leftovers
|upkeep
|turn|10
|
|t:|1643607893
|switch|p1a: Conkeldurr|Conkeldurr, M|100/100
|move|p2a: Excalibird|Defog|p1a: Conkeldurr
|-unboost|p1a: Conkeldurr|evasion|1
|-sideend|p1: Cubielubie|move: Aurora Veil
|-sideend|p2: Run For Me Plz|Spikes|[from] move: Defog|[of] p2a: Excalibird
|
|-weather|Hail|[upkeep]
|-damage|p1a: Conkeldurr|95/100|[from] Hail
|-damage|p2a: Excalibird|94/100|[from] Hail
|-heal|p2a: Excalibird|100/100|[from] item: Leftovers
|-status|p1a: Conkeldurr|brn|[from] item: Flame Orb
|upkeep
|turn|11
|
|t:|1643607902
|switch|p2a: WHERE YA MOM AT|Tangrowth, F, shiny|100/100
|move|p1a: Conkeldurr|Drain Punch|p2a: WHERE YA MOM AT
|-damage|p2a: WHERE YA MOM AT|66/100
|-heal|p1a: Conkeldurr|100/100 brn|[from] drain|[of] p2a: WHERE YA MOM AT
|
|-weather|Hail|[upkeep]
|-damage|p1a: Conkeldurr|95/100 brn|[from] Hail
|-damage|p2a: WHERE YA MOM AT|60/100|[from] Hail
|-damage|p1a: Conkeldurr|89/100 brn|[from] brn
|upkeep
|turn|12
|
|t:|1643607907
|move|p1a: Conkeldurr|Drain Punch|p2a: WHERE YA MOM AT
|-damage|p2a: WHERE YA MOM AT|26/100
|-heal|p1a: Conkeldurr|100/100 brn|[from] drain|[of] p2a: WHERE YA MOM AT
|move|p2a: WHERE YA MOM AT|Giga Drain|p1a: Conkeldurr
|-damage|p1a: Conkeldurr|61/100 brn
|-heal|p2a: WHERE YA MOM AT|44/100|[from] drain|[of] p1a: Conkeldurr
|
|-weather|none
|-damage|p1a: Conkeldurr|55/100 brn|[from] brn
|upkeep
|turn|13
|
|t:|1643607918
|switch|p2a: FAIRY GODMOTHER|Clefable, M, shiny|100/100
|move|p1a: Conkeldurr|Drain Punch|p2a: FAIRY GODMOTHER
|-resisted|p2a: FAIRY GODMOTHER
|-crit|p2a: FAIRY GODMOTHER
|-damage|p2a: FAIRY GODMOTHER|63/100
|-heal|p1a: Conkeldurr|76/100 brn|[from] drain|[of] p2a: FAIRY GODMOTHER
|
|-damage|p1a: Conkeldurr|70/100 brn|[from] brn
|upkeep
|turn|14
|
|t:|1643607926
|switch|p1a: Ninetales|Ninetales-Alola, F|50/100
|-weather|Hail|[from] ability: Snow Warning|[of] p1a: Ninetales
|switch|p2a: WHERE YA MOM AT|Tangrowth, F, shiny|77/100
|
|-weather|Hail|[upkeep]
|-damage|p2a: WHERE YA MOM AT|71/100|[from] Hail
|upkeep
|turn|15
|
|t:|1643607929
|switch|p2a: Excalibird|Corviknight, F, shiny|100/100
|-ability|p2a: Excalibird|Pressure
|move|p1a: Ninetales|Aurora Veil|p1a: Ninetales
|-sidestart|p1: Cubielubie|move: Aurora Veil
|
|-weather|Hail|[upkeep]
|-damage|p2a: Excalibird|94/100|[from] Hail
|-heal|p2a: Excalibird|100/100|[from] item: Leftovers
|upkeep
|turn|16
|
|t:|1643607931
|switch|p1a: Conkeldurr|Conkeldurr, M|70/100 brn
|move|p2a: Excalibird|Defog|p1a: Conkeldurr
|-unboost|p1a: Conkeldurr|evasion|1
|-sideend|p1: Cubielubie|move: Aurora Veil
|
|-weather|Hail|[upkeep]
|-damage|p1a: Conkeldurr|64/100 brn|[from] Hail
|-damage|p2a: Excalibird|94/100|[from] Hail
|-heal|p2a: Excalibird|100/100|[from] item: Leftovers
|-damage|p1a: Conkeldurr|58/100 brn|[from] brn
|upkeep
|turn|17
|
|t:|1643607934
|switch|p2a: WHERE YA MOM AT|Tangrowth, F, shiny|100/100
|move|p1a: Conkeldurr|Drain Punch|p2a: WHERE YA MOM AT
|-damage|p2a: WHERE YA MOM AT|63/100
|-heal|p1a: Conkeldurr|80/100 brn|[from] drain|[of] p2a: WHERE YA MOM AT
|
|-weather|Hail|[upkeep]
|-damage|p1a: Conkeldurr|74/100 brn|[from] Hail
|-damage|p2a: WHERE YA MOM AT|56/100|[from] Hail
|-damage|p1a: Conkeldurr|68/100 brn|[from] brn
|upkeep
|turn|18
|
|t:|1643607944
|move|p1a: Conkeldurr|Drain Punch|p2a: WHERE YA MOM AT
|-damage|p2a: WHERE YA MOM AT|19/100
|-heal|p1a: Conkeldurr|89/100 brn|[from] drain|[of] p2a: WHERE YA MOM AT
|move|p2a: WHERE YA MOM AT|Giga Drain|p1a: Conkeldurr
|-damage|p1a: Conkeldurr|53/100 brn
|-heal|p2a: WHERE YA MOM AT|35/100|[from] drain|[of] p1a: Conkeldurr
|
|-weather|none
|-damage|p1a: Conkeldurr|47/100 brn|[from] brn
|upkeep
|turn|19
|
|t:|1643607955
|switch|p2a: Pamplemousse|Slowking, F, shiny|99/100
|move|p1a: Conkeldurr|Drain Punch|p2a: Pamplemousse
|-resisted|p2a: Pamplemousse
|-damage|p2a: Pamplemousse|67/100
|-heal|p1a: Conkeldurr|65/100 brn|[from] drain|[of] p2a: Pamplemousse
|
|-heal|p2a: Pamplemousse|73/100|[from] item: Leftovers
|-damage|p1a: Conkeldurr|59/100 brn|[from] brn
|upkeep
|turn|20
|
|t:|1643607959
|switch|p2a: WHERE YA MOM AT|Tangrowth, F, shiny|68/100
|move|p1a: Conkeldurr|Knock Off|p2a: WHERE YA MOM AT
|-damage|p2a: WHERE YA MOM AT|49/100
|
|-damage|p1a: Conkeldurr|53/100 brn|[from] brn
|upkeep
|turn|21
|j| soy un ninja
|
|t:|1643607962
|move|p1a: Conkeldurr|Drain Punch|p2a: WHERE YA MOM AT
|-damage|p2a: WHERE YA MOM AT|16/100
|-heal|p1a: Conkeldurr|72/100 brn|[from] drain|[of] p2a: WHERE YA MOM AT
|move|p2a: WHERE YA MOM AT|Giga Drain|p1a: Conkeldurr
|-damage|p1a: Conkeldurr|30/100 brn
|-heal|p2a: WHERE YA MOM AT|34/100|[from] drain|[of] p1a: Conkeldurr
|
|-damage|p1a: Conkeldurr|24/100 brn|[from] brn
|upkeep
|turn|22
|
|t:|1643607973
|switch|p2a: FAIRY GODMOTHER|Clefable, M, shiny|63/100
|move|p1a: Conkeldurr|Drain Punch|p2a: FAIRY GODMOTHER
|-resisted|p2a: FAIRY GODMOTHER
|-damage|p2a: FAIRY GODMOTHER|38/100
|-heal|p1a: Conkeldurr|39/100 brn|[from] drain|[of] p2a: FAIRY GODMOTHER
|
|-damage|p1a: Conkeldurr|33/100 brn|[from] brn
|upkeep
|turn|23
|
|t:|1643607977
|switch|p2a: WHERE YA MOM AT|Tangrowth, F, shiny|68/100
|move|p1a: Conkeldurr|Earthquake|p2a: WHERE YA MOM AT
|-resisted|p2a: WHERE YA MOM AT
|-damage|p2a: WHERE YA MOM AT|50/100
|
|-damage|p1a: Conkeldurr|27/100 brn|[from] brn
|upkeep
|turn|24
|
|t:|1643607978
|move|p1a: Conkeldurr|Drain Punch|p2a: WHERE YA MOM AT
|-damage|p2a: WHERE YA MOM AT|15/100
|-heal|p1a: Conkeldurr|47/100 brn|[from] drain|[of] p2a: WHERE YA MOM AT
|move|p2a: WHERE YA MOM AT|Giga Drain|p1a: Conkeldurr
|-damage|p1a: Conkeldurr|11/100 brn
|-heal|p2a: WHERE YA MOM AT|31/100|[from] drain|[of] p1a: Conkeldurr
|
|-damage|p1a: Conkeldurr|5/100 brn|[from] brn
|upkeep
|turn|25
|
|t:|1643607986
|switch|p2a: Pamplemousse|Slowking, F, shiny|100/100
|move|p1a: Conkeldurr|Drain Punch|p2a: Pamplemousse
|-resisted|p2a: Pamplemousse
|-damage|p2a: Pamplemousse|69/100
|-heal|p1a: Conkeldurr|22/100 brn|[from] drain|[of] p2a: Pamplemousse
|
|-heal|p2a: Pamplemousse|75/100|[from] item: Leftovers
|-damage|p1a: Conkeldurr|16/100 brn|[from] brn
|upkeep
|turn|26
|
|t:|1643607989
|switch|p2a: WHERE YA MOM AT|Tangrowth, F, shiny|64/100
|move|p1a: Conkeldurr|Drain Punch|p2a: WHERE YA MOM AT
|-damage|p2a: WHERE YA MOM AT|30/100
|-heal|p1a: Conkeldurr|36/100 brn|[from] drain|[of] p2a: WHERE YA MOM AT
|
|-damage|p1a: Conkeldurr|30/100 brn|[from] brn
|upkeep
|turn|27
|
|t:|1643607992
|switch|p2a: Pamplemousse|Slowking, F, shiny|100/100
|move|p1a: Conkeldurr|Drain Punch|p2a: Pamplemousse
|-resisted|p2a: Pamplemousse
|-damage|p2a: Pamplemousse|69/100
|-heal|p1a: Conkeldurr|48/100 brn|[from] drain|[of] p2a: Pamplemousse
|
|-heal|p2a: Pamplemousse|75/100|[from] item: Leftovers
|-damage|p1a: Conkeldurr|42/100 brn|[from] brn
|upkeep
|turn|28
|
|t:|1643607997
|switch|p2a: WHERE YA MOM AT|Tangrowth, F, shiny|63/100
|move|p1a: Conkeldurr|Knock Off|p2a: WHERE YA MOM AT
|-damage|p2a: WHERE YA MOM AT|44/100
|
|-damage|p1a: Conkeldurr|36/100 brn|[from] brn
|upkeep
|turn|29
|
|t:|1643607998
|move|p1a: Conkeldurr|Drain Punch|p2a: WHERE YA MOM AT
|-crit|p2a: WHERE YA MOM AT
|-damage|p2a: WHERE YA MOM AT|0 fnt
|-heal|p1a: Conkeldurr|61/100 brn|[from] drain|[of] p2a: WHERE YA MOM AT
|faint|p2a: WHERE YA MOM AT
|
|-damage|p1a: Conkeldurr|55/100 brn|[from] brn
|upkeep
|
|t:|1643608002
|switch|p2a: Cerberus|Hydreigon, M, shiny|100/100
|turn|30
|c| soy un ninja|Cubielubie
|
|t:|1643608007
|switch|p1a: Ninetales|Ninetales-Alola, F|50/100
|-weather|Hail|[from] ability: Snow Warning|[of] p1a: Ninetales
|move|p2a: Cerberus|Earth Power|p1a: Ninetales
|-damage|p1a: Ninetales|0 fnt
|faint|p1a: Ninetales
|
|-weather|Hail|[upkeep]
|-damage|p2a: Cerberus|94/100|[from] Hail
|upkeep
|c| soy un ninja|your team is cool
|j| Nesnot
|c| soy un ninja|can i have it?
|c|☆Cubielubie|why?
|c| soy un ninja|looks neat
|c|☆Cubielubie|How did you find me?
|inactive|Cubielubie has 120 seconds left.
|
|t:|1643608040
|switch|p1a: Accelgor|Accelgor, M|100/100
|turn|31
|l| Nesnot
|j| Nesnot
|
|t:|1643608043
|switch|p2a: FAIRY GODMOTHER|Clefable, M, shiny|38/100
|move|p1a: Accelgor|U-turn|p2a: FAIRY GODMOTHER
|-resisted|p2a: FAIRY GODMOTHER
|-damage|p2a: FAIRY GODMOTHER|31/100
|c| soy un ninja|I used the battle search feature in Pokemon Showdown
|inactive|Cubielubie has 120 seconds left.
|
|t:|1643608059
|switch|p1a: Zeraora|Zeraora|84/100|[from]move: U-turn
|
|-weather|Hail|[upkeep]
|-damage|p1a: Zeraora|78/100|[from] Hail
|-damage|p2a: FAIRY GODMOTHER|25/100|[from] Hail
|-heal|p1a: Zeraora|84/100|[from] item: Leftovers
|upkeep
|turn|32
|c| soy un ninja|and filtered by epic gamer elo
|
|t:|1643608069
|move|p1a: Zeraora|Plasma Fists|p2a: FAIRY GODMOTHER
|-damage|p2a: FAIRY GODMOTHER|0 fnt
|-fieldactivate|move: Ion Deluge
|-hint|Normal-type moves become Electric-type after using Plasma Fists.
|faint|p2a: FAIRY GODMOTHER
|
|-weather|Hail|[upkeep]
|-damage|p1a: Zeraora|78/100|[from] Hail
|-heal|p1a: Zeraora|84/100|[from] item: Leftovers
|upkeep
|c|☆Cubielubie|huh?
|-message|Run For Me Plz forfeited.
|
|win|Cubielubie
|raw|Cubielubie's rating: 1691 &rarr; <strong>1713</strong><br />(+22 for winning)
|raw|Run For Me Plz's rating: 1726 &rarr; <strong>1704</strong><br />(-22 for losing)
|l|☆Run For Me Plz
|c| soy un ninja|is that a yes?
|l| soy un ninja
|c|☆Cubielubie|to what?
|l|cubielubie
|j|☆Cubielubie
|l| Nesnot
