|j|☆Fastpitchkiller
|j|☆RggV
|t:|1658200736
|gametype|singles
|player|p1|Fastpitchkiller|2|1713
|player|p2|RggV|scientist-gen4|1682
|teamsize|p1|6
|teamsize|p2|6
|gen|8
|tier|[Gen 8] OU
|rated|
|rule|Sleep Clause Mod: Limit one foe put to sleep
|rule|Species Clause: Limit one of each Pokémon
|rule|OHKO Clause: OHKO moves are banned
|rule|Evasion Moves Clause: Evasion moves are banned
|rule|Endless Battle Clause: Forcing endless battles is banned
|rule|HP Percentage Mod: HP is shown in percentages
|rule|Dynamax Clause: You cannot dynamax
|clearpoke
|poke|p1|Slowbro, F|
|poke|p1|Dracozolt|
|poke|p1|Hippowdon, M|
|poke|p1|Scizor, M|
|poke|p1|Zapdos-Galar|
|poke|p1|Regieleki|
|poke|p2|Dragapult, F|
|poke|p2|Weavile, M|
|poke|p2|Landorus-Therian, M|
|poke|p2|Rotom-Wash|
|poke|p2|Lucario, M|
|poke|p2|Aegislash, M|
|teampreview
|inactive|Battle timer is ON: inactive players will automatically lose when time's up. (requested by RggV)
|
|t:|1658200751
|start
|switch|p1a: Slowgatell|Slowbro, F|100/100
|switch|p2a: Dragapult|Dragapult, F|100/100
|turn|1
|j| GoldenStateIdiots
|
|t:|1658200758
|move|p2a: Dragapult|U-turn|p1a: Slowgatell
|-supereffective|p1a: Slowgatell
|-damage|p1a: Slowgatell|51/100
|-damage|p2a: Dragapult|84/100|[from] item: Rocky Helmet|[of] p1a: Slowgatell
|
|t:|1658200760
|switch|p2a: Aegislash|Aegislash, M|100/100|[from]move: U-turn
|move|p1a: Slowgatell|Scald|p2a: Aegislash
|-damage|p2a: Aegislash|73/100
|
|upkeep
|turn|2
|
|t:|1658200768
|switch|p1a: Hippowdon|Hippowdon, M|100/100
|-weather|Sandstorm|[from] ability: Sand Stream|[of] p1a: Hippowdon
|-formechange|p2a: Aegislash|Aegislash-Blade||[from] ability: Stance Change
|move|p2a: Aegislash|Shadow Ball|p1a: Hippowdon
|-damage|p1a: Hippowdon|45/100
|
|-weather|Sandstorm|[upkeep]
|-heal|p1a: Hippowdon|51/100|[from] item: Leftovers
|upkeep
|turn|3
|j| ikoero
|
|t:|1658200782
|move|p2a: Aegislash|Shadow Ball|p1a: Hippowdon
|-damage|p1a: Hippowdon|0 fnt
|faint|p1a: Hippowdon
|
|-weather|Sandstorm|[upkeep]
|upkeep
|
|t:|1658200789
|switch|p1a: Zapdos|Zapdos-Galar|100/100
|turn|4
|
|t:|1658200793
|move|p1a: Zapdos|Brave Bird|p2a: Aegislash
|-resisted|p2a: Aegislash
|-damage|p2a: Aegislash|0 fnt
|faint|p2a: Aegislash
|-damage|p1a: Zapdos|81/100|[from] Recoil
|
|-weather|Sandstorm|[upkeep]
|-damage|p1a: Zapdos|75/100|[from] Sandstorm
|upkeep
|
|t:|1658200802
|switch|p2a: Dragapult|Dragapult, F|84/100
|turn|5
|
|t:|1658200805
|switch|p1a: Scizor|Scizor, M|100/100
|move|p2a: Dragapult|Phantom Force||[still]
|-prepare|p2a: Dragapult|Phantom Force
|
|-weather|Sandstorm|[upkeep]
|-damage|p2a: Dragapult|78/100|[from] Sandstorm
|upkeep
|turn|6
|
|t:|1658200813
|move|p2a: Dragapult|Phantom Force|p1a: Scizor|[from]lockedmove
|-damage|p1a: Scizor|40/100
|move|p1a: Scizor|Roost|p1a: Scizor
|-heal|p1a: Scizor|90/100
|-singleturn|p1a: Scizor|move: Roost
|
|-weather|none
|-heal|p1a: Scizor|96/100|[from] item: Leftovers
|upkeep
|turn|7
|
|t:|1658200823
|switch|p2a: Landorus|Landorus-Therian, M|100/100
|-ability|p2a: Landorus|Intimidate|boost
|-unboost|p1a: Scizor|atk|1
|move|p1a: Scizor|U-turn|p2a: Landorus
|-resisted|p2a: Landorus
|-damage|p2a: Landorus|91/100
|
|t:|1658200838
|switch|p1a: Slowgatell|Slowbro, F|85/100|[from]move: U-turn
|
|-heal|p2a: Landorus|97/100|[from] item: Leftovers
|upkeep
|turn|8
|
|t:|1658200848
|move|p2a: Landorus|Toxic|p1a: Slowgatell
|-status|p1a: Slowgatell|tox
|move|p1a: Slowgatell|Toxic|p2a: Landorus
|-status|p2a: Landorus|tox
|
|-heal|p2a: Landorus|100/100 tox|[from] item: Leftovers
|-damage|p2a: Landorus|94/100 tox|[from] psn
|-damage|p1a: Slowgatell|78/100 tox|[from] psn
|upkeep
|turn|9
|
|t:|1658200858
|switch|p2a: Rotom|Rotom-Wash|100/100
|move|p1a: Slowgatell|Teleport|p1a: Slowgatell
|
|t:|1658200864
|switch|p1a: Regieleki|Regieleki|100/100|[from]move: Teleport
|
|upkeep
|turn|10
|
|t:|1658200870
|move|p1a: Regieleki|Volt Switch|p2a: Rotom
|-crit|p2a: Rotom
|-damage|p2a: Rotom|19/100
|
|t:|1658200874
|switch|p1a: Dracozolt|Dracozolt|100/100|[from]move: Volt Switch
|move|p2a: Rotom|Hydro Pump|p1a: Dracozolt
|-resisted|p1a: Dracozolt
|-damage|p1a: Dracozolt|72/100
|
|-heal|p1a: Dracozolt|79/100|[from] item: Leftovers
|-heal|p2a: Rotom|25/100|[from] item: Leftovers
|upkeep
|turn|11
|
|t:|1658200891
|switch|p2a: Landorus|Landorus-Therian, M|94/100 tox
|-ability|p2a: Landorus|Intimidate|boost
|-unboost|p1a: Dracozolt|atk|1
|move|p1a: Dracozolt|Substitute|p1a: Dracozolt
|-start|p1a: Dracozolt|Substitute
|-damage|p1a: Dracozolt|54/100
|
|-heal|p1a: Dracozolt|60/100|[from] item: Leftovers
|-heal|p2a: Landorus|100/100 tox|[from] item: Leftovers
|-damage|p2a: Landorus|94/100 tox|[from] psn
|upkeep
|turn|12
|
|t:|1658200904
|switch|p2a: Weavile|Weavile, M|100/100
|-ability|p2a: Weavile|Pressure
|move|p1a: Dracozolt|Draco Meteor|p2a: Weavile
|-damage|p2a: Weavile|45/100
|-unboost|p1a: Dracozolt|spa|2
|
|-heal|p1a: Dracozolt|66/100|[from] item: Leftovers
|upkeep
|turn|13
|
|t:|1658200916
|switch|p1a: Slowgatell|Slowbro, F|100/100 tox
|move|p2a: Weavile|Knock Off|p1a: Slowgatell
|-supereffective|p1a: Slowgatell
|-damage|p1a: Slowgatell|38/100 tox
|-damage|p2a: Weavile|28/100|[from] item: Rocky Helmet|[of] p1a: Slowgatell
|-enditem|p1a: Slowgatell|Rocky Helmet|[from] move: Knock Off|[of] p2a: Weavile
|
|-damage|p1a: Slowgatell|32/100 tox|[from] psn
|upkeep
|turn|14
|
|t:|1658200926
|switch|p1a: Scizor|Scizor, M|96/100
|move|p2a: Weavile|Knock Off|p1a: Scizor
|-damage|p1a: Scizor|56/100
|-enditem|p1a: Scizor|Leftovers|[from] move: Knock Off|[of] p2a: Weavile
|
|upkeep
|turn|15
|
|t:|1658200934
|switch|p2a: Lucario|Lucario, M|100/100
|move|p1a: Scizor|Roost|p1a: Scizor
|-heal|p1a: Scizor|100/100
|-singleturn|p1a: Scizor|move: Roost
|
|upkeep
|turn|16
|
|t:|1658200940
|move|p2a: Lucario|Nasty Plot|p2a: Lucario
|-boost|p2a: Lucario|spa|2
|move|p1a: Scizor|U-turn|p2a: Lucario
|-resisted|p2a: Lucario
|-damage|p2a: Lucario|88/100
|j| Partynparadise
|
|t:|1658200946
|switch|p1a: Regieleki|Regieleki|100/100|[from]move: U-turn
|
|upkeep
|turn|17
|
|t:|1658200959
|move|p2a: Lucario|Vacuum Wave|p1a: Regieleki
|-damage|p1a: Regieleki|1/100
|-damage|p2a: Lucario|78/100|[from] item: Life Orb
|move|p1a: Regieleki|Volt Switch|p2a: Lucario
|-damage|p2a: Lucario|0 fnt
|faint|p2a: Lucario
|
|t:|1658200979
|switch|p1a: Zapdos|Zapdos-Galar|75/100|[from]move: Volt Switch
|
|upkeep
|
|t:|1658200983
|switch|p2a: Dragapult|Dragapult, F|78/100
|turn|18
|
|t:|1658200987
|switch|p1a: Scizor|Scizor, M|100/100
|move|p2a: Dragapult|U-turn|p1a: Scizor
|-resisted|p1a: Scizor
|-crit|p1a: Scizor
|-damage|p1a: Scizor|78/100
|j| CanUrepeat
|
|t:|1658200991
|switch|p2a: Landorus|Landorus-Therian, M|94/100 tox|[from]move: U-turn
|-ability|p2a: Landorus|Intimidate|boost
|-unboost|p1a: Scizor|atk|1
|
|-heal|p2a: Landorus|100/100 tox|[from] item: Leftovers
|-damage|p2a: Landorus|94/100 tox|[from] psn
|upkeep
|turn|19
|
|t:|1658201001
|move|p2a: Landorus|Stealth Rock|p1a: Scizor
|-sidestart|p1: Fastpitchkiller|move: Stealth Rock
|move|p1a: Scizor|Swords Dance|p1a: Scizor
|-boost|p1a: Scizor|atk|2
|
|-heal|p2a: Landorus|100/100 tox|[from] item: Leftovers
|-damage|p2a: Landorus|88/100 tox|[from] psn
|upkeep
|turn|20
|
|t:|1658201010
|move|p2a: Landorus|U-turn|p1a: Scizor
|-resisted|p1a: Scizor
|-damage|p1a: Scizor|69/100
|
|t:|1658201014
|switch|p2a: Dragapult|Dragapult, F|78/100|[from]move: U-turn
|move|p1a: Scizor|Roost|p1a: Scizor
|-heal|p1a: Scizor|100/100
|-singleturn|p1a: Scizor|move: Roost
|
|upkeep
|turn|21
|
|t:|1658201026
|move|p1a: Scizor|Bullet Punch|p2a: Dragapult
|-damage|p2a: Dragapult|28/100
|move|p2a: Dragapult|U-turn|p1a: Scizor
|-resisted|p1a: Scizor
|-damage|p1a: Scizor|87/100
|
|t:|1658201028
|switch|p2a: Rotom|Rotom-Wash|25/100|[from]move: U-turn
|
|-heal|p2a: Rotom|32/100|[from] item: Leftovers
|upkeep
|turn|22
|
|t:|1658201048
|move|p1a: Scizor|Bullet Punch|p2a: Rotom
|-resisted|p2a: Rotom
|-damage|p2a: Rotom|22/100
|move|p2a: Rotom|Pain Split|p1a: Scizor
|-sethp|p1a: Scizor|53/100|[from] move: Pain Split|[silent]
|-sethp|p2a: Rotom|60/100|[from] move: Pain Split
|
|-heal|p2a: Rotom|67/100|[from] item: Leftovers
|upkeep
|turn|23
|
|t:|1658201057
|move|p2a: Rotom|Hydro Pump|p1a: Scizor
|-damage|p1a: Scizor|12/100
|move|p1a: Scizor|Roost|p1a: Scizor
|-heal|p1a: Scizor|62/100
|-singleturn|p1a: Scizor|move: Roost
|
|-heal|p2a: Rotom|73/100|[from] item: Leftovers
|upkeep
|turn|24
|
|t:|1658201066
|move|p2a: Rotom|Hydro Pump|p1a: Scizor
|-damage|p1a: Scizor|16/100
|move|p1a: Scizor|Roost|p1a: Scizor
|-heal|p1a: Scizor|66/100
|-singleturn|p1a: Scizor|move: Roost
|
|-heal|p2a: Rotom|79/100|[from] item: Leftovers
|upkeep
|turn|25
|
|t:|1658201074
|move|p2a: Rotom|Hydro Pump|p1a: Scizor|[miss]
|-miss|p2a: Rotom|p1a: Scizor
|move|p1a: Scizor|Roost|p1a: Scizor
|-heal|p1a: Scizor|100/100
|-singleturn|p1a: Scizor|move: Roost
|
|-heal|p2a: Rotom|85/100|[from] item: Leftovers
|upkeep
|turn|26
|
|t:|1658201082
|move|p2a: Rotom|Hydro Pump|p1a: Scizor
|-damage|p1a: Scizor|55/100
|move|p1a: Scizor|Swords Dance|p1a: Scizor
|-boost|p1a: Scizor|atk|2
|
|-heal|p2a: Rotom|92/100|[from] item: Leftovers
|upkeep
|turn|27
|
|t:|1658201091
|move|p2a: Rotom|Hydro Pump|p1a: Scizor
|-damage|p1a: Scizor|10/100
|move|p1a: Scizor|Roost|p1a: Scizor
|-heal|p1a: Scizor|60/100
|-singleturn|p1a: Scizor|move: Roost
|
|-heal|p2a: Rotom|98/100|[from] item: Leftovers
|upkeep
|turn|28
|
|t:|1658201099
|move|p2a: Rotom|Volt Switch|p1a: Scizor
|-damage|p1a: Scizor|32/100
|
|t:|1658201102
|switch|p2a: Landorus|Landorus-Therian, M|88/100 tox|[from]move: Volt Switch
|-ability|p2a: Landorus|Intimidate|boost
|-unboost|p1a: Scizor|atk|1
|move|p1a: Scizor|Roost|p1a: Scizor
|-heal|p1a: Scizor|82/100
|-singleturn|p1a: Scizor|move: Roost
|
|-heal|p2a: Landorus|94/100 tox|[from] item: Leftovers
|-damage|p2a: Landorus|88/100 tox|[from] psn
|upkeep
|turn|29
|
|t:|1658201113
|move|p2a: Landorus|Earthquake|p1a: Scizor
|-damage|p1a: Scizor|43/100
|move|p1a: Scizor|Swords Dance|p1a: Scizor
|-boost|p1a: Scizor|atk|2
|
|-heal|p2a: Landorus|94/100 tox|[from] item: Leftovers
|-damage|p2a: Landorus|82/100 tox|[from] psn
|upkeep
|turn|30
|
|t:|1658201122
|move|p2a: Landorus|Earthquake|p1a: Scizor
|-damage|p1a: Scizor|7/100
|move|p1a: Scizor|Roost|p1a: Scizor
|-heal|p1a: Scizor|57/100
|-singleturn|p1a: Scizor|move: Roost
|
|-heal|p2a: Landorus|88/100 tox|[from] item: Leftovers
|-damage|p2a: Landorus|70/100 tox|[from] psn
|upkeep
|turn|31
|
|t:|1658201132
|move|p2a: Landorus|Earthquake|p1a: Scizor
|-damage|p1a: Scizor|19/100
|move|p1a: Scizor|Roost|p1a: Scizor
|-heal|p1a: Scizor|69/100
|-singleturn|p1a: Scizor|move: Roost
|
|-heal|p2a: Landorus|76/100 tox|[from] item: Leftovers
|-damage|p2a: Landorus|52/100 tox|[from] psn
|upkeep
|turn|32
|
|t:|1658201144
|move|p2a: Landorus|Earthquake|p1a: Scizor
|-damage|p1a: Scizor|31/100
|move|p1a: Scizor|Roost|p1a: Scizor
|-heal|p1a: Scizor|81/100
|-singleturn|p1a: Scizor|move: Roost
|
|-heal|p2a: Landorus|58/100 tox|[from] item: Leftovers
|-damage|p2a: Landorus|28/100 tox|[from] psn
|upkeep
|turn|33
|
|t:|1658201154
|move|p1a: Scizor|Bullet Punch|p2a: Landorus
|-damage|p2a: Landorus|0 fnt
|faint|p2a: Landorus
|
|upkeep
|
|t:|1658201156
|switch|p2a: Dragapult|Dragapult, F|28/100
|turn|34
|
|t:|1658201162
|move|p2a: Dragapult|Sucker Punch||[still]
|-fail|p2a: Dragapult
|move|p1a: Scizor|Roost|p1a: Scizor
|-heal|p1a: Scizor|100/100
|-singleturn|p1a: Scizor|move: Roost
|
|upkeep
|turn|35
|
|t:|1658201168
|move|p2a: Dragapult|Sucker Punch||[still]
|-fail|p2a: Dragapult
|move|p1a: Scizor|Swords Dance|p1a: Scizor
|-boost|p1a: Scizor|atk|2
|
|upkeep
|turn|36
|
|t:|1658201174
|move|p2a: Dragapult|Sucker Punch||[still]
|-fail|p2a: Dragapult
|move|p1a: Scizor|Swords Dance|p1a: Scizor
|-boost|p1a: Scizor|atk|0
|
|upkeep
|turn|37
|
|t:|1658201180
|move|p2a: Dragapult|Sucker Punch||[still]
|-fail|p2a: Dragapult
|move|p1a: Scizor|Swords Dance|p1a: Scizor
|-boost|p1a: Scizor|atk|0
|
|upkeep
|turn|38
|l| GoldenStateIdiots
|
|t:|1658201186
|switch|p2a: Rotom|Rotom-Wash|98/100
|move|p1a: Scizor|Swords Dance|p1a: Scizor
|-boost|p1a: Scizor|atk|0
|
|-heal|p2a: Rotom|100/100|[from] item: Leftovers
|upkeep
|turn|39
|
|t:|1658201194
|move|p1a: Scizor|Bullet Punch|p2a: Rotom
|-resisted|p2a: Rotom
|-damage|p2a: Rotom|74/100
|move|p2a: Rotom|Volt Switch|p1a: Scizor
|-damage|p1a: Scizor|72/100
|
|t:|1658201200
|switch|p2a: Dragapult|Dragapult, F|28/100|[from]move: Volt Switch
|
|upkeep
|turn|40
|
|t:|1658201207
|move|p1a: Scizor|Bullet Punch|p2a: Dragapult
|-damage|p2a: Dragapult|0 fnt
|faint|p2a: Dragapult
|
|upkeep
|
|t:|1658201209
|switch|p2a: Rotom|Rotom-Wash|74/100
|turn|41
|l| CanUrepeat
|
|t:|1658201216
|move|p2a: Rotom|Hydro Pump|p1a: Scizor|[miss]
|-miss|p2a: Rotom|p1a: Scizor
|move|p1a: Scizor|Roost|p1a: Scizor
|-heal|p1a: Scizor|100/100
|-singleturn|p1a: Scizor|move: Roost
|
|-heal|p2a: Rotom|80/100|[from] item: Leftovers
|upkeep
|turn|42
|c|☆RggV|Gg
|-message|RggV forfeited.
|
|win|Fastpitchkiller
|raw|Fastpitchkiller's rating: 1713 &rarr; <strong>1731</strong><br />(+18 for winning)
|raw|RggV's rating: 1682 &rarr; <strong>1664</strong><br />(-18 for losing)
|l|☆RggV
||Ladder isn't responding, score probably updated but might not have (Request timeout).
