|j|☆Archerdagoat
|j|☆BoomFantastic
|t:|1626289529
|gametype|singles
|player|p1|Archerdagoat|hoopster|1463
|player|p2|BoomFantastic|266|1497
|teamsize|p1|6
|teamsize|p2|6
|gen|8
|tier|[Gen 8] OU
|rated|
|rule|Sleep Clause Mod: Limit one foe put to sleep
|rule|Species Clause: Limit one of each Pokémon
|rule|OHKO Clause: OHKO moves are banned
|rule|Evasion Moves Clause: Evasion moves are banned
|rule|Endless Battle Clause: Forcing endless battles is banned
|rule|HP Percentage Mod: HP is shown in percentages
|rule|Dynamax Clause: You cannot dynamax
|clearpoke
|poke|p1|Chansey, F|
|poke|p1|Clefable, M|
|poke|p1|Toxapex, F|
|poke|p1|Ferrothorn, M|
|poke|p1|Zapdos|
|poke|p1|Dragapult, M|
|poke|p2|Dragapult, F|
|poke|p2|Tapu Lele|
|poke|p2|Corviknight, F|
|poke|p2|Tapu Fini|
|poke|p2|Slowking-Galar, M|
|poke|p2|Landorus-Therian, M|
|teampreview
|
|t:|1626289547
|start
|switch|p1a: Toxapex|Toxapex, F|100/100
|switch|p2a: Tapu Fini|Tapu Fini|100/100
|-fieldstart|move: Misty Terrain|[from] ability: Misty Surge|[of] p2a: Tapu Fini
|turn|1
|inactive|Battle timer is ON: inactive players will automatically lose when time's up. (requested by Archerdagoat)
|
|t:|1626289560
|switch|p1a: Ferrothorn|Ferrothorn, M|100/100
|move|p2a: Tapu Fini|Trick|p1a: Ferrothorn
|-activate|p2a: Tapu Fini|move: Trick|[of] p1a: Ferrothorn
|-item|p1a: Ferrothorn|Choice Scarf|[from] move: Trick
|-item|p2a: Tapu Fini|Rocky Helmet|[from] move: Trick
|
|upkeep
|turn|2
|j| Philououou
|
|t:|1626289568
|switch|p2a: Slowking|Slowking-Galar, M|100/100
|move|p1a: Ferrothorn|Leech Seed|p2a: Slowking|[miss]
|-miss|p1a: Ferrothorn|p2a: Slowking
|
|upkeep
|turn|3
|
|t:|1626289577
|switch|p1a: Chansey|Chansey, F|100/100
|move|p2a: Slowking|Future Sight|p1a: Chansey
|-start|p2a: Slowking|move: Future Sight
|
|upkeep
|turn|4
|
|t:|1626289591
|switch|p2a: Tapu Fini|Tapu Fini|100/100
|move|p1a: Chansey|Stealth Rock|p2a: Tapu Fini
|-sidestart|p2: BoomFantastic|move: Stealth Rock
|
|upkeep
|turn|5
|
|t:|1626289603
|switch|p2a: Corviknight|Corviknight, F|100/100
|-damage|p2a: Corviknight|88/100|[from] Stealth Rock
|-ability|p2a: Corviknight|Pressure
|switch|p1a: Ferrothorn|Ferrothorn, M|100/100
|
|-end|p1a: Ferrothorn|move: Future Sight
|-resisted|p1a: Ferrothorn
|-damage|p1a: Ferrothorn|80/100
|-heal|p2a: Corviknight|94/100|[from] item: Leftovers
|-fieldend|Misty Terrain
|upkeep
|turn|6
|
|t:|1626289607
|move|p2a: Corviknight|Defog|p1a: Ferrothorn
|-unboost|p1a: Ferrothorn|evasion|1
|-sideend|p2: BoomFantastic|Stealth Rock|[from] move: Defog|[of] p2a: Corviknight
|move|p1a: Ferrothorn|Leech Seed|p2a: Corviknight|[miss]
|-miss|p1a: Ferrothorn|p2a: Corviknight
|
|-heal|p2a: Corviknight|100/100|[from] item: Leftovers
|upkeep
|turn|7
|
|t:|1626289621
|switch|p2a: Tapu Lele|Tapu Lele|100/100
|-fieldstart|move: Psychic Terrain|[from] ability: Psychic Surge|[of] p2a: Tapu Lele
|move|p1a: Ferrothorn|Leech Seed|p2a: Tapu Lele
|-start|p2a: Tapu Lele|move: Leech Seed
|
|-damage|p2a: Tapu Lele|88/100|[from] Leech Seed|[of] p1a: Ferrothorn
|-heal|p1a: Ferrothorn|90/100|[silent]
|upkeep
|turn|8
|
|t:|1626289628
|switch|p1a: Chansey|Chansey, F|100/100
|move|p2a: Tapu Lele|Focus Blast|p1a: Chansey|[miss]
|-miss|p2a: Tapu Lele|p1a: Chansey
|
|-damage|p2a: Tapu Lele|76/100|[from] Leech Seed|[of] p1a: Chansey
|upkeep
|turn|9
|
|t:|1626289636
|switch|p2a: Tapu Fini|Tapu Fini|100/100
|-fieldstart|move: Misty Terrain|[from] ability: Misty Surge|[of] p2a: Tapu Fini
|move|p1a: Chansey|Toxic|p2a: Tapu Fini
|-activate|p2a: Tapu Fini|move: Misty Terrain
|
|upkeep
|turn|10
|
|t:|1626289643
|switch|p2a: Slowking|Slowking-Galar, M|100/100
|switch|p1a: Ferrothorn|Ferrothorn, M|90/100
|
|upkeep
|turn|11
|
|t:|1626289647
|switch|p1a: Chansey|Chansey, F|100/100
|move|p2a: Slowking|Future Sight|p1a: Chansey
|-start|p2a: Slowking|move: Future Sight
|
|upkeep
|turn|12
|
|t:|1626289651
|switch|p2a: Corviknight|Corviknight, F|100/100
|-ability|p2a: Corviknight|Pressure
|move|p1a: Chansey|Stealth Rock|p2a: Corviknight
|-sidestart|p2: BoomFantastic|move: Stealth Rock
|
|upkeep
|turn|13
|
|t:|1626289657
|move|p2a: Corviknight|Defog|p1a: Chansey
|-unboost|p1a: Chansey|evasion|1
|-sideend|p2: BoomFantastic|Stealth Rock|[from] move: Defog|[of] p2a: Corviknight
|-fieldend|Misty Terrain
|move|p1a: Chansey|Seismic Toss|p2a: Corviknight
|-damage|p2a: Corviknight|75/100
|
|-end|p1a: Chansey|move: Future Sight
|-damage|p1a: Chansey|84/100
|-heal|p2a: Corviknight|82/100|[from] item: Leftovers
|upkeep
|turn|14
|
|t:|1626289660
|move|p2a: Corviknight|Body Press|p1a: Chansey
|-supereffective|p1a: Chansey
|-damage|p1a: Chansey|55/100
|move|p1a: Chansey|Stealth Rock|p2a: Corviknight
|-sidestart|p2: BoomFantastic|move: Stealth Rock
|
|-heal|p2a: Corviknight|88/100|[from] item: Leftovers
|upkeep
|turn|15
|
|t:|1626289663
|move|p2a: Corviknight|Body Press|p1a: Chansey
|-supereffective|p1a: Chansey
|-damage|p1a: Chansey|23/100
|move|p1a: Chansey|Soft-Boiled|p1a: Chansey
|-heal|p1a: Chansey|73/100
|
|-heal|p2a: Corviknight|94/100|[from] item: Leftovers
|upkeep
|turn|16
|
|t:|1626289667
|switch|p1a: Dragapult|Dragapult, M|100/100
|move|p2a: Corviknight|Defog|p1a: Dragapult
|-unboost|p1a: Dragapult|evasion|1
|-sideend|p2: BoomFantastic|Stealth Rock|[from] move: Defog|[of] p2a: Corviknight
|
|-heal|p2a: Corviknight|100/100|[from] item: Leftovers
|upkeep
|turn|17
|
|t:|1626289674
|switch|p2a: Landorus|Landorus-Therian, M|100/100
|-ability|p2a: Landorus|Intimidate|boost
|-unboost|p1a: Dragapult|atk|1
|move|p1a: Dragapult|Will-O-Wisp|p2a: Landorus
|-status|p2a: Landorus|brn
|
|-damage|p2a: Landorus|94/100 brn|[from] brn
|upkeep
|turn|18
|
|t:|1626289680
|move|p1a: Dragapult|Substitute|p1a: Dragapult
|-start|p1a: Dragapult|Substitute
|-damage|p1a: Dragapult|76/100
|move|p2a: Landorus|Stealth Rock|p1a: Dragapult
|-sidestart|p1: Archerdagoat|move: Stealth Rock
|
|-heal|p1a: Dragapult|82/100|[from] item: Leftovers
|-heal|p2a: Landorus|100/100 brn|[from] item: Leftovers
|-damage|p2a: Landorus|94/100 brn|[from] brn
|upkeep
|turn|19
|
|t:|1626289684
|move|p1a: Dragapult|Hex|p2a: Landorus
|-damage|p2a: Landorus|56/100 brn
|move|p2a: Landorus|Earthquake|p1a: Dragapult
|-end|p1a: Dragapult|Substitute
|
|-heal|p1a: Dragapult|88/100|[from] item: Leftovers
|-heal|p2a: Landorus|62/100 brn|[from] item: Leftovers
|-damage|p2a: Landorus|56/100 brn|[from] brn
|upkeep
|turn|20
|
|t:|1626289692
|switch|p2a: Tapu Fini|Tapu Fini|100/100
|-fieldstart|move: Misty Terrain|[from] ability: Misty Surge|[of] p2a: Tapu Fini
|move|p1a: Dragapult|Substitute|p1a: Dragapult
|-start|p1a: Dragapult|Substitute
|-damage|p1a: Dragapult|63/100
|
|-heal|p1a: Dragapult|69/100|[from] item: Leftovers
|upkeep
|turn|21
|
|t:|1626289697
|move|p1a: Dragapult|Hex|p2a: Tapu Fini
|-damage|p2a: Tapu Fini|77/100
|move|p2a: Tapu Fini|Moonblast|p1a: Dragapult
|-supereffective|p1a: Dragapult
|-end|p1a: Dragapult|Substitute
|
|-heal|p1a: Dragapult|75/100|[from] item: Leftovers
|upkeep
|turn|22
|
|t:|1626289701
|move|p1a: Dragapult|Disable|p2a: Tapu Fini
|-start|p2a: Tapu Fini|Disable|Moonblast
|cant|p2a: Tapu Fini|Disable|Moonblast
|
|-heal|p1a: Dragapult|81/100|[from] item: Leftovers
|upkeep
|turn|23
|
|t:|1626289705
|switch|p1a: Zapdos|Zapdos|100/100
|-damage|p1a: Zapdos|75/100|[from] Stealth Rock
|move|p2a: Tapu Fini|Knock Off|p1a: Zapdos
|-damage|p1a: Zapdos|64/100
|-enditem|p1a: Zapdos|Leftovers|[from] move: Knock Off|[of] p2a: Tapu Fini
|
|upkeep
|turn|24
|
|t:|1626289711
|switch|p2a: Landorus|Landorus-Therian, M|56/100 brn
|-ability|p2a: Landorus|Intimidate|boost
|-unboost|p1a: Zapdos|atk|1
|move|p1a: Zapdos|Defog|p2a: Landorus
|-unboost|p2a: Landorus|evasion|1
|-sideend|p1: Archerdagoat|Stealth Rock|[from] move: Defog|[of] p1a: Zapdos
|-fieldend|Misty Terrain
|
|-heal|p2a: Landorus|62/100 brn|[from] item: Leftovers
|-damage|p2a: Landorus|56/100 brn|[from] brn
|upkeep
|turn|25
|
|t:|1626289714
|move|p2a: Landorus|Stealth Rock|p1a: Zapdos
|-sidestart|p1: Archerdagoat|move: Stealth Rock
|move|p1a: Zapdos|Heat Wave|p2a: Landorus
|-damage|p2a: Landorus|34/100 brn
|
|-heal|p2a: Landorus|40/100 brn|[from] item: Leftovers
|-damage|p2a: Landorus|34/100 brn|[from] brn
|upkeep
|turn|26
|
|t:|1626289719
|move|p2a: Landorus|Toxic|p1a: Zapdos
|-status|p1a: Zapdos|tox
|move|p1a: Zapdos|Defog|p2a: Landorus
|-unboost|p2a: Landorus|evasion|1
|-sideend|p1: Archerdagoat|Stealth Rock|[from] move: Defog|[of] p1a: Zapdos
|
|-heal|p2a: Landorus|40/100 brn|[from] item: Leftovers
|-damage|p1a: Zapdos|58/100 tox|[from] psn
|-damage|p2a: Landorus|34/100 brn|[from] brn
|upkeep
|turn|27
|
|t:|1626289727
|switch|p2a: Slowking|Slowking-Galar, M|100/100
|switch|p1a: Toxapex|Toxapex, F|100/100
|
|upkeep
|turn|28
|
|t:|1626289729
|move|p1a: Toxapex|Toxic Spikes|p2a: Slowking
|-sidestart|p2: BoomFantastic|move: Toxic Spikes
|move|p2a: Slowking|Future Sight|p1a: Toxapex
|-start|p2a: Slowking|move: Future Sight
|
|upkeep
|turn|29
|
|t:|1626289733
|move|p1a: Toxapex|Toxic Spikes|p2a: Slowking
|-sidestart|p2: BoomFantastic|move: Toxic Spikes
|move|p2a: Slowking|Ice Beam|p1a: Toxapex
|-resisted|p1a: Toxapex
|-damage|p1a: Toxapex|91/100
|-status|p1a: Toxapex|frz
|
|-heal|p1a: Toxapex|97/100 frz|[from] item: Black Sludge
|upkeep
|turn|30
|
|t:|1626289739
|switch|p1a: Chansey|Chansey, F|73/100
|switch|p2a: Corviknight|Corviknight, F|100/100
|-ability|p2a: Corviknight|Pressure
|
|-end|p1a: Chansey|move: Future Sight
|-damage|p1a: Chansey|58/100
|upkeep
|turn|31
|
|t:|1626289744
|move|p2a: Corviknight|Defog|p1a: Chansey
|-unboost|p1a: Chansey|evasion|1
|-sideend|p2: BoomFantastic|Toxic Spikes|[from] move: Defog|[of] p2a: Corviknight
|move|p1a: Chansey|Soft-Boiled|p1a: Chansey
|-heal|p1a: Chansey|100/100
|
|upkeep
|turn|32
|
|t:|1626289747
|move|p2a: Corviknight|Body Press|p1a: Chansey
|-supereffective|p1a: Chansey
|-damage|p1a: Chansey|68/100
|move|p1a: Chansey|Stealth Rock|p2a: Corviknight
|-sidestart|p2: BoomFantastic|move: Stealth Rock
|
|upkeep
|turn|33
|
|t:|1626289750
|switch|p1a: Ferrothorn|Ferrothorn, M|90/100
|move|p2a: Corviknight|Defog|p1a: Ferrothorn
|-unboost|p1a: Ferrothorn|evasion|1
|-sideend|p2: BoomFantastic|Stealth Rock|[from] move: Defog|[of] p2a: Corviknight
|
|upkeep
|turn|34
|
|t:|1626289755
|move|p2a: Corviknight|Body Press|p1a: Ferrothorn
|-supereffective|p1a: Ferrothorn
|-damage|p1a: Ferrothorn|59/100
|-damage|p2a: Corviknight|88/100|[from] ability: Iron Barbs|[of] p1a: Ferrothorn
|move|p1a: Ferrothorn|Leech Seed|p2a: Corviknight
|-start|p2a: Corviknight|move: Leech Seed
|
|-heal|p2a: Corviknight|94/100|[from] item: Leftovers
|-damage|p2a: Corviknight|82/100|[from] Leech Seed|[of] p1a: Ferrothorn
|-heal|p1a: Ferrothorn|74/100|[silent]
|upkeep
|turn|35
|
|t:|1626289766
|switch|p2a: Slowking|Slowking-Galar, M|100/100
|switch|p1a: Clefable|Clefable, M|100/100
|
|upkeep
|turn|36
|
|t:|1626289769
|move|p1a: Clefable|Wish|p1a: Clefable
|move|p2a: Slowking|Future Sight|p1a: Clefable
|-start|p2a: Slowking|move: Future Sight
|
|upkeep
|turn|37
|
|t:|1626289777
|switch|p1a: Chansey|Chansey, F|68/100
|move|p2a: Slowking|Sludge Bomb|p1a: Chansey
|-damage|p1a: Chansey|56/100
|
|-heal|p1a: Chansey|84/100|[from] move: Wish|[wisher] Clefable
|upkeep
|turn|38
|
|t:|1626289781
|move|p1a: Chansey|Stealth Rock|p2a: Slowking
|-sidestart|p2: BoomFantastic|move: Stealth Rock
|move|p2a: Slowking|Future Sight||[still]
|-fail|p2a: Slowking
|
|-end|p1a: Chansey|move: Future Sight
|-damage|p1a: Chansey|69/100
|upkeep
|turn|39
|
|t:|1626289787
|switch|p2a: Corviknight|Corviknight, F|82/100
|-damage|p2a: Corviknight|69/100|[from] Stealth Rock
|-ability|p2a: Corviknight|Pressure
|move|p1a: Chansey|Toxic|p2a: Corviknight
|-immune|p2a: Corviknight
|
|-heal|p2a: Corviknight|75/100|[from] item: Leftovers
|upkeep
|turn|40
|
|t:|1626289793
|switch|p1a: Ferrothorn|Ferrothorn, M|74/100
|move|p2a: Corviknight|Defog|p1a: Ferrothorn
|-unboost|p1a: Ferrothorn|evasion|1
|-sideend|p2: BoomFantastic|Stealth Rock|[from] move: Defog|[of] p2a: Corviknight
|
|-heal|p2a: Corviknight|82/100|[from] item: Leftovers
|upkeep
|turn|41
|
|t:|1626289799
|move|p2a: Corviknight|Body Press|p1a: Ferrothorn
|-supereffective|p1a: Ferrothorn
|-damage|p1a: Ferrothorn|46/100
|-damage|p2a: Corviknight|69/100|[from] ability: Iron Barbs|[of] p1a: Ferrothorn
|move|p1a: Ferrothorn|Spikes|p2a: Corviknight
|-sidestart|p2: BoomFantastic|Spikes
|
|-heal|p2a: Corviknight|75/100|[from] item: Leftovers
|upkeep
|turn|42
|
|t:|1626289804
|switch|p1a: Clefable|Clefable, M|100/100
|move|p2a: Corviknight|Roost|p2a: Corviknight
|-heal|p2a: Corviknight|100/100
|-singleturn|p2a: Corviknight|move: Roost
|
|upkeep
|turn|43
|
|t:|1626289807
|move|p2a: Corviknight|Defog|p1a: Clefable
|-unboost|p1a: Clefable|evasion|1
|-sideend|p2: BoomFantastic|Spikes|[from] move: Defog|[of] p2a: Corviknight
|move|p1a: Clefable|Wish|p1a: Clefable
|
|upkeep
|turn|44
|
|t:|1626289810
|switch|p2a: Tapu Lele|Tapu Lele|76/100
|-fieldstart|move: Psychic Terrain|[from] ability: Psychic Surge|[of] p2a: Tapu Lele
|switch|p1a: Ferrothorn|Ferrothorn, M|46/100
|
|-heal|p1a: Ferrothorn|100/100|[from] move: Wish|[wisher] Clefable
|upkeep
|turn|45
|
|t:|1626289814
|move|p2a: Tapu Lele|Focus Blast|p1a: Ferrothorn
|-supereffective|p1a: Ferrothorn
|-damage|p1a: Ferrothorn|0 fnt
|faint|p1a: Ferrothorn
|
|upkeep
|
|t:|1626289828
|switch|p1a: Clefable|Clefable, M|100/100
|turn|46
|
|t:|1626289832
|switch|p2a: Slowking|Slowking-Galar, M|100/100
|move|p1a: Clefable|Calm Mind|p1a: Clefable
|-boost|p1a: Clefable|spa|1
|-boost|p1a: Clefable|spd|1
|
|upkeep
|turn|47
|
|t:|1626289836
|move|p1a: Clefable|Calm Mind|p1a: Clefable
|-boost|p1a: Clefable|spa|1
|-boost|p1a: Clefable|spd|1
|move|p2a: Slowking|Sludge Bomb|p1a: Clefable
|-supereffective|p1a: Clefable
|-damage|p1a: Clefable|65/100
|-status|p1a: Clefable|psn
|
|-heal|p1a: Clefable|72/100 psn|[from] item: Leftovers
|-damage|p1a: Clefable|59/100 psn|[from] psn
|upkeep
|turn|48
|-message|Archerdagoat forfeited.
|
|win|BoomFantastic
|raw|Archerdagoat's rating: 1463 &rarr; <strong>1445</strong><br />(-18 for losing)
|raw|BoomFantastic's rating: 1497 &rarr; <strong>1515</strong><br />(+18 for winning)
|l|☆Archerdagoat
