|j|☆charbie
|j|☆damorush
|t:|1636535703
|gametype|singles
|player|p1|charbie|battlegirl-gen4|1461
|player|p2|damorush|169|1502
|teamsize|p1|6
|teamsize|p2|6
|gen|8
|tier|[Gen 8] OU
|rated|
|rule|Sleep Clause Mod: Limit one foe put to sleep
|rule|Species Clause: Limit one of each Pokémon
|rule|OHKO Clause: OHKO moves are banned
|rule|Evasion Moves Clause: Evasion moves are banned
|rule|Endless Battle Clause: Forcing endless battles is banned
|rule|HP Percentage Mod: HP is shown in percentages
|rule|Dynamax Clause: You cannot dynamax
|clearpoke
|poke|p1|Nidoking, M|
|poke|p1|Dragonite, M|
|poke|p1|Urshifu-*, M|
|poke|p1|Melmetal|
|poke|p1|Landorus-Therian, M|
|poke|p1|Tapu Koko|
|poke|p2|Dragapult, M|
|poke|p2|Weavile, F|
|poke|p2|Landorus-Therian, M|
|poke|p2|Ferrothorn, M|
|poke|p2|Slowking, F|
|poke|p2|Toxtricity-Low-Key, F|
|teampreview
|
|t:|1636535718
|start
|switch|p1a: Urshifu|Urshifu-Rapid-Strike, M|100/100
|switch|p2a: Ferrothorn|Ferrothorn, M|100/100
|turn|1
|
|t:|1636535725
|switch|p2a: Dragapult|Dragapult, M|100/100
|move|p1a: Urshifu|Close Combat|p2a: Dragapult
|-immune|p2a: Dragapult
|
|upkeep
|turn|2
|
|t:|1636535733
|switch|p1a: Melmetal|Melmetal|100/100
|move|p2a: Dragapult|U-turn|p1a: Melmetal
|-resisted|p1a: Melmetal
|-damage|p1a: Melmetal|90/100
|
|t:|1636535740
|switch|p2a: Landorus|Landorus-Therian, M|100/100|[from]move: U-turn
|-ability|p2a: Landorus|Intimidate|boost
|-unboost|p1a: Melmetal|atk|1
|
|upkeep
|turn|3
|
|t:|1636535748
|switch|p1a: Landorus|Landorus-Therian, M|100/100
|-ability|p1a: Landorus|Intimidate|boost
|-unboost|p2a: Landorus|atk|1
|move|p2a: Landorus|Earthquake|p1a: Landorus
|-immune|p1a: Landorus
|
|upkeep
|turn|4
|l|☆damorush
|player|p2|
|j|☆damorush
|player|p2|damorush|169
|
|t:|1636535760
|move|p1a: Landorus|Stealth Rock|p2a: Landorus
|-sidestart|p2: damorush|move: Stealth Rock
|move|p2a: Landorus|Toxic|p1a: Landorus
|-status|p1a: Landorus|tox
|
|-damage|p1a: Landorus|95/100 tox|[from] psn
|upkeep
|turn|5
|
|t:|1636535769
|move|p1a: Landorus|U-turn|p2a: Landorus
|-resisted|p2a: Landorus
|-damage|p2a: Landorus|91/100
|
|t:|1636535772
|switch|p1a: Urshifu|Urshifu-Rapid-Strike, M|100/100|[from]move: U-turn
|move|p2a: Landorus|Defog|p1a: Urshifu
|-unboost|p1a: Urshifu|evasion|1
|-sideend|p2: damorush|Stealth Rock|[from] move: Defog|[of] p2a: Landorus
|
|-heal|p2a: Landorus|97/100|[from] item: Leftovers
|upkeep
|turn|6
|
|t:|1636535782
|switch|p2a: Ferrothorn|Ferrothorn, M|100/100
|move|p1a: Urshifu|U-turn|p2a: Ferrothorn
|-damage|p2a: Ferrothorn|80/100
|-damage|p1a: Urshifu|88/100|[from] ability: Iron Barbs|[of] p2a: Ferrothorn
|
|t:|1636535802
|switch|p1a: Nidoking|Nidoking, M|100/100|[from]move: U-turn
|
|-heal|p2a: Ferrothorn|86/100|[from] item: Leftovers
|upkeep
|turn|7
|
|t:|1636535809
|switch|p2a: Slowking|Slowking, F|100/100
|move|p1a: Nidoking|Flamethrower|p2a: Slowking
|-resisted|p2a: Slowking
|-damage|p2a: Slowking|92/100
|
|upkeep
|turn|8
|
|t:|1636535817
|switch|p1a: Tapu Koko|Tapu Koko|100/100
|-fieldstart|move: Electric Terrain|[from] ability: Electric Surge|[of] p1a: Tapu Koko
|move|p2a: Slowking|Teleport|p2a: Slowking
|
|t:|1636535823
|switch|p2a: Landorus|Landorus-Therian, M|97/100|[from]move: Teleport
|-ability|p2a: Landorus|Intimidate|boost
|-unboost|p1a: Tapu Koko|atk|1
|
|-heal|p2a: Landorus|100/100|[from] item: Leftovers
|upkeep
|turn|9
|
|t:|1636535831
|switch|p1a: Landorus|Landorus-Therian, M|95/100 tox
|-ability|p1a: Landorus|Intimidate|boost
|-unboost|p2a: Landorus|atk|1
|move|p2a: Landorus|U-turn|p1a: Landorus
|-resisted|p1a: Landorus
|-damage|p1a: Landorus|85/100 tox
|
|t:|1636535838
|switch|p2a: Weavile|Weavile, F|100/100|[from]move: U-turn
|-ability|p2a: Weavile|Pressure
|
|-damage|p1a: Landorus|79/100 tox|[from] psn
|upkeep
|turn|10
|
|t:|1636535847
|switch|p1a: Melmetal|Melmetal|90/100
|move|p2a: Weavile|Knock Off|p1a: Melmetal
|-damage|p1a: Melmetal|49/100
|-enditem|p1a: Melmetal|Protective Pads|[from] move: Knock Off|[of] p2a: Weavile
|
|upkeep
|turn|11
|
|t:|1636535856
|switch|p2a: Ferrothorn|Ferrothorn, M|86/100
|move|p1a: Melmetal|Earthquake|p2a: Ferrothorn
|-damage|p2a: Ferrothorn|63/100
|
|-heal|p2a: Ferrothorn|69/100|[from] item: Leftovers
|upkeep
|turn|12
|
|t:|1636535865
|switch|p1a: Nidoking|Nidoking, M|100/100
|move|p2a: Ferrothorn|Leech Seed|p1a: Nidoking
|-start|p1a: Nidoking|move: Leech Seed
|
|-heal|p2a: Ferrothorn|75/100|[from] item: Leftovers
|-damage|p1a: Nidoking|88/100|[from] Leech Seed|[of] p2a: Ferrothorn
|-heal|p2a: Ferrothorn|86/100|[silent]
|-fieldend|move: Electric Terrain
|upkeep
|turn|13
|
|t:|1636535875
|switch|p1a: Urshifu|Urshifu-Rapid-Strike, M|88/100
|switch|p2a: Slowking|Slowking, F|100/100
|
|upkeep
|turn|14
|
|t:|1636535881
|move|p1a: Urshifu|U-turn|p2a: Slowking
|-supereffective|p2a: Slowking
|-damage|p2a: Slowking|23/100
|
|t:|1636535887
|switch|p1a: Landorus|Landorus-Therian, M|79/100 tox|[from]move: U-turn
|-ability|p1a: Landorus|Intimidate|boost
|-unboost|p2a: Slowking|atk|1
|move|p2a: Slowking|Future Sight|p1a: Landorus
|-start|p2a: Slowking|move: Future Sight
|
|-damage|p1a: Landorus|74/100 tox|[from] psn
|upkeep
|turn|15
|
|t:|1636535896
|switch|p2a: Landorus|Landorus-Therian, M|100/100
|-ability|p2a: Landorus|Intimidate|boost
|-unboost|p1a: Landorus|atk|1
|move|p1a: Landorus|U-turn|p2a: Landorus
|-resisted|p2a: Landorus
|-damage|p2a: Landorus|94/100
|
|t:|1636535909
|switch|p1a: Melmetal|Melmetal|49/100|[from]move: U-turn
|
|-heal|p2a: Landorus|99/100|[from] item: Leftovers
|upkeep
|turn|16
|
|t:|1636535922
|move|p2a: Landorus|Earthquake|p1a: Melmetal
|-supereffective|p1a: Melmetal
|-damage|p1a: Melmetal|0 fnt
|faint|p1a: Melmetal
|
|-hint|Future Sight did not hit because the target is fainted.
|-heal|p2a: Landorus|100/100|[from] item: Leftovers
|upkeep
|
|t:|1636535936
|switch|p1a: Urshifu|Urshifu-Rapid-Strike, M|88/100
|turn|17
|
|t:|1636535942
|switch|p2a: Dragapult|Dragapult, M|100/100
|move|p1a: Urshifu|Close Combat|p2a: Dragapult
|-immune|p2a: Dragapult
|
|upkeep
|turn|18
|
|t:|1636535952
|switch|p1a: Tapu Koko|Tapu Koko|100/100
|-fieldstart|move: Electric Terrain|[from] ability: Electric Surge|[of] p1a: Tapu Koko
|move|p2a: Dragapult|U-turn|p1a: Tapu Koko
|-resisted|p1a: Tapu Koko
|-damage|p1a: Tapu Koko|74/100
|
|t:|1636535959
|switch|p2a: Ferrothorn|Ferrothorn, M|86/100|[from]move: U-turn
|
|-heal|p2a: Ferrothorn|92/100|[from] item: Leftovers
|upkeep
|turn|19
|
|t:|1636535966
|move|p1a: Tapu Koko|Thunderbolt|p2a: Ferrothorn
|-resisted|p2a: Ferrothorn
|-damage|p2a: Ferrothorn|61/100
|move|p2a: Ferrothorn|Stealth Rock|p1a: Tapu Koko
|-sidestart|p1: charbie|move: Stealth Rock
|
|-heal|p2a: Ferrothorn|67/100|[from] item: Leftovers
|upkeep
|turn|20
|
|t:|1636535975
|move|p1a: Tapu Koko|Thunderbolt|p2a: Ferrothorn
|-resisted|p2a: Ferrothorn
|-damage|p2a: Ferrothorn|34/100
|move|p2a: Ferrothorn|Leech Seed|p1a: Tapu Koko
|-start|p1a: Tapu Koko|move: Leech Seed
|
|-heal|p2a: Ferrothorn|40/100|[from] item: Leftovers
|-damage|p1a: Tapu Koko|61/100|[from] Leech Seed|[of] p2a: Ferrothorn
|-heal|p2a: Ferrothorn|50/100|[silent]
|upkeep
|turn|21
|
|t:|1636535990
|switch|p1a: Landorus|Landorus-Therian, M|74/100 tox
|-damage|p1a: Landorus|61/100 tox|[from] Stealth Rock
|-ability|p1a: Landorus|Intimidate|boost
|-unboost|p2a: Ferrothorn|atk|1
|switch|p2a: Landorus|Landorus-Therian, M|100/100
|-ability|p2a: Landorus|Intimidate|boost
|-unboost|p1a: Landorus|atk|1
|
|-damage|p1a: Landorus|55/100 tox|[from] psn
|upkeep
|turn|22
|
|t:|1636536001
|move|p1a: Landorus|Stealth Rock|p2a: Landorus
|-sidestart|p2: damorush|move: Stealth Rock
|move|p2a: Landorus|U-turn|p1a: Landorus
|-resisted|p1a: Landorus
|-damage|p1a: Landorus|43/100 tox
|
|t:|1636536008
|switch|p2a: Toxtricity|Toxtricity-Low-Key, F|100/100|[from]move: U-turn
|-damage|p2a: Toxtricity|88/100|[from] Stealth Rock
|
|-damage|p1a: Landorus|31/100 tox|[from] psn
|-fieldend|move: Electric Terrain
|upkeep
|turn|23
|
|t:|1636536016
|move|p1a: Landorus|Earthquake|p2a: Toxtricity
|-supereffective|p2a: Toxtricity
|-damage|p2a: Toxtricity|0 fnt
|faint|p2a: Toxtricity
|
|-damage|p1a: Landorus|13/100 tox|[from] psn
|upkeep
|
|t:|1636536024
|switch|p2a: Weavile|Weavile, F|100/100
|-damage|p2a: Weavile|76/100|[from] Stealth Rock
|-ability|p2a: Weavile|Pressure
|turn|24
|
|t:|1636536030
|move|p2a: Weavile|Knock Off|p1a: Landorus
|-crit|p1a: Landorus
|-damage|p1a: Landorus|0 fnt
|-enditem|p1a: Landorus|Soft Sand|[from] move: Knock Off|[of] p2a: Weavile
|faint|p1a: Landorus
|
|upkeep
|
|t:|1636536058
|switch|p1a: Urshifu|Urshifu-Rapid-Strike, M|88/100
|-damage|p1a: Urshifu|82/100|[from] Stealth Rock
|turn|25
|
|t:|1636536066
|switch|p2a: Ferrothorn|Ferrothorn, M|50/100
|-damage|p2a: Ferrothorn|44/100|[from] Stealth Rock
|move|p1a: Urshifu|U-turn|p2a: Ferrothorn
|-damage|p2a: Ferrothorn|22/100
|-damage|p1a: Urshifu|70/100|[from] ability: Iron Barbs|[of] p2a: Ferrothorn
|
|t:|1636536073
|switch|p1a: Nidoking|Nidoking, M|88/100|[from]move: U-turn
|-damage|p1a: Nidoking|82/100|[from] Stealth Rock
|
|-heal|p2a: Ferrothorn|29/100|[from] item: Leftovers
|upkeep
|turn|26
|
|t:|1636536083
|move|p1a: Nidoking|Flamethrower|p2a: Ferrothorn
|-supereffective|p2a: Ferrothorn
|-crit|p2a: Ferrothorn
|-damage|p2a: Ferrothorn|0 fnt
|faint|p2a: Ferrothorn
|
|upkeep
|
|t:|1636536089
|switch|p2a: Weavile|Weavile, F|76/100
|-damage|p2a: Weavile|51/100|[from] Stealth Rock
|-ability|p2a: Weavile|Pressure
|turn|27
|
|t:|1636536095
|move|p1a: Nidoking|Flamethrower|p2a: Weavile
|-supereffective|p2a: Weavile
|-damage|p2a: Weavile|0 fnt
|faint|p2a: Weavile
|
|upkeep
|
|t:|1636536101
|switch|p2a: Slowking|Slowking, F|57/100
|turn|28
|
|t:|1636536110
|switch|p1a: Urshifu|Urshifu-Rapid-Strike, M|70/100
|-damage|p1a: Urshifu|64/100|[from] Stealth Rock
|move|p2a: Slowking|Teleport|p2a: Slowking
|
|t:|1636536115
|switch|p2a: Dragapult|Dragapult, M|100/100|[from]move: Teleport
|-damage|p2a: Dragapult|88/100|[from] Stealth Rock
|
|upkeep
|turn|29
|
|t:|1636536123
|switch|p1a: Tapu Koko|Tapu Koko|61/100
|-damage|p1a: Tapu Koko|49/100|[from] Stealth Rock
|-fieldstart|move: Electric Terrain|[from] ability: Electric Surge|[of] p1a: Tapu Koko
|move|p2a: Dragapult|Dragon Darts|p1a: Tapu Koko
|-immune|p1a: Tapu Koko
|
|upkeep
|turn|30
|
|t:|1636536132
|switch|p2a: Landorus|Landorus-Therian, M|100/100
|-damage|p2a: Landorus|88/100|[from] Stealth Rock
|-ability|p2a: Landorus|Intimidate|boost
|-unboost|p1a: Tapu Koko|atk|1
|move|p1a: Tapu Koko|Dazzling Gleam|p2a: Landorus
|-damage|p2a: Landorus|30/100
|
|-heal|p2a: Landorus|36/100|[from] item: Leftovers
|upkeep
|turn|31
|
|t:|1636536146
|switch|p2a: Slowking|Slowking, F|90/100
|move|p1a: Tapu Koko|Dazzling Gleam|p2a: Slowking
|-damage|p2a: Slowking|59/100
|
|upkeep
|turn|32
|
|t:|1636536165
|switch|p1a: Urshifu|Urshifu-Rapid-Strike, M|64/100
|-damage|p1a: Urshifu|57/100|[from] Stealth Rock
|move|p2a: Slowking|Teleport|p2a: Slowking
|
|t:|1636536170
|switch|p2a: Dragapult|Dragapult, M|88/100|[from]move: Teleport
|-damage|p2a: Dragapult|76/100|[from] Stealth Rock
|
|upkeep
|turn|33
|-message|damorush forfeited.
|
|win|charbie
|raw|charbie's rating: 1461 &rarr; <strong>1483</strong><br />(+22 for winning)
|raw|damorush's rating: 1502 &rarr; <strong>1480</strong><br />(-22 for losing)
|l|☆damorush
||Ladder isn't responding, score probably updated but might not have (Request timeout).
