|raw|<div class="broadcast-blue"><strong>This battle is required to be public due to a player having a name starting with 'lt83aq'.</div>
|j|☆Gurtrant
|j|☆LT83AQ pop smoke
|t:|1626976387
|gametype|singles
|player|p1|Gurtrant|238|1768
|player|p2|LT83AQ pop smoke|flannery|1930
|teamsize|p1|6
|teamsize|p2|6
|gen|8
|tier|[Gen 8] OU
|rated|
|rule|Sleep Clause Mod: Limit one foe put to sleep
|rule|Species Clause: Limit one of each Pokémon
|rule|OHKO Clause: OHKO moves are banned
|rule|Evasion Moves Clause: Evasion moves are banned
|rule|Endless Battle Clause: Forcing endless battles is banned
|rule|HP Percentage Mod: HP is shown in percentages
|rule|Dynamax Clause: You cannot dynamax
|clearpoke
|poke|p1|Pelipper, F|
|poke|p1|Heliolisk, F|
|poke|p1|Seismitoad, F|
|poke|p1|Barraskewda, F|
|poke|p1|Ferrothorn, F|
|poke|p1|Zapdos|
|poke|p2|Mew|
|poke|p2|Kartana|
|poke|p2|Dragonite, M|
|poke|p2|Cloyster, F|
|poke|p2|Bisharp, F|
|poke|p2|Blacephalon|
|teampreview
|inactive|Battle timer is ON: inactive players will automatically lose when time's up. (requested by Gurtrant)
|j| Mick Chiggin
|j| LT83AQ spooky
|j| Hockey1
|j| LT83AQ IPF
|j| Storm Zone
|
|t:|1626976417
|start
|switch|p1a: Pelipper|Pelipper, F|100/100
|switch|p2a: Mew|Mew|100/100
|-weather|RainDance|[from] ability: Drizzle|[of] p1a: Pelipper
|turn|1
|
|t:|1626976422
|move|p2a: Mew|Stealth Rock|p1a: Pelipper
|-sidestart|p1: Gurtrant|move: Stealth Rock
|move|p1a: Pelipper|U-turn|p2a: Mew
|-supereffective|p2a: Mew
|-damage|p2a: Mew|86/100
|
|t:|1626976424
|switch|p1a: Heliolisk|Heliolisk, F, shiny|100/100|[from]move: U-turn
|-damage|p1a: Heliolisk|88/100|[from] Stealth Rock
|
|-weather|RainDance|[upkeep]
|-heal|p1a: Heliolisk|100/100|[from] ability: Dry Skin
|upkeep
|turn|2
|
|t:|1626976434
|move|p1a: Heliolisk|Thunder|p2a: Mew
|-damage|p2a: Mew|30/100
|-status|p2a: Mew|par
|-activate|p2a: Mew|ability: Synchronize
|-immune|p1a: Heliolisk
|-damage|p1a: Heliolisk|91/100|[from] item: Life Orb
|move|p2a: Mew|Spikes|p1a: Heliolisk
|-sidestart|p1: Gurtrant|Spikes
|
|-weather|RainDance|[upkeep]
|-heal|p1a: Heliolisk|100/100|[from] ability: Dry Skin
|upkeep
|turn|3
|
|t:|1626976438
|move|p1a: Heliolisk|Thunder|p2a: Mew
|-damage|p2a: Mew|0 fnt
|faint|p2a: Mew
|-damage|p1a: Heliolisk|91/100|[from] item: Life Orb
|
|-weather|RainDance|[upkeep]
|-heal|p1a: Heliolisk|100/100|[from] ability: Dry Skin
|upkeep
|j| deg
|l| deg
|
|t:|1626976466
|switch|p2a: Kartana|Kartana|100/100
|turn|4
|j| Boulicrok
|inactive|LT83AQ pop smoke has 120 seconds left.
|inactive|LT83AQ pop smoke has 90 seconds left.
|
|t:|1626976516
|switch|p1a: Zapdos|Zapdos|100/100
|move|p2a: Kartana|Knock Off|p1a: Zapdos
|-damage|p1a: Zapdos|64/100
|-status|p2a: Kartana|par|[from] ability: Static|[of] p1a: Zapdos
|-enditem|p1a: Zapdos|Heavy-Duty Boots|[from] move: Knock Off|[of] p2a: Kartana
|
|-weather|RainDance|[upkeep]
|upkeep
|turn|5
|j| Hijo de Satanas
|inactive|LT83AQ pop smoke has 90 seconds left.
|
|t:|1626976535
|move|p2a: Kartana|Knock Off|p1a: Zapdos
|-damage|p1a: Zapdos|40/100
|move|p1a: Zapdos|Roost|p1a: Zapdos
|-heal|p1a: Zapdos|90/100
|-singleturn|p1a: Zapdos|move: Roost
|
|-weather|RainDance|[upkeep]
|upkeep
|turn|6
|inactive|LT83AQ pop smoke has 90 seconds left.
|
|t:|1626976548
|switch|p2a: Bisharp|Bisharp, F|100/100
|move|p1a: Zapdos|Defog|p2a: Bisharp
|-unboost|p2a: Bisharp|evasion|1
|-ability|p2a: Bisharp|Defiant
|-boost|p2a: Bisharp|atk|2
|-sideend|p1: Gurtrant|Spikes|[from] move: Defog|[of] p1a: Zapdos
|-sideend|p1: Gurtrant|Stealth Rock|[from] move: Defog|[of] p1a: Zapdos
|
|-weather|RainDance|[upkeep]
|upkeep
|turn|7
|inactive|LT83AQ pop smoke has 90 seconds left.
|
|t:|1626976557
|move|p2a: Bisharp|Knock Off|p1a: Zapdos
|-damage|p1a: Zapdos|23/100
|-damage|p2a: Bisharp|91/100|[from] item: Life Orb
|move|p1a: Zapdos|Thunder|p2a: Bisharp
|-damage|p2a: Bisharp|17/100
|
|-weather|RainDance|[upkeep]
|upkeep
|turn|8
|
|t:|1626976564
|switch|p1a: Ferrothorn|Ferrothorn, F|100/100
|move|p2a: Bisharp|Knock Off|p1a: Ferrothorn
|-damage|p1a: Ferrothorn|0 fnt
|-damage|p2a: Bisharp|5/100|[from] ability: Iron Barbs|[of] p1a: Ferrothorn
|-enditem|p1a: Ferrothorn|Leftovers|[from] move: Knock Off|[of] p2a: Bisharp
|faint|p1a: Ferrothorn
|-damage|p2a: Bisharp|0 fnt|[from] item: Life Orb
|faint|p2a: Bisharp
|
|-weather|none
|upkeep
|
|t:|1626976579
|switch|p2a: Cloyster|Cloyster, F|100/100
|switch|p1a: Pelipper|Pelipper, F|100/100
|-weather|RainDance|[from] ability: Drizzle|[of] p1a: Pelipper
|turn|9
|
|t:|1626976584
|move|p2a: Cloyster|Rock Blast|p1a: Pelipper|[miss]
|-miss|p2a: Cloyster|p1a: Pelipper
|move|p1a: Pelipper|U-turn|p2a: Cloyster
|-damage|p2a: Cloyster|93/100
|l| Hockey1
|
|t:|1626976587
|switch|p1a: Seismitoad|Seismitoad, F|100/100|[from]move: U-turn
|
|-weather|RainDance|[upkeep]
|upkeep
|turn|10
|
|t:|1626976602
|switch|p2a: Kartana|Kartana|100/100 par
|move|p1a: Seismitoad|Earth Power|p2a: Kartana
|-damage|p2a: Kartana|0 fnt
|faint|p2a: Kartana
|-damage|p1a: Seismitoad|91/100|[from] item: Life Orb
|
|-weather|RainDance|[upkeep]
|upkeep
|
|t:|1626976608
|switch|p2a: Dragonite|Dragonite, M|100/100
|turn|11
|
|t:|1626976622
|switch|p1a: Zapdos|Zapdos|23/100
|move|p2a: Dragonite|Dragon Dance|p2a: Dragonite
|-boost|p2a: Dragonite|atk|1
|-boost|p2a: Dragonite|spe|1
|
|-weather|RainDance|[upkeep]
|upkeep
|turn|12
|inactive|LT83AQ pop smoke has 120 seconds left.
|
|t:|1626976629
|move|p2a: Dragonite|Ice Punch|p1a: Zapdos
|-supereffective|p1a: Zapdos
|-damage|p1a: Zapdos|0 fnt
|-status|p2a: Dragonite|par|[from] ability: Static|[of] p1a: Zapdos
|faint|p1a: Zapdos
|
|-weather|RainDance|[upkeep]
|upkeep
|
|t:|1626976638
|switch|p1a: Heliolisk|Heliolisk, F, shiny|100/100
|turn|13
|
|t:|1626976648
|move|p1a: Heliolisk|Thunder|p2a: Dragonite
|-damage|p2a: Dragonite|67/100 par
|-damage|p1a: Heliolisk|91/100|[from] item: Life Orb
|cant|p2a: Dragonite|par
|
|-weather|RainDance|[upkeep]
|-heal|p1a: Heliolisk|100/100|[from] ability: Dry Skin
|upkeep
|turn|14
|
|t:|1626976651
|move|p1a: Heliolisk|Thunder|p2a: Dragonite
|-damage|p2a: Dragonite|0 fnt
|faint|p2a: Dragonite
|-damage|p1a: Heliolisk|91/100|[from] item: Life Orb
|
|-weather|RainDance|[upkeep]
|-heal|p1a: Heliolisk|100/100|[from] ability: Dry Skin
|upkeep
|
|t:|1626976658
|switch|p2a: Blacephalon|Blacephalon|100/100
|turn|15
|l| Mick Chiggin
|
|t:|1626976679
|move|p2a: Blacephalon|Flamethrower|p1a: Heliolisk
|-damage|p1a: Heliolisk|56/100
|move|p1a: Heliolisk|Thunder|p2a: Blacephalon
|-damage|p2a: Blacephalon|0 fnt
|faint|p2a: Blacephalon
|-damage|p1a: Heliolisk|46/100|[from] item: Life Orb
|
|-weather|RainDance|[upkeep]
|-heal|p1a: Heliolisk|59/100|[from] ability: Dry Skin
|upkeep
|
|t:|1626976682
|switch|p2a: Cloyster|Cloyster, F|93/100
|turn|16
|l| Hijo de Satanas
|
|t:|1626976686
|move|p2a: Cloyster|Ice Shard|p1a: Heliolisk
|-damage|p1a: Heliolisk|21/100
|move|p1a: Heliolisk|Thunder|p2a: Cloyster
|-supereffective|p2a: Cloyster
|-damage|p2a: Cloyster|0 fnt
|faint|p2a: Cloyster
|-damage|p1a: Heliolisk|11/100|[from] item: Life Orb
|
|win|Gurtrant
|raw|Gurtrant's rating: 1768 &rarr; <strong>1797</strong><br />(+29 for winning)
|raw|LT83AQ pop smoke's rating: 1931 &rarr; <strong>1902</strong><br />(-29 for losing)
|c|☆Gurtrant|gg
|l|☆LT83AQ pop smoke
|l| LT83AQ IPF
|l| Boulicrok
||Ladder isn't responding, score probably updated but might not have (Request timeout).
|l| LT83AQ spooky
