|j|☆Seraphz
|j|☆PedroGreg
|t:|1631467643
|gametype|singles
|player|p1|Seraphz|clair|
|player|p2|PedroGreg|1|
|teamsize|p1|6
|teamsize|p2|6
|gen|8
|tier|[Gen 8] OU
|rule|Sleep Clause Mod: Limit one foe put to sleep
|rule|Species Clause: Limit one of each Pokémon
|rule|OHKO Clause: OHKO moves are banned
|rule|Evasion Moves Clause: Evasion moves are banned
|rule|Endless Battle Clause: Forcing endless battles is banned
|rule|HP Percentage Mod: HP is shown in percentages
|rule|Dynamax Clause: You cannot dynamax
|clearpoke
|poke|p1|Landorus-Therian, M|
|poke|p1|Venusaur, M|
|poke|p1|Torkoal, M|
|poke|p1|Victini|
|poke|p1|Heatran, M|
|poke|p1|Weavile, M|
|poke|p2|Clefable, M|
|poke|p2|Zapdos|
|poke|p2|Heatran, F|
|poke|p2|Urshifu-*, F|
|poke|p2|Rillaboom, F|
|poke|p2|Landorus-Therian, M|
|teampreview
|j| siras
|c|☆PedroGreg|Hf
|j| TNunes
|l| siras
|c|☆Seraphz|u2
|
|t:|1631467693
|start
|switch|p1a: Torkoal|Torkoal, M|100/100
|switch|p2a: Landorus|Landorus-Therian, M|100/100
|-ability|p2a: Landorus|Intimidate|boost
|-unboost|p1a: Torkoal|atk|1
|-weather|SunnyDay|[from] ability: Drought|[of] p1a: Torkoal
|turn|1
|
|t:|1631467701
|switch|p1a: Landorus|Landorus-Therian, M|100/100
|-ability|p1a: Landorus|Intimidate|boost
|-unboost|p2a: Landorus|atk|1
|move|p2a: Landorus|Earthquake|p1a: Landorus
|-immune|p1a: Landorus
|
|-weather|SunnyDay|[upkeep]
|upkeep
|turn|2
|
|t:|1631467709
|switch|p2a: Zapdos|Zapdos|100/100
|move|p1a: Landorus|Toxic|p2a: Zapdos
|-status|p2a: Zapdos|tox
|
|-weather|SunnyDay|[upkeep]
|-damage|p2a: Zapdos|94/100 tox|[from] psn
|upkeep
|turn|3
|
|t:|1631467724
|switch|p2a: Heatran|Heatran, F|100/100
|move|p1a: Landorus|U-turn|p2a: Heatran
|-resisted|p2a: Heatran
|-damage|p2a: Heatran|96/100
|inactive|Battle timer is ON: inactive players will automatically lose when time's up. (requested by PedroGreg)
|inactive|Seraphz has 270 seconds left.
|
|t:|1631467785
|switch|p1a: Victini|Victini|100/100|[from]move: U-turn
|
|-weather|SunnyDay|[upkeep]
|-heal|p2a: Heatran|100/100|[from] item: Leftovers
|upkeep
|turn|4
|
|t:|1631467793
|move|p1a: Victini|Final Gambit|p2a: Heatran
|-damage|p2a: Heatran|0 fnt
|faint|p1a: Victini
|faint|p2a: Heatran
|
|-weather|SunnyDay|[upkeep]
|upkeep
|
|t:|1631467802
|switch|p1a: Venusaur|Venusaur, M|100/100
|switch|p2a: Landorus|Landorus-Therian, M|100/100
|-ability|p2a: Landorus|Intimidate|boost
|-unboost|p1a: Venusaur|atk|1
|turn|5
|j| LpZ IV
|
|t:|1631467812
|move|p1a: Venusaur|Growth|p1a: Venusaur
|-boost|p1a: Venusaur|atk|2
|-boost|p1a: Venusaur|spa|2
|move|p2a: Landorus|Earthquake|p1a: Venusaur
|-damage|p1a: Venusaur|28/100
|
|-weather|SunnyDay|[upkeep]
|upkeep
|turn|6
|j| Flavead
|
|t:|1631467830
|switch|p2a: Zapdos|Zapdos|94/100 tox
|move|p1a: Venusaur|Giga Drain|p2a: Zapdos
|-resisted|p2a: Zapdos
|-damage|p2a: Zapdos|46/100 tox
|-heal|p1a: Venusaur|60/100|[from] drain|[of] p2a: Zapdos
|-damage|p1a: Venusaur|50/100|[from] item: Life Orb
|
|-weather|SunnyDay|[upkeep]
|-damage|p2a: Zapdos|40/100 tox|[from] psn
|upkeep
|turn|7
|
|t:|1631467843
|move|p1a: Venusaur|Giga Drain|p2a: Zapdos
|-resisted|p2a: Zapdos
|-damage|p2a: Zapdos|0 fnt
|-heal|p1a: Venusaur|75/100|[from] drain|[of] p2a: Zapdos
|faint|p2a: Zapdos
|-damage|p1a: Venusaur|65/100|[from] item: Life Orb
|
|-weather|SunnyDay|[upkeep]
|upkeep
|inactive|PedroGreg has 270 seconds left.
|
|t:|1631467886
|switch|p2a: Clefable|Clefable, M|100/100
|turn|8
|
|t:|1631467891
|switch|p2a: Landorus|Landorus-Therian, M|100/100
|-ability|p2a: Landorus|Intimidate|boost
|-unboost|p1a: Venusaur|atk|1
|move|p1a: Venusaur|Giga Drain|p2a: Landorus
|-damage|p2a: Landorus|0 fnt
|-heal|p1a: Venusaur|100/100|[from] drain|[of] p2a: Landorus
|faint|p2a: Landorus
|-damage|p1a: Venusaur|91/100|[from] item: Life Orb
|
|-weather|none
|upkeep
|
|t:|1631467899
|switch|p2a: Urshifu|Urshifu-Rapid-Strike, F|100/100
|turn|9
|
|t:|1631467904
|move|p2a: Urshifu|U-turn|p1a: Venusaur
|-damage|p1a: Venusaur|41/100
|
|t:|1631467907
|switch|p2a: Rillaboom|Rillaboom, F|100/100|[from]move: U-turn
|-fieldstart|move: Grassy Terrain|[from] ability: Grassy Surge|[of] p2a: Rillaboom
|move|p1a: Venusaur|Giga Drain|p2a: Rillaboom
|-resisted|p2a: Rillaboom
|-damage|p2a: Rillaboom|18/100
|-heal|p1a: Venusaur|88/100|[from] drain|[of] p2a: Rillaboom
|-damage|p1a: Venusaur|78/100|[from] item: Life Orb
|
|-heal|p2a: Rillaboom|24/100|[from] Grassy Terrain
|-heal|p1a: Venusaur|84/100|[from] Grassy Terrain
|upkeep
|turn|10
|
|t:|1631467913
|switch|p1a: Landorus|Landorus-Therian, M|100/100
|-ability|p1a: Landorus|Intimidate|boost
|-unboost|p2a: Rillaboom|atk|1
|move|p2a: Rillaboom|Knock Off|p1a: Landorus
|-damage|p1a: Landorus|65/100
|-enditem|p1a: Landorus|Leftovers|[from] move: Knock Off|[of] p2a: Rillaboom
|
|-heal|p2a: Rillaboom|30/100|[from] Grassy Terrain
|upkeep
|turn|11
|
|t:|1631467916
|switch|p2a: Urshifu|Urshifu-Rapid-Strike, F|100/100
|move|p1a: Landorus|U-turn|p2a: Urshifu
|-resisted|p2a: Urshifu
|-damage|p2a: Urshifu|89/100
|
|t:|1631467918
|switch|p1a: Torkoal|Torkoal, M|100/100|[from]move: U-turn
|-weather|SunnyDay|[from] ability: Drought|[of] p1a: Torkoal
|
|-weather|SunnyDay|[upkeep]
|-heal|p2a: Urshifu|95/100|[from] Grassy Terrain
|upkeep
|turn|12
|
|t:|1631467923
|move|p2a: Urshifu|Close Combat|p1a: Torkoal
|-damage|p1a: Torkoal|46/100
|-unboost|p2a: Urshifu|def|1
|-unboost|p2a: Urshifu|spd|1
|move|p1a: Torkoal|Lava Plume|p2a: Urshifu
|-resisted|p2a: Urshifu
|-damage|p2a: Urshifu|52/100
|
|-weather|SunnyDay|[upkeep]
|-heal|p2a: Urshifu|59/100|[from] Grassy Terrain
|-heal|p1a: Torkoal|52/100|[from] Grassy Terrain
|upkeep
|turn|13
|
|t:|1631467930
|switch|p1a: Landorus|Landorus-Therian, M|65/100
|-ability|p1a: Landorus|Intimidate|boost
|-unboost|p2a: Urshifu|atk|1
|move|p2a: Urshifu|Close Combat|p1a: Landorus
|-resisted|p1a: Landorus
|-damage|p1a: Landorus|36/100
|-unboost|p2a: Urshifu|def|1
|-unboost|p2a: Urshifu|spd|1
|
|-weather|SunnyDay|[upkeep]
|-heal|p2a: Urshifu|65/100|[from] Grassy Terrain
|-fieldend|move: Grassy Terrain
|upkeep
|turn|14
|
|t:|1631467937
|switch|p2a: Clefable|Clefable, M|100/100
|move|p1a: Landorus|U-turn|p2a: Clefable
|-resisted|p2a: Clefable
|-damage|p2a: Clefable|92/100
|
|t:|1631467939
|switch|p1a: Heatran|Heatran, M|100/100|[from]move: U-turn
|
|-weather|SunnyDay|[upkeep]
|upkeep
|turn|15
|
|t:|1631467944
|move|p1a: Heatran|Eruption|p2a: Clefable
|-damage|p2a: Clefable|0 fnt
|faint|p2a: Clefable
|
|-weather|SunnyDay|[upkeep]
|upkeep
|
|t:|1631467947
|switch|p2a: Urshifu|Urshifu-Rapid-Strike, F|65/100
|turn|16
|j| Hikosaru✧
|
|t:|1631467953
|switch|p1a: Landorus|Landorus-Therian, M|36/100
|-ability|p1a: Landorus|Intimidate|boost
|-unboost|p2a: Urshifu|atk|1
|move|p2a: Urshifu|Close Combat|p1a: Landorus
|-resisted|p1a: Landorus
|-damage|p1a: Landorus|7/100
|-unboost|p2a: Urshifu|def|1
|-unboost|p2a: Urshifu|spd|1
|
|-weather|SunnyDay|[upkeep]
|-damage|p1a: Landorus|0 fnt|[from] item: Sticky Barb
|faint|p1a: Landorus
|upkeep
|
|t:|1631467955
|switch|p1a: Venusaur|Venusaur, M|84/100
|turn|17
|c|☆PedroGreg|GG
|c|☆Seraphz|gg
|-message|PedroGreg forfeited.
|
|win|Seraphz
|l|☆PedroGreg
|l| TNunes
|c| Flavead|E
|l| Flavead
