|j|☆Glit Poww!
|j|☆SkipTheDripBayless
|inactive|Battle timer is ON: inactive players will automatically lose when time's up.
|t:|1614741012
|player|p1|Glit Poww!|misty-gen2|
|player|p2|SkipTheDripBayless|acetrainersnowf|
|teamsize|p1|6
|teamsize|p2|6
|gametype|singles
|gen|8
|tier|[Gen 8] OU
|rated|Tournament battle
|clearpoke
|poke|p1|Tyranitar, F|
|poke|p1|Landorus-Therian, M|
|poke|p1|Tapu Koko|
|poke|p1|Celesteela|
|poke|p1|Rotom-Heat|
|poke|p1|Toxapex, M|
|poke|p2|Skarmory, F|
|poke|p2|Heatran, M|
|poke|p2|Venusaur, M|
|poke|p2|Chansey, F|
|poke|p2|Keldeo-Resolute|
|poke|p2|Bisharp, M|
|rule|Sleep Clause Mod: Limit one foe put to sleep
|rule|Species Clause: Limit one of each Pokémon
|rule|OHKO Clause: OHKO moves are banned
|rule|Evasion Moves Clause: Evasion moves are banned
|rule|Endless Battle Clause: Forcing endless battles is banned
|rule|HP Percentage Mod: HP is shown in percentages
|rule|Dynamax Clause: You cannot dynamax
|teampreview
|inactive|Glit Poww! also wants the timer to be on.
|
|t:|1614741037
|start
|switch|p1a: Tapu Koko|Tapu Koko|100/100
|switch|p2a: Heatran|Heatran, M|100/100
|-fieldstart|move: Electric Terrain|[from] ability: Electric Surge|[of] p1a: Tapu Koko
|turn|1
|
|t:|1614741047
|switch|p1a: Rotom|Rotom-Heat|100/100
|move|p2a: Heatran|Stealth Rock|p1a: Rotom
|-sidestart|p1: Glit Poww!|move: Stealth Rock
|
|upkeep
|turn|2
|
|t:|1614741052
|move|p2a: Heatran|Toxic|p1a: Rotom
|-status|p1a: Rotom|tox
|move|p1a: Rotom|Defog|p2a: Heatran
|-unboost|p2a: Heatran|evasion|1
|-sideend|p1: Glit Poww!|Stealth Rock|[from] move: Defog|[of] p1a: Rotom
|-fieldend|move: Electric Terrain
|
|-damage|p1a: Rotom|94/100 tox|[from] psn
|upkeep
|turn|3
|
|t:|1614741056
|move|p2a: Heatran|Stealth Rock|p1a: Rotom
|-sidestart|p1: Glit Poww!|move: Stealth Rock
|move|p1a: Rotom|Volt Switch|p2a: Heatran
|-damage|p2a: Heatran|80/100
|
|t:|1614741059
|switch|p1a: Yeeky|Landorus-Therian, M|100/100|[from]move: Volt Switch
|-damage|p1a: Yeeky|88/100|[from] Stealth Rock
|-ability|p1a: Yeeky|Intimidate|boost
|-unboost|p2a: Heatran|atk|1
|
|-heal|p2a: Heatran|86/100|[from] item: Leftovers
|-heal|p1a: Yeeky|94/100|[from] item: Leftovers
|upkeep
|turn|4
|
|t:|1614741072
|move|p2a: Heatran|Toxic|p1a: Yeeky
|-status|p1a: Yeeky|tox
|move|p1a: Yeeky|Earthquake|p2a: Heatran
|-supereffective|p2a: Heatran
|-damage|p2a: Heatran|0 fnt
|faint|p2a: Heatran
|
|-heal|p1a: Yeeky|100/100 tox|[from] item: Leftovers
|-damage|p1a: Yeeky|94/100 tox|[from] psn
|upkeep
|j| Solobigbagalert
|
|t:|1614741077
|switch|p2a: Keldeo|Keldeo-Resolute|100/100
|turn|5
|
|t:|1614741085
|switch|p1a: Celesteela|Celesteela|100/100
|-damage|p1a: Celesteela|88/100|[from] Stealth Rock
|move|p2a: Keldeo|Scald|p1a: Celesteela
|-damage|p1a: Celesteela|64/100
|
|-heal|p1a: Celesteela|70/100|[from] item: Leftovers
|upkeep
|turn|6
|
|t:|1614741088
|move|p2a: Keldeo|Substitute|p2a: Keldeo
|-start|p2a: Keldeo|Substitute
|-damage|p2a: Keldeo|76/100
|move|p1a: Celesteela|Leech Seed||[still]
|-fail|p1a: Celesteela
|
|-heal|p2a: Keldeo|82/100|[from] item: Leftovers
|-heal|p1a: Celesteela|76/100|[from] item: Leftovers
|upkeep
|turn|7
|
|t:|1614741090
|move|p2a: Keldeo|Calm Mind|p2a: Keldeo
|-boost|p2a: Keldeo|spa|1
|-boost|p2a: Keldeo|spd|1
|move|p1a: Celesteela|Giga Drain|p2a: Keldeo
|-supereffective|p2a: Keldeo
|-end|p2a: Keldeo|Substitute
|-heal|p1a: Celesteela|86/100|[from] drain|[of] p2a: Keldeo
|
|-heal|p2a: Keldeo|88/100|[from] item: Leftovers
|-heal|p1a: Celesteela|92/100|[from] item: Leftovers
|upkeep
|turn|8
|
|t:|1614741094
|move|p2a: Keldeo|Scald|p1a: Celesteela
|-damage|p1a: Celesteela|54/100
|-status|p1a: Celesteela|brn
|move|p1a: Celesteela|Giga Drain|p2a: Keldeo
|-supereffective|p2a: Keldeo
|-damage|p2a: Keldeo|59/100
|-heal|p1a: Celesteela|66/100 brn|[from] drain|[of] p2a: Keldeo
|
|-heal|p2a: Keldeo|65/100|[from] item: Leftovers
|-heal|p1a: Celesteela|72/100 brn|[from] item: Leftovers
|-damage|p1a: Celesteela|66/100 brn|[from] brn
|upkeep
|turn|9
|
|t:|1614741097
|move|p2a: Keldeo|Secret Sword|p1a: Celesteela
|-damage|p1a: Celesteela|11/100 brn
|move|p1a: Celesteela|Giga Drain|p2a: Keldeo
|-supereffective|p2a: Keldeo
|-damage|p2a: Keldeo|39/100
|-heal|p1a: Celesteela|22/100 brn|[from] drain|[of] p2a: Keldeo
|
|-heal|p2a: Keldeo|45/100|[from] item: Leftovers
|-heal|p1a: Celesteela|28/100 brn|[from] item: Leftovers
|-damage|p1a: Celesteela|22/100 brn|[from] brn
|upkeep
|turn|10
|
|t:|1614741100
|move|p2a: Keldeo|Scald|p1a: Celesteela
|-damage|p1a: Celesteela|0 fnt
|faint|p1a: Celesteela
|
|-heal|p2a: Keldeo|51/100|[from] item: Leftovers
|upkeep
|
|t:|1614741102
|switch|p1a: Tapu Koko|Tapu Koko|100/100
|-damage|p1a: Tapu Koko|88/100|[from] Stealth Rock
|-fieldstart|move: Electric Terrain|[from] ability: Electric Surge|[of] p1a: Tapu Koko
|turn|11
|
|t:|1614741112
|switch|p2a: Chansey|Chansey, F|100/100
|move|p1a: Tapu Koko|Volt Switch|p2a: Chansey
|-crit|p2a: Chansey
|-damage|p2a: Chansey|75/100
|
|t:|1614741116
|switch|p1a: Rotom|Rotom-Heat|94/100 tox|[from]move: Volt Switch
|
|-damage|p1a: Rotom|88/100 tox|[from] psn
|upkeep
|turn|12
|
|t:|1614741119
|move|p1a: Rotom|Defog|p2a: Chansey
|-unboost|p2a: Chansey|evasion|1
|-sideend|p1: Glit Poww!|Stealth Rock|[from] move: Defog|[of] p1a: Rotom
|-fieldend|move: Electric Terrain
|move|p2a: Chansey|Seismic Toss|p1a: Rotom
|-damage|p1a: Rotom|55/100 tox
|
|-damage|p1a: Rotom|43/100 tox|[from] psn
|upkeep
|turn|13
|
|t:|1614741121
|move|p1a: Rotom|Pain Split|p2a: Chansey
|-sethp|p2a: Chansey|48/100|[from] move: Pain Split|[silent]
|-sethp|p1a: Rotom|100/100 tox|[from] move: Pain Split
|move|p2a: Chansey|Seismic Toss|p1a: Rotom
|-damage|p1a: Rotom|68/100 tox
|
|-damage|p1a: Rotom|49/100 tox|[from] psn
|upkeep
|turn|14
|
|t:|1614741123
|move|p1a: Rotom|Volt Switch|p2a: Chansey
|-damage|p2a: Chansey|41/100
|
|t:|1614741129
|switch|p1a: Tyranitar|Tyranitar, F|100/100|[from]move: Volt Switch
|-weather|Sandstorm|[from] ability: Sand Stream|[of] p1a: Tyranitar
|move|p2a: Chansey|Soft-Boiled|p2a: Chansey
|-heal|p2a: Chansey|91/100
|
|-weather|Sandstorm|[upkeep]
|-damage|p2a: Chansey|85/100|[from] Sandstorm
|upkeep
|turn|15
|
|t:|1614741135
|switch|p2a: Skarmory|Skarmory, F|100/100
|move|p1a: Tyranitar|Crunch|p2a: Skarmory
|-damage|p2a: Skarmory|52/100
|-unboost|p2a: Skarmory|def|1
|-damage|p1a: Tyranitar|84/100|[from] item: Rocky Helmet|[of] p2a: Skarmory
|
|-weather|Sandstorm|[upkeep]
|upkeep
|turn|16
|
|t:|1614741145
|switch|p2a: Bisharp|Bisharp, M|100/100
|move|p1a: Tyranitar|Crunch|p2a: Bisharp
|-resisted|p2a: Bisharp
|-damage|p2a: Bisharp|68/100
|
|-weather|Sandstorm|[upkeep]
|-heal|p2a: Bisharp|74/100|[from] item: Leftovers
|upkeep
|turn|17
|
|t:|1614741152
|switch|p1a: Toxapex|Toxapex, M|100/100
|move|p2a: Bisharp|Iron Head|p1a: Toxapex
|-resisted|p1a: Toxapex
|-damage|p1a: Toxapex|86/100
|-damage|p2a: Bisharp|57/100|[from] item: Rocky Helmet|[of] p1a: Toxapex
|
|-weather|Sandstorm|[upkeep]
|-damage|p1a: Toxapex|80/100|[from] Sandstorm
|-heal|p2a: Bisharp|63/100|[from] item: Leftovers
|upkeep
|turn|18
|
|t:|1614741160
|move|p2a: Bisharp|Swords Dance|p2a: Bisharp
|-boost|p2a: Bisharp|atk|2
|move|p1a: Toxapex|Scald|p2a: Bisharp
|-damage|p2a: Bisharp|40/100
|
|-weather|none
|-heal|p2a: Bisharp|46/100|[from] item: Leftovers
|upkeep
|turn|19
|
|t:|1614741163
|move|p2a: Bisharp|Knock Off|p1a: Toxapex
|-damage|p1a: Toxapex|21/100
|-damage|p2a: Bisharp|30/100|[from] item: Rocky Helmet|[of] p1a: Toxapex
|-enditem|p1a: Toxapex|Rocky Helmet|[from] move: Knock Off|[of] p2a: Bisharp
|move|p1a: Toxapex|Scald|p2a: Bisharp
|-damage|p2a: Bisharp|5/100
|
|-heal|p2a: Bisharp|11/100|[from] item: Leftovers
|upkeep
|turn|20
|j| iifreshy
|
|t:|1614741170
|move|p2a: Bisharp|Knock Off|p1a: Toxapex
|-damage|p1a: Toxapex|0 fnt
|faint|p1a: Toxapex
|
|-heal|p2a: Bisharp|17/100|[from] item: Leftovers
|upkeep
|
|t:|1614741171
|switch|p1a: Tapu Koko|Tapu Koko|88/100
|-fieldstart|move: Electric Terrain|[from] ability: Electric Surge|[of] p1a: Tapu Koko
|turn|21
|l| iifreshy
|
|t:|1614741179
|move|p2a: Bisharp|Sucker Punch|p1a: Tapu Koko
|-resisted|p1a: Tapu Koko
|-damage|p1a: Tapu Koko|34/100
|move|p1a: Tapu Koko|Volt Switch|p2a: Bisharp
|-damage|p2a: Bisharp|0 fnt
|faint|p2a: Bisharp
|
|t:|1614741192
|switch|p1a: Yeeky|Landorus-Therian, M|94/100 tox|[from]move: Volt Switch
|
|-heal|p1a: Yeeky|100/100 tox|[from] item: Leftovers
|-damage|p1a: Yeeky|94/100 tox|[from] psn
|upkeep
|
|t:|1614741194
|switch|p2a: Keldeo|Keldeo-Resolute|51/100
|turn|22
|j| TheAdjuster
|
|t:|1614741197
|move|p2a: Keldeo|Scald|p1a: Yeeky
|-supereffective|p1a: Yeeky
|-damage|p1a: Yeeky|5/100 tox
|move|p1a: Yeeky|Earthquake|p2a: Keldeo
|-damage|p2a: Keldeo|0 fnt
|faint|p2a: Keldeo
|
|-heal|p1a: Yeeky|11/100 tox|[from] item: Leftovers
|-damage|p1a: Yeeky|0 fnt|[from] psn
|faint|p1a: Yeeky
|upkeep
|
|t:|1614741207
|switch|p2a: Venusaur|Venusaur, M|100/100
|switch|p1a: Tyranitar|Tyranitar, F|84/100
|-weather|Sandstorm|[from] ability: Sand Stream|[of] p1a: Tyranitar
|turn|23
|
|t:|1614741212
|move|p1a: Tyranitar|Fire Punch|p2a: Venusaur
|-supereffective|p2a: Venusaur
|-damage|p2a: Venusaur|28/100
|move|p2a: Venusaur|Giga Drain|p1a: Tyranitar
|-supereffective|p1a: Tyranitar
|-damage|p1a: Tyranitar|32/100
|-heal|p2a: Venusaur|52/100|[from] drain|[of] p1a: Tyranitar
|
|-weather|Sandstorm|[upkeep]
|-damage|p2a: Venusaur|46/100|[from] Sandstorm
|-heal|p2a: Venusaur|52/100|[from] item: Leftovers
|upkeep
|turn|24
|
|t:|1614741217
|switch|p2a: Chansey|Chansey, F|85/100
|move|p1a: Tyranitar|Fire Punch|p2a: Chansey
|-damage|p2a: Chansey|55/100
|-status|p2a: Chansey|brn
|
|-weather|Sandstorm|[upkeep]
|-damage|p2a: Chansey|49/100 brn|[from] Sandstorm
|-damage|p2a: Chansey|43/100 brn|[from] brn
|upkeep
|turn|25
|j| HelloIwillplaynow
|c| TheAdjuster|pog
|
|t:|1614741222
|switch|p1a: Rotom|Rotom-Heat|49/100 tox
|move|p2a: Chansey|Soft-Boiled|p2a: Chansey
|-heal|p2a: Chansey|93/100 brn
|
|-weather|Sandstorm|[upkeep]
|-damage|p1a: Rotom|43/100 tox|[from] Sandstorm
|-damage|p2a: Chansey|87/100 brn|[from] Sandstorm
|-damage|p1a: Rotom|36/100 tox|[from] psn
|-damage|p2a: Chansey|81/100 brn|[from] brn
|-fieldend|move: Electric Terrain
|upkeep
|turn|26
|j| buteko
|
|t:|1614741228
|move|p1a: Rotom|Pain Split|p2a: Chansey
|-sethp|p2a: Chansey|49/100 brn|[from] move: Pain Split|[silent]
|-sethp|p1a: Rotom|100/100 tox|[from] move: Pain Split
|move|p2a: Chansey|Seismic Toss|p1a: Rotom
|-damage|p1a: Rotom|68/100 tox
|
|-weather|Sandstorm|[upkeep]
|-damage|p1a: Rotom|61/100 tox|[from] Sandstorm
|-damage|p2a: Chansey|43/100 brn|[from] Sandstorm
|-damage|p1a: Rotom|49/100 tox|[from] psn
|-damage|p2a: Chansey|36/100 brn|[from] brn
|upkeep
|turn|27
|
|t:|1614741235
|move|p1a: Rotom|Volt Switch|p2a: Chansey
|-crit|p2a: Chansey
|-damage|p2a: Chansey|26/100 brn
|
|t:|1614741237
|switch|p1a: Tyranitar|Tyranitar, F|32/100|[from]move: Volt Switch
|move|p2a: Chansey|Soft-Boiled|p2a: Chansey
|-heal|p2a: Chansey|76/100 brn
|
|-weather|none
|-damage|p2a: Chansey|69/100 brn|[from] brn
|upkeep
|turn|28
|
|t:|1614741241
|switch|p2a: Venusaur|Venusaur, M|52/100
|move|p1a: Tyranitar|Stone Edge|p2a: Venusaur|[miss]
|-miss|p1a: Tyranitar|p2a: Venusaur
|
|-heal|p2a: Venusaur|58/100|[from] item: Leftovers
|upkeep
|turn|29
|j| FrozenCold
|
|t:|1614741245
|move|p1a: Tyranitar|Stone Edge|p2a: Venusaur|[miss]
|-miss|p1a: Tyranitar|p2a: Venusaur
|move|p2a: Venusaur|Giga Drain|p1a: Tyranitar
|-supereffective|p1a: Tyranitar
|-damage|p1a: Tyranitar|0 fnt
|-heal|p2a: Venusaur|73/100|[from] drain|[of] p1a: Tyranitar
|faint|p1a: Tyranitar
|
|-heal|p2a: Venusaur|79/100|[from] item: Leftovers
|upkeep
|c|☆Glit Poww!|lol
|c|☆SkipTheDripBayless|u lost
|c|☆SkipTheDripBayless|either way
|c|☆Glit Poww!|how?
|c| FrozenCold|god
|c| FrozenCold|is that slightly adjusted
|c|☆SkipTheDripBayless|i go skarm
|c| FrozenCold|wish killer
|c|☆SkipTheDripBayless|and roost
|c|☆SkipTheDripBayless|and u lose
|inactive|Glit Poww! has 120 seconds left.
|c|☆SkipTheDripBayless|not to mention
|c|☆SkipTheDripBayless|the crunch drop
|c|☆SkipTheDripBayless|on ym skarm
|
|t:|1614741298
|switch|p1a: Tapu Koko|Tapu Koko|34/100
|-fieldstart|move: Electric Terrain|[from] ability: Electric Surge|[of] p1a: Tapu Koko
|turn|30
|c|☆SkipTheDripBayless|only reason ur in this spot
|
|t:|1614741302
|move|p1a: Tapu Koko|Volt Switch|p2a: Venusaur
|-resisted|p2a: Venusaur
|-damage|p2a: Venusaur|52/100
|
|t:|1614741306
|switch|p1a: Rotom|Rotom-Heat|49/100 tox|[from]move: Volt Switch
|move|p2a: Venusaur|Sludge Bomb|p1a: Rotom
|-damage|p1a: Rotom|24/100 tox
|
|-heal|p2a: Venusaur|58/100|[from] item: Leftovers
|-damage|p1a: Rotom|18/100 tox|[from] psn
|upkeep
|turn|31
|c| FrozenCold|also lefties on venu
|
|t:|1614741314
|switch|p2a: Chansey|Chansey, F|69/100
|move|p1a: Rotom|Overheat|p2a: Chansey
|-damage|p2a: Chansey|57/100
|-unboost|p1a: Rotom|spa|2
|
|-damage|p1a: Rotom|5/100 tox|[from] psn
|upkeep
|turn|32
|c| FrozenCold|angy face
|
|t:|1614741325
|move|p1a: Rotom|Pain Split|p2a: Chansey
|-sethp|p2a: Chansey|30/100|[from] move: Pain Split|[silent]
|-sethp|p1a: Rotom|62/100 tox|[from] move: Pain Split
|move|p2a: Chansey|Seismic Toss|p1a: Rotom
|-damage|p1a: Rotom|29/100 tox
|
|-damage|p1a: Rotom|10/100 tox|[from] psn
|upkeep
|turn|33
|inactive|Glit Poww! has 120 seconds left.
|
|t:|1614741352
|move|p1a: Rotom|Pain Split|p2a: Chansey
|-sethp|p2a: Chansey|17/100|[from] move: Pain Split|[silent]
|-sethp|p1a: Rotom|36/100 tox|[from] move: Pain Split
|move|p2a: Chansey|Soft-Boiled|p2a: Chansey
|-heal|p2a: Chansey|67/100
|
|-damage|p1a: Rotom|11/100 tox|[from] psn
|upkeep
|turn|34
|
|t:|1614741359
|move|p1a: Rotom|Volt Switch|p2a: Chansey
|-damage|p2a: Chansey|64/100
|inactive|Glit Poww! has 120 seconds left.
|l| FrozenCold
|c|☆Glit Poww!|nah stone edge kills skarm
|
|t:|1614741387
|switch|p1a: Tapu Koko|Tapu Koko|34/100|[from]move: Volt Switch
|move|p2a: Chansey|Soft-Boiled|p2a: Chansey
|-heal|p2a: Chansey|100/100
|
|-fieldend|move: Electric Terrain
|upkeep
|turn|35
|c|☆Glit Poww!|just clac
|c|☆SkipTheDripBayless|nope
|c|☆Glit Poww!|calced*
|c| Solobigbagalert|rofl
|c|☆SkipTheDripBayless|now click
|
|t:|1614741403
|move|p1a: Tapu Koko|Thunderbolt|p2a: Chansey
|-damage|p2a: Chansey|85/100
|-status|p2a: Chansey|par
|move|p2a: Chansey|Seismic Toss|p1a: Tapu Koko
|-damage|p1a: Tapu Koko|0 fnt
|faint|p1a: Tapu Koko
|
|upkeep
|c|☆SkipTheDripBayless|u lose
|c| Solobigbagalert|imagine thinking ttar kills skarm from there
|c|☆Glit Poww!|it dose 55
|inactive|Glit Poww! has 90 seconds left.
|c|☆Glit Poww!|gg
|-message|Glit Poww! forfeited.
|
|win|SkipTheDripBayless
|n|☆Glit Poww!|glitpoww
|n|☆SkipTheDripBayless|skipthedripbayless
|n| Solobigbagalert|solobigbagalert
|n| TheAdjuster|theadjuster
|n| HelloIwillplaynow|helloiwillplaynow
|n| buteko|buteko
