|j|☆Lord Xen II
|j|☆GeniusX
|t:|1620500678
|gametype|singles
|player|p1|Lord Xen II|169|1444
|player|p2|GeniusX|elesa|1505
|teamsize|p1|6
|teamsize|p2|6
|gen|8
|tier|[Gen 8] OU
|rated|
|rule|Sleep Clause Mod: Limit one foe put to sleep
|rule|Species Clause: Limit one of each Pokémon
|rule|OHKO Clause: OHKO moves are banned
|rule|Evasion Moves Clause: Evasion moves are banned
|rule|Endless Battle Clause: Forcing endless battles is banned
|rule|HP Percentage Mod: HP is shown in percentages
|rule|Dynamax Clause: You cannot dynamax
|clearpoke
|poke|p1|Zapdos-Galar|
|poke|p1|Slowbro, F|
|poke|p1|Ferrothorn, F|
|poke|p1|Heatran, F|
|poke|p1|Garchomp, F|
|poke|p1|Clefable, M|
|poke|p2|Slowking, M|
|poke|p2|Kartana|
|poke|p2|Heatran, F|
|poke|p2|Dragonite, F|
|poke|p2|Landorus-Therian, M|
|poke|p2|Tapu Koko|
|teampreview
|
|t:|1620500692
|start
|switch|p1a: Garchomp|Garchomp, F|100/100
|switch|p2a: Landorus|Landorus-Therian, M|100/100
|-ability|p2a: Landorus|Intimidate|boost
|-unboost|p1a: Garchomp|atk|1
|turn|1
|
|t:|1620500698
|switch|p1a: Slowbro|Slowbro, F|100/100
|move|p2a: Landorus|Earthquake|p1a: Slowbro
|-damage|p1a: Slowbro|71/100
|
|upkeep
|turn|2
|
|t:|1620500704
|move|p2a: Landorus|Stealth Rock|p1a: Slowbro
|-sidestart|p1: Lord Xen II|move: Stealth Rock
|move|p1a: Slowbro|Scald|p2a: Landorus
|-supereffective|p2a: Landorus
|-damage|p2a: Landorus|40/100
|-status|p2a: Landorus|brn
|
|-heal|p2a: Landorus|46/100 brn|[from] item: Leftovers
|-damage|p2a: Landorus|40/100 brn|[from] brn
|upkeep
|turn|3
|
|t:|1620500714
|move|p2a: Landorus|U-turn|p1a: Slowbro
|-supereffective|p1a: Slowbro
|-damage|p1a: Slowbro|58/100
|
|t:|1620500717
|switch|p2a: Kartana|Kartana|100/100|[from]move: U-turn
|move|p1a: Slowbro|Teleport|p1a: Slowbro
|
|t:|1620500737
|switch|p1a: Zapdos|Zapdos-Galar|100/100|[from]move: Teleport
|-damage|p1a: Zapdos|88/100|[from] Stealth Rock
|
|upkeep
|turn|4
|
|t:|1620500743
|switch|p2a: Dragonite|Dragonite, F|100/100
|move|p1a: Zapdos|Brave Bird|p2a: Dragonite
|-damage|p2a: Dragonite|68/100
|-damage|p1a: Zapdos|75/100|[from] Recoil
|
|upkeep
|turn|5
|
|t:|1620500752
|switch|p1a: Clefable|Clefable, M|100/100
|switch|p2a: Tapu Koko|Tapu Koko|100/100
|-fieldstart|move: Electric Terrain|[from] ability: Electric Surge|[of] p2a: Tapu Koko
|
|upkeep
|turn|6
|
|t:|1620500760
|move|p2a: Tapu Koko|Thunderbolt|p1a: Clefable
|-damage|p1a: Clefable|61/100
|move|p1a: Clefable|Wish|p1a: Clefable
|
|-heal|p1a: Clefable|67/100|[from] item: Leftovers
|upkeep
|turn|7
|
|t:|1620500766
|move|p2a: Tapu Koko|U-turn|p1a: Clefable
|-resisted|p1a: Clefable
|-damage|p1a: Clefable|60/100
|
|t:|1620500771
|switch|p2a: Kartana|Kartana|100/100|[from]move: U-turn
|move|p1a: Clefable|Knock Off|p2a: Kartana
|-damage|p2a: Kartana|86/100
|-enditem|p2a: Kartana|Choice Band|[from] move: Knock Off|[of] p1a: Clefable
|
|-heal|p1a: Clefable|100/100|[from] move: Wish|[wisher] Clefable
|upkeep
|turn|8
|
|t:|1620500789
|switch|p1a: Ferrothorn|Ferrothorn, F|100/100
|-damage|p1a: Ferrothorn|94/100|[from] Stealth Rock
|move|p2a: Kartana|Smart Strike|p1a: Ferrothorn
|-resisted|p1a: Ferrothorn
|-damage|p1a: Ferrothorn|79/100
|-damage|p2a: Kartana|73/100|[from] ability: Iron Barbs|[of] p1a: Ferrothorn
|-damage|p2a: Kartana|57/100|[from] item: Rocky Helmet|[of] p1a: Ferrothorn
|
|upkeep
|turn|9
|
|t:|1620500800
|move|p2a: Kartana|Sacred Sword|p1a: Ferrothorn
|-supereffective|p1a: Ferrothorn
|-damage|p1a: Ferrothorn|31/100
|-damage|p2a: Kartana|45/100|[from] ability: Iron Barbs|[of] p1a: Ferrothorn
|-damage|p2a: Kartana|28/100|[from] item: Rocky Helmet|[of] p1a: Ferrothorn
|move|p1a: Ferrothorn|Spikes|p2a: Kartana
|-sidestart|p2: GeniusX|Spikes
|
|-fieldend|move: Electric Terrain
|upkeep
|turn|10
|
|t:|1620500809
|move|p2a: Kartana|Sacred Sword|p1a: Ferrothorn
|-supereffective|p1a: Ferrothorn
|-damage|p1a: Ferrothorn|0 fnt
|-damage|p2a: Kartana|16/100|[from] ability: Iron Barbs|[of] p1a: Ferrothorn
|-damage|p2a: Kartana|0 fnt|[from] item: Rocky Helmet|[of] p1a: Ferrothorn
|faint|p1a: Ferrothorn
|faint|p2a: Kartana
|
|upkeep
|
|t:|1620500834
|switch|p2a: Heatran|Heatran, F|100/100
|switch|p1a: Garchomp|Garchomp, F|100/100
|-damage|p1a: Garchomp|94/100|[from] Stealth Rock
|-damage|p2a: Heatran|88/100|[from] Spikes
|turn|11
|
|t:|1620500841
|move|p1a: Garchomp|Stealth Rock|p2a: Heatran
|-sidestart|p2: GeniusX|move: Stealth Rock
|move|p2a: Heatran|Toxic|p1a: Garchomp
|-status|p1a: Garchomp|tox
|
|-heal|p2a: Heatran|94/100|[from] item: Leftovers
|-damage|p1a: Garchomp|88/100 tox|[from] psn
|upkeep
|turn|12
|
|t:|1620500870
|switch|p1a: Slowbro|Slowbro, F|91/100
|switch|p2a: Landorus|Landorus-Therian, M|40/100 brn
|-damage|p2a: Landorus|28/100 brn|[from] Stealth Rock
|-ability|p2a: Landorus|Intimidate|boost
|-unboost|p1a: Slowbro|atk|1
|
|-heal|p2a: Landorus|34/100 brn|[from] item: Leftovers
|-damage|p2a: Landorus|28/100 brn|[from] brn
|upkeep
|turn|13
|
|t:|1620500885
|switch|p2a: Dragonite|Dragonite, F|68/100
|move|p1a: Slowbro|Scald|p2a: Dragonite
|-resisted|p2a: Dragonite
|-damage|p2a: Dragonite|57/100
|-status|p2a: Dragonite|brn
|
|-damage|p2a: Dragonite|51/100 brn|[from] brn
|upkeep
|turn|14
|
|t:|1620500894
|move|p2a: Dragonite|Heal Bell|p2a: Dragonite
|-activate|p2a: Dragonite|move: Heal Bell
|-curestatus|p2a: Dragonite|brn|[msg]
|-curestatus|p2: Landorus|brn|[msg]
|move|p1a: Slowbro|Future Sight|p2a: Dragonite
|-start|p1a: Slowbro|move: Future Sight
|
|upkeep
|turn|15
|
|t:|1620500900
|move|p2a: Dragonite|Roost|p2a: Dragonite
|-heal|p2a: Dragonite|100/100
|-singleturn|p2a: Dragonite|move: Roost
|move|p1a: Slowbro|Scald|p2a: Dragonite
|-resisted|p2a: Dragonite
|-damage|p2a: Dragonite|95/100
|-status|p2a: Dragonite|brn
|
|-damage|p2a: Dragonite|89/100 brn|[from] brn
|upkeep
|turn|16
|
|t:|1620500921
|move|p2a: Dragonite|Heal Bell|p2a: Dragonite
|-activate|p2a: Dragonite|move: Heal Bell
|-curestatus|p2a: Dragonite|brn|[msg]
|move|p1a: Slowbro|Teleport|p1a: Slowbro
|
|t:|1620500925
|switch|p1a: Zapdos|Zapdos-Galar|75/100|[from]move: Teleport
|-damage|p1a: Zapdos|63/100|[from] Stealth Rock
|
|-end|p2a: Dragonite|move: Future Sight
|-damage|p2a: Dragonite|55/100
|upkeep
|turn|17
|
|t:|1620500937
|move|p1a: Zapdos|Brave Bird|p2a: Dragonite
|-damage|p2a: Dragonite|0 fnt
|faint|p2a: Dragonite
|-damage|p1a: Zapdos|41/100|[from] Recoil
|
|upkeep
|
|t:|1620500941
|switch|p2a: Tapu Koko|Tapu Koko|100/100
|-fieldstart|move: Electric Terrain|[from] ability: Electric Surge|[of] p2a: Tapu Koko
|turn|18
|
|t:|1620500970
|switch|p1a: Clefable|Clefable, M|100/100
|move|p2a: Tapu Koko|Thunderbolt|p1a: Clefable
|-damage|p1a: Clefable|61/100
|
|-heal|p1a: Clefable|68/100|[from] item: Leftovers
|upkeep
|turn|19
|
|t:|1620500978
|move|p2a: Tapu Koko|U-turn|p1a: Clefable
|-resisted|p1a: Clefable
|-damage|p1a: Clefable|60/100
|
|t:|1620500980
|switch|p2a: Landorus|Landorus-Therian, M|28/100|[from]move: U-turn
|-damage|p2a: Landorus|15/100|[from] Stealth Rock
|-ability|p2a: Landorus|Intimidate|boost
|-unboost|p1a: Clefable|atk|1
|move|p1a: Clefable|Wish|p1a: Clefable
|
|-heal|p2a: Landorus|21/100|[from] item: Leftovers
|-heal|p1a: Clefable|66/100|[from] item: Leftovers
|upkeep
|turn|20
|
|t:|1620500990
|move|p2a: Landorus|Defog|p1a: Clefable
|-unboost|p1a: Clefable|evasion|1
|-sideend|p1: Lord Xen II|Stealth Rock|[from] move: Defog|[of] p2a: Landorus
|-sideend|p2: GeniusX|Spikes|[from] move: Defog|[of] p2a: Landorus
|-sideend|p2: GeniusX|Stealth Rock|[from] move: Defog|[of] p2a: Landorus
|-fieldend|move: Electric Terrain
|move|p1a: Clefable|Moonblast|p2a: Landorus
|-damage|p2a: Landorus|0 fnt
|faint|p2a: Landorus
|
|-heal|p1a: Clefable|100/100|[from] move: Wish|[wisher] Clefable
|upkeep
|
|t:|1620500994
|switch|p2a: Heatran|Heatran, F|94/100
|turn|21
|
|t:|1620501014
|switch|p1a: Slowbro|Slowbro, F|100/100
|move|p2a: Heatran|Taunt|p1a: Slowbro
|-start|p1a: Slowbro|move: Taunt
|
|-heal|p2a: Heatran|100/100|[from] item: Leftovers
|upkeep
|turn|22
|
|t:|1620501021
|move|p2a: Heatran|Toxic|p1a: Slowbro
|-status|p1a: Slowbro|tox
|move|p1a: Slowbro|Scald|p2a: Heatran
|-supereffective|p2a: Heatran
|-damage|p2a: Heatran|63/100
|
|-heal|p2a: Heatran|69/100|[from] item: Leftovers
|-damage|p1a: Slowbro|94/100 tox|[from] psn
|upkeep
|turn|23
|
|t:|1620501035
|switch|p2a: Slowking|Slowking, M|100/100
|move|p1a: Slowbro|Future Sight|p2a: Slowking
|-start|p1a: Slowbro|move: Future Sight
|
|-damage|p1a: Slowbro|82/100 tox|[from] psn
|-end|p1a: Slowbro|move: Taunt
|upkeep
|turn|24
|
|t:|1620501042
|move|p2a: Slowking|Future Sight|p1a: Slowbro
|-start|p2a: Slowking|move: Future Sight
|move|p1a: Slowbro|Teleport|p1a: Slowbro
|
|t:|1620501051
|switch|p1a: Heatran|Heatran, F|100/100|[from]move: Teleport
|
|upkeep
|turn|25
|
|t:|1620501058
|move|p1a: Heatran|Magma Storm|p2a: Slowking
|-resisted|p2a: Slowking
|-damage|p2a: Slowking|88/100
|-activate|p2a: Slowking|move: Magma Storm|[of] p1a: Heatran
|move|p2a: Slowking|Scald|p1a: Heatran
|-supereffective|p1a: Heatran
|-damage|p1a: Heatran|66/100
|
|-end|p2a: Slowking|move: Future Sight
|-resisted|p2a: Slowking
|-damage|p2a: Slowking|76/100
|-heal|p1a: Heatran|72/100|[from] item: Leftovers
|-damage|p2a: Slowking|63/100|[from] move: Magma Storm|[partiallytrapped]
|upkeep
|turn|26
|
|t:|1620501070
|move|p1a: Heatran|Taunt|p2a: Slowking
|-start|p2a: Slowking|move: Taunt
|move|p2a: Slowking|Scald|p1a: Heatran
|-supereffective|p1a: Heatran
|-damage|p1a: Heatran|39/100
|
|-end|p1a: Heatran|move: Future Sight
|-resisted|p1a: Heatran
|-damage|p1a: Heatran|26/100
|-heal|p1a: Heatran|32/100|[from] item: Leftovers
|-damage|p2a: Slowking|51/100|[from] move: Magma Storm|[partiallytrapped]
|upkeep
|turn|27
|
|t:|1620501088
|move|p1a: Heatran|Toxic|p2a: Slowking
|-status|p2a: Slowking|tox
|move|p2a: Slowking|Scald|p1a: Heatran
|-supereffective|p1a: Heatran
|-damage|p1a: Heatran|1/100
|
|-heal|p1a: Heatran|7/100|[from] item: Leftovers
|-damage|p2a: Slowking|45/100 tox|[from] psn
|-damage|p2a: Slowking|32/100 tox|[from] move: Magma Storm|[partiallytrapped]
|upkeep
|turn|28
|
|t:|1620501116
|switch|p1a: Clefable|Clefable, M|100/100
|move|p2a: Slowking|Scald|p1a: Clefable
|-damage|p1a: Clefable|78/100
|
|-heal|p1a: Clefable|84/100|[from] item: Leftovers
|-damage|p2a: Slowking|20/100 tox|[from] psn
|-end|p2a: Slowking|Magma Storm|[partiallytrapped]|[silent]
|-end|p2a: Slowking|move: Taunt
|upkeep
|turn|29
|
|t:|1620501127
|switch|p2a: Heatran|Heatran, F|69/100
|move|p1a: Clefable|Moonblast|p2a: Heatran
|-resisted|p2a: Heatran
|-damage|p2a: Heatran|65/100
|
|-heal|p2a: Heatran|71/100|[from] item: Leftovers
|-heal|p1a: Clefable|90/100|[from] item: Leftovers
|upkeep
|turn|30
|
|t:|1620501137
|switch|p1a: Slowbro|Slowbro, F|100/100 tox
|move|p2a: Heatran|Magma Storm|p1a: Slowbro|[miss]
|-miss|p2a: Heatran|p1a: Slowbro
|
|-heal|p2a: Heatran|77/100|[from] item: Leftovers
|-damage|p1a: Slowbro|94/100 tox|[from] psn
|upkeep
|turn|31
|
|t:|1620501146
|switch|p2a: Slowking|Slowking, M|53/100 tox
|move|p1a: Slowbro|Scald|p2a: Slowking
|-resisted|p2a: Slowking
|-damage|p2a: Slowking|45/100 tox
|
|-damage|p1a: Slowbro|82/100 tox|[from] psn
|-damage|p2a: Slowking|39/100 tox|[from] psn
|upkeep
|turn|32
|
|t:|1620501155
|move|p1a: Slowbro|Future Sight|p2a: Slowking
|-start|p1a: Slowbro|move: Future Sight
|move|p2a: Slowking|Future Sight|p1a: Slowbro
|-start|p2a: Slowking|move: Future Sight
|
|-damage|p1a: Slowbro|64/100 tox|[from] psn
|-damage|p2a: Slowking|27/100 tox|[from] psn
|upkeep
|turn|33
|
|t:|1620501161
|move|p1a: Slowbro|Teleport|p1a: Slowbro
|
|t:|1620501170
|switch|p1a: Heatran|Heatran, F|7/100|[from]move: Teleport
|move|p2a: Slowking|Teleport|p2a: Slowking
|
|t:|1620501173
|switch|p2a: Tapu Koko|Tapu Koko|100/100|[from]move: Teleport
|-fieldstart|move: Electric Terrain|[from] ability: Electric Surge|[of] p2a: Tapu Koko
|
|-heal|p1a: Heatran|14/100|[from] item: Leftovers
|upkeep
|turn|34
|
|t:|1620501192
|move|p2a: Tapu Koko|Thunderbolt|p1a: Heatran
|-damage|p1a: Heatran|0 fnt
|faint|p1a: Heatran
|
|-hint|Future Sight did not hit because the target is fainted.
|-end|p2a: Tapu Koko|move: Future Sight
|-damage|p2a: Tapu Koko|37/100
|upkeep
|
|t:|1620501200
|switch|p1a: Garchomp|Garchomp, F|88/100 tox
|turn|35
|
|t:|1620501213
|switch|p2a: Slowking|Slowking, M|60/100 tox
|move|p1a: Garchomp|Earthquake|p2a: Slowking
|-damage|p2a: Slowking|9/100 tox
|
|-damage|p1a: Garchomp|82/100 tox|[from] psn
|-damage|p2a: Slowking|3/100 tox|[from] psn
|upkeep
|turn|36
|
|t:|1620501221
|move|p1a: Garchomp|Earthquake|p2a: Slowking
|-damage|p2a: Slowking|0 fnt
|faint|p2a: Slowking
|
|-damage|p1a: Garchomp|70/100 tox|[from] psn
|upkeep
|
|t:|1620501227
|switch|p2a: Tapu Koko|Tapu Koko|37/100
|turn|37
|
|t:|1620501230
|move|p1a: Garchomp|Earthquake|p2a: Tapu Koko
|-supereffective|p2a: Tapu Koko
|-damage|p2a: Tapu Koko|0 fnt
|faint|p2a: Tapu Koko
|
|-damage|p1a: Garchomp|51/100 tox|[from] psn
|-fieldend|move: Electric Terrain
|upkeep
|-message|GeniusX forfeited.
|
|win|Lord Xen II
|raw|Lord Xen II's rating: 1444 &rarr; <strong>1467</strong><br />(+23 for winning)
|raw|GeniusX's rating: 1505 &rarr; <strong>1482</strong><br />(-23 for losing)
|l|☆GeniusX
||Ladder isn't responding, score probably updated but might not have (Request timeout).
