|raw|<div class="broadcast-blue"><strong>This battle is required to be public due to a player having a name starting with 'lt92pf'.</div>
|j|☆LT92PF Lio
|j|‽kinetic chain
|t:|1660220602
|gametype|singles
|player|p1|LT92PF Lio|101|1793
|player|p2|kinetic chain|silver-gen2|1867
|teamsize|p1|6
|teamsize|p2|6
|gen|8
|tier|[Gen 8] OU
|rated|
|rule|Sleep Clause Mod: Limit one foe put to sleep
|rule|Species Clause: Limit one of each Pokémon
|rule|OHKO Clause: OHKO moves are banned
|rule|Evasion Items Clause: Evasion items are banned
|rule|Evasion Moves Clause: Evasion moves are banned
|rule|Endless Battle Clause: Forcing endless battles is banned
|rule|HP Percentage Mod: HP is shown in percentages
|rule|Dynamax Clause: You cannot dynamax
|clearpoke
|poke|p1|Kartana|
|poke|p1|Magnezone|
|poke|p1|Corviknight, M|
|poke|p1|Dragapult, M|
|poke|p1|Hippowdon, F|
|poke|p1|Tapu Fini|
|poke|p2|Tapu Lele|
|poke|p2|Weavile, M|
|poke|p2|Heatran, M|
|poke|p2|Buzzwole|
|poke|p2|Garchomp, F|
|poke|p2|Rotom-Wash|
|teampreview
|j|%Clementine
|j| Pepega Trainer
|j| chokst du
|inactive|Battle timer is ON: inactive players will automatically lose when time's up. (requested by kinetic chain)
|j| Heiwa June ☾
|
|t:|1660220627
|start
|switch|p1a: Hippowdon|Hippowdon, F|100/100
|switch|p2a: Rotom|Rotom-Wash|100/100
|-weather|Sandstorm|[from] ability: Sand Stream|[of] p1a: Hippowdon
|turn|1
|j| StarGalxie
|
|t:|1660220632
|move|p2a: Rotom|Toxic|p1a: Hippowdon
|-status|p1a: Hippowdon|tox
|move|p1a: Hippowdon|Stealth Rock|p2a: Rotom
|-sidestart|p2: kinetic chain|move: Stealth Rock
|
|-weather|Sandstorm|[upkeep]
|-damage|p2a: Rotom|95/100|[from] Sandstorm
|-heal|p2a: Rotom|100/100|[from] item: Leftovers
|-damage|p1a: Hippowdon|94/100 tox|[from] psn
|upkeep
|turn|2
|
|t:|1660220638
|switch|p2a: Heatran|Heatran, M|100/100
|-damage|p2a: Heatran|88/100|[from] Stealth Rock
|switch|p1a: Dragapult|Dragapult, M|100/100
|
|-weather|Sandstorm|[upkeep]
|-damage|p1a: Dragapult|95/100|[from] Sandstorm
|-heal|p2a: Heatran|94/100|[from] item: Leftovers
|upkeep
|turn|3
|j| dwdwqd4
|
|t:|1660220643
|move|p1a: Dragapult|Shadow Ball|p2a: Heatran
|-damage|p2a: Heatran|63/100
|move|p2a: Heatran|Magma Storm|p1a: Dragapult
|-resisted|p1a: Dragapult
|-damage|p1a: Dragapult|67/100
|-activate|p1a: Dragapult|move: Magma Storm|[of] p2a: Heatran
|
|-weather|Sandstorm|[upkeep]
|-damage|p1a: Dragapult|61/100|[from] Sandstorm
|-heal|p2a: Heatran|69/100|[from] item: Leftovers
|-damage|p1a: Dragapult|49/100|[from] move: Magma Storm|[partiallytrapped]
|upkeep
|turn|4
|
|t:|1660220650
|switch|p1a: Tapu Fini|Tapu Fini|100/100
|-fieldstart|move: Misty Terrain|[from] ability: Misty Surge|[of] p1a: Tapu Fini
|move|p2a: Heatran|Magma Storm|p1a: Tapu Fini|[miss]
|-miss|p2a: Heatran|p1a: Tapu Fini
|
|-weather|Sandstorm|[upkeep]
|-damage|p1a: Tapu Fini|94/100|[from] Sandstorm
|-heal|p1a: Tapu Fini|100/100|[from] item: Leftovers
|-heal|p2a: Heatran|75/100|[from] item: Leftovers
|upkeep
|turn|5
|
|t:|1660220654
|switch|p2a: Rotom|Rotom-Wash|100/100
|-damage|p2a: Rotom|88/100|[from] Stealth Rock
|move|p1a: Tapu Fini|Scald|p2a: Rotom
|-resisted|p2a: Rotom
|-damage|p2a: Rotom|78/100
|-status|p2a: Rotom|brn
|
|-weather|none
|-heal|p2a: Rotom|84/100 brn|[from] item: Leftovers
|-damage|p2a: Rotom|78/100 brn|[from] brn
|upkeep
|turn|6
|
|t:|1660220660
|switch|p1a: Kartana|Kartana|100/100
|move|p2a: Rotom|Defog|p1a: Kartana
|-unboost|p1a: Kartana|evasion|1
|-sideend|p2: kinetic chain|Stealth Rock|[from] move: Defog|[of] p2a: Rotom
|-fieldend|Misty Terrain
|
|-heal|p2a: Rotom|84/100 brn|[from] item: Leftovers
|-damage|p2a: Rotom|78/100 brn|[from] brn
|upkeep
|turn|7
|j| LT92PF Isza
|
|t:|1660220664
|switch|p2a: Buzzwole|Buzzwole|100/100
|move|p1a: Kartana|Knock Off|p2a: Buzzwole
|-resisted|p2a: Buzzwole
|-damage|p2a: Buzzwole|84/100
|-damage|p1a: Kartana|84/100|[from] item: Rocky Helmet|[of] p2a: Buzzwole
|-enditem|p2a: Buzzwole|Rocky Helmet|[from] move: Knock Off|[of] p1a: Kartana
|
|upkeep
|turn|8
|
|t:|1660220669
|switch|p1a: Hippowdon|Hippowdon, F|94/100 tox
|-weather|Sandstorm|[from] ability: Sand Stream|[of] p1a: Hippowdon
|switch|p2a: Heatran|Heatran, M|75/100
|
|-weather|Sandstorm|[upkeep]
|-heal|p2a: Heatran|82/100|[from] item: Leftovers
|-heal|p1a: Hippowdon|100/100 tox|[from] item: Leftovers
|-damage|p1a: Hippowdon|94/100 tox|[from] psn
|upkeep
|turn|9
|j| Alexis Cochet
|
|t:|1660220672
|switch|p2a: Weavile|Weavile, M|100/100
|move|p1a: Hippowdon|Earthquake|p2a: Weavile
|-damage|p2a: Weavile|34/100
|
|-weather|Sandstorm|[upkeep]
|-damage|p2a: Weavile|28/100|[from] Sandstorm
|-heal|p1a: Hippowdon|100/100 tox|[from] item: Leftovers
|-damage|p1a: Hippowdon|88/100 tox|[from] psn
|upkeep
|turn|10
|l| Alexis Cochet
|
|t:|1660220679
|switch|p1a: Corviknight|Corviknight, M|100/100
|-ability|p1a: Corviknight|Pressure
|move|p2a: Weavile|Knock Off|p1a: Corviknight
|-damage|p1a: Corviknight|52/100
|-enditem|p1a: Corviknight|Leftovers|[from] move: Knock Off|[of] p2a: Weavile
|
|-weather|Sandstorm|[upkeep]
|-damage|p2a: Weavile|22/100|[from] Sandstorm
|upkeep
|turn|11
|
|t:|1660220683
|switch|p2a: Heatran|Heatran, M|82/100
|move|p1a: Corviknight|Roost|p1a: Corviknight
|-heal|p1a: Corviknight|100/100
|-singleturn|p1a: Corviknight|move: Roost
|
|-weather|Sandstorm|[upkeep]
|-heal|p2a: Heatran|88/100|[from] item: Leftovers
|upkeep
|turn|12
|
|t:|1660220692
|switch|p1a: Tapu Fini|Tapu Fini|100/100
|-fieldstart|move: Misty Terrain|[from] ability: Misty Surge|[of] p1a: Tapu Fini
|move|p2a: Heatran|Magma Storm|p1a: Tapu Fini|[miss]
|-miss|p2a: Heatran|p1a: Tapu Fini
|
|-weather|none
|-heal|p2a: Heatran|94/100|[from] item: Leftovers
|upkeep
|turn|13
|
|t:|1660220699
|switch|p2a: Rotom|Rotom-Wash|78/100 brn
|move|p1a: Tapu Fini|Calm Mind|p1a: Tapu Fini
|-boost|p1a: Tapu Fini|spa|1
|-boost|p1a: Tapu Fini|spd|1
|
|-heal|p2a: Rotom|84/100 brn|[from] item: Leftovers
|-damage|p2a: Rotom|78/100 brn|[from] brn
|upkeep
|turn|14
|
|t:|1660220705
|move|p1a: Tapu Fini|Calm Mind|p1a: Tapu Fini
|-boost|p1a: Tapu Fini|spa|1
|-boost|p1a: Tapu Fini|spd|1
|move|p2a: Rotom|Volt Switch|p1a: Tapu Fini
|-supereffective|p1a: Tapu Fini
|-damage|p1a: Tapu Fini|81/100
|
|t:|1660220710
|switch|p2a: Tapu Lele|Tapu Lele|100/100|[from]move: Volt Switch
|-fieldstart|move: Psychic Terrain|[from] ability: Psychic Surge|[of] p2a: Tapu Lele
|
|-heal|p1a: Tapu Fini|87/100|[from] item: Leftovers
|upkeep
|turn|15
|j| Coach Jones 6fifth
|
|t:|1660220712
|move|p2a: Tapu Lele|Calm Mind|p2a: Tapu Lele
|-boost|p2a: Tapu Lele|spa|1
|-boost|p2a: Tapu Lele|spd|1
|move|p1a: Tapu Fini|Draining Kiss|p2a: Tapu Lele
|-damage|p2a: Tapu Lele|82/100
|-heal|p1a: Tapu Fini|100/100|[from] drain|[of] p2a: Tapu Lele
|
|upkeep
|turn|16
|
|t:|1660220721
|switch|p1a: Corviknight|Corviknight, M|100/100
|-ability|p1a: Corviknight|Pressure
|move|p2a: Tapu Lele|Psyshock|p1a: Corviknight
|-resisted|p1a: Corviknight
|-damage|p1a: Corviknight|78/100
|
|upkeep
|turn|17
|
|t:|1660220724
|move|p2a: Tapu Lele|Focus Blast|p1a: Corviknight|[miss]
|-miss|p2a: Tapu Lele|p1a: Corviknight
|move|p1a: Corviknight|U-turn|p2a: Tapu Lele
|-damage|p2a: Tapu Lele|66/100
|
|t:|1660220726
|switch|p1a: Kartana|Kartana|84/100|[from]move: U-turn
|
|upkeep
|turn|18
|
|t:|1660220730
|switch|p2a: Buzzwole|Buzzwole|84/100
|move|p1a: Kartana|Smart Strike|p2a: Buzzwole
|-damage|p2a: Buzzwole|49/100
|
|-fieldend|move: Psychic Terrain
|upkeep
|turn|19
|
|t:|1660220734
|switch|p1a: Hippowdon|Hippowdon, F|88/100 tox
|-weather|Sandstorm|[from] ability: Sand Stream|[of] p1a: Hippowdon
|move|p2a: Buzzwole|Roost|p2a: Buzzwole
|-heal|p2a: Buzzwole|99/100
|-singleturn|p2a: Buzzwole|move: Roost
|
|-weather|Sandstorm|[upkeep]
|-damage|p2a: Buzzwole|93/100|[from] Sandstorm
|-heal|p1a: Hippowdon|94/100 tox|[from] item: Leftovers
|-damage|p1a: Hippowdon|88/100 tox|[from] psn
|upkeep
|turn|20
|
|t:|1660220736
|switch|p2a: Weavile|Weavile, M|22/100
|move|p1a: Hippowdon|Stealth Rock|p2a: Weavile
|-sidestart|p2: kinetic chain|move: Stealth Rock
|
|-weather|Sandstorm|[upkeep]
|-damage|p2a: Weavile|16/100|[from] Sandstorm
|-heal|p1a: Hippowdon|94/100 tox|[from] item: Leftovers
|-damage|p1a: Hippowdon|82/100 tox|[from] psn
|upkeep
|turn|21
|
|t:|1660220739
|switch|p1a: Corviknight|Corviknight, M|78/100
|-ability|p1a: Corviknight|Pressure
|move|p2a: Weavile|Triple Axel|p1a: Corviknight
|-damage|p1a: Corviknight|68/100
|-damage|p1a: Corviknight|46/100
|-damage|p1a: Corviknight|16/100
|-hitcount|p1a: Corviknight|3
|
|-weather|Sandstorm|[upkeep]
|-damage|p2a: Weavile|10/100|[from] Sandstorm
|upkeep
|turn|22
|
|t:|1660220749
|switch|p1a: Magnezone|Magnezone|100/100
|move|p2a: Weavile|Triple Axel|p1a: Magnezone
|-resisted|p1a: Magnezone
|-damage|p1a: Magnezone|96/100
|-resisted|p1a: Magnezone
|-damage|p1a: Magnezone|85/100
|-resisted|p1a: Magnezone
|-damage|p1a: Magnezone|69/100
|-hitcount|p1a: Magnezone|3
|
|-weather|Sandstorm|[upkeep]
|-damage|p2a: Weavile|4/100|[from] Sandstorm
|-heal|p1a: Magnezone|75/100|[from] item: Leftovers
|upkeep
|turn|23
|
|t:|1660220755
|switch|p2a: Garchomp|Garchomp, F|100/100
|-damage|p2a: Garchomp|94/100|[from] Stealth Rock
|move|p1a: Magnezone|Body Press|p2a: Garchomp
|-damage|p2a: Garchomp|65/100
|-damage|p1a: Magnezone|62/100|[from] ability: Rough Skin|[of] p2a: Garchomp
|
|-weather|none
|-heal|p2a: Garchomp|72/100|[from] item: Leftovers
|-heal|p1a: Magnezone|69/100|[from] item: Leftovers
|upkeep
|turn|24
|
|t:|1660220764
|switch|p1a: Corviknight|Corviknight, M|16/100
|-ability|p1a: Corviknight|Pressure
|move|p2a: Garchomp|Stealth Rock|p1a: Corviknight
|-sidestart|p1: LT92PF Lio|move: Stealth Rock
|
|-heal|p2a: Garchomp|78/100|[from] item: Leftovers
|upkeep
|turn|25
|l| StarGalxie
|
|t:|1660220767
|move|p2a: Garchomp|Stone Edge|p1a: Corviknight|[miss]
|-miss|p2a: Garchomp|p1a: Corviknight
|move|p1a: Corviknight|Roost|p1a: Corviknight
|-heal|p1a: Corviknight|66/100
|-singleturn|p1a: Corviknight|move: Roost
|
|-heal|p2a: Garchomp|84/100|[from] item: Leftovers
|upkeep
|turn|26
|
|t:|1660220771
|move|p2a: Garchomp|Swords Dance|p2a: Garchomp
|-boost|p2a: Garchomp|atk|2
|move|p1a: Corviknight|Roost|p1a: Corviknight
|-heal|p1a: Corviknight|100/100
|-singleturn|p1a: Corviknight|move: Roost
|
|-heal|p2a: Garchomp|90/100|[from] item: Leftovers
|upkeep
|turn|27
|j|+playerW17
|
|t:|1660220773
|move|p2a: Garchomp|Stone Edge|p1a: Corviknight
|-damage|p1a: Corviknight|56/100
|move|p1a: Corviknight|U-turn|p2a: Garchomp
|-damage|p2a: Garchomp|76/100
|-damage|p1a: Corviknight|43/100|[from] ability: Rough Skin|[of] p2a: Garchomp
|
|t:|1660220775
|switch|p1a: Dragapult|Dragapult, M|49/100|[from]move: U-turn
|-damage|p1a: Dragapult|37/100|[from] Stealth Rock
|
|-heal|p2a: Garchomp|82/100|[from] item: Leftovers
|upkeep
|turn|28
|
|t:|1660220779
|switch|p2a: Heatran|Heatran, M|94/100
|-damage|p2a: Heatran|82/100|[from] Stealth Rock
|move|p1a: Dragapult|Shadow Ball|p2a: Heatran
|-damage|p2a: Heatran|48/100
|
|-heal|p2a: Heatran|54/100|[from] item: Leftovers
|upkeep
|turn|29
|
|t:|1660220784
|switch|p1a: Tapu Fini|Tapu Fini|100/100
|-damage|p1a: Tapu Fini|88/100|[from] Stealth Rock
|-fieldstart|move: Misty Terrain|[from] ability: Misty Surge|[of] p1a: Tapu Fini
|move|p2a: Heatran|Magma Storm|p1a: Tapu Fini
|-resisted|p1a: Tapu Fini
|-damage|p1a: Tapu Fini|71/100
|-activate|p1a: Tapu Fini|move: Magma Storm|[of] p2a: Heatran
|
|-heal|p1a: Tapu Fini|78/100|[from] item: Leftovers
|-heal|p2a: Heatran|60/100|[from] item: Leftovers
|-damage|p1a: Tapu Fini|65/100|[from] move: Magma Storm|[partiallytrapped]
|upkeep
|turn|30
|
|t:|1660220786
|move|p1a: Tapu Fini|Scald|p2a: Heatran
|-supereffective|p2a: Heatran
|-damage|p2a: Heatran|29/100
|move|p2a: Heatran|Heavy Slam|p1a: Tapu Fini
|-damage|p1a: Tapu Fini|37/100
|
|-heal|p1a: Tapu Fini|43/100|[from] item: Leftovers
|-heal|p2a: Heatran|36/100|[from] item: Leftovers
|-damage|p1a: Tapu Fini|30/100|[from] move: Magma Storm|[partiallytrapped]
|upkeep
|turn|31
|j|@ironwater
|j| Wicket Ticket
|j| Aurora
|
|t:|1660220790
|move|p2a: Heatran|Protect|p2a: Heatran
|-singleturn|p2a: Heatran|Protect
|move|p1a: Tapu Fini|Scald|p2a: Heatran
|-activate|p2a: Heatran|move: Protect
|
|-heal|p1a: Tapu Fini|37/100|[from] item: Leftovers
|-heal|p2a: Heatran|42/100|[from] item: Leftovers
|-damage|p1a: Tapu Fini|24/100|[from] move: Magma Storm|[partiallytrapped]
|upkeep
|turn|32
|
|t:|1660220791
|move|p1a: Tapu Fini|Scald|p2a: Heatran
|-supereffective|p2a: Heatran
|-damage|p2a: Heatran|12/100
|move|p2a: Heatran|Heavy Slam|p1a: Tapu Fini
|-damage|p1a: Tapu Fini|0 fnt
|faint|p1a: Tapu Fini
|
|-heal|p2a: Heatran|18/100|[from] item: Leftovers
|upkeep
|j| Kragenbash
|
|t:|1660220795
|switch|p1a: Kartana|Kartana|84/100
|-damage|p1a: Kartana|78/100|[from] Stealth Rock
|turn|33
|
|t:|1660220798
|move|p2a: Heatran|Protect|p2a: Heatran
|-singleturn|p2a: Heatran|Protect
|move|p1a: Kartana|Knock Off|p2a: Heatran
|-activate|p2a: Heatran|move: Protect
|
|-heal|p2a: Heatran|24/100|[from] item: Leftovers
|-fieldend|Misty Terrain
|upkeep
|turn|34
|
|t:|1660220801
|switch|p2a: Buzzwole|Buzzwole|93/100
|-damage|p2a: Buzzwole|81/100|[from] Stealth Rock
|move|p1a: Kartana|Knock Off|p2a: Buzzwole
|-resisted|p2a: Buzzwole
|-damage|p2a: Buzzwole|71/100
|
|upkeep
|turn|35
|j| shafofficiel
|
|t:|1660220813
|switch|p1a: Corviknight|Corviknight, M|43/100
|-damage|p1a: Corviknight|31/100|[from] Stealth Rock
|-ability|p1a: Corviknight|Pressure
|move|p2a: Buzzwole|Ice Punch|p1a: Corviknight
|-damage|p1a: Corviknight|15/100
|
|upkeep
|turn|36
|
|t:|1660220816
|move|p2a: Buzzwole|Ice Punch|p1a: Corviknight
|-damage|p1a: Corviknight|0 fnt
|faint|p1a: Corviknight
|-ability|p2a: Buzzwole|Beast Boost|boost
|-boost|p2a: Buzzwole|def|1
|
|upkeep
|
|t:|1660220818
|switch|p1a: Dragapult|Dragapult, M|37/100
|-damage|p1a: Dragapult|24/100|[from] Stealth Rock
|turn|37
|
|t:|1660220829
|switch|p2a: Heatran|Heatran, M|24/100
|-damage|p2a: Heatran|12/100|[from] Stealth Rock
|move|p1a: Dragapult|Shadow Ball|p2a: Heatran
|-damage|p2a: Heatran|0 fnt
|faint|p2a: Heatran
|
|upkeep
|
|t:|1660220834
|switch|p2a: Garchomp|Garchomp, F|82/100
|-damage|p2a: Garchomp|76/100|[from] Stealth Rock
|turn|38
|j| Keblar
|
|t:|1660220849
|switch|p1a: Hippowdon|Hippowdon, F|82/100 tox
|-damage|p1a: Hippowdon|76/100 tox|[from] Stealth Rock
|-weather|Sandstorm|[from] ability: Sand Stream|[of] p1a: Hippowdon
|move|p2a: Garchomp|Earthquake|p1a: Hippowdon
|-damage|p1a: Hippowdon|37/100 tox
|
|-weather|Sandstorm|[upkeep]
|-heal|p2a: Garchomp|82/100|[from] item: Leftovers
|-heal|p1a: Hippowdon|43/100 tox|[from] item: Leftovers
|-damage|p1a: Hippowdon|37/100 tox|[from] psn
|upkeep
|turn|39
|l| Wicket Ticket
|
|t:|1660220856
|move|p2a: Garchomp|Earthquake|p1a: Hippowdon
|-damage|p1a: Hippowdon|3/100 tox
|move|p1a: Hippowdon|Whirlwind|p2a: Garchomp
|drag|p2a: Weavile|Weavile, M|4/100
|-damage|p2a: Weavile|0 fnt|[from] Stealth Rock
|faint|p2a: Weavile
|
|-weather|Sandstorm|[upkeep]
|-heal|p1a: Hippowdon|9/100 tox|[from] item: Leftovers
|-damage|p1a: Hippowdon|0 fnt|[from] psn
|faint|p1a: Hippowdon
|upkeep
|
|t:|1660220882
|switch|p2a: Buzzwole|Buzzwole|71/100
|switch|p1a: Dragapult|Dragapult, M|24/100
|-damage|p1a: Dragapult|12/100|[from] Stealth Rock
|-damage|p2a: Buzzwole|59/100|[from] Stealth Rock
|turn|40
|
|t:|1660220889
|switch|p2a: Tapu Lele|Tapu Lele|66/100
|-fieldstart|move: Psychic Terrain|[from] ability: Psychic Surge|[of] p2a: Tapu Lele
|move|p1a: Dragapult|Shadow Ball|p2a: Tapu Lele
|-supereffective|p2a: Tapu Lele
|-damage|p2a: Tapu Lele|0 fnt
|faint|p2a: Tapu Lele
|
|-weather|Sandstorm|[upkeep]
|-damage|p1a: Dragapult|6/100|[from] Sandstorm
|upkeep
|
|t:|1660220897
|switch|p2a: Rotom|Rotom-Wash|78/100 brn
|-damage|p2a: Rotom|66/100 brn|[from] Stealth Rock
|turn|41
|
|t:|1660220901
|move|p1a: Dragapult|Shadow Ball|p2a: Rotom
|-damage|p2a: Rotom|29/100 brn
|move|p2a: Rotom|Defog|p1a: Dragapult
|-unboost|p1a: Dragapult|evasion|1
|-sideend|p1: LT92PF Lio|Stealth Rock|[from] move: Defog|[of] p2a: Rotom
|-sideend|p2: kinetic chain|Stealth Rock|[from] move: Defog|[of] p2a: Rotom
|-fieldend|move: Psychic Terrain
|
|-weather|Sandstorm|[upkeep]
|-damage|p1a: Dragapult|0 fnt|[from] Sandstorm
|-damage|p2a: Rotom|23/100 brn|[from] Sandstorm
|faint|p1a: Dragapult
|-heal|p2a: Rotom|29/100 brn|[from] item: Leftovers
|-damage|p2a: Rotom|23/100 brn|[from] brn
|upkeep
|
|t:|1660220903
|switch|p1a: Kartana|Kartana|78/100
|turn|42
|
|t:|1660220907
|move|p1a: Kartana|Leaf Blade|p2a: Rotom
|-supereffective|p2a: Rotom
|-damage|p2a: Rotom|0 fnt
|faint|p2a: Rotom
|-ability|p1a: Kartana|Beast Boost|boost
|-boost|p1a: Kartana|atk|1
|
|-weather|none
|upkeep
|
|t:|1660220908
|switch|p2a: Buzzwole|Buzzwole|59/100
|turn|43
|
|t:|1660220913
|move|p1a: Kartana|Leaf Blade|p2a: Buzzwole
|-resisted|p2a: Buzzwole
|-damage|p2a: Buzzwole|26/100
|move|p2a: Buzzwole|Roost|p2a: Buzzwole
|-heal|p2a: Buzzwole|76/100
|-singleturn|p2a: Buzzwole|move: Roost
|
|upkeep
|turn|44
|
|t:|1660220922
|move|p1a: Kartana|Leaf Blade|p2a: Buzzwole
|-resisted|p2a: Buzzwole
|-damage|p2a: Buzzwole|42/100
|move|p2a: Buzzwole|Roost|p2a: Buzzwole
|-heal|p2a: Buzzwole|92/100
|-singleturn|p2a: Buzzwole|move: Roost
|
|upkeep
|turn|45
|
|t:|1660220929
|move|p1a: Kartana|Leaf Blade|p2a: Buzzwole
|-resisted|p2a: Buzzwole
|-damage|p2a: Buzzwole|59/100
|move|p2a: Buzzwole|Close Combat|p1a: Kartana
|-supereffective|p1a: Kartana
|-damage|p1a: Kartana|0 fnt
|-unboost|p2a: Buzzwole|def|1
|-unboost|p2a: Buzzwole|spd|1
|faint|p1a: Kartana
|-ability|p2a: Buzzwole|Beast Boost|boost
|-boost|p2a: Buzzwole|def|1
|
|upkeep
|-message|LT92PF Lio forfeited.
|
|win|kinetic chain
|raw|LT92PF Lio's rating: 1793 &rarr; <strong>1777</strong><br />(-16 for losing)
|raw|kinetic chain's rating: 1867 &rarr; <strong>1883</strong><br />(+16 for winning)
|l|☆LT92PF Lio
|l|‽kinetic chain
|l| shafofficiel
|l| dwdwqd4
|l| chokst du
|l|+playerW17
|j| Ryuji-Sensei
|l| Ryuji-Sensei
||Ladder isn't responding, score probably updated but might not have (Request timeout).
|l| Keblar
|n| Isza|lt92pfisza
|l| Isza
|l| Coach Jones 6fifth
|j| Joya
