|raw|<div class="broadcast-blue"><strong>This battle is required to be public due to a player having a name starting with 'lt92pf'.</div>
|j|‽kinetic chain
|j|☆LT92PF pop smoke
|t:|1660253790
|gametype|singles
|player|p1|kinetic chain|giovanni-gen1|1915
|player|p2|LT92PF pop smoke|lyra|1903
|teamsize|p1|6
|teamsize|p2|6
|gen|8
|tier|[Gen 8] OU
|rated|
|rule|Sleep Clause Mod: Limit one foe put to sleep
|rule|Species Clause: Limit one of each Pokémon
|rule|OHKO Clause: OHKO moves are banned
|rule|Evasion Items Clause: Evasion items are banned
|rule|Evasion Moves Clause: Evasion moves are banned
|rule|Endless Battle Clause: Forcing endless battles is banned
|rule|HP Percentage Mod: HP is shown in percentages
|rule|Dynamax Clause: You cannot dynamax
|clearpoke
|poke|p1|Dragapult, F|
|poke|p1|Tapu Fini|
|poke|p1|Heatran, F|
|poke|p1|Landorus-Therian, M|
|poke|p1|Zapdos|
|poke|p1|Ferrothorn, M|
|poke|p2|Slowking-Galar, F|
|poke|p2|Buzzwole|
|poke|p2|Tyranitar, M|
|poke|p2|Excadrill, M|
|poke|p2|Tornadus-Therian, M|
|poke|p2|Volcanion|
|teampreview
|inactive|Battle timer is ON: inactive players will automatically lose when time's up. (requested by LT92PF pop smoke)
|
|t:|1660253807
|start
|switch|p1a: Zapdos|Zapdos|100/100
|switch|p2a: Tornadus|Tornadus-Therian, M|100/100
|turn|1
|j| podtastic1
|inactive|LT92PF pop smoke has 120 seconds left.
|
|t:|1660253840
|move|p2a: Tornadus|Knock Off|p1a: Zapdos
|-damage|p1a: Zapdos|78/100
|-status|p2a: Tornadus|par|[from] ability: Static|[of] p1a: Zapdos
|-enditem|p1a: Zapdos|Heavy-Duty Boots|[from] move: Knock Off|[of] p2a: Tornadus
|move|p1a: Zapdos|Volt Switch|p2a: Tornadus
|-supereffective|p2a: Tornadus
|-damage|p2a: Tornadus|31/100 par
|j| LT92PF Scottie
|j|+McMeghan
|j| Skyrio
|j| LT92PF gxkh
|l| LT92PF Scottie
|j| Micciu20250
|
|t:|1660253858
|switch|p1a: Heatran|Heatran, F|100/100|[from]move: Volt Switch
|
|upkeep
|turn|2
|j| LT92PF CALIENTAX
|
|t:|1660253870
|switch|p2a: Tyranitar|Tyranitar, M|100/100
|-weather|Sandstorm|[from] ability: Sand Stream|[of] p2a: Tyranitar
|move|p1a: Heatran|Heavy Slam|p2a: Tyranitar
|-supereffective|p2a: Tyranitar
|-damage|p2a: Tyranitar|66/100
|
|-weather|Sandstorm|[upkeep]
|upkeep
|turn|3
|j| Lunala
|j| LT92PF JP_PN
|j| irgendwasmitmeeem
|
|t:|1660253878
|switch|p1a: Landorus|Landorus-Therian, M|100/100
|-ability|p1a: Landorus|Intimidate|boost
|-unboost|p2a: Tyranitar|atk|1
|move|p2a: Tyranitar|Stone Edge|p1a: Landorus
|-damage|p1a: Landorus|41/100
|
|-weather|Sandstorm|[upkeep]
|-heal|p1a: Landorus|47/100|[from] item: Leftovers
|upkeep
|turn|4
|j| LT92PF Jack GGG
|j| lt92pf star
|
|t:|1660253883
|switch|p2a: Buzzwole|Buzzwole|100/100
|move|p1a: Landorus|U-turn|p2a: Buzzwole
|-resisted|p2a: Buzzwole
|-damage|p2a: Buzzwole|95/100
|-damage|p1a: Landorus|31/100|[from] item: Rocky Helmet|[of] p2a: Buzzwole
|j| Hyss
|
|t:|1660253886
|switch|p1a: Zapdos|Zapdos|78/100|[from]move: U-turn
|
|-weather|Sandstorm|[upkeep]
|-damage|p1a: Zapdos|72/100|[from] Sandstorm
|-damage|p2a: Buzzwole|89/100|[from] Sandstorm
|upkeep
|turn|5
|j| anub's arak
|c| LT92PF CALIENTAX|voilà le MS3D mauvais dont tu parlais en live toi
|c| LT92PF CALIENTAX|j'pense que mtn t'as compris
|j| LT92PF Sagordo
|l| LT92PF Sagordo
|c| LT92PF CALIENTAX|tu resteras doux mtn
|j| zftfctzdfof
|j| lt92pf shinra
|j| aaykk
|
|t:|1660253906
|switch|p2a: Tyranitar|Tyranitar, M|66/100
|move|p1a: Zapdos|Volt Switch|p2a: Tyranitar
|-damage|p2a: Tyranitar|42/100
|j| Riquelme14
|j| lololololoafj
|l| aaykk
|
|t:|1660253913
|switch|p1a: Landorus|Landorus-Therian, M|31/100|[from]move: Volt Switch
|-ability|p1a: Landorus|Intimidate|boost
|-unboost|p2a: Tyranitar|atk|1
|
|-weather|Sandstorm|[upkeep]
|-heal|p1a: Landorus|37/100|[from] item: Leftovers
|upkeep
|turn|6
|l| lololololoafj
|
|t:|1660253920
|switch|p2a: Buzzwole|Buzzwole|89/100
|move|p1a: Landorus|U-turn|p2a: Buzzwole
|-resisted|p2a: Buzzwole
|-damage|p2a: Buzzwole|84/100
|-damage|p1a: Landorus|20/100|[from] item: Rocky Helmet|[of] p2a: Buzzwole
|j| Ah vraiment ?
|
|t:|1660253925
|switch|p1a: Dragapult|Dragapult, F|100/100|[from]move: U-turn
|
|-weather|none
|upkeep
|turn|7
|j| LT92PF Happygate
|j| Lunarr
|
|t:|1660253950
|switch|p2a: Tyranitar|Tyranitar, M|42/100
|-weather|Sandstorm|[from] ability: Sand Stream|[of] p2a: Tyranitar
|move|p1a: Dragapult|Shadow Ball|p2a: Tyranitar
|-resisted|p2a: Tyranitar
|-damage|p2a: Tyranitar|25/100
|
|-weather|Sandstorm|[upkeep]
|-damage|p1a: Dragapult|95/100|[from] Sandstorm
|upkeep
|turn|8
|
|t:|1660253965
|switch|p1a: Landorus|Landorus-Therian, M|20/100
|-ability|p1a: Landorus|Intimidate|boost
|-unboost|p2a: Tyranitar|atk|1
|move|p2a: Tyranitar|Fire Punch|p1a: Landorus
|-damage|p1a: Landorus|0 fnt
|faint|p1a: Landorus
|
|-weather|Sandstorm|[upkeep]
|upkeep
|
|t:|1660253970
|switch|p1a: Zapdos|Zapdos|72/100
|turn|9
|
|t:|1660253978
|switch|p2a: Excadrill|Excadrill, M|100/100
|move|p1a: Zapdos|Volt Switch|p2a: Excadrill
|-immune|p2a: Excadrill
|
|-weather|Sandstorm|[upkeep]
|-damage|p1a: Zapdos|65/100|[from] Sandstorm
|upkeep
|turn|10
|
|t:|1660253990
|move|p2a: Excadrill|Swords Dance|p2a: Excadrill
|-boost|p2a: Excadrill|atk|2
|move|p1a: Zapdos|Volt Switch|p2a: Excadrill
|-immune|p2a: Excadrill
|
|-weather|Sandstorm|[upkeep]
|-damage|p1a: Zapdos|59/100|[from] Sandstorm
|upkeep
|turn|11
|
|t:|1660253993
|move|p2a: Excadrill|Earthquake|p1a: Zapdos
|-immune|p1a: Zapdos
|move|p1a: Zapdos|Heat Wave|p2a: Excadrill
|-supereffective|p2a: Excadrill
|-damage|p2a: Excadrill|14/100
|
|-weather|none
|-heal|p2a: Excadrill|20/100|[from] item: Leftovers
|upkeep
|turn|12
|j| Phxo'
|
|t:|1660254013
|switch|p2a: Slowking|Slowking-Galar, F|100/100
|move|p1a: Zapdos|Hurricane|p2a: Slowking
|-damage|p2a: Slowking|59/100
|
|-heal|p2a: Slowking|65/100|[from] item: Black Sludge
|upkeep
|turn|13
|
|t:|1660254019
|move|p1a: Zapdos|Volt Switch|p2a: Slowking
|-damage|p2a: Slowking|35/100
|
|t:|1660254022
|switch|p1a: Heatran|Heatran, F|100/100|[from]move: Volt Switch
|move|p2a: Slowking|Trick|p1a: Heatran
|-activate|p2a: Slowking|move: Trick|[of] p1a: Heatran
|-item|p1a: Heatran|Black Sludge|[from] move: Trick
|-item|p2a: Slowking|Leftovers|[from] move: Trick
|
|-damage|p1a: Heatran|88/100|[from] item: Black Sludge
|-heal|p2a: Slowking|41/100|[from] item: Leftovers
|upkeep
|turn|14
|l| LT92PF Jack GGG
|
|t:|1660254039
|switch|p2a: Volcanion|Volcanion|100/100
|move|p1a: Heatran|Earth Power|p2a: Volcanion
|-supereffective|p2a: Volcanion
|-damage|p2a: Volcanion|40/100
|
|-damage|p1a: Heatran|76/100|[from] item: Black Sludge
|upkeep
|turn|15
|
|t:|1660254052
|move|p2a: Volcanion|Steam Eruption|p1a: Heatran
|-supereffective|p1a: Heatran
|-damage|p1a: Heatran|0 fnt
|faint|p1a: Heatran
|
|upkeep
|
|t:|1660254055
|switch|p1a: Dragapult|Dragapult, F|95/100
|turn|16
|
|t:|1660254063
|switch|p2a: Tyranitar|Tyranitar, M|25/100
|-weather|Sandstorm|[from] ability: Sand Stream|[of] p2a: Tyranitar
|move|p1a: Dragapult|Shadow Ball|p2a: Tyranitar
|-resisted|p2a: Tyranitar
|-damage|p2a: Tyranitar|8/100
|
|-weather|Sandstorm|[upkeep]
|-damage|p1a: Dragapult|89/100|[from] Sandstorm
|upkeep
|turn|17
|
|t:|1660254066
|switch|p2a: Tornadus|Tornadus-Therian, M|64/100 par
|move|p1a: Dragapult|Shadow Ball|p2a: Tornadus
|-damage|p2a: Tornadus|12/100 par
|
|-weather|Sandstorm|[upkeep]
|-damage|p1a: Dragapult|83/100|[from] Sandstorm
|-damage|p2a: Tornadus|6/100 par|[from] Sandstorm
|upkeep
|turn|18
|
|t:|1660254069
|move|p1a: Dragapult|Shadow Ball|p2a: Tornadus
|-damage|p2a: Tornadus|0 fnt
|faint|p2a: Tornadus
|
|-weather|Sandstorm|[upkeep]
|-damage|p1a: Dragapult|77/100|[from] Sandstorm
|upkeep
|
|t:|1660254081
|switch|p2a: Excadrill|Excadrill, M|20/100
|turn|19
|
|t:|1660254088
|switch|p1a: Ferrothorn|Ferrothorn, M|100/100
|move|p2a: Excadrill|Stealth Rock|p1a: Ferrothorn
|-sidestart|p1: kinetic chain|move: Stealth Rock
|
|-weather|Sandstorm|[upkeep]
|-heal|p2a: Excadrill|26/100|[from] item: Leftovers
|upkeep
|turn|20
|
|t:|1660254098
|switch|p2a: Volcanion|Volcanion|40/100
|move|p1a: Ferrothorn|Stealth Rock|p2a: Volcanion
|-sidestart|p2: LT92PF pop smoke|move: Stealth Rock
|
|-weather|none
|upkeep
|turn|21
|j| Flying Beagle
|inactive|kinetic chain has 120 seconds left.
|
|t:|1660254130
|switch|p1a: Tapu Fini|Tapu Fini|100/100
|-damage|p1a: Tapu Fini|88/100|[from] Stealth Rock
|-fieldstart|move: Misty Terrain|[from] ability: Misty Surge|[of] p1a: Tapu Fini
|move|p2a: Volcanion|Steam Eruption|p1a: Tapu Fini
|-resisted|p1a: Tapu Fini
|-damage|p1a: Tapu Fini|66/100
|
|-heal|p1a: Tapu Fini|72/100|[from] item: Leftovers
|upkeep
|turn|22
|j| amogusroxyrrrr
|l| Riquelme14
|c| anub's arak|Les nerfs sont tendu!
|j| hermeos880
|inactive|LT92PF pop smoke has 120 seconds left.
|
|t:|1660254176
|move|p2a: Volcanion|Steam Eruption|p1a: Tapu Fini
|-resisted|p1a: Tapu Fini
|-damage|p1a: Tapu Fini|47/100
|move|p1a: Tapu Fini|Calm Mind|p1a: Tapu Fini
|-boost|p1a: Tapu Fini|spa|1
|-boost|p1a: Tapu Fini|spd|1
|
|-heal|p1a: Tapu Fini|54/100|[from] item: Leftovers
|upkeep
|turn|23
|j| AnakinSkyfucker
|
|t:|1660254184
|move|p2a: Volcanion|Steam Eruption|p1a: Tapu Fini
|-resisted|p1a: Tapu Fini
|-damage|p1a: Tapu Fini|39/100
|move|p1a: Tapu Fini|Draining Kiss|p2a: Volcanion
|-resisted|p2a: Volcanion
|-damage|p2a: Volcanion|25/100
|-heal|p1a: Tapu Fini|49/100|[from] drain|[of] p2a: Volcanion
|
|-heal|p1a: Tapu Fini|56/100|[from] item: Leftovers
|upkeep
|turn|24
|j| mitana
|
|t:|1660254193
|move|p2a: Volcanion|Steam Eruption|p1a: Tapu Fini
|-resisted|p1a: Tapu Fini
|-damage|p1a: Tapu Fini|40/100
|move|p1a: Tapu Fini|Calm Mind|p1a: Tapu Fini
|-boost|p1a: Tapu Fini|spa|1
|-boost|p1a: Tapu Fini|spd|1
|
|-heal|p1a: Tapu Fini|47/100|[from] item: Leftovers
|upkeep
|turn|25
|c| AnakinSkyfucker|From my point of view, the jedi are evil!
|l| LT92PF Happygate
|
|t:|1660254215
|move|p2a: Volcanion|Steam Eruption|p1a: Tapu Fini
|-resisted|p1a: Tapu Fini
|-damage|p1a: Tapu Fini|36/100
|move|p1a: Tapu Fini|Draining Kiss|p2a: Volcanion
|-resisted|p2a: Volcanion
|-damage|p2a: Volcanion|5/100
|-heal|p1a: Tapu Fini|49/100|[from] drain|[of] p2a: Volcanion
|
|-heal|p1a: Tapu Fini|55/100|[from] item: Leftovers
|-fieldend|Misty Terrain
|upkeep
|turn|26
|j| LT92PF Raizen
|
|t:|1660254219
|move|p2a: Volcanion|Toxic|p1a: Tapu Fini
|-status|p1a: Tapu Fini|tox
|move|p1a: Tapu Fini|Draining Kiss|p2a: Volcanion
|-resisted|p2a: Volcanion
|-damage|p2a: Volcanion|0 fnt
|-heal|p1a: Tapu Fini|58/100 tox|[from] drain|[of] p2a: Volcanion
|faint|p2a: Volcanion
|
|-heal|p1a: Tapu Fini|64/100 tox|[from] item: Leftovers
|-damage|p1a: Tapu Fini|58/100 tox|[from] psn
|upkeep
|j| Jongruenwald
|
|t:|1660254224
|switch|p2a: Excadrill|Excadrill, M|26/100
|-damage|p2a: Excadrill|23/100|[from] Stealth Rock
|turn|27
|
|t:|1660254232
|switch|p1a: Dragapult|Dragapult, F|77/100
|-damage|p1a: Dragapult|64/100|[from] Stealth Rock
|move|p2a: Excadrill|Rock Slide|p1a: Dragapult
|-damage|p1a: Dragapult|21/100
|
|-heal|p2a: Excadrill|29/100|[from] item: Leftovers
|upkeep
|turn|28
|inactive|LT92PF pop smoke has 120 seconds left.
|-message|LT92PF pop smoke forfeited.
|
|win|kinetic chain
|raw|kinetic chain's rating: 1915 &rarr; <strong>1934</strong><br />(+19 for winning)
|raw|LT92PF pop smoke's rating: 1903 &rarr; <strong>1884</strong><br />(-19 for losing)
|l|☆LT92PF pop smoke
|l| Jongruenwald
|l| anub's arak
|l| hermeos880
|l| Micciu20250
|l| LT92PF gxkh
|l| irgendwasmitmeeem
|l| lt92pf shinra
|l|‽kinetic chain
|j| BIHI
|l| Ah vraiment ?
|l| LT92PF CALIENTAX
|l| Lunala
|n| RaiZen1704|lt92pfraizen
|l| BIHI
||Ladder isn't responding, score probably updated but might not have (Request timeout).
|l| Hyss
|l| RaiZen1704
|j| irgendwasmitmeeem
|l| LT92PF JP_PN
|l| AnakinSkyfucker
