|raw|<div class="broadcast-blue"><strong>This battle is required to be public due to a player having a name starting with 'LT73IU'.</div>
|j|☆relic stone
|j|☆LT73IU Pheo'
|t:|1598634515
|player|p1|relic stone|lusamine-nihilego|1935
|player|p2|LT73IU Pheo'|blue-gen1|1843
|teamsize|p1|6
|teamsize|p2|6
|gametype|singles
|gen|8
|tier|[Gen 8] OU
|rated|
|clearpoke
|poke|p1|Primarina, M|
|poke|p1|Excadrill, M|
|poke|p1|Tangrowth, M|
|poke|p1|Urshifu-*, M|
|poke|p1|Toxtricity, M|
|poke|p1|Marowak-Alola, M|
|poke|p2|Excadrill, M|
|poke|p2|Rillaboom, F|
|poke|p2|Azumarill, M|
|poke|p2|Zeraora|
|poke|p2|Volcarona, F|
|poke|p2|Urshifu-*, M|
|rule|Sleep Clause Mod: Limit one foe put to sleep
|rule|Species Clause: Limit one of each Pokémon
|rule|OHKO Clause: OHKO moves are banned
|rule|Evasion Moves Clause: Evasion moves are banned
|rule|Endless Battle Clause: Forcing endless battles is banned
|rule|HP Percentage Mod: HP is shown in percentages
|rule|Dynamax Clause: You cannot dynamax
|teampreview
|j| donut land
|inactive|Battle timer is ON: inactive players will automatically lose when time's up. (requested by LT73IU Pheo')
|inactive|relic stone has 120 seconds left.
|inactive|LT73IU Pheo' has 120 seconds left.
|
|t:|1598634582
|start
|switch|p1a: Silhouette|Urshifu, M|100/100
|switch|p2a: Zeraora|Zeraora|100/100
|turn|1
|j| Jorgeta57
|inactive|relic stone has 120 seconds left.
|
|t:|1598634629
|switch|p1a: Ramen|Tangrowth, M|100/100
|move|p2a: Zeraora|Volt Switch|p1a: Ramen
|-resisted|p1a: Ramen
|-damage|p1a: Ramen|86/100
|l| Jorgeta57
|
|t:|1598634655
|switch|p2a: Rillaboom|Rillaboom, F|100/100|[from]move: Volt Switch
|-fieldstart|move: Grassy Terrain|[from] ability: Grassy Surge|[of] p2a: Rillaboom
|
|-heal|p1a: Ramen|92/100|[from] Grassy Terrain
|upkeep
|turn|2
|
|t:|1598634685
|move|p2a: Rillaboom|U-turn|p1a: Ramen
|-supereffective|p1a: Ramen
|-damage|p1a: Ramen|50/100
|-damage|p2a: Rillaboom|84/100|[from] item: Rocky Helmet|[of] p1a: Ramen
|
|t:|1598634688
|switch|p2a: Excadrill|Excadrill, M|100/100|[from]move: U-turn
|-ability|p2a: Excadrill|Mold Breaker
|move|p1a: Ramen|Sludge Bomb|p2a: Excadrill
|-immune|p2a: Excadrill
|
|-heal|p1a: Ramen|56/100|[from] Grassy Terrain
|upkeep
|turn|3
|inactive|relic stone has 90 seconds left.
|inactive|relic stone has 60 seconds left.
|
|t:|1598634742
|move|p2a: Excadrill|Toxic|p1a: Ramen
|-status|p1a: Ramen|tox
|move|p1a: Ramen|Sleep Powder|p2a: Excadrill
|-status|p2a: Excadrill|slp|[from] move: Sleep Powder
|
|-heal|p1a: Ramen|62/100 tox|[from] Grassy Terrain
|-damage|p1a: Ramen|56/100 tox|[from] psn
|upkeep
|turn|4
|
|t:|1598634761
|switch|p2a: Zeraora|Zeraora|100/100
|switch|p1a: Silhouette|Urshifu, M|100/100
|
|upkeep
|turn|5
|
|t:|1598634773
|switch|p1a: Ramen|Tangrowth, M|89/100 tox
|move|p2a: Zeraora|Volt Switch|p1a: Ramen
|-resisted|p1a: Ramen
|-damage|p1a: Ramen|74/100 tox
|
|t:|1598634785
|switch|p2a: Volcarona|Volcarona, F|100/100|[from]move: Volt Switch
|
|-heal|p1a: Ramen|80/100 tox|[from] Grassy Terrain
|-fieldend|move: Grassy Terrain
|-damage|p1a: Ramen|74/100 tox|[from] psn
|upkeep
|turn|6
|
|t:|1598634790
|switch|p1a: Celestine|Primarina, M|100/100
|move|p2a: Volcarona|Flamethrower|p1a: Celestine
|-resisted|p1a: Celestine
|-damage|p1a: Celestine|84/100
|
|-heal|p1a: Celestine|90/100|[from] item: Leftovers
|upkeep
|turn|7
|
|t:|1598634800
|switch|p2a: Rillaboom|Rillaboom, F|84/100
|-fieldstart|move: Grassy Terrain|[from] ability: Grassy Surge|[of] p2a: Rillaboom
|move|p1a: Celestine|Scald|p2a: Rillaboom
|-resisted|p2a: Rillaboom
|-crit|p2a: Rillaboom
|-damage|p2a: Rillaboom|52/100
|
|-heal|p2a: Rillaboom|58/100|[from] Grassy Terrain
|-heal|p1a: Celestine|96/100|[from] item: Leftovers
|-heal|p1a: Celestine|100/100|[from] Grassy Terrain
|upkeep
|turn|8
|
|t:|1598634804
|move|p2a: Rillaboom|Knock Off|p1a: Celestine
|-resisted|p1a: Celestine
|-damage|p1a: Celestine|76/100
|-enditem|p1a: Celestine|Leftovers|[from] move: Knock Off|[of] p2a: Rillaboom
|move|p1a: Celestine|Scald|p2a: Rillaboom
|-resisted|p2a: Rillaboom
|-damage|p2a: Rillaboom|37/100
|
|-heal|p2a: Rillaboom|43/100|[from] Grassy Terrain
|-heal|p1a: Celestine|82/100|[from] Grassy Terrain
|upkeep
|turn|9
|
|t:|1598634812
|switch|p2a: Azumarill|Azumarill, M|100/100
|move|p1a: Celestine|Scald|p2a: Azumarill
|-resisted|p2a: Azumarill
|-damage|p2a: Azumarill|83/100
|
|-heal|p1a: Celestine|88/100|[from] Grassy Terrain
|-heal|p2a: Azumarill|89/100|[from] item: Leftovers
|-heal|p2a: Azumarill|96/100|[from] Grassy Terrain
|upkeep
|turn|10
|j| Windows 98 SE
|
|t:|1598634819
|switch|p1a: Impaler|Excadrill, M, shiny|100/100
|-ability|p1a: Impaler|Mold Breaker
|switch|p2a: Zeraora|Zeraora|100/100
|
|upkeep
|turn|11
|
|t:|1598634825
|move|p2a: Zeraora|Close Combat|p1a: Impaler
|-supereffective|p1a: Impaler
|-damage|p1a: Impaler|14/100
|-unboost|p2a: Zeraora|def|1
|-unboost|p2a: Zeraora|spd|1
|move|p1a: Impaler|Stealth Rock|p2a: Zeraora
|-sidestart|p2: LT73IU Pheo'|move: Stealth Rock
|
|-heal|p1a: Impaler|20/100|[from] item: Leftovers
|-heal|p1a: Impaler|26/100|[from] Grassy Terrain
|-fieldend|move: Grassy Terrain
|upkeep
|turn|12
|
|t:|1598634834
|switch|p1a: Ramen|Tangrowth, M|100/100 tox
|move|p2a: Zeraora|Knock Off|p1a: Ramen
|-damage|p1a: Ramen|85/100 tox
|-damage|p2a: Zeraora|84/100|[from] item: Rocky Helmet|[of] p1a: Ramen
|-enditem|p1a: Ramen|Rocky Helmet|[from] move: Knock Off|[of] p2a: Zeraora
|
|-damage|p1a: Ramen|78/100 tox|[from] psn
|upkeep
|turn|13
|
|t:|1598634841
|move|p2a: Zeraora|Volt Switch|p1a: Ramen
|-resisted|p1a: Ramen
|-damage|p1a: Ramen|63/100 tox
|
|t:|1598634844
|switch|p2a: Excadrill|Excadrill, M|100/100 slp|[from]move: Volt Switch
|-damage|p2a: Excadrill|97/100 slp|[from] Stealth Rock
|-ability|p2a: Excadrill|Mold Breaker
|move|p1a: Ramen|Knock Off|p2a: Excadrill
|-damage|p2a: Excadrill|66/100 slp
|-enditem|p2a: Excadrill|Leftovers|[from] move: Knock Off|[of] p1a: Ramen
|
|-damage|p1a: Ramen|51/100 tox|[from] psn
|upkeep
|turn|14
|l| donut land
|
|t:|1598634864
|switch|p2a: Azumarill|Azumarill, M|96/100
|-damage|p2a: Azumarill|83/100|[from] Stealth Rock
|switch|p1a: Silhouette|Urshifu, M|100/100
|
|-heal|p2a: Azumarill|89/100|[from] item: Leftovers
|upkeep
|turn|15
|inactive|relic stone has 120 seconds left.
|inactive|LT73IU Pheo' has 120 seconds left.
|
|t:|1598634938
|switch|p1a: Kyotaro|Toxtricity, M|100/100
|move|p2a: Azumarill|Toxic|p1a: Kyotaro
|-immune|p1a: Kyotaro
|
|-heal|p2a: Azumarill|96/100|[from] item: Leftovers
|upkeep
|turn|16
|inactive|relic stone has 90 seconds left.
|
|t:|1598634961
|switch|p2a: Volcarona|Volcarona, F|100/100
|move|p1a: Kyotaro|Shift Gear|p1a: Kyotaro
|-boost|p1a: Kyotaro|spe|2
|-boost|p1a: Kyotaro|atk|1
|
|upkeep
|turn|17
|
|t:|1598634976
|switch|p1a: Phantom|Marowak-Alola, M, shiny|100/100
|move|p2a: Volcarona|Flamethrower|p1a: Phantom
|-resisted|p1a: Phantom
|-damage|p1a: Phantom|66/100
|
|upkeep
|turn|18
|inactive|LT73IU Pheo' has 90 seconds left.
|
|t:|1598634998
|switch|p2a: Excadrill|Excadrill, M|66/100 slp
|-damage|p2a: Excadrill|63/100 slp|[from] Stealth Rock
|-ability|p2a: Excadrill|Mold Breaker
|move|p1a: Phantom|Poltergeist||[still]
|-fail|p1a: Phantom
|
|upkeep
|turn|19
|inactive|LT73IU Pheo' has 90 seconds left.
|
|t:|1598635006
|cant|p2a: Excadrill|slp
|move|p1a: Phantom|Fire Punch|p2a: Excadrill
|-supereffective|p2a: Excadrill
|-damage|p2a: Excadrill|0 fnt
|faint|p2a: Excadrill
|
|upkeep
|
|t:|1598635009
|switch|p2a: Urshifu|Urshifu, M|100/100
|-damage|p2a: Urshifu|94/100|[from] Stealth Rock
|turn|20
|
|t:|1598635017
|move|p2a: Urshifu|Close Combat|p1a: Phantom
|-immune|p1a: Phantom
|move|p1a: Phantom|Fire Punch|p2a: Urshifu
|-damage|p2a: Urshifu|29/100
|
|upkeep
|turn|21
|inactive|relic stone has 120 seconds left.
|
|t:|1598635023
|move|p2a: Urshifu|Close Combat|p1a: Phantom
|-immune|p1a: Phantom
|move|p1a: Phantom|Substitute|p1a: Phantom
|-start|p1a: Phantom|Substitute
|-damage|p1a: Phantom|41/100
|
|upkeep
|turn|22
|-message|LT73IU Pheo' forfeited.
|
|win|relic stone
|l|☆LT73IU Pheo'
||Ladder (probably) updated, but score could not be retrieved (Request timeout).
