|j|☆Iplayfightinggames
|j|☆damorush
|t:|1645613086
|gametype|singles
|player|p1|Iplayfightinggames|blackbelt|1353
|player|p2|damorush|2|1477
|teamsize|p1|6
|teamsize|p2|6
|gen|8
|tier|[Gen 8] OU
|rated|
|rule|Sleep Clause Mod: Limit one foe put to sleep
|rule|Species Clause: Limit one of each Pokémon
|rule|OHKO Clause: OHKO moves are banned
|rule|Evasion Moves Clause: Evasion moves are banned
|rule|Endless Battle Clause: Forcing endless battles is banned
|rule|HP Percentage Mod: HP is shown in percentages
|rule|Dynamax Clause: You cannot dynamax
|clearpoke
|poke|p1|Tornadus-Therian, M|
|poke|p1|Blissey, F|
|poke|p1|Tapu Lele|
|poke|p1|Landorus-Therian, M|
|poke|p1|Buzzwole|
|poke|p1|Zeraora|
|poke|p2|Mew|
|poke|p2|Dragonite, F|
|poke|p2|Magnezone|
|poke|p2|Victini|
|poke|p2|Rillaboom, M|
|poke|p2|Tapu Lele|
|teampreview
|inactive|Battle timer is ON: inactive players will automatically lose when time's up. (requested by Iplayfightinggames)
|
|t:|1645613097
|start
|switch|p1a: Tornadus|Tornadus-Therian, M|100/100
|switch|p2a: Mew|Mew|100/100
|turn|1
|
|t:|1645613103
|move|p1a: Tornadus|Knock Off|p2a: Mew
|-supereffective|p2a: Mew
|-damage|p2a: Mew|57/100
|-enditem|p2a: Mew|Focus Sash|[from] move: Knock Off|[of] p1a: Tornadus
|move|p2a: Mew|Taunt|p1a: Tornadus
|-start|p1a: Tornadus|move: Taunt
|
|upkeep
|turn|2
|
|t:|1645613112
|move|p1a: Tornadus|Air Slash|p2a: Mew
|-damage|p2a: Mew|30/100
|move|p2a: Mew|Stealth Rock|p1a: Tornadus
|-sidestart|p1: Iplayfightinggames|move: Stealth Rock
|
|upkeep
|turn|3
|
|t:|1645613118
|move|p1a: Tornadus|U-turn|p2a: Mew
|-supereffective|p2a: Mew
|-damage|p2a: Mew|1/100
|
|t:|1645613120
|switch|p1a: Blissey|Blissey, F|100/100|[from]move: U-turn
|move|p2a: Mew|Spikes|p1a: Blissey
|-sidestart|p1: Iplayfightinggames|Spikes
|
|upkeep
|turn|4
|
|t:|1645613127
|move|p2a: Mew|Spikes|p1a: Blissey
|-sidestart|p1: Iplayfightinggames|Spikes
|move|p1a: Blissey|Seismic Toss|p2a: Mew
|-damage|p2a: Mew|0 fnt
|faint|p2a: Mew
|
|upkeep
|
|t:|1645613137
|switch|p2a: Victini|Victini|100/100
|turn|5
|
|t:|1645613141
|move|p2a: Victini|V-create|p1a: Blissey
|-damage|p1a: Blissey|30/100
|-unboost|p2a: Victini|spe|1
|-unboost|p2a: Victini|def|1
|-unboost|p2a: Victini|spd|1
|-damage|p2a: Victini|91/100|[from] item: Life Orb
|move|p1a: Blissey|Stealth Rock|p2a: Victini
|-sidestart|p2: damorush|move: Stealth Rock
|
|upkeep
|turn|6
|
|t:|1645613150
|move|p2a: Victini|Glaciate|p1a: Blissey
|-damage|p1a: Blissey|22/100
|-unboost|p1a: Blissey|spe|1
|-damage|p2a: Victini|81/100|[from] item: Life Orb
|move|p1a: Blissey|Soft-Boiled|p1a: Blissey
|-heal|p1a: Blissey|72/100
|
|upkeep
|turn|7
|
|t:|1645613161
|move|p2a: Victini|V-create|p1a: Blissey
|-damage|p1a: Blissey|2/100
|-unboost|p2a: Victini|spe|1
|-unboost|p2a: Victini|def|1
|-unboost|p2a: Victini|spd|1
|-damage|p2a: Victini|71/100|[from] item: Life Orb
|move|p1a: Blissey|Seismic Toss|p2a: Victini
|-damage|p2a: Victini|41/100
|
|upkeep
|turn|8
|
|t:|1645613171
|move|p2a: Victini|Glaciate|p1a: Blissey
|-damage|p1a: Blissey|0 fnt
|faint|p1a: Blissey
|-damage|p2a: Victini|31/100|[from] item: Life Orb
|
|upkeep
|
|t:|1645613178
|switch|p1a: Tornadus|Tornadus-Therian, M|100/100
|turn|9
|
|t:|1645613183
|move|p1a: Tornadus|Knock Off|p2a: Victini
|-supereffective|p2a: Victini
|-damage|p2a: Victini|0 fnt
|-enditem|p2a: Victini|Life Orb|[from] move: Knock Off|[of] p1a: Tornadus
|faint|p2a: Victini
|
|upkeep
|
|t:|1645613189
|switch|p2a: Magnezone|Magnezone|100/100
|-damage|p2a: Magnezone|94/100|[from] Stealth Rock
|turn|10
|
|t:|1645613195
|move|p1a: Tornadus|Heat Wave|p2a: Magnezone
|-supereffective|p2a: Magnezone
|-damage|p2a: Magnezone|30/100
|move|p2a: Magnezone|Thunderbolt|p1a: Tornadus
|-supereffective|p1a: Tornadus
|-damage|p1a: Tornadus|1/100
|
|upkeep
|turn|11
|
|t:|1645613211
|move|p1a: Tornadus|Heat Wave|p2a: Magnezone
|-supereffective|p2a: Magnezone
|-damage|p2a: Magnezone|0 fnt
|faint|p2a: Magnezone
|
|upkeep
|
|t:|1645613217
|switch|p2a: Tapu Lele|Tapu Lele|100/100
|-damage|p2a: Tapu Lele|88/100|[from] Stealth Rock
|-fieldstart|move: Psychic Terrain|[from] ability: Psychic Surge|[of] p2a: Tapu Lele
|turn|12
|
|t:|1645613225
|move|p2a: Tapu Lele|Moonblast|p1a: Tornadus
|-damage|p1a: Tornadus|0 fnt
|faint|p1a: Tornadus
|
|upkeep
|
|t:|1645613235
|switch|p1a: Tapu Lele|Tapu Lele|100/100
|-damage|p1a: Tapu Lele|84/100|[from] Spikes
|-damage|p1a: Tapu Lele|72/100|[from] Stealth Rock
|turn|13
|
|t:|1645613241
|switch|p2a: Rillaboom|Rillaboom, M|100/100
|-damage|p2a: Rillaboom|88/100|[from] Stealth Rock
|-fieldstart|move: Grassy Terrain|[from] ability: Grassy Surge|[of] p2a: Rillaboom
|move|p1a: Tapu Lele|Moonblast|p2a: Rillaboom
|-damage|p2a: Rillaboom|0 fnt
|faint|p2a: Rillaboom
|
|-heal|p1a: Tapu Lele|78/100|[from] Grassy Terrain
|upkeep
|
|t:|1645613253
|switch|p2a: Tapu Lele|Tapu Lele|88/100
|-damage|p2a: Tapu Lele|76/100|[from] Stealth Rock
|-fieldstart|move: Psychic Terrain|[from] ability: Psychic Surge|[of] p2a: Tapu Lele
|turn|14
|
|t:|1645613259
|move|p2a: Tapu Lele|Moonblast|p1a: Tapu Lele
|-crit|p1a: Tapu Lele
|-damage|p1a: Tapu Lele|2/100
|move|p1a: Tapu Lele|Moonblast|p2a: Tapu Lele
|-damage|p2a: Tapu Lele|0 fnt
|faint|p2a: Tapu Lele
|
|upkeep
|
|t:|1645613267
|switch|p2a: Dragonite|Dragonite, F|100/100
|turn|15
|
|t:|1645613271
|move|p1a: Tapu Lele|Moonblast|p2a: Dragonite
|-supereffective|p2a: Dragonite
|-damage|p2a: Dragonite|25/100
|move|p2a: Dragonite|Dragon Dance|p2a: Dragonite
|-boost|p2a: Dragonite|atk|1
|-boost|p2a: Dragonite|spe|1
|
|upkeep
|turn|16
|
|t:|1645613279
|move|p2a: Dragonite|Earthquake|p1a: Tapu Lele
|-damage|p1a: Tapu Lele|0 fnt
|faint|p1a: Tapu Lele
|
|upkeep
|
|t:|1645613281
|switch|p1a: Landorus|Landorus-Therian, M|100/100
|-damage|p1a: Landorus|88/100|[from] Stealth Rock
|-ability|p1a: Landorus|Intimidate|boost
|-unboost|p2a: Dragonite|atk|1
|turn|17
|
|t:|1645613289
|move|p2a: Dragonite|Ice Punch|p1a: Landorus
|-supereffective|p1a: Landorus
|-crit|p1a: Landorus
|-damage|p1a: Landorus|0 fnt
|faint|p1a: Landorus
|
|upkeep
|
|t:|1645613293
|switch|p1a: Buzzwole|Buzzwole|100/100
|-damage|p1a: Buzzwole|88/100|[from] Stealth Rock
|-damage|p1a: Buzzwole|71/100|[from] Spikes
|turn|18
|
|t:|1645613299
|move|p2a: Dragonite|Dual Wingbeat|p1a: Buzzwole
|-supereffective|p1a: Buzzwole
|-crit|p1a: Buzzwole
|-damage|p1a: Buzzwole|0 fnt
|-damage|p2a: Dragonite|9/100|[from] item: Rocky Helmet|[of] p1a: Buzzwole
|faint|p1a: Buzzwole
|-hitcount|p1: Buzzwole|1
|
|-fieldend|move: Psychic Terrain
|upkeep
|
|t:|1645613302
|switch|p1a: Zeraora|Zeraora|100/100
|-damage|p1a: Zeraora|84/100|[from] Spikes
|-damage|p1a: Zeraora|72/100|[from] Stealth Rock
|turn|19
|
|t:|1645613311
|move|p2a: Dragonite|Earthquake|p1a: Zeraora
|-supereffective|p1a: Zeraora
|-crit|p1a: Zeraora
|-damage|p1a: Zeraora|0 fnt
|faint|p1a: Zeraora
|
|win|damorush
|raw|Iplayfightinggames's rating: 1353 &rarr; <strong>1340</strong><br />(-13 for losing)
|raw|damorush's rating: 1477 &rarr; <strong>1490</strong><br />(+13 for winning)
