|j|☆dddjfdw
|j|☆Chickidy
|t:|1667433514
|gametype|singles
|player|p1|dddjfdw|102|1613
|player|p2|Chickidy|wattson|1568
|teamsize|p1|6
|teamsize|p2|6
|gen|8
|tier|[Gen 8] OU
|rated|
|rule|Sleep Clause Mod: Limit one foe put to sleep
|rule|Species Clause: Limit one of each Pokémon
|rule|OHKO Clause: OHKO moves are banned
|rule|Evasion Items Clause: Evasion items are banned
|rule|Evasion Moves Clause: Evasion moves are banned
|rule|Endless Battle Clause: Forcing endless battles is banned
|rule|HP Percentage Mod: HP is shown in percentages
|rule|Dynamax Clause: You cannot dynamax
|clearpoke
|poke|p1|Porygon-Z|
|poke|p1|Pelipper, F|
|poke|p1|Barraskewda, M|
|poke|p1|Urshifu-*, F|
|poke|p1|Tapu Lele|
|poke|p1|Thundurus-Therian, M|
|poke|p2|Regieleki|
|poke|p2|Ferrothorn, M|
|poke|p2|Garchomp, F|
|poke|p2|Landorus-Therian, M|
|poke|p2|Pelipper, M|
|poke|p2|Weavile, M|
|teampreview
|inactive|Battle timer is ON: inactive players will automatically lose when time's up. (requested by dddjfdw)
|
|t:|1667433529
|start
|switch|p1a: Tapu Lele|Tapu Lele|100/100
|switch|p2a: Regieleki|Regieleki|100/100
|-fieldstart|move: Psychic Terrain|[from] ability: Psychic Surge|[of] p1a: Tapu Lele
|turn|1
|j| Astorga
|
|t:|1667433553
|switch|p1a: Thundurus|Thundurus-Therian, M|100/100
|move|p2a: Regieleki|Volt Switch|p1a: Thundurus
|-immune|p1a: Thundurus|[from] ability: Volt Absorb
|
|upkeep
|turn|2
|
|t:|1667433565
|switch|p2a: Garchomp|Garchomp, F|100/100
|move|p1a: Thundurus|Sludge Bomb|p2a: Garchomp
|-resisted|p2a: Garchomp
|-damage|p2a: Garchomp|83/100
|
|-heal|p2a: Garchomp|90/100|[from] item: Leftovers
|upkeep
|turn|3
|
|t:|1667433580
|switch|p1a: Pelipper|Pelipper, F|100/100
|-weather|RainDance|[from] ability: Drizzle|[of] p1a: Pelipper
|move|p2a: Garchomp|Scale Shot|p1a: Pelipper
|-damage|p1a: Pelipper|86/100
|-damage|p1a: Pelipper|71/100
|-hitcount|p1a: Pelipper|2
|-unboost|p2a: Garchomp|def|1
|-boost|p2a: Garchomp|spe|1
|
|-weather|RainDance|[upkeep]
|-heal|p2a: Garchomp|96/100|[from] item: Leftovers
|upkeep
|turn|4
|
|t:|1667433589
|switch|p2a: Ferrothorn|Ferrothorn, M|100/100
|move|p1a: Pelipper|U-turn|p2a: Ferrothorn
|-damage|p2a: Ferrothorn|95/100
|-damage|p1a: Pelipper|59/100|[from] ability: Iron Barbs|[of] p2a: Ferrothorn
|-damage|p1a: Pelipper|43/100|[from] item: Rocky Helmet|[of] p2a: Ferrothorn
|
|t:|1667433598
|switch|p1a: Urshifu|Urshifu-Rapid-Strike, F|100/100|[from]move: U-turn
|
|-weather|RainDance|[upkeep]
|upkeep
|turn|5
|
|t:|1667433602
|switch|p2a: Landorus|Landorus-Therian, M|100/100
|-ability|p2a: Landorus|Intimidate|boost
|-unboost|p1a: Urshifu|atk|1
|move|p1a: Urshifu|Close Combat|p2a: Landorus
|-resisted|p2a: Landorus
|-damage|p2a: Landorus|70/100
|-unboost|p1a: Urshifu|def|1
|-unboost|p1a: Urshifu|spd|1
|
|-weather|RainDance|[upkeep]
|-heal|p2a: Landorus|76/100|[from] item: Leftovers
|-fieldend|move: Psychic Terrain
|upkeep
|turn|6
|
|t:|1667433619
|switch|p1a: Barraskewda|Barraskewda, M|100/100
|switch|p2a: Ferrothorn|Ferrothorn, M|95/100
|
|-weather|RainDance|[upkeep]
|upkeep
|turn|7
|
|t:|1667433626
|move|p1a: Barraskewda|Close Combat|p2a: Ferrothorn
|-supereffective|p2a: Ferrothorn
|-damage|p2a: Ferrothorn|19/100
|-unboost|p1a: Barraskewda|def|1
|-unboost|p1a: Barraskewda|spd|1
|-damage|p1a: Barraskewda|88/100|[from] ability: Iron Barbs|[of] p2a: Ferrothorn
|-damage|p1a: Barraskewda|72/100|[from] item: Rocky Helmet|[of] p2a: Ferrothorn
|move|p2a: Ferrothorn|Leech Seed|p1a: Barraskewda
|-start|p1a: Barraskewda|move: Leech Seed
|
|-weather|RainDance|[upkeep]
|-damage|p1a: Barraskewda|60/100|[from] Leech Seed|[of] p2a: Ferrothorn
|-heal|p2a: Ferrothorn|28/100|[silent]
|upkeep
|turn|8
|
|t:|1667433637
|switch|p1a: Urshifu|Urshifu-Rapid-Strike, F|100/100
|switch|p2a: Landorus|Landorus-Therian, M|76/100
|-ability|p2a: Landorus|Intimidate|boost
|-unboost|p1a: Urshifu|atk|1
|
|-weather|RainDance|[upkeep]
|-heal|p2a: Landorus|82/100|[from] item: Leftovers
|upkeep
|turn|9
|
|t:|1667433643
|move|p1a: Urshifu|U-turn|p2a: Landorus
|-resisted|p2a: Landorus
|-damage|p2a: Landorus|70/100
|
|t:|1667433648
|switch|p1a: Thundurus|Thundurus-Therian, M|100/100|[from]move: U-turn
|move|p2a: Landorus|U-turn|p1a: Thundurus
|-resisted|p1a: Thundurus
|-damage|p1a: Thundurus|82/100
|
|t:|1667433654
|switch|p2a: Weavile|Weavile, M|100/100|[from]move: U-turn
|-ability|p2a: Weavile|Pressure
|
|-weather|RainDance|[upkeep]
|upkeep
|turn|10
|
|t:|1667433663
|switch|p1a: Urshifu|Urshifu-Rapid-Strike, F|100/100
|move|p2a: Weavile|Knock Off|p1a: Urshifu
|-resisted|p1a: Urshifu
|-damage|p1a: Urshifu|75/100
|-enditem|p1a: Urshifu|Choice Band|[from] move: Knock Off|[of] p2a: Weavile
|
|-weather|none
|upkeep
|turn|11
|
|t:|1667433669
|switch|p2a: Ferrothorn|Ferrothorn, M|28/100
|move|p1a: Urshifu|U-turn|p2a: Ferrothorn
|-damage|p2a: Ferrothorn|14/100
|-damage|p1a: Urshifu|63/100|[from] ability: Iron Barbs|[of] p2a: Ferrothorn
|-damage|p1a: Urshifu|47/100|[from] item: Rocky Helmet|[of] p2a: Ferrothorn
|
|t:|1667433674
|switch|p1a: Porygon-Z|Porygon-Z|100/100|[from]move: U-turn
|-ability|p1a: Porygon-Z|Download|boost
|-boost|p1a: Porygon-Z|spa|1
|
|upkeep
|turn|12
|
|t:|1667433682
|move|p1a: Porygon-Z|Tri Attack|p2a: Ferrothorn
|-resisted|p2a: Ferrothorn
|-damage|p2a: Ferrothorn|0 fnt
|faint|p2a: Ferrothorn
|
|upkeep
|inactive|Chickidy has 120 seconds left.
|
|t:|1667433715
|switch|p2a: Garchomp|Garchomp, F|96/100
|turn|13
|
|t:|1667433717
|move|p2a: Garchomp|Earthquake|p1a: Porygon-Z
|-damage|p1a: Porygon-Z|17/100
|move|p1a: Porygon-Z|Tri Attack|p2a: Garchomp
|-damage|p2a: Garchomp|0 fnt
|faint|p2a: Garchomp
|
|upkeep
|
|t:|1667433720
|switch|p2a: Regieleki|Regieleki|100/100
|turn|14
|
|t:|1667433724
|switch|p1a: Thundurus|Thundurus-Therian, M|82/100
|move|p2a: Regieleki|Ancient Power|p1a: Thundurus
|-supereffective|p1a: Thundurus
|-damage|p1a: Thundurus|35/100
|
|upkeep
|turn|15
|
|t:|1667433733
|switch|p1a: Pelipper|Pelipper, F|43/100
|-weather|RainDance|[from] ability: Drizzle|[of] p1a: Pelipper
|move|p2a: Regieleki|Ancient Power|p1a: Pelipper
|-supereffective|p1a: Pelipper
|-damage|p1a: Pelipper|11/100
|
|-weather|RainDance|[upkeep]
|upkeep
|turn|16
|
|t:|1667433745
|move|p2a: Regieleki|Ancient Power|p1a: Pelipper
|-supereffective|p1a: Pelipper
|-damage|p1a: Pelipper|0 fnt
|faint|p1a: Pelipper
|
|-weather|RainDance|[upkeep]
|upkeep
|
|t:|1667433747
|switch|p1a: Barraskewda|Barraskewda, M|60/100
|turn|17
|
|t:|1667433767
|switch|p2a: Landorus|Landorus-Therian, M|70/100
|-ability|p2a: Landorus|Intimidate|boost
|-unboost|p1a: Barraskewda|atk|1
|move|p1a: Barraskewda|Flip Turn|p2a: Landorus
|-supereffective|p2a: Landorus
|-damage|p2a: Landorus|0 fnt
|faint|p2a: Landorus
|
|t:|1667433783
|switch|p1a: Tapu Lele|Tapu Lele|100/100|[from]move: Flip Turn
|-fieldstart|move: Psychic Terrain|[from] ability: Psychic Surge|[of] p1a: Tapu Lele
|
|-weather|RainDance|[upkeep]
|upkeep
|
|t:|1667433799
|switch|p2a: Pelipper|Pelipper, M|100/100
|turn|18
|
|t:|1667433816
|move|p1a: Tapu Lele|Psychic|p2a: Pelipper
|-damage|p2a: Pelipper|0 fnt
|faint|p2a: Pelipper
|
|-weather|RainDance|[upkeep]
|upkeep
|
|t:|1667433831
|switch|p2a: Weavile|Weavile, M|100/100
|-ability|p2a: Weavile|Pressure
|turn|19
|
|t:|1667433848
|switch|p1a: Urshifu|Urshifu-Rapid-Strike, F|47/100
|move|p2a: Weavile|Swords Dance|p2a: Weavile
|-boost|p2a: Weavile|atk|2
|
|-weather|RainDance|[upkeep]
|upkeep
|turn|20
|
|t:|1667433857
|move|p1a: Urshifu|Aqua Jet|p2a: Weavile
|-activate|p2a: Weavile|move: Psychic Terrain
|move|p2a: Weavile|Triple Axel|p1a: Urshifu
|-resisted|p1a: Urshifu
|-damage|p1a: Urshifu|37/100
|-resisted|p1a: Urshifu
|-damage|p1a: Urshifu|18/100
|-resisted|p1a: Urshifu
|-damage|p1a: Urshifu|0 fnt
|faint|p1a: Urshifu
|-hitcount|p1: Urshifu|3
|
|-weather|RainDance|[upkeep]
|upkeep
|
|t:|1667433863
|switch|p1a: Tapu Lele|Tapu Lele|100/100
|turn|21
|
|t:|1667433867
|move|p1a: Tapu Lele|Moonblast|p2a: Weavile
|-supereffective|p2a: Weavile
|-damage|p2a: Weavile|0 fnt
|faint|p2a: Weavile
|
|-weather|RainDance|[upkeep]
|-fieldend|move: Psychic Terrain
|upkeep
|
|t:|1667433869
|switch|p2a: Regieleki|Regieleki|100/100
|turn|22
|
|t:|1667433875
|move|p2a: Regieleki|Ancient Power|p1a: Tapu Lele
|-damage|p1a: Tapu Lele|82/100
|move|p1a: Tapu Lele|Moonblast|p2a: Regieleki
|-damage|p2a: Regieleki|0 fnt
|faint|p2a: Regieleki
|
|win|dddjfdw
|raw|dddjfdw's rating: 1613 &rarr; <strong>1630</strong><br />(+17 for winning)
|raw|Chickidy's rating: 1568 &rarr; <strong>1551</strong><br />(-17 for losing)
|l|☆Chickidy
|l| Astorga
||Ladder isn't responding, score probably updated but might not have (Request timeout).
