|j|☆Stunfisk2140
|j|☆dovesoap2
|t:|1644897746
|gametype|singles
|player|p1|Stunfisk2140|2|1593
|player|p2|dovesoap2|archer|1615
|teamsize|p1|6
|teamsize|p2|6
|gen|8
|tier|[Gen 8] OU
|rated|
|rule|Sleep Clause Mod: Limit one foe put to sleep
|rule|Species Clause: Limit one of each Pokémon
|rule|OHKO Clause: OHKO moves are banned
|rule|Evasion Moves Clause: Evasion moves are banned
|rule|Endless Battle Clause: Forcing endless battles is banned
|rule|HP Percentage Mod: HP is shown in percentages
|rule|Dynamax Clause: You cannot dynamax
|clearpoke
|poke|p1|Klefki, M|
|poke|p1|Landorus-Therian, M|
|poke|p1|Urshifu-*, M|
|poke|p1|Bisharp, M|
|poke|p1|Latios, M|
|poke|p1|Regieleki|
|poke|p2|Landorus-Therian, M|
|poke|p2|Clefable, F|
|poke|p2|Tornadus-Therian, M|
|poke|p2|Melmetal|
|poke|p2|Toxapex, M|
|poke|p2|Kartana|
|teampreview
|inactive|Battle timer is ON: inactive players will automatically lose when time's up. (requested by Stunfisk2140)
|
|t:|1644897759
|start
|switch|p1a: Silver Fang|Urshifu-Rapid-Strike, M|100/100
|switch|p2a: Landorus|Landorus-Therian, M|100/100
|-ability|p2a: Landorus|Intimidate|boost
|-unboost|p1a: Silver Fang|atk|1
|turn|1
|
|t:|1644897768
|switch|p2a: Toxapex|Toxapex, M, shiny|100/100
|move|p1a: Silver Fang|U-turn|p2a: Toxapex
|-resisted|p2a: Toxapex
|-damage|p2a: Toxapex|93/100
|
|t:|1644897776
|switch|p1a: I Am Sped|Regieleki|100/100|[from]move: U-turn
|
|-heal|p2a: Toxapex|99/100|[from] item: Black Sludge
|upkeep
|turn|2
|
|t:|1644897783
|switch|p1a: Thicc Thighs Melm|Bisharp, M|100/100
|switch|p2a: Landorus|Landorus-Therian, M|100/100
|-ability|p2a: Landorus|Intimidate|boost
|-unboost|p1a: Thicc Thighs Melm|atk|1
|-ability|p1a: Thicc Thighs Melm|Defiant
|-boost|p1a: Thicc Thighs Melm|atk|2
|
|upkeep
|turn|3
|
|t:|1644897794
|switch|p2a: Kartana|Kartana|100/100
|move|p1a: Thicc Thighs Melm|Knock Off|p2a: Kartana
|-damage|p2a: Kartana|19/100
|-enditem|p2a: Kartana|Leftovers|[from] move: Knock Off|[of] p1a: Thicc Thighs Melm
|-damage|p1a: Thicc Thighs Melm|91/100|[from] item: Life Orb
|
|upkeep
|turn|4
|
|t:|1644897803
|move|p1a: Thicc Thighs Melm|Sucker Punch||[still]
|-fail|p1a: Thicc Thighs Melm
|move|p2a: Kartana|Swords Dance|p2a: Kartana
|-boost|p2a: Kartana|atk|2
|
|upkeep
|turn|5
|
|t:|1644897809
|move|p2a: Kartana|Swords Dance|p2a: Kartana
|-boost|p2a: Kartana|atk|2
|move|p1a: Thicc Thighs Melm|Knock Off|p2a: Kartana
|-damage|p2a: Kartana|0 fnt
|faint|p2a: Kartana
|-damage|p1a: Thicc Thighs Melm|81/100|[from] item: Life Orb
|
|upkeep
|j| youhuanbingshi
|
|t:|1644897813
|switch|p2a: Tornadus|Tornadus-Therian, M|100/100
|turn|6
|j| Colarity
|
|t:|1644897820
|move|p1a: Thicc Thighs Melm|Sucker Punch|p2a: Tornadus
|-damage|p2a: Tornadus|0 fnt
|faint|p2a: Tornadus
|-damage|p1a: Thicc Thighs Melm|71/100|[from] item: Life Orb
|
|upkeep
|-message|dovesoap2 forfeited.
|
|win|Stunfisk2140
|raw|Stunfisk2140's rating: 1593 &rarr; <strong>1614</strong><br />(+21 for winning)
|raw|dovesoap2's rating: 1615 &rarr; <strong>1594</strong><br />(-21 for losing)
|l|☆dovesoap2
|l| Colarity
|j| Levi41_
