|j|☆Anbu Aquablade
|j|☆GuardArc
|t:|1629936705
|gametype|singles
|player|p1|Anbu Aquablade|1|
|player|p2|GuardArc|lance-gen3|
|teamsize|p1|6
|teamsize|p2|6
|gen|8
|tier|[Gen 8] OU
|rule|Sleep Clause Mod: Limit one foe put to sleep
|rule|Species Clause: Limit one of each Pokémon
|rule|OHKO Clause: OHKO moves are banned
|rule|Evasion Moves Clause: Evasion moves are banned
|rule|Endless Battle Clause: Forcing endless battles is banned
|rule|HP Percentage Mod: HP is shown in percentages
|rule|Dynamax Clause: You cannot dynamax
|clearpoke
|poke|p1|Terrakion|
|poke|p1|Roserade, M|
|poke|p1|Hydreigon, F|
|poke|p1|Corviknight, M|
|poke|p1|Tapu Fini|
|poke|p1|Victini|
|poke|p2|Tapu Lele|
|poke|p2|Garchomp, F|
|poke|p2|Volcarona, M|
|poke|p2|Toxapex, M|
|poke|p2|Heatran, M|
|poke|p2|Mandibuzz, F|
|teampreview
|
|t:|1629936729
|start
|switch|p1a: Tapu Fini|Tapu Fini|100/100
|switch|p2a: Garchomp|Garchomp, F|100/100
|-fieldstart|move: Misty Terrain|[from] ability: Misty Surge|[of] p1a: Tapu Fini
|turn|1
|
|t:|1629936739
|switch|p2a: Tapu Lele|Tapu Lele|100/100
|-fieldstart|move: Psychic Terrain|[from] ability: Psychic Surge|[of] p2a: Tapu Lele
|move|p1a: Tapu Fini|Surf|p2a: Tapu Lele
|-damage|p2a: Tapu Lele|62/100
|
|upkeep
|turn|2
|
|t:|1629936747
|switch|p1a: Victini|Victini|100/100
|move|p2a: Tapu Lele|Moonblast|p1a: Victini
|-resisted|p1a: Victini
|-damage|p1a: Victini|60/100
|
|upkeep
|turn|3
|
|t:|1629936757
|switch|p2a: Garchomp|Garchomp, F|100/100
|move|p1a: Victini|U-turn|p2a: Garchomp
|-damage|p2a: Garchomp|70/100
|-damage|p1a: Victini|47/100|[from] ability: Rough Skin|[of] p2a: Garchomp
|
|t:|1629936770
|switch|p1a: Tapu Fini|Tapu Fini|100/100|[from]move: U-turn
|-fieldstart|move: Misty Terrain|[from] ability: Misty Surge|[of] p1a: Tapu Fini
|
|-heal|p2a: Garchomp|76/100|[from] item: Leftovers
|upkeep
|turn|4
|
|t:|1629936784
|switch|p2a: Toxapex|Toxapex, M|100/100
|move|p1a: Tapu Fini|Surf|p2a: Toxapex
|-resisted|p2a: Toxapex
|-damage|p2a: Toxapex|85/100
|
|upkeep
|turn|5
|
|t:|1629936790
|move|p1a: Tapu Fini|Taunt|p2a: Toxapex
|-start|p2a: Toxapex|move: Taunt
|move|p2a: Toxapex|Scald|p1a: Tapu Fini
|-resisted|p1a: Tapu Fini
|-damage|p1a: Tapu Fini|93/100
|
|-heal|p1a: Tapu Fini|99/100|[from] item: Leftovers
|upkeep
|turn|6
|
|t:|1629936803
|switch|p2a: Tapu Lele|Tapu Lele|62/100
|-fieldstart|move: Psychic Terrain|[from] ability: Psychic Surge|[of] p2a: Tapu Lele
|move|p1a: Tapu Fini|Calm Mind|p1a: Tapu Fini
|-boost|p1a: Tapu Fini|spa|1
|-boost|p1a: Tapu Fini|spd|1
|
|-heal|p1a: Tapu Fini|100/100|[from] item: Leftovers
|upkeep
|turn|7
|
|t:|1629936818
|move|p2a: Tapu Lele|Psyshock|p1a: Tapu Fini
|-damage|p1a: Tapu Fini|23/100
|move|p1a: Tapu Fini|Draining Kiss|p2a: Tapu Lele
|-damage|p2a: Tapu Lele|26/100
|-heal|p1a: Tapu Fini|49/100|[from] drain|[of] p2a: Tapu Lele
|
|-heal|p1a: Tapu Fini|55/100|[from] item: Leftovers
|upkeep
|turn|8
|
|t:|1629936829
|switch|p1a: Victini|Victini|47/100
|move|p2a: Tapu Lele|Psyshock|p1a: Victini
|-resisted|p1a: Victini
|-damage|p1a: Victini|4/100
|
|upkeep
|turn|9
|
|t:|1629936838
|switch|p2a: Toxapex|Toxapex, M|100/100
|move|p1a: Victini|U-turn|p2a: Toxapex
|-resisted|p2a: Toxapex
|-damage|p2a: Toxapex|92/100
|-damage|p1a: Victini|0 fnt|[from] item: Rocky Helmet|[of] p2a: Toxapex
|faint|p1a: Victini
|
|upkeep
|
|t:|1629936848
|switch|p1a: Roserade|Roserade, M|100/100
|turn|10
|
|t:|1629936852
|switch|p2a: Mandibuzz|Mandibuzz, F|100/100
|move|p1a: Roserade|Sleep Powder|p2a: Mandibuzz
|-immune|p2a: Mandibuzz|[from] ability: Overcoat
|
|-fieldend|move: Psychic Terrain
|upkeep
|turn|11
|
|t:|1629936864
|switch|p1a: Terrakion|Terrakion|100/100
|move|p2a: Mandibuzz|U-turn|p1a: Terrakion
|-resisted|p1a: Terrakion
|-damage|p1a: Terrakion|94/100
|
|t:|1629936873
|switch|p2a: Garchomp|Garchomp, F|76/100|[from]move: U-turn
|
|-heal|p2a: Garchomp|82/100|[from] item: Leftovers
|upkeep
|turn|12
|
|t:|1629936895
|switch|p1a: Hydreigon|Hydreigon, F|100/100
|move|p2a: Garchomp|Earthquake|p1a: Hydreigon
|-immune|p1a: Hydreigon|[from] ability: Levitate
|
|-heal|p2a: Garchomp|88/100|[from] item: Leftovers
|upkeep
|turn|13
|
|t:|1629936907
|switch|p2a: Mandibuzz|Mandibuzz, F|100/100
|switch|p1a: Tapu Fini|Tapu Fini|55/100
|-fieldstart|move: Misty Terrain|[from] ability: Misty Surge|[of] p1a: Tapu Fini
|
|-heal|p1a: Tapu Fini|61/100|[from] item: Leftovers
|upkeep
|turn|14
|
|t:|1629936923
|move|p1a: Tapu Fini|Surf|p2a: Mandibuzz
|-damage|p2a: Mandibuzz|71/100
|move|p2a: Mandibuzz|U-turn|p1a: Tapu Fini
|-resisted|p1a: Tapu Fini
|-damage|p1a: Tapu Fini|55/100
|
|t:|1629936927
|switch|p2a: Tapu Lele|Tapu Lele|26/100|[from]move: U-turn
|-fieldstart|move: Psychic Terrain|[from] ability: Psychic Surge|[of] p2a: Tapu Lele
|
|-heal|p1a: Tapu Fini|61/100|[from] item: Leftovers
|upkeep
|turn|15
|
|t:|1629936946
|switch|p1a: Corviknight|Corviknight, M|100/100
|-ability|p1a: Corviknight|Pressure
|move|p2a: Tapu Lele|Moonblast|p1a: Corviknight
|-resisted|p1a: Corviknight
|-damage|p1a: Corviknight|72/100
|
|upkeep
|turn|16
|
|t:|1629936971
|switch|p2a: Heatran|Heatran, M|100/100
|move|p1a: Corviknight|Body Press|p2a: Heatran
|-supereffective|p2a: Heatran
|-damage|p2a: Heatran|71/100
|
|-heal|p2a: Heatran|77/100|[from] item: Leftovers
|upkeep
|turn|17
|
|t:|1629936987
|switch|p1a: Tapu Fini|Tapu Fini|61/100
|-fieldstart|move: Misty Terrain|[from] ability: Misty Surge|[of] p1a: Tapu Fini
|move|p2a: Heatran|Magma Storm|p1a: Tapu Fini
|-resisted|p1a: Tapu Fini
|-damage|p1a: Tapu Fini|41/100
|-activate|p1a: Tapu Fini|move: Magma Storm|[of] p2a: Heatran
|
|-heal|p1a: Tapu Fini|47/100|[from] item: Leftovers
|-heal|p2a: Heatran|83/100|[from] item: Leftovers
|-damage|p1a: Tapu Fini|35/100|[from] move: Magma Storm|[partiallytrapped]
|upkeep
|turn|18
|
|t:|1629936999
|move|p1a: Tapu Fini|Surf|p2a: Heatran
|-supereffective|p2a: Heatran
|-damage|p2a: Heatran|36/100
|move|p2a: Heatran|Taunt|p1a: Tapu Fini
|-start|p1a: Tapu Fini|move: Taunt
|
|-heal|p1a: Tapu Fini|41/100|[from] item: Leftovers
|-heal|p2a: Heatran|42/100|[from] item: Leftovers
|-damage|p1a: Tapu Fini|28/100|[from] move: Magma Storm|[partiallytrapped]
|upkeep
|turn|19
|
|t:|1629937011
|switch|p2a: Mandibuzz|Mandibuzz, F|71/100
|move|p1a: Tapu Fini|Surf|p2a: Mandibuzz
|-damage|p2a: Mandibuzz|43/100
|
|-heal|p1a: Tapu Fini|34/100|[from] item: Leftovers
|-end|p1a: Tapu Fini|Magma Storm|[partiallytrapped]|[silent]
|upkeep
|turn|20
|
|t:|1629937019
|move|p1a: Tapu Fini|Draining Kiss|p2a: Mandibuzz
|-supereffective|p2a: Mandibuzz
|-damage|p2a: Mandibuzz|13/100
|-heal|p1a: Tapu Fini|68/100|[from] drain|[of] p2a: Mandibuzz
|move|p2a: Mandibuzz|Roost|p2a: Mandibuzz
|-heal|p2a: Mandibuzz|63/100
|-singleturn|p2a: Mandibuzz|move: Roost
|
|-heal|p1a: Tapu Fini|74/100|[from] item: Leftovers
|upkeep
|turn|21
|
|t:|1629937035
|move|p1a: Tapu Fini|Surf|p2a: Mandibuzz
|-damage|p2a: Mandibuzz|37/100
|move|p2a: Mandibuzz|U-turn|p1a: Tapu Fini
|-resisted|p1a: Tapu Fini
|-damage|p1a: Tapu Fini|69/100
|
|t:|1629937039
|switch|p2a: Tapu Lele|Tapu Lele|26/100|[from]move: U-turn
|-fieldstart|move: Psychic Terrain|[from] ability: Psychic Surge|[of] p2a: Tapu Lele
|
|-heal|p1a: Tapu Fini|75/100|[from] item: Leftovers
|-end|p1a: Tapu Fini|move: Taunt
|upkeep
|turn|22
|
|t:|1629937049
|switch|p1a: Corviknight|Corviknight, M|72/100
|-ability|p1a: Corviknight|Pressure
|move|p2a: Tapu Lele|Psychic|p1a: Corviknight
|-resisted|p1a: Corviknight
|-damage|p1a: Corviknight|37/100
|
|upkeep
|turn|23
|
|t:|1629937065
|move|p2a: Tapu Lele|Psychic|p1a: Corviknight
|-resisted|p1a: Corviknight
|-damage|p1a: Corviknight|2/100
|move|p1a: Corviknight|Roost|p1a: Corviknight
|-heal|p1a: Corviknight|52/100
|-singleturn|p1a: Corviknight|move: Roost
|
|upkeep
|turn|24
|
|t:|1629937073
|switch|p2a: Volcarona|Volcarona, M|100/100
|move|p1a: Corviknight|Roost|p1a: Corviknight
|-heal|p1a: Corviknight|100/100
|-singleturn|p1a: Corviknight|move: Roost
|
|upkeep
|turn|25
|
|t:|1629937083
|switch|p1a: Terrakion|Terrakion|94/100
|move|p2a: Volcarona|Quiver Dance|p2a: Volcarona
|-boost|p2a: Volcarona|spa|1
|-boost|p2a: Volcarona|spd|1
|-boost|p2a: Volcarona|spe|1
|
|-fieldend|move: Psychic Terrain
|upkeep
|turn|26
|
|t:|1629937092
|switch|p2a: Toxapex|Toxapex, M|100/100
|move|p1a: Terrakion|Rock Slide|p2a: Toxapex
|-damage|p2a: Toxapex|79/100
|
|upkeep
|turn|27
|
|t:|1629937106
|switch|p1a: Hydreigon|Hydreigon, F|100/100
|move|p2a: Toxapex|Scald|p1a: Hydreigon
|-resisted|p1a: Hydreigon
|-damage|p1a: Hydreigon|92/100
|-status|p1a: Hydreigon|brn
|
|-damage|p1a: Hydreigon|86/100 brn|[from] brn
|upkeep
|turn|28
|
|t:|1629937133
|move|p1a: Hydreigon|Dark Pulse|p2a: Toxapex
|-damage|p2a: Toxapex|35/100
|-damage|p1a: Hydreigon|76/100 brn|[from] item: Life Orb
|cant|p2a: Toxapex|flinch
|
|-damage|p1a: Hydreigon|70/100 brn|[from] brn
|upkeep
|turn|29
|
|t:|1629937143
|switch|p2a: Mandibuzz|Mandibuzz, F|37/100
|move|p1a: Hydreigon|Draco Meteor|p2a: Mandibuzz
|-damage|p2a: Mandibuzz|0 fnt
|-unboost|p1a: Hydreigon|spa|2
|faint|p2a: Mandibuzz
|-damage|p1a: Hydreigon|60/100 brn|[from] item: Life Orb
|
|-damage|p1a: Hydreigon|54/100 brn|[from] brn
|upkeep
|
|t:|1629937185
|switch|p2a: Garchomp|Garchomp, F|88/100
|turn|30
|
|t:|1629937196
|switch|p1a: Corviknight|Corviknight, M|100/100
|-ability|p1a: Corviknight|Pressure
|move|p2a: Garchomp|Earthquake|p1a: Corviknight
|-immune|p1a: Corviknight
|
|-heal|p2a: Garchomp|94/100|[from] item: Leftovers
|upkeep
|turn|31
|
|t:|1629937209
|move|p2a: Garchomp|Swords Dance|p2a: Garchomp
|-boost|p2a: Garchomp|atk|2
|move|p1a: Corviknight|Bulk Up|p1a: Corviknight
|-boost|p1a: Corviknight|atk|1
|-boost|p1a: Corviknight|def|1
|
|-heal|p2a: Garchomp|100/100|[from] item: Leftovers
|upkeep
|turn|32
|
|t:|1629937221
|move|p2a: Garchomp|Swords Dance|p2a: Garchomp
|-boost|p2a: Garchomp|atk|2
|move|p1a: Corviknight|Body Press|p2a: Garchomp
|-damage|p2a: Garchomp|71/100
|-damage|p1a: Corviknight|88/100|[from] ability: Rough Skin|[of] p2a: Garchomp
|
|-heal|p2a: Garchomp|77/100|[from] item: Leftovers
|upkeep
|turn|33
|
|t:|1629937241
|move|p2a: Garchomp|Scale Shot|p1a: Corviknight
|-resisted|p1a: Corviknight
|-damage|p1a: Corviknight|77/100
|-resisted|p1a: Corviknight
|-damage|p1a: Corviknight|67/100
|-resisted|p1a: Corviknight
|-damage|p1a: Corviknight|57/100
|-hitcount|p1a: Corviknight|3
|-unboost|p2a: Garchomp|def|1
|-boost|p2a: Garchomp|spe|1
|move|p1a: Corviknight|Body Press|p2a: Garchomp
|-damage|p2a: Garchomp|35/100
|-damage|p1a: Corviknight|44/100|[from] ability: Rough Skin|[of] p2a: Garchomp
|
|-heal|p2a: Garchomp|41/100|[from] item: Leftovers
|upkeep
|turn|34
|
|t:|1629937257
|move|p2a: Garchomp|Stone Edge|p1a: Corviknight|[miss]
|-miss|p2a: Garchomp|p1a: Corviknight
|move|p1a: Corviknight|Body Press|p2a: Garchomp
|-damage|p2a: Garchomp|1/100
|-damage|p1a: Corviknight|32/100|[from] ability: Rough Skin|[of] p2a: Garchomp
|
|-heal|p2a: Garchomp|8/100|[from] item: Leftovers
|upkeep
|turn|35
|
|t:|1629937268
|move|p2a: Garchomp|Stone Edge|p1a: Corviknight
|-damage|p1a: Corviknight|0 fnt
|faint|p1a: Corviknight
|
|-heal|p2a: Garchomp|14/100|[from] item: Leftovers
|upkeep
|
|t:|1629937275
|switch|p1a: Hydreigon|Hydreigon, F|54/100 brn
|turn|36
|
|t:|1629937280
|move|p2a: Garchomp|Scale Shot|p1a: Hydreigon
|-supereffective|p1a: Hydreigon
|-damage|p1a: Hydreigon|0 fnt
|faint|p1a: Hydreigon
|-hitcount|p1: Hydreigon|1
|-unboost|p2a: Garchomp|def|1
|-boost|p2a: Garchomp|spe|1
|
|-heal|p2a: Garchomp|20/100|[from] item: Leftovers
|upkeep
|
|t:|1629937290
|switch|p1a: Tapu Fini|Tapu Fini|75/100
|-fieldstart|move: Misty Terrain|[from] ability: Misty Surge|[of] p1a: Tapu Fini
|turn|37
|
|t:|1629937303
|move|p2a: Garchomp|Earthquake|p1a: Tapu Fini
|-damage|p1a: Tapu Fini|0 fnt
|faint|p1a: Tapu Fini
|
|-heal|p2a: Garchomp|26/100|[from] item: Leftovers
|upkeep
|c|☆Anbu Aquablade|Gg
|c|☆GuardArc|gg wp
|
|t:|1629937310
|switch|p1a: Roserade|Roserade, M|100/100
|turn|38
|
|t:|1629937312
|move|p2a: Garchomp|Earthquake|p1a: Roserade
|-damage|p1a: Roserade|0 fnt
|faint|p1a: Roserade
|
|-heal|p2a: Garchomp|32/100|[from] item: Leftovers
|upkeep
|
|t:|1629937320
|switch|p1a: Terrakion|Terrakion|94/100
|turn|39
|
|t:|1629937325
|move|p2a: Garchomp|Earthquake|p1a: Terrakion
|-supereffective|p1a: Terrakion
|-damage|p1a: Terrakion|0 fnt
|faint|p1a: Terrakion
|
|win|GuardArc
