|j|☆beaniebaby77
|j|☆yung_iznamakin
|t:|1650633134
|gametype|singles
|player|p1|beaniebaby77|hiker-gen4|1487
|player|p2|yung_iznamakin|red|1484
|teamsize|p1|6
|teamsize|p2|6
|gen|8
|tier|[Gen 8] OU
|rated|
|rule|Sleep Clause Mod: Limit one foe put to sleep
|rule|Species Clause: Limit one of each Pokémon
|rule|OHKO Clause: OHKO moves are banned
|rule|Evasion Moves Clause: Evasion moves are banned
|rule|Endless Battle Clause: Forcing endless battles is banned
|rule|HP Percentage Mod: HP is shown in percentages
|rule|Dynamax Clause: You cannot dynamax
|clearpoke
|poke|p1|Weavile, M|
|poke|p1|Tapu Lele|
|poke|p1|Kartana|
|poke|p1|Landorus-Therian, M|
|poke|p1|Tapu Fini|
|poke|p1|Zapdos|
|poke|p2|Skarmory, F|
|poke|p2|Zapdos-Galar|
|poke|p2|Zeraora|
|poke|p2|Blissey, F|
|poke|p2|Volcarona, M|
|poke|p2|Slowbro, M|
|teampreview
|
|t:|1650633144
|start
|switch|p1a: Zapdos|Zapdos|100/100
|switch|p2a: Skarmory|Skarmory, F|100/100
|turn|1
|
|t:|1650633148
|switch|p2a: Blissey|Blissey, F|100/100
|move|p1a: Zapdos|Volt Switch|p2a: Blissey
|-damage|p2a: Blissey|89/100
|inactive|Battle timer is ON: inactive players will automatically lose when time's up. (requested by yung_iznamakin)
|
|t:|1650633159
|switch|p1a: Tapu Fini|Tapu Fini|100/100|[from]move: Volt Switch
|-fieldstart|move: Misty Terrain|[from] ability: Misty Surge|[of] p1a: Tapu Fini
|
|upkeep
|turn|2
|
|t:|1650633170
|switch|p2a: Slowbro|Slowbro, M|100/100
|move|p1a: Tapu Fini|Taunt|p2a: Slowbro
|-start|p2a: Slowbro|move: Taunt
|
|upkeep
|turn|3
|
|t:|1650633176
|switch|p2a: Zeraora|Zeraora|100/100
|move|p1a: Tapu Fini|Whirlpool|p2a: Zeraora|[miss]
|-miss|p1a: Tapu Fini|p2a: Zeraora
|
|upkeep
|turn|4
|
|t:|1650633182
|switch|p1a: Landorus|Landorus-Therian, M|100/100
|-ability|p1a: Landorus|Intimidate|boost
|-unboost|p2a: Zeraora|atk|1
|move|p2a: Zeraora|Knock Off|p1a: Landorus
|-damage|p1a: Landorus|82/100
|-enditem|p1a: Landorus|Leftovers|[from] move: Knock Off|[of] p2a: Zeraora
|
|upkeep
|turn|5
|
|t:|1650633189
|switch|p2a: Skarmory|Skarmory, F|100/100
|move|p1a: Landorus|U-turn|p2a: Skarmory
|-resisted|p2a: Skarmory
|-damage|p2a: Skarmory|97/100
|-damage|p1a: Landorus|65/100|[from] item: Rocky Helmet|[of] p2a: Skarmory
|
|t:|1650633194
|switch|p1a: Tapu Lele|Tapu Lele|100/100|[from]move: U-turn
|-fieldstart|move: Psychic Terrain|[from] ability: Psychic Surge|[of] p1a: Tapu Lele
|
|upkeep
|turn|6
|
|t:|1650633202
|switch|p2a: Zeraora|Zeraora|100/100
|move|p1a: Tapu Lele|Focus Blast|p2a: Zeraora|[miss]
|-miss|p1a: Tapu Lele|p2a: Zeraora
|
|upkeep
|turn|7
|
|t:|1650633209
|switch|p2a: Slowbro|Slowbro, M|100/100
|switch|p1a: Landorus|Landorus-Therian, M|65/100
|-ability|p1a: Landorus|Intimidate|boost
|-unboost|p2a: Slowbro|atk|1
|
|upkeep
|turn|8
|
|t:|1650633215
|move|p1a: Landorus|Stealth Rock|p2a: Slowbro
|-sidestart|p2: yung_iznamakin|move: Stealth Rock
|move|p2a: Slowbro|Scald|p1a: Landorus
|-supereffective|p1a: Landorus
|-damage|p1a: Landorus|21/100
|
|upkeep
|turn|9
|
|t:|1650633220
|move|p1a: Landorus|U-turn|p2a: Slowbro
|-supereffective|p2a: Slowbro
|-crit|p2a: Slowbro
|-damage|p2a: Slowbro|58/100
|-damage|p1a: Landorus|5/100|[from] item: Rocky Helmet|[of] p2a: Slowbro
|
|t:|1650633231
|switch|p1a: Zapdos|Zapdos|100/100|[from]move: U-turn
|move|p2a: Slowbro|Slack Off|p2a: Slowbro
|-heal|p2a: Slowbro|100/100
|
|-fieldend|move: Psychic Terrain
|upkeep
|turn|10
|
|t:|1650633238
|switch|p2a: Blissey|Blissey, F|89/100
|move|p1a: Zapdos|Hurricane|p2a: Blissey|[miss]
|-miss|p1a: Zapdos|p2a: Blissey
|
|upkeep
|turn|11
|
|t:|1650633243
|move|p1a: Zapdos|Volt Switch|p2a: Blissey
|-damage|p2a: Blissey|79/100
|
|t:|1650633246
|switch|p1a: Tapu Lele|Tapu Lele|100/100|[from]move: Volt Switch
|-fieldstart|move: Psychic Terrain|[from] ability: Psychic Surge|[of] p1a: Tapu Lele
|move|p2a: Blissey|Teleport|p2a: Blissey
|
|t:|1650633250
|switch|p2a: Zeraora|Zeraora|100/100|[from]move: Teleport
|
|upkeep
|turn|12
|
|t:|1650633254
|switch|p1a: Zapdos|Zapdos|100/100
|move|p2a: Zeraora|Knock Off|p1a: Zapdos
|-damage|p1a: Zapdos|77/100
|-enditem|p1a: Zapdos|Heavy-Duty Boots|[from] move: Knock Off|[of] p2a: Zeraora
|
|upkeep
|turn|13
|
|t:|1650633260
|move|p2a: Zeraora|Plasma Fists|p1a: Zapdos
|-damage|p1a: Zapdos|37/100
|-fieldactivate|move: Ion Deluge
|-hint|Normal-type moves become Electric-type after using Plasma Fists.
|move|p1a: Zapdos|Roost|p1a: Zapdos
|-heal|p1a: Zapdos|87/100
|-singleturn|p1a: Zapdos|move: Roost
|
|upkeep
|turn|14
|
|t:|1650633268
|move|p2a: Zeraora|Bulk Up|p2a: Zeraora
|-boost|p2a: Zeraora|atk|1
|-boost|p2a: Zeraora|def|1
|move|p1a: Zapdos|Hurricane|p2a: Zeraora|[miss]
|-miss|p1a: Zapdos|p2a: Zeraora
|
|upkeep
|turn|15
|
|t:|1650633277
|switch|p1a: Tapu Lele|Tapu Lele|100/100
|move|p2a: Zeraora|Bulk Up|p2a: Zeraora
|-boost|p2a: Zeraora|atk|1
|-boost|p2a: Zeraora|def|1
|
|-fieldend|move: Psychic Terrain
|upkeep
|turn|16
|
|t:|1650633283
|move|p2a: Zeraora|Plasma Fists|p1a: Tapu Lele
|-damage|p1a: Tapu Lele|0 fnt
|-fieldactivate|move: Ion Deluge
|-hint|Normal-type moves become Electric-type after using Plasma Fists.
|faint|p1a: Tapu Lele
|
|upkeep
|
|t:|1650633305
|switch|p1a: Kartana|Kartana|100/100
|turn|17
|
|t:|1650633310
|move|p1a: Kartana|Sacred Sword|p2a: Zeraora
|-damage|p2a: Zeraora|49/100
|move|p2a: Zeraora|Close Combat|p1a: Kartana
|-supereffective|p1a: Kartana
|-damage|p1a: Kartana|0 fnt
|-unboost|p2a: Zeraora|def|1
|-unboost|p2a: Zeraora|spd|1
|faint|p1a: Kartana
|
|upkeep
|
|t:|1650633324
|switch|p1a: Weavile|Weavile, M|100/100
|-ability|p1a: Weavile|Pressure
|turn|18
|
|t:|1650633328
|move|p2a: Zeraora|Plasma Fists|p1a: Weavile
|-damage|p1a: Weavile|0 fnt
|-fieldactivate|move: Ion Deluge
|-hint|Normal-type moves become Electric-type after using Plasma Fists.
|faint|p1a: Weavile
|
|upkeep
|-message|beaniebaby77 forfeited.
|
|win|yung_iznamakin
|raw|beaniebaby77's rating: 1487 &rarr; <strong>1467</strong><br />(-20 for losing)
|raw|yung_iznamakin's rating: 1484 &rarr; <strong>1504</strong><br />(+20 for winning)
|l|☆beaniebaby77
|j|☆beaniebaby77
|player|p1|beaniebaby77|hiker-gen4
|l|☆yung_iznamakin
