|j|‽minimax_ai
|j|☆Pitaye
|t:|1667409656
|gametype|singles
|player|p1|minimax_ai|266|1550
|player|p2|Pitaye|psychicf-gen4|1610
|teamsize|p1|6
|teamsize|p2|6
|gen|8
|tier|[Gen 8] OU
|rated|
|rule|Sleep Clause Mod: Limit one foe put to sleep
|rule|Species Clause: Limit one of each Pokémon
|rule|OHKO Clause: OHKO moves are banned
|rule|Evasion Items Clause: Evasion items are banned
|rule|Evasion Moves Clause: Evasion moves are banned
|rule|Endless Battle Clause: Forcing endless battles is banned
|rule|HP Percentage Mod: HP is shown in percentages
|rule|Dynamax Clause: You cannot dynamax
|clearpoke
|poke|p1|Rotom-Wash|
|poke|p1|Weavile, M|
|poke|p1|Landorus-Therian, M|
|poke|p1|Heatran, M|
|poke|p1|Tangrowth, F|
|poke|p1|Melmetal|
|poke|p2|Landorus-Therian, M|
|poke|p2|Tyranitar, F|
|poke|p2|Tapu Koko|
|poke|p2|Victini|
|poke|p2|Slowbro, M|
|poke|p2|Ferrothorn, M|
|teampreview
|inactive|Battle timer is ON: inactive players will automatically lose when time's up. (requested by minimax_ai)
|
|t:|1667409672
|start
|switch|p1a: Landorus|Landorus-Therian, M|100/100
|switch|p2a: Tapu Koko|Tapu Koko|100/100
|-fieldstart|move: Electric Terrain|[from] ability: Electric Surge|[of] p2a: Tapu Koko
|-ability|p1a: Landorus|Intimidate|boost
|-unboost|p2a: Tapu Koko|atk|1
|turn|1
|
|t:|1667409675
|move|p2a: Tapu Koko|U-turn|p1a: Landorus
|-resisted|p1a: Landorus
|-damage|p1a: Landorus|95/100
|
|t:|1667409685
|switch|p2a: Ferrothorn|Ferrothorn, M|100/100|[from]move: U-turn
|move|p1a: Landorus|Earthquake|p2a: Ferrothorn
|-damage|p2a: Ferrothorn|73/100
|
|-heal|p1a: Landorus|100/100|[from] item: Leftovers
|upkeep
|turn|2
|
|t:|1667409690
|move|p1a: Landorus|Earthquake|p2a: Ferrothorn
|-damage|p2a: Ferrothorn|45/100
|move|p2a: Ferrothorn|Knock Off|p1a: Landorus
|-damage|p1a: Landorus|79/100
|-enditem|p1a: Landorus|Leftovers|[from] move: Knock Off|[of] p2a: Ferrothorn
|
|upkeep
|turn|3
|
|t:|1667409692
|move|p1a: Landorus|U-turn|p2a: Ferrothorn
|-damage|p2a: Ferrothorn|32/100
|-damage|p1a: Landorus|67/100|[from] ability: Iron Barbs|[of] p2a: Ferrothorn
|-damage|p1a: Landorus|50/100|[from] item: Rocky Helmet|[of] p2a: Ferrothorn
|
|t:|1667409693
|switch|p1a: Tangrowth|Tangrowth, F|100/100|[from]move: U-turn
|move|p2a: Ferrothorn|Leech Seed|p1a: Tangrowth
|-immune|p1a: Tangrowth
|
|upkeep
|turn|4
|
|t:|1667409699
|switch|p2a: Victini|Victini|100/100
|move|p1a: Tangrowth|Focus Blast|p2a: Victini
|-resisted|p2a: Victini
|-damage|p2a: Victini|86/100
|
|upkeep
|turn|5
|
|t:|1667409710
|switch|p1a: Landorus|Landorus-Therian, M|50/100
|-ability|p1a: Landorus|Intimidate|boost
|-unboost|p2a: Victini|atk|1
|move|p2a: Victini|U-turn|p1a: Landorus
|-resisted|p1a: Landorus
|-damage|p1a: Landorus|44/100
|
|t:|1667409725
|switch|p2a: Slowbro|Slowbro, M|100/100|[from]move: U-turn
|
|-fieldend|move: Electric Terrain
|upkeep
|turn|6
|
|t:|1667409730
|move|p1a: Landorus|U-turn|p2a: Slowbro
|-supereffective|p2a: Slowbro
|-damage|p2a: Slowbro|64/100
|-damage|p1a: Landorus|27/100|[from] item: Rocky Helmet|[of] p2a: Slowbro
|
|t:|1667409730
|switch|p1a: Rotom|Rotom-Wash|100/100|[from]move: U-turn
|move|p2a: Slowbro|Future Sight|p1a: Rotom
|-start|p2a: Slowbro|move: Future Sight
|
|upkeep
|turn|7
|
|t:|1667409735
|move|p1a: Rotom|Nasty Plot|p1a: Rotom
|-boost|p1a: Rotom|spa|2
|move|p2a: Slowbro|Teleport|p2a: Slowbro
|
|t:|1667409746
|switch|p2a: Tapu Koko|Tapu Koko|100/100|[from]move: Teleport
|-fieldstart|move: Electric Terrain|[from] ability: Electric Surge|[of] p2a: Tapu Koko
|
|upkeep
|turn|8
|
|t:|1667409751
|move|p2a: Tapu Koko|Thunderbolt|p1a: Rotom
|-damage|p1a: Rotom|49/100
|move|p1a: Rotom|Hydro Pump|p2a: Tapu Koko
|-damage|p2a: Tapu Koko|0 fnt
|faint|p2a: Tapu Koko
|
|-end|p1a: Rotom|move: Future Sight
|-damage|p1a: Rotom|3/100
|-heal|p1a: Rotom|10/100|[from] item: Leftovers
|upkeep
|
|t:|1667409759
|switch|p2a: Victini|Victini|86/100
|turn|9
|
|t:|1667409767
|switch|p1a: Landorus|Landorus-Therian, M|27/100
|-ability|p1a: Landorus|Intimidate|boost
|-unboost|p2a: Victini|atk|1
|move|p2a: Victini|Bolt Strike|p1a: Landorus
|-immune|p1a: Landorus
|
|upkeep
|turn|10
|
|t:|1667409770
|move|p2a: Victini|Glaciate|p1a: Landorus
|-supereffective|p1a: Landorus
|-damage|p1a: Landorus|0 fnt
|faint|p1a: Landorus
|
|upkeep
|
|t:|1667409770
|switch|p1a: Weavile|Weavile, M|100/100
|-ability|p1a: Weavile|Pressure
|turn|11
|
|t:|1667409773
|switch|p2a: Ferrothorn|Ferrothorn, M|32/100
|move|p1a: Weavile|Knock Off|p2a: Ferrothorn
|-damage|p2a: Ferrothorn|0 fnt
|-damage|p1a: Weavile|88/100|[from] ability: Iron Barbs|[of] p2a: Ferrothorn
|-damage|p1a: Weavile|72/100|[from] item: Rocky Helmet|[of] p2a: Ferrothorn
|-enditem|p2a: Ferrothorn|Rocky Helmet|[from] move: Knock Off|[of] p1a: Weavile
|faint|p2a: Ferrothorn
|
|-fieldend|move: Electric Terrain
|upkeep
|
|t:|1667409781
|switch|p2a: Lillith|Tyranitar, F|100/100
|-weather|Sandstorm|[from] ability: Sand Stream|[of] p2a: Lillith
|turn|12
|
|t:|1667409786
|switch|p1a: Tangrowth|Tangrowth, F|100/100
|move|p2a: Lillith|Crunch|p1a: Tangrowth
|-damage|p1a: Tangrowth|65/100
|-damage|p2a: Lillith|84/100|[from] item: Rocky Helmet|[of] p1a: Tangrowth
|
|-weather|Sandstorm|[upkeep]
|-damage|p1a: Tangrowth|59/100|[from] Sandstorm
|upkeep
|turn|13
|
|t:|1667409791
|switch|p2a: Lapérouse|Landorus-Therian, M|100/100
|-ability|p2a: Lapérouse|Intimidate|boost
|-unboost|p1a: Tangrowth|atk|1
|move|p1a: Tangrowth|Giga Drain|p2a: Lapérouse
|-damage|p2a: Lapérouse|71/100
|-heal|p1a: Tangrowth|73/100|[from] drain|[of] p2a: Lapérouse
|
|-weather|Sandstorm|[upkeep]
|-damage|p1a: Tangrowth|66/100|[from] Sandstorm
|-heal|p2a: Lapérouse|77/100|[from] item: Leftovers
|upkeep
|turn|14
|
|t:|1667409796
|move|p2a: Lapérouse|U-turn|p1a: Tangrowth
|-supereffective|p1a: Tangrowth
|-damage|p1a: Tangrowth|46/100
|-damage|p2a: Lapérouse|61/100|[from] item: Rocky Helmet|[of] p1a: Tangrowth
|
|t:|1667409798
|switch|p2a: Lillith|Tyranitar, F|84/100|[from]move: U-turn
|move|p1a: Tangrowth|Giga Drain|p2a: Lillith
|-supereffective|p2a: Lillith
|-damage|p2a: Lillith|54/100
|-heal|p1a: Tangrowth|60/100|[from] drain|[of] p2a: Lillith
|
|-weather|Sandstorm|[upkeep]
|-damage|p1a: Tangrowth|54/100|[from] Sandstorm
|upkeep
|turn|15
|
|t:|1667409802
|move|p2a: Lillith|Stone Edge|p1a: Tangrowth
|-crit|p1a: Tangrowth
|-damage|p1a: Tangrowth|0 fnt
|faint|p1a: Tangrowth
|
|-weather|Sandstorm|[upkeep]
|upkeep
|
|t:|1667409802
|switch|p1a: Rotom|Rotom-Wash|10/100
|turn|16
|
|t:|1667409814
|switch|p2a: Victini|Victini|86/100
|move|p1a: Rotom|Hydro Pump|p2a: Victini
|-supereffective|p2a: Victini
|-damage|p2a: Victini|1/100
|
|-weather|none
|-heal|p1a: Rotom|16/100|[from] item: Leftovers
|upkeep
|turn|17
|
|t:|1667409819
|switch|p1a: Heatran|Heatran, M|100/100
|-item|p1a: Heatran|Air Balloon
|move|p2a: Victini|Bolt Strike|p1a: Heatran
|-damage|p1a: Heatran|62/100
|-enditem|p1a: Heatran|Air Balloon
|
|upkeep
|turn|18
|
|t:|1667409827
|move|p2a: Victini|U-turn|p1a: Heatran
|-resisted|p1a: Heatran
|-damage|p1a: Heatran|57/100
|
|t:|1667409831
|switch|p2a: Slowbro|Slowbro, M|97/100|[from]move: U-turn
|move|p1a: Heatran|Magma Storm|p2a: Slowbro
|-resisted|p2a: Slowbro
|-damage|p2a: Slowbro|78/100
|-activate|p2a: Slowbro|move: Magma Storm|[of] p1a: Heatran
|
|-damage|p2a: Slowbro|65/100|[from] move: Magma Storm|[partiallytrapped]
|upkeep
|turn|19
|
|t:|1667409834
|switch|p1a: Rotom|Rotom-Wash|16/100
|move|p2a: Slowbro|Scald|p1a: Rotom
|-resisted|p1a: Rotom
|-damage|p1a: Rotom|2/100
|
|-heal|p1a: Rotom|8/100|[from] item: Leftovers
|-end|p2a: Slowbro|Magma Storm|[partiallytrapped]|[silent]
|upkeep
|turn|20
|inactive|Pitaye has 120 seconds left.
|
|t:|1667409865
|move|p1a: Rotom|Thunderbolt|p2a: Slowbro
|-supereffective|p2a: Slowbro
|-damage|p2a: Slowbro|10/100
|move|p2a: Slowbro|Slack Off|p2a: Slowbro
|-heal|p2a: Slowbro|60/100
|
|-heal|p1a: Rotom|14/100|[from] item: Leftovers
|upkeep
|turn|21
|
|t:|1667409872
|switch|p2a: Lillith|Tyranitar, F|54/100
|-weather|Sandstorm|[from] ability: Sand Stream|[of] p2a: Lillith
|move|p1a: Rotom|Thunderbolt|p2a: Lillith
|-damage|p2a: Lillith|35/100
|
|-weather|Sandstorm|[upkeep]
|-damage|p1a: Rotom|8/100|[from] Sandstorm
|-heal|p1a: Rotom|14/100|[from] item: Leftovers
|upkeep
|turn|22
|
|t:|1667409881
|move|p1a: Rotom|Hydro Pump|p2a: Lillith|[miss]
|-miss|p1a: Rotom|p2a: Lillith
|move|p2a: Lillith|Crunch|p1a: Rotom
|-damage|p1a: Rotom|0 fnt
|faint|p1a: Rotom
|
|-weather|Sandstorm|[upkeep]
|upkeep
|
|t:|1667409881
|switch|p1a: Melmetal|Melmetal|100/100
|turn|23
|
|t:|1667409883
|switch|p2a: Slowbro|Slowbro, M|93/100
|move|p1a: Melmetal|Thunder Punch|p2a: Slowbro
|-supereffective|p2a: Slowbro
|-damage|p2a: Slowbro|37/100
|-damage|p1a: Melmetal|84/100|[from] item: Rocky Helmet|[of] p2a: Slowbro
|
|-weather|Sandstorm|[upkeep]
|-damage|p2a: Slowbro|31/100|[from] Sandstorm
|upkeep
|turn|24
|
|t:|1667409890
|switch|p2a: Lapérouse|Landorus-Therian, M|61/100
|-ability|p2a: Lapérouse|Intimidate|boost
|-unboost|p1a: Melmetal|atk|1
|move|p1a: Melmetal|Double Iron Bash|p2a: Lapérouse
|-damage|p2a: Lapérouse|40/100
|-damage|p2a: Lapérouse|18/100
|-hitcount|p2a: Lapérouse|2
|
|-weather|Sandstorm|[upkeep]
|-heal|p2a: Lapérouse|24/100|[from] item: Leftovers
|upkeep
|turn|25
|
|t:|1667409898
|move|p2a: Lapérouse|Earth Power|p1a: Melmetal
|-supereffective|p1a: Melmetal
|-damage|p1a: Melmetal|52/100
|-unboost|p1a: Melmetal|spd|1
|move|p1a: Melmetal|Double Iron Bash|p2a: Lapérouse
|-damage|p2a: Lapérouse|4/100
|-damage|p2a: Lapérouse|0 fnt
|faint|p2a: Lapérouse
|-hitcount|p2: Lapérouse|2
|
|-weather|none
|upkeep
|
|t:|1667409905
|switch|p2a: Slowbro|Slowbro, M|64/100
|turn|26
|
|t:|1667409910
|move|p1a: Melmetal|Thunder Punch|p2a: Slowbro
|-supereffective|p2a: Slowbro
|-damage|p2a: Slowbro|28/100
|-damage|p1a: Melmetal|36/100|[from] item: Rocky Helmet|[of] p2a: Slowbro
|move|p2a: Slowbro|Scald|p1a: Melmetal
|-damage|p1a: Melmetal|13/100
|
|upkeep
|turn|27
|
|t:|1667409916
|switch|p1a: Heatran|Heatran, M|57/100
|move|p2a: Slowbro|Slack Off|p2a: Slowbro
|-heal|p2a: Slowbro|78/100
|
|upkeep
|turn|28
|
|t:|1667409922
|move|p1a: Heatran|Magma Storm|p2a: Slowbro|[miss]
|-miss|p1a: Heatran|p2a: Slowbro
|move|p2a: Slowbro|Scald|p1a: Heatran
|-supereffective|p1a: Heatran
|-damage|p1a: Heatran|0 fnt
|faint|p1a: Heatran
|
|upkeep
|
|t:|1667409922
|switch|p1a: Weavile|Weavile, M|72/100
|-ability|p1a: Weavile|Pressure
|turn|29
|
|t:|1667409939
|switch|p2a: Victini|Victini|1/100
|move|p1a: Weavile|Knock Off|p2a: Victini
|-supereffective|p2a: Victini
|-damage|p2a: Victini|0 fnt
|-enditem|p2a: Victini|Heavy-Duty Boots|[from] move: Knock Off|[of] p1a: Weavile
|faint|p2a: Victini
|
|upkeep
|
|t:|1667409940
|switch|p2a: Lillith|Tyranitar, F|35/100
|-weather|Sandstorm|[from] ability: Sand Stream|[of] p2a: Lillith
|turn|30
|
|t:|1667409942
|switch|p1a: Melmetal|Melmetal|13/100
|move|p2a: Lillith|Superpower|p1a: Melmetal
|-supereffective|p1a: Melmetal
|-damage|p1a: Melmetal|0 fnt
|-unboost|p2a: Lillith|atk|1
|-unboost|p2a: Lillith|def|1
|faint|p1a: Melmetal
|
|-weather|Sandstorm|[upkeep]
|upkeep
|
|t:|1667409942
|switch|p1a: Weavile|Weavile, M|72/100
|-ability|p1a: Weavile|Pressure
|turn|31
|
|t:|1667409945
|switch|p2a: Slowbro|Slowbro, M|100/100
|move|p1a: Weavile|Knock Off|p2a: Slowbro
|-supereffective|p2a: Slowbro
|-damage|p2a: Slowbro|0 fnt
|-damage|p1a: Weavile|55/100|[from] item: Rocky Helmet|[of] p2a: Slowbro
|-enditem|p2a: Slowbro|Rocky Helmet|[from] move: Knock Off|[of] p1a: Weavile
|faint|p2a: Slowbro
|
|-weather|Sandstorm|[upkeep]
|-damage|p1a: Weavile|49/100|[from] Sandstorm
|upkeep
|
|t:|1667409948
|switch|p2a: Lillith|Tyranitar, F|35/100
|turn|32
|
|t:|1667409950
|move|p1a: Weavile|Knock Off|p2a: Lillith
|-resisted|p2a: Lillith
|-damage|p2a: Lillith|4/100
|-enditem|p2a: Lillith|Choice Band|[from] move: Knock Off|[of] p1a: Weavile
|move|p2a: Lillith|Superpower|p1a: Weavile
|-supereffective|p1a: Weavile
|-damage|p1a: Weavile|0 fnt
|-unboost|p2a: Lillith|atk|1
|-unboost|p2a: Lillith|def|1
|faint|p1a: Weavile
|
|win|Pitaye
|raw|minimax_ai's rating: 1550 &rarr; <strong>1533</strong><br />(-17 for losing)
|raw|Pitaye's rating: 1610 &rarr; <strong>1627</strong><br />(+17 for winning)
