|j|☆Jirachi75
|j|☆Kaleor
|t:|1635711543
|gametype|singles
|player|p1|Jirachi75|1|1476
|player|p2|Kaleor|swimmer-gen4dp|1533
|teamsize|p1|6
|teamsize|p2|6
|gen|8
|tier|[Gen 8] OU
|rated|
|rule|Sleep Clause Mod: Limit one foe put to sleep
|rule|Species Clause: Limit one of each Pokémon
|rule|OHKO Clause: OHKO moves are banned
|rule|Evasion Moves Clause: Evasion moves are banned
|rule|Endless Battle Clause: Forcing endless battles is banned
|rule|HP Percentage Mod: HP is shown in percentages
|rule|Dynamax Clause: You cannot dynamax
|clearpoke
|poke|p1|Torkoal, F|
|poke|p1|Darmanitan, F|
|poke|p1|Kyurem|
|poke|p1|Whimsicott, M|
|poke|p1|Slowbro, F|
|poke|p1|Snorlax, M|
|poke|p2|Polteageist|
|poke|p2|Dragonite, F|
|poke|p2|Dragapult, M|
|poke|p2|Tapu Koko|
|poke|p2|Scolipede, M|
|poke|p2|Blacephalon|
|teampreview
|inactive|Battle timer is ON: inactive players will automatically lose when time's up. (requested by Kaleor)
|
|t:|1635711553
|start
|switch|p1a: Torkoal|Torkoal, F|100/100
|switch|p2a: Tapu Koko|Tapu Koko|100/100
|-fieldstart|move: Electric Terrain|[from] ability: Electric Surge|[of] p2a: Tapu Koko
|-weather|SunnyDay|[from] ability: Drought|[of] p1a: Torkoal
|turn|1
|inactive|Jirachi75 has 120 seconds left.
|
|t:|1635711584
|move|p2a: Tapu Koko|Taunt|p1a: Torkoal
|-start|p1a: Torkoal|move: Taunt
|cant|p1a: Torkoal|move: Taunt|Stealth Rock
|
|-weather|SunnyDay|[upkeep]
|upkeep
|turn|2
|
|t:|1635711589
|move|p2a: Tapu Koko|Light Screen|p2a: Tapu Koko
|-sidestart|p2: Kaleor|move: Light Screen
|move|p1a: Torkoal|Lava Plume|p2a: Tapu Koko
|-damage|p2a: Tapu Koko|80/100
|-status|p2a: Tapu Koko|brn
|
|-weather|SunnyDay|[upkeep]
|-damage|p2a: Tapu Koko|73/100 brn|[from] brn
|upkeep
|turn|3
|
|t:|1635711597
|move|p2a: Tapu Koko|Reflect|p2a: Tapu Koko
|-sidestart|p2: Kaleor|Reflect
|move|p1a: Torkoal|Lava Plume|p2a: Tapu Koko
|-damage|p2a: Tapu Koko|52/100 brn
|
|-weather|SunnyDay|[upkeep]
|-damage|p2a: Tapu Koko|45/100 brn|[from] brn
|-end|p1a: Torkoal|move: Taunt
|upkeep
|turn|4
|
|t:|1635711606
|move|p2a: Tapu Koko|Taunt|p1a: Torkoal
|-start|p1a: Torkoal|move: Taunt
|move|p1a: Torkoal|Lava Plume|p2a: Tapu Koko
|-damage|p2a: Tapu Koko|23/100 brn
|
|-weather|SunnyDay|[upkeep]
|-damage|p2a: Tapu Koko|17/100 brn|[from] brn
|upkeep
|turn|5
|
|t:|1635711615
|move|p2a: Tapu Koko|Taunt||[still]
|-fail|p2a: Tapu Koko
|move|p1a: Torkoal|Lava Plume|p2a: Tapu Koko
|-damage|p2a: Tapu Koko|0 fnt
|faint|p2a: Tapu Koko
|
|-weather|SunnyDay|[upkeep]
|-fieldend|move: Electric Terrain
|upkeep
|
|t:|1635711628
|switch|p2a: Blacephalon|Blacephalon, shiny|100/100
|turn|6
|
|t:|1635711637
|switch|p1a: Big Sleepy Guoba|Snorlax, M|100/100
|move|p2a: Blacephalon|Calm Mind|p2a: Blacephalon
|-boost|p2a: Blacephalon|spa|1
|-boost|p2a: Blacephalon|spd|1
|
|-weather|SunnyDay|[upkeep]
|upkeep
|turn|7
|
|t:|1635711647
|move|p2a: Blacephalon|Flame Charge|p1a: Big Sleepy Guoba
|-damage|p1a: Big Sleepy Guoba|89/100
|-boost|p2a: Blacephalon|spe|1
|move|p1a: Big Sleepy Guoba|Darkest Lariat|p2a: Blacephalon
|-supereffective|p2a: Blacephalon
|-damage|p2a: Blacephalon|49/100
|
|-weather|SunnyDay|[upkeep]
|-heal|p1a: Big Sleepy Guoba|95/100|[from] item: Leftovers
|upkeep
|turn|8
|
|t:|1635711656
|move|p2a: Blacephalon|Flamethrower|p1a: Big Sleepy Guoba
|-damage|p1a: Big Sleepy Guoba|65/100
|move|p1a: Big Sleepy Guoba|Darkest Lariat|p2a: Blacephalon
|-supereffective|p2a: Blacephalon
|-damage|p2a: Blacephalon|0 fnt
|faint|p2a: Blacephalon
|
|-weather|none
|-heal|p1a: Big Sleepy Guoba|71/100|[from] item: Leftovers
|upkeep
|
|t:|1635711662
|switch|p2a: Scolipede|Scolipede, M|100/100
|turn|9
|
|t:|1635711669
|switch|p1a: Whimsicott|Whimsicott, M|100/100
|move|p2a: Scolipede|Swords Dance|p2a: Scolipede
|-boost|p2a: Scolipede|atk|2
|
|-sideend|p2: Kaleor|move: Light Screen
|-ability|p2a: Scolipede|Speed Boost|boost
|-boost|p2a: Scolipede|spe|1
|upkeep
|turn|10
|
|t:|1635711677
|move|p1a: Whimsicott|Encore|p2a: Scolipede
|-start|p2a: Scolipede|Encore
|move|p2a: Scolipede|Swords Dance|p2a: Scolipede
|-boost|p2a: Scolipede|atk|2
|
|-sideend|p2: Kaleor|Reflect
|-ability|p2a: Scolipede|Speed Boost|boost
|-boost|p2a: Scolipede|spe|1
|upkeep
|turn|11
|
|t:|1635711684
|move|p2a: Scolipede|Swords Dance|p2a: Scolipede
|-boost|p2a: Scolipede|atk|2
|move|p1a: Whimsicott|U-turn|p2a: Scolipede
|-resisted|p2a: Scolipede
|-damage|p2a: Scolipede|93/100
|
|t:|1635711691
|switch|p1a: Darmanitan|Darmanitan, F|100/100|[from]move: U-turn
|
|-ability|p2a: Scolipede|Speed Boost|boost
|-boost|p2a: Scolipede|spe|1
|upkeep
|turn|12
|
|t:|1635711696
|move|p2a: Scolipede|Swords Dance|p2a: Scolipede
|-boost|p2a: Scolipede|atk|0
|move|p1a: Darmanitan|Flare Blitz|p2a: Scolipede
|-supereffective|p2a: Scolipede
|-damage|p2a: Scolipede|0 fnt
|faint|p2a: Scolipede
|-damage|p1a: Darmanitan|78/100|[from] Recoil
|
|upkeep
|
|t:|1635711704
|switch|p2a: Dragonite|Dragonite, F|100/100
|turn|13
|
|t:|1635711708
|switch|p1a: Slowbro|Slowbro, F|100/100
|move|p2a: Dragonite|Dragon Dance|p2a: Dragonite
|-boost|p2a: Dragonite|atk|1
|-boost|p2a: Dragonite|spe|1
|
|upkeep
|turn|14
|
|t:|1635711715
|move|p2a: Dragonite|Earthquake|p1a: Slowbro
|-damage|p1a: Slowbro|69/100
|move|p1a: Slowbro|Ice Beam|p2a: Dragonite
|-supereffective|p2a: Dragonite
|-damage|p2a: Dragonite|55/100
|
|upkeep
|turn|15
|
|t:|1635711721
|move|p2a: Dragonite|Earthquake|p1a: Slowbro
|-damage|p1a: Slowbro|37/100
|move|p1a: Slowbro|Ice Beam|p2a: Dragonite
|-supereffective|p2a: Dragonite
|-damage|p2a: Dragonite|0 fnt
|faint|p2a: Dragonite
|
|upkeep
|
|t:|1635711724
|switch|p2a: Polteageist|Polteageist, shiny|100/100
|turn|16
|
|t:|1635711730
|switch|p1a: Whimsicott|Whimsicott, M|100/100
|move|p2a: Polteageist|Shell Smash|p2a: Polteageist
|-unboost|p2a: Polteageist|def|1
|-unboost|p2a: Polteageist|spd|1
|-boost|p2a: Polteageist|atk|2
|-boost|p2a: Polteageist|spa|2
|-boost|p2a: Polteageist|spe|2
|
|upkeep
|turn|17
|
|t:|1635711739
|switch|p2a: Dragapult|Dragapult, M|100/100
|move|p1a: Whimsicott|Encore||[still]
|-fail|p1a: Whimsicott
|
|upkeep
|turn|18
|
|t:|1635711747
|switch|p1a: Torkoal|Torkoal, F|100/100
|-weather|SunnyDay|[from] ability: Drought|[of] p1a: Torkoal
|move|p2a: Dragapult|Dragon Dance|p2a: Dragapult
|-boost|p2a: Dragapult|atk|1
|-boost|p2a: Dragapult|spe|1
|
|-weather|SunnyDay|[upkeep]
|upkeep
|turn|19
|
|t:|1635711757
|switch|p1a: Whimsicott|Whimsicott, M|100/100
|move|p2a: Dragapult|Dragon Darts|p1a: Whimsicott
|-immune|p1a: Whimsicott
|
|-weather|SunnyDay|[upkeep]
|upkeep
|turn|20
|
|t:|1635711763
|move|p1a: Whimsicott|Encore|p2a: Dragapult
|-start|p2a: Dragapult|Encore
|move|p2a: Dragapult|Dragon Darts|p1a: Whimsicott
|-immune|p1a: Whimsicott
|
|-weather|SunnyDay|[upkeep]
|upkeep
|turn|21
|
|t:|1635711769
|move|p2a: Dragapult|Dragon Darts|p1a: Whimsicott
|-immune|p1a: Whimsicott
|move|p1a: Whimsicott|Moonblast|p2a: Dragapult
|-supereffective|p2a: Dragapult
|-damage|p2a: Dragapult|5/100
|
|-weather|SunnyDay|[upkeep]
|upkeep
|turn|22
|
|t:|1635711776
|move|p2a: Dragapult|Dragon Darts|p1a: Whimsicott
|-immune|p1a: Whimsicott
|move|p1a: Whimsicott|Moonblast|p2a: Dragapult
|-supereffective|p2a: Dragapult
|-damage|p2a: Dragapult|0 fnt
|faint|p2a: Dragapult
|
|-weather|SunnyDay|[upkeep]
|upkeep
|-message|Kaleor forfeited.
|
|win|Jirachi75
|raw|Jirachi75's rating: 1476 &rarr; <strong>1499</strong><br />(+23 for winning)
|raw|Kaleor's rating: 1533 &rarr; <strong>1510</strong><br />(-23 for losing)
|l|☆Kaleor
||Ladder isn't responding, score probably updated but might not have (Request timeout).
