|html|<div class="broadcast-blue"><strong>[Gen 8] OU is currently suspecting Melmetal! For information on how to participate check out the <a href="https://www.smogon.com/forums/threads/np-ss-ou-suspect-process-round-12-monster-mash.3709234/">suspect thread</a>.</strong></div>
|j|☆i know im horrible
|j|☆minimax_ai
|t:|1666432713
|gametype|singles
|player|p1|i know im horrible|102|1445
|player|p2|minimax_ai|lusamine-nihilego|1479
|teamsize|p1|6
|teamsize|p2|6
|gen|8
|tier|[Gen 8] OU
|rated|
|rule|Sleep Clause Mod: Limit one foe put to sleep
|rule|Species Clause: Limit one of each Pokémon
|rule|OHKO Clause: OHKO moves are banned
|rule|Evasion Items Clause: Evasion items are banned
|rule|Evasion Moves Clause: Evasion moves are banned
|rule|Endless Battle Clause: Forcing endless battles is banned
|rule|HP Percentage Mod: HP is shown in percentages
|rule|Dynamax Clause: You cannot dynamax
|clearpoke
|poke|p1|Tapu Koko|
|poke|p1|Regieleki|
|poke|p1|Klefki, F|
|poke|p1|Zeraora|
|poke|p1|Hawlucha, F|
|poke|p1|Dragonite, M|
|poke|p2|Rotom-Wash|
|poke|p2|Weavile, M|
|poke|p2|Landorus-Therian, M|
|poke|p2|Heatran, M|
|poke|p2|Tangrowth, M|
|poke|p2|Melmetal|
|teampreview
|
|t:|1666432718
|start
|switch|p1a: Klefki|Klefki, F|100/100
|switch|p2a: Melmetal|Melmetal|100/100
|turn|1
|c|☆minimax_ai|hf
|inactive|Battle timer is ON: inactive players will automatically lose when time's up. (requested by minimax_ai)
|
|t:|1666432721
|move|p1a: Klefki|Reflect|p1a: Klefki
|-sidestart|p1: i know im horrible|Reflect
|move|p2a: Melmetal|Double Iron Bash|p1a: Klefki
|-damage|p1a: Klefki|83/100
|-damage|p1a: Klefki|67/100
|-hitcount|p1a: Klefki|2
|
|upkeep
|turn|2
|
|t:|1666432724
|move|p1a: Klefki|Spikes|p2a: Melmetal
|-sidestart|p2: minimax_ai|Spikes
|move|p2a: Melmetal|Double Iron Bash|p1a: Klefki
|-damage|p1a: Klefki|50/100
|-damage|p1a: Klefki|34/100
|-hitcount|p1a: Klefki|2
|
|upkeep
|turn|3
|
|t:|1666432727
|move|p1a: Klefki|Thunder Wave|p2a: Melmetal
|-status|p2a: Melmetal|par
|move|p2a: Melmetal|Double Iron Bash|p1a: Klefki
|-damage|p1a: Klefki|16/100
|-damage|p1a: Klefki|0 fnt
|faint|p1a: Klefki
|-hitcount|p1: Klefki|2
|
|upkeep
|
|t:|1666432731
|switch|p1a: Tapu Koko|Tapu Koko|100/100
|-fieldstart|move: Electric Terrain|[from] ability: Electric Surge|[of] p1a: Tapu Koko
|turn|4
|
|t:|1666432734
|move|p1a: Tapu Koko|Volt Switch|p2a: Melmetal
|-damage|p2a: Melmetal|79/100 par
|
|t:|1666432738
|switch|p1a: Zeraora|Zeraora|100/100|[from]move: Volt Switch
|cant|p2a: Melmetal|par
|
|upkeep
|turn|5
|
|t:|1666432746
|switch|p2a: landorustherian|Landorus-Therian, M|100/100
|-ability|p2a: landorustherian|Intimidate|boost
|-unboost|p1a: Zeraora|atk|1
|move|p1a: Zeraora|Knock Off|p2a: landorustherian
|-damage|p2a: landorustherian|80/100
|-enditem|p2a: landorustherian|Leftovers|[from] move: Knock Off|[of] p1a: Zeraora
|
|-sideend|p1: i know im horrible|Reflect
|upkeep
|turn|6
|
|t:|1666432759
|move|p1a: Zeraora|Grass Knot|p2a: landorustherian
|-damage|p2a: landorustherian|66/100
|move|p2a: landorustherian|Defog|p1a: Zeraora
|-unboost|p1a: Zeraora|evasion|1
|-sideend|p2: minimax_ai|Spikes|[from] move: Defog|[of] p2a: landorustherian
|-fieldend|move: Electric Terrain
|
|upkeep
|turn|7
|
|t:|1666432768
|switch|p1a: Dragonite|Dragonite, M|100/100
|move|p2a: landorustherian|Toxic|p1a: Dragonite|[miss]
|-miss|p2a: landorustherian|p1a: Dragonite
|
|upkeep
|turn|8
|
|t:|1666432777
|switch|p2a: Heatran|Heatran, M|100/100
|-item|p2a: Heatran|Air Balloon
|move|p1a: Dragonite|Ice Punch|p2a: Heatran
|-resisted|p2a: Heatran
|-damage|p2a: Heatran|95/100
|-enditem|p2a: Heatran|Air Balloon
|
|upkeep
|turn|9
|
|t:|1666432784
|switch|p2a: Weavile|Weavile, M|100/100
|-ability|p2a: Weavile|Pressure
|move|p1a: Dragonite|Earthquake|p2a: Weavile
|-damage|p2a: Weavile|48/100
|
|upkeep
|turn|10
|
|t:|1666432789
|move|p2a: Weavile|Triple Axel|p1a: Dragonite
|-supereffective|p1a: Dragonite
|-damage|p1a: Dragonite|74/100
|-supereffective|p1a: Dragonite
|-damage|p1a: Dragonite|0 fnt
|faint|p1a: Dragonite
|-hitcount|p1: Dragonite|2
|
|upkeep
|
|t:|1666432792
|switch|p1a: Tapu Koko|Tapu Koko|100/100
|-fieldstart|move: Electric Terrain|[from] ability: Electric Surge|[of] p1a: Tapu Koko
|turn|11
|
|t:|1666432795
|switch|p2a: rotomwash|Rotom-Wash|100/100
|move|p1a: Tapu Koko|Dazzling Gleam|p2a: rotomwash
|-damage|p2a: rotomwash|67/100
|
|-heal|p2a: rotomwash|73/100|[from] item: Leftovers
|upkeep
|turn|12
|
|t:|1666432799
|move|p1a: Tapu Koko|Dazzling Gleam|p2a: rotomwash
|-damage|p2a: rotomwash|38/100
|move|p2a: rotomwash|Pain Split|p1a: Tapu Koko
|-sethp|p1a: Tapu Koko|71/100|[from] move: Pain Split|[silent]
|-sethp|p2a: rotomwash|65/100|[from] move: Pain Split
|
|-heal|p2a: rotomwash|72/100|[from] item: Leftovers
|upkeep
|turn|13
|j| KangkongNation
|
|t:|1666432803
|move|p1a: Tapu Koko|Dazzling Gleam|p2a: rotomwash
|-damage|p2a: rotomwash|36/100
|move|p2a: rotomwash|Pain Split|p1a: Tapu Koko
|-sethp|p1a: Tapu Koko|55/100|[from] move: Pain Split|[silent]
|-sethp|p2a: rotomwash|50/100|[from] move: Pain Split
|
|-heal|p2a: rotomwash|57/100|[from] item: Leftovers
|upkeep
|turn|14
|
|t:|1666432805
|move|p1a: Tapu Koko|Dazzling Gleam|p2a: rotomwash
|-damage|p2a: rotomwash|20/100
|move|p2a: rotomwash|Pain Split|p1a: Tapu Koko
|-sethp|p1a: Tapu Koko|38/100|[from] move: Pain Split|[silent]
|-sethp|p2a: rotomwash|35/100|[from] move: Pain Split
|
|-heal|p2a: rotomwash|42/100|[from] item: Leftovers
|upkeep
|turn|15
|
|t:|1666432809
|switch|p2a: landorustherian|Landorus-Therian, M|66/100
|-ability|p2a: landorustherian|Intimidate|boost
|-unboost|p1a: Tapu Koko|atk|1
|move|p1a: Tapu Koko|Dazzling Gleam|p2a: landorustherian
|-damage|p2a: landorustherian|39/100
|
|-fieldend|move: Electric Terrain
|upkeep
|turn|16
|
|t:|1666432824
|switch|p1a: Zeraora|Zeraora|100/100
|switch|p2a: Melmetal|Melmetal|79/100 par
|
|upkeep
|turn|17
|
|t:|1666432837
|move|p1a: Zeraora|Close Combat|p2a: Melmetal
|-supereffective|p2a: Melmetal
|-damage|p2a: Melmetal|33/100 par
|-unboost|p1a: Zeraora|def|1
|-unboost|p1a: Zeraora|spd|1
|move|p2a: Melmetal|Double Iron Bash|p1a: Zeraora
|-resisted|p1a: Zeraora
|-damage|p1a: Zeraora|53/100
|-resisted|p1a: Zeraora
|-damage|p1a: Zeraora|11/100
|-hitcount|p1a: Zeraora|2
|
|upkeep
|turn|18
|l| KangkongNation
|
|t:|1666432848
|move|p1a: Zeraora|Close Combat|p2a: Melmetal
|-supereffective|p2a: Melmetal
|-damage|p2a: Melmetal|0 fnt
|-unboost|p1a: Zeraora|def|1
|-unboost|p1a: Zeraora|spd|1
|faint|p2a: Melmetal
|
|upkeep
|
|t:|1666432848
|switch|p2a: Weavile|Weavile, M|48/100
|-ability|p2a: Weavile|Pressure
|turn|19
|
|t:|1666432875
|move|p2a: Weavile|Ice Shard|p1a: Zeraora
|-crit|p1a: Zeraora
|-damage|p1a: Zeraora|0 fnt
|faint|p1a: Zeraora
|
|upkeep
|inactive|i know im horrible has 120 seconds left.
|
|t:|1666432888
|switch|p1a: Tapu Koko|Tapu Koko|38/100
|-fieldstart|move: Electric Terrain|[from] ability: Electric Surge|[of] p1a: Tapu Koko
|turn|20
|
|t:|1666432893
|switch|p2a: Tangrowth|Tangrowth, M|100/100
|move|p1a: Tapu Koko|Reflect|p1a: Tapu Koko
|-sidestart|p1: i know im horrible|Reflect
|
|upkeep
|turn|21
|inactive|i know im horrible has 120 seconds left.
|
|t:|1666432911
|move|p1a: Tapu Koko|Volt Switch|p2a: Tangrowth
|-resisted|p2a: Tangrowth
|-damage|p2a: Tangrowth|74/100
|inactive|i know im horrible has 120 seconds left.
|
|t:|1666432920
|switch|p1a: Regieleki|Regieleki|100/100|[from]move: Volt Switch
|move|p2a: Tangrowth|Giga Drain|p1a: Regieleki
|-damage|p1a: Regieleki|42/100
|-heal|p2a: Tangrowth|96/100|[from] drain|[of] p1a: Regieleki
|
|upkeep
|turn|22
|inactive|i know im horrible has 120 seconds left.
|
|t:|1666432932
|switch|p2a: landorustherian|Landorus-Therian, M|39/100
|-ability|p2a: landorustherian|Intimidate|boost
|-unboost|p1a: Regieleki|atk|1
|move|p1a: Regieleki|Rising Voltage|p2a: landorustherian
|-immune|p2a: landorustherian
|
|upkeep
|turn|23
|inactive|i know im horrible has 120 seconds left.
|
|t:|1666432946
|move|p1a: Regieleki|Rising Voltage|p2a: landorustherian
|-immune|p2a: landorustherian
|move|p2a: landorustherian|Toxic|p1a: Regieleki
|-status|p1a: Regieleki|tox
|
|-damage|p1a: Regieleki|36/100 tox|[from] psn
|upkeep
|turn|24
|
|t:|1666432953
|move|p1a: Regieleki|Rising Voltage|p2a: landorustherian
|-immune|p2a: landorustherian
|move|p2a: landorustherian|Toxic|p1a: Regieleki
|-fail|p1a: Regieleki|tox
|
|-damage|p1a: Regieleki|24/100 tox|[from] psn
|-sideend|p1: i know im horrible|Reflect
|-fieldend|move: Electric Terrain
|upkeep
|turn|25
|inactive|i know im horrible has 120 seconds left.
|
|t:|1666432972
|move|p1a: Regieleki|Rising Voltage|p2a: landorustherian
|-immune|p2a: landorustherian
|move|p2a: landorustherian|Toxic|p1a: Regieleki
|-fail|p1a: Regieleki|tox
|
|-damage|p1a: Regieleki|6/100 tox|[from] psn
|upkeep
|turn|26
|inactive|i know im horrible has 120 seconds left.
|
|t:|1666432988
|move|p1a: Regieleki|Rising Voltage|p2a: landorustherian
|-immune|p2a: landorustherian
|move|p2a: landorustherian|Toxic|p1a: Regieleki
|-fail|p1a: Regieleki|tox
|
|-damage|p1a: Regieleki|0 fnt|[from] psn
|faint|p1a: Regieleki
|upkeep
|l|☆i know im horrible
|inactive|i know im horrible disconnected and has a minute to reconnect!
|player|p1|
|inactive|i know im horrible has 30 seconds to reconnect!
|inactive|i know im horrible has 20 seconds to reconnect!
|inactive|i know im horrible has 15 seconds to reconnect!
|inactive|i know im horrible has 10 seconds to reconnect!
|inactive|i know im horrible has 5 seconds to reconnect!
|-message|i know im horrible lost due to inactivity.
|
|win|minimax_ai
|raw|i know im horrible's rating: 1445 &rarr; <strong>1427</strong><br />(-18 for losing)
|raw|minimax_ai's rating: 1479 &rarr; <strong>1497</strong><br />(+18 for winning)
|c|☆minimax_ai|gg
