|j|☆ProbablyTTT
|j|☆thatgenyou
|t:|1667586011
|gametype|singles
|player|p1|ProbablyTTT|ethan|1627
|player|p2|thatgenyou|cynthia|1600
|teamsize|p1|6
|teamsize|p2|6
|gen|8
|tier|[Gen 8] OU
|rated|
|rule|Sleep Clause Mod: Limit one foe put to sleep
|rule|Species Clause: Limit one of each Pokémon
|rule|OHKO Clause: OHKO moves are banned
|rule|Evasion Items Clause: Evasion items are banned
|rule|Evasion Moves Clause: Evasion moves are banned
|rule|Endless Battle Clause: Forcing endless battles is banned
|rule|HP Percentage Mod: HP is shown in percentages
|rule|Dynamax Clause: You cannot dynamax
|clearpoke
|poke|p1|Melmetal|
|poke|p1|Weavile, M|
|poke|p1|Volcanion|
|poke|p1|Zapdos|
|poke|p1|Landorus-Therian, M|
|poke|p1|Kartana|
|poke|p2|Tapu Fini|
|poke|p2|Melmetal|
|poke|p2|Tapu Lele|
|poke|p2|Landorus-Therian, M|
|poke|p2|Zapdos|
|poke|p2|Hydreigon, M|
|teampreview
|
|t:|1667586041
|start
|switch|p1a: Weavile|Weavile, M|100/100
|switch|p2a: Gustavo Fring|Landorus-Therian, M|100/100
|-ability|p2a: Gustavo Fring|Intimidate|boost
|-unboost|p1a: Weavile|atk|1
|turn|1
|
|t:|1667586058
|switch|p2a: Adam Smasher|Melmetal|100/100
|move|p1a: Weavile|Triple Axel|p2a: Adam Smasher|[miss]
|-miss|p1a: Weavile|p2a: Adam Smasher
|
|upkeep
|turn|2
|
|t:|1667586075
|switch|p1a: Landorus|Landorus-Therian, M|100/100
|-ability|p1a: Landorus|Intimidate|boost
|-unboost|p2a: Adam Smasher|atk|1
|move|p2a: Adam Smasher|Ice Punch|p1a: Landorus
|-supereffective|p1a: Landorus
|-damage|p1a: Landorus|8/100
|
|-heal|p1a: Landorus|14/100|[from] item: Leftovers
|upkeep
|turn|3
|
|t:|1667586099
|switch|p2a: Bellatrix|Tapu Fini, shiny|100/100
|-fieldstart|move: Misty Terrain|[from] ability: Misty Surge|[of] p2a: Bellatrix
|move|p1a: Landorus|Stealth Rock|p2a: Bellatrix
|-sidestart|p2: thatgenyou|move: Stealth Rock
|
|-heal|p1a: Landorus|20/100|[from] item: Leftovers
|upkeep
|turn|4
|
|t:|1667586113
|switch|p1a: Melmetal|Melmetal|100/100
|move|p2a: Bellatrix|Moonblast|p1a: Melmetal
|-resisted|p1a: Melmetal
|-damage|p1a: Melmetal|83/100
|
|upkeep
|turn|5
|
|t:|1667586126
|switch|p2a: Griffith|Zapdos|100/100
|move|p1a: Melmetal|Double Iron Bash|p2a: Griffith
|-resisted|p2a: Griffith
|-damage|p2a: Griffith|76/100
|-resisted|p2a: Griffith
|-damage|p2a: Griffith|50/100
|-hitcount|p2a: Griffith|2
|
|upkeep
|turn|6
|
|t:|1667586139
|move|p2a: Griffith|Roost|p2a: Griffith
|-heal|p2a: Griffith|100/100
|-singleturn|p2a: Griffith|move: Roost
|move|p1a: Melmetal|Double Iron Bash|p2a: Griffith
|-resisted|p2a: Griffith
|-damage|p2a: Griffith|75/100
|-resisted|p2a: Griffith
|-damage|p2a: Griffith|50/100
|-hitcount|p2a: Griffith|2
|
|upkeep
|turn|7
|
|t:|1667586153
|switch|p2a: Gustavo Fring|Landorus-Therian, M|100/100
|-damage|p2a: Gustavo Fring|88/100|[from] Stealth Rock
|-ability|p2a: Gustavo Fring|Intimidate|boost
|-unboost|p1a: Melmetal|atk|1
|switch|p1a: Weavile|Weavile, M|100/100
|
|-heal|p2a: Gustavo Fring|94/100|[from] item: Leftovers
|-fieldend|Misty Terrain
|upkeep
|turn|8
|
|t:|1667586164
|switch|p2a: Adam Smasher|Melmetal|100/100
|-damage|p2a: Adam Smasher|94/100|[from] Stealth Rock
|move|p1a: Weavile|Beat Up|p2a: Adam Smasher
|-damage|p2a: Adam Smasher|86/100
|-damage|p2a: Adam Smasher|77/100
|-damage|p2a: Adam Smasher|68/100
|-damage|p2a: Adam Smasher|61/100
|-damage|p2a: Adam Smasher|52/100
|-damage|p2a: Adam Smasher|40/100
|-hitcount|p2a: Adam Smasher|6
|
|-heal|p2a: Adam Smasher|46/100|[from] item: Leftovers
|upkeep
|turn|9
|
|t:|1667586181
|move|p2a: Adam Smasher|Protect|p2a: Adam Smasher
|-singleturn|p2a: Adam Smasher|Protect
|move|p1a: Weavile|Beat Up|p2a: Adam Smasher
|-activate|p2a: Adam Smasher|move: Protect
|
|-heal|p2a: Adam Smasher|52/100|[from] item: Leftovers
|upkeep
|turn|10
|
|t:|1667586214
|switch|p2a: Bellatrix|Tapu Fini, shiny|100/100
|-damage|p2a: Bellatrix|88/100|[from] Stealth Rock
|-fieldstart|move: Misty Terrain|[from] ability: Misty Surge|[of] p2a: Bellatrix
|move|p1a: Weavile|Beat Up|p2a: Bellatrix
|-resisted|p2a: Bellatrix
|-damage|p2a: Bellatrix|82/100
|-resisted|p2a: Bellatrix
|-damage|p2a: Bellatrix|76/100
|-resisted|p2a: Bellatrix
|-damage|p2a: Bellatrix|70/100
|-resisted|p2a: Bellatrix
|-damage|p2a: Bellatrix|65/100
|-resisted|p2a: Bellatrix
|-damage|p2a: Bellatrix|58/100
|-resisted|p2a: Bellatrix
|-damage|p2a: Bellatrix|50/100
|-hitcount|p2a: Bellatrix|6
|
|upkeep
|turn|11
|
|t:|1667586231
|switch|p1a: Melmetal|Melmetal|83/100
|move|p2a: Bellatrix|Moonblast|p1a: Melmetal
|-resisted|p1a: Melmetal
|-damage|p1a: Melmetal|65/100
|
|upkeep
|turn|12
|
|t:|1667586241
|switch|p2a: Gustavo Fring|Landorus-Therian, M|94/100
|-damage|p2a: Gustavo Fring|82/100|[from] Stealth Rock
|-ability|p2a: Gustavo Fring|Intimidate|boost
|-unboost|p1a: Melmetal|atk|1
|move|p1a: Melmetal|Double Iron Bash|p2a: Gustavo Fring
|-damage|p2a: Gustavo Fring|36/100
|-damage|p2a: Gustavo Fring|0 fnt
|faint|p2a: Gustavo Fring
|-hitcount|p2: Gustavo Fring|2
|
|upkeep
|
|t:|1667586252
|switch|p2a: Griffith|Zapdos|50/100
|turn|13
|
|t:|1667586257
|switch|p1a: Weavile|Weavile, M|100/100
|move|p2a: Griffith|Defog|p1a: Weavile
|-unboost|p1a: Weavile|evasion|1
|-sideend|p2: thatgenyou|Stealth Rock|[from] move: Defog|[of] p2a: Griffith
|-fieldend|Misty Terrain
|
|upkeep
|turn|14
|
|t:|1667586276
|switch|p2a: Bellatrix|Tapu Fini, shiny|50/100
|-fieldstart|move: Misty Terrain|[from] ability: Misty Surge|[of] p2a: Bellatrix
|move|p1a: Weavile|Beat Up|p2a: Bellatrix
|-resisted|p2a: Bellatrix
|-damage|p2a: Bellatrix|44/100
|-resisted|p2a: Bellatrix
|-crit|p2a: Bellatrix
|-damage|p2a: Bellatrix|33/100
|-resisted|p2a: Bellatrix
|-damage|p2a: Bellatrix|28/100
|-resisted|p2a: Bellatrix
|-damage|p2a: Bellatrix|22/100
|-resisted|p2a: Bellatrix
|-damage|p2a: Bellatrix|16/100
|-resisted|p2a: Bellatrix
|-damage|p2a: Bellatrix|8/100
|-hitcount|p2a: Bellatrix|6
|
|upkeep
|turn|15
|
|t:|1667586292
|move|p2a: Bellatrix|Trick|p1a: Weavile
|-activate|p2a: Bellatrix|move: Trick|[of] p1a: Weavile
|-item|p1a: Weavile|Choice Scarf|[from] move: Trick
|-item|p2a: Bellatrix|Choice Band|[from] move: Trick
|move|p1a: Weavile|Beat Up|p2a: Bellatrix
|-resisted|p2a: Bellatrix
|-damage|p2a: Bellatrix|4/100
|-resisted|p2a: Bellatrix
|-damage|p2a: Bellatrix|0 fnt
|faint|p2a: Bellatrix
|-hitcount|p2: Bellatrix|2
|
|upkeep
|
|t:|1667586305
|switch|p2a: The Wither|Hydreigon, M|100/100
|turn|16
|
|t:|1667586333
|switch|p1a: Landorus|Landorus-Therian, M|20/100
|-ability|p1a: Landorus|Intimidate|boost
|-unboost|p2a: The Wither|atk|1
|move|p2a: The Wither|Dark Pulse|p1a: Landorus
|-damage|p1a: Landorus|0 fnt
|faint|p1a: Landorus
|
|upkeep
|l|☆ProbablyTTT
|player|p1|
|j|☆ProbablyTTT
|player|p1|ProbablyTTT|ethan
|
|t:|1667586358
|switch|p1a: Weavile|Weavile, M|100/100
|turn|17
|
|t:|1667586368
|switch|p2a: Adam Smasher|Melmetal|52/100
|move|p1a: Weavile|Triple Axel|p2a: Adam Smasher
|-resisted|p2a: Adam Smasher
|-damage|p2a: Adam Smasher|48/100
|-resisted|p2a: Adam Smasher
|-damage|p2a: Adam Smasher|42/100
|-resisted|p2a: Adam Smasher
|-damage|p2a: Adam Smasher|32/100
|-hitcount|p2a: Adam Smasher|3
|
|-heal|p2a: Adam Smasher|38/100|[from] item: Leftovers
|upkeep
|turn|18
|
|t:|1667586389
|switch|p1a: Volcanion|Volcanion|100/100
|move|p2a: Adam Smasher|Earthquake|p1a: Volcanion
|-supereffective|p1a: Volcanion
|-damage|p1a: Volcanion|25/100
|
|-heal|p2a: Adam Smasher|44/100|[from] item: Leftovers
|-fieldend|Misty Terrain
|upkeep
|turn|19
|
|t:|1667586398
|move|p2a: Adam Smasher|Protect|p2a: Adam Smasher
|-singleturn|p2a: Adam Smasher|Protect
|move|p1a: Volcanion|Steam Eruption|p2a: Adam Smasher
|-activate|p2a: Adam Smasher|move: Protect
|
|-heal|p2a: Adam Smasher|50/100|[from] item: Leftovers
|upkeep
|turn|20
|
|t:|1667586416
|switch|p2a: The Wither|Hydreigon, M|100/100
|move|p1a: Volcanion|Steam Eruption|p2a: The Wither
|-resisted|p2a: The Wither
|-damage|p2a: The Wither|48/100
|
|-heal|p2a: The Wither|55/100|[from] item: Leftovers
|upkeep
|turn|21
|
|t:|1667586439
|move|p2a: The Wither|Dark Pulse|p1a: Volcanion
|-damage|p1a: Volcanion|0 fnt
|faint|p1a: Volcanion
|
|-heal|p2a: The Wither|61/100|[from] item: Leftovers
|upkeep
|
|t:|1667586484
|switch|p1a: Weavile|Weavile, M|100/100
|turn|22
|
|t:|1667586510
|switch|p2a: Adam Smasher|Melmetal|50/100
|move|p1a: Weavile|Triple Axel|p2a: Adam Smasher
|-resisted|p2a: Adam Smasher
|-damage|p2a: Adam Smasher|46/100
|-resisted|p2a: Adam Smasher
|-damage|p2a: Adam Smasher|40/100
|-resisted|p2a: Adam Smasher
|-damage|p2a: Adam Smasher|30/100
|-hitcount|p2a: Adam Smasher|3
|
|-heal|p2a: Adam Smasher|36/100|[from] item: Leftovers
|upkeep
|turn|23
|
|t:|1667586536
|switch|p1a: Zapdos|Zapdos|100/100
|move|p2a: Adam Smasher|Ice Punch|p1a: Zapdos
|-supereffective|p1a: Zapdos
|-damage|p1a: Zapdos|5/100
|
|-heal|p2a: Adam Smasher|42/100|[from] item: Leftovers
|upkeep
|turn|24
|
|t:|1667586548
|move|p2a: Adam Smasher|Protect|p2a: Adam Smasher
|-singleturn|p2a: Adam Smasher|Protect
|move|p1a: Zapdos|Heat Wave|p2a: Adam Smasher
|-activate|p2a: Adam Smasher|move: Protect
|
|-heal|p2a: Adam Smasher|48/100|[from] item: Leftovers
|upkeep
|turn|25
|
|t:|1667586568
|switch|p2a: The Wither|Hydreigon, M|61/100
|move|p1a: Zapdos|Volt Switch|p2a: The Wither
|-resisted|p2a: The Wither
|-damage|p2a: The Wither|41/100
|
|t:|1667586584
|switch|p1a: Weavile|Weavile, M|100/100|[from]move: Volt Switch
|
|-heal|p2a: The Wither|48/100|[from] item: Leftovers
|upkeep
|turn|26
|
|t:|1667586625
|move|p1a: Weavile|Knock Off|p2a: The Wither
|-resisted|p2a: The Wither
|-damage|p2a: The Wither|20/100
|-enditem|p2a: The Wither|Leftovers|[from] move: Knock Off|[of] p1a: Weavile
|move|p2a: The Wither|Heat Wave|p1a: Weavile
|-supereffective|p1a: Weavile
|-damage|p1a: Weavile|11/100
|
|upkeep
|turn|27
|
|t:|1667586636
|move|p1a: Weavile|Knock Off|p2a: The Wither
|-resisted|p2a: The Wither
|-damage|p2a: The Wither|0 fnt
|faint|p2a: The Wither
|
|upkeep
|
|t:|1667586650
|switch|p2a: Griffith|Zapdos|50/100
|turn|28
|
|t:|1667586653
|move|p1a: Weavile|Knock Off|p2a: Griffith
|-damage|p2a: Griffith|7/100
|-enditem|p2a: Griffith|Heavy-Duty Boots|[from] move: Knock Off|[of] p1a: Weavile
|move|p2a: Griffith|Roost|p2a: Griffith
|-heal|p2a: Griffith|57/100
|-singleturn|p2a: Griffith|move: Roost
|
|upkeep
|turn|29
|
|t:|1667586664
|switch|p1a: Zapdos|Zapdos|5/100
|move|p2a: Griffith|Roost|p2a: Griffith
|-heal|p2a: Griffith|100/100
|-singleturn|p2a: Griffith|move: Roost
|
|upkeep
|turn|30
|
|t:|1667586671
|move|p1a: Zapdos|Roost|p1a: Zapdos
|-heal|p1a: Zapdos|55/100
|-singleturn|p1a: Zapdos|move: Roost
|move|p2a: Griffith|Volt Switch|p1a: Zapdos
|-resisted|p1a: Zapdos
|-damage|p1a: Zapdos|38/100
|
|t:|1667586682
|switch|p2a: Harley Quinn|Tapu Lele|100/100|[from]move: Volt Switch
|-fieldstart|move: Psychic Terrain|[from] ability: Psychic Surge|[of] p2a: Harley Quinn
|
|upkeep
|turn|31
|
|t:|1667586703
|move|p1a: Zapdos|Volt Switch|p2a: Harley Quinn
|-damage|p2a: Harley Quinn|62/100
|
|t:|1667586707
|switch|p1a: Melmetal|Melmetal|65/100|[from]move: Volt Switch
|move|p2a: Harley Quinn|Thunderbolt|p1a: Melmetal
|-damage|p1a: Melmetal|9/100
|
|upkeep
|turn|32
|
|t:|1667586714
|move|p2a: Harley Quinn|Thunderbolt|p1a: Melmetal
|-damage|p1a: Melmetal|0 fnt
|faint|p1a: Melmetal
|
|upkeep
|
|t:|1667586743
|switch|p1a: Weavile|Weavile, M|11/100
|turn|33
|
|t:|1667586750
|switch|p2a: Adam Smasher|Melmetal|48/100
|move|p1a: Weavile|Triple Axel|p2a: Adam Smasher|[miss]
|-miss|p1a: Weavile|p2a: Adam Smasher
|
|-heal|p2a: Adam Smasher|54/100|[from] item: Leftovers
|upkeep
|turn|34
|
|t:|1667586759
|move|p1a: Weavile|Triple Axel|p2a: Adam Smasher
|-resisted|p2a: Adam Smasher
|-damage|p2a: Adam Smasher|50/100
|-resisted|p2a: Adam Smasher
|-damage|p2a: Adam Smasher|43/100
|-resisted|p2a: Adam Smasher
|-damage|p2a: Adam Smasher|34/100
|-hitcount|p2a: Adam Smasher|3
|move|p2a: Adam Smasher|Ice Punch|p1a: Weavile
|-resisted|p1a: Weavile
|-damage|p1a: Weavile|0 fnt
|faint|p1a: Weavile
|
|-heal|p2a: Adam Smasher|40/100|[from] item: Leftovers
|-fieldend|move: Psychic Terrain
|upkeep
|
|t:|1667586762
|switch|p1a: Zapdos|Zapdos|38/100
|turn|35
|
|t:|1667586778
|move|p1a: Zapdos|Roost|p1a: Zapdos
|-heal|p1a: Zapdos|88/100
|-singleturn|p1a: Zapdos|move: Roost
|move|p2a: Adam Smasher|Ice Punch|p1a: Zapdos
|-damage|p1a: Zapdos|43/100
|
|-heal|p2a: Adam Smasher|46/100|[from] item: Leftovers
|upkeep
|turn|36
|
|t:|1667586790
|move|p1a: Zapdos|Roost|p1a: Zapdos
|-heal|p1a: Zapdos|93/100
|-singleturn|p1a: Zapdos|move: Roost
|move|p2a: Adam Smasher|Earthquake|p1a: Zapdos
|-supereffective|p1a: Zapdos
|-crit|p1a: Zapdos
|-damage|p1a: Zapdos|0 fnt
|faint|p1a: Zapdos
|
|-heal|p2a: Adam Smasher|52/100|[from] item: Leftovers
|upkeep
|
|t:|1667586794
|switch|p1a: Kartana|Kartana|100/100
|turn|37
|
|t:|1667586824
|switch|p2a: Griffith|Zapdos|100/100
|move|p1a: Kartana|Knock Off|p2a: Griffith
|-damage|p2a: Griffith|77/100
|
|upkeep
|turn|38
|-message|ProbablyTTT forfeited.
|
|win|thatgenyou
|raw|ProbablyTTT's rating: 1627 &rarr; <strong>1605</strong><br />(-22 for losing)
|raw|thatgenyou's rating: 1600 &rarr; <strong>1622</strong><br />(+22 for winning)
|l|☆ProbablyTTT
|c|☆thatgenyou|gg
||Ladder isn't responding, score probably updated but might not have (Request timeout).
