|j|☆Saimasseuh v8
|j|☆Blacksponge
|t:|1667372043
|gametype|singles
|player|p1|Saimasseuh v8|101|1842
|player|p2|Blacksponge|lucas|1707
|teamsize|p1|6
|teamsize|p2|6
|gen|8
|tier|[Gen 8] OU
|rated|
|rule|Sleep Clause Mod: Limit one foe put to sleep
|rule|Species Clause: Limit one of each Pokémon
|rule|OHKO Clause: OHKO moves are banned
|rule|Evasion Items Clause: Evasion items are banned
|rule|Evasion Moves Clause: Evasion moves are banned
|rule|Endless Battle Clause: Forcing endless battles is banned
|rule|HP Percentage Mod: HP is shown in percentages
|rule|Dynamax Clause: You cannot dynamax
|clearpoke
|poke|p1|Dragapult, M|
|poke|p1|Ferrothorn, F|
|poke|p1|Heatran, M|
|poke|p1|Nidoking, M|
|poke|p1|Tapu Lele|
|poke|p1|Landorus-Therian, M|
|poke|p2|Victini|
|poke|p2|Weavile, F|
|poke|p2|Urshifu-*, F|
|poke|p2|Landorus-Therian, M|
|poke|p2|Tyranitar, F|
|poke|p2|Volcarona, M|
|teampreview
|inactive|Battle timer is ON: inactive players will automatically lose when time's up. (requested by Saimasseuh v8)
|
|t:|1667372061
|start
|switch|p1a: Tapu Lele|Tapu Lele|100/100
|switch|p2a: Tyranitar|Tyranitar, F|100/100
|-fieldstart|move: Psychic Terrain|[from] ability: Psychic Surge|[of] p1a: Tapu Lele
|-weather|Sandstorm|[from] ability: Sand Stream|[of] p2a: Tyranitar
|turn|1
|
|t:|1667372070
|switch|p2a: Victini|Victini|100/100
|move|p1a: Tapu Lele|Focus Blast|p2a: Victini
|-resisted|p2a: Victini
|-damage|p2a: Victini|67/100
|
|-weather|Sandstorm|[upkeep]
|-damage|p2a: Victini|61/100|[from] Sandstorm
|-damage|p1a: Tapu Lele|94/100|[from] Sandstorm
|upkeep
|turn|2
|j| wind current
|inactive|Saimasseuh v8 has 120 seconds left.
|
|t:|1667372119
|switch|p2a: Landorus|Landorus-Therian, M|100/100
|-ability|p2a: Landorus|Intimidate|boost
|-unboost|p1a: Tapu Lele|atk|1
|switch|p1a: Landorus|Landorus-Therian, M|100/100
|-ability|p1a: Landorus|Intimidate|boost
|-unboost|p2a: Landorus|atk|1
|
|-weather|Sandstorm|[upkeep]
|upkeep
|turn|3
|
|t:|1667372125
|move|p1a: Landorus|Toxic|p2a: Landorus
|-status|p2a: Landorus|tox
|move|p2a: Landorus|Stealth Rock|p1a: Landorus
|-sidestart|p1: Saimasseuh v8|move: Stealth Rock
|
|-weather|Sandstorm|[upkeep]
|-damage|p2a: Landorus|94/100 tox|[from] psn
|upkeep
|turn|4
|
|t:|1667372127
|move|p1a: Landorus|Defog|p2a: Landorus
|-unboost|p2a: Landorus|evasion|1
|-sideend|p1: Saimasseuh v8|Stealth Rock|[from] move: Defog|[of] p1a: Landorus
|-fieldend|move: Psychic Terrain
|move|p2a: Landorus|Toxic|p1a: Landorus
|-status|p1a: Landorus|tox
|
|-weather|Sandstorm|[upkeep]
|-damage|p1a: Landorus|94/100 tox|[from] psn
|-damage|p2a: Landorus|82/100 tox|[from] psn
|upkeep
|turn|5
|
|t:|1667372130
|move|p1a: Landorus|U-turn|p2a: Landorus
|-resisted|p2a: Landorus
|-damage|p2a: Landorus|73/100 tox
|-damage|p1a: Landorus|78/100 tox|[from] item: Rocky Helmet|[of] p2a: Landorus
|
|t:|1667372131
|switch|p1a: Ferrothorn|Ferrothorn, F|100/100|[from]move: U-turn
|move|p2a: Landorus|Stealth Rock|p1a: Ferrothorn
|-sidestart|p1: Saimasseuh v8|move: Stealth Rock
|
|-weather|none
|-damage|p2a: Landorus|54/100 tox|[from] psn
|upkeep
|turn|6
|
|t:|1667372154
|switch|p2a: Victini|Victini|61/100
|move|p1a: Ferrothorn|Spikes|p2a: Victini
|-sidestart|p2: Blacksponge|Spikes
|
|upkeep
|turn|7
|
|t:|1667372162
|move|p1a: Ferrothorn|Protect|p1a: Ferrothorn
|-singleturn|p1a: Ferrothorn|Protect
|move|p2a: Victini|V-create|p1a: Ferrothorn
|-activate|p1a: Ferrothorn|move: Protect
|
|upkeep
|turn|8
|
|t:|1667372166
|move|p2a: Victini|Bolt Strike|p1a: Ferrothorn
|-resisted|p1a: Ferrothorn
|-damage|p1a: Ferrothorn|89/100
|-damage|p2a: Victini|48/100|[from] ability: Iron Barbs|[of] p1a: Ferrothorn
|move|p1a: Ferrothorn|Knock Off|p2a: Victini
|-supereffective|p2a: Victini
|-damage|p2a: Victini|9/100
|-enditem|p2a: Victini|Heavy-Duty Boots|[from] move: Knock Off|[of] p1a: Ferrothorn
|
|-heal|p1a: Ferrothorn|95/100|[from] item: Leftovers
|upkeep
|turn|9
|
|t:|1667372171
|move|p1a: Ferrothorn|Protect|p1a: Ferrothorn
|-singleturn|p1a: Ferrothorn|Protect
|move|p2a: Victini|V-create|p1a: Ferrothorn
|-activate|p1a: Ferrothorn|move: Protect
|
|-heal|p1a: Ferrothorn|100/100|[from] item: Leftovers
|upkeep
|turn|10
|
|t:|1667372173
|switch|p1a: Landorus|Landorus-Therian, M|78/100 tox
|-damage|p1a: Landorus|66/100 tox|[from] Stealth Rock
|-ability|p1a: Landorus|Intimidate|boost
|-unboost|p2a: Victini|atk|1
|move|p2a: Victini|Bolt Strike|p1a: Landorus
|-immune|p1a: Landorus
|
|-damage|p1a: Landorus|60/100 tox|[from] psn
|upkeep
|turn|11
|
|t:|1667372176
|move|p2a: Victini|V-create|p1a: Landorus
|-damage|p1a: Landorus|18/100 tox
|-unboost|p2a: Victini|spe|1
|-unboost|p2a: Victini|def|1
|-unboost|p2a: Victini|spd|1
|-damage|p2a: Victini|0 fnt|[from] item: Rocky Helmet|[of] p1a: Landorus
|faint|p2a: Victini
|move|p1a: Landorus|U-turn|p2: Victini|[notarget]
|-fail|p1a: Landorus
|
|-damage|p1a: Landorus|6/100 tox|[from] psn
|upkeep
|
|t:|1667372181
|switch|p2a: Weavile|Weavile, F|100/100
|-damage|p2a: Weavile|88/100|[from] Spikes
|-ability|p2a: Weavile|Pressure
|turn|12
|
|t:|1667372192
|move|p2a: Weavile|Knock Off|p1a: Landorus
|-damage|p1a: Landorus|0 fnt
|-damage|p2a: Weavile|72/100|[from] item: Rocky Helmet|[of] p1a: Landorus
|-enditem|p1a: Landorus|Rocky Helmet|[from] move: Knock Off|[of] p2a: Weavile
|faint|p1a: Landorus
|
|upkeep
|
|t:|1667372197
|switch|p1a: Nidoking|Nidoking, M|100/100
|-damage|p1a: Nidoking|95/100|[from] Stealth Rock
|turn|13
|
|t:|1667372200
|move|p1a: Nidoking|Flamethrower|p2a: Weavile
|-supereffective|p2a: Weavile
|-damage|p2a: Weavile|0 fnt
|faint|p2a: Weavile
|
|upkeep
|
|t:|1667372212
|switch|p2a: Urshifu|Urshifu-Rapid-Strike, F|100/100
|-damage|p2a: Urshifu|88/100|[from] Spikes
|turn|14
|
|t:|1667372223
|move|p2a: Urshifu|Ice Punch|p1a: Nidoking
|-supereffective|p1a: Nidoking
|-damage|p1a: Nidoking|25/100
|move|p1a: Nidoking|Flamethrower|p2a: Urshifu
|-resisted|p2a: Urshifu
|-damage|p2a: Urshifu|64/100
|
|upkeep
|turn|15
|
|t:|1667372228
|switch|p2a: Tyranitar|Tyranitar, F|100/100
|-damage|p2a: Tyranitar|88/100|[from] Spikes
|-weather|Sandstorm|[from] ability: Sand Stream|[of] p2a: Tyranitar
|switch|p1a: Ferrothorn|Ferrothorn, F|100/100
|-damage|p1a: Ferrothorn|94/100|[from] Stealth Rock
|
|-weather|Sandstorm|[upkeep]
|-heal|p1a: Ferrothorn|100/100|[from] item: Leftovers
|upkeep
|turn|16
|
|t:|1667372233
|move|p1a: Ferrothorn|Protect|p1a: Ferrothorn
|-singleturn|p1a: Ferrothorn|Protect
|move|p2a: Tyranitar|Fire Blast|p1a: Ferrothorn
|-activate|p1a: Ferrothorn|move: Protect
|
|-weather|Sandstorm|[upkeep]
|upkeep
|turn|17
|
|t:|1667372237
|move|p2a: Tyranitar|Fire Blast|p1a: Ferrothorn
|-supereffective|p1a: Ferrothorn
|-damage|p1a: Ferrothorn|20/100
|move|p1a: Ferrothorn|Leech Seed|p2a: Tyranitar
|-start|p2a: Tyranitar|move: Leech Seed
|
|-weather|Sandstorm|[upkeep]
|-heal|p1a: Ferrothorn|26/100|[from] item: Leftovers
|-damage|p2a: Tyranitar|76/100|[from] Leech Seed|[of] p1a: Ferrothorn
|-heal|p1a: Ferrothorn|40/100|[silent]
|upkeep
|turn|18
|
|t:|1667372246
|move|p2a: Tyranitar|Fire Blast|p1a: Ferrothorn
|-supereffective|p1a: Ferrothorn
|-damage|p1a: Ferrothorn|0 fnt
|faint|p1a: Ferrothorn
|
|-weather|Sandstorm|[upkeep]
|upkeep
|
|t:|1667372253
|switch|p1a: Dragapult|Dragapult, M|100/100
|-damage|p1a: Dragapult|88/100|[from] Stealth Rock
|turn|19
|
|t:|1667372262
|switch|p2a: Landorus|Landorus-Therian, M|54/100 tox
|-ability|p2a: Landorus|Intimidate|boost
|-fail|p1a: Dragapult|unboost|[from] ability: Clear Body|[of] p1a: Dragapult
|move|p1a: Dragapult|Dragon Darts|p2a: Landorus
|-damage|p2a: Landorus|27/100 tox
|-anim|p1a: Dragapult|Dragon Darts|p2a: Landorus
|-damage|p2a: Landorus|0 fnt
|faint|p2a: Landorus
|-damage|p1a: Dragapult|78/100|[from] item: Life Orb
|
|-weather|none
|upkeep
|
|t:|1667372267
|switch|p2a: Tyranitar|Tyranitar, F|76/100
|-damage|p2a: Tyranitar|63/100|[from] Spikes
|-weather|Sandstorm|[from] ability: Sand Stream|[of] p2a: Tyranitar
|turn|20
|
|t:|1667372271
|move|p1a: Dragapult|Dragon Darts|p2a: Tyranitar
|-damage|p2a: Tyranitar|43/100
|-anim|p1a: Dragapult|Dragon Darts|p2a: Tyranitar
|-damage|p2a: Tyranitar|21/100
|-damage|p1a: Dragapult|69/100|[from] item: Life Orb
|move|p2a: Tyranitar|Ice Beam|p1a: Dragapult
|-supereffective|p1a: Dragapult
|-damage|p1a: Dragapult|11/100
|
|-weather|Sandstorm|[upkeep]
|-damage|p1a: Dragapult|5/100|[from] Sandstorm
|upkeep
|turn|21
|
|t:|1667372282
|move|p1a: Dragapult|Dragon Darts|p2a: Tyranitar
|-damage|p2a: Tyranitar|0 fnt
|faint|p2a: Tyranitar
|-damage|p1a: Dragapult|0 fnt|[from] item: Life Orb
|faint|p1a: Dragapult
|
|-weather|Sandstorm|[upkeep]
|upkeep
|
|t:|1667372286
|switch|p1a: Nidoking|Nidoking, M|25/100
|switch|p2a: Urshifu|Urshifu-Rapid-Strike, F|64/100
|-damage|p2a: Urshifu|52/100|[from] Spikes
|-damage|p1a: Nidoking|19/100|[from] Stealth Rock
|turn|22
|
|t:|1667372288
|move|p2a: Urshifu|Surging Strikes|p1a: Nidoking
|-supereffective|p1a: Nidoking
|-crit|p1a: Nidoking
|-damage|p1a: Nidoking|0 fnt
|faint|p1a: Nidoking
|-hitcount|p1: Nidoking|1
|
|-weather|Sandstorm|[upkeep]
|-damage|p2a: Urshifu|46/100|[from] Sandstorm
|upkeep
|
|t:|1667372291
|switch|p1a: Tapu Lele|Tapu Lele|94/100
|-damage|p1a: Tapu Lele|82/100|[from] Stealth Rock
|-fieldstart|move: Psychic Terrain|[from] ability: Psychic Surge|[of] p1a: Tapu Lele
|turn|23
|
|t:|1667372293
|switch|p2a: Volcarona|Volcarona, M|100/100
|move|p1a: Tapu Lele|Psychic|p2a: Volcarona
|-damage|p2a: Volcarona|35/100
|
|-weather|Sandstorm|[upkeep]
|-damage|p1a: Tapu Lele|76/100|[from] Sandstorm
|-damage|p2a: Volcarona|29/100|[from] Sandstorm
|upkeep
|turn|24
|
|t:|1667372299
|move|p1a: Tapu Lele|Psychic|p2a: Volcarona
|-damage|p2a: Volcarona|0 fnt
|faint|p2a: Volcarona
|
|-weather|none
|upkeep
|
|t:|1667372302
|switch|p2a: Urshifu|Urshifu-Rapid-Strike, F|46/100
|-damage|p2a: Urshifu|33/100|[from] Spikes
|turn|25
|
|t:|1667372304
|move|p2a: Urshifu|Surging Strikes|p1a: Tapu Lele
|-crit|p1a: Tapu Lele
|-damage|p1a: Tapu Lele|43/100
|-crit|p1a: Tapu Lele
|-damage|p1a: Tapu Lele|13/100
|-crit|p1a: Tapu Lele
|-damage|p1a: Tapu Lele|0 fnt
|faint|p1a: Tapu Lele
|-hitcount|p1: Tapu Lele|3
|
|upkeep
|
|t:|1667372306
|switch|p1a: Heatran|Heatran, M|100/100
|-damage|p1a: Heatran|88/100|[from] Stealth Rock
|-item|p1a: Heatran|Air Balloon
|turn|26
|
|t:|1667372308
|move|p2a: Urshifu|Surging Strikes|p1a: Heatran
|-supereffective|p1a: Heatran
|-crit|p1a: Heatran
|-damage|p1a: Heatran|54/100
|-enditem|p1a: Heatran|Air Balloon
|-supereffective|p1a: Heatran
|-crit|p1a: Heatran
|-damage|p1a: Heatran|19/100
|-supereffective|p1a: Heatran
|-crit|p1a: Heatran
|-damage|p1a: Heatran|0 fnt
|faint|p1a: Heatran
|-hitcount|p1: Heatran|3
|
|win|Blacksponge
|raw|Saimasseuh v8's rating: 1842 &rarr; <strong>1815</strong><br />(-27 for losing)
|raw|Blacksponge's rating: 1707 &rarr; <strong>1734</strong><br />(+27 for winning)
|l|☆Saimasseuh v8
