|j|☆Alu9204
|j|☆ClapEmCheeks
|t:|1643906971
|gametype|singles
|player|p1|Alu9204|burglar|1341
|player|p2|ClapEmCheeks|interviewers|1378
|teamsize|p1|6
|teamsize|p2|6
|gen|8
|tier|[Gen 8] OU
|rated|
|rule|Sleep Clause Mod: Limit one foe put to sleep
|rule|Species Clause: Limit one of each Pokémon
|rule|OHKO Clause: OHKO moves are banned
|rule|Evasion Moves Clause: Evasion moves are banned
|rule|Endless Battle Clause: Forcing endless battles is banned
|rule|HP Percentage Mod: HP is shown in percentages
|rule|Dynamax Clause: You cannot dynamax
|clearpoke
|poke|p1|Kartana|
|poke|p1|Slowbro, F|
|poke|p1|Zapdos|
|poke|p1|Rillaboom, M|
|poke|p1|Garchomp, M|
|poke|p1|Landorus-Therian, M|
|poke|p2|Tapu Koko|
|poke|p2|Landorus-Therian, M|
|poke|p2|Ferrothorn, F|
|poke|p2|Slowking, F|
|poke|p2|Heatran, M|
|poke|p2|Weavile, M|
|teampreview
|inactive|Battle timer is ON: inactive players will automatically lose when time's up. (requested by ClapEmCheeks)
|
|t:|1643906990
|start
|switch|p1a: Landorus|Landorus-Therian, M|100/100
|switch|p2a: Slowking|Slowking, F|100/100
|-ability|p1a: Landorus|Intimidate|boost
|-unboost|p2a: Slowking|atk|1
|turn|1
|
|t:|1643906999
|move|p1a: Landorus|Toxic|p2a: Slowking
|-status|p2a: Slowking|tox
|move|p2a: Slowking|Future Sight|p1a: Landorus
|-start|p2a: Slowking|move: Future Sight
|
|-damage|p2a: Slowking|94/100 tox|[from] psn
|upkeep
|turn|2
|
|t:|1643907006
|move|p1a: Landorus|Stealth Rock|p2a: Slowking
|-sidestart|p2: ClapEmCheeks|move: Stealth Rock
|move|p2a: Slowking|Teleport|p2a: Slowking
|
|t:|1643907008
|switch|p2a: Weavile|Weavile, M|100/100|[from]move: Teleport
|
|upkeep
|turn|3
|
|t:|1643907014
|move|p2a: Weavile|Swords Dance|p2a: Weavile
|-boost|p2a: Weavile|atk|2
|move|p1a: Landorus|U-turn|p2a: Weavile
|-supereffective|p2a: Weavile
|-damage|p2a: Weavile|19/100
|
|t:|1643907020
|switch|p1a: Kartana|Kartana|100/100|[from]move: U-turn
|
|-end|p1a: Kartana|move: Future Sight
|-resisted|p1a: Kartana
|-damage|p1a: Kartana|39/100
|upkeep
|turn|4
|
|t:|1643907024
|move|p2a: Weavile|Ice Shard|p1a: Kartana
|-damage|p1a: Kartana|0 fnt
|faint|p1a: Kartana
|
|upkeep
|
|t:|1643907029
|switch|p1a: Rillaboom|Rillaboom, M|100/100
|-fieldstart|move: Grassy Terrain|[from] ability: Grassy Surge|[of] p1a: Rillaboom
|turn|5
|
|t:|1643907034
|switch|p2a: Ferrothorn|Ferrothorn, F|100/100
|-damage|p2a: Ferrothorn|95/100|[from] Stealth Rock
|move|p1a: Rillaboom|Grassy Glide|p2a: Ferrothorn
|-resisted|p2a: Ferrothorn
|-damage|p2a: Ferrothorn|85/100
|-damage|p1a: Rillaboom|88/100|[from] ability: Iron Barbs|[of] p2a: Ferrothorn
|-damage|p1a: Rillaboom|78/100|[from] item: Life Orb
|
|-heal|p1a: Rillaboom|84/100|[from] Grassy Terrain
|-heal|p2a: Ferrothorn|91/100|[from] Grassy Terrain
|-heal|p2a: Ferrothorn|97/100|[from] item: Leftovers
|upkeep
|turn|6
|
|t:|1643907040
|switch|p1a: Zapdos|Zapdos|100/100
|move|p2a: Ferrothorn|Stealth Rock|p1a: Zapdos
|-sidestart|p1: Alu9204|move: Stealth Rock
|
|-heal|p2a: Ferrothorn|100/100|[from] Grassy Terrain
|upkeep
|turn|7
|
|t:|1643907047
|move|p1a: Zapdos|Heat Wave|p2a: Ferrothorn
|-supereffective|p2a: Ferrothorn
|-damage|p2a: Ferrothorn|14/100
|move|p2a: Ferrothorn|Leech Seed|p1a: Zapdos
|-start|p1a: Zapdos|move: Leech Seed
|
|-heal|p2a: Ferrothorn|20/100|[from] Grassy Terrain
|-heal|p2a: Ferrothorn|26/100|[from] item: Leftovers
|-damage|p1a: Zapdos|88/100|[from] Leech Seed|[of] p2a: Ferrothorn
|-heal|p2a: Ferrothorn|39/100|[silent]
|upkeep
|turn|8
|
|t:|1643907056
|switch|p2a: Heatran|Heatran, M|100/100
|-damage|p2a: Heatran|88/100|[from] Stealth Rock
|-item|p2a: Heatran|Air Balloon
|move|p1a: Zapdos|Volt Switch|p2a: Heatran
|-damage|p2a: Heatran|58/100
|-enditem|p2a: Heatran|Air Balloon
|
|t:|1643907069
|switch|p1a: Slowbro|Slowbro, F|100/100|[from]move: Volt Switch
|
|-heal|p2a: Heatran|65/100|[from] Grassy Terrain
|upkeep
|turn|9
|
|t:|1643907077
|move|p2a: Heatran|Taunt|p1a: Slowbro
|-start|p1a: Slowbro|move: Taunt
|move|p1a: Slowbro|Future Sight|p2a: Heatran
|-start|p1a: Slowbro|move: Future Sight
|
|-heal|p2a: Heatran|71/100|[from] Grassy Terrain
|-fieldend|move: Grassy Terrain
|upkeep
|turn|10
|
|t:|1643907085
|switch|p2a: Ferrothorn|Ferrothorn, F|39/100
|-damage|p2a: Ferrothorn|33/100|[from] Stealth Rock
|switch|p1a: Landorus|Landorus-Therian, M|100/100
|-damage|p1a: Landorus|88/100|[from] Stealth Rock
|-ability|p1a: Landorus|Intimidate|boost
|-unboost|p2a: Ferrothorn|atk|1
|
|-heal|p1a: Landorus|94/100|[from] item: Leftovers
|-heal|p2a: Ferrothorn|39/100|[from] item: Leftovers
|upkeep
|turn|11
|
|t:|1643907090
|move|p1a: Landorus|Earthquake|p2a: Ferrothorn
|-damage|p2a: Ferrothorn|13/100
|move|p2a: Ferrothorn|Knock Off|p1a: Landorus
|-damage|p1a: Landorus|82/100
|-enditem|p1a: Landorus|Leftovers|[from] move: Knock Off|[of] p2a: Ferrothorn
|
|-end|p2a: Ferrothorn|move: Future Sight
|-resisted|p2a: Ferrothorn
|-damage|p2a: Ferrothorn|0 fnt
|faint|p2a: Ferrothorn
|upkeep
|
|t:|1643907106
|switch|p2a: Weavile|Weavile, M|19/100
|turn|12
|
|t:|1643907111
|move|p2a: Weavile|Triple Axel|p1a: Landorus
|-supereffective|p1a: Landorus
|-damage|p1a: Landorus|44/100
|-supereffective|p1a: Landorus
|-damage|p1a: Landorus|0 fnt
|faint|p1a: Landorus
|-hitcount|p1: Landorus|2
|
|upkeep
|
|t:|1643907117
|switch|p1a: Slowbro|Slowbro, F|100/100
|turn|13
|
|t:|1643907122
|switch|p2a: Tapu Koko|Tapu Koko|100/100
|-fieldstart|move: Electric Terrain|[from] ability: Electric Surge|[of] p2a: Tapu Koko
|move|p1a: Slowbro|Scald|p2a: Tapu Koko
|-damage|p2a: Tapu Koko|55/100
|
|upkeep
|turn|14
|
|t:|1643907134
|switch|p1a: Zapdos|Zapdos|88/100
|move|p2a: Tapu Koko|Roost|p2a: Tapu Koko
|-heal|p2a: Tapu Koko|100/100
|-singleturn|p2a: Tapu Koko|move: Roost
|
|upkeep
|turn|15
|
|t:|1643907143
|move|p2a: Tapu Koko|U-turn|p1a: Zapdos
|-resisted|p1a: Zapdos
|-damage|p1a: Zapdos|82/100
|
|t:|1643907145
|switch|p2a: Landorus|Landorus-Therian, M|100/100|[from]move: U-turn
|-damage|p2a: Landorus|88/100|[from] Stealth Rock
|-ability|p2a: Landorus|Intimidate|boost
|-unboost|p1a: Zapdos|atk|1
|move|p1a: Zapdos|Defog|p2a: Landorus
|-unboost|p2a: Landorus|evasion|1
|-sideend|p2: ClapEmCheeks|Stealth Rock|[from] move: Defog|[of] p1a: Zapdos
|-sideend|p1: Alu9204|Stealth Rock|[from] move: Defog|[of] p1a: Zapdos
|-fieldend|move: Electric Terrain
|
|-heal|p2a: Landorus|94/100|[from] item: Leftovers
|upkeep
|turn|16
|
|t:|1643907156
|move|p1a: Zapdos|Heat Wave|p2a: Landorus
|-damage|p2a: Landorus|72/100
|-status|p2a: Landorus|brn
|move|p2a: Landorus|Toxic|p1a: Zapdos
|-status|p1a: Zapdos|tox
|
|-heal|p2a: Landorus|78/100 brn|[from] item: Leftovers
|-damage|p1a: Zapdos|76/100 tox|[from] psn
|-damage|p2a: Landorus|72/100 brn|[from] brn
|upkeep
|turn|17
|c|☆ClapEmCheeks|Ofc
|c|☆ClapEmCheeks|i literally called it
|
|t:|1643907175
|move|p1a: Zapdos|Heat Wave|p2a: Landorus
|-damage|p2a: Landorus|51/100 brn
|move|p2a: Landorus|U-turn|p1a: Zapdos
|-resisted|p1a: Zapdos
|-damage|p1a: Zapdos|72/100 tox
|
|t:|1643907178
|switch|p2a: Tapu Koko|Tapu Koko|100/100|[from]move: U-turn
|-fieldstart|move: Electric Terrain|[from] ability: Electric Surge|[of] p2a: Tapu Koko
|
|-damage|p1a: Zapdos|60/100 tox|[from] psn
|upkeep
|turn|18
|
|t:|1643907185
|move|p2a: Tapu Koko|Thunderbolt|p1a: Zapdos
|-damage|p1a: Zapdos|18/100 tox
|move|p1a: Zapdos|Roost|p1a: Zapdos
|-heal|p1a: Zapdos|68/100 tox
|-singleturn|p1a: Zapdos|move: Roost
|
|-damage|p1a: Zapdos|50/100 tox|[from] psn
|upkeep
|turn|19
|
|t:|1643907193
|switch|p1a: Garchomp|Garchomp, M|100/100
|move|p2a: Tapu Koko|Dazzling Gleam|p1a: Garchomp
|-supereffective|p1a: Garchomp
|-damage|p1a: Garchomp|30/100
|
|-heal|p1a: Garchomp|36/100|[from] item: Leftovers
|upkeep
|turn|20
|
|t:|1643907201
|switch|p1a: Slowbro|Slowbro, F|100/100
|move|p2a: Tapu Koko|Dazzling Gleam|p1a: Slowbro
|-damage|p1a: Slowbro|66/100
|
|upkeep
|turn|21
|
|t:|1643907206
|move|p2a: Tapu Koko|Thunderbolt|p1a: Slowbro
|-supereffective|p1a: Slowbro
|-damage|p1a: Slowbro|0 fnt
|faint|p1a: Slowbro
|
|-fieldend|move: Electric Terrain
|upkeep
|
|t:|1643907208
|switch|p1a: Rillaboom|Rillaboom, M|84/100
|-fieldstart|move: Grassy Terrain|[from] ability: Grassy Surge|[of] p1a: Rillaboom
|turn|22
|
|t:|1643907220
|switch|p2a: Heatran|Heatran, M|71/100
|switch|p1a: Garchomp|Garchomp, M|36/100
|
|-heal|p1a: Garchomp|42/100|[from] Grassy Terrain
|-heal|p1a: Garchomp|49/100|[from] item: Leftovers
|-heal|p2a: Heatran|77/100|[from] Grassy Terrain
|upkeep
|turn|23
|
|t:|1643907231
|move|p1a: Garchomp|Swords Dance|p1a: Garchomp
|-boost|p1a: Garchomp|atk|2
|move|p2a: Heatran|Eruption|p1a: Garchomp
|-resisted|p1a: Garchomp
|-damage|p1a: Garchomp|13/100
|
|-heal|p1a: Garchomp|19/100|[from] Grassy Terrain
|-heal|p1a: Garchomp|25/100|[from] item: Leftovers
|-heal|p2a: Heatran|83/100|[from] Grassy Terrain
|upkeep
|turn|24
|
|t:|1643907244
|switch|p2a: Weavile|Weavile, M|19/100
|move|p1a: Garchomp|Earthquake|p2a: Weavile
|-damage|p2a: Weavile|0 fnt
|faint|p2a: Weavile
|
|-heal|p1a: Garchomp|31/100|[from] Grassy Terrain
|-heal|p1a: Garchomp|37/100|[from] item: Leftovers
|upkeep
|
|t:|1643907246
|switch|p2a: Tapu Koko|Tapu Koko|100/100
|-fieldstart|move: Electric Terrain|[from] ability: Electric Surge|[of] p2a: Tapu Koko
|turn|25
|
|t:|1643907260
|switch|p1a: Zapdos|Zapdos|50/100 tox
|move|p2a: Tapu Koko|Dazzling Gleam|p1a: Zapdos
|-damage|p1a: Zapdos|20/100 tox
|
|-damage|p1a: Zapdos|14/100 tox|[from] psn
|upkeep
|turn|26
|
|t:|1643907269
|move|p2a: Tapu Koko|Dazzling Gleam|p1a: Zapdos
|-damage|p1a: Zapdos|0 fnt
|faint|p1a: Zapdos
|
|upkeep
|
|t:|1643907271
|switch|p1a: Garchomp|Garchomp, M|37/100
|turn|27
|
|t:|1643907277
|switch|p1a: Rillaboom|Rillaboom, M|84/100
|-fieldstart|move: Grassy Terrain|[from] ability: Grassy Surge|[of] p1a: Rillaboom
|move|p2a: Tapu Koko|Dazzling Gleam|p1a: Rillaboom
|-damage|p1a: Rillaboom|38/100
|
|-heal|p1a: Rillaboom|44/100|[from] Grassy Terrain
|upkeep
|turn|28
|
|t:|1643907282
|switch|p2a: Landorus|Landorus-Therian, M|51/100 brn
|-ability|p2a: Landorus|Intimidate|boost
|-unboost|p1a: Rillaboom|atk|1
|move|p1a: Rillaboom|Swords Dance|p1a: Rillaboom
|-boost|p1a: Rillaboom|atk|2
|
|-heal|p1a: Rillaboom|50/100|[from] Grassy Terrain
|-heal|p2a: Landorus|57/100 brn|[from] item: Leftovers
|-damage|p2a: Landorus|51/100 brn|[from] brn
|upkeep
|turn|29
|
|t:|1643907286
|move|p1a: Rillaboom|Grassy Glide|p2a: Landorus
|-damage|p2a: Landorus|0 fnt
|faint|p2a: Landorus
|-damage|p1a: Rillaboom|40/100|[from] item: Life Orb
|
|-heal|p1a: Rillaboom|46/100|[from] Grassy Terrain
|upkeep
|
|t:|1643907289
|switch|p2a: Tapu Koko|Tapu Koko|100/100
|-fieldstart|move: Electric Terrain|[from] ability: Electric Surge|[of] p2a: Tapu Koko
|turn|30
|
|t:|1643907301
|move|p2a: Tapu Koko|U-turn|p1a: Rillaboom
|-supereffective|p1a: Rillaboom
|-damage|p1a: Rillaboom|8/100
|
|t:|1643907304
|switch|p2a: Heatran|Heatran, M|83/100|[from]move: U-turn
|move|p1a: Rillaboom|Grassy Glide|p2a: Heatran
|-resisted|p2a: Heatran
|-damage|p2a: Heatran|66/100
|-damage|p1a: Rillaboom|0 fnt|[from] item: Life Orb
|faint|p1a: Rillaboom
|
|upkeep
|
|t:|1643907311
|switch|p1a: Garchomp|Garchomp, M|37/100
|turn|31
|
|t:|1643907317
|move|p1a: Garchomp|Scale Shot|p2a: Heatran
|-resisted|p2a: Heatran
|-damage|p2a: Heatran|60/100
|-resisted|p2a: Heatran
|-damage|p2a: Heatran|53/100
|-resisted|p2a: Heatran
|-damage|p2a: Heatran|46/100
|-hitcount|p2a: Heatran|3
|-unboost|p1a: Garchomp|def|1
|-boost|p1a: Garchomp|spe|1
|move|p2a: Heatran|Earth Power|p1a: Garchomp
|-damage|p1a: Garchomp|0 fnt
|faint|p1a: Garchomp
|
|win|ClapEmCheeks
|raw|Alu9204's rating: 1341 &rarr; <strong>1323</strong><br />(-18 for losing)
|raw|ClapEmCheeks's rating: 1378 &rarr; <strong>1396</strong><br />(+18 for winning)
|l|☆ClapEmCheeks
