|j|☆El Stefano
|j|☆tesla roadster
|t:|1667318675
|gametype|singles
|player|p1|El Stefano|101|1750
|player|p2|tesla roadster|265|1703
|teamsize|p1|6
|teamsize|p2|6
|gen|8
|tier|[Gen 8] OU
|rated|
|rule|Sleep Clause Mod: Limit one foe put to sleep
|rule|Species Clause: Limit one of each Pokémon
|rule|OHKO Clause: OHKO moves are banned
|rule|Evasion Items Clause: Evasion items are banned
|rule|Evasion Moves Clause: Evasion moves are banned
|rule|Endless Battle Clause: Forcing endless battles is banned
|rule|HP Percentage Mod: HP is shown in percentages
|rule|Dynamax Clause: You cannot dynamax
|clearpoke
|poke|p1|Reuniclus, F|
|poke|p1|Umbreon, M|
|poke|p1|Quagsire, F|
|poke|p1|Dragonite, F|
|poke|p1|Toxapex, M|
|poke|p1|Tornadus-Therian, M|
|poke|p2|Tyranitar, M|
|poke|p2|Clefable, M|
|poke|p2|Excadrill, M|
|poke|p2|Tangrowth, M|
|poke|p2|Mew|
|poke|p2|Rotom-Wash|
|teampreview
|inactive|Battle timer is ON: inactive players will automatically lose when time's up. (requested by El Stefano)
|c|☆El Stefano|Gl hf
|c|☆tesla roadster|hf
|inactive|tesla roadster has 120 seconds left.
|
|t:|1667318757
|start
|switch|p1a: Toxapex|Toxapex, M|100/100
|switch|p2a: Crescent|Clefable, M, shiny|100/100
|turn|1
|
|t:|1667318764
|move|p2a: Crescent|Stealth Rock|p1a: Toxapex
|-sidestart|p1: El Stefano|move: Stealth Rock
|move|p1a: Toxapex|Toxic Spikes|p2a: Crescent
|-sidestart|p2: tesla roadster|move: Toxic Spikes
|
|upkeep
|turn|2
|
|t:|1667318772
|move|p2a: Crescent|Knock Off|p1a: Toxapex
|-damage|p1a: Toxapex|91/100
|-enditem|p1a: Toxapex|Rocky Helmet|[from] move: Knock Off|[of] p2a: Crescent
|move|p1a: Toxapex|Knock Off|p2a: Crescent
|-resisted|p2a: Crescent
|-damage|p2a: Crescent|95/100
|-damage|p1a: Toxapex|75/100|[from] item: Rocky Helmet|[of] p2a: Crescent
|-enditem|p2a: Crescent|Rocky Helmet|[from] move: Knock Off|[of] p1a: Toxapex
|
|upkeep
|turn|3
|
|t:|1667318779
|move|p2a: Crescent|Moonblast|p1a: Toxapex
|-resisted|p1a: Toxapex
|-damage|p1a: Toxapex|61/100
|move|p1a: Toxapex|Toxic Spikes|p2a: Crescent
|-sidestart|p2: tesla roadster|move: Toxic Spikes
|
|upkeep
|turn|4
|
|t:|1667318789
|switch|p2a: Phantom|Rotom-Wash, shiny|100/100
|move|p1a: Toxapex|Recover|p1a: Toxapex
|-heal|p1a: Toxapex|100/100
|
|upkeep
|turn|5
|
|t:|1667318793
|move|p2a: Phantom|Volt Switch|p1a: Toxapex
|-supereffective|p1a: Toxapex
|-damage|p1a: Toxapex|58/100
|
|t:|1667318796
|switch|p2a: Crescent|Clefable, M, shiny|95/100|[from]move: Volt Switch
|-status|p2a: Crescent|tox
|move|p1a: Toxapex|Toxic|p2a: Crescent
|-fail|p2a: Crescent|tox
|
|upkeep
|turn|6
|
|t:|1667318802
|switch|p2a: Phantom|Rotom-Wash, shiny|100/100
|move|p1a: Toxapex|Knock Off|p2a: Phantom
|-damage|p2a: Phantom|84/100
|-enditem|p2a: Phantom|Leftovers|[from] move: Knock Off|[of] p1a: Toxapex
|
|upkeep
|turn|7
|
|t:|1667318810
|move|p2a: Phantom|Volt Switch|p1a: Toxapex
|-supereffective|p1a: Toxapex
|-damage|p1a: Toxapex|14/100
|
|t:|1667318814
|switch|p2a: Impaler|Excadrill, M, shiny|100/100|[from]move: Volt Switch
|move|p1a: Toxapex|Recover|p1a: Toxapex
|-heal|p1a: Toxapex|64/100
|
|upkeep
|turn|8
|
|t:|1667318825
|switch|p1a: Tornadus|Tornadus-Therian, M|100/100
|move|p2a: Impaler|Earthquake|p1a: Tornadus
|-immune|p1a: Tornadus
|
|upkeep
|turn|9
|
|t:|1667318836
|switch|p2a: Crescent|Clefable, M, shiny|95/100 tox
|move|p1a: Tornadus|Hurricane|p2a: Crescent|[miss]
|-miss|p1a: Tornadus|p2a: Crescent
|
|upkeep
|turn|10
|
|t:|1667318844
|switch|p1a: Toxapex|Toxapex, M|98/100
|-damage|p1a: Toxapex|85/100|[from] Stealth Rock
|switch|p2a: Phantom|Rotom-Wash, shiny|84/100
|
|upkeep
|turn|11
|
|t:|1667318851
|move|p2a: Phantom|Volt Switch|p1a: Toxapex
|-supereffective|p1a: Toxapex
|-damage|p1a: Toxapex|42/100
|
|t:|1667318856
|switch|p2a: Crescent|Clefable, M, shiny|95/100 tox|[from]move: Volt Switch
|move|p1a: Toxapex|Recover|p1a: Toxapex
|-heal|p1a: Toxapex|92/100
|
|upkeep
|turn|12
|
|t:|1667318861
|move|p2a: Crescent|Moonblast|p1a: Toxapex
|-resisted|p1a: Toxapex
|-damage|p1a: Toxapex|79/100
|move|p1a: Toxapex|Knock Off|p2a: Crescent
|-resisted|p2a: Crescent
|-damage|p2a: Crescent|91/100 tox
|
|upkeep
|turn|13
|
|t:|1667318870
|switch|p1a: Reuniclus|Reuniclus, F|100/100
|-damage|p1a: Reuniclus|88/100|[from] Stealth Rock
|move|p2a: Crescent|Moonblast|p1a: Reuniclus
|-damage|p1a: Reuniclus|74/100
|
|upkeep
|turn|14
|
|t:|1667318878
|switch|p2a: Impaler|Excadrill, M, shiny|100/100
|switch|p1a: Toxapex|Toxapex, M|100/100
|-damage|p1a: Toxapex|88/100|[from] Stealth Rock
|
|upkeep
|turn|15
|
|t:|1667318885
|switch|p1a: Tornadus|Tornadus-Therian, M|100/100
|move|p2a: Impaler|Rapid Spin|p1a: Tornadus
|-damage|p1a: Tornadus|82/100
|-boost|p2a: Impaler|spe|1
|-sideend|p2: tesla roadster|Toxic Spikes|[from] move: Rapid Spin|[of] p2a: Impaler
|
|upkeep
|turn|16
|
|t:|1667318892
|switch|p2a: Crescent|Clefable, M, shiny|91/100 tox
|move|p1a: Tornadus|Defog|p2a: Crescent
|-unboost|p2a: Crescent|evasion|1
|-sideend|p1: El Stefano|Stealth Rock|[from] move: Defog|[of] p1a: Tornadus
|
|upkeep
|turn|17
|
|t:|1667318897
|move|p1a: Tornadus|Taunt|p2a: Crescent
|-start|p2a: Crescent|move: Taunt
|cant|p2a: Crescent|move: Taunt|Stealth Rock
|
|upkeep
|turn|18
|
|t:|1667318905
|switch|p2a: Phantom|Rotom-Wash, shiny|84/100
|move|p1a: Tornadus|Hurricane|p2a: Phantom|[miss]
|-miss|p1a: Tornadus|p2a: Phantom
|
|upkeep
|turn|19
|
|t:|1667318913
|switch|p1a: Reuniclus|Reuniclus, F|100/100
|move|p2a: Phantom|Volt Switch|p1a: Reuniclus
|-damage|p1a: Reuniclus|90/100
|
|t:|1667318916
|switch|p2a: Chaos|Mew, shiny|100/100|[from]move: Volt Switch
|
|upkeep
|turn|20
|j| xiezhouqun1
|
|t:|1667318924
|move|p2a: Chaos|Taunt|p1a: Reuniclus
|-start|p1a: Reuniclus|move: Taunt
|move|p1a: Reuniclus|Knock Off|p2a: Chaos
|-supereffective|p2a: Chaos
|-damage|p2a: Chaos|75/100
|-enditem|p2a: Chaos|Leftovers|[from] move: Knock Off|[of] p1a: Reuniclus
|
|upkeep
|turn|21
|
|t:|1667318937
|move|p2a: Chaos|Spikes|p1a: Reuniclus
|-sidestart|p1: El Stefano|Spikes
|move|p1a: Reuniclus|Infestation|p2a: Chaos
|-supereffective|p2a: Chaos
|-damage|p2a: Chaos|66/100
|-activate|p2a: Chaos|move: Infestation|[of] p1a: Reuniclus
|
|-damage|p2a: Chaos|54/100|[from] move: Infestation|[partiallytrapped]
|upkeep
|turn|22
|
|t:|1667318946
|move|p2a: Chaos|Roost|p2a: Chaos
|-heal|p2a: Chaos|100/100
|-singleturn|p2a: Chaos|move: Roost
|move|p1a: Reuniclus|Future Sight|p2a: Chaos
|-start|p1a: Reuniclus|move: Future Sight
|
|-damage|p2a: Chaos|88/100|[from] move: Infestation|[partiallytrapped]
|-end|p1a: Reuniclus|move: Taunt
|upkeep
|turn|23
|
|t:|1667318955
|switch|p1a: Tornadus|Tornadus-Therian, M|100/100
|move|p2a: Chaos|Taunt|p1a: Tornadus
|-start|p1a: Tornadus|move: Taunt
|
|-end|p2a: Chaos|Infestation|[partiallytrapped]|[silent]
|upkeep
|turn|24
|
|t:|1667318968
|switch|p2a: Rex|Tyranitar, M, shiny|100/100
|-weather|Sandstorm|[from] ability: Sand Stream|[of] p2a: Rex
|move|p1a: Tornadus|Hurricane|p2a: Rex
|-resisted|p2a: Rex
|-crit|p2a: Rex
|-damage|p2a: Rex|79/100
|
|-weather|Sandstorm|[upkeep]
|-damage|p1a: Tornadus|94/100|[from] Sandstorm
|-end|p2a: Rex|move: Future Sight
|-immune|p2a: Rex
|upkeep
|turn|25
|j| 2(H2O)-Alt
|
|t:|1667318979
|switch|p1a: Toxapex|Toxapex, M|100/100
|-damage|p1a: Toxapex|88/100|[from] Spikes
|move|p2a: Rex|Assurance|p1a: Toxapex
|-damage|p1a: Toxapex|29/100
|
|-weather|Sandstorm|[upkeep]
|-damage|p1a: Toxapex|23/100|[from] Sandstorm
|upkeep
|turn|26
|
|t:|1667318988
|switch|p1a: Umbreon|Umbreon, M|100/100
|-damage|p1a: Umbreon|88/100|[from] Spikes
|move|p2a: Rex|Assurance|p1a: Umbreon
|-resisted|p1a: Umbreon
|-damage|p1a: Umbreon|59/100
|
|-weather|Sandstorm|[upkeep]
|-damage|p1a: Umbreon|53/100|[from] Sandstorm
|-heal|p1a: Umbreon|59/100|[from] item: Leftovers
|upkeep
|turn|27
|inactive|tesla roadster has 120 seconds left.
|
|t:|1667319022
|switch|p2a: Chaos|Mew, shiny|88/100
|move|p1a: Umbreon|Wish|p1a: Umbreon
|
|-weather|Sandstorm|[upkeep]
|-damage|p2a: Chaos|82/100|[from] Sandstorm
|-damage|p1a: Umbreon|53/100|[from] Sandstorm
|-heal|p1a: Umbreon|59/100|[from] item: Leftovers
|upkeep
|turn|28
|inactive|tesla roadster has 120 seconds left.
|
|t:|1667319032
|move|p2a: Chaos|Spikes|p1a: Umbreon
|-sidestart|p1: El Stefano|Spikes
|move|p1a: Umbreon|Foul Play|p2a: Chaos
|-supereffective|p2a: Chaos
|-crit|p2a: Chaos
|-damage|p2a: Chaos|2/100
|
|-weather|none
|-heal|p1a: Umbreon|100/100|[from] move: Wish|[wisher] Umbreon
|upkeep
|turn|29
|
|t:|1667319041
|move|p2a: Chaos|Roost|p2a: Chaos
|-heal|p2a: Chaos|53/100
|-singleturn|p2a: Chaos|move: Roost
|move|p1a: Umbreon|Foul Play|p2a: Chaos
|-supereffective|p2a: Chaos
|-damage|p2a: Chaos|0 fnt
|faint|p2a: Chaos
|
|upkeep
|
|t:|1667319047
|switch|p2a: Rex|Tyranitar, M, shiny|79/100
|-weather|Sandstorm|[from] ability: Sand Stream|[of] p2a: Rex
|turn|30
|-message|tesla roadster forfeited.
|
|win|El Stefano
|raw|El Stefano's rating: 1750 &rarr; <strong>1767</strong><br />(+17 for winning)
|raw|tesla roadster's rating: 1703 &rarr; <strong>1686</strong><br />(-17 for losing)
|l|☆tesla roadster
