|j|☆yung_iznamakin
|j|☆Pks No Shucks
|t:|1647812657
|gametype|singles
|player|p1|yung_iznamakin|ninjaboy|1399
|player|p2|Pks No Shucks|crasherwake|1426
|teamsize|p1|6
|teamsize|p2|6
|gen|8
|tier|[Gen 8] OU
|rated|
|rule|Sleep Clause Mod: Limit one foe put to sleep
|rule|Species Clause: Limit one of each Pokémon
|rule|OHKO Clause: OHKO moves are banned
|rule|Evasion Moves Clause: Evasion moves are banned
|rule|Endless Battle Clause: Forcing endless battles is banned
|rule|HP Percentage Mod: HP is shown in percentages
|rule|Dynamax Clause: You cannot dynamax
|clearpoke
|poke|p1|Hawlucha, M|
|poke|p1|Tapu Koko|
|poke|p1|Volcarona, F|
|poke|p1|Corviknight, M|
|poke|p1|Slowking-Galar, M|
|poke|p1|Nidoking, M|
|poke|p2|Weavile, F|
|poke|p2|Landorus-Therian, M|
|poke|p2|Mew|
|poke|p2|Mantine, M|
|poke|p2|Tapu Lele|
|poke|p2|Blissey, F|
|teampreview
|
|t:|1647812666
|start
|switch|p1a: Tapu Koko|Tapu Koko|100/100
|switch|p2a: Landorus|Landorus-Therian, M, shiny|100/100
|-fieldstart|move: Electric Terrain|[from] ability: Electric Surge|[of] p1a: Tapu Koko
|-ability|p2a: Landorus|Intimidate|boost
|-unboost|p1a: Tapu Koko|atk|1
|turn|1
|inactive|Battle timer is ON: inactive players will automatically lose when time's up. (requested by yung_iznamakin)
|
|t:|1647812675
|move|p1a: Tapu Koko|Taunt|p2a: Landorus
|-start|p2a: Landorus|move: Taunt
|cant|p2a: Landorus|move: Taunt|Substitute
|
|upkeep
|turn|2
|
|t:|1647812682
|move|p1a: Tapu Koko|U-turn|p2a: Landorus
|-resisted|p2a: Landorus
|-damage|p2a: Landorus|94/100
|
|t:|1647812685
|switch|p1a: Corviknight|Corviknight, M|100/100|[from]move: U-turn
|-ability|p1a: Corviknight|Pressure
|move|p2a: Landorus|Earthquake|p1a: Corviknight
|-immune|p1a: Corviknight
|
|-heal|p2a: Landorus|100/100|[from] item: Leftovers
|upkeep
|turn|3
|
|t:|1647812696
|switch|p2a: Mantine|Mantine, M, shiny|100/100
|move|p1a: Corviknight|U-turn|p2a: Mantine
|-resisted|p2a: Mantine
|-damage|p2a: Mantine|95/100
|
|t:|1647812703
|switch|p1a: Tapu Koko|Tapu Koko|100/100|[from]move: U-turn
|
|upkeep
|turn|4
|
|t:|1647812710
|move|p1a: Tapu Koko|U-turn|p2a: Mantine
|-resisted|p2a: Mantine
|-damage|p2a: Mantine|87/100
|
|t:|1647812713
|switch|p1a: Slowking|Slowking-Galar, M|100/100|[from]move: U-turn
|move|p2a: Mantine|Toxic|p1a: Slowking
|-immune|p1a: Slowking
|
|upkeep
|turn|5
|
|t:|1647812720
|switch|p2a: Blissey|Blissey, F, shiny|100/100
|move|p1a: Slowking|Future Sight|p2a: Blissey
|-start|p1a: Slowking|move: Future Sight
|
|-fieldend|move: Electric Terrain
|upkeep
|turn|6
|
|t:|1647812728
|switch|p1a: Tapu Koko|Tapu Koko|100/100
|-fieldstart|move: Electric Terrain|[from] ability: Electric Surge|[of] p1a: Tapu Koko
|move|p2a: Blissey|Teleport|p2a: Blissey
|
|t:|1647812736
|switch|p2a: Landorus|Landorus-Therian, M, shiny|100/100|[from]move: Teleport
|-ability|p2a: Landorus|Intimidate|boost
|-unboost|p1a: Tapu Koko|atk|1
|
|upkeep
|turn|7
|
|t:|1647812746
|switch|p2a: Blissey|Blissey, F, shiny|100/100
|move|p1a: Tapu Koko|U-turn|p2a: Blissey
|-damage|p2a: Blissey|91/100
|
|t:|1647812750
|switch|p1a: Hawlucha|Hawlucha, M|100/100|[from]move: U-turn
|-enditem|p1a: Hawlucha|Electric Seed
|-boost|p1a: Hawlucha|def|1|[from] item: Electric Seed
|
|-end|p2a: Blissey|move: Future Sight
|-damage|p2a: Blissey|74/100
|upkeep
|turn|8
|
|t:|1647812762
|switch|p2a: Mantine|Mantine, M, shiny|87/100
|move|p1a: Hawlucha|Swords Dance|p1a: Hawlucha
|-boost|p1a: Hawlucha|atk|2
|
|upkeep
|turn|9
|
|t:|1647812769
|move|p1a: Hawlucha|Stone Edge|p2a: Mantine|[miss]
|-miss|p1a: Hawlucha|p2a: Mantine
|move|p2a: Mantine|Scald|p1a: Hawlucha
|-damage|p1a: Hawlucha|65/100
|
|upkeep
|turn|10
|
|t:|1647812777
|switch|p2a: Landorus|Landorus-Therian, M, shiny|100/100
|-ability|p2a: Landorus|Intimidate|boost
|-unboost|p1a: Hawlucha|atk|1
|move|p1a: Hawlucha|Stone Edge|p2a: Landorus
|-damage|p2a: Landorus|55/100
|
|-heal|p2a: Landorus|61/100|[from] item: Leftovers
|-fieldend|move: Electric Terrain
|upkeep
|turn|11
|
|t:|1647812789
|move|p1a: Hawlucha|Acrobatics|p2a: Landorus
|-damage|p2a: Landorus|0 fnt
|faint|p2a: Landorus
|
|upkeep
|
|t:|1647812798
|switch|p2a: Mew|Mew, shiny|100/100
|turn|12
|
|t:|1647812802
|move|p1a: Hawlucha|Swords Dance|p1a: Hawlucha
|-boost|p1a: Hawlucha|atk|2
|move|p2a: Mew|Psychic Fangs|p1a: Hawlucha
|-supereffective|p1a: Hawlucha
|-damage|p1a: Hawlucha|0 fnt
|faint|p1a: Hawlucha
|-damage|p2a: Mew|91/100|[from] item: Life Orb
|
|upkeep
|
|t:|1647812809
|switch|p1a: Tapu Koko|Tapu Koko|100/100
|-fieldstart|move: Electric Terrain|[from] ability: Electric Surge|[of] p1a: Tapu Koko
|turn|13
|
|t:|1647812815
|move|p1a: Tapu Koko|Reflect|p1a: Tapu Koko
|-sidestart|p1: yung_iznamakin|Reflect
|move|p2a: Mew|Dragon Dance|p2a: Mew
|-boost|p2a: Mew|atk|1
|-boost|p2a: Mew|spe|1
|
|upkeep
|turn|14
|
|t:|1647812823
|move|p2a: Mew|Dragon Dance|p2a: Mew
|-boost|p2a: Mew|atk|1
|-boost|p2a: Mew|spe|1
|move|p1a: Tapu Koko|Taunt|p2a: Mew
|-start|p2a: Mew|move: Taunt
|
|upkeep
|turn|15
|
|t:|1647812830
|move|p2a: Mew|Psychic Fangs|p1a: Tapu Koko
|-sideend|p1: yung_iznamakin|Reflect
|-damage|p1a: Tapu Koko|0 fnt
|faint|p1a: Tapu Koko
|-damage|p2a: Mew|81/100|[from] item: Life Orb
|
|upkeep
|-message|yung_iznamakin forfeited.
|
|win|Pks No Shucks
|raw|yung_iznamakin's rating: 1399 &rarr; <strong>1381</strong><br />(-18 for losing)
|raw|Pks No Shucks's rating: 1426 &rarr; <strong>1444</strong><br />(+18 for winning)
|l|☆yung_iznamakin
||Ladder isn't responding, score probably updated but might not have (Request timeout).
