|j|☆minimax_ai
|j|☆quixana
|t:|1667987973
|gametype|singles
|player|p1|minimax_ai|169|1633
|player|p2|quixana|1|1835
|teamsize|p1|6
|teamsize|p2|6
|gen|8
|tier|[Gen 8] OU
|rated|
|rule|Sleep Clause Mod: Limit one foe put to sleep
|rule|Species Clause: Limit one of each Pokémon
|rule|OHKO Clause: OHKO moves are banned
|rule|Evasion Items Clause: Evasion items are banned
|rule|Evasion Moves Clause: Evasion moves are banned
|rule|Endless Battle Clause: Forcing endless battles is banned
|rule|HP Percentage Mod: HP is shown in percentages
|rule|Dynamax Clause: You cannot dynamax
|clearpoke
|poke|p1|Rotom-Wash|
|poke|p1|Weavile, F|
|poke|p1|Landorus-Therian, M|
|poke|p1|Heatran, M|
|poke|p1|Tangrowth, F|
|poke|p1|Melmetal|
|poke|p2|Kartana|
|poke|p2|Buzzwole|
|poke|p2|Tapu Lele|
|poke|p2|Landorus-Therian, M|
|poke|p2|Slowbro, F|
|poke|p2|Blissey, F|
|teampreview
|c|☆minimax_ai|hf
|inactive|Battle timer is ON: inactive players will automatically lose when time's up. (requested by minimax_ai)
|inactive|quixana has 120 seconds left.
|inactive|quixana has 90 seconds left.
|
|t:|1667988059
|start
|switch|p1a: landorustherian|Landorus-Therian, M|100/100
|switch|p2a: Buzzwole|Buzzwole|100/100
|-ability|p1a: landorustherian|Intimidate|boost
|-unboost|p2a: Buzzwole|atk|1
|turn|1
|
|t:|1667988067
|switch|p1a: rotomwash|Rotom-Wash|100/100
|move|p2a: Buzzwole|Ice Punch|p1a: rotomwash
|-resisted|p1a: rotomwash
|-damage|p1a: rotomwash|92/100
|
|-heal|p1a: rotomwash|98/100|[from] item: Leftovers
|upkeep
|turn|2
|
|t:|1667988079
|switch|p2a: Landorus|Landorus-Therian, M|100/100
|-ability|p2a: Landorus|Intimidate|boost
|-unboost|p1a: rotomwash|atk|1
|move|p1a: rotomwash|Hydro Pump|p2a: Landorus|[miss]
|-miss|p1a: rotomwash|p2a: Landorus
|
|-heal|p1a: rotomwash|100/100|[from] item: Leftovers
|upkeep
|turn|3
|
|t:|1667988093
|switch|p2a: Blissey|Blissey, F|100/100
|move|p1a: rotomwash|Hydro Pump|p2a: Blissey|[miss]
|-miss|p1a: rotomwash|p2a: Blissey
|
|upkeep
|turn|4
|
|t:|1667988102
|switch|p1a: Melmetal|Melmetal|100/100
|move|p2a: Blissey|Toxic|p1a: Melmetal
|-immune|p1a: Melmetal
|
|upkeep
|turn|5
|
|t:|1667988104
|switch|p2a: Slowbro|Slowbro, F, shiny|100/100
|move|p1a: Melmetal|Ice Punch|p2a: Slowbro
|-resisted|p2a: Slowbro
|-damage|p2a: Slowbro|91/100
|-damage|p1a: Melmetal|84/100|[from] item: Rocky Helmet|[of] p2a: Slowbro
|
|upkeep
|turn|6
|
|t:|1667988109
|switch|p1a: rotomwash|Rotom-Wash|100/100
|move|p2a: Slowbro|Teleport|p2a: Slowbro
|
|t:|1667988131
|switch|p2a: Kartana|Kartana|100/100|[from]move: Teleport
|
|upkeep
|turn|7
|
|t:|1667988138
|switch|p1a: Tangrowth|Tangrowth, F|100/100
|move|p2a: Kartana|Knock Off|p1a: Tangrowth
|-damage|p1a: Tangrowth|69/100
|-damage|p2a: Kartana|84/100|[from] item: Rocky Helmet|[of] p1a: Tangrowth
|-enditem|p1a: Tangrowth|Rocky Helmet|[from] move: Knock Off|[of] p2a: Kartana
|
|upkeep
|turn|8
|
|t:|1667988148
|switch|p2a: Blissey|Blissey, F|100/100
|move|p1a: Tangrowth|Giga Drain|p2a: Blissey
|-damage|p2a: Blissey|90/100
|-heal|p1a: Tangrowth|78/100|[from] drain|[of] p2a: Blissey
|
|upkeep
|turn|9
|
|t:|1667988155
|switch|p1a: Heatran|Heatran, M|100/100
|-item|p1a: Heatran|Air Balloon
|move|p2a: Blissey|Toxic|p1a: Heatran
|-immune|p1a: Heatran
|
|upkeep
|turn|10
|
|t:|1667988159
|switch|p2a: Landorus|Landorus-Therian, M|100/100
|-ability|p2a: Landorus|Intimidate|boost
|-unboost|p1a: Heatran|atk|1
|move|p1a: Heatran|Stealth Rock|p2a: Landorus
|-sidestart|p2: quixana|move: Stealth Rock
|
|upkeep
|turn|11
|
|t:|1667988165
|move|p1a: Heatran|Eruption|p2a: Landorus
|-damage|p2a: Landorus|44/100
|move|p2a: Landorus|U-turn|p1a: Heatran
|-resisted|p1a: Heatran
|-damage|p1a: Heatran|96/100
|-enditem|p1a: Heatran|Air Balloon
|
|t:|1667988174
|switch|p2a: Buzzwole|Buzzwole|100/100|[from]move: U-turn
|-damage|p2a: Buzzwole|88/100|[from] Stealth Rock
|
|upkeep
|turn|12
|
|t:|1667988179
|move|p2a: Buzzwole|Close Combat|p1a: Heatran
|-supereffective|p1a: Heatran
|-damage|p1a: Heatran|0 fnt
|-unboost|p2a: Buzzwole|def|1
|-unboost|p2a: Buzzwole|spd|1
|faint|p1a: Heatran
|-ability|p2a: Buzzwole|Beast Boost|boost
|-boost|p2a: Buzzwole|atk|1
|
|upkeep
|
|t:|1667988179
|switch|p1a: rotomwash|Rotom-Wash|100/100
|turn|13
|
|t:|1667988182
|move|p2a: Buzzwole|Close Combat|p1a: rotomwash
|-damage|p1a: rotomwash|4/100
|-unboost|p2a: Buzzwole|def|1
|-unboost|p2a: Buzzwole|spd|1
|move|p1a: rotomwash|Hydro Pump|p2a: Buzzwole|[miss]
|-miss|p1a: rotomwash|p2a: Buzzwole
|
|-heal|p1a: rotomwash|10/100|[from] item: Leftovers
|upkeep
|turn|14
|
|t:|1667988187
|switch|p1a: Tangrowth|Tangrowth, F|100/100
|move|p2a: Buzzwole|Close Combat|p1a: Tangrowth
|-damage|p1a: Tangrowth|51/100
|-unboost|p2a: Buzzwole|def|1
|-unboost|p2a: Buzzwole|spd|1
|
|upkeep
|turn|15
|
|t:|1667988215
|switch|p2a: Blissey|Blissey, F|90/100
|switch|p1a: landorustherian|Landorus-Therian, M|100/100
|-ability|p1a: landorustherian|Intimidate|boost
|-unboost|p2a: Blissey|atk|1
|
|upkeep
|turn|16
|
|t:|1667988222
|move|p1a: landorustherian|U-turn|p2a: Blissey
|-damage|p2a: Blissey|73/100
|
|t:|1667988222
|switch|p1a: Melmetal|Melmetal|84/100|[from]move: U-turn
|move|p2a: Blissey|Seismic Toss|p1a: Melmetal
|-damage|p1a: Melmetal|61/100
|
|upkeep
|turn|17
|
|t:|1667988226
|switch|p2a: Slowbro|Slowbro, F, shiny|100/100
|-damage|p2a: Slowbro|88/100|[from] Stealth Rock
|move|p1a: Melmetal|Double Iron Bash|p2a: Slowbro
|-resisted|p2a: Slowbro
|-damage|p2a: Slowbro|77/100
|-damage|p1a: Melmetal|45/100|[from] item: Rocky Helmet|[of] p2a: Slowbro
|-resisted|p2a: Slowbro
|-damage|p2a: Slowbro|64/100
|-damage|p1a: Melmetal|28/100|[from] item: Rocky Helmet|[of] p2a: Slowbro
|-hitcount|p2a: Slowbro|2
|
|upkeep
|turn|18
|
|t:|1667988230
|move|p1a: Melmetal|Double Iron Bash|p2a: Slowbro
|-resisted|p2a: Slowbro
|-damage|p2a: Slowbro|52/100
|-damage|p1a: Melmetal|12/100|[from] item: Rocky Helmet|[of] p2a: Slowbro
|-resisted|p2a: Slowbro
|-damage|p2a: Slowbro|41/100
|-damage|p1a: Melmetal|0 fnt|[from] item: Rocky Helmet|[of] p2a: Slowbro
|faint|p1a: Melmetal
|-hitcount|p2a: Slowbro|2
|move|p2a: Slowbro|Teleport|p2a: Slowbro
|
|t:|1667988241
|switch|p2a: Buzzwole|Buzzwole|88/100|[from]move: Teleport
|-damage|p2a: Buzzwole|76/100|[from] Stealth Rock
|
|upkeep
|
|t:|1667988241
|switch|p1a: landorustherian|Landorus-Therian, M|100/100
|-ability|p1a: landorustherian|Intimidate|boost
|-unboost|p2a: Buzzwole|atk|1
|turn|19
|
|t:|1667988255
|switch|p2a: Slowbro|Slowbro, F, shiny|74/100
|-damage|p2a: Slowbro|62/100|[from] Stealth Rock
|switch|p1a: Tangrowth|Tangrowth, F|84/100
|
|upkeep
|turn|20
|
|t:|1667988260
|switch|p2a: Blissey|Blissey, F|73/100
|move|p1a: Tangrowth|Sleep Powder|p2a: Blissey
|-status|p2a: Blissey|slp|[from] move: Sleep Powder
|
|upkeep
|turn|21
|
|t:|1667988276
|cant|p2a: Blissey|slp
|move|p1a: Tangrowth|Sleep Powder|p2a: Blissey
|-fail|p2a: Blissey|slp
|
|upkeep
|turn|22
|
|t:|1667988281
|cant|p2a: Blissey|slp
|move|p1a: Tangrowth|Sleep Powder|p2a: Blissey|[miss]
|-miss|p1a: Tangrowth|p2a: Blissey
|
|upkeep
|turn|23
|
|t:|1667988283
|-curestatus|p2a: Blissey|slp|[msg]
|move|p2a: Blissey|Stealth Rock|p1a: Tangrowth
|-sidestart|p1: minimax_ai|move: Stealth Rock
|move|p1a: Tangrowth|Sleep Powder|p2a: Blissey
|-status|p2a: Blissey|slp|[from] move: Sleep Powder
|
|upkeep
|turn|24
|
|t:|1667988286
|cant|p2a: Blissey|slp
|move|p1a: Tangrowth|Sleep Powder|p2a: Blissey|[miss]
|-miss|p1a: Tangrowth|p2a: Blissey
|
|upkeep
|turn|25
|
|t:|1667988288
|cant|p2a: Blissey|slp
|move|p1a: Tangrowth|Sleep Powder|p2a: Blissey
|-fail|p2a: Blissey|slp
|
|upkeep
|turn|26
|
|t:|1667988289
|cant|p2a: Blissey|slp
|move|p1a: Tangrowth|Sleep Powder|p2a: Blissey
|-fail|p2a: Blissey|slp
|
|upkeep
|turn|27
|
|t:|1667988291
|-curestatus|p2a: Blissey|slp|[msg]
|move|p2a: Blissey|Toxic|p1a: Tangrowth|[miss]
|-miss|p2a: Blissey|p1a: Tangrowth
|move|p1a: Tangrowth|Sleep Powder|p2a: Blissey
|-status|p2a: Blissey|slp|[from] move: Sleep Powder
|
|upkeep
|turn|28
|
|t:|1667988293
|cant|p2a: Blissey|slp
|move|p1a: Tangrowth|Sleep Powder|p2a: Blissey|[miss]
|-miss|p1a: Tangrowth|p2a: Blissey
|
|upkeep
|turn|29
|
|t:|1667988294
|cant|p2a: Blissey|slp
|move|p1a: Tangrowth|Sleep Powder|p2a: Blissey
|-fail|p2a: Blissey|slp
|
|upkeep
|turn|30
|
|t:|1667988296
|-curestatus|p2a: Blissey|slp|[msg]
|move|p2a: Blissey|Toxic|p1a: Tangrowth
|-status|p1a: Tangrowth|tox
|move|p1a: Tangrowth|Sleep Powder|p2a: Blissey|[miss]
|-miss|p1a: Tangrowth|p2a: Blissey
|
|-damage|p1a: Tangrowth|78/100 tox|[from] psn
|upkeep
|turn|31
|
|t:|1667988305
|move|p2a: Blissey|Seismic Toss|p1a: Tangrowth
|-damage|p1a: Tangrowth|53/100 tox
|move|p1a: Tangrowth|Sleep Powder|p2a: Blissey
|-status|p2a: Blissey|slp|[from] move: Sleep Powder
|
|-damage|p1a: Tangrowth|41/100 tox|[from] psn
|upkeep
|turn|32
|
|t:|1667988308
|switch|p1a: landorustherian|Landorus-Therian, M|100/100
|-damage|p1a: landorustherian|88/100|[from] Stealth Rock
|-ability|p1a: landorustherian|Intimidate|boost
|-unboost|p2a: Blissey|atk|1
|cant|p2a: Blissey|slp
|
|-heal|p1a: landorustherian|94/100|[from] item: Leftovers
|upkeep
|turn|33
|
|t:|1667988314
|-curestatus|p2a: Blissey|slp|[from] ability: Natural Cure
|switch|p2a: Slowbro|Slowbro, F, shiny|95/100
|-damage|p2a: Slowbro|82/100|[from] Stealth Rock
|move|p1a: landorustherian|Toxic|p2a: Slowbro
|-status|p2a: Slowbro|tox
|
|-heal|p1a: landorustherian|99/100|[from] item: Leftovers
|-damage|p2a: Slowbro|76/100 tox|[from] psn
|upkeep
|turn|34
|
|t:|1667988323
|move|p1a: landorustherian|U-turn|p2a: Slowbro
|-supereffective|p2a: Slowbro
|-damage|p2a: Slowbro|48/100 tox
|-damage|p1a: landorustherian|84/100|[from] item: Rocky Helmet|[of] p2a: Slowbro
|
|t:|1667988323
|switch|p1a: Tangrowth|Tangrowth, F|74/100 tox|[from]move: U-turn
|-damage|p1a: Tangrowth|62/100 tox|[from] Stealth Rock
|move|p2a: Slowbro|Scald|p1a: Tangrowth
|-resisted|p1a: Tangrowth
|-damage|p1a: Tangrowth|40/100 tox
|
|-damage|p1a: Tangrowth|34/100 tox|[from] psn
|-damage|p2a: Slowbro|36/100 tox|[from] psn
|upkeep
|turn|35
|
|t:|1667988334
|switch|p2a: Landorus|Landorus-Therian, M|44/100
|-damage|p2a: Landorus|32/100|[from] Stealth Rock
|-ability|p2a: Landorus|Intimidate|boost
|-unboost|p1a: Tangrowth|atk|1
|move|p1a: Tangrowth|Sleep Powder|p2a: Landorus|[miss]
|-miss|p1a: Tangrowth|p2a: Landorus
|
|-heal|p2a: Landorus|38/100|[from] item: Leftovers
|-damage|p1a: Tangrowth|22/100 tox|[from] psn
|upkeep
|turn|36
|
|t:|1667988338
|switch|p1a: landorustherian|Landorus-Therian, M|84/100
|-damage|p1a: landorustherian|71/100|[from] Stealth Rock
|-ability|p1a: landorustherian|Intimidate|boost
|-unboost|p2a: Landorus|atk|1
|move|p2a: Landorus|U-turn|p1a: landorustherian
|-resisted|p1a: landorustherian
|-damage|p1a: landorustherian|64/100
|
|t:|1667988352
|switch|p2a: Kartana|Kartana|84/100|[from]move: U-turn
|-damage|p2a: Kartana|78/100|[from] Stealth Rock
|
|-heal|p1a: landorustherian|70/100|[from] item: Leftovers
|upkeep
|turn|37
|
|t:|1667988358
|move|p2a: Kartana|Leaf Blade|p1a: landorustherian
|-damage|p1a: landorustherian|0 fnt
|faint|p1a: landorustherian
|-ability|p2a: Kartana|Beast Boost|boost
|-boost|p2a: Kartana|atk|1
|
|upkeep
|
|t:|1667988358
|switch|p1a: Tangrowth|Tangrowth, F|55/100 tox
|-damage|p1a: Tangrowth|43/100 tox|[from] Stealth Rock
|turn|38
|
|t:|1667988364
|switch|p2a: Landorus|Landorus-Therian, M|38/100
|-damage|p2a: Landorus|26/100|[from] Stealth Rock
|-ability|p2a: Landorus|Intimidate|boost
|-unboost|p1a: Tangrowth|atk|1
|move|p1a: Tangrowth|Focus Blast|p2a: Landorus
|-resisted|p2a: Landorus
|-damage|p2a: Landorus|14/100
|
|-heal|p2a: Landorus|20/100|[from] item: Leftovers
|-damage|p1a: Tangrowth|36/100 tox|[from] psn
|upkeep
|turn|39
|
|t:|1667988367
|move|p2a: Landorus|U-turn|p1a: Tangrowth
|-supereffective|p1a: Tangrowth
|-damage|p1a: Tangrowth|15/100 tox
|
|t:|1667988372
|switch|p2a: Blissey|Blissey, F|73/100|[from]move: U-turn
|move|p1a: Tangrowth|Giga Drain|p2a: Blissey
|-damage|p2a: Blissey|62/100
|-heal|p1a: Tangrowth|24/100 tox|[from] drain|[of] p2a: Blissey
|
|-damage|p1a: Tangrowth|11/100 tox|[from] psn
|upkeep
|turn|40
|
|t:|1667988379
|switch|p2a: Landorus|Landorus-Therian, M|20/100
|-damage|p2a: Landorus|8/100|[from] Stealth Rock
|-ability|p2a: Landorus|Intimidate|boost
|-unboost|p1a: Tangrowth|atk|1
|move|p1a: Tangrowth|Giga Drain|p2a: Landorus
|-damage|p2a: Landorus|0 fnt
|-heal|p1a: Tangrowth|15/100 tox|[from] drain|[of] p2a: Landorus
|faint|p2a: Landorus
|
|-damage|p1a: Tangrowth|0 fnt|[from] psn
|faint|p1a: Tangrowth
|upkeep
|
|t:|1667988383
|switch|p2a: Buzzwole|Buzzwole|76/100
|switch|p1a: rotomwash|Rotom-Wash|10/100
|-damage|p2a: Buzzwole|63/100|[from] Stealth Rock
|-damage|p1a: rotomwash|0 fnt|[from] Stealth Rock
|faint|p1a: rotomwash
|
|t:|1667988383
|switch|p1a: Weavile|Weavile, F|100/100
|-damage|p1a: Weavile|76/100|[from] Stealth Rock
|-ability|p1a: Weavile|Pressure
|turn|41
|
|t:|1667988385
|move|p1a: Weavile|Ice Shard|p2a: Buzzwole
|-damage|p2a: Buzzwole|40/100
|move|p2a: Buzzwole|Close Combat|p1a: Weavile
|-supereffective|p1a: Weavile
|-damage|p1a: Weavile|0 fnt
|-unboost|p2a: Buzzwole|def|1
|-unboost|p2a: Buzzwole|spd|1
|faint|p1a: Weavile
|
|win|quixana
|raw|minimax_ai's rating: 1633 &rarr; <strong>1622</strong><br />(-11 for losing)
|raw|quixana's rating: 1805 &rarr; <strong>1816</strong><br />(+11 for winning)
|c|☆minimax_ai|gg
|j| TTTiga
|l|☆minimax_ai
|c|☆quixana|Gg
||Ladder isn't responding, score probably updated but might not have (Request timeout).
