|j|☆minimax_ai
|j|☆Saimasseuh v8
|t:|1667468031
|gametype|singles
|player|p1|minimax_ai|lusamine-nihilego|1685
|player|p2|Saimasseuh v8|266|1967
|teamsize|p1|6
|teamsize|p2|6
|gen|8
|tier|[Gen 8] OU
|rated|
|rule|Sleep Clause Mod: Limit one foe put to sleep
|rule|Species Clause: Limit one of each Pokémon
|rule|OHKO Clause: OHKO moves are banned
|rule|Evasion Items Clause: Evasion items are banned
|rule|Evasion Moves Clause: Evasion moves are banned
|rule|Endless Battle Clause: Forcing endless battles is banned
|rule|HP Percentage Mod: HP is shown in percentages
|rule|Dynamax Clause: You cannot dynamax
|clearpoke
|poke|p1|Rotom-Wash|
|poke|p1|Weavile, M|
|poke|p1|Landorus-Therian, M|
|poke|p1|Heatran, M|
|poke|p1|Tangrowth, F|
|poke|p1|Melmetal|
|poke|p2|Dragapult, F|
|poke|p2|Ferrothorn, M|
|poke|p2|Heatran, M|
|poke|p2|Nidoking, M|
|poke|p2|Tapu Lele|
|poke|p2|Landorus-Therian, M|
|teampreview
|c|☆minimax_ai|hf
|inactive|Battle timer is ON: inactive players will automatically lose when time's up. (requested by minimax_ai)
|
|t:|1667468058
|start
|switch|p1a: Heatran|Heatran, M|100/100
|switch|p2a: Tapu Lele|Tapu Lele|100/100
|-fieldstart|move: Psychic Terrain|[from] ability: Psychic Surge|[of] p2a: Tapu Lele
|-item|p1a: Heatran|Air Balloon
|turn|1
|
|t:|1667468062
|switch|p1a: Melmetal|Melmetal|100/100
|move|p2a: Tapu Lele|Focus Blast|p1a: Melmetal
|-supereffective|p1a: Melmetal
|-damage|p1a: Melmetal|32/100
|-unboost|p1a: Melmetal|spd|1
|
|upkeep
|turn|2
|
|t:|1667468068
|switch|p1a: landorustherian|Landorus-Therian, M|100/100
|-ability|p1a: landorustherian|Intimidate|boost
|-unboost|p2a: Tapu Lele|atk|1
|move|p2a: Tapu Lele|Focus Blast|p1a: landorustherian
|-resisted|p1a: landorustherian
|-damage|p1a: landorustherian|77/100
|
|-heal|p1a: landorustherian|83/100|[from] item: Leftovers
|upkeep
|turn|3
|
|t:|1667468070
|switch|p2a: Landorus|Landorus-Therian, M|100/100
|-ability|p2a: Landorus|Intimidate|boost
|-unboost|p1a: landorustherian|atk|1
|move|p1a: landorustherian|Earthquake|p2a: Landorus
|-immune|p2a: Landorus
|
|-heal|p1a: landorustherian|89/100|[from] item: Leftovers
|upkeep
|turn|4
|
|t:|1667468073
|move|p2a: Landorus|Toxic|p1a: landorustherian|[miss]
|-miss|p2a: Landorus|p1a: landorustherian
|move|p1a: landorustherian|Toxic|p2a: Landorus
|-status|p2a: Landorus|tox
|
|-heal|p1a: landorustherian|95/100|[from] item: Leftovers
|-damage|p2a: Landorus|94/100 tox|[from] psn
|upkeep
|turn|5
|
|t:|1667468076
|switch|p1a: rotomwash|Rotom-Wash|100/100
|move|p2a: Landorus|U-turn|p1a: rotomwash
|-damage|p1a: rotomwash|78/100
|
|t:|1667468078
|switch|p2a: Tapu Lele|Tapu Lele|100/100|[from]move: U-turn
|
|-heal|p1a: rotomwash|84/100|[from] item: Leftovers
|-fieldend|move: Psychic Terrain
|upkeep
|turn|6
|
|t:|1667468080
|move|p2a: Tapu Lele|Moonblast|p1a: rotomwash
|-damage|p1a: rotomwash|10/100
|move|p1a: rotomwash|Pain Split|p2a: Tapu Lele
|-sethp|p2a: Tapu Lele|56/100|[from] move: Pain Split|[silent]
|-sethp|p1a: rotomwash|51/100|[from] move: Pain Split
|
|-heal|p1a: rotomwash|58/100|[from] item: Leftovers
|upkeep
|turn|7
|
|t:|1667468083
|switch|p1a: Heatran|Heatran, M|100/100
|-item|p1a: Heatran|Air Balloon
|move|p2a: Tapu Lele|Moonblast|p1a: Heatran
|-resisted|p1a: Heatran
|-damage|p1a: Heatran|83/100
|-enditem|p1a: Heatran|Air Balloon
|
|upkeep
|turn|8
|
|t:|1667468084
|switch|p2a: Heatran|Heatran, M|100/100
|-item|p2a: Heatran|Air Balloon
|move|p1a: Heatran|Eruption|p2a: Heatran
|-start|p2a: Heatran|ability: Flash Fire
|
|upkeep
|turn|9
|
|t:|1667468087
|switch|p1a: rotomwash|Rotom-Wash|58/100
|move|p2a: Heatran|Stealth Rock|p1a: rotomwash
|-sidestart|p1: minimax_ai|move: Stealth Rock
|
|-heal|p1a: rotomwash|64/100|[from] item: Leftovers
|upkeep
|turn|10
|
|t:|1667468090
|-end|p2a: Heatran|ability: Flash Fire|[silent]
|switch|p2a: Ferrothorn|Ferrothorn, M|100/100
|move|p1a: rotomwash|Thunderbolt|p2a: Ferrothorn
|-resisted|p2a: Ferrothorn
|-damage|p2a: Ferrothorn|87/100
|
|-heal|p1a: rotomwash|70/100|[from] item: Leftovers
|-heal|p2a: Ferrothorn|93/100|[from] item: Leftovers
|upkeep
|turn|11
|j| ch1437
|
|t:|1667468097
|move|p1a: rotomwash|Pain Split|p2a: Ferrothorn
|-sethp|p2a: Ferrothorn|77/100|[from] move: Pain Split|[silent]
|-sethp|p1a: rotomwash|89/100|[from] move: Pain Split
|move|p2a: Ferrothorn|Knock Off|p1a: rotomwash
|-damage|p1a: rotomwash|66/100
|-enditem|p1a: rotomwash|Leftovers|[from] move: Knock Off|[of] p2a: Ferrothorn
|
|-heal|p2a: Ferrothorn|83/100|[from] item: Leftovers
|upkeep
|turn|12
|
|t:|1667468099
|switch|p1a: Melmetal|Melmetal|32/100
|-damage|p1a: Melmetal|25/100|[from] Stealth Rock
|move|p2a: Ferrothorn|Spikes|p1a: Melmetal
|-sidestart|p1: minimax_ai|Spikes
|
|-heal|p2a: Ferrothorn|89/100|[from] item: Leftovers
|upkeep
|turn|13
|
|t:|1667468102
|move|p1a: Melmetal|Ice Punch|p2a: Ferrothorn
|-damage|p2a: Ferrothorn|70/100
|-damage|p1a: Melmetal|13/100|[from] ability: Iron Barbs|[of] p2a: Ferrothorn
|move|p2a: Ferrothorn|Leech Seed|p1a: Melmetal
|-start|p1a: Melmetal|move: Leech Seed
|
|-heal|p2a: Ferrothorn|76/100|[from] item: Leftovers
|-damage|p1a: Melmetal|0 fnt|[from] Leech Seed|[of] p2a: Ferrothorn
|-heal|p2a: Ferrothorn|91/100|[silent]
|faint|p1a: Melmetal
|upkeep
|
|t:|1667468102
|switch|p1a: landorustherian|Landorus-Therian, M|95/100
|-damage|p1a: landorustherian|83/100|[from] Stealth Rock
|-ability|p1a: landorustherian|Intimidate|boost
|-unboost|p2a: Ferrothorn|atk|1
|turn|14
|
|t:|1667468105
|move|p1a: landorustherian|Earthquake|p2a: Ferrothorn
|-damage|p2a: Ferrothorn|64/100
|move|p2a: Ferrothorn|Leech Seed|p1a: landorustherian
|-start|p1a: landorustherian|move: Leech Seed
|
|-heal|p1a: landorustherian|89/100|[from] item: Leftovers
|-heal|p2a: Ferrothorn|70/100|[from] item: Leftovers
|-damage|p1a: landorustherian|77/100|[from] Leech Seed|[of] p2a: Ferrothorn
|-heal|p2a: Ferrothorn|83/100|[silent]
|upkeep
|turn|15
|
|t:|1667468107
|move|p1a: landorustherian|Defog|p2a: Ferrothorn
|-unboost|p2a: Ferrothorn|evasion|1
|-sideend|p1: minimax_ai|Spikes|[from] move: Defog|[of] p1a: landorustherian
|-sideend|p1: minimax_ai|Stealth Rock|[from] move: Defog|[of] p1a: landorustherian
|move|p2a: Ferrothorn|Knock Off|p1a: landorustherian
|-damage|p1a: landorustherian|62/100
|-enditem|p1a: landorustherian|Leftovers|[from] move: Knock Off|[of] p2a: Ferrothorn
|
|-heal|p2a: Ferrothorn|90/100|[from] item: Leftovers
|-damage|p1a: landorustherian|50/100|[from] Leech Seed|[of] p2a: Ferrothorn
|-heal|p2a: Ferrothorn|100/100|[silent]
|upkeep
|turn|16
|j| simplegent
|
|t:|1667468108
|switch|p1a: Weavile|Weavile, M|100/100
|-ability|p1a: Weavile|Pressure
|move|p2a: Ferrothorn|Spikes|p1a: Weavile
|-sidestart|p1: minimax_ai|Spikes
|
|upkeep
|turn|17
|
|t:|1667468110
|move|p2a: Ferrothorn|Protect|p2a: Ferrothorn
|-singleturn|p2a: Ferrothorn|Protect
|move|p1a: Weavile|Knock Off|p2a: Ferrothorn
|-activate|p2a: Ferrothorn|move: Protect
|
|upkeep
|turn|18
|
|t:|1667468114
|move|p1a: Weavile|Knock Off|p2a: Ferrothorn
|-damage|p2a: Ferrothorn|58/100
|-damage|p1a: Weavile|88/100|[from] ability: Iron Barbs|[of] p2a: Ferrothorn
|-enditem|p2a: Ferrothorn|Leftovers|[from] move: Knock Off|[of] p1a: Weavile
|move|p2a: Ferrothorn|Leech Seed|p1a: Weavile
|-start|p1a: Weavile|move: Leech Seed
|
|-damage|p1a: Weavile|76/100|[from] Leech Seed|[of] p2a: Ferrothorn
|-heal|p2a: Ferrothorn|68/100|[silent]
|upkeep
|turn|19
|
|t:|1667468116
|move|p1a: Weavile|Knock Off|p2a: Ferrothorn
|-damage|p2a: Ferrothorn|42/100
|-damage|p1a: Weavile|63/100|[from] ability: Iron Barbs|[of] p2a: Ferrothorn
|move|p2a: Ferrothorn|Spikes|p1a: Weavile
|-sidestart|p1: minimax_ai|Spikes
|
|-damage|p1a: Weavile|51/100|[from] Leech Seed|[of] p2a: Ferrothorn
|-heal|p2a: Ferrothorn|52/100|[silent]
|upkeep
|turn|20
|
|t:|1667468118
|move|p1a: Weavile|Knock Off|p2a: Ferrothorn
|-damage|p2a: Ferrothorn|22/100
|-damage|p1a: Weavile|38/100|[from] ability: Iron Barbs|[of] p2a: Ferrothorn
|move|p2a: Ferrothorn|Spikes|p1a: Weavile
|-sidestart|p1: minimax_ai|Spikes
|
|-damage|p1a: Weavile|26/100|[from] Leech Seed|[of] p2a: Ferrothorn
|-heal|p2a: Ferrothorn|32/100|[silent]
|upkeep
|turn|21
|
|t:|1667468119
|move|p2a: Ferrothorn|Protect|p2a: Ferrothorn
|-singleturn|p2a: Ferrothorn|Protect
|move|p1a: Weavile|Knock Off|p2a: Ferrothorn
|-activate|p2a: Ferrothorn|move: Protect
|
|-damage|p1a: Weavile|13/100|[from] Leech Seed|[of] p2a: Ferrothorn
|-heal|p2a: Ferrothorn|42/100|[silent]
|upkeep
|turn|22
|
|t:|1667468120
|move|p1a: Weavile|Knock Off|p2a: Ferrothorn
|-damage|p2a: Ferrothorn|15/100
|-damage|p1a: Weavile|1/100|[from] ability: Iron Barbs|[of] p2a: Ferrothorn
|move|p2a: Ferrothorn|Spikes||[still]
|-fail|p2a: Ferrothorn
|
|-damage|p1a: Weavile|0 fnt|[from] Leech Seed|[of] p2a: Ferrothorn
|-heal|p2a: Ferrothorn|16/100|[silent]
|faint|p1a: Weavile
|upkeep
|
|t:|1667468120
|switch|p1a: landorustherian|Landorus-Therian, M|50/100
|-ability|p1a: landorustherian|Intimidate|boost
|-unboost|p2a: Ferrothorn|atk|1
|turn|23
|
|t:|1667468122
|move|p1a: landorustherian|Defog|p2a: Ferrothorn
|-unboost|p2a: Ferrothorn|evasion|1
|-sideend|p1: minimax_ai|Spikes|[from] move: Defog|[of] p1a: landorustherian
|move|p2a: Ferrothorn|Leech Seed|p1a: landorustherian
|-start|p1a: landorustherian|move: Leech Seed
|
|-damage|p1a: landorustherian|38/100|[from] Leech Seed|[of] p2a: Ferrothorn
|-heal|p2a: Ferrothorn|29/100|[silent]
|upkeep
|turn|24
|
|t:|1667468124
|move|p1a: landorustherian|Earthquake|p2a: Ferrothorn
|-crit|p2a: Ferrothorn
|-damage|p2a: Ferrothorn|0 fnt
|faint|p2a: Ferrothorn
|
|upkeep
|
|t:|1667468127
|switch|p2a: Tapu Lele|Tapu Lele|56/100
|-fieldstart|move: Psychic Terrain|[from] ability: Psychic Surge|[of] p2a: Tapu Lele
|turn|25
|
|t:|1667468128
|move|p2a: Tapu Lele|Psychic|p1a: landorustherian
|-damage|p1a: landorustherian|0 fnt
|faint|p1a: landorustherian
|
|upkeep
|
|t:|1667468128
|switch|p1a: Heatran|Heatran, M|83/100
|turn|26
|
|t:|1667468130
|switch|p2a: Heatran|Heatran, M|100/100
|-item|p2a: Heatran|Air Balloon
|move|p1a: Heatran|Magma Storm|p2a: Heatran
|-start|p2a: Heatran|ability: Flash Fire
|
|upkeep
|turn|27
|
|t:|1667468133
|-end|p2a: Heatran|ability: Flash Fire|[silent]
|switch|p2a: Tapu Lele|Tapu Lele|56/100
|move|p1a: Heatran|Stealth Rock|p2a: Tapu Lele
|-sidestart|p2: Saimasseuh v8|move: Stealth Rock
|
|upkeep
|turn|28
|
|t:|1667468135
|move|p2a: Tapu Lele|Focus Blast|p1a: Heatran
|-supereffective|p1a: Heatran
|-damage|p1a: Heatran|0 fnt
|faint|p1a: Heatran
|
|upkeep
|
|t:|1667468136
|switch|p1a: Tangrowth|Tangrowth, F|100/100
|turn|29
|
|t:|1667468139
|switch|p2a: Landorus|Landorus-Therian, M|94/100 tox
|-damage|p2a: Landorus|82/100 tox|[from] Stealth Rock
|-ability|p2a: Landorus|Intimidate|boost
|-unboost|p1a: Tangrowth|atk|1
|move|p1a: Tangrowth|Knock Off|p2a: Landorus
|-damage|p2a: Landorus|71/100 tox
|-damage|p1a: Tangrowth|84/100|[from] item: Rocky Helmet|[of] p2a: Landorus
|-enditem|p2a: Landorus|Rocky Helmet|[from] move: Knock Off|[of] p1a: Tangrowth
|
|-damage|p2a: Landorus|65/100 tox|[from] psn
|-fieldend|move: Psychic Terrain
|upkeep
|turn|30
|
|t:|1667468140
|move|p2a: Landorus|Toxic|p1a: Tangrowth
|-status|p1a: Tangrowth|tox
|move|p1a: Tangrowth|Knock Off|p2a: Landorus
|-damage|p2a: Landorus|57/100 tox
|
|-damage|p2a: Landorus|45/100 tox|[from] psn
|-damage|p1a: Tangrowth|78/100 tox|[from] psn
|upkeep
|turn|31
|
|t:|1667468142
|move|p2a: Landorus|U-turn|p1a: Tangrowth
|-supereffective|p1a: Tangrowth
|-damage|p1a: Tangrowth|54/100 tox
|-damage|p2a: Landorus|28/100 tox|[from] item: Rocky Helmet|[of] p1a: Tangrowth
|
|t:|1667468143
|switch|p2a: Heatran|Heatran, M|100/100|[from]move: U-turn
|-damage|p2a: Heatran|88/100|[from] Stealth Rock
|-item|p2a: Heatran|Air Balloon
|move|p1a: Tangrowth|Knock Off|p2a: Heatran
|-damage|p2a: Heatran|76/100
|-enditem|p2a: Heatran|Air Balloon
|
|-damage|p1a: Tangrowth|42/100 tox|[from] psn
|upkeep
|turn|32
|
|t:|1667468144
|move|p2a: Heatran|Stealth Rock|p1a: Tangrowth
|-sidestart|p1: minimax_ai|move: Stealth Rock
|move|p1a: Tangrowth|Sleep Powder|p2a: Heatran
|-status|p2a: Heatran|slp|[from] move: Sleep Powder
|
|-damage|p1a: Tangrowth|24/100 tox|[from] psn
|upkeep
|turn|33
|
|t:|1667468146
|cant|p2a: Heatran|slp
|move|p1a: Tangrowth|Giga Drain|p2a: Heatran
|-resisted|p2a: Heatran
|-damage|p2a: Heatran|71/100 slp
|-heal|p1a: Tangrowth|26/100 tox|[from] drain|[of] p2a: Heatran
|
|-damage|p1a: Tangrowth|1/100 tox|[from] psn
|upkeep
|turn|34
|
|t:|1667468147
|cant|p2a: Heatran|slp
|move|p1a: Tangrowth|Focus Blast|p2a: Heatran
|-supereffective|p2a: Heatran
|-damage|p2a: Heatran|37/100 slp
|
|-damage|p1a: Tangrowth|0 fnt|[from] psn
|faint|p1a: Tangrowth
|upkeep
|
|t:|1667468147
|switch|p1a: rotomwash|Rotom-Wash|66/100
|-damage|p1a: rotomwash|54/100|[from] Stealth Rock
|turn|35
|
|t:|1667468149
|move|p1a: rotomwash|Hydro Pump|p2a: Heatran
|-supereffective|p2a: Heatran
|-damage|p2a: Heatran|0 fnt
|faint|p2a: Heatran
|
|upkeep
|
|t:|1667468151
|switch|p2a: Tapu Lele|Tapu Lele|56/100
|-damage|p2a: Tapu Lele|43/100|[from] Stealth Rock
|-fieldstart|move: Psychic Terrain|[from] ability: Psychic Surge|[of] p2a: Tapu Lele
|turn|36
|
|t:|1667468152
|move|p2a: Tapu Lele|Psychic|p1a: rotomwash
|-damage|p1a: rotomwash|0 fnt
|faint|p1a: rotomwash
|
|win|Saimasseuh v8
|raw|minimax_ai's rating: 1685 &rarr; <strong>1678</strong><br />(-7 for losing)
|raw|Saimasseuh v8's rating: 1967 &rarr; <strong>1974</strong><br />(+7 for winning)
|c|☆minimax_ai|gg
