|raw|<div class="broadcast-blue"><strong>This battle is required to be public due to a player having a name starting with 'lt92pf'.</div>
|j|☆Lt92pf nagi
|j|‽BLOODCLAT
|t:|1659902295
|gametype|singles
|player|p1|Lt92pf nagi|blue-masters|1906
|player|p2|BLOODCLAT|hoopster|1998
|teamsize|p1|6
|teamsize|p2|6
|gen|8
|tier|[Gen 8] OU
|rated|
|rule|Sleep Clause Mod: Limit one foe put to sleep
|rule|Species Clause: Limit one of each Pokémon
|rule|OHKO Clause: OHKO moves are banned
|rule|Evasion Items Clause: Evasion items are banned
|rule|Evasion Moves Clause: Evasion moves are banned
|rule|Endless Battle Clause: Forcing endless battles is banned
|rule|HP Percentage Mod: HP is shown in percentages
|rule|Dynamax Clause: You cannot dynamax
|clearpoke
|poke|p1|Buzzwole|
|poke|p1|Tapu Fini|
|poke|p1|Heatran, F|
|poke|p1|Garchomp, F|
|poke|p1|Ferrothorn, M|
|poke|p1|Zapdos|
|poke|p2|Clefable, M|
|poke|p2|Dragapult, F|
|poke|p2|Excadrill, F|
|poke|p2|Ferrothorn, M|
|poke|p2|Tyranitar, M|
|poke|p2|Zapdos|
|teampreview
|c|☆Lt92pf nagi|hf
|j| LT92PF Silk
|j| Referrals
|
|t:|1659902319
|start
|switch|p1a: Tapu Fini|Tapu Fini|100/100
|switch|p2a: Ferrothorn|Ferrothorn, M|100/100
|-fieldstart|move: Misty Terrain|[from] ability: Misty Surge|[of] p1a: Tapu Fini
|turn|1
|j| Seleukus
|
|t:|1659902325
|move|p1a: Tapu Fini|Trick|p2a: Ferrothorn
|-activate|p1a: Tapu Fini|move: Trick|[of] p2a: Ferrothorn
|-item|p2a: Ferrothorn|Choice Scarf|[from] move: Trick
|-item|p1a: Tapu Fini|Rocky Helmet|[from] move: Trick
|move|p2a: Ferrothorn|Stealth Rock|p1a: Tapu Fini
|-sidestart|p1: Lt92pf nagi|move: Stealth Rock
|
|upkeep
|turn|2
|
|t:|1659902331
|move|p1a: Tapu Fini|Defog|p2a: Ferrothorn
|-unboost|p2a: Ferrothorn|evasion|1
|-sideend|p1: Lt92pf nagi|Stealth Rock|[from] move: Defog|[of] p1a: Tapu Fini
|-fieldend|Misty Terrain
|move|p2a: Ferrothorn|Stealth Rock|p1a: Tapu Fini
|-sidestart|p1: Lt92pf nagi|move: Stealth Rock
|
|upkeep
|turn|3
|
|t:|1659902335
|switch|p2a: Zapdos|Zapdos|100/100
|move|p1a: Tapu Fini|Defog|p2a: Zapdos
|-unboost|p2a: Zapdos|evasion|1
|-sideend|p1: Lt92pf nagi|Stealth Rock|[from] move: Defog|[of] p1a: Tapu Fini
|
|upkeep
|turn|4
|
|t:|1659902338
|switch|p1a: Garchomp|Garchomp, F|100/100
|move|p2a: Zapdos|Hurricane|p1a: Garchomp
|-damage|p1a: Garchomp|60/100
|-start|p1a: Garchomp|confusion
|
|-heal|p1a: Garchomp|67/100|[from] item: Leftovers
|upkeep
|turn|5
|
|t:|1659902342
|-activate|p1a: Garchomp|confusion
|-damage|p1a: Garchomp|57/100|[from] confusion
|move|p2a: Zapdos|Hurricane|p1a: Garchomp
|-damage|p1a: Garchomp|15/100
|
|-heal|p1a: Garchomp|22/100|[from] item: Leftovers
|upkeep
|turn|6
|c|☆Lt92pf nagi|hm?
|
|t:|1659902349
|switch|p1a: Zapdos|Zapdos|100/100
|move|p2a: Zapdos|Hurricane|p1a: Zapdos
|-resisted|p1a: Zapdos
|-damage|p1a: Zapdos|76/100
|-start|p1a: Zapdos|confusion
|
|upkeep
|turn|7
|
|t:|1659902351
|-activate|p1a: Zapdos|confusion
|move|p1a: Zapdos|Volt Switch|p2a: Zapdos
|-damage|p2a: Zapdos|64/100
|inactive|Battle timer is ON: inactive players will automatically lose when time's up. (requested by BLOODCLAT)
|
|t:|1659902355
|switch|p1a: Garchomp|Garchomp, F|22/100|[from]move: Volt Switch
|move|p2a: Zapdos|Volt Switch|p1a: Garchomp
|-immune|p1a: Garchomp
|
|-heal|p1a: Garchomp|28/100|[from] item: Leftovers
|upkeep
|turn|8
|
|t:|1659902359
|switch|p2a: Clefable|Clefable, M|100/100
|move|p1a: Garchomp|Protect||[still]
|-fail|p1a: Garchomp
|
|-heal|p1a: Garchomp|34/100|[from] item: Leftovers
|upkeep
|turn|9
|
|t:|1659902362
|move|p1a: Garchomp|Protect|p1a: Garchomp
|-singleturn|p1a: Garchomp|Protect
|move|p2a: Clefable|Calm Mind|p2a: Clefable
|-boost|p2a: Clefable|spa|1
|-boost|p2a: Clefable|spd|1
|
|-heal|p1a: Garchomp|40/100|[from] item: Leftovers
|upkeep
|turn|10
|
|t:|1659902364
|switch|p1a: Heatran|Heatran, F|100/100
|-item|p1a: Heatran|Air Balloon
|move|p2a: Clefable|Moonblast|p1a: Heatran
|-resisted|p1a: Heatran
|-damage|p1a: Heatran|86/100
|-enditem|p1a: Heatran|Air Balloon
|
|upkeep
|turn|11
|
|t:|1659902369
|switch|p2a: Tyranitar|Tyranitar, M|100/100
|-weather|Sandstorm|[from] ability: Sand Stream|[of] p2a: Tyranitar
|move|p1a: Heatran|Magma Storm|p2a: Tyranitar
|-resisted|p2a: Tyranitar
|-damage|p2a: Tyranitar|81/100
|-activate|p2a: Tyranitar|move: Magma Storm|[of] p1a: Heatran
|
|-weather|Sandstorm|[upkeep]
|-damage|p2a: Tyranitar|69/100|[from] move: Magma Storm|[partiallytrapped]
|upkeep
|turn|12
|j| Marshmellow.OwO
|
|t:|1659902373
|move|p1a: Heatran|Flash Cannon|p2a: Tyranitar
|-supereffective|p2a: Tyranitar
|-damage|p2a: Tyranitar|12/100
|move|p2a: Tyranitar|Stone Edge|p1a: Heatran
|-damage|p1a: Heatran|1/100
|
|-weather|Sandstorm|[upkeep]
|-damage|p2a: Tyranitar|0 fnt|[from] move: Magma Storm|[partiallytrapped]
|faint|p2a: Tyranitar
|upkeep
|l| Marshmellow.OwO
|
|t:|1659902380
|switch|p2a: Dragapult|Dragapult, F|100/100
|turn|13
|
|t:|1659902383
|switch|p1a: Ferrothorn|Ferrothorn, M|100/100
|move|p2a: Dragapult|Shadow Ball|p1a: Ferrothorn
|-damage|p1a: Ferrothorn|64/100
|
|-weather|Sandstorm|[upkeep]
|-damage|p2a: Dragapult|95/100|[from] Sandstorm
|-heal|p1a: Ferrothorn|70/100|[from] item: Leftovers
|upkeep
|turn|14
|
|t:|1659902387
|switch|p2a: Ferrothorn|Ferrothorn, M|100/100
|move|p1a: Ferrothorn|Spikes|p2a: Ferrothorn
|-sidestart|p2: BLOODCLAT|Spikes
|
|-weather|Sandstorm|[upkeep]
|-heal|p1a: Ferrothorn|76/100|[from] item: Leftovers
|upkeep
|turn|15
|
|t:|1659902390
|switch|p1a: Zapdos|Zapdos|76/100
|move|p2a: Ferrothorn|Knock Off|p1a: Zapdos
|-crit|p1a: Zapdos
|-damage|p1a: Zapdos|39/100
|-status|p2a: Ferrothorn|par|[from] ability: Static|[of] p1a: Zapdos
|-enditem|p1a: Zapdos|Heavy-Duty Boots|[from] move: Knock Off|[of] p2a: Ferrothorn
|
|-weather|none
|upkeep
|turn|16
|
|t:|1659902394
|switch|p2a: Zapdos|Zapdos|64/100
|move|p1a: Zapdos|Roost|p1a: Zapdos
|-heal|p1a: Zapdos|89/100
|-singleturn|p1a: Zapdos|move: Roost
|
|upkeep
|turn|17
|j| lt92pf jf
|
|t:|1659902396
|move|p1a: Zapdos|Volt Switch|p2a: Zapdos
|-damage|p2a: Zapdos|26/100
|
|t:|1659902401
|switch|p1a: Garchomp|Garchomp, F|40/100|[from]move: Volt Switch
|move|p2a: Zapdos|Roost|p2a: Zapdos
|-heal|p2a: Zapdos|76/100
|-singleturn|p2a: Zapdos|move: Roost
|
|-heal|p1a: Garchomp|46/100|[from] item: Leftovers
|upkeep
|turn|18
|
|t:|1659902403
|move|p1a: Garchomp|Protect|p1a: Garchomp
|-singleturn|p1a: Garchomp|Protect
|move|p2a: Zapdos|Hurricane|p1a: Garchomp
|-activate|p1a: Garchomp|move: Protect
|
|-heal|p1a: Garchomp|53/100|[from] item: Leftovers
|upkeep
|turn|19
|
|t:|1659902407
|switch|p2a: Ferrothorn|Ferrothorn, M|100/100 par
|-damage|p2a: Ferrothorn|88/100 par|[from] Spikes
|move|p1a: Garchomp|Toxic||[still]
|-fail|p1a: Garchomp
|
|-heal|p1a: Garchomp|59/100|[from] item: Leftovers
|upkeep
|turn|20
|
|t:|1659902410
|move|p1a: Garchomp|Stealth Rock|p2a: Ferrothorn
|-sidestart|p2: BLOODCLAT|move: Stealth Rock
|cant|p2a: Ferrothorn|par
|
|-heal|p1a: Garchomp|65/100|[from] item: Leftovers
|upkeep
|turn|21
|
|t:|1659902413
|switch|p1a: Buzzwole|Buzzwole|100/100
|move|p2a: Ferrothorn|Stealth Rock|p1a: Buzzwole
|-sidestart|p1: Lt92pf nagi|move: Stealth Rock
|
|upkeep
|turn|22
|
|t:|1659902417
|switch|p2a: Clefable|Clefable, M|100/100
|move|p1a: Buzzwole|Ice Punch|p2a: Clefable
|-damage|p2a: Clefable|60/100
|-status|p2a: Clefable|frz
|
|upkeep
|turn|23
|j| deg
|l| deg
|
|t:|1659902420
|move|p1a: Buzzwole|Ice Punch|p2a: Clefable
|-damage|p2a: Clefable|21/100 frz
|cant|p2a: Clefable|frz
|
|upkeep
|turn|24
|
|t:|1659902423
|switch|p2a: Ferrothorn|Ferrothorn, M|88/100 par
|-damage|p2a: Ferrothorn|76/100 par|[from] Spikes
|-damage|p2a: Ferrothorn|70/100 par|[from] Stealth Rock
|move|p1a: Buzzwole|Ice Punch|p2a: Ferrothorn
|-damage|p2a: Ferrothorn|42/100 par
|-damage|p1a: Buzzwole|88/100|[from] ability: Iron Barbs|[of] p2a: Ferrothorn
|
|upkeep
|turn|25
|
|t:|1659902425
|move|p1a: Buzzwole|Ice Punch|p2a: Ferrothorn
|-damage|p2a: Ferrothorn|17/100 par
|-damage|p1a: Buzzwole|76/100|[from] ability: Iron Barbs|[of] p2a: Ferrothorn
|cant|p2a: Ferrothorn|par
|
|upkeep
|turn|26
|
|t:|1659902428
|move|p1a: Buzzwole|Ice Punch|p2a: Ferrothorn
|-damage|p2a: Ferrothorn|0 fnt
|-damage|p1a: Buzzwole|63/100|[from] ability: Iron Barbs|[of] p2a: Ferrothorn
|faint|p2a: Ferrothorn
|-ability|p1a: Buzzwole|Beast Boost|boost
|-boost|p1a: Buzzwole|atk|1
|
|upkeep
|
|t:|1659902434
|switch|p2a: Dragapult|Dragapult, F|95/100
|-damage|p2a: Dragapult|82/100|[from] Spikes
|-damage|p2a: Dragapult|70/100|[from] Stealth Rock
|turn|27
|
|t:|1659902437
|switch|p1a: Heatran|Heatran, F|1/100
|-damage|p1a: Heatran|0 fnt|[from] Stealth Rock
|faint|p1a: Heatran
|move|p2a: Dragapult|Shadow Ball|p1: Heatran|[notarget]
|-fail|p2a: Dragapult
|
|upkeep
|
|t:|1659902439
|switch|p1a: Tapu Fini|Tapu Fini|100/100
|-damage|p1a: Tapu Fini|88/100|[from] Stealth Rock
|-fieldstart|move: Misty Terrain|[from] ability: Misty Surge|[of] p1a: Tapu Fini
|turn|28
|
|t:|1659902442
|switch|p2a: Zapdos|Zapdos|76/100
|move|p1a: Tapu Fini|Moonblast|p2a: Zapdos
|-damage|p2a: Zapdos|45/100
|
|upkeep
|turn|29
|
|t:|1659902448
|switch|p1a: Garchomp|Garchomp, F|65/100
|-damage|p1a: Garchomp|59/100|[from] Stealth Rock
|move|p2a: Zapdos|Volt Switch|p1a: Garchomp
|-immune|p1a: Garchomp
|
|-heal|p1a: Garchomp|65/100|[from] item: Leftovers
|upkeep
|turn|30
|
|t:|1659902452
|switch|p2a: Clefable|Clefable, M|21/100 frz
|move|p1a: Garchomp|Toxic||[still]
|-fail|p1a: Garchomp
|
|-heal|p1a: Garchomp|71/100|[from] item: Leftovers
|upkeep
|turn|31
|
|t:|1659902454
|move|p1a: Garchomp|Earthquake|p2a: Clefable
|-damage|p2a: Clefable|0 fnt
|faint|p2a: Clefable
|
|-heal|p1a: Garchomp|77/100|[from] item: Leftovers
|upkeep
|
|t:|1659902457
|switch|p2a: Zapdos|Zapdos|45/100
|turn|32
|
|t:|1659902460
|move|p1a: Garchomp|Earthquake|p2a: Zapdos
|-immune|p2a: Zapdos
|move|p2a: Zapdos|Hurricane|p1a: Garchomp
|-damage|p1a: Garchomp|37/100
|
|-heal|p1a: Garchomp|43/100|[from] item: Leftovers
|-fieldend|Misty Terrain
|upkeep
|turn|33
|j| zftfctzdfof
|
|t:|1659902462
|move|p1a: Garchomp|Toxic|p2a: Zapdos
|-status|p2a: Zapdos|tox
|move|p2a: Zapdos|Hurricane|p1a: Garchomp
|-damage|p1a: Garchomp|0 fnt
|faint|p1a: Garchomp
|
|-damage|p2a: Zapdos|39/100 tox|[from] psn
|upkeep
|
|t:|1659902466
|switch|p1a: Zapdos|Zapdos|89/100
|-damage|p1a: Zapdos|64/100|[from] Stealth Rock
|turn|34
|
|t:|1659902468
|move|p1a: Zapdos|Volt Switch|p2a: Zapdos
|-damage|p2a: Zapdos|3/100 tox
|
|t:|1659902474
|switch|p1a: Tapu Fini|Tapu Fini|88/100|[from]move: Volt Switch
|-damage|p1a: Tapu Fini|76/100|[from] Stealth Rock
|-fieldstart|move: Misty Terrain|[from] ability: Misty Surge|[of] p1a: Tapu Fini
|move|p2a: Zapdos|Roost|p2a: Zapdos
|-heal|p2a: Zapdos|53/100 tox
|-singleturn|p2a: Zapdos|move: Roost
|
|-damage|p2a: Zapdos|41/100 tox|[from] psn
|upkeep
|turn|35
|
|t:|1659902478
|move|p1a: Tapu Fini|Surf|p2a: Zapdos
|-crit|p2a: Zapdos
|-damage|p2a: Zapdos|0 fnt
|faint|p2a: Zapdos
|
|upkeep
|
|t:|1659902481
|switch|p2a: Excadrill|Excadrill, F|100/100
|-damage|p2a: Excadrill|88/100|[from] Spikes
|-damage|p2a: Excadrill|85/100|[from] Stealth Rock
|turn|36
|
|t:|1659902484
|move|p2a: Excadrill|Rapid Spin|p1a: Tapu Fini
|-damage|p1a: Tapu Fini|61/100
|-boost|p2a: Excadrill|spe|1
|-damage|p2a: Excadrill|68/100|[from] item: Rocky Helmet|[of] p1a: Tapu Fini
|-sideend|p2: BLOODCLAT|Spikes|[from] move: Rapid Spin|[of] p2a: Excadrill
|-sideend|p2: BLOODCLAT|Stealth Rock|[from] move: Rapid Spin|[of] p2a: Excadrill
|move|p1a: Tapu Fini|Surf|p2a: Excadrill
|-supereffective|p2a: Excadrill
|-damage|p2a: Excadrill|0 fnt
|faint|p2a: Excadrill
|
|upkeep
|
|t:|1659902487
|switch|p2a: Dragapult|Dragapult, F|70/100
|turn|37
|
|t:|1659902489
|move|p2a: Dragapult|Shadow Ball|p1a: Tapu Fini
|-damage|p1a: Tapu Fini|18/100
|-unboost|p1a: Tapu Fini|spd|1
|move|p1a: Tapu Fini|Moonblast|p2a: Dragapult
|-supereffective|p2a: Dragapult
|-damage|p2a: Dragapult|0 fnt
|faint|p2a: Dragapult
|
|win|Lt92pf nagi
|raw|Lt92pf nagi's rating: 1906 &rarr; <strong>1931</strong><br />(+25 for winning)
|raw|BLOODCLAT's rating: 1998 &rarr; <strong>1973</strong><br />(-25 for losing)
|l|‽BLOODCLAT
|l| Referrals
|j| deg
|l| deg
|l| zftfctzdfof
||Ladder isn't responding, score probably updated but might not have (Request timeout).
|l|☆Lt92pf nagi
