|j|☆jeanmilapipe
|j|☆Highv0ltag3
|t:|1657370310
|gametype|singles
|player|p1|jeanmilapipe|n|1813
|player|p2|Highv0ltag3|volo|1862
|teamsize|p1|6
|teamsize|p2|6
|gen|8
|tier|[Gen 8] OU
|rated|
|rule|Sleep Clause Mod: Limit one foe put to sleep
|rule|Species Clause: Limit one of each Pokémon
|rule|OHKO Clause: OHKO moves are banned
|rule|Evasion Moves Clause: Evasion moves are banned
|rule|Endless Battle Clause: Forcing endless battles is banned
|rule|HP Percentage Mod: HP is shown in percentages
|rule|Dynamax Clause: You cannot dynamax
|clearpoke
|poke|p1|Aegislash, M|
|poke|p1|Corviknight, M|
|poke|p1|Inteleon, M|
|poke|p1|Scizor, F|
|poke|p1|Tapu Koko|
|poke|p1|Garchomp, M|
|poke|p2|Tangrowth, F|
|poke|p2|Toxapex, M|
|poke|p2|Corviknight, F|
|poke|p2|Gastrodon, M|
|poke|p2|Blissey, F|
|poke|p2|Jirachi|
|teampreview
|j| zReptar
|
|t:|1657370325
|start
|switch|p1a: Tapu Koko|Tapu Koko|100/100
|switch|p2a: Fuck tran|Toxapex, M|100/100
|-fieldstart|move: Electric Terrain|[from] ability: Electric Surge|[of] p1a: Tapu Koko
|turn|1
|inactive|Battle timer is ON: inactive players will automatically lose when time's up. (requested by Highv0ltag3)
|
|t:|1657370334
|switch|p2a: I'm also pink blob|Gastrodon, M|100/100
|move|p1a: Tapu Koko|Thunderbolt|p2a: I'm also pink blob
|-immune|p2a: I'm also pink blob
|
|upkeep
|turn|2
|
|t:|1657370341
|move|p1a: Tapu Koko|Toxic|p2a: I'm also pink blob
|-status|p2a: I'm also pink blob|tox
|move|p2a: I'm also pink blob|Scald|p1a: Tapu Koko
|-damage|p1a: Tapu Koko|63/100
|-status|p1a: Tapu Koko|brn
|
|-damage|p2a: I'm also pink blob|94/100 tox|[from] psn
|-damage|p1a: Tapu Koko|57/100 brn|[from] brn
|upkeep
|turn|3
|j| sconly
|
|t:|1657370353
|switch|p1a: Corviknight|Corviknight, M|100/100
|move|p2a: I'm also pink blob|Scald|p1a: Corviknight
|-crit|p1a: Corviknight
|-damage|p1a: Corviknight|69/100
|
|-heal|p2a: I'm also pink blob|100/100 tox|[from] item: Leftovers
|-damage|p2a: I'm also pink blob|88/100 tox|[from] psn
|upkeep
|turn|4
|
|t:|1657370363
|switch|p2a: Fuck tran|Toxapex, M|100/100
|move|p1a: Corviknight|U-turn|p2a: Fuck tran
|-resisted|p2a: Fuck tran
|-damage|p2a: Fuck tran|96/100
|-damage|p1a: Corviknight|53/100|[from] item: Rocky Helmet|[of] p2a: Fuck tran
|j| qingshu0918
|
|t:|1657370384
|switch|p1a: Tapu Koko|Tapu Koko|57/100 brn|[from]move: U-turn
|
|-damage|p1a: Tapu Koko|51/100 brn|[from] brn
|upkeep
|turn|5
|l|☆Highv0ltag3
|inactive|Highv0ltag3 disconnected and has a minute to reconnect!
|player|p2|
|j|☆Highv0ltag3
|inactive|Highv0ltag3 reconnected and has 125 seconds left.
|player|p2|Highv0ltag3|volo
|j| ayayaplop
|inactive|Highv0ltag3 has 120 seconds left.
|
|t:|1657370415
|switch|p2a: Fuck taunt|Blissey, F|100/100
|move|p1a: Tapu Koko|Roost|p1a: Tapu Koko
|-heal|p1a: Tapu Koko|100/100 brn
|-singleturn|p1a: Tapu Koko|move: Roost
|
|-damage|p1a: Tapu Koko|94/100 brn|[from] brn
|-fieldend|move: Electric Terrain
|upkeep
|turn|6
|
|t:|1657370424
|move|p1a: Tapu Koko|Toxic|p2a: Fuck taunt
|-status|p2a: Fuck taunt|tox
|move|p2a: Fuck taunt|Heal Bell|p2a: Fuck taunt
|-activate|p2a: Fuck taunt|move: Heal Bell
|-curestatus|p2a: Fuck taunt|tox|[msg]
|-curestatus|p2: I'm also pink blob|tox|[msg]
|
|-damage|p1a: Tapu Koko|88/100 brn|[from] brn
|upkeep
|turn|7
|
|t:|1657370440
|switch|p1a: Aegislash|Aegislash, M|100/100
|move|p2a: Fuck taunt|Stealth Rock|p1a: Aegislash
|-sidestart|p1: jeanmilapipe|move: Stealth Rock
|
|upkeep
|turn|8
|
|t:|1657370446
|switch|p2a: Fuck tran|Toxapex, M|100/100
|move|p1a: Aegislash|Swords Dance|p1a: Aegislash
|-boost|p1a: Aegislash|atk|2
|
|upkeep
|turn|9
|
|t:|1657370454
|-formechange|p1a: Aegislash|Aegislash-Blade||[from] ability: Stance Change
|move|p1a: Aegislash|Shadow Claw|p2a: Fuck tran
|-crit|p2a: Fuck tran
|-damage|p2a: Fuck tran|18/100
|-damage|p1a: Aegislash|84/100|[from] item: Rocky Helmet|[of] p2a: Fuck tran
|move|p2a: Fuck tran|Scald|p1a: Aegislash
|-damage|p1a: Aegislash|54/100
|
|-heal|p1a: Aegislash|60/100|[from] item: Leftovers
|upkeep
|turn|10
|
|t:|1657370467
|switch|p2a: Lele broken man|Jirachi|100/100
|move|p1a: Aegislash|Shadow Claw|p2a: Lele broken man
|-supereffective|p2a: Lele broken man
|-damage|p2a: Lele broken man|0 fnt
|faint|p2a: Lele broken man
|
|-heal|p1a: Aegislash|67/100|[from] item: Leftovers
|upkeep
|
|t:|1657370469
|switch|p2a: Dark resist|Tangrowth, F|100/100
|turn|11
|
|t:|1657370482
|switch|p1a: Corviknight|Corviknight, M|53/100
|-damage|p1a: Corviknight|40/100|[from] Stealth Rock
|move|p2a: Dark resist|Knock Off|p1a: Corviknight
|-damage|p1a: Corviknight|26/100
|-damage|p2a: Dark resist|84/100|[from] item: Rocky Helmet|[of] p1a: Corviknight
|-enditem|p1a: Corviknight|Rocky Helmet|[from] move: Knock Off|[of] p2a: Dark resist
|
|upkeep
|turn|12
|
|t:|1657370492
|move|p1a: Corviknight|Roost|p1a: Corviknight
|-heal|p1a: Corviknight|76/100
|-singleturn|p1a: Corviknight|move: Roost
|move|p2a: Dark resist|Focus Blast|p1a: Corviknight
|-supereffective|p1a: Corviknight
|-damage|p1a: Corviknight|21/100
|
|upkeep
|turn|13
|
|t:|1657370500
|move|p1a: Corviknight|Roost|p1a: Corviknight
|-heal|p1a: Corviknight|71/100
|-singleturn|p1a: Corviknight|move: Roost
|move|p2a: Dark resist|Focus Blast|p1a: Corviknight
|-supereffective|p1a: Corviknight
|-damage|p1a: Corviknight|22/100
|
|upkeep
|turn|14
|
|t:|1657370508
|move|p1a: Corviknight|Roost|p1a: Corviknight
|-heal|p1a: Corviknight|72/100
|-singleturn|p1a: Corviknight|move: Roost
|move|p2a: Dark resist|Focus Blast|p1a: Corviknight
|-supereffective|p1a: Corviknight
|-damage|p1a: Corviknight|17/100
|
|upkeep
|turn|15
|j| Ran Kob
|
|t:|1657370516
|move|p1a: Corviknight|Roost|p1a: Corviknight
|-heal|p1a: Corviknight|67/100
|-singleturn|p1a: Corviknight|move: Roost
|move|p2a: Dark resist|Focus Blast|p1a: Corviknight|[miss]
|-miss|p2a: Dark resist|p1a: Corviknight
|
|upkeep
|turn|16
|
|t:|1657370524
|switch|p2a: Fuck tran|Toxapex, M|51/100
|move|p1a: Corviknight|Defog|p2a: Fuck tran
|-unboost|p2a: Fuck tran|evasion|1
|-sideend|p1: jeanmilapipe|Stealth Rock|[from] move: Defog|[of] p1a: Corviknight
|
|upkeep
|turn|17
|
|t:|1657370532
|switch|p1a: Tapu Koko|Tapu Koko|88/100 brn
|-fieldstart|move: Electric Terrain|[from] ability: Electric Surge|[of] p1a: Tapu Koko
|move|p2a: Fuck tran|Toxic Spikes|p1a: Tapu Koko
|-sidestart|p1: jeanmilapipe|move: Toxic Spikes
|
|-damage|p1a: Tapu Koko|82/100 brn|[from] brn
|upkeep
|turn|18
|
|t:|1657370542
|switch|p2a: Fuck taunt|Blissey, F|100/100
|move|p1a: Tapu Koko|Toxic|p2a: Fuck taunt
|-status|p2a: Fuck taunt|tox
|
|-damage|p2a: Fuck taunt|94/100 tox|[from] psn
|-damage|p1a: Tapu Koko|76/100 brn|[from] brn
|upkeep
|turn|19
|
|t:|1657370552
|switch|p1a: Aegislash|Aegislash, M|67/100
|move|p2a: Fuck taunt|Stealth Rock|p1a: Aegislash
|-sidestart|p1: jeanmilapipe|move: Stealth Rock
|
|-heal|p1a: Aegislash|73/100|[from] item: Leftovers
|-damage|p2a: Fuck taunt|82/100 tox|[from] psn
|upkeep
|turn|20
|j| loking887
|
|t:|1657370560
|-curestatus|p2a: Fuck taunt|tox|[from] ability: Natural Cure
|switch|p2a: Dark resist|Tangrowth, F|100/100
|move|p1a: Aegislash|Swords Dance|p1a: Aegislash
|-boost|p1a: Aegislash|atk|2
|
|-heal|p1a: Aegislash|79/100|[from] item: Leftovers
|upkeep
|turn|21
|
|t:|1657370571
|switch|p1a: Corviknight|Corviknight, M|67/100
|-damage|p1a: Corviknight|54/100|[from] Stealth Rock
|move|p2a: Dark resist|Knock Off|p1a: Corviknight
|-damage|p1a: Corviknight|45/100
|
|-fieldend|move: Electric Terrain
|upkeep
|turn|22
|
|t:|1657370579
|switch|p2a: Fuck tran|Toxapex, M|84/100
|move|p1a: Corviknight|Roost|p1a: Corviknight
|-heal|p1a: Corviknight|95/100
|-singleturn|p1a: Corviknight|move: Roost
|
|upkeep
|turn|23
|
|t:|1657370587
|move|p1a: Corviknight|Defog|p2a: Fuck tran
|-unboost|p2a: Fuck tran|evasion|1
|-sideend|p1: jeanmilapipe|Toxic Spikes|[from] move: Defog|[of] p1a: Corviknight
|-sideend|p1: jeanmilapipe|Stealth Rock|[from] move: Defog|[of] p1a: Corviknight
|move|p2a: Fuck tran|Scald|p1a: Corviknight
|-damage|p1a: Corviknight|79/100
|
|upkeep
|turn|24
|
|t:|1657370596
|switch|p1a: Tapu Koko|Tapu Koko|76/100 brn
|-fieldstart|move: Electric Terrain|[from] ability: Electric Surge|[of] p1a: Tapu Koko
|move|p2a: Fuck tran|Scald|p1a: Tapu Koko
|-damage|p1a: Tapu Koko|50/100 brn
|
|-damage|p1a: Tapu Koko|44/100 brn|[from] brn
|upkeep
|turn|25
|
|t:|1657370607
|switch|p1a: Scizor|Scizor, F|100/100
|switch|p2a: Dark resist|Tangrowth, F|100/100
|
|upkeep
|turn|26
|
|t:|1657370613
|switch|p2a: Shed shell7%?|Corviknight, F|100/100
|-ability|p2a: Shed shell7%?|Pressure
|move|p1a: Scizor|Knock Off|p2a: Shed shell7%?
|-damage|p2a: Shed shell7%?|73/100
|-enditem|p2a: Shed shell7%?|Shed Shell|[from] move: Knock Off|[of] p1a: Scizor
|-damage|p1a: Scizor|91/100|[from] item: Life Orb
|
|upkeep
|turn|27
|
|t:|1657370623
|move|p2a: Shed shell7%?|Roost|p2a: Shed shell7%?
|-heal|p2a: Shed shell7%?|100/100
|-singleturn|p2a: Shed shell7%?|move: Roost
|move|p1a: Scizor|Swords Dance|p1a: Scizor
|-boost|p1a: Scizor|atk|2
|
|upkeep
|turn|28
|
|t:|1657370631
|move|p2a: Shed shell7%?|Iron Defense|p2a: Shed shell7%?
|-boost|p2a: Shed shell7%?|def|2
|move|p1a: Scizor|Swords Dance|p1a: Scizor
|-boost|p1a: Scizor|atk|2
|
|-fieldend|move: Electric Terrain
|upkeep
|turn|29
|
|t:|1657370638
|switch|p1a: Aegislash|Aegislash, M|79/100
|move|p2a: Shed shell7%?|Body Press|p1a: Aegislash
|-immune|p1a: Aegislash
|
|-heal|p1a: Aegislash|85/100|[from] item: Leftovers
|upkeep
|turn|30
|
|t:|1657370648
|switch|p2a: Dark resist|Tangrowth, F|100/100
|switch|p1a: Scizor|Scizor, F|91/100
|
|upkeep
|turn|31
|
|t:|1657370655
|switch|p2a: Shed shell7%?|Corviknight, F|100/100
|-ability|p2a: Shed shell7%?|Pressure
|move|p1a: Scizor|Knock Off|p2a: Shed shell7%?
|-damage|p2a: Shed shell7%?|80/100
|-damage|p1a: Scizor|81/100|[from] item: Life Orb
|
|upkeep
|turn|32
|
|t:|1657370663
|move|p2a: Shed shell7%?|Iron Defense|p2a: Shed shell7%?
|-boost|p2a: Shed shell7%?|def|2
|move|p1a: Scizor|Swords Dance|p1a: Scizor
|-boost|p1a: Scizor|atk|2
|
|upkeep
|turn|33
|l|☆Highv0ltag3
|inactive|Highv0ltag3 disconnected and has a minute to reconnect!
|player|p2|
|j|☆Highv0ltag3
|inactive|Highv0ltag3 reconnected and has 120 seconds left.
|player|p2|Highv0ltag3|volo
|
|t:|1657370699
|switch|p1a: Aegislash|Aegislash, M|85/100
|move|p2a: Shed shell7%?|Iron Defense|p2a: Shed shell7%?
|-boost|p2a: Shed shell7%?|def|2
|
|-heal|p1a: Aegislash|91/100|[from] item: Leftovers
|upkeep
|turn|34
|inactive|Highv0ltag3 has 120 seconds left.
|
|t:|1657370709
|switch|p2a: Dark resist|Tangrowth, F|100/100
|switch|p1a: Scizor|Scizor, F|81/100
|
|upkeep
|turn|35
|
|t:|1657370717
|move|p1a: Scizor|Knock Off|p2a: Dark resist
|-damage|p2a: Dark resist|84/100
|-damage|p1a: Scizor|71/100|[from] item: Life Orb
|move|p2a: Dark resist|Knock Off|p1a: Scizor
|-damage|p1a: Scizor|49/100
|-enditem|p1a: Scizor|Life Orb|[from] move: Knock Off|[of] p2a: Dark resist
|
|upkeep
|turn|36
|
|t:|1657370726
|switch|p2a: Shed shell7%?|Corviknight, F|80/100
|-ability|p2a: Shed shell7%?|Pressure
|move|p1a: Scizor|Roost|p1a: Scizor
|-heal|p1a: Scizor|99/100
|-singleturn|p1a: Scizor|move: Roost
|
|upkeep
|turn|37
|j| Nightsuwu
|
|t:|1657370737
|switch|p1a: Inteleon|Inteleon, M|100/100
|move|p2a: Shed shell7%?|Roost|p2a: Shed shell7%?
|-heal|p2a: Shed shell7%?|100/100
|-singleturn|p2a: Shed shell7%?|move: Roost
|
|upkeep
|turn|38
|
|t:|1657370746
|switch|p1a: Aegislash|Aegislash, M|91/100
|switch|p2a: Fuck tran|Toxapex, M|100/100
|
|-heal|p1a: Aegislash|97/100|[from] item: Leftovers
|upkeep
|turn|39
|
|t:|1657370755
|switch|p1a: Tapu Koko|Tapu Koko|44/100 brn
|-fieldstart|move: Electric Terrain|[from] ability: Electric Surge|[of] p1a: Tapu Koko
|move|p2a: Fuck tran|Scald|p1a: Tapu Koko
|-damage|p1a: Tapu Koko|20/100 brn
|
|-damage|p1a: Tapu Koko|14/100 brn|[from] brn
|upkeep
|turn|40
|
|t:|1657370765
|move|p1a: Tapu Koko|Roost|p1a: Tapu Koko
|-heal|p1a: Tapu Koko|65/100 brn
|-singleturn|p1a: Tapu Koko|move: Roost
|move|p2a: Fuck tran|Scald|p1a: Tapu Koko
|-crit|p1a: Tapu Koko
|-damage|p1a: Tapu Koko|28/100 brn
|
|-damage|p1a: Tapu Koko|22/100 brn|[from] brn
|upkeep
|turn|41
|
|t:|1657370774
|move|p1a: Tapu Koko|Roost|p1a: Tapu Koko
|-heal|p1a: Tapu Koko|72/100 brn
|-singleturn|p1a: Tapu Koko|move: Roost
|move|p2a: Fuck tran|Scald|p1a: Tapu Koko
|-damage|p1a: Tapu Koko|48/100 brn
|
|-damage|p1a: Tapu Koko|42/100 brn|[from] brn
|upkeep
|turn|42
|
|t:|1657370783
|switch|p2a: Fuck taunt|Blissey, F|82/100
|move|p1a: Tapu Koko|Roost|p1a: Tapu Koko
|-heal|p1a: Tapu Koko|92/100 brn
|-singleturn|p1a: Tapu Koko|move: Roost
|
|-damage|p1a: Tapu Koko|86/100 brn|[from] brn
|upkeep
|turn|43
|
|t:|1657370791
|switch|p1a: Scizor|Scizor, F|99/100
|move|p2a: Fuck taunt|Stealth Rock|p1a: Scizor
|-sidestart|p1: jeanmilapipe|move: Stealth Rock
|
|-fieldend|move: Electric Terrain
|upkeep
|turn|44
|
|t:|1657370802
|switch|p2a: Dark resist|Tangrowth, F|100/100
|move|p1a: Scizor|Swords Dance|p1a: Scizor
|-boost|p1a: Scizor|atk|2
|
|upkeep
|turn|45
|
|t:|1657370811
|switch|p2a: Shed shell7%?|Corviknight, F|100/100
|-ability|p2a: Shed shell7%?|Pressure
|move|p1a: Scizor|Bullet Punch|p2a: Shed shell7%?
|-resisted|p2a: Shed shell7%?
|-damage|p2a: Shed shell7%?|80/100
|
|upkeep
|turn|46
|
|t:|1657370819
|move|p2a: Shed shell7%?|Iron Defense|p2a: Shed shell7%?
|-boost|p2a: Shed shell7%?|def|2
|move|p1a: Scizor|Swords Dance|p1a: Scizor
|-boost|p1a: Scizor|atk|2
|
|upkeep
|turn|47
|
|t:|1657370826
|switch|p1a: Aegislash|Aegislash, M|97/100
|-damage|p1a: Aegislash|91/100|[from] Stealth Rock
|move|p2a: Shed shell7%?|Roost|p2a: Shed shell7%?
|-heal|p2a: Shed shell7%?|100/100
|-singleturn|p2a: Shed shell7%?|move: Roost
|
|-heal|p1a: Aegislash|97/100|[from] item: Leftovers
|upkeep
|turn|48
|
|t:|1657370837
|switch|p2a: Dark resist|Tangrowth, F|100/100
|switch|p1a: Scizor|Scizor, F|99/100
|-damage|p1a: Scizor|87/100|[from] Stealth Rock
|
|upkeep
|turn|49
|
|t:|1657370845
|move|p1a: Scizor|Swords Dance|p1a: Scizor
|-boost|p1a: Scizor|atk|2
|move|p2a: Dark resist|Giga Drain|p1a: Scizor
|-resisted|p1a: Scizor
|-damage|p1a: Scizor|78/100
|
|upkeep
|turn|50
|j| VenusaursKingodom
|
|t:|1657370853
|switch|p2a: Shed shell7%?|Corviknight, F|100/100
|-ability|p2a: Shed shell7%?|Pressure
|move|p1a: Scizor|Swords Dance|p1a: Scizor
|-boost|p1a: Scizor|atk|2
|
|upkeep
|turn|51
|j| Mooseidon
|
|t:|1657370860
|move|p2a: Shed shell7%?|Iron Defense|p2a: Shed shell7%?
|-boost|p2a: Shed shell7%?|def|2
|move|p1a: Scizor|Swords Dance|p1a: Scizor
|-boost|p1a: Scizor|atk|2
|
|upkeep
|turn|52
|
|t:|1657370870
|move|p2a: Shed shell7%?|Body Press|p1a: Scizor
|-damage|p1a: Scizor|24/100
|move|p1a: Scizor|Roost|p1a: Scizor
|-heal|p1a: Scizor|74/100
|-singleturn|p1a: Scizor|move: Roost
|
|upkeep
|turn|53
|
|t:|1657370876
|switch|p1a: Aegislash|Aegislash, M|97/100
|-damage|p1a: Aegislash|91/100|[from] Stealth Rock
|move|p2a: Shed shell7%?|Iron Defense|p2a: Shed shell7%?
|-boost|p2a: Shed shell7%?|def|2
|
|-heal|p1a: Aegislash|97/100|[from] item: Leftovers
|upkeep
|turn|54
|
|t:|1657370887
|switch|p2a: Dark resist|Tangrowth, F|100/100
|move|p1a: Aegislash|Swords Dance|p1a: Aegislash
|-boost|p1a: Aegislash|atk|2
|
|-heal|p1a: Aegislash|100/100|[from] item: Leftovers
|upkeep
|turn|55
|
|t:|1657370897
|switch|p1a: Scizor|Scizor, F|74/100
|-damage|p1a: Scizor|62/100|[from] Stealth Rock
|move|p2a: Dark resist|Knock Off|p1a: Scizor
|-damage|p1a: Scizor|48/100
|
|upkeep
|turn|56
|j| SilentTurb0
|
|t:|1657370909
|switch|p2a: Shed shell7%?|Corviknight, F|100/100
|-ability|p2a: Shed shell7%?|Pressure
|move|p1a: Scizor|Roost|p1a: Scizor
|-heal|p1a: Scizor|98/100
|-singleturn|p1a: Scizor|move: Roost
|
|upkeep
|turn|57
|
|t:|1657370917
|switch|p2a: Dark resist|Tangrowth, F|100/100
|move|p1a: Scizor|Swords Dance|p1a: Scizor
|-boost|p1a: Scizor|atk|2
|
|upkeep
|turn|58
|
|t:|1657370923
|switch|p2a: Shed shell7%?|Corviknight, F|100/100
|-ability|p2a: Shed shell7%?|Pressure
|move|p1a: Scizor|Swords Dance|p1a: Scizor
|-boost|p1a: Scizor|atk|2
|
|upkeep
|turn|59
|
|t:|1657370931
|move|p2a: Shed shell7%?|Iron Defense|p2a: Shed shell7%?
|-boost|p2a: Shed shell7%?|def|2
|move|p1a: Scizor|Swords Dance|p1a: Scizor
|-boost|p1a: Scizor|atk|2
|
|upkeep
|turn|60
|
|t:|1657370937
|switch|p1a: Aegislash|Aegislash, M|100/100
|-damage|p1a: Aegislash|94/100|[from] Stealth Rock
|move|p2a: Shed shell7%?|Iron Defense|p2a: Shed shell7%?
|-boost|p2a: Shed shell7%?|def|2
|
|-heal|p1a: Aegislash|100/100|[from] item: Leftovers
|upkeep
|turn|61
|j| angrrry
|
|t:|1657370946
|switch|p2a: Dark resist|Tangrowth, F|100/100
|move|p1a: Aegislash|Swords Dance|p1a: Aegislash
|-boost|p1a: Aegislash|atk|2
|
|upkeep
|turn|62
|
|t:|1657370953
|switch|p1a: Scizor|Scizor, F|98/100
|-damage|p1a: Scizor|86/100|[from] Stealth Rock
|move|p2a: Dark resist|Knock Off|p1a: Scizor
|-damage|p1a: Scizor|71/100
|
|upkeep
|turn|63
|
|t:|1657370961
|switch|p2a: Shed shell7%?|Corviknight, F|100/100
|-ability|p2a: Shed shell7%?|Pressure
|move|p1a: Scizor|Swords Dance|p1a: Scizor
|-boost|p1a: Scizor|atk|2
|
|upkeep
|turn|64
|j| tsnsj
|l| Nightsuwu
|
|t:|1657370971
|move|p2a: Shed shell7%?|Iron Defense|p2a: Shed shell7%?
|-boost|p2a: Shed shell7%?|def|2
|move|p1a: Scizor|Swords Dance|p1a: Scizor
|-boost|p1a: Scizor|atk|2
|
|upkeep
|turn|65
|
|t:|1657370978
|switch|p1a: Aegislash|Aegislash, M|100/100
|-damage|p1a: Aegislash|94/100|[from] Stealth Rock
|move|p2a: Shed shell7%?|Iron Defense|p2a: Shed shell7%?
|-boost|p2a: Shed shell7%?|def|2
|
|-heal|p1a: Aegislash|100/100|[from] item: Leftovers
|upkeep
|turn|66
|
|t:|1657370989
|switch|p2a: Dark resist|Tangrowth, F|100/100
|move|p1a: Aegislash|Swords Dance|p1a: Aegislash
|-boost|p1a: Aegislash|atk|2
|
|upkeep
|turn|67
|
|t:|1657371002
|switch|p1a: Scizor|Scizor, F|71/100
|-damage|p1a: Scizor|59/100|[from] Stealth Rock
|move|p2a: Dark resist|Knock Off|p1a: Scizor
|-damage|p1a: Scizor|43/100
|
|upkeep
|turn|68
|
|t:|1657371010
|switch|p2a: Shed shell7%?|Corviknight, F|100/100
|-ability|p2a: Shed shell7%?|Pressure
|move|p1a: Scizor|Roost|p1a: Scizor
|-heal|p1a: Scizor|93/100
|-singleturn|p1a: Scizor|move: Roost
|
|upkeep
|turn|69
|
|t:|1657371021
|switch|p2a: Dark resist|Tangrowth, F|100/100
|move|p1a: Scizor|Swords Dance|p1a: Scizor
|-boost|p1a: Scizor|atk|2
|
|upkeep
|turn|70
|
|t:|1657371028
|switch|p2a: Shed shell7%?|Corviknight, F|100/100
|-ability|p2a: Shed shell7%?|Pressure
|move|p1a: Scizor|Knock Off|p2a: Shed shell7%?
|-crit|p2a: Shed shell7%?
|-damage|p2a: Shed shell7%?|58/100
|
|upkeep
|turn|71
|
|t:|1657371038
|move|p2a: Shed shell7%?|Roost|p2a: Shed shell7%?
|-heal|p2a: Shed shell7%?|100/100
|-singleturn|p2a: Shed shell7%?|move: Roost
|move|p1a: Scizor|Swords Dance|p1a: Scizor
|-boost|p1a: Scizor|atk|2
|
|upkeep
|turn|72
|
|t:|1657371050
|switch|p1a: Inteleon|Inteleon, M|100/100
|-damage|p1a: Inteleon|88/100|[from] Stealth Rock
|move|p2a: Shed shell7%?|Iron Defense|p2a: Shed shell7%?
|-boost|p2a: Shed shell7%?|def|2
|
|upkeep
|turn|73
|
|t:|1657371057
|switch|p2a: Fuck tran|Toxapex, M|100/100
|move|p1a: Inteleon|Focus Energy|p1a: Inteleon
|-start|p1a: Inteleon|move: Focus Energy
|
|upkeep
|turn|74
|
|t:|1657371063
|move|p1a: Inteleon|Shadow Ball|p2a: Fuck tran
|-crit|p2a: Fuck tran
|-damage|p2a: Fuck tran|51/100
|-unboost|p2a: Fuck tran|spd|1
|move|p2a: Fuck tran|Toxic|p1a: Inteleon
|-status|p1a: Inteleon|tox
|
|-damage|p1a: Inteleon|82/100 tox|[from] psn
|upkeep
|turn|75
|
|t:|1657371073
|switch|p2a: I'm also pink blob|Gastrodon, M|88/100
|move|p1a: Inteleon|Snipe Shot|p2a: I'm also pink blob
|-ability|p2a: I'm also pink blob|Storm Drain|boost
|-boost|p2a: I'm also pink blob|spa|1
|
|-heal|p2a: I'm also pink blob|94/100|[from] item: Leftovers
|-damage|p1a: Inteleon|70/100 tox|[from] psn
|upkeep
|turn|76
|j| Atomise
|l| loking887
|
|t:|1657371082
|move|p1a: Inteleon|Shadow Ball|p2a: I'm also pink blob
|-crit|p2a: I'm also pink blob
|-damage|p2a: I'm also pink blob|52/100
|move|p2a: I'm also pink blob|Recover|p2a: I'm also pink blob
|-heal|p2a: I'm also pink blob|100/100
|
|-damage|p1a: Inteleon|52/100 tox|[from] psn
|upkeep
|turn|77
|
|t:|1657371093
|move|p1a: Inteleon|Shadow Ball|p2a: I'm also pink blob
|-crit|p2a: I'm also pink blob
|-damage|p2a: I'm also pink blob|62/100
|move|p2a: I'm also pink blob|Recover|p2a: I'm also pink blob
|-heal|p2a: I'm also pink blob|100/100
|
|-damage|p1a: Inteleon|28/100 tox|[from] psn
|upkeep
|turn|78
|l| Atomise
|
|t:|1657371102
|move|p1a: Inteleon|Shadow Ball|p2a: I'm also pink blob
|-crit|p2a: I'm also pink blob
|-damage|p2a: I'm also pink blob|62/100
|move|p2a: I'm also pink blob|Recover|p2a: I'm also pink blob
|-heal|p2a: I'm also pink blob|100/100
|
|-damage|p1a: Inteleon|0 fnt|[from] psn
|faint|p1a: Inteleon
|upkeep
|
|t:|1657371118
|switch|p1a: Garchomp|Garchomp, M|100/100
|-damage|p1a: Garchomp|94/100|[from] Stealth Rock
|turn|79
|
|t:|1657371122
|switch|p2a: Dark resist|Tangrowth, F|100/100
|move|p1a: Garchomp|Earthquake|p2a: Dark resist
|-resisted|p2a: Dark resist
|-damage|p2a: Dark resist|86/100
|
|-heal|p1a: Garchomp|100/100|[from] item: Leftovers
|upkeep
|turn|80
|
|t:|1657371132
|move|p1a: Garchomp|Substitute|p1a: Garchomp
|-start|p1a: Garchomp|Substitute
|-damage|p1a: Garchomp|76/100
|move|p2a: Dark resist|Toxic||[still]
|-fail|p2a: Dark resist
|
|-heal|p1a: Garchomp|82/100|[from] item: Leftovers
|upkeep
|turn|81
|
|t:|1657371145
|switch|p2a: Shed shell7%?|Corviknight, F|100/100
|-ability|p2a: Shed shell7%?|Pressure
|move|p1a: Garchomp|Swords Dance|p1a: Garchomp
|-boost|p1a: Garchomp|atk|2
|
|-heal|p1a: Garchomp|88/100|[from] item: Leftovers
|upkeep
|turn|82
|
|t:|1657371159
|move|p1a: Garchomp|Swords Dance|p1a: Garchomp
|-boost|p1a: Garchomp|atk|2
|move|p2a: Shed shell7%?|Iron Defense|p2a: Shed shell7%?
|-boost|p2a: Shed shell7%?|def|2
|
|-heal|p1a: Garchomp|94/100|[from] item: Leftovers
|upkeep
|turn|83
|l| Ran Kob
|
|t:|1657371168
|move|p1a: Garchomp|Swords Dance|p1a: Garchomp
|-boost|p1a: Garchomp|atk|2
|move|p2a: Shed shell7%?|Iron Defense|p2a: Shed shell7%?
|-boost|p2a: Shed shell7%?|def|2
|
|-heal|p1a: Garchomp|99/100|[from] item: Leftovers
|upkeep
|turn|84
|j| Silent D Waltz
|
|t:|1657371177
|move|p1a: Garchomp|Swords Dance|p1a: Garchomp
|-boost|p1a: Garchomp|atk|0
|move|p2a: Shed shell7%?|Iron Defense|p2a: Shed shell7%?
|-boost|p2a: Shed shell7%?|def|2
|
|-heal|p1a: Garchomp|100/100|[from] item: Leftovers
|upkeep
|turn|85
|
|t:|1657371188
|move|p1a: Garchomp|Swords Dance|p1a: Garchomp
|-boost|p1a: Garchomp|atk|0
|move|p2a: Shed shell7%?|Body Press|p1a: Garchomp
|-end|p1a: Garchomp|Substitute
|
|upkeep
|turn|86
|
|t:|1657371195
|move|p1a: Garchomp|Substitute|p1a: Garchomp
|-start|p1a: Garchomp|Substitute
|-damage|p1a: Garchomp|76/100
|move|p2a: Shed shell7%?|Body Press|p1a: Garchomp
|-end|p1a: Garchomp|Substitute
|
|-heal|p1a: Garchomp|82/100|[from] item: Leftovers
|upkeep
|turn|87
|
|t:|1657371204
|switch|p1a: Aegislash|Aegislash, M|100/100
|-damage|p1a: Aegislash|94/100|[from] Stealth Rock
|move|p2a: Shed shell7%?|Body Press|p1a: Aegislash
|-immune|p1a: Aegislash
|
|-heal|p1a: Aegislash|100/100|[from] item: Leftovers
|upkeep
|turn|88
|
|t:|1657371215
|switch|p2a: Dark resist|Tangrowth, F|100/100
|switch|p1a: Scizor|Scizor, F|93/100
|-damage|p1a: Scizor|81/100|[from] Stealth Rock
|
|upkeep
|turn|89
|
|t:|1657371223
|switch|p2a: Fuck tran|Toxapex, M|84/100
|move|p1a: Scizor|Swords Dance|p1a: Scizor
|-boost|p1a: Scizor|atk|2
|
|upkeep
|turn|90
|
|t:|1657371229
|move|p1a: Scizor|Swords Dance|p1a: Scizor
|-boost|p1a: Scizor|atk|2
|move|p2a: Fuck tran|Scald|p1a: Scizor
|-damage|p1a: Scizor|62/100
|
|upkeep
|turn|91
|
|t:|1657371236
|move|p1a: Scizor|Knock Off|p2a: Fuck tran
|-damage|p2a: Fuck tran|20/100
|-damage|p1a: Scizor|46/100|[from] item: Rocky Helmet|[of] p2a: Fuck tran
|-enditem|p2a: Fuck tran|Rocky Helmet|[from] move: Knock Off|[of] p1a: Scizor
|move|p2a: Fuck tran|Scald|p1a: Scizor
|-damage|p1a: Scizor|26/100
|
|upkeep
|turn|92
|
|t:|1657371246
|switch|p2a: Shed shell7%?|Corviknight, F|100/100
|-ability|p2a: Shed shell7%?|Pressure
|move|p1a: Scizor|Roost|p1a: Scizor
|-heal|p1a: Scizor|76/100
|-singleturn|p1a: Scizor|move: Roost
|
|upkeep
|turn|93
|
|t:|1657371254
|move|p2a: Shed shell7%?|Iron Defense|p2a: Shed shell7%?
|-boost|p2a: Shed shell7%?|def|2
|move|p1a: Scizor|Swords Dance|p1a: Scizor
|-boost|p1a: Scizor|atk|2
|
|upkeep
|turn|94
|
|t:|1657371260
|switch|p1a: Aegislash|Aegislash, M|100/100
|-damage|p1a: Aegislash|94/100|[from] Stealth Rock
|move|p2a: Shed shell7%?|Iron Defense|p2a: Shed shell7%?
|-boost|p2a: Shed shell7%?|def|2
|
|-heal|p1a: Aegislash|100/100|[from] item: Leftovers
|upkeep
|turn|95
|j| someidiot19
|
|t:|1657371274
|switch|p2a: Dark resist|Tangrowth, F|100/100
|move|p1a: Aegislash|Swords Dance|p1a: Aegislash
|-boost|p1a: Aegislash|atk|2
|
|upkeep
|turn|96
|l| someidiot19
|j| fadsgh
|
|t:|1657371281
|move|p1a: Aegislash|King's Shield|p1a: Aegislash
|-singleturn|p1a: Aegislash|Protect
|move|p2a: Dark resist|Knock Off|p1a: Aegislash
|-activate|p1a: Aegislash|move: Protect
|-unboost|p2a: Dark resist|atk|1
|
|upkeep
|turn|97
|
|t:|1657371289
|switch|p1a: Scizor|Scizor, F|76/100
|-damage|p1a: Scizor|63/100|[from] Stealth Rock
|move|p2a: Dark resist|Knock Off|p1a: Scizor
|-damage|p1a: Scizor|54/100
|
|upkeep
|turn|98
|
|t:|1657371296
|switch|p2a: Fuck tran|Toxapex, M|53/100
|move|p1a: Scizor|Swords Dance|p1a: Scizor
|-boost|p1a: Scizor|atk|2
|
|upkeep
|turn|99
|l|fadsgh
|
|t:|1657371303
|move|p1a: Scizor|Knock Off|p2a: Fuck tran
|-damage|p2a: Fuck tran|24/100
|move|p2a: Fuck tran|Recover|p2a: Fuck tran
|-heal|p2a: Fuck tran|74/100
|
|upkeep
|turn|100
|j| Demonius
|
|t:|1657371309
|switch|p1a: Tapu Koko|Tapu Koko|86/100 brn
|-fieldstart|move: Electric Terrain|[from] ability: Electric Surge|[of] p1a: Tapu Koko
|move|p2a: Fuck tran|Scald|p1a: Tapu Koko
|-damage|p1a: Tapu Koko|59/100 brn
|
|-damage|p1a: Tapu Koko|53/100 brn|[from] brn
|upkeep
|turn|101
|j| Stonkystinky
|l| Silent D Waltz
|
|t:|1657371320
|switch|p1a: Garchomp|Garchomp, M|82/100
|-damage|p1a: Garchomp|76/100|[from] Stealth Rock
|switch|p2a: Fuck taunt|Blissey, F|82/100
|
|-heal|p1a: Garchomp|82/100|[from] item: Leftovers
|upkeep
|turn|102
|l| VenusaursKingodom
|
|t:|1657371330
|switch|p2a: Dark resist|Tangrowth, F|100/100
|move|p1a: Garchomp|Swords Dance|p1a: Garchomp
|-boost|p1a: Garchomp|atk|2
|
|-heal|p1a: Garchomp|88/100|[from] item: Leftovers
|upkeep
|turn|103
|
|t:|1657371339
|move|p1a: Garchomp|Scale Shot|p2a: Dark resist
|-damage|p2a: Dark resist|87/100
|-crit|p2a: Dark resist
|-damage|p2a: Dark resist|67/100
|-damage|p2a: Dark resist|54/100
|-hitcount|p2a: Dark resist|3
|-unboost|p1a: Garchomp|def|1
|-boost|p1a: Garchomp|spe|1
|move|p2a: Dark resist|Giga Drain|p1a: Garchomp
|-damage|p1a: Garchomp|60/100
|-heal|p2a: Dark resist|66/100|[from] drain|[of] p1a: Garchomp
|
|-heal|p1a: Garchomp|66/100|[from] item: Leftovers
|upkeep
|turn|104
|
|t:|1657371354
|move|p1a: Garchomp|Scale Shot|p2a: Dark resist
|-damage|p2a: Dark resist|53/100
|-crit|p2a: Dark resist
|-damage|p2a: Dark resist|33/100
|-crit|p2a: Dark resist
|-damage|p2a: Dark resist|13/100
|-damage|p2a: Dark resist|0 fnt
|faint|p2a: Dark resist
|-hitcount|p2: Dark resist|4
|-unboost|p1a: Garchomp|def|1
|-boost|p1a: Garchomp|spe|1
|
|-heal|p1a: Garchomp|72/100|[from] item: Leftovers
|-fieldend|move: Electric Terrain
|upkeep
|l| angrrry
|c|☆Highv0ltag3|Bruh
|c| Stonkystinky|Bruh
|
|t:|1657371369
|switch|p2a: Shed shell7%?|Corviknight, F|100/100
|-ability|p2a: Shed shell7%?|Pressure
|turn|105
|j| VenusaursKingodom
|c| Stonkystinky|Ur lucky as shit
|
|t:|1657371375
|switch|p1a: Aegislash|Aegislash, M|100/100
|-damage|p1a: Aegislash|94/100|[from] Stealth Rock
|switch|p2a: Fuck tran|Toxapex, M|100/100
|
|-heal|p1a: Aegislash|100/100|[from] item: Leftovers
|upkeep
|turn|106
|j| angrrry
|
|t:|1657371385
|switch|p1a: Tapu Koko|Tapu Koko|53/100 brn
|-fieldstart|move: Electric Terrain|[from] ability: Electric Surge|[of] p1a: Tapu Koko
|move|p2a: Fuck tran|Toxic Spikes|p1a: Tapu Koko
|-sidestart|p1: jeanmilapipe|move: Toxic Spikes
|
|-damage|p1a: Tapu Koko|47/100 brn|[from] brn
|upkeep
|turn|107
|
|t:|1657371394
|move|p1a: Tapu Koko|Toxic|p2a: Fuck tran
|-immune|p2a: Fuck tran
|move|p2a: Fuck tran|Scald|p1a: Tapu Koko
|-damage|p1a: Tapu Koko|20/100 brn
|
|-damage|p1a: Tapu Koko|14/100 brn|[from] brn
|upkeep
|turn|108
|
|t:|1657371403
|switch|p2a: Fuck taunt|Blissey, F|82/100
|move|p1a: Tapu Koko|Roost|p1a: Tapu Koko
|-heal|p1a: Tapu Koko|64/100 brn
|-singleturn|p1a: Tapu Koko|move: Roost
|
|-damage|p1a: Tapu Koko|58/100 brn|[from] brn
|upkeep
|turn|109
|
|t:|1657371415
|switch|p1a: Corviknight|Corviknight, M|79/100
|-damage|p1a: Corviknight|67/100|[from] Stealth Rock
|switch|p2a: Fuck tran|Toxapex, M|100/100
|
|upkeep
|turn|110
|
|t:|1657371422
|move|p1a: Corviknight|Defog|p2a: Fuck tran
|-unboost|p2a: Fuck tran|evasion|1
|-sideend|p1: jeanmilapipe|Toxic Spikes|[from] move: Defog|[of] p1a: Corviknight
|-sideend|p1: jeanmilapipe|Stealth Rock|[from] move: Defog|[of] p1a: Corviknight
|-fieldend|move: Electric Terrain
|move|p2a: Fuck tran|Scald|p1a: Corviknight
|-damage|p1a: Corviknight|52/100
|
|upkeep
|turn|111
|
|t:|1657371430
|move|p1a: Corviknight|Roost|p1a: Corviknight
|-heal|p1a: Corviknight|100/100
|-singleturn|p1a: Corviknight|move: Roost
|move|p2a: Fuck tran|Toxic|p1a: Corviknight
|-immune|p1a: Corviknight
|
|upkeep
|turn|112
|l| qingshu0918
|
|t:|1657371438
|move|p1a: Corviknight|U-turn|p2a: Fuck tran
|-resisted|p2a: Fuck tran
|-damage|p2a: Fuck tran|96/100
|
|t:|1657371443
|switch|p1a: Tapu Koko|Tapu Koko|58/100 brn|[from]move: U-turn
|-fieldstart|move: Electric Terrain|[from] ability: Electric Surge|[of] p1a: Tapu Koko
|move|p2a: Fuck tran|Toxic Spikes|p1a: Tapu Koko
|-sidestart|p1: jeanmilapipe|move: Toxic Spikes
|
|-damage|p1a: Tapu Koko|52/100 brn|[from] brn
|upkeep
|turn|113
|
|t:|1657371453
|switch|p2a: Fuck taunt|Blissey, F|82/100
|move|p1a: Tapu Koko|Roost|p1a: Tapu Koko
|-heal|p1a: Tapu Koko|100/100 brn
|-singleturn|p1a: Tapu Koko|move: Roost
|
|-damage|p1a: Tapu Koko|94/100 brn|[from] brn
|upkeep
|turn|114
|
|t:|1657371461
|switch|p1a: Corviknight|Corviknight, M|100/100
|move|p2a: Fuck taunt|Stealth Rock|p1a: Corviknight
|-sidestart|p1: jeanmilapipe|move: Stealth Rock
|
|upkeep
|turn|115
|
|t:|1657371468
|switch|p2a: Shed shell7%?|Corviknight, F|100/100
|-ability|p2a: Shed shell7%?|Pressure
|move|p1a: Corviknight|Defog|p2a: Shed shell7%?
|-unboost|p2a: Shed shell7%?|evasion|1
|-sideend|p1: jeanmilapipe|Toxic Spikes|[from] move: Defog|[of] p1a: Corviknight
|-sideend|p1: jeanmilapipe|Stealth Rock|[from] move: Defog|[of] p1a: Corviknight
|-fieldend|move: Electric Terrain
|
|upkeep
|turn|116
|
|t:|1657371477
|switch|p2a: Fuck tran|Toxapex, M|100/100
|move|p1a: Corviknight|U-turn|p2a: Fuck tran
|-resisted|p2a: Fuck tran
|-damage|p2a: Fuck tran|96/100
|
|t:|1657371482
|switch|p1a: Garchomp|Garchomp, M|72/100|[from]move: U-turn
|
|-heal|p1a: Garchomp|78/100|[from] item: Leftovers
|upkeep
|turn|117
|
|t:|1657371488
|move|p1a: Garchomp|Substitute|p1a: Garchomp
|-start|p1a: Garchomp|Substitute
|-damage|p1a: Garchomp|53/100
|move|p2a: Fuck tran|Toxic Spikes|p1a: Garchomp
|-sidestart|p1: jeanmilapipe|move: Toxic Spikes
|
|-heal|p1a: Garchomp|60/100|[from] item: Leftovers
|upkeep
|turn|118
|c| Stonkystinky|y’all really desperate
|
|t:|1657371499
|switch|p2a: Fuck taunt|Blissey, F|82/100
|move|p1a: Garchomp|Swords Dance|p1a: Garchomp
|-boost|p1a: Garchomp|atk|2
|
|-heal|p1a: Garchomp|66/100|[from] item: Leftovers
|upkeep
|turn|119
|
|t:|1657371507
|switch|p2a: Shed shell7%?|Corviknight, F|100/100
|-ability|p2a: Shed shell7%?|Pressure
|move|p1a: Garchomp|Swords Dance|p1a: Garchomp
|-boost|p1a: Garchomp|atk|2
|
|-heal|p1a: Garchomp|72/100|[from] item: Leftovers
|upkeep
|turn|120
|inactive|jeanmilapipe has 120 seconds left.
|
|t:|1657371523
|move|p1a: Garchomp|Swords Dance|p1a: Garchomp
|-boost|p1a: Garchomp|atk|2
|move|p2a: Shed shell7%?|Iron Defense|p2a: Shed shell7%?
|-boost|p2a: Shed shell7%?|def|2
|
|-heal|p1a: Garchomp|78/100|[from] item: Leftovers
|upkeep
|turn|121
|inactive|jeanmilapipe has 120 seconds left.
|
|t:|1657371533
|move|p1a: Garchomp|Swords Dance|p1a: Garchomp
|-boost|p1a: Garchomp|atk|0
|move|p2a: Shed shell7%?|Body Press|p1a: Garchomp
|-end|p1a: Garchomp|Substitute
|
|-heal|p1a: Garchomp|84/100|[from] item: Leftovers
|upkeep
|turn|122
|inactive|jeanmilapipe has 120 seconds left.
|
|t:|1657371542
|switch|p1a: Aegislash|Aegislash, M|100/100
|switch|p2a: Fuck tran|Toxapex, M|100/100
|
|upkeep
|turn|123
|inactive|jeanmilapipe has 120 seconds left.
|
|t:|1657371553
|switch|p1a: Corviknight|Corviknight, M|100/100
|move|p2a: Fuck tran|Scald|p1a: Corviknight
|-damage|p1a: Corviknight|87/100
|-status|p1a: Corviknight|brn
|
|-damage|p1a: Corviknight|80/100 brn|[from] brn
|upkeep
|turn|124
|
|t:|1657371563
|move|p1a: Corviknight|Defog|p2a: Fuck tran
|-unboost|p2a: Fuck tran|evasion|1
|-sideend|p1: jeanmilapipe|Toxic Spikes|[from] move: Defog|[of] p1a: Corviknight
|move|p2a: Fuck tran|Toxic Spikes|p1a: Corviknight
|-sidestart|p1: jeanmilapipe|move: Toxic Spikes
|
|-damage|p1a: Corviknight|74/100 brn|[from] brn
|upkeep
|turn|125
|
|t:|1657371572
|move|p1a: Corviknight|Defog|p2a: Fuck tran
|-unboost|p2a: Fuck tran|evasion|1
|-sideend|p1: jeanmilapipe|Toxic Spikes|[from] move: Defog|[of] p1a: Corviknight
|move|p2a: Fuck tran|Toxic Spikes|p1a: Corviknight
|-sidestart|p1: jeanmilapipe|move: Toxic Spikes
|
|-damage|p1a: Corviknight|68/100 brn|[from] brn
|upkeep
|turn|126
|j| loking887
|
|t:|1657371580
|move|p1a: Corviknight|Roost|p1a: Corviknight
|-heal|p1a: Corviknight|100/100 brn
|-singleturn|p1a: Corviknight|move: Roost
|move|p2a: Fuck tran|Toxic Spikes|p1a: Corviknight
|-sidestart|p1: jeanmilapipe|move: Toxic Spikes
|
|-damage|p1a: Corviknight|94/100 brn|[from] brn
|upkeep
|turn|127
|
|t:|1657371589
|move|p1a: Corviknight|Defog|p2a: Fuck tran
|-unboost|p2a: Fuck tran|evasion|1
|-sideend|p1: jeanmilapipe|Toxic Spikes|[from] move: Defog|[of] p1a: Corviknight
|move|p2a: Fuck tran|Toxic Spikes|p1a: Corviknight
|-sidestart|p1: jeanmilapipe|move: Toxic Spikes
|
|-damage|p1a: Corviknight|88/100 brn|[from] brn
|upkeep
|turn|128
|l| Demonius
|
|t:|1657371602
|switch|p1a: Tapu Koko|Tapu Koko|94/100 brn
|-fieldstart|move: Electric Terrain|[from] ability: Electric Surge|[of] p1a: Tapu Koko
|switch|p2a: Shed shell7%?|Corviknight, F|100/100
|-ability|p2a: Shed shell7%?|Pressure
|
|-damage|p1a: Tapu Koko|88/100 brn|[from] brn
|upkeep
|turn|129
|
|t:|1657371613
|switch|p1a: Scizor|Scizor, F|54/100
|switch|p2a: Fuck tran|Toxapex, M|100/100
|
|upkeep
|turn|130
|
|t:|1657371625
|switch|p1a: Corviknight|Corviknight, M|88/100 brn
|switch|p2a: Fuck taunt|Blissey, F|82/100
|
|-damage|p1a: Corviknight|82/100 brn|[from] brn
|upkeep
|turn|131
|
|t:|1657371632
|move|p1a: Corviknight|U-turn|p2a: Fuck taunt
|-damage|p2a: Fuck taunt|75/100
|
|t:|1657371638
|switch|p1a: Aegislash|Aegislash, M|100/100|[from]move: U-turn
|move|p2a: Fuck taunt|Stealth Rock|p1a: Aegislash
|-sidestart|p1: jeanmilapipe|move: Stealth Rock
|
|upkeep
|turn|132
|
|t:|1657371649
|switch|p2a: I'm also pink blob|Gastrodon, M|100/100
|move|p1a: Aegislash|Swords Dance|p1a: Aegislash
|-boost|p1a: Aegislash|atk|2
|
|-fieldend|move: Electric Terrain
|upkeep
|turn|133
|
|t:|1657371658
|move|p1a: Aegislash|Swords Dance|p1a: Aegislash
|-boost|p1a: Aegislash|atk|2
|move|p2a: I'm also pink blob|Earth Power|p1a: Aegislash
|-supereffective|p1a: Aegislash
|-damage|p1a: Aegislash|52/100
|
|-heal|p1a: Aegislash|58/100|[from] item: Leftovers
|upkeep
|turn|134
|
|t:|1657371677
|switch|p2a: Fuck taunt|Blissey, F|75/100
|-formechange|p1a: Aegislash|Aegislash-Blade||[from] ability: Stance Change
|move|p1a: Aegislash|Shadow Claw|p2a: Fuck taunt
|-immune|p2a: Fuck taunt
|
|-heal|p1a: Aegislash|64/100|[from] item: Leftovers
|upkeep
|turn|135
|
|t:|1657371687
|switch|p2a: Fuck tran|Toxapex, M|100/100
|move|p1a: Aegislash|Swords Dance|p1a: Aegislash
|-boost|p1a: Aegislash|atk|2
|
|-heal|p1a: Aegislash|70/100|[from] item: Leftovers
|upkeep
|turn|136
|n| Enkefalos|zreptar
|
|t:|1657371695
|move|p1a: Aegislash|Shadow Claw|p2a: Fuck tran
|-damage|p2a: Fuck tran|0 fnt
|faint|p2a: Fuck tran
|
|-heal|p1a: Aegislash|76/100|[from] item: Leftovers
|upkeep
|c|☆Highv0ltag3|Gg
|c|☆Highv0ltag3|Wp
|-message|Highv0ltag3 forfeited.
|
|win|jeanmilapipe
|raw|jeanmilapipe's rating: 1813 &rarr; <strong>1836</strong><br />(+23 for winning)
|raw|Highv0ltag3's rating: 1862 &rarr; <strong>1839</strong><br />(-23 for losing)
|l|☆Highv0ltag3
|j| 7acomm
|c| 7acomm|nice
|l| 7acomm
|c| Stonkystinky|Jean this ur 20th game or some shit
|c| Stonkystinky|?
|l| tsnsj
||Ladder isn't responding, score probably updated but might not have (Request timeout).
|l| Stonkystinky
|l| VenusaursKingodom
|l| loking887
|j| Demonius
