|j|☆Delibird Heart
|j|☆LT7P29 Allistair
|t:|1651498174
|gametype|singles
|player|p1|Delibird Heart|guitarist-gen4|1674
|player|p2|LT7P29 Allistair|169|1870
|teamsize|p1|6
|teamsize|p2|6
|gen|8
|tier|[Gen 8] OU
|rated|
|rule|Sleep Clause Mod: Limit one foe put to sleep
|rule|Species Clause: Limit one of each Pokémon
|rule|OHKO Clause: OHKO moves are banned
|rule|Evasion Moves Clause: Evasion moves are banned
|rule|Endless Battle Clause: Forcing endless battles is banned
|rule|HP Percentage Mod: HP is shown in percentages
|rule|Dynamax Clause: You cannot dynamax
|clearpoke
|poke|p1|Ninetales-Alola, F|
|poke|p1|Arctozolt|
|poke|p1|Blissey, F|
|poke|p1|Zapdos|
|poke|p1|Garchomp, F|
|poke|p1|Ferrothorn, M|
|poke|p2|Corviknight, F|
|poke|p2|Clefable, F|
|poke|p2|Blissey, F|
|poke|p2|Toxapex, F|
|poke|p2|Mew|
|poke|p2|Gastrodon, M|
|teampreview
|j| 1234iii
|inactive|Battle timer is ON: inactive players will automatically lose when time's up. (requested by Delibird Heart)
|
|t:|1651498200
|start
|switch|p1a: Ninetales|Ninetales-Alola, F|100/100
|switch|p2a: Toxapex|Toxapex, F|100/100
|-weather|Hail|[from] ability: Snow Warning|[of] p1a: Ninetales
|turn|1
|
|t:|1651498212
|switch|p1a: Zapdos|Zapdos|100/100
|move|p2a: Toxapex|Toxic Spikes|p1a: Zapdos
|-sidestart|p1: Delibird Heart|move: Toxic Spikes
|
|-weather|Hail|[upkeep]
|-damage|p1a: Zapdos|94/100|[from] Hail
|-damage|p2a: Toxapex|94/100|[from] Hail
|upkeep
|turn|2
|j| Noir Z
|
|t:|1651498218
|switch|p2a: Blissey|Blissey, F|100/100
|move|p1a: Zapdos|Defog|p2a: Blissey
|-unboost|p2a: Blissey|evasion|1
|-sideend|p1: Delibird Heart|Toxic Spikes|[from] move: Defog|[of] p1a: Zapdos
|
|-weather|Hail|[upkeep]
|-damage|p1a: Zapdos|88/100|[from] Hail
|-damage|p2a: Blissey|94/100|[from] Hail
|upkeep
|turn|3
|
|t:|1651498221
|move|p1a: Zapdos|Volt Switch|p2a: Blissey
|-damage|p2a: Blissey|86/100
|
|t:|1651498223
|switch|p1a: Ferrothorn|Ferrothorn, M|100/100|[from]move: Volt Switch
|move|p2a: Blissey|Stealth Rock|p1a: Ferrothorn
|-sidestart|p1: Delibird Heart|move: Stealth Rock
|
|-weather|Hail|[upkeep]
|-damage|p2a: Blissey|79/100|[from] Hail
|-damage|p1a: Ferrothorn|95/100|[from] Hail
|-heal|p1a: Ferrothorn|100/100|[from] item: Leftovers
|upkeep
|turn|4
|
|t:|1651498229
|switch|p2a: Toxapex|Toxapex, F|100/100
|move|p1a: Ferrothorn|Knock Off|p2a: Toxapex
|-damage|p2a: Toxapex|88/100
|-damage|p1a: Ferrothorn|84/100|[from] item: Rocky Helmet|[of] p2a: Toxapex
|-enditem|p2a: Toxapex|Rocky Helmet|[from] move: Knock Off|[of] p1a: Ferrothorn
|
|-weather|Hail|[upkeep]
|-damage|p2a: Toxapex|81/100|[from] Hail
|-damage|p1a: Ferrothorn|78/100|[from] Hail
|-heal|p1a: Ferrothorn|84/100|[from] item: Leftovers
|upkeep
|turn|5
|
|t:|1651498232
|move|p2a: Toxapex|Knock Off|p1a: Ferrothorn
|-damage|p1a: Ferrothorn|75/100
|-damage|p2a: Toxapex|69/100|[from] ability: Iron Barbs|[of] p1a: Ferrothorn
|-enditem|p1a: Ferrothorn|Leftovers|[from] move: Knock Off|[of] p2a: Toxapex
|move|p1a: Ferrothorn|Leech Seed|p2a: Toxapex
|-start|p2a: Toxapex|move: Leech Seed
|
|-weather|Hail|[upkeep]
|-damage|p2a: Toxapex|63/100|[from] Hail
|-damage|p1a: Ferrothorn|69/100|[from] Hail
|-damage|p2a: Toxapex|50/100|[from] Leech Seed|[of] p1a: Ferrothorn
|-heal|p1a: Ferrothorn|80/100|[silent]
|upkeep
|turn|6
|j| Zombini62
|
|t:|1651498238
|switch|p2a: Mew|Mew|100/100
|switch|p1a: Zapdos|Zapdos|88/100
|
|-weather|Hail|[upkeep]
|-damage|p1a: Zapdos|82/100|[from] Hail
|-damage|p2a: Mew|94/100|[from] Hail
|-heal|p2a: Mew|100/100|[from] item: Leftovers
|upkeep
|turn|7
|
|t:|1651498246
|switch|p2a: Blissey|Blissey, F|79/100
|move|p1a: Zapdos|Defog|p2a: Blissey
|-unboost|p2a: Blissey|evasion|1
|-sideend|p1: Delibird Heart|Stealth Rock|[from] move: Defog|[of] p1a: Zapdos
|
|-weather|Hail|[upkeep]
|-damage|p1a: Zapdos|76/100|[from] Hail
|-damage|p2a: Blissey|73/100|[from] Hail
|upkeep
|turn|8
|
|t:|1651498251
|switch|p1a: Arctozolt|Arctozolt|100/100
|move|p2a: Blissey|Stealth Rock|p1a: Arctozolt
|-sidestart|p1: Delibird Heart|move: Stealth Rock
|
|-weather|none
|upkeep
|turn|9
|
|t:|1651498260
|switch|p2a: Gastrodon|Gastrodon, M|100/100
|move|p1a: Arctozolt|Freeze-Dry|p2a: Gastrodon
|-supereffective|p2a: Gastrodon
|-damage|p2a: Gastrodon|30/100
|-damage|p1a: Arctozolt|91/100|[from] item: Life Orb
|
|-heal|p2a: Gastrodon|36/100|[from] item: Leftovers
|upkeep
|turn|10
|l| Noir Z
|
|t:|1651498272
|switch|p2a: Clefable|Clefable, F|100/100
|move|p1a: Arctozolt|Freeze-Dry|p2a: Clefable
|-damage|p2a: Clefable|72/100
|-damage|p1a: Arctozolt|81/100|[from] item: Life Orb
|
|-heal|p2a: Clefable|78/100|[from] item: Leftovers
|upkeep
|turn|11
|
|t:|1651498276
|move|p1a: Arctozolt|Bolt Beak|p2a: Clefable
|-damage|p2a: Clefable|0 fnt
|faint|p2a: Clefable
|-damage|p1a: Arctozolt|71/100|[from] item: Life Orb
|
|upkeep
|
|t:|1651498279
|switch|p2a: Mew|Mew|100/100
|turn|12
|
|t:|1651498285
|switch|p1a: Ninetales|Ninetales-Alola, F|100/100
|-damage|p1a: Ninetales|76/100|[from] Stealth Rock
|-weather|Hail|[from] ability: Snow Warning|[of] p1a: Ninetales
|move|p2a: Mew|Block|p1a: Ninetales
|-activate|p1a: Ninetales|trapped
|
|-weather|Hail|[upkeep]
|-damage|p2a: Mew|94/100|[from] Hail
|-heal|p2a: Mew|100/100|[from] item: Leftovers
|upkeep
|turn|13
|
|t:|1651498289
|move|p1a: Ninetales|Encore|p2a: Mew
|-start|p2a: Mew|Encore
|move|p2a: Mew|Block||[still]
|-fail|p2a: Mew
|
|-weather|Hail|[upkeep]
|-damage|p2a: Mew|94/100|[from] Hail
|-heal|p2a: Mew|100/100|[from] item: Leftovers
|upkeep
|turn|14
|
|t:|1651498295
|switch|p2a: Blissey|Blissey, F|73/100
|move|p1a: Ninetales|Nasty Plot|p1a: Ninetales
|-boost|p1a: Ninetales|spa|2
|
|-weather|Hail|[upkeep]
|-damage|p2a: Blissey|67/100|[from] Hail
|upkeep
|turn|15
|
|t:|1651498301
|move|p1a: Ninetales|Blizzard|p2a: Blissey
|-damage|p2a: Blissey|43/100
|move|p2a: Blissey|Toxic|p1a: Ninetales
|-status|p1a: Ninetales|tox
|
|-weather|Hail|[upkeep]
|-damage|p2a: Blissey|37/100|[from] Hail
|-damage|p1a: Ninetales|70/100 tox|[from] psn
|upkeep
|turn|16
|
|t:|1651498307
|switch|p2a: Mew|Mew|100/100
|move|p1a: Ninetales|Encore||[still]
|-fail|p1a: Ninetales
|
|-weather|Hail|[upkeep]
|-damage|p2a: Mew|94/100|[from] Hail
|-heal|p2a: Mew|100/100|[from] item: Leftovers
|-damage|p1a: Ninetales|58/100 tox|[from] psn
|upkeep
|turn|17
|
|t:|1651498313
|switch|p1a: Zapdos|Zapdos|76/100
|move|p2a: Mew|Roost||[still]
|-fail|p2a: Mew|heal
|
|-weather|Hail|[upkeep]
|-damage|p2a: Mew|94/100|[from] Hail
|-damage|p1a: Zapdos|70/100|[from] Hail
|-heal|p2a: Mew|100/100|[from] item: Leftovers
|upkeep
|turn|18
|
|t:|1651498317
|switch|p2a: Gastrodon|Gastrodon, M|36/100
|move|p1a: Zapdos|Defog|p2a: Gastrodon
|-unboost|p2a: Gastrodon|evasion|1
|-sideend|p1: Delibird Heart|Stealth Rock|[from] move: Defog|[of] p1a: Zapdos
|
|-weather|Hail|[upkeep]
|-damage|p1a: Zapdos|64/100|[from] Hail
|-damage|p2a: Gastrodon|30/100|[from] Hail
|-heal|p2a: Gastrodon|36/100|[from] item: Leftovers
|upkeep
|turn|19
|
|t:|1651498319
|switch|p1a: Arctozolt|Arctozolt|71/100
|move|p2a: Gastrodon|Recover|p2a: Gastrodon
|-heal|p2a: Gastrodon|86/100
|
|-weather|none
|-heal|p2a: Gastrodon|92/100|[from] item: Leftovers
|upkeep
|turn|20
|
|t:|1651498333
|switch|p1a: Ferrothorn|Ferrothorn, M|80/100
|move|p2a: Gastrodon|Earthquake|p1a: Ferrothorn
|-damage|p1a: Ferrothorn|63/100
|
|-heal|p2a: Gastrodon|98/100|[from] item: Leftovers
|upkeep
|turn|21
|
|t:|1651498338
|switch|p2a: Mew|Mew|100/100
|move|p1a: Ferrothorn|Knock Off|p2a: Mew
|-supereffective|p2a: Mew
|-damage|p2a: Mew|64/100
|-enditem|p2a: Mew|Leftovers|[from] move: Knock Off|[of] p1a: Ferrothorn
|
|upkeep
|turn|22
|
|t:|1651498349
|switch|p1a: Zapdos|Zapdos|64/100
|move|p2a: Mew|Block|p1a: Zapdos
|-activate|p1a: Zapdos|trapped
|
|upkeep
|turn|23
|
|t:|1651498353
|move|p2a: Mew|Roost|p2a: Mew
|-heal|p2a: Mew|100/100
|-singleturn|p2a: Mew|move: Roost
|move|p1a: Zapdos|Volt Switch|p2a: Mew
|-damage|p2a: Mew|83/100
|
|t:|1651498355
|switch|p1a: Garchomp|Garchomp, F|100/100|[from]move: Volt Switch
|
|upkeep
|turn|24
|
|t:|1651498359
|switch|p2a: Corviknight|Corviknight, F|100/100
|-ability|p2a: Corviknight|Pressure
|move|p1a: Garchomp|Stealth Rock|p2a: Corviknight
|-sidestart|p2: LT7P29 Allistair|move: Stealth Rock
|
|upkeep
|turn|25
|
|t:|1651498362
|switch|p1a: Ninetales|Ninetales-Alola, F|58/100 tox
|-weather|Hail|[from] ability: Snow Warning|[of] p1a: Ninetales
|move|p2a: Corviknight|Defog|p1a: Ninetales
|-unboost|p1a: Ninetales|evasion|1
|-sideend|p2: LT7P29 Allistair|Stealth Rock|[from] move: Defog|[of] p2a: Corviknight
|
|-weather|Hail|[upkeep]
|-damage|p2a: Corviknight|94/100|[from] Hail
|-damage|p1a: Ninetales|52/100 tox|[from] psn
|upkeep
|turn|26
|
|t:|1651498367
|switch|p1a: Arctozolt|Arctozolt|71/100
|switch|p2a: Blissey|Blissey, F|37/100
|
|-weather|Hail|[upkeep]
|-damage|p2a: Blissey|31/100|[from] Hail
|upkeep
|turn|27
|
|t:|1651498375
|switch|p2a: Gastrodon|Gastrodon, M|98/100
|move|p1a: Arctozolt|Icicle Crash|p2a: Gastrodon
|-damage|p2a: Gastrodon|41/100
|-damage|p1a: Arctozolt|61/100|[from] item: Life Orb
|
|-weather|Hail|[upkeep]
|-damage|p2a: Gastrodon|35/100|[from] Hail
|-heal|p2a: Gastrodon|41/100|[from] item: Leftovers
|upkeep
|turn|28
|
|t:|1651498392
|switch|p2a: Mew|Mew|83/100
|move|p1a: Arctozolt|Freeze-Dry|p2a: Mew
|-crit|p2a: Mew
|-damage|p2a: Mew|58/100
|-damage|p1a: Arctozolt|51/100|[from] item: Life Orb
|
|-weather|Hail|[upkeep]
|-damage|p2a: Mew|51/100|[from] Hail
|upkeep
|turn|29
|
|t:|1651498402
|switch|p2a: Gastrodon|Gastrodon, M|41/100
|move|p1a: Arctozolt|Bolt Beak|p2a: Gastrodon
|-immune|p2a: Gastrodon
|
|-weather|Hail|[upkeep]
|-damage|p2a: Gastrodon|35/100|[from] Hail
|-heal|p2a: Gastrodon|41/100|[from] item: Leftovers
|upkeep
|turn|30
|
|t:|1651498409
|switch|p2a: Mew|Mew|51/100
|move|p1a: Arctozolt|Freeze-Dry|p2a: Mew
|-damage|p2a: Mew|33/100
|-status|p2a: Mew|frz
|-damage|p1a: Arctozolt|41/100|[from] item: Life Orb
|
|-weather|Hail|[upkeep]
|-damage|p2a: Mew|27/100 frz|[from] Hail
|upkeep
|turn|31
|l| Zombini62
|
|t:|1651498420
|move|p1a: Arctozolt|Icicle Crash|p2a: Mew
|-damage|p2a: Mew|0 fnt
|faint|p2a: Mew
|-damage|p1a: Arctozolt|31/100|[from] item: Life Orb
|
|-weather|Hail|[upkeep]
|upkeep
|
|t:|1651498437
|switch|p2a: Gastrodon|Gastrodon, M|41/100
|turn|32
|
|t:|1651498449
|switch|p2a: Toxapex|Toxapex, F|83/100
|move|p1a: Arctozolt|Freeze-Dry|p2a: Toxapex
|-supereffective|p2a: Toxapex
|-damage|p2a: Toxapex|35/100
|-damage|p1a: Arctozolt|21/100|[from] item: Life Orb
|
|-weather|none
|upkeep
|turn|33
|
|t:|1651498457
|switch|p2a: Gastrodon|Gastrodon, M|41/100
|move|p1a: Arctozolt|Bolt Beak|p2a: Gastrodon
|-immune|p2a: Gastrodon
|
|-heal|p2a: Gastrodon|47/100|[from] item: Leftovers
|upkeep
|turn|34
|
|t:|1651498469
|switch|p2a: Toxapex|Toxapex, F|68/100
|move|p1a: Arctozolt|Bolt Beak|p2a: Toxapex
|-supereffective|p2a: Toxapex
|-damage|p2a: Toxapex|0 fnt
|faint|p2a: Toxapex
|-damage|p1a: Arctozolt|11/100|[from] item: Life Orb
|
|upkeep
|
|t:|1651498480
|switch|p2a: Corviknight|Corviknight, F|94/100
|-ability|p2a: Corviknight|Pressure
|turn|35
|
|t:|1651498485
|move|p1a: Arctozolt|Bolt Beak|p2a: Corviknight
|-supereffective|p2a: Corviknight
|-damage|p2a: Corviknight|0 fnt
|faint|p2a: Corviknight
|-damage|p1a: Arctozolt|1/100|[from] item: Life Orb
|
|upkeep
|j| Noir Z
|-message|LT7P29 Allistair forfeited.
|
|win|Delibird Heart
|raw|Delibird Heart's rating: 1674 &rarr; <strong>1704</strong><br />(+30 for winning)
|raw|LT7P29 Allistair's rating: 1870 &rarr; <strong>1840</strong><br />(-30 for losing)
|l|☆LT7P29 Allistair
|l| Noir Z
