|j|☆mkyn
|j|☆Makuryu
|t:|1656705540
|gametype|singles
|player|p1|mkyn|morty|1779
|player|p2|Makuryu|koga|1686
|teamsize|p1|6
|teamsize|p2|6
|gen|8
|tier|[Gen 8] OU
|rated|
|rule|Sleep Clause Mod: Limit one foe put to sleep
|rule|Species Clause: Limit one of each Pokémon
|rule|OHKO Clause: OHKO moves are banned
|rule|Evasion Moves Clause: Evasion moves are banned
|rule|Endless Battle Clause: Forcing endless battles is banned
|rule|HP Percentage Mod: HP is shown in percentages
|rule|Dynamax Clause: You cannot dynamax
|clearpoke
|poke|p1|Sigilyph, M|
|poke|p1|Krookodile, F|
|poke|p1|Buzzwole|
|poke|p1|Blissey, F|
|poke|p1|Heatran, F|
|poke|p1|Toxapex, F|
|poke|p2|Tapu Koko|
|poke|p2|Urshifu-*, M|
|poke|p2|Slowking-Galar, F|
|poke|p2|Corviknight, M|
|poke|p2|Landorus-Therian, M|
|poke|p2|Weavile, F|
|teampreview
|
|t:|1656705549
|start
|switch|p1a: Sigilyph|Sigilyph, M|100/100
|switch|p2a: Urshifu|Urshifu-Rapid-Strike, M|100/100
|turn|1
|inactive|Battle timer is ON: inactive players will automatically lose when time's up. (requested by Makuryu)
|
|t:|1656705554
|switch|p1a: Buzzwole|Buzzwole|100/100
|move|p2a: Urshifu|U-turn|p1a: Buzzwole
|-resisted|p1a: Buzzwole
|-crit|p1a: Buzzwole
|-damage|p1a: Buzzwole|88/100
|-damage|p2a: Urshifu|84/100|[from] item: Rocky Helmet|[of] p1a: Buzzwole
|
|t:|1656705561
|switch|p2a: Tapu Koko|Tapu Koko|100/100|[from]move: U-turn
|-fieldstart|move: Electric Terrain|[from] ability: Electric Surge|[of] p2a: Tapu Koko
|
|upkeep
|turn|2
|
|t:|1656705570
|switch|p1a: Blissey|Blissey, F|100/100
|move|p2a: Tapu Koko|U-turn|p1a: Blissey
|-damage|p1a: Blissey|87/100
|
|t:|1656705576
|switch|p2a: Urshifu|Urshifu-Rapid-Strike, M|84/100|[from]move: U-turn
|
|upkeep
|turn|3
|
|t:|1656705581
|switch|p2a: Slowking|Slowking-Galar, F|100/100
|switch|p1a: Buzzwole|Buzzwole|88/100
|
|upkeep
|turn|4
|
|t:|1656705587
|switch|p1a: Toxapex|Toxapex, F|100/100
|move|p2a: Slowking|Future Sight|p1a: Toxapex
|-start|p2a: Slowking|move: Future Sight
|
|upkeep
|turn|5
|
|t:|1656705611
|switch|p2a: Urshifu|Urshifu-Rapid-Strike, M|84/100
|move|p1a: Toxapex|Knock Off|p2a: Urshifu
|-resisted|p2a: Urshifu
|-damage|p2a: Urshifu|66/100
|-enditem|p2a: Urshifu|Choice Band|[from] move: Knock Off|[of] p1a: Toxapex
|
|-fieldend|move: Electric Terrain
|upkeep
|turn|6
|
|t:|1656705637
|switch|p1a: Blissey|Blissey, F|87/100
|move|p2a: Urshifu|Close Combat|p1a: Blissey
|-supereffective|p1a: Blissey
|-damage|p1a: Blissey|0 fnt
|-unboost|p2a: Urshifu|def|1
|-unboost|p2a: Urshifu|spd|1
|faint|p1a: Blissey
|
|-hint|Future Sight did not hit because the target is fainted.
|upkeep
|
|t:|1656705644
|switch|p1a: Sigilyph|Sigilyph, M|100/100
|turn|7
|
|t:|1656705673
|switch|p2a: Corviknight|Corviknight, M|100/100
|-ability|p2a: Corviknight|Pressure
|move|p1a: Sigilyph|Energy Ball|p2a: Corviknight
|-resisted|p2a: Corviknight
|-damage|p2a: Corviknight|92/100
|
|upkeep
|turn|8
|
|t:|1656705680
|move|p1a: Sigilyph|Heat Wave|p2a: Corviknight
|-supereffective|p2a: Corviknight
|-damage|p2a: Corviknight|15/100
|move|p2a: Corviknight|U-turn|p1a: Sigilyph
|-damage|p1a: Sigilyph|81/100
|
|t:|1656705686
|switch|p2a: Weavile|Weavile, F|100/100|[from]move: U-turn
|-ability|p2a: Weavile|Pressure
|
|upkeep
|turn|9
|
|t:|1656705691
|switch|p1a: Buzzwole|Buzzwole|88/100
|move|p2a: Weavile|Knock Off|p1a: Buzzwole
|-resisted|p1a: Buzzwole
|-damage|p1a: Buzzwole|78/100
|-damage|p2a: Weavile|84/100|[from] item: Rocky Helmet|[of] p1a: Buzzwole
|-enditem|p1a: Buzzwole|Rocky Helmet|[from] move: Knock Off|[of] p2a: Weavile
|
|upkeep
|turn|10
|
|t:|1656705710
|switch|p2a: Slowking|Slowking-Galar, F|100/100
|switch|p1a: Toxapex|Toxapex, F|100/100
|
|upkeep
|turn|11
|
|t:|1656705715
|move|p1a: Toxapex|Knock Off|p2a: Slowking
|-supereffective|p2a: Slowking
|-damage|p2a: Slowking|29/100
|-enditem|p2a: Slowking|Assault Vest|[from] move: Knock Off|[of] p1a: Toxapex
|move|p2a: Slowking|Future Sight|p1a: Toxapex
|-start|p2a: Slowking|move: Future Sight
|
|upkeep
|turn|12
|
|t:|1656705722
|switch|p2a: Landorus|Landorus-Therian, M|100/100
|-ability|p2a: Landorus|Intimidate|boost
|-unboost|p1a: Toxapex|atk|1
|move|p1a: Toxapex|Knock Off|p2a: Landorus
|-damage|p2a: Landorus|80/100
|-enditem|p2a: Landorus|Leftovers|[from] move: Knock Off|[of] p1a: Toxapex
|
|upkeep
|turn|13
|
|t:|1656705729
|switch|p1a: Sigilyph|Sigilyph, M|81/100
|move|p2a: Landorus|U-turn|p1a: Sigilyph
|-damage|p1a: Sigilyph|50/100
|
|t:|1656705737
|switch|p2a: Tapu Koko|Tapu Koko|100/100|[from]move: U-turn
|-fieldstart|move: Electric Terrain|[from] ability: Electric Surge|[of] p2a: Tapu Koko
|
|-end|p1a: Sigilyph|move: Future Sight
|-resisted|p1a: Sigilyph
|-damage|p1a: Sigilyph|17/100
|upkeep
|turn|14
|
|t:|1656705744
|switch|p1a: Heatran|Heatran, F|100/100
|move|p2a: Tapu Koko|Dazzling Gleam|p1a: Heatran
|-resisted|p1a: Heatran
|-damage|p1a: Heatran|93/100
|
|-heal|p1a: Heatran|99/100|[from] item: Leftovers
|upkeep
|turn|15
|
|t:|1656705751
|move|p2a: Tapu Koko|U-turn|p1a: Heatran
|-resisted|p1a: Heatran
|-damage|p1a: Heatran|95/100
|
|t:|1656705754
|switch|p2a: Urshifu|Urshifu-Rapid-Strike, M|66/100|[from]move: U-turn
|move|p1a: Heatran|Stealth Rock|p2a: Urshifu
|-sidestart|p2: Makuryu|move: Stealth Rock
|
|-heal|p1a: Heatran|100/100|[from] item: Leftovers
|upkeep
|turn|16
|
|t:|1656705760
|move|p2a: Urshifu|U-turn|p1a: Heatran
|-resisted|p1a: Heatran
|-damage|p1a: Heatran|95/100
|
|t:|1656705764
|switch|p2a: Corviknight|Corviknight, M|15/100|[from]move: U-turn
|-damage|p2a: Corviknight|3/100|[from] Stealth Rock
|-ability|p2a: Corviknight|Pressure
|move|p1a: Heatran|Magma Storm|p2a: Corviknight
|-supereffective|p2a: Corviknight
|-damage|p2a: Corviknight|0 fnt
|faint|p2a: Corviknight
|
|-heal|p1a: Heatran|100/100|[from] item: Leftovers
|upkeep
|
|t:|1656705775
|switch|p2a: Landorus|Landorus-Therian, M|80/100
|-damage|p2a: Landorus|68/100|[from] Stealth Rock
|-ability|p2a: Landorus|Intimidate|boost
|-unboost|p1a: Heatran|atk|1
|turn|17
|
|t:|1656705780
|move|p1a: Heatran|Magma Storm|p2a: Landorus|[miss]
|-miss|p1a: Heatran|p2a: Landorus
|move|p2a: Landorus|Stealth Rock|p1a: Heatran
|-sidestart|p1: mkyn|move: Stealth Rock
|
|-fieldend|move: Electric Terrain
|upkeep
|turn|18
|
|t:|1656705785
|switch|p1a: Sigilyph|Sigilyph, M|17/100
|move|p2a: Landorus|Earthquake|p1a: Sigilyph
|-immune|p1a: Sigilyph
|
|upkeep
|turn|19
|
|t:|1656705790
|move|p1a: Sigilyph|Ice Beam|p2a: Landorus
|-supereffective|p2a: Landorus
|-damage|p2a: Landorus|0 fnt
|faint|p2a: Landorus
|
|upkeep
|
|t:|1656705795
|switch|p2a: Tapu Koko|Tapu Koko|100/100
|-fieldstart|move: Electric Terrain|[from] ability: Electric Surge|[of] p2a: Tapu Koko
|turn|20
|
|t:|1656705804
|move|p2a: Tapu Koko|Thunderbolt|p1a: Sigilyph
|-supereffective|p1a: Sigilyph
|-damage|p1a: Sigilyph|0 fnt
|faint|p1a: Sigilyph
|
|upkeep
|
|t:|1656705806
|switch|p1a: Krookodile|Krookodile, F|100/100
|-damage|p1a: Krookodile|94/100|[from] Stealth Rock
|turn|21
|
|t:|1656705818
|move|p1a: Krookodile|Earthquake|p2a: Tapu Koko
|-supereffective|p2a: Tapu Koko
|-damage|p2a: Tapu Koko|0 fnt
|faint|p2a: Tapu Koko
|-ability|p1a: Krookodile|Moxie|boost
|-boost|p1a: Krookodile|atk|1
|
|upkeep
|
|t:|1656705826
|switch|p2a: Urshifu|Urshifu-Rapid-Strike, M|66/100
|-damage|p2a: Urshifu|60/100|[from] Stealth Rock
|turn|22
|
|t:|1656705833
|switch|p1a: Buzzwole|Buzzwole|78/100
|-damage|p1a: Buzzwole|65/100|[from] Stealth Rock
|move|p2a: Urshifu|U-turn|p1a: Buzzwole
|-resisted|p1a: Buzzwole
|-damage|p1a: Buzzwole|59/100
|
|t:|1656705841
|switch|p2a: Slowking|Slowking-Galar, F|62/100|[from]move: U-turn
|-damage|p2a: Slowking|50/100|[from] Stealth Rock
|
|upkeep
|turn|23
|
|t:|1656705849
|switch|p1a: Krookodile|Krookodile, F|94/100
|-damage|p1a: Krookodile|88/100|[from] Stealth Rock
|move|p2a: Slowking|Future Sight|p1a: Krookodile
|-start|p2a: Slowking|move: Future Sight
|
|upkeep
|turn|24
|
|t:|1656705855
|move|p1a: Krookodile|Earthquake|p2a: Slowking
|-supereffective|p2a: Slowking
|-damage|p2a: Slowking|0 fnt
|faint|p2a: Slowking
|-ability|p1a: Krookodile|Moxie|boost
|-boost|p1a: Krookodile|atk|1
|
|-fieldend|move: Electric Terrain
|upkeep
|
|t:|1656705862
|switch|p2a: Urshifu|Urshifu-Rapid-Strike, M|60/100
|-damage|p2a: Urshifu|54/100|[from] Stealth Rock
|turn|25
|
|t:|1656705867
|switch|p2a: Weavile|Weavile, F|84/100
|-ability|p2a: Weavile|Pressure
|move|p1a: Krookodile|Earthquake|p2a: Weavile
|-damage|p2a: Weavile|0 fnt
|faint|p2a: Weavile
|-ability|p1a: Krookodile|Moxie|boost
|-boost|p1a: Krookodile|atk|1
|
|-end|p1a: Krookodile|move: Future Sight
|-immune|p1a: Krookodile
|upkeep
|-message|Makuryu forfeited.
|
|win|mkyn
|raw|mkyn's rating: 1779 &rarr; <strong>1794</strong><br />(+15 for winning)
|raw|Makuryu's rating: 1686 &rarr; <strong>1671</strong><br />(-15 for losing)
|l|☆Makuryu
|c|☆mkyn|gg
