|j|☆BarbaroDave
|j|☆Pinkacross
|inactive|Battle timer is ON: inactive players will automatically lose when time's up.
|t:|1656124209
|gametype|singles
|player|p1|BarbaroDave|bruno-gen2|
|player|p2|Pinkacross|artist|
|teamsize|p1|6
|teamsize|p2|6
|gen|8
|tier|[Gen 8] OU
|rated|Tournament battle
|rule|Sleep Clause Mod: Limit one foe put to sleep
|rule|Species Clause: Limit one of each Pokémon
|rule|OHKO Clause: OHKO moves are banned
|rule|Evasion Moves Clause: Evasion moves are banned
|rule|Endless Battle Clause: Forcing endless battles is banned
|rule|HP Percentage Mod: HP is shown in percentages
|rule|Dynamax Clause: You cannot dynamax
|clearpoke
|poke|p1|Torkoal, F|
|poke|p1|Venusaur, M|
|poke|p1|Mandibuzz, F|
|poke|p1|Exeggutor-Alola, F|
|poke|p1|Volcanion|
|poke|p1|Garchomp, M|
|poke|p2|Lanturn, M|
|poke|p2|Tapu Bulu|
|poke|p2|Heatran, F|
|poke|p2|Clefable, M|
|poke|p2|Tornadus-Therian, M|
|poke|p2|Reuniclus, F|
|teampreview
|j| Only Shedinja ツ
|j| mateovero2
|j|@Santiago
|inactive|BarbaroDave has 120 seconds left.
|inactive|Pinkacross has 120 seconds left.
|c|☆Pinkacross|hf
|c|☆BarbaroDave|u2
|j| zoltan97
|
|t:|1656124252
|start
|switch|p1a: Garchomp|Garchomp, M|100/100
|switch|p2a: Reuniclus|Reuniclus, F|100/100
|turn|1
|
|t:|1656124263
|move|p1a: Garchomp|Swords Dance|p1a: Garchomp
|-boost|p1a: Garchomp|atk|2
|move|p2a: Reuniclus|Iron Defense|p2a: Reuniclus
|-boost|p2a: Reuniclus|def|2
|
|upkeep
|turn|2
|
|t:|1656124284
|switch|p1a: Torkoal|Torkoal, F|100/100
|-weather|SunnyDay|[from] ability: Drought|[of] p1a: Torkoal
|move|p2a: Reuniclus|Iron Defense|p2a: Reuniclus
|-boost|p2a: Reuniclus|def|2
|
|-weather|SunnyDay|[upkeep]
|upkeep
|turn|3
|j| wanderbucuo
|
|t:|1656124288
|switch|p1a: Volcanion|Volcanion|100/100
|move|p2a: Reuniclus|Calm Mind|p2a: Reuniclus
|-boost|p2a: Reuniclus|spa|1
|-boost|p2a: Reuniclus|spd|1
|
|-weather|SunnyDay|[upkeep]
|upkeep
|turn|4
|
|t:|1656124296
|move|p1a: Volcanion|Weather Ball|p2a: Reuniclus
|-damage|p2a: Reuniclus|17/100
|move|p2a: Reuniclus|Stored Power|p1a: Volcanion
|-damage|p1a: Volcanion|0 fnt
|faint|p1a: Volcanion
|
|-weather|SunnyDay|[upkeep]
|upkeep
|l| wanderbucuo
|
|t:|1656124306
|switch|p1a: Venusaur|Venusaur, M|100/100
|turn|5
|j| Alexander90281
|
|t:|1656124326
|move|p1a: Venusaur|Giga Drain|p2a: Reuniclus
|-damage|p2a: Reuniclus|0 fnt
|faint|p2a: Reuniclus
|-damage|p1a: Venusaur|91/100|[from] item: Life Orb
|
|-weather|SunnyDay|[upkeep]
|upkeep
|
|t:|1656124330
|switch|p2a: Lanturn|Lanturn, M|100/100
|turn|6
|
|t:|1656124344
|switch|p1a: Exeggutor|Exeggutor-Alola, F|100/100
|move|p2a: Lanturn|Thunder Wave|p1a: Exeggutor
|-status|p1a: Exeggutor|par
|
|-weather|SunnyDay|[upkeep]
|upkeep
|turn|7
|
|t:|1656124351
|move|p2a: Lanturn|Volt Switch|p1a: Exeggutor
|-resisted|p1a: Exeggutor
|-damage|p1a: Exeggutor|95/100 par
|
|t:|1656124356
|switch|p2a: Clefable|Clefable, M|100/100|[from]move: Volt Switch
|move|p1a: Exeggutor|Solar Beam||[still]
|-prepare|p1a: Exeggutor|Solar Beam
|-anim|p1a: Exeggutor|Solar Beam|p2a: Clefable
|-damage|p2a: Clefable|55/100
|
|-weather|SunnyDay|[upkeep]
|-heal|p2a: Clefable|61/100|[from] item: Leftovers
|upkeep
|turn|8
|
|t:|1656124373
|move|p2a: Clefable|Wish|p2a: Clefable
|cant|p1a: Exeggutor|par
|
|-weather|SunnyDay|[upkeep]
|-heal|p2a: Clefable|67/100|[from] item: Leftovers
|upkeep
|turn|9
|
|t:|1656124378
|move|p2a: Clefable|Moonblast|p1a: Exeggutor
|-supereffective|p1a: Exeggutor
|-damage|p1a: Exeggutor|26/100 par
|move|p1a: Exeggutor|Solar Beam||[still]
|-prepare|p1a: Exeggutor|Solar Beam
|-anim|p1a: Exeggutor|Solar Beam|p2a: Clefable
|-damage|p2a: Clefable|24/100
|
|-weather|none
|-heal|p2a: Clefable|74/100|[from] move: Wish|[wisher] Clefable
|-heal|p2a: Clefable|80/100|[from] item: Leftovers
|upkeep
|turn|10
|
|t:|1656124382
|switch|p1a: Torkoal|Torkoal, F|100/100
|-weather|SunnyDay|[from] ability: Drought|[of] p1a: Torkoal
|move|p2a: Clefable|Moonblast|p1a: Torkoal
|-resisted|p1a: Torkoal
|-damage|p1a: Torkoal|81/100
|-unboost|p1a: Torkoal|spa|1
|
|-weather|SunnyDay|[upkeep]
|-heal|p2a: Clefable|86/100|[from] item: Leftovers
|upkeep
|turn|11
|
|t:|1656124391
|move|p1a: Torkoal|Stealth Rock|p2a: Clefable
|-sidestart|p2: Pinkacross|move: Stealth Rock
|move|p2a: Clefable|Teleport|p2a: Clefable
|
|t:|1656124392
|switch|p2a: Tornadus|Tornadus-Therian, M|100/100|[from]move: Teleport
|
|-weather|SunnyDay|[upkeep]
|upkeep
|turn|12
|
|t:|1656124398
|switch|p1a: Mandibuzz|Mandibuzz, F|100/100
|move|p2a: Tornadus|Defog|p1a: Mandibuzz
|-unboost|p1a: Mandibuzz|evasion|1
|-sideend|p2: Pinkacross|Stealth Rock|[from] move: Defog|[of] p2a: Tornadus
|
|-weather|SunnyDay|[upkeep]
|upkeep
|turn|13
|
|t:|1656124410
|move|p2a: Tornadus|Hurricane|p1a: Mandibuzz
|-damage|p1a: Mandibuzz|73/100
|move|p1a: Mandibuzz|U-turn|p2a: Tornadus
|-resisted|p2a: Tornadus
|-damage|p2a: Tornadus|95/100
|
|t:|1656124427
|switch|p1a: Garchomp|Garchomp, M|100/100|[from]move: U-turn
|
|-weather|SunnyDay|[upkeep]
|upkeep
|turn|14
|
|t:|1656124439
|move|p2a: Tornadus|Taunt|p1a: Garchomp
|-start|p1a: Garchomp|move: Taunt
|move|p1a: Garchomp|Stone Edge|p2a: Tornadus
|-supereffective|p2a: Tornadus
|-crit|p2a: Tornadus
|-damage|p2a: Tornadus|0 fnt
|faint|p2a: Tornadus
|
|-weather|SunnyDay|[upkeep]
|upkeep
|j| DCML
|
|t:|1656124442
|switch|p2a: Tapu Bulu|Tapu Bulu|100/100
|-fieldstart|move: Grassy Terrain|[from] ability: Grassy Surge|[of] p2a: Tapu Bulu
|turn|15
|c|☆Pinkacross|ach
|c|☆Pinkacross|no bueno
|
|t:|1656124454
|switch|p1a: Exeggutor|Exeggutor-Alola, F|26/100 par
|switch|p2a: Heatran|Heatran, F|100/100
|
|-weather|SunnyDay|[upkeep]
|-heal|p1a: Exeggutor|32/100 par|[from] Grassy Terrain
|upkeep
|turn|16
|l| DCML
|
|t:|1656124464
|move|p2a: Heatran|Lava Plume|p1a: Exeggutor
|-damage|p1a: Exeggutor|0 fnt
|faint|p1a: Exeggutor
|
|-weather|SunnyDay|[upkeep]
|upkeep
|
|t:|1656124468
|switch|p1a: Garchomp|Garchomp, M|100/100
|turn|17
|
|t:|1656124476
|move|p1a: Garchomp|Swords Dance|p1a: Garchomp
|-boost|p1a: Garchomp|atk|2
|move|p2a: Heatran|Toxic|p1a: Garchomp
|-status|p1a: Garchomp|tox
|
|-weather|none
|-damage|p1a: Garchomp|94/100 tox|[from] psn
|upkeep
|turn|18
|
|t:|1656124481
|move|p2a: Heatran|Protect|p2a: Heatran
|-singleturn|p2a: Heatran|Protect
|move|p1a: Garchomp|Stone Edge|p2a: Heatran
|-activate|p2a: Heatran|move: Protect
|
|-heal|p1a: Garchomp|100/100 tox|[from] Grassy Terrain
|-damage|p1a: Garchomp|88/100 tox|[from] psn
|upkeep
|turn|19
|
|t:|1656124485
|switch|p2a: Clefable|Clefable, M|86/100
|move|p1a: Garchomp|Earthquake|p2a: Clefable
|-damage|p2a: Clefable|30/100
|
|-heal|p1a: Garchomp|94/100 tox|[from] Grassy Terrain
|-heal|p1a: Garchomp|100/100 tox|[from] item: Leftovers
|-heal|p2a: Clefable|36/100|[from] Grassy Terrain
|-heal|p2a: Clefable|42/100|[from] item: Leftovers
|-damage|p1a: Garchomp|82/100 tox|[from] psn
|-fieldend|move: Grassy Terrain
|upkeep
|turn|20
|
|t:|1656124489
|move|p2a: Clefable|Protect|p2a: Clefable
|-singleturn|p2a: Clefable|Protect
|move|p1a: Garchomp|Earthquake|p2a: Clefable
|-activate|p2a: Clefable|move: Protect
|
|-heal|p1a: Garchomp|88/100 tox|[from] item: Leftovers
|-heal|p2a: Clefable|48/100|[from] item: Leftovers
|-damage|p1a: Garchomp|64/100 tox|[from] psn
|upkeep
|turn|21
|
|t:|1656124492
|switch|p2a: Tapu Bulu|Tapu Bulu|100/100
|-fieldstart|move: Grassy Terrain|[from] ability: Grassy Surge|[of] p2a: Tapu Bulu
|move|p1a: Garchomp|Earthquake|p2a: Tapu Bulu
|-resisted|p2a: Tapu Bulu
|-damage|p2a: Tapu Bulu|79/100
|
|-heal|p1a: Garchomp|70/100 tox|[from] Grassy Terrain
|-heal|p1a: Garchomp|76/100 tox|[from] item: Leftovers
|-heal|p2a: Tapu Bulu|85/100|[from] Grassy Terrain
|-heal|p2a: Tapu Bulu|91/100|[from] item: Leftovers
|-damage|p1a: Garchomp|45/100 tox|[from] psn
|upkeep
|turn|22
|
|t:|1656124498
|switch|p1a: Mandibuzz|Mandibuzz, F|73/100
|move|p2a: Tapu Bulu|Horn Leech|p1a: Mandibuzz
|-resisted|p1a: Mandibuzz
|-damage|p1a: Mandibuzz|56/100
|-heal|p2a: Tapu Bulu|100/100|[from] drain|[of] p1a: Mandibuzz
|
|upkeep
|turn|23
|
|t:|1656124503
|move|p1a: Mandibuzz|U-turn|p2a: Tapu Bulu
|-damage|p2a: Tapu Bulu|90/100
|
|t:|1656124506
|switch|p1a: Torkoal|Torkoal, F|81/100|[from]move: U-turn
|-weather|SunnyDay|[from] ability: Drought|[of] p1a: Torkoal
|move|p2a: Tapu Bulu|Toxic|p1a: Torkoal
|-status|p1a: Torkoal|tox
|
|-weather|SunnyDay|[upkeep]
|-heal|p2a: Tapu Bulu|96/100|[from] Grassy Terrain
|-heal|p2a: Tapu Bulu|100/100|[from] item: Leftovers
|-heal|p1a: Torkoal|87/100 tox|[from] Grassy Terrain
|-damage|p1a: Torkoal|81/100 tox|[from] psn
|upkeep
|turn|24
|
|t:|1656124513
|switch|p2a: Lanturn|Lanturn, M|100/100
|move|p1a: Torkoal|Body Press|p2a: Lanturn
|-damage|p2a: Lanturn|66/100
|
|-weather|SunnyDay|[upkeep]
|-heal|p2a: Lanturn|72/100|[from] Grassy Terrain
|-heal|p2a: Lanturn|78/100|[from] item: Leftovers
|-heal|p1a: Torkoal|87/100 tox|[from] Grassy Terrain
|-damage|p1a: Torkoal|75/100 tox|[from] psn
|upkeep
|turn|25
|
|t:|1656124519
|move|p2a: Lanturn|Scald|p1a: Torkoal
|-supereffective|p1a: Torkoal
|-damage|p1a: Torkoal|47/100 tox
|move|p1a: Torkoal|Stealth Rock|p2a: Lanturn
|-sidestart|p2: Pinkacross|move: Stealth Rock
|
|-weather|SunnyDay|[upkeep]
|-heal|p2a: Lanturn|85/100|[from] Grassy Terrain
|-heal|p2a: Lanturn|91/100|[from] item: Leftovers
|-heal|p1a: Torkoal|53/100 tox|[from] Grassy Terrain
|-damage|p1a: Torkoal|35/100 tox|[from] psn
|-fieldend|move: Grassy Terrain
|upkeep
|turn|26
|l| mateovero2
|
|t:|1656124536
|move|p2a: Lanturn|Scald|p1a: Torkoal
|-supereffective|p1a: Torkoal
|-damage|p1a: Torkoal|5/100 tox
|move|p1a: Torkoal|Lava Plume|p2a: Lanturn
|-resisted|p2a: Lanturn
|-damage|p2a: Lanturn|78/100
|
|-weather|SunnyDay|[upkeep]
|-heal|p2a: Lanturn|84/100|[from] item: Leftovers
|-damage|p1a: Torkoal|0 fnt|[from] psn
|faint|p1a: Torkoal
|upkeep
|
|t:|1656124544
|switch|p1a: Garchomp|Garchomp, M|45/100 tox
|turn|27
|j| Sea of Crouse
|
|t:|1656124550
|switch|p2a: Tapu Bulu|Tapu Bulu|100/100
|-damage|p2a: Tapu Bulu|88/100|[from] Stealth Rock
|-fieldstart|move: Grassy Terrain|[from] ability: Grassy Surge|[of] p2a: Tapu Bulu
|move|p1a: Garchomp|Earthquake|p2a: Tapu Bulu
|-resisted|p2a: Tapu Bulu
|-damage|p2a: Tapu Bulu|76/100
|
|-weather|SunnyDay|[upkeep]
|-heal|p1a: Garchomp|51/100 tox|[from] Grassy Terrain
|-heal|p1a: Garchomp|57/100 tox|[from] item: Leftovers
|-heal|p2a: Tapu Bulu|82/100|[from] Grassy Terrain
|-heal|p2a: Tapu Bulu|89/100|[from] item: Leftovers
|-damage|p1a: Garchomp|51/100 tox|[from] psn
|upkeep
|turn|28
|
|t:|1656124555
|switch|p1a: Mandibuzz|Mandibuzz, F|56/100
|switch|p2a: Lanturn|Lanturn, M|84/100
|-damage|p2a: Lanturn|72/100|[from] Stealth Rock
|
|-weather|SunnyDay|[upkeep]
|-heal|p2a: Lanturn|78/100|[from] Grassy Terrain
|-heal|p2a: Lanturn|84/100|[from] item: Leftovers
|upkeep
|turn|29
|
|t:|1656124571
|move|p1a: Mandibuzz|Foul Play|p2a: Lanturn
|-damage|p2a: Lanturn|68/100
|move|p2a: Lanturn|Scald|p1a: Mandibuzz
|-damage|p1a: Mandibuzz|48/100
|-status|p1a: Mandibuzz|brn
|
|-weather|SunnyDay|[upkeep]
|-heal|p2a: Lanturn|74/100|[from] Grassy Terrain
|-heal|p2a: Lanturn|80/100|[from] item: Leftovers
|-damage|p1a: Mandibuzz|42/100 brn|[from] brn
|upkeep
|turn|30
|
|t:|1656124576
|move|p1a: Mandibuzz|Roost|p1a: Mandibuzz
|-heal|p1a: Mandibuzz|92/100 brn
|-singleturn|p1a: Mandibuzz|move: Roost
|move|p2a: Lanturn|Scald|p1a: Mandibuzz
|-damage|p1a: Mandibuzz|85/100 brn
|
|-weather|none
|-heal|p1a: Mandibuzz|91/100 brn|[from] Grassy Terrain
|-heal|p2a: Lanturn|87/100|[from] Grassy Terrain
|-heal|p2a: Lanturn|93/100|[from] item: Leftovers
|-damage|p1a: Mandibuzz|85/100 brn|[from] brn
|upkeep
|turn|31
|
|t:|1656124588
|move|p1a: Mandibuzz|Foul Play|p2a: Lanturn
|-damage|p2a: Lanturn|84/100
|move|p2a: Lanturn|Scald|p1a: Mandibuzz
|-damage|p1a: Mandibuzz|69/100 brn
|
|-heal|p2a: Lanturn|90/100|[from] Grassy Terrain
|-heal|p2a: Lanturn|96/100|[from] item: Leftovers
|-damage|p1a: Mandibuzz|63/100 brn|[from] brn
|-fieldend|move: Grassy Terrain
|upkeep
|turn|32
|
|t:|1656124591
|move|p1a: Mandibuzz|Roost|p1a: Mandibuzz
|-heal|p1a: Mandibuzz|100/100 brn
|-singleturn|p1a: Mandibuzz|move: Roost
|move|p2a: Lanturn|Scald|p1a: Mandibuzz
|-damage|p1a: Mandibuzz|85/100 brn
|
|-heal|p2a: Lanturn|100/100|[from] item: Leftovers
|-damage|p1a: Mandibuzz|79/100 brn|[from] brn
|upkeep
|turn|33
|
|t:|1656124601
|move|p1a: Mandibuzz|Foul Play|p2a: Lanturn
|-damage|p2a: Lanturn|93/100
|move|p2a: Lanturn|Scald|p1a: Mandibuzz
|-damage|p1a: Mandibuzz|64/100 brn
|
|-heal|p2a: Lanturn|99/100|[from] item: Leftovers
|-damage|p1a: Mandibuzz|58/100 brn|[from] brn
|upkeep
|turn|34
|l| zoltan97
|
|t:|1656124614
|move|p1a: Mandibuzz|Foul Play|p2a: Lanturn
|-damage|p2a: Lanturn|90/100
|move|p2a: Lanturn|Scald|p1a: Mandibuzz
|-damage|p1a: Mandibuzz|42/100 brn
|
|-heal|p2a: Lanturn|96/100|[from] item: Leftovers
|-damage|p1a: Mandibuzz|36/100 brn|[from] brn
|upkeep
|turn|35
|
|t:|1656124619
|move|p1a: Mandibuzz|Roost|p1a: Mandibuzz
|-heal|p1a: Mandibuzz|86/100 brn
|-singleturn|p1a: Mandibuzz|move: Roost
|move|p2a: Lanturn|Scald|p1a: Mandibuzz
|-damage|p1a: Mandibuzz|70/100 brn
|
|-heal|p2a: Lanturn|100/100|[from] item: Leftovers
|-damage|p1a: Mandibuzz|64/100 brn|[from] brn
|upkeep
|turn|36
|
|t:|1656124624
|move|p1a: Mandibuzz|Foul Play|p2a: Lanturn
|-damage|p2a: Lanturn|92/100
|move|p2a: Lanturn|Scald|p1a: Mandibuzz
|-damage|p1a: Mandibuzz|49/100 brn
|
|-heal|p2a: Lanturn|99/100|[from] item: Leftovers
|-damage|p1a: Mandibuzz|43/100 brn|[from] brn
|upkeep
|turn|37
|
|t:|1656124632
|move|p1a: Mandibuzz|Roost|p1a: Mandibuzz
|-heal|p1a: Mandibuzz|93/100 brn
|-singleturn|p1a: Mandibuzz|move: Roost
|move|p2a: Lanturn|Scald|p1a: Mandibuzz
|-damage|p1a: Mandibuzz|77/100 brn
|
|-heal|p2a: Lanturn|100/100|[from] item: Leftovers
|-damage|p1a: Mandibuzz|71/100 brn|[from] brn
|upkeep
|turn|38
|l| Sea of Crouse
|
|t:|1656124637
|move|p1a: Mandibuzz|Foul Play|p2a: Lanturn
|-damage|p2a: Lanturn|92/100
|move|p2a: Lanturn|Thunder Wave||[still]
|-fail|p2a: Lanturn
|
|-heal|p2a: Lanturn|98/100|[from] item: Leftovers
|-damage|p1a: Mandibuzz|65/100 brn|[from] brn
|upkeep
|turn|39
|
|t:|1656124641
|move|p1a: Mandibuzz|Roost|p1a: Mandibuzz
|-heal|p1a: Mandibuzz|100/100 brn
|-singleturn|p1a: Mandibuzz|move: Roost
|move|p2a: Lanturn|Scald|p1a: Mandibuzz
|-damage|p1a: Mandibuzz|86/100 brn
|
|-heal|p2a: Lanturn|100/100|[from] item: Leftovers
|-damage|p1a: Mandibuzz|79/100 brn|[from] brn
|upkeep
|turn|40
|j| Sea of Crouse
|
|t:|1656124648
|move|p1a: Mandibuzz|Foul Play|p2a: Lanturn
|-damage|p2a: Lanturn|91/100
|move|p2a: Lanturn|Scald|p1a: Mandibuzz
|-damage|p1a: Mandibuzz|65/100 brn
|
|-heal|p2a: Lanturn|97/100|[from] item: Leftovers
|-damage|p1a: Mandibuzz|59/100 brn|[from] brn
|upkeep
|turn|41
|l| Sea of Crouse
|
|t:|1656124663
|move|p1a: Mandibuzz|Foul Play|p2a: Lanturn
|-damage|p2a: Lanturn|89/100
|move|p2a: Lanturn|Scald|p1a: Mandibuzz
|-damage|p1a: Mandibuzz|43/100 brn
|
|-heal|p2a: Lanturn|96/100|[from] item: Leftovers
|-damage|p1a: Mandibuzz|36/100 brn|[from] brn
|upkeep
|turn|42
|
|t:|1656124666
|switch|p2a: Tapu Bulu|Tapu Bulu|89/100
|-damage|p2a: Tapu Bulu|76/100|[from] Stealth Rock
|-fieldstart|move: Grassy Terrain|[from] ability: Grassy Surge|[of] p2a: Tapu Bulu
|move|p1a: Mandibuzz|Roost|p1a: Mandibuzz
|-heal|p1a: Mandibuzz|87/100 brn
|-singleturn|p1a: Mandibuzz|move: Roost
|
|-heal|p1a: Mandibuzz|93/100 brn|[from] Grassy Terrain
|-heal|p2a: Tapu Bulu|82/100|[from] Grassy Terrain
|-heal|p2a: Tapu Bulu|89/100|[from] item: Leftovers
|-damage|p1a: Mandibuzz|87/100 brn|[from] brn
|upkeep
|turn|43
|
|t:|1656124675
|move|p1a: Mandibuzz|Foul Play|p2a: Tapu Bulu
|-resisted|p2a: Tapu Bulu
|-damage|p2a: Tapu Bulu|76/100
|move|p2a: Tapu Bulu|Swords Dance|p2a: Tapu Bulu
|-boost|p2a: Tapu Bulu|atk|2
|
|-heal|p2a: Tapu Bulu|82/100|[from] Grassy Terrain
|-heal|p2a: Tapu Bulu|88/100|[from] item: Leftovers
|-damage|p1a: Mandibuzz|80/100 brn|[from] brn
|upkeep
|turn|44
|
|t:|1656124685
|move|p1a: Mandibuzz|Foul Play|p2a: Tapu Bulu
|-resisted|p2a: Tapu Bulu
|-damage|p2a: Tapu Bulu|66/100
|move|p2a: Tapu Bulu|Swords Dance|p2a: Tapu Bulu
|-boost|p2a: Tapu Bulu|atk|2
|
|-heal|p2a: Tapu Bulu|73/100|[from] Grassy Terrain
|-heal|p2a: Tapu Bulu|79/100|[from] item: Leftovers
|-damage|p1a: Mandibuzz|74/100 brn|[from] brn
|upkeep
|turn|45
|
|t:|1656124688
|move|p1a: Mandibuzz|Foul Play|p2a: Tapu Bulu
|-resisted|p2a: Tapu Bulu
|-damage|p2a: Tapu Bulu|42/100
|move|p2a: Tapu Bulu|Horn Leech|p1a: Mandibuzz
|-resisted|p1a: Mandibuzz
|-damage|p1a: Mandibuzz|20/100 brn
|-heal|p2a: Tapu Bulu|75/100|[from] drain|[of] p1a: Mandibuzz
|
|-heal|p2a: Tapu Bulu|81/100|[from] Grassy Terrain
|-heal|p2a: Tapu Bulu|87/100|[from] item: Leftovers
|-damage|p1a: Mandibuzz|14/100 brn|[from] brn
|upkeep
|turn|46
|
|t:|1656124697
|move|p1a: Mandibuzz|Foul Play|p2a: Tapu Bulu
|-resisted|p2a: Tapu Bulu
|-damage|p2a: Tapu Bulu|49/100
|move|p2a: Tapu Bulu|Horn Leech|p1a: Mandibuzz
|-resisted|p1a: Mandibuzz
|-damage|p1a: Mandibuzz|0 fnt
|-heal|p2a: Tapu Bulu|58/100|[from] drain|[of] p1a: Mandibuzz
|faint|p1a: Mandibuzz
|
|-heal|p2a: Tapu Bulu|64/100|[from] Grassy Terrain
|-heal|p2a: Tapu Bulu|70/100|[from] item: Leftovers
|-fieldend|move: Grassy Terrain
|upkeep
|
|t:|1656124702
|switch|p1a: Venusaur|Venusaur, M|91/100
|turn|47
|
|t:|1656124707
|move|p1a: Venusaur|Growth|p1a: Venusaur
|-boost|p1a: Venusaur|atk|1
|-boost|p1a: Venusaur|spa|1
|move|p2a: Tapu Bulu|Horn Leech|p1a: Venusaur
|-resisted|p1a: Venusaur
|-damage|p1a: Venusaur|48/100
|-heal|p2a: Tapu Bulu|89/100|[from] drain|[of] p1a: Venusaur
|
|-heal|p2a: Tapu Bulu|95/100|[from] item: Leftovers
|upkeep
|turn|48
|
|t:|1656124709
|move|p1a: Venusaur|Giga Drain|p2a: Tapu Bulu
|-resisted|p2a: Tapu Bulu
|-damage|p2a: Tapu Bulu|60/100
|-heal|p1a: Venusaur|68/100|[from] drain|[of] p2a: Tapu Bulu
|-damage|p1a: Venusaur|58/100|[from] item: Life Orb
|move|p2a: Tapu Bulu|Horn Leech|p1a: Venusaur
|-resisted|p1a: Venusaur
|-damage|p1a: Venusaur|16/100
|-heal|p2a: Tapu Bulu|78/100|[from] drain|[of] p1a: Venusaur
|
|-heal|p2a: Tapu Bulu|84/100|[from] item: Leftovers
|upkeep
|turn|49
|
|t:|1656124712
|move|p1a: Venusaur|Giga Drain|p2a: Tapu Bulu
|-resisted|p2a: Tapu Bulu
|-damage|p2a: Tapu Bulu|48/100
|-heal|p1a: Venusaur|37/100|[from] drain|[of] p2a: Tapu Bulu
|-damage|p1a: Venusaur|27/100|[from] item: Life Orb
|move|p2a: Tapu Bulu|Horn Leech|p1a: Venusaur
|-resisted|p1a: Venusaur
|-damage|p1a: Venusaur|0 fnt
|-heal|p2a: Tapu Bulu|60/100|[from] drain|[of] p1a: Venusaur
|faint|p1a: Venusaur
|
|-heal|p2a: Tapu Bulu|66/100|[from] item: Leftovers
|upkeep
|c|☆BarbaroDave|gg
|c|☆Pinkacross|gg
|
|t:|1656124720
|switch|p1a: Garchomp|Garchomp, M|51/100 tox
|turn|50
|j| wanderbucuo
|l| wanderbucuo
|c|☆BarbaroDave|t wave lanturn
|c|☆BarbaroDave|Un demonio
|c|☆Pinkacross|si lol
|c|☆Pinkacross|lanturn es muy bueno en mi opinion
|c|☆Pinkacross|soy #2 con lo ahora en el ladder
|inactive|BarbaroDave has 120 seconds left.
|c|☆BarbaroDave|Por cierto use tus equipos de lluvia para llegar a la final
|c|☆Pinkacross|es un poco broken
|c|☆BarbaroDave|Muy buenos
|c|☆Pinkacross|ah buen prediccion
|l| Alexander90281
|c|☆Pinkacross|me gusta jugar la lluvia, es correcto
|
|t:|1656124778
|move|p1a: Garchomp|Stone Edge|p2a: Tapu Bulu
|-damage|p2a: Tapu Bulu|33/100
|move|p2a: Tapu Bulu|Horn Leech|p1a: Garchomp
|-damage|p1a: Garchomp|0 fnt
|-heal|p2a: Tapu Bulu|59/100|[from] drain|[of] p1a: Garchomp
|-damage|p2a: Tapu Bulu|47/100|[from] ability: Rough Skin|[of] p1a: Garchomp
|faint|p1a: Garchomp
|
|win|Pinkacross
|n|☆BarbaroDave|barbarodave
|n|☆Pinkacross|pinkacross
|n| Only Shedinja ツ|onlyshedinja
|n|+Santiago|santiago
|c|☆Pinkacross|porque es tan facil lol
|c|☆Pinkacross|gg
|c|☆BarbaroDave|ye
|c|☆BarbaroDave|gg
