|raw|<div class="broadcast-blue"><strong>This battle is required to be public due to a player having a name prefixed by 'LT72MS'.</div>
|j|☆LT72MS Christo
|j|☆relic stone
|t:|1597981304
|player|p1|LT72MS Christo|#christothegr8|1937
|player|p2|relic stone|lusamine-nihilego|1937
|teamsize|p1|6
|teamsize|p2|6
|gametype|singles
|gen|8
|tier|[Gen 8] OU
|rated|
|clearpoke
|poke|p1|Ferrothorn, F|
|poke|p1|Clefable, M|
|poke|p1|Ditto|
|poke|p1|Hippowdon, M|
|poke|p1|Blissey, F|
|poke|p1|Xatu, F|
|poke|p2|Slowbro-Galar, M|
|poke|p2|Zarude|
|poke|p2|Mantine, M|
|poke|p2|Excadrill, M|
|poke|p2|Rotom-Heat|
|poke|p2|Clefable, M|
|rule|Sleep Clause Mod: Limit one foe put to sleep
|rule|Species Clause: Limit one of each Pokémon
|rule|OHKO Clause: OHKO moves are banned
|rule|Evasion Moves Clause: Evasion moves are banned
|rule|Endless Battle Clause: Forcing endless battles is banned
|rule|HP Percentage Mod: HP is shown in percentages
|rule|Dynamax Clause: You cannot dynamax
|teampreview
|j| slainey'^'
|c|☆relic stone|hf
|j| chenbinfeng
|j| mintister
|j| lt72ms hay
|
|t:|1597981322
|start
|switch|p1a: Hippowdon|Hippowdon, M|100/100
|switch|p2a: Impaler|Excadrill, M, shiny|100/100
|-ability|p2a: Impaler|Mold Breaker
|-weather|Sandstorm|[from] ability: Sand Stream|[of] p1a: Hippowdon
|turn|1
|j| storm zone ftw
|j| ohboywowee
|j|+Bouff
|
|t:|1597981335
|move|p2a: Impaler|Toxic|p1a: Hippowdon|[miss]
|-miss|p2a: Impaler|p1a: Hippowdon
|move|p1a: Hippowdon|Earthquake|p2a: Impaler
|-supereffective|p2a: Impaler
|-damage|p2a: Impaler|11/100
|
|-weather|Sandstorm|[upkeep]
|-heal|p2a: Impaler|17/100|[from] item: Leftovers
|upkeep
|turn|2
|j| Lednah
|j| Tace
|
|t:|1597981340
|move|p2a: Impaler|Toxic|p1a: Hippowdon
|-status|p1a: Hippowdon|tox
|move|p1a: Hippowdon|Earthquake|p2a: Impaler
|-supereffective|p2a: Impaler
|-damage|p2a: Impaler|0 fnt
|faint|p2a: Impaler
|
|-weather|Sandstorm|[upkeep]
|-damage|p1a: Hippowdon|94/100 tox|[from] psn
|upkeep
|j| LT72MS Lets
|
|t:|1597981347
|switch|p2a: Galarian Jaguar|Zarude|100/100
|turn|3
|j| Devil Patchy
|j|@Finchinator
|
|t:|1597981381
|switch|p1a: Clefable|Clefable, M|100/100
|move|p2a: Galarian Jaguar|Bulk Up|p2a: Galarian Jaguar
|-boost|p2a: Galarian Jaguar|atk|1
|-boost|p2a: Galarian Jaguar|def|1
|
|-weather|Sandstorm|[upkeep]
|-damage|p2a: Galarian Jaguar|94/100|[from] Sandstorm
|-damage|p1a: Clefable|94/100|[from] Sandstorm
|-heal|p2a: Galarian Jaguar|100/100|[from] item: Leftovers
|-heal|p1a: Clefable|100/100|[from] item: Leftovers
|upkeep
|turn|4
|j| Piyush21
|
|t:|1597981388
|switch|p2a: Jabba|Slowbro-Galar, M|100/100
|move|p1a: Clefable|Moonblast|p2a: Jabba
|-resisted|p2a: Jabba
|-damage|p2a: Jabba|83/100
|
|-weather|Sandstorm|[upkeep]
|-damage|p1a: Clefable|94/100|[from] Sandstorm
|-damage|p2a: Jabba|77/100|[from] Sandstorm
|-heal|p1a: Clefable|100/100|[from] item: Leftovers
|upkeep
|turn|5
|j|+phiwings99
|-activate|p2a: Jabba|item: Quick Claw
|
|t:|1597981400
|switch|p1a: Blissey|Blissey, F|100/100
|move|p2a: Jabba|Nasty Plot|p2a: Jabba
|-boost|p2a: Jabba|spa|2
|
|-weather|none
|upkeep
|turn|6
|n| lt71lx slainey|slainey
|
|t:|1597981405
|move|p1a: Blissey|Thunder Wave|p2a: Jabba
|-status|p2a: Jabba|par
|move|p2a: Jabba|Shell Side Arm|p1a: Blissey
|-damage|p1a: Blissey|69/100
|-hint|Special Shell Side Arm
|
|upkeep
|turn|7
|
|t:|1597981411
|move|p1a: Blissey|Seismic Toss|p2a: Jabba
|-damage|p2a: Jabba|52/100 par
|move|p2a: Jabba|Shell Side Arm|p1a: Blissey
|-damage|p1a: Blissey|36/100
|-hint|Special Shell Side Arm
|-status|p1a: Blissey|psn
|
|-damage|p1a: Blissey|23/100 psn|[from] psn
|upkeep
|turn|8
|l|@Finchinator
|
|t:|1597981435
|move|p1a: Blissey|Soft-Boiled|p1a: Blissey
|-heal|p1a: Blissey|73/100 psn
|move|p2a: Jabba|Shell Side Arm|p1a: Blissey
|-damage|p1a: Blissey|40/100 psn
|-hint|Special Shell Side Arm
|
|-damage|p1a: Blissey|28/100 psn|[from] psn
|upkeep
|turn|9
|-activate|p2a: Jabba|ability: Quick Draw
|
|t:|1597981440
|move|p2a: Jabba|Shell Side Arm|p1a: Blissey
|-damage|p1a: Blissey|0 fnt
|-hint|Special Shell Side Arm
|faint|p1a: Blissey
|
|upkeep
|
|t:|1597981443
|switch|p1a: Ditto|Ditto|100/100
|-transform|p1a: Ditto|p2a: Jabba|[from] ability: Imposter
|turn|10
|
|t:|1597981450
|move|p1a: Ditto|Shell Side Arm|p2a: Jabba
|-resisted|p2a: Jabba
|-damage|p2a: Jabba|6/100 par
|-hint|Special Shell Side Arm
|move|p2a: Jabba|Psychic|p1a: Ditto
|-damage|p1a: Ditto|0 fnt
|faint|p1a: Ditto
|
|upkeep
|
|t:|1597981461
|switch|p1a: Ferrothorn|Ferrothorn, F|100/100
|turn|11
|
|t:|1597981469
|move|p1a: Ferrothorn|Knock Off|p2a: Jabba
|-supereffective|p2a: Jabba
|-damage|p2a: Jabba|0 fnt
|-enditem|p2a: Jabba|Quick Claw|[from] move: Knock Off|[of] p1a: Ferrothorn
|faint|p2a: Jabba
|
|upkeep
|
|t:|1597981474
|switch|p2a: Phantom|Rotom-Heat, shiny|100/100
|turn|12
|
|t:|1597981485
|switch|p1a: Hippowdon|Hippowdon, M|94/100 tox
|-weather|Sandstorm|[from] ability: Sand Stream|[of] p1a: Hippowdon
|move|p2a: Phantom|Overheat|p1a: Hippowdon
|-damage|p1a: Hippowdon|49/100 tox
|-unboost|p2a: Phantom|spa|2
|
|-weather|Sandstorm|[upkeep]
|-damage|p2a: Phantom|94/100|[from] Sandstorm
|-damage|p1a: Hippowdon|42/100 tox|[from] psn
|upkeep
|turn|13
|
|t:|1597981493
|switch|p2a: Galarian Jaguar|Zarude|100/100
|move|p1a: Hippowdon|Stealth Rock|p2a: Galarian Jaguar
|-sidestart|p2: relic stone|move: Stealth Rock
|
|-weather|Sandstorm|[upkeep]
|-damage|p2a: Galarian Jaguar|94/100|[from] Sandstorm
|-heal|p2a: Galarian Jaguar|100/100|[from] item: Leftovers
|-damage|p1a: Hippowdon|30/100 tox|[from] psn
|upkeep
|turn|14
|l| chenbinfeng
|
|t:|1597981504
|switch|p1a: Ferrothorn|Ferrothorn, F|100/100
|move|p2a: Galarian Jaguar|Power Whip|p1a: Ferrothorn|[miss]
|-miss|p2a: Galarian Jaguar|p1a: Ferrothorn
|
|-weather|Sandstorm|[upkeep]
|-damage|p2a: Galarian Jaguar|94/100|[from] Sandstorm
|-heal|p2a: Galarian Jaguar|100/100|[from] item: Leftovers
|upkeep
|turn|15
|
|t:|1597981509
|switch|p2a: Poseidon|Mantine, M|100/100
|move|p1a: Ferrothorn|Body Press|p2a: Poseidon
|-resisted|p2a: Poseidon
|-damage|p2a: Poseidon|87/100
|
|-weather|Sandstorm|[upkeep]
|-damage|p2a: Poseidon|81/100|[from] Sandstorm
|upkeep
|turn|16
|j| bbeeaa
|j| Lunarr
|j| Vix/Pie
|
|t:|1597981527
|move|p2a: Poseidon|Scald|p1a: Ferrothorn
|-resisted|p1a: Ferrothorn
|-damage|p1a: Ferrothorn|92/100
|-status|p1a: Ferrothorn|brn
|move|p1a: Ferrothorn|Knock Off|p2a: Poseidon
|-damage|p2a: Poseidon|72/100
|-enditem|p2a: Poseidon|Heavy-Duty Boots|[from] move: Knock Off|[of] p1a: Ferrothorn
|
|-weather|none
|-heal|p1a: Ferrothorn|98/100 brn|[from] item: Leftovers
|-damage|p1a: Ferrothorn|92/100 brn|[from] brn
|upkeep
|turn|17
|
|t:|1597981536
|switch|p2a: Phantom|Rotom-Heat, shiny|94/100
|switch|p1a: Xatu|Xatu, F|100/100
|
|upkeep
|turn|18
|
|t:|1597981542
|switch|p2a: Galarian Jaguar|Zarude|100/100
|-damage|p2a: Galarian Jaguar|88/100|[from] Stealth Rock
|move|p1a: Xatu|Toxic|p2a: Galarian Jaguar
|-status|p2a: Galarian Jaguar|tox
|
|-heal|p2a: Galarian Jaguar|94/100 tox|[from] item: Leftovers
|-damage|p2a: Galarian Jaguar|88/100 tox|[from] psn
|upkeep
|turn|19
|
|t:|1597981547
|switch|p1a: Ferrothorn|Ferrothorn, F|92/100 brn
|move|p2a: Galarian Jaguar|Jungle Healing|p2a: Galarian Jaguar
|-heal|p2a: Galarian Jaguar|100/100 tox
|-curestatus|p2a: Galarian Jaguar|tox|[msg]
|
|-heal|p1a: Ferrothorn|98/100 brn|[from] item: Leftovers
|-damage|p1a: Ferrothorn|92/100 brn|[from] brn
|upkeep
|turn|20
|
|t:|1597981555
|move|p2a: Galarian Jaguar|Bulk Up|p2a: Galarian Jaguar
|-boost|p2a: Galarian Jaguar|atk|1
|-boost|p2a: Galarian Jaguar|def|1
|move|p1a: Ferrothorn|Spikes|p2a: Galarian Jaguar
|-sidestart|p2: relic stone|Spikes
|
|-heal|p1a: Ferrothorn|98/100 brn|[from] item: Leftovers
|-damage|p1a: Ferrothorn|92/100 brn|[from] brn
|upkeep
|turn|21
|c| storm zone ftw|jUnGlE hEaLiNg
|
|t:|1597981559
|switch|p1a: Clefable|Clefable, M|100/100
|move|p2a: Galarian Jaguar|Bulk Up|p2a: Galarian Jaguar
|-boost|p2a: Galarian Jaguar|atk|1
|-boost|p2a: Galarian Jaguar|def|1
|
|upkeep
|turn|22
|j| mncmt
|n| Vix/Pie|vixpie
|
|t:|1597981582
|move|p2a: Galarian Jaguar|Power Whip|p1a: Clefable
|-damage|p1a: Clefable|64/100
|move|p1a: Clefable|Moonblast|p2a: Galarian Jaguar
|-supereffective|p2a: Galarian Jaguar
|-damage|p2a: Galarian Jaguar|59/100
|
|-heal|p2a: Galarian Jaguar|65/100|[from] item: Leftovers
|-heal|p1a: Clefable|70/100|[from] item: Leftovers
|upkeep
|turn|23
|
|t:|1597981588
|move|p2a: Galarian Jaguar|Jungle Healing|p2a: Galarian Jaguar
|-heal|p2a: Galarian Jaguar|91/100
|move|p1a: Clefable|Wish|p1a: Clefable
|
|-heal|p2a: Galarian Jaguar|97/100|[from] item: Leftovers
|-heal|p1a: Clefable|76/100|[from] item: Leftovers
|upkeep
|turn|24
|
|t:|1597981593
|switch|p2a: Phantom|Rotom-Heat, shiny|94/100
|move|p1a: Clefable|Calm Mind|p1a: Clefable
|-boost|p1a: Clefable|spa|1
|-boost|p1a: Clefable|spd|1
|
|-heal|p1a: Clefable|100/100|[from] move: Wish|[wisher] Clefable
|upkeep
|turn|25
|
|t:|1597981598
|move|p2a: Phantom|Volt Switch|p1a: Clefable
|-damage|p1a: Clefable|85/100
|
|t:|1597981601
|switch|p2a: Crescent|Clefable, M, shiny|100/100|[from]move: Volt Switch
|move|p1a: Clefable|Calm Mind|p1a: Clefable
|-boost|p1a: Clefable|spa|1
|-boost|p1a: Clefable|spd|1
|
|-heal|p1a: Clefable|91/100|[from] item: Leftovers
|upkeep
|turn|26
|
|t:|1597981608
|move|p1a: Clefable|Moonblast|p2a: Crescent
|-damage|p2a: Crescent|69/100
|-unboost|p2a: Crescent|spa|1
|move|p2a: Crescent|Wish|p2a: Crescent
|
|-heal|p1a: Clefable|97/100|[from] item: Leftovers
|upkeep
|turn|27
|l| Vix/Pie
|
|t:|1597981616
|move|p1a: Clefable|Moonblast|p2a: Crescent
|-damage|p2a: Crescent|40/100
|move|p2a: Crescent|Teleport|p2a: Crescent
|
|t:|1597981620
|switch|p2a: Poseidon|Mantine, M|72/100|[from]move: Teleport
|-damage|p2a: Poseidon|47/100|[from] Stealth Rock
|
|-heal|p2a: Poseidon|99/100|[from] move: Wish|[wisher] Crescent
|-heal|p1a: Clefable|100/100|[from] item: Leftovers
|upkeep
|turn|28
|
|t:|1597981630
|move|p2a: Poseidon|Toxic|p1a: Clefable
|-status|p1a: Clefable|tox
|move|p1a: Clefable|Moonblast|p2a: Poseidon
|-damage|p2a: Poseidon|55/100
|
|-damage|p1a: Clefable|94/100 tox|[from] psn
|upkeep
|turn|29
|j| ciri
|
|t:|1597981641
|switch|p1a: Xatu|Xatu, F|100/100
|move|p2a: Poseidon|Haze|p2a: Poseidon
|-clearallboost
|
|upkeep
|turn|30
|
|t:|1597981645
|move|p1a: Xatu|Toxic|p2a: Poseidon
|-status|p2a: Poseidon|tox
|move|p2a: Poseidon|Scald|p1a: Xatu
|-damage|p1a: Xatu|68/100
|
|-damage|p2a: Poseidon|49/100 tox|[from] psn
|upkeep
|turn|31
|
|t:|1597981649
|move|p1a: Xatu|Night Shade|p2a: Poseidon
|-damage|p2a: Poseidon|22/100 tox
|move|p2a: Poseidon|Scald|p1a: Xatu
|-damage|p1a: Xatu|37/100
|
|-damage|p2a: Poseidon|10/100 tox|[from] psn
|upkeep
|turn|32
|
|t:|1597981652
|move|p1a: Xatu|Night Shade|p2a: Poseidon
|-damage|p2a: Poseidon|0 fnt
|faint|p2a: Poseidon
|
|upkeep
|
|t:|1597981656
|switch|p2a: Galarian Jaguar|Zarude|97/100
|-damage|p2a: Galarian Jaguar|84/100|[from] Stealth Rock
|-damage|p2a: Galarian Jaguar|72/100|[from] Spikes
|turn|33
|
|t:|1597981690
|switch|p1a: Ferrothorn|Ferrothorn, F|92/100 brn
|move|p2a: Galarian Jaguar|Darkest Lariat|p1a: Ferrothorn
|-damage|p1a: Ferrothorn|73/100 brn
|-damage|p2a: Galarian Jaguar|60/100|[from] ability: Iron Barbs|[of] p1a: Ferrothorn
|
|-heal|p2a: Galarian Jaguar|66/100|[from] item: Leftovers
|-heal|p1a: Ferrothorn|79/100 brn|[from] item: Leftovers
|-damage|p1a: Ferrothorn|73/100 brn|[from] brn
|upkeep
|turn|34
|
|t:|1597981695
|move|p2a: Galarian Jaguar|Bulk Up|p2a: Galarian Jaguar
|-boost|p2a: Galarian Jaguar|atk|1
|-boost|p2a: Galarian Jaguar|def|1
|move|p1a: Ferrothorn|Knock Off|p2a: Galarian Jaguar
|-resisted|p2a: Galarian Jaguar
|-crit|p2a: Galarian Jaguar
|-damage|p2a: Galarian Jaguar|59/100
|-enditem|p2a: Galarian Jaguar|Leftovers|[from] move: Knock Off|[of] p1a: Ferrothorn
|
|-heal|p1a: Ferrothorn|79/100 brn|[from] item: Leftovers
|-damage|p1a: Ferrothorn|73/100 brn|[from] brn
|upkeep
|turn|35
|n| lt71lx slainey|lt71lxslainey
|
|t:|1597981707
|switch|p1a: Hippowdon|Hippowdon, M|30/100 tox
|-weather|Sandstorm|[from] ability: Sand Stream|[of] p1a: Hippowdon
|move|p2a: Galarian Jaguar|Power Whip|p1a: Hippowdon
|-supereffective|p1a: Hippowdon
|-damage|p1a: Hippowdon|0 fnt
|-damage|p2a: Galarian Jaguar|43/100|[from] item: Rocky Helmet|[of] p1a: Hippowdon
|faint|p1a: Hippowdon
|
|-weather|Sandstorm|[upkeep]
|-damage|p2a: Galarian Jaguar|36/100|[from] Sandstorm
|upkeep
|
|t:|1597981709
|switch|p1a: Clefable|Clefable, M|94/100 tox
|turn|36
|
|t:|1597981715
|switch|p2a: Phantom|Rotom-Heat, shiny|94/100
|move|p1a: Clefable|Moonblast|p2a: Phantom
|-resisted|p2a: Phantom
|-damage|p2a: Phantom|82/100
|
|-weather|Sandstorm|[upkeep]
|-damage|p2a: Phantom|76/100|[from] Sandstorm
|-damage|p1a: Clefable|88/100 tox|[from] Sandstorm
|-heal|p1a: Clefable|94/100 tox|[from] item: Leftovers
|-damage|p1a: Clefable|88/100 tox|[from] psn
|upkeep
|turn|37
|
|t:|1597981720
|switch|p1a: Ferrothorn|Ferrothorn, F|73/100 brn
|move|p2a: Phantom|Nasty Plot|p2a: Phantom
|-boost|p2a: Phantom|spa|2
|
|-weather|Sandstorm|[upkeep]
|-damage|p2a: Phantom|70/100|[from] Sandstorm
|-heal|p1a: Ferrothorn|79/100 brn|[from] item: Leftovers
|-damage|p1a: Ferrothorn|73/100 brn|[from] brn
|upkeep
|turn|38
|
|t:|1597981724
|move|p2a: Phantom|Overheat|p1a: Ferrothorn
|-supereffective|p1a: Ferrothorn
|-damage|p1a: Ferrothorn|0 fnt
|-unboost|p2a: Phantom|spa|2
|faint|p1a: Ferrothorn
|
|-weather|Sandstorm|[upkeep]
|-damage|p2a: Phantom|64/100|[from] Sandstorm
|upkeep
|-message|LT72MS Christo forfeited.
|
|win|relic stone
|l|☆LT72MS Christo
|c| storm zone ftw|ez money
|raw|LT72MS Christo's rating: 1921 &rarr; <strong>1902</strong><br />(-19 for losing)
|raw|relic stone's rating: 1937 &rarr; <strong>1956</strong><br />(+19 for winning)
