|j|☆ChandosH
|j|☆jyer6
|inactive|Battle timer is ON: inactive players will automatically lose when time's up.
|t:|1666059311
|gametype|singles
|player|p1|ChandosH|n-masters|
|player|p2|jyer6|102|
|teamsize|p1|6
|teamsize|p2|6
|gen|8
|tier|[Gen 8] OU
|rated|Tournament battle
|rule|Sleep Clause Mod: Limit one foe put to sleep
|rule|Species Clause: Limit one of each Pokémon
|rule|OHKO Clause: OHKO moves are banned
|rule|Evasion Items Clause: Evasion items are banned
|rule|Evasion Moves Clause: Evasion moves are banned
|rule|Endless Battle Clause: Forcing endless battles is banned
|rule|HP Percentage Mod: HP is shown in percentages
|rule|Dynamax Clause: You cannot dynamax
|rule|No Switching: All Pokémon are trapped
|
|t:|1666059311
|start
|switch|p1a: Mew|Mew|100/100
|switch|p2a: Blacephalon|Blacephalon|100/100
|turn|1
|inactive|jyer6 also wants the timer to be on.
|j|%htcl
|c|☆ChandosH|gl hf
|inactive|ChandosH has 120 seconds left.
|c|☆ChandosH|this is a bad lead lol
|
|t:|1666059349
|move|p2a: Blacephalon|Shadow Ball|p1a: Mew
|-supereffective|p1a: Mew
|-damage|p1a: Mew|23/100
|move|p1a: Mew|Thunder Wave|p2a: Blacephalon
|-status|p2a: Blacephalon|par
|
|upkeep
|turn|2
|
|t:|1666059360
|move|p1a: Mew|Stealth Rock|p2a: Blacephalon
|-sidestart|p2: jyer6|move: Stealth Rock
|move|p2a: Blacephalon|Shadow Ball|p1a: Mew
|-supereffective|p1a: Mew
|-damage|p1a: Mew|0 fnt
|faint|p1a: Mew
|-ability|p2a: Blacephalon|Beast Boost|boost
|-boost|p2a: Blacephalon|spa|1
|
|upkeep
|c|☆ChandosH|bullet proof set up kommo here i come
|inactive|ChandosH has 120 seconds left.
|c|%htcl|reveal
|c|%htcl|curselax
|c|%htcl|6-0
|c|☆ChandosH|Lol
|l|%htcl
|c|☆ChandosH|i wish i had a normal type at the moment
|inactive|ChandosH has 90 seconds left.
|
|t:|1666059425
|switch|p1a: Weavile|Weavile, F|100/100
|-ability|p1a: Weavile|Pressure
|turn|3
|inactive|ChandosH has 90 seconds left.
|inactive|ChandosH has 60 seconds left.
|
|t:|1666059472
|move|p1a: Weavile|Swords Dance|p1a: Weavile
|-boost|p1a: Weavile|atk|2
|move|p2a: Blacephalon|Shadow Ball|p1a: Weavile
|-resisted|p1a: Weavile
|-damage|p1a: Weavile|49/100
|
|upkeep
|turn|4
|
|t:|1666059478
|move|p1a: Weavile|Knock Off|p2a: Blacephalon
|-supereffective|p2a: Blacephalon
|-damage|p2a: Blacephalon|0 fnt
|-enditem|p2a: Blacephalon|Choice Scarf|[from] move: Knock Off|[of] p1a: Weavile
|faint|p2a: Blacephalon
|-damage|p1a: Weavile|39/100|[from] item: Life Orb
|
|upkeep
|
|t:|1666059492
|switch|p2a: Barraskewda|Barraskewda, M|100/100
|-damage|p2a: Barraskewda|88/100|[from] Stealth Rock
|turn|5
|
|t:|1666059504
|move|p2a: Barraskewda|Aqua Jet|p1a: Weavile
|-damage|p1a: Weavile|0 fnt
|faint|p1a: Weavile
|
|upkeep
|
|t:|1666059511
|switch|p1a: Dragapult|Dragapult, M|100/100
|turn|6
|
|t:|1666059520
|move|p2a: Barraskewda|Aqua Jet|p1a: Dragapult
|-resisted|p1a: Dragapult
|-damage|p1a: Dragapult|78/100
|move|p1a: Dragapult|Dragon Dance|p1a: Dragapult
|-boost|p1a: Dragapult|atk|1
|-boost|p1a: Dragapult|spe|1
|
|upkeep
|turn|7
|c|☆jyer6|gg
|
|t:|1666059528
|move|p2a: Barraskewda|Aqua Jet|p1a: Dragapult
|-resisted|p1a: Dragapult
|-damage|p1a: Dragapult|55/100
|move|p1a: Dragapult|Dragon Darts|p2a: Barraskewda
|-damage|p2a: Barraskewda|0 fnt
|faint|p2a: Barraskewda
|-damage|p1a: Dragapult|46/100|[from] item: Life Orb
|
|upkeep
|c|☆ChandosH|idk about that yet
|
|t:|1666059543
|switch|p2a: Landorus|Landorus-Therian, M|100/100
|-damage|p2a: Landorus|88/100|[from] Stealth Rock
|-ability|p2a: Landorus|Intimidate|boost
|-fail|p1a: Dragapult|unboost|[from] ability: Clear Body|[of] p1a: Dragapult
|turn|8
|inactive|ChandosH has 90 seconds left.
|
|t:|1666059550
|move|p1a: Dragapult|Dragon Darts|p2a: Landorus
|-damage|p2a: Landorus|42/100
|-anim|p1a: Dragapult|Dragon Darts|p2a: Landorus
|-damage|p2a: Landorus|0 fnt
|faint|p2a: Landorus
|-damage|p1a: Dragapult|36/100|[from] item: Life Orb
|
|upkeep
|
|t:|1666059562
|switch|p2a: Clefable|Clefable, F|100/100
|turn|9
|
|t:|1666059566
|move|p1a: Dragapult|Phantom Force||[still]
|-prepare|p1a: Dragapult|Phantom Force
|move|p2a: Clefable|Moonblast|p1a: Dragapult|[miss]
|-miss|p2a: Clefable|p1a: Dragapult
|
|upkeep
|turn|10
|
|t:|1666059570
|move|p1a: Dragapult|Phantom Force|p2a: Clefable|[from]lockedmove
|-damage|p2a: Clefable|9/100
|-damage|p1a: Dragapult|26/100|[from] item: Life Orb
|move|p2a: Clefable|Soft-Boiled|p2a: Clefable
|-heal|p2a: Clefable|59/100
|
|upkeep
|turn|11
|inactive|ChandosH has 120 seconds left.
|
|t:|1666059577
|move|p1a: Dragapult|Phantom Force||[still]
|-prepare|p1a: Dragapult|Phantom Force
|move|p2a: Clefable|Soft-Boiled|p2a: Clefable
|-heal|p2a: Clefable|100/100
|
|upkeep
|turn|12
|
|t:|1666059582
|move|p1a: Dragapult|Phantom Force|p2a: Clefable|[from]lockedmove
|-damage|p2a: Clefable|17/100
|-damage|p1a: Dragapult|16/100|[from] item: Life Orb
|move|p2a: Clefable|Moonblast|p1a: Dragapult
|-supereffective|p1a: Dragapult
|-damage|p1a: Dragapult|0 fnt
|faint|p1a: Dragapult
|
|upkeep
|
|t:|1666059590
|switch|p1a: Celesteela|Celesteela|100/100
|turn|13
|
|t:|1666059596
|move|p1a: Celesteela|Air Slash|p2a: Clefable
|-damage|p2a: Clefable|0 fnt
|faint|p2a: Clefable
|-ability|p1a: Celesteela|Beast Boost|boost
|-boost|p1a: Celesteela|spa|1
|
|upkeep
|
|t:|1666059599
|switch|p2a: Regieleki|Regieleki|100/100
|turn|14
|
|t:|1666059609
|move|p2a: Regieleki|Thunder Cage|p1a: Celesteela
|-supereffective|p1a: Celesteela
|-damage|p1a: Celesteela|19/100
|-activate|p1a: Celesteela|move: Thunder Cage|[of] p2a: Regieleki
|move|p1a: Celesteela|Meteor Beam||[still]
|-prepare|p1a: Celesteela|Meteor Beam
|-boost|p1a: Celesteela|spa|1
|-enditem|p1a: Celesteela|Power Herb
|-anim|p1a: Celesteela|Meteor Beam|p2a: Regieleki
|-damage|p2a: Regieleki|0 fnt
|faint|p2a: Regieleki
|-ability|p1a: Celesteela|Beast Boost|boost
|-boost|p1a: Celesteela|spa|1
|
|-end|p1a: Celesteela|Thunder Cage|[partiallytrapped]|[silent]
|upkeep
|j| witchcraftworks
|c|☆ChandosH|bulky as heck
|
|t:|1666059618
|switch|p2a: Tornadus|Tornadus-Therian, M|100/100
|-damage|p2a: Tornadus|76/100|[from] Stealth Rock
|turn|15
|c|☆ChandosH|i was hoping u killed tbh
|
|t:|1666059626
|move|p2a: Tornadus|Knock Off|p1a: Celesteela
|-damage|p1a: Celesteela|5/100
|move|p1a: Celesteela|Air Slash|p2a: Tornadus
|-damage|p2a: Tornadus|0 fnt
|faint|p2a: Tornadus
|
|win|ChandosH
|n|☆ChandosH|chandosh
|n|☆jyer6|jyer6
|n| witchcraftworks|witchcraftworks
|c|☆jyer6|gg
|c|☆ChandosH|gg
|l| witchcraftworks
