|j|☆FleetFoxxx
|j|☆Daddy McFlyy
|t:|1658974366
|gametype|singles
|player|p1|FleetFoxxx|flannery|1468
|player|p2|Daddy McFlyy|lucas-gen4pt|1418
|teamsize|p1|6
|teamsize|p2|6
|gen|8
|tier|[Gen 8] OU
|rated|
|rule|Sleep Clause Mod: Limit one foe put to sleep
|rule|Species Clause: Limit one of each Pokémon
|rule|OHKO Clause: OHKO moves are banned
|rule|Evasion Moves Clause: Evasion moves are banned
|rule|Endless Battle Clause: Forcing endless battles is banned
|rule|HP Percentage Mod: HP is shown in percentages
|rule|Dynamax Clause: You cannot dynamax
|clearpoke
|poke|p1|Nidoking, M|
|poke|p1|Hydreigon, M|
|poke|p1|Melmetal|
|poke|p1|Volcarona, F|
|poke|p1|Urshifu-*, F|
|poke|p1|Dragapult, M|
|poke|p2|Chansey, F|
|poke|p2|Landorus-Therian, M|
|poke|p2|Toxapex, F|
|poke|p2|Corviknight, F|
|poke|p2|Slowking-Galar, M|
|poke|p2|Dragapult, M|
|teampreview
|inactive|Battle timer is ON: inactive players will automatically lose when time's up. (requested by Daddy McFlyy)
|
|t:|1658974381
|start
|switch|p1a: Dragapult|Dragapult, M|100/100
|switch|p2a: Dragapult|Dragapult, M|100/100
|turn|1
|
|t:|1658974387
|switch|p2a: Chansey|Chansey, F|100/100
|move|p1a: Dragapult|U-turn|p2a: Chansey
|-damage|p2a: Chansey|89/100
|
|t:|1658974393
|switch|p1a: Urshifu|Urshifu-Rapid-Strike, F|100/100|[from]move: U-turn
|
|upkeep
|turn|2
|
|t:|1658974396
|switch|p2a: Toxapex|Toxapex, F|100/100
|move|p1a: Urshifu|U-turn|p2a: Toxapex
|-resisted|p2a: Toxapex
|-damage|p2a: Toxapex|89/100
|-damage|p1a: Urshifu|84/100|[from] item: Rocky Helmet|[of] p2a: Toxapex
|c|☆Daddy McFlyy|love u turn
|
|t:|1658974407
|switch|p1a: Nidoking|Nidoking, M|100/100|[from]move: U-turn
|
|upkeep
|turn|3
|c|☆Daddy McFlyy|u scarf drag or just stupid to risk speed tie
|
|t:|1658974418
|switch|p2a: Chansey|Chansey, F|89/100
|move|p1a: Nidoking|Earth Power|p2a: Chansey
|-damage|p2a: Chansey|69/100
|
|upkeep
|turn|4
|
|t:|1658974423
|switch|p1a: Melmetal|Melmetal|100/100
|move|p2a: Chansey|Soft-Boiled|p2a: Chansey
|-heal|p2a: Chansey|100/100
|
|upkeep
|turn|5
|
|t:|1658974429
|switch|p2a: Toxapex|Toxapex, F|100/100
|move|p1a: Melmetal|Thunder Wave|p2a: Toxapex
|-status|p2a: Toxapex|par
|
|upkeep
|turn|6
|
|t:|1658974435
|move|p1a: Melmetal|Thunder Punch|p2a: Toxapex
|-supereffective|p2a: Toxapex
|-damage|p2a: Toxapex|58/100 par
|move|p2a: Toxapex|Scald|p1a: Melmetal
|-damage|p1a: Melmetal|83/100
|
|upkeep
|turn|7
|c|☆Daddy McFlyy|risk burn
|
|t:|1658974447
|switch|p2a: Landorus|Landorus-Therian, M|100/100
|-ability|p2a: Landorus|Intimidate|boost
|-unboost|p1a: Melmetal|atk|1
|move|p1a: Melmetal|Thunder Punch|p2a: Landorus
|-immune|p2a: Landorus
|
|upkeep
|turn|8
|
|t:|1658974456
|switch|p1a: Volcarona|Volcarona, F|100/100
|move|p2a: Landorus|Stealth Rock|p1a: Volcarona
|-sidestart|p1: FleetFoxxx|move: Stealth Rock
|
|upkeep
|turn|9
|
|t:|1658974464
|move|p1a: Volcarona|Quiver Dance|p1a: Volcarona
|-boost|p1a: Volcarona|spa|1
|-boost|p1a: Volcarona|spd|1
|-boost|p1a: Volcarona|spe|1
|move|p2a: Landorus|Smack Down|p1a: Volcarona
|-supereffective|p1a: Volcarona
|-damage|p1a: Volcarona|0 fnt
|faint|p1a: Volcarona
|
|upkeep
|
|t:|1658974469
|switch|p1a: Urshifu|Urshifu-Rapid-Strike, F|84/100
|-damage|p1a: Urshifu|78/100|[from] Stealth Rock
|turn|10
|c|☆Daddy McFlyy|ok
|c|☆Daddy McFlyy|gg
|
|t:|1658974474
|switch|p2a: Toxapex|Toxapex, F|91/100 par
|move|p1a: Urshifu|U-turn|p2a: Toxapex
|-resisted|p2a: Toxapex
|-damage|p2a: Toxapex|80/100 par
|-damage|p1a: Urshifu|61/100|[from] item: Rocky Helmet|[of] p2a: Toxapex
|
|t:|1658974480
|switch|p1a: Dragapult|Dragapult, M|100/100|[from]move: U-turn
|-damage|p1a: Dragapult|88/100|[from] Stealth Rock
|
|upkeep
|turn|11
|
|t:|1658974487
|switch|p2a: Chansey|Chansey, F|100/100
|move|p1a: Dragapult|U-turn|p2a: Chansey
|-damage|p2a: Chansey|90/100
|
|t:|1658974490
|switch|p1a: Nidoking|Nidoking, M|100/100|[from]move: U-turn
|-damage|p1a: Nidoking|95/100|[from] Stealth Rock
|
|upkeep
|turn|12
|
|t:|1658974493
|move|p1a: Nidoking|Sludge Wave|p2a: Chansey
|-damage|p2a: Chansey|69/100
|move|p2a: Chansey|Wish|p2a: Chansey
|
|upkeep
|turn|13
|-message|FleetFoxxx forfeited.
|
|win|Daddy McFlyy
|raw|FleetFoxxx's rating: 1468 &rarr; <strong>1445</strong><br />(-23 for losing)
|raw|Daddy McFlyy's rating: 1418 &rarr; <strong>1441</strong><br />(+23 for winning)
|l|☆FleetFoxxx
