|raw|<div class="broadcast-blue"><strong>This battle is required to be public due to a player having a name prefixed by 'LT71LX'.</div>
|j|☆LT71LX Chai
|j|☆Ayante
|t:|1596777499
|player|p1|LT71LX Chai|veteran|1742
|player|p2|Ayante|koga|1634
|teamsize|p1|6
|teamsize|p2|6
|gametype|singles
|gen|8
|tier|[Gen 8] OU
|rated|
|clearpoke
|poke|p1|Conkeldurr, F|
|poke|p1|Amoonguss, F|
|poke|p1|Clefable, M|
|poke|p1|Skarmory, M|
|poke|p1|Zeraora|
|poke|p1|Mantine, F|
|poke|p2|Togekiss, F|
|poke|p2|Mantine, M|
|poke|p2|Urshifu-*, M|
|poke|p2|Ferrothorn, M|
|poke|p2|Zeraora|
|poke|p2|Hippowdon, F|
|rule|Sleep Clause Mod: Limit one foe put to sleep
|rule|Species Clause: Limit one of each Pokémon
|rule|OHKO Clause: OHKO moves are banned
|rule|Evasion Moves Clause: Evasion moves are banned
|rule|Endless Battle Clause: Forcing endless battles is banned
|rule|HP Percentage Mod: HP is shown in percentages
|rule|Dynamax Clause: You cannot dynamax
|teampreview
|
|t:|1596777510
|start
|switch|p1a: Zeraora|Zeraora|100/100
|switch|p2a: Zeraora|Zeraora|100/100
|turn|1
|
|t:|1596777520
|switch|p2a: Hippowdon|Hippowdon, F|100/100
|-weather|Sandstorm|[from] ability: Sand Stream|[of] p2a: Hippowdon
|move|p1a: Zeraora|Knock Off|p2a: Hippowdon
|-damage|p2a: Hippowdon|85/100
|-damage|p1a: Zeraora|84/100|[from] item: Rocky Helmet|[of] p2a: Hippowdon
|-enditem|p2a: Hippowdon|Rocky Helmet|[from] move: Knock Off|[of] p1a: Zeraora
|
|-weather|Sandstorm|[upkeep]
|-damage|p1a: Zeraora|78/100|[from] Sandstorm
|upkeep
|turn|2
|
|t:|1596777532
|switch|p1a: Skarmory|Skarmory, M|100/100
|switch|p2a: Ferrothorn|Ferrothorn, M|100/100
|
|-weather|Sandstorm|[upkeep]
|upkeep
|turn|3
|
|t:|1596777540
|move|p1a: Skarmory|Stealth Rock|p2a: Ferrothorn
|-sidestart|p2: Ayante|move: Stealth Rock
|move|p2a: Ferrothorn|Spikes|p1a: Skarmory
|-sidestart|p1: LT71LX Chai|Spikes
|
|-weather|Sandstorm|[upkeep]
|upkeep
|turn|4
|
|t:|1596777547
|switch|p1a: Clefable|Clefable, M|100/100
|move|p2a: Ferrothorn|Knock Off|p1a: Clefable
|-resisted|p1a: Clefable
|-damage|p1a: Clefable|92/100
|-enditem|p1a: Clefable|Leftovers|[from] move: Knock Off|[of] p2a: Ferrothorn
|
|-weather|Sandstorm|[upkeep]
|upkeep
|turn|5
|
|t:|1596777562
|move|p1a: Clefable|Wish|p1a: Clefable
|move|p2a: Ferrothorn|Gyro Ball|p1a: Clefable
|-supereffective|p1a: Clefable
|-damage|p1a: Clefable|35/100
|
|-weather|none
|upkeep
|turn|6
|
|t:|1596777573
|switch|p2a: Togekiss|Togekiss, F|100/100
|-damage|p2a: Togekiss|76/100|[from] Stealth Rock
|move|p1a: Clefable|Protect||[still]
|-fail|p1a: Clefable
|
|-heal|p1a: Clefable|85/100|[from] move: Wish|[wisher] Clefable
|upkeep
|turn|7
|
|t:|1596777582
|move|p1a: Clefable|Protect|p1a: Clefable
|-singleturn|p1a: Clefable|Protect
|move|p2a: Togekiss|Air Slash|p1a: Clefable
|-activate|p1a: Clefable|move: Protect
|
|upkeep
|turn|8
|
|t:|1596777588
|move|p2a: Togekiss|Air Slash|p1a: Clefable
|-damage|p1a: Clefable|54/100
|move|p1a: Clefable|Wish|p1a: Clefable
|
|upkeep
|turn|9
|
|t:|1596777595
|move|p1a: Clefable|Protect|p1a: Clefable
|-singleturn|p1a: Clefable|Protect
|move|p2a: Togekiss|Air Slash|p1a: Clefable
|-activate|p1a: Clefable|move: Protect
|
|-heal|p1a: Clefable|100/100|[from] move: Wish|[wisher] Clefable
|upkeep
|turn|10
|
|t:|1596777604
|move|p2a: Togekiss|Air Slash|p1a: Clefable
|-damage|p1a: Clefable|67/100
|cant|p1a: Clefable|flinch
|
|upkeep
|turn|11
|
|t:|1596777609
|move|p1a: Clefable|Protect|p1a: Clefable
|-singleturn|p1a: Clefable|Protect
|move|p2a: Togekiss|Air Slash|p1a: Clefable
|-activate|p1a: Clefable|move: Protect
|
|upkeep
|turn|12
|
|t:|1596777615
|move|p2a: Togekiss|Air Slash|p1a: Clefable
|-damage|p1a: Clefable|32/100
|cant|p1a: Clefable|flinch
|
|upkeep
|turn|13
|
|t:|1596777621
|move|p1a: Clefable|Protect|p1a: Clefable
|-singleturn|p1a: Clefable|Protect
|move|p2a: Togekiss|Air Slash|p1a: Clefable
|-activate|p1a: Clefable|move: Protect
|
|upkeep
|turn|14
|
|t:|1596777627
|switch|p1a: Skarmory|Skarmory, M|100/100
|move|p2a: Togekiss|Air Slash|p1a: Skarmory
|-resisted|p1a: Skarmory
|-damage|p1a: Skarmory|73/100
|
|upkeep
|turn|15
|
|t:|1596777633
|move|p2a: Togekiss|Air Slash|p1a: Skarmory
|-resisted|p1a: Skarmory
|-damage|p1a: Skarmory|50/100
|cant|p1a: Skarmory|flinch
|
|upkeep
|turn|16
|
|t:|1596777639
|move|p2a: Togekiss|Air Slash|p1a: Skarmory
|-resisted|p1a: Skarmory
|-damage|p1a: Skarmory|25/100
|cant|p1a: Skarmory|flinch
|
|upkeep
|turn|17
|
|t:|1596777645
|move|p2a: Togekiss|Air Slash|p1a: Skarmory
|-resisted|p1a: Skarmory
|-damage|p1a: Skarmory|0 fnt
|faint|p1a: Skarmory
|
|upkeep
|
|t:|1596777647
|switch|p1a: Zeraora|Zeraora|78/100
|turn|18
|
|t:|1596777657
|switch|p2a: Ferrothorn|Ferrothorn, M|100/100
|-damage|p2a: Ferrothorn|94/100|[from] Stealth Rock
|switch|p1a: Clefable|Clefable, M|32/100
|
|-heal|p2a: Ferrothorn|100/100|[from] item: Leftovers
|upkeep
|turn|19
|
|t:|1596777666
|switch|p1a: Conkeldurr|Conkeldurr, F|100/100
|-damage|p1a: Conkeldurr|88/100|[from] Spikes
|move|p2a: Ferrothorn|Gyro Ball|p1a: Conkeldurr
|-damage|p1a: Conkeldurr|51/100
|
|-status|p1a: Conkeldurr|brn|[from] item: Flame Orb
|upkeep
|turn|20
|
|t:|1596777681
|switch|p2a: Hippowdon|Hippowdon, F|85/100
|-damage|p2a: Hippowdon|79/100|[from] Stealth Rock
|-weather|Sandstorm|[from] ability: Sand Stream|[of] p2a: Hippowdon
|move|p1a: Conkeldurr|Close Combat|p2a: Hippowdon
|-damage|p2a: Hippowdon|23/100
|-unboost|p1a: Conkeldurr|def|1
|-unboost|p1a: Conkeldurr|spd|1
|
|-weather|Sandstorm|[upkeep]
|-damage|p1a: Conkeldurr|45/100 brn|[from] Sandstorm
|-damage|p1a: Conkeldurr|39/100 brn|[from] brn
|upkeep
|turn|21
|
|t:|1596777696
|move|p1a: Conkeldurr|Facade|p2a: Hippowdon
|-damage|p2a: Hippowdon|0 fnt
|faint|p2a: Hippowdon
|
|-weather|Sandstorm|[upkeep]
|-damage|p1a: Conkeldurr|33/100 brn|[from] Sandstorm
|-damage|p1a: Conkeldurr|26/100 brn|[from] brn
|upkeep
|
|t:|1596777706
|switch|p2a: Zeraora|Zeraora|100/100
|-damage|p2a: Zeraora|88/100|[from] Stealth Rock
|turn|22
|
|t:|1596777711
|switch|p1a: Amoonguss|Amoonguss, F|100/100
|-damage|p1a: Amoonguss|88/100|[from] Spikes
|move|p2a: Zeraora|Volt Switch|p1a: Amoonguss
|-resisted|p1a: Amoonguss
|-damage|p1a: Amoonguss|73/100
|
|t:|1596777718
|switch|p2a: Togekiss|Togekiss, F|76/100|[from]move: Volt Switch
|-damage|p2a: Togekiss|51/100|[from] Stealth Rock
|
|-weather|Sandstorm|[upkeep]
|-damage|p2a: Togekiss|45/100|[from] Sandstorm
|-damage|p1a: Amoonguss|66/100|[from] Sandstorm
|-heal|p1a: Amoonguss|73/100|[from] item: Black Sludge
|upkeep
|turn|23
|j| Bradlo☂
|
|t:|1596777728
|move|p2a: Togekiss|Air Slash|p1a: Amoonguss
|-supereffective|p1a: Amoonguss
|-damage|p1a: Amoonguss|22/100
|move|p1a: Amoonguss|Sludge Bomb|p2a: Togekiss
|-supereffective|p2a: Togekiss
|-damage|p2a: Togekiss|0 fnt
|faint|p2a: Togekiss
|
|-weather|Sandstorm|[upkeep]
|-damage|p1a: Amoonguss|16/100|[from] Sandstorm
|-heal|p1a: Amoonguss|22/100|[from] item: Black Sludge
|upkeep
|
|t:|1596777740
|switch|p2a: Urshifu|Urshifu, M|100/100
|-damage|p2a: Urshifu|94/100|[from] Stealth Rock
|turn|24
|
|t:|1596777744
|move|p2a: Urshifu|Wicked Blow|p1a: Amoonguss
|-crit|p1a: Amoonguss
|-damage|p1a: Amoonguss|0 fnt
|faint|p1a: Amoonguss
|
|-weather|none
|upkeep
|j| wyn
|
|t:|1596777749
|switch|p1a: Zeraora|Zeraora|78/100
|turn|25
|
|t:|1596777754
|move|p1a: Zeraora|Volt Switch|p2a: Urshifu
|-damage|p2a: Urshifu|61/100
|
|t:|1596777762
|switch|p1a: Conkeldurr|Conkeldurr, F|26/100 brn|[from]move: Volt Switch
|-damage|p1a: Conkeldurr|14/100 brn|[from] Spikes
|move|p2a: Urshifu|Wicked Blow|p1a: Conkeldurr
|-resisted|p1a: Conkeldurr
|-crit|p1a: Conkeldurr
|-damage|p1a: Conkeldurr|0 fnt
|faint|p1a: Conkeldurr
|
|upkeep
|
|t:|1596777765
|switch|p1a: Zeraora|Zeraora|78/100
|turn|26
|
|t:|1596777776
|switch|p2a: Zeraora|Zeraora|88/100
|-damage|p2a: Zeraora|76/100|[from] Stealth Rock
|move|p1a: Zeraora|Close Combat|p2a: Zeraora
|-damage|p2a: Zeraora|20/100
|-unboost|p1a: Zeraora|def|1
|-unboost|p1a: Zeraora|spd|1
|
|upkeep
|turn|27
|
|t:|1596777792
|switch|p2a: Ferrothorn|Ferrothorn, M|100/100
|-damage|p2a: Ferrothorn|94/100|[from] Stealth Rock
|move|p1a: Zeraora|Close Combat|p2a: Ferrothorn
|-supereffective|p2a: Ferrothorn
|-damage|p2a: Ferrothorn|47/100
|-unboost|p1a: Zeraora|def|1
|-unboost|p1a: Zeraora|spd|1
|-damage|p1a: Zeraora|66/100|[from] ability: Iron Barbs|[of] p2a: Ferrothorn
|
|-heal|p2a: Ferrothorn|53/100|[from] item: Leftovers
|upkeep
|turn|28
|
|t:|1596777805
|switch|p1a: Mantine|Mantine, F|100/100
|move|p2a: Ferrothorn|Gyro Ball|p1a: Mantine
|-resisted|p1a: Mantine
|-crit|p1a: Mantine
|-damage|p1a: Mantine|69/100
|
|-heal|p2a: Ferrothorn|60/100|[from] item: Leftovers
|upkeep
|turn|29
|
|t:|1596777814
|move|p1a: Mantine|Scald|p2a: Ferrothorn
|-resisted|p2a: Ferrothorn
|-damage|p2a: Ferrothorn|50/100
|move|p2a: Ferrothorn|Leech Seed|p1a: Mantine
|-start|p1a: Mantine|move: Leech Seed
|
|-heal|p2a: Ferrothorn|56/100|[from] item: Leftovers
|-damage|p1a: Mantine|56/100|[from] Leech Seed|[of] p2a: Ferrothorn
|-heal|p2a: Ferrothorn|70/100|[silent]
|upkeep
|turn|30
|
|t:|1596777826
|switch|p2a: Urshifu|Urshifu, M|61/100
|-damage|p2a: Urshifu|55/100|[from] Stealth Rock
|move|p1a: Mantine|Scald|p2a: Urshifu
|-crit|p2a: Urshifu
|-damage|p2a: Urshifu|1/100
|
|-damage|p1a: Mantine|44/100|[from] Leech Seed|[of] p2a: Urshifu
|-heal|p2a: Urshifu|14/100|[silent]
|upkeep
|turn|31
|
|t:|1596777838
|switch|p1a: Clefable|Clefable, M|32/100
|move|p2a: Urshifu|Wicked Blow|p1a: Clefable
|-resisted|p1a: Clefable
|-crit|p1a: Clefable
|-damage|p1a: Clefable|0 fnt
|faint|p1a: Clefable
|
|upkeep
|
|t:|1596777840
|switch|p1a: Zeraora|Zeraora|66/100
|turn|32
|
|t:|1596777866
|switch|p2a: Mantine|Mantine, M|100/100
|move|p1a: Zeraora|Close Combat|p2a: Mantine
|-resisted|p2a: Mantine
|-crit|p2a: Mantine
|-damage|p2a: Mantine|71/100
|-unboost|p1a: Zeraora|def|1
|-unboost|p1a: Zeraora|spd|1
|
|upkeep
|turn|33
|
|t:|1596777880
|move|p1a: Zeraora|Close Combat|p2a: Mantine
|-resisted|p2a: Mantine
|-damage|p2a: Mantine|52/100
|-unboost|p1a: Zeraora|def|1
|-unboost|p1a: Zeraora|spd|1
|move|p2a: Mantine|Scald|p1a: Zeraora
|-damage|p1a: Zeraora|7/100
|-status|p1a: Zeraora|brn
|
|-damage|p1a: Zeraora|1/100 brn|[from] brn
|upkeep
|turn|34
|
|t:|1596777892
|switch|p1a: Mantine|Mantine, F|44/100
|move|p2a: Mantine|Toxic|p1a: Mantine
|-status|p1a: Mantine|tox
|
|-damage|p1a: Mantine|38/100 tox|[from] psn
|upkeep
|turn|35
|-message|LT71LX Chai forfeited.
|
|win|Ayante
|l|☆LT71LX Chai
|raw|LT71LX Chai's rating: 1742 &rarr; <strong>1716</strong><br />(-26 for losing)
|raw|Ayante's rating: 1634 &rarr; <strong>1660</strong><br />(+26 for winning)
|l| wyn
