|j|☆relapxh
|j|☆maxinyuuu
|t:|1664866470
|gametype|singles
|player|p1|relapxh|1|1529
|player|p2|maxinyuuu|lusamine-nihilego|1589
|teamsize|p1|6
|teamsize|p2|6
|gen|8
|tier|[Gen 8] OU
|rated|
|rule|Sleep Clause Mod: Limit one foe put to sleep
|rule|Species Clause: Limit one of each Pokémon
|rule|OHKO Clause: OHKO moves are banned
|rule|Evasion Items Clause: Evasion items are banned
|rule|Evasion Moves Clause: Evasion moves are banned
|rule|Endless Battle Clause: Forcing endless battles is banned
|rule|HP Percentage Mod: HP is shown in percentages
|rule|Dynamax Clause: You cannot dynamax
|clearpoke
|poke|p1|Torkoal, F|
|poke|p1|Shiftry, F|
|poke|p1|Tapu Fini|
|poke|p1|Venusaur, F|
|poke|p1|Landorus-Therian, M|
|poke|p1|Blaziken, M|
|poke|p2|Tapu Lele|
|poke|p2|Tyranitar, F|
|poke|p2|Excadrill, M|
|poke|p2|Ferrothorn, F|
|poke|p2|Zapdos|
|poke|p2|Urshifu-*, M|
|teampreview
|
|t:|1664866480
|start
|switch|p1a: Venusaur|Venusaur, F|100/100
|switch|p2a: Tyranitar|Tyranitar, F|100/100
|-weather|Sandstorm|[from] ability: Sand Stream|[of] p2a: Tyranitar
|turn|1
|
|t:|1664866492
|move|p1a: Venusaur|Weather Ball|p2a: Tyranitar
|-damage|p2a: Tyranitar|74/100
|-damage|p1a: Venusaur|91/100|[from] item: Life Orb
|move|p2a: Tyranitar|Fire Punch|p1a: Venusaur
|-supereffective|p1a: Venusaur
|-damage|p1a: Venusaur|0 fnt
|faint|p1a: Venusaur
|
|-weather|Sandstorm|[upkeep]
|upkeep
|
|t:|1664866500
|switch|p1a: Blaziken|Blaziken, M|100/100
|turn|2
|
|t:|1664866504
|switch|p2a: Excadrill|Excadrill, M|100/100
|move|p1a: Blaziken|Protect||[still]
|-fail|p1a: Blaziken
|
|-weather|Sandstorm|[upkeep]
|-damage|p1a: Blaziken|94/100|[from] Sandstorm
|-ability|p1a: Blaziken|Speed Boost|boost
|-boost|p1a: Blaziken|spe|1
|upkeep
|turn|3
|
|t:|1664866511
|move|p1a: Blaziken|Protect|p1a: Blaziken
|-singleturn|p1a: Blaziken|Protect
|move|p2a: Excadrill|Earthquake|p1a: Blaziken
|-activate|p1a: Blaziken|move: Protect
|
|-weather|Sandstorm|[upkeep]
|-damage|p1a: Blaziken|88/100|[from] Sandstorm
|-ability|p1a: Blaziken|Speed Boost|boost
|-boost|p1a: Blaziken|spe|1
|upkeep
|turn|4
|
|t:|1664866520
|switch|p1a: Landorus|Landorus-Therian, M|100/100
|-ability|p1a: Landorus|Intimidate|boost
|-unboost|p2a: Excadrill|atk|1
|move|p2a: Excadrill|Earthquake|p1a: Landorus
|-immune|p1a: Landorus
|
|-weather|Sandstorm|[upkeep]
|upkeep
|turn|5
|
|t:|1664866525
|switch|p2a: Zapdos|Zapdos|100/100
|move|p1a: Landorus|U-turn|p2a: Zapdos
|-resisted|p2a: Zapdos
|-damage|p2a: Zapdos|91/100
|
|t:|1664866528
|switch|p1a: Torkoal|Torkoal, F|100/100|[from]move: U-turn
|-weather|SunnyDay|[from] ability: Drought|[of] p1a: Torkoal
|
|-weather|SunnyDay|[upkeep]
|upkeep
|turn|6
|
|t:|1664866535
|switch|p1a: Shiftry|Shiftry, F|100/100
|move|p2a: Zapdos|Volt Switch|p1a: Shiftry
|-resisted|p1a: Shiftry
|-damage|p1a: Shiftry|76/100
|
|t:|1664866546
|switch|p2a: Tyranitar|Tyranitar, F|74/100|[from]move: Volt Switch
|-weather|Sandstorm|[from] ability: Sand Stream|[of] p2a: Tyranitar
|
|-weather|Sandstorm|[upkeep]
|-damage|p1a: Shiftry|69/100|[from] Sandstorm
|upkeep
|turn|7
|
|t:|1664866556
|switch|p1a: Blaziken|Blaziken, M|88/100
|switch|p2a: Ferrothorn|Ferrothorn, F|100/100
|
|-weather|Sandstorm|[upkeep]
|-damage|p1a: Blaziken|82/100|[from] Sandstorm
|upkeep
|turn|8
|
|t:|1664866560
|switch|p2a: Excadrill|Excadrill, M|100/100
|move|p1a: Blaziken|Swords Dance|p1a: Blaziken
|-boost|p1a: Blaziken|atk|2
|
|-weather|Sandstorm|[upkeep]
|-damage|p1a: Blaziken|76/100|[from] Sandstorm
|-ability|p1a: Blaziken|Speed Boost|boost
|-boost|p1a: Blaziken|spe|1
|upkeep
|turn|9
|
|t:|1664866567
|move|p1a: Blaziken|Protect|p1a: Blaziken
|-singleturn|p1a: Blaziken|Protect
|move|p2a: Excadrill|Earthquake|p1a: Blaziken
|-activate|p1a: Blaziken|move: Protect
|
|-weather|Sandstorm|[upkeep]
|-damage|p1a: Blaziken|70/100|[from] Sandstorm
|-ability|p1a: Blaziken|Speed Boost|boost
|-boost|p1a: Blaziken|spe|1
|upkeep
|turn|10
|
|t:|1664866576
|switch|p1a: Landorus|Landorus-Therian, M|100/100
|-ability|p1a: Landorus|Intimidate|boost
|-unboost|p2a: Excadrill|atk|1
|move|p2a: Excadrill|Earthquake|p1a: Landorus
|-immune|p1a: Landorus
|
|-weather|none
|upkeep
|turn|11
|
|t:|1664866582
|switch|p2a: Zapdos|Zapdos|91/100
|move|p1a: Landorus|U-turn|p2a: Zapdos
|-resisted|p2a: Zapdos
|-damage|p2a: Zapdos|81/100
|
|t:|1664866589
|switch|p1a: Blaziken|Blaziken, M|70/100|[from]move: U-turn
|
|upkeep
|turn|12
|
|t:|1664866594
|move|p1a: Blaziken|Protect|p1a: Blaziken
|-singleturn|p1a: Blaziken|Protect
|move|p2a: Zapdos|Hurricane|p1a: Blaziken
|-activate|p1a: Blaziken|move: Protect
|
|-ability|p1a: Blaziken|Speed Boost|boost
|-boost|p1a: Blaziken|spe|1
|upkeep
|turn|13
|
|t:|1664866603
|move|p1a: Blaziken|Flare Blitz|p2a: Zapdos
|-damage|p2a: Zapdos|31/100
|-damage|p1a: Blaziken|51/100|[from] Recoil
|move|p2a: Zapdos|Hurricane|p1a: Blaziken|[miss]
|-miss|p2a: Zapdos|p1a: Blaziken
|
|-ability|p1a: Blaziken|Speed Boost|boost
|-boost|p1a: Blaziken|spe|1
|upkeep
|turn|14
|
|t:|1664866616
|move|p1a: Blaziken|Flare Blitz|p2a: Zapdos
|-damage|p2a: Zapdos|0 fnt
|faint|p2a: Zapdos
|-damage|p1a: Blaziken|39/100|[from] Recoil
|
|-ability|p1a: Blaziken|Speed Boost|boost
|-boost|p1a: Blaziken|spe|1
|upkeep
|
|t:|1664866619
|switch|p2a: Urshifu|Urshifu-Rapid-Strike, M|100/100
|turn|15
|
|t:|1664866625
|move|p1a: Blaziken|Protect|p1a: Blaziken
|-singleturn|p1a: Blaziken|Protect
|move|p2a: Urshifu|Surging Strikes|p1a: Blaziken
|-supereffective|p1a: Blaziken
|-crit|p1a: Blaziken
|-damage|p1a: Blaziken|0 fnt
|faint|p1a: Blaziken
|-hitcount|p1: Blaziken|1
|
|upkeep
|
|t:|1664866636
|switch|p1a: Tapu Fini|Tapu Fini|100/100
|-fieldstart|move: Misty Terrain|[from] ability: Misty Surge|[of] p1a: Tapu Fini
|turn|16
|
|t:|1664866641
|switch|p2a: Ferrothorn|Ferrothorn, F|100/100
|switch|p1a: Torkoal|Torkoal, F|100/100
|-weather|SunnyDay|[from] ability: Drought|[of] p1a: Torkoal
|
|-weather|SunnyDay|[upkeep]
|upkeep
|turn|17
|
|t:|1664866646
|switch|p2a: Tyranitar|Tyranitar, F|74/100
|-weather|Sandstorm|[from] ability: Sand Stream|[of] p2a: Tyranitar
|switch|p1a: Shiftry|Shiftry, F|69/100
|
|-weather|Sandstorm|[upkeep]
|-damage|p1a: Shiftry|63/100|[from] Sandstorm
|upkeep
|turn|18
|
|t:|1664866663
|switch|p1a: Tapu Fini|Tapu Fini|100/100
|move|p2a: Tyranitar|Fire Punch|p1a: Tapu Fini
|-resisted|p1a: Tapu Fini
|-damage|p1a: Tapu Fini|80/100
|-enditem|p1a: Tapu Fini|Eject Button
|
|t:|1664866666
|switch|p1a: Landorus|Landorus-Therian, M|100/100
|-ability|p1a: Landorus|Intimidate|boost
|-unboost|p2a: Tyranitar|atk|1
|
|-weather|Sandstorm|[upkeep]
|upkeep
|turn|19
|
|t:|1664866672
|switch|p2a: Ferrothorn|Ferrothorn, F|100/100
|move|p1a: Landorus|U-turn|p2a: Ferrothorn
|-damage|p2a: Ferrothorn|83/100
|-damage|p1a: Landorus|88/100|[from] ability: Iron Barbs|[of] p2a: Ferrothorn
|
|t:|1664866680
|switch|p1a: Shiftry|Shiftry, F|63/100|[from]move: U-turn
|
|-weather|Sandstorm|[upkeep]
|-damage|p1a: Shiftry|57/100|[from] Sandstorm
|-heal|p2a: Ferrothorn|89/100|[from] item: Leftovers
|upkeep
|turn|20
|
|t:|1664866687
|move|p1a: Shiftry|Heat Wave|p2a: Ferrothorn
|-supereffective|p2a: Ferrothorn
|-damage|p2a: Ferrothorn|18/100
|-damage|p1a: Shiftry|47/100|[from] item: Life Orb
|move|p2a: Ferrothorn|Stealth Rock|p1a: Shiftry
|-sidestart|p1: relapxh|move: Stealth Rock
|
|-weather|Sandstorm|[upkeep]
|-damage|p1a: Shiftry|41/100|[from] Sandstorm
|-heal|p2a: Ferrothorn|24/100|[from] item: Leftovers
|-fieldend|Misty Terrain
|upkeep
|turn|21
|
|t:|1664866694
|switch|p1a: Landorus|Landorus-Therian, M|88/100
|-damage|p1a: Landorus|76/100|[from] Stealth Rock
|-ability|p1a: Landorus|Intimidate|boost
|-unboost|p2a: Ferrothorn|atk|1
|switch|p2a: Urshifu|Urshifu-Rapid-Strike, M|100/100
|
|-weather|none
|upkeep
|turn|22
|
|t:|1664866697
|move|p1a: Landorus|U-turn|p2a: Urshifu
|-resisted|p2a: Urshifu
|-damage|p2a: Urshifu|89/100
|
|t:|1664866700
|switch|p1a: Tapu Fini|Tapu Fini|80/100|[from]move: U-turn
|-damage|p1a: Tapu Fini|67/100|[from] Stealth Rock
|-fieldstart|move: Misty Terrain|[from] ability: Misty Surge|[of] p1a: Tapu Fini
|move|p2a: Urshifu|Surging Strikes|p1a: Tapu Fini
|-resisted|p1a: Tapu Fini
|-crit|p1a: Tapu Fini
|-damage|p1a: Tapu Fini|58/100
|-resisted|p1a: Tapu Fini
|-crit|p1a: Tapu Fini
|-damage|p1a: Tapu Fini|49/100
|-resisted|p1a: Tapu Fini
|-crit|p1a: Tapu Fini
|-damage|p1a: Tapu Fini|39/100
|-hitcount|p1a: Tapu Fini|3
|
|upkeep
|turn|23
|
|t:|1664866720
|switch|p2a: Tapu Lele|Tapu Lele|100/100
|-fieldstart|move: Psychic Terrain|[from] ability: Psychic Surge|[of] p2a: Tapu Lele
|move|p1a: Tapu Fini|Defog|p2a: Tapu Lele
|-unboost|p2a: Tapu Lele|evasion|1
|-sideend|p1: relapxh|Stealth Rock|[from] move: Defog|[of] p1a: Tapu Fini
|-fieldend|move: Psychic Terrain
|
|upkeep
|turn|24
|
|t:|1664866731
|move|p2a: Tapu Lele|Moonblast|p1a: Tapu Fini
|-damage|p1a: Tapu Fini|8/100
|-unboost|p1a: Tapu Fini|spa|1
|move|p1a: Tapu Fini|Moonblast|p2a: Tapu Lele
|-damage|p2a: Tapu Lele|77/100
|
|upkeep
|turn|25
|
|t:|1664866736
|move|p2a: Tapu Lele|Moonblast|p1a: Tapu Fini
|-damage|p1a: Tapu Fini|0 fnt
|faint|p1a: Tapu Fini
|
|upkeep
|
|t:|1664866739
|switch|p1a: Landorus|Landorus-Therian, M|76/100
|-ability|p1a: Landorus|Intimidate|boost
|-unboost|p2a: Tapu Lele|atk|1
|turn|26
|
|t:|1664866745
|move|p1a: Landorus|Earthquake|p2a: Tapu Lele
|-damage|p2a: Tapu Lele|0 fnt
|faint|p2a: Tapu Lele
|
|upkeep
|
|t:|1664866753
|switch|p2a: Urshifu|Urshifu-Rapid-Strike, M|89/100
|turn|27
|
|t:|1664866756
|switch|p1a: Torkoal|Torkoal, F|100/100
|-weather|SunnyDay|[from] ability: Drought|[of] p1a: Torkoal
|move|p2a: Urshifu|Surging Strikes|p1a: Torkoal
|-supereffective|p1a: Torkoal
|-crit|p1a: Torkoal
|-damage|p1a: Torkoal|88/100
|-supereffective|p1a: Torkoal
|-crit|p1a: Torkoal
|-damage|p1a: Torkoal|76/100
|-supereffective|p1a: Torkoal
|-crit|p1a: Torkoal
|-damage|p1a: Torkoal|65/100
|-hitcount|p1a: Torkoal|3
|
|-weather|SunnyDay|[upkeep]
|upkeep
|turn|28
|
|t:|1664866766
|switch|p2a: Tyranitar|Tyranitar, F|74/100
|-weather|Sandstorm|[from] ability: Sand Stream|[of] p2a: Tyranitar
|move|p1a: Torkoal|Body Press|p2a: Tyranitar
|-supereffective|p2a: Tyranitar
|-damage|p2a: Tyranitar|0 fnt
|faint|p2a: Tyranitar
|
|-weather|Sandstorm|[upkeep]
|-damage|p1a: Torkoal|59/100|[from] Sandstorm
|upkeep
|
|t:|1664866773
|switch|p2a: Urshifu|Urshifu-Rapid-Strike, M|89/100
|turn|29
|
|t:|1664866782
|switch|p1a: Landorus|Landorus-Therian, M|76/100
|-ability|p1a: Landorus|Intimidate|boost
|-unboost|p2a: Urshifu|atk|1
|move|p2a: Urshifu|Surging Strikes|p1a: Landorus
|-supereffective|p1a: Landorus
|-crit|p1a: Landorus
|-damage|p1a: Landorus|38/100
|-supereffective|p1a: Landorus
|-crit|p1a: Landorus
|-damage|p1a: Landorus|1/100
|-supereffective|p1a: Landorus
|-crit|p1a: Landorus
|-damage|p1a: Landorus|0 fnt
|faint|p1a: Landorus
|-hitcount|p1: Landorus|3
|
|-weather|Sandstorm|[upkeep]
|-damage|p2a: Urshifu|83/100|[from] Sandstorm
|upkeep
|
|t:|1664866784
|switch|p1a: Torkoal|Torkoal, F|59/100
|-weather|SunnyDay|[from] ability: Drought|[of] p1a: Torkoal
|turn|30
|
|t:|1664866791
|switch|p2a: Ferrothorn|Ferrothorn, F|24/100
|move|p1a: Torkoal|Body Press|p2a: Ferrothorn
|-supereffective|p2a: Ferrothorn
|-damage|p2a: Ferrothorn|0 fnt
|-damage|p1a: Torkoal|46/100|[from] ability: Iron Barbs|[of] p2a: Ferrothorn
|faint|p2a: Ferrothorn
|
|-weather|SunnyDay|[upkeep]
|upkeep
|
|t:|1664866792
|switch|p2a: Excadrill|Excadrill, M|100/100
|turn|31
|
|t:|1664866796
|move|p2a: Excadrill|Earthquake|p1a: Torkoal
|-supereffective|p1a: Torkoal
|-damage|p1a: Torkoal|0 fnt
|faint|p1a: Torkoal
|
|-weather|SunnyDay|[upkeep]
|upkeep
|
|t:|1664866799
|switch|p1a: Shiftry|Shiftry, F|41/100
|turn|32
|j| Kyurem
|
|t:|1664866803
|move|p1a: Shiftry|Solar Blade||[still]
|-prepare|p1a: Shiftry|Solar Blade
|-anim|p1a: Shiftry|Solar Blade|p2a: Excadrill
|-damage|p2a: Excadrill|0 fnt
|faint|p2a: Excadrill
|-damage|p1a: Shiftry|31/100|[from] item: Life Orb
|
|-weather|SunnyDay|[upkeep]
|upkeep
|
|t:|1664866807
|switch|p2a: Urshifu|Urshifu-Rapid-Strike, M|83/100
|turn|33
|
|t:|1664866811
|move|p1a: Shiftry|Solar Blade||[still]
|-prepare|p1a: Shiftry|Solar Blade
|-anim|p1a: Shiftry|Solar Blade|p2a: Urshifu
|-supereffective|p2a: Urshifu
|-damage|p2a: Urshifu|0 fnt
|faint|p2a: Urshifu
|-damage|p1a: Shiftry|21/100|[from] item: Life Orb
|
|win|relapxh
|raw|relapxh's rating: 1529 &rarr; <strong>1552</strong><br />(+23 for winning)
|raw|maxinyuuu's rating: 1589 &rarr; <strong>1566</strong><br />(-23 for losing)
|l|☆maxinyuuu
