|j|☆ayevon
|j|☆jawabarat
|t:|1649957471
|gametype|singles
|player|p1|ayevon|101|1862
|player|p2|jawabarat|artist-gen4|1911
|teamsize|p1|6
|teamsize|p2|6
|gen|8
|tier|[Gen 8] OU
|rated|
|rule|Sleep Clause Mod: Limit one foe put to sleep
|rule|Species Clause: Limit one of each Pokémon
|rule|OHKO Clause: OHKO moves are banned
|rule|Evasion Moves Clause: Evasion moves are banned
|rule|Endless Battle Clause: Forcing endless battles is banned
|rule|HP Percentage Mod: HP is shown in percentages
|rule|Dynamax Clause: You cannot dynamax
|clearpoke
|poke|p1|Slowking, M|
|poke|p1|Buzzwole|
|poke|p1|Ferrothorn, M|
|poke|p1|Tapu Koko|
|poke|p1|Landorus-Therian, M|
|poke|p1|Tyranitar, M|
|poke|p2|Kartana|
|poke|p2|Weavile, F|
|poke|p2|Dragapult, M|
|poke|p2|Volcanion|
|poke|p2|Landorus-Therian, M|
|poke|p2|Melmetal|
|teampreview
|inactive|Battle timer is ON: inactive players will automatically lose when time's up. (requested by ayevon)
|c|☆jawabarat|hf
|c|☆ayevon|hf
|
|t:|1649957496
|start
|switch|p1a: Landorus|Landorus-Therian, M|100/100
|switch|p2a: EYVEL|Volcanion|100/100
|-ability|p1a: Landorus|Intimidate|boost
|-unboost|p2a: EYVEL|atk|1
|turn|1
|j| Realmerc
|
|t:|1649957500
|switch|p2a: PUGI|Weavile, F|100/100
|-ability|p2a: PUGI|Pressure
|switch|p1a: Slowking|Slowking, M|100/100
|
|upkeep
|turn|2
|
|t:|1649957507
|switch|p1a: Buzzwole|Buzzwole|100/100
|move|p2a: PUGI|Knock Off|p1a: Buzzwole
|-resisted|p1a: Buzzwole
|-damage|p1a: Buzzwole|76/100
|-enditem|p1a: Buzzwole|Heavy-Duty Boots|[from] move: Knock Off|[of] p2a: PUGI
|
|upkeep
|turn|3
|
|t:|1649957523
|switch|p2a: FOG OF WAR|Dragapult, M|100/100
|move|p1a: Buzzwole|Roost|p1a: Buzzwole
|-heal|p1a: Buzzwole|100/100
|-singleturn|p1a: Buzzwole|move: Roost
|
|upkeep
|turn|4
|
|t:|1649957530
|switch|p1a: Landorus|Landorus-Therian, M|100/100
|-ability|p1a: Landorus|Intimidate|boost
|-fail|p2a: FOG OF WAR|unboost|[from] ability: Clear Body|[of] p2a: FOG OF WAR
|move|p2a: FOG OF WAR|U-turn|p1a: Landorus
|-resisted|p1a: Landorus
|-damage|p1a: Landorus|84/100
|
|t:|1649957545
|switch|p2a: PUGI|Weavile, F|100/100|[from]move: U-turn
|-ability|p2a: PUGI|Pressure
|
|-heal|p1a: Landorus|90/100|[from] item: Leftovers
|upkeep
|turn|5
|
|t:|1649957554
|switch|p1a: Ferrothorn|Ferrothorn, M|100/100
|move|p2a: PUGI|Beat Up|p1a: Ferrothorn
|-damage|p1a: Ferrothorn|93/100
|-damage|p1a: Ferrothorn|85/100
|-damage|p1a: Ferrothorn|77/100
|-damage|p1a: Ferrothorn|68/100
|-damage|p1a: Ferrothorn|60/100
|-crit|p1a: Ferrothorn
|-damage|p1a: Ferrothorn|47/100
|-hitcount|p1a: Ferrothorn|6
|
|-heal|p1a: Ferrothorn|53/100|[from] item: Leftovers
|upkeep
|turn|6
|
|t:|1649957566
|move|p2a: PUGI|Beat Up|p1a: Ferrothorn
|-damage|p1a: Ferrothorn|46/100
|-damage|p1a: Ferrothorn|38/100
|-crit|p1a: Ferrothorn
|-damage|p1a: Ferrothorn|27/100
|-damage|p1a: Ferrothorn|18/100
|-damage|p1a: Ferrothorn|9/100
|-damage|p1a: Ferrothorn|1/100
|-hitcount|p1a: Ferrothorn|6
|move|p1a: Ferrothorn|Stealth Rock|p2a: PUGI
|-sidestart|p2: jawabarat|move: Stealth Rock
|
|-heal|p1a: Ferrothorn|7/100|[from] item: Leftovers
|upkeep
|turn|7
|
|t:|1649957578
|switch|p1a: Tyranitar|Tyranitar, M|100/100
|-weather|Sandstorm|[from] ability: Sand Stream|[of] p1a: Tyranitar
|move|p2a: PUGI|Beat Up|p1a: Tyranitar
|-resisted|p1a: Tyranitar
|-damage|p1a: Tyranitar|94/100
|-resisted|p1a: Tyranitar
|-damage|p1a: Tyranitar|88/100
|-resisted|p1a: Tyranitar
|-damage|p1a: Tyranitar|82/100
|-resisted|p1a: Tyranitar
|-damage|p1a: Tyranitar|74/100
|-resisted|p1a: Tyranitar
|-damage|p1a: Tyranitar|67/100
|-resisted|p1a: Tyranitar
|-damage|p1a: Tyranitar|61/100
|-hitcount|p1a: Tyranitar|6
|
|-weather|Sandstorm|[upkeep]
|-damage|p2a: PUGI|94/100|[from] Sandstorm
|upkeep
|turn|8
|
|t:|1649957594
|switch|p2a: DAGDA|Melmetal|100/100
|-damage|p2a: DAGDA|94/100|[from] Stealth Rock
|move|p1a: Tyranitar|Crunch|p2a: DAGDA
|-damage|p2a: DAGDA|58/100
|
|-weather|Sandstorm|[upkeep]
|upkeep
|turn|9
|
|t:|1649957604
|move|p1a: Tyranitar|Crunch|p2a: DAGDA
|-damage|p2a: DAGDA|22/100
|move|p2a: DAGDA|Double Iron Bash|p1a: Tyranitar
|-supereffective|p1a: Tyranitar
|-damage|p1a: Tyranitar|0 fnt
|faint|p1a: Tyranitar
|-hitcount|p1: Tyranitar|1
|
|-weather|Sandstorm|[upkeep]
|upkeep
|
|t:|1649957607
|switch|p1a: Tapu Koko|Tapu Koko|100/100
|-fieldstart|move: Electric Terrain|[from] ability: Electric Surge|[of] p1a: Tapu Koko
|turn|10
|
|t:|1649957619
|move|p1a: Tapu Koko|Thunderbolt|p2a: DAGDA
|-damage|p2a: DAGDA|0 fnt
|faint|p2a: DAGDA
|
|-weather|Sandstorm|[upkeep]
|-damage|p1a: Tapu Koko|94/100|[from] Sandstorm
|upkeep
|
|t:|1649957624
|switch|p2a: LEADERSHIP STARS|Landorus-Therian, M|100/100
|-damage|p2a: LEADERSHIP STARS|88/100|[from] Stealth Rock
|-ability|p2a: LEADERSHIP STARS|Intimidate|boost
|-unboost|p1a: Tapu Koko|atk|1
|turn|11
|
|t:|1649957626
|move|p1a: Tapu Koko|Dazzling Gleam|p2a: LEADERSHIP STARS
|-damage|p2a: LEADERSHIP STARS|62/100
|move|p2a: LEADERSHIP STARS|Stealth Rock|p1a: Tapu Koko
|-sidestart|p1: ayevon|move: Stealth Rock
|
|-weather|none
|-heal|p2a: LEADERSHIP STARS|68/100|[from] item: Leftovers
|upkeep
|turn|12
|
|t:|1649957632
|switch|p1a: Landorus|Landorus-Therian, M|90/100
|-damage|p1a: Landorus|78/100|[from] Stealth Rock
|-ability|p1a: Landorus|Intimidate|boost
|-unboost|p2a: LEADERSHIP STARS|atk|1
|move|p2a: LEADERSHIP STARS|Toxic|p1a: Landorus
|-status|p1a: Landorus|tox
|
|-heal|p2a: LEADERSHIP STARS|74/100|[from] item: Leftovers
|-heal|p1a: Landorus|84/100 tox|[from] item: Leftovers
|-damage|p1a: Landorus|78/100 tox|[from] psn
|upkeep
|turn|13
|l| Realmerc
|
|t:|1649957645
|switch|p2a: EYVEL|Volcanion|100/100
|move|p1a: Landorus|Toxic|p2a: EYVEL
|-status|p2a: EYVEL|tox
|
|-heal|p1a: Landorus|84/100 tox|[from] item: Leftovers
|-damage|p2a: EYVEL|95/100 tox|[from] psn
|-damage|p1a: Landorus|72/100 tox|[from] psn
|upkeep
|turn|14
|j| Electronno
|j| coeur de le ciel
|j| Realmerc
|
|t:|1649957661
|switch|p2a: LEADERSHIP STARS|Landorus-Therian, M|74/100
|-damage|p2a: LEADERSHIP STARS|62/100|[from] Stealth Rock
|-ability|p2a: LEADERSHIP STARS|Intimidate|boost
|-unboost|p1a: Landorus|atk|1
|move|p1a: Landorus|U-turn|p2a: LEADERSHIP STARS
|-resisted|p2a: LEADERSHIP STARS
|-damage|p2a: LEADERSHIP STARS|54/100
|
|t:|1649957665
|switch|p1a: Slowking|Slowking, M|100/100|[from]move: U-turn
|
|-heal|p2a: LEADERSHIP STARS|60/100|[from] item: Leftovers
|-fieldend|move: Electric Terrain
|upkeep
|turn|15
|l| Realmerc
|
|t:|1649957677
|move|p2a: LEADERSHIP STARS|Toxic|p1a: Slowking
|-status|p1a: Slowking|tox
|move|p1a: Slowking|Scald|p2a: LEADERSHIP STARS
|-supereffective|p2a: LEADERSHIP STARS
|-damage|p2a: LEADERSHIP STARS|20/100
|
|-heal|p2a: LEADERSHIP STARS|26/100|[from] item: Leftovers
|-damage|p1a: Slowking|94/100 tox|[from] psn
|upkeep
|turn|16
|
|t:|1649957682
|move|p2a: LEADERSHIP STARS|U-turn|p1a: Slowking
|-supereffective|p1a: Slowking
|-damage|p1a: Slowking|45/100 tox
|
|t:|1649957685
|switch|p2a: EYVEL|Volcanion|95/100 tox|[from]move: U-turn
|move|p1a: Slowking|Teleport|p1a: Slowking
|
|t:|1649957687
|switch|p1a: Tapu Koko|Tapu Koko|94/100|[from]move: Teleport
|-fieldstart|move: Electric Terrain|[from] ability: Electric Surge|[of] p1a: Tapu Koko
|
|-damage|p2a: EYVEL|89/100 tox|[from] psn
|upkeep
|turn|17
|
|t:|1649957701
|move|p1a: Tapu Koko|Thunderbolt|p2a: EYVEL
|-supereffective|p2a: EYVEL
|-damage|p2a: EYVEL|0 fnt
|faint|p2a: EYVEL
|
|upkeep
|
|t:|1649957711
|switch|p2a: FOG OF WAR|Dragapult, M|100/100
|-damage|p2a: FOG OF WAR|88/100|[from] Stealth Rock
|turn|18
|
|t:|1649957717
|move|p2a: FOG OF WAR|U-turn|p1a: Tapu Koko
|-resisted|p1a: Tapu Koko
|-damage|p1a: Tapu Koko|72/100
|
|t:|1649957721
|switch|p2a: MARTY PARTY|Kartana|100/100|[from]move: U-turn
|-damage|p2a: MARTY PARTY|94/100|[from] Stealth Rock
|move|p1a: Tapu Koko|Dazzling Gleam|p2a: MARTY PARTY
|-resisted|p2a: MARTY PARTY
|-damage|p2a: MARTY PARTY|38/100
|
|upkeep
|turn|19
|
|t:|1649957728
|switch|p1a: Buzzwole|Buzzwole|100/100
|-damage|p1a: Buzzwole|88/100|[from] Stealth Rock
|move|p2a: MARTY PARTY|Leaf Blade|p1a: Buzzwole
|-resisted|p1a: Buzzwole
|-damage|p1a: Buzzwole|68/100
|
|upkeep
|turn|20
|
|t:|1649957740
|switch|p2a: FOG OF WAR|Dragapult, M|88/100
|-damage|p2a: FOG OF WAR|76/100|[from] Stealth Rock
|move|p1a: Buzzwole|Earthquake|p2a: FOG OF WAR
|-damage|p2a: FOG OF WAR|14/100
|
|-fieldend|move: Electric Terrain
|upkeep
|turn|21
|
|t:|1649957751
|switch|p1a: Slowking|Slowking, M|78/100 tox
|move|p2a: FOG OF WAR|Dragon Darts|p1a: Slowking
|-damage|p1a: Slowking|42/100 tox
|-anim|p2a: FOG OF WAR|Dragon Darts|p1a: Slowking
|-damage|p1a: Slowking|7/100 tox
|
|-damage|p1a: Slowking|0 fnt|[from] psn
|faint|p1a: Slowking
|upkeep
|
|t:|1649957753
|switch|p1a: Tapu Koko|Tapu Koko|72/100
|-fieldstart|move: Electric Terrain|[from] ability: Electric Surge|[of] p1a: Tapu Koko
|turn|22
|
|t:|1649957763
|switch|p2a: LEADERSHIP STARS|Landorus-Therian, M|26/100
|-damage|p2a: LEADERSHIP STARS|13/100|[from] Stealth Rock
|-ability|p2a: LEADERSHIP STARS|Intimidate|boost
|-unboost|p1a: Tapu Koko|atk|1
|move|p1a: Tapu Koko|Dazzling Gleam|p2a: LEADERSHIP STARS
|-damage|p2a: LEADERSHIP STARS|0 fnt
|faint|p2a: LEADERSHIP STARS
|
|upkeep
|
|t:|1649957768
|switch|p2a: MARTY PARTY|Kartana|38/100
|-damage|p2a: MARTY PARTY|31/100|[from] Stealth Rock
|turn|23
|
|t:|1649957772
|switch|p1a: Ferrothorn|Ferrothorn, M|7/100
|-damage|p1a: Ferrothorn|1/100|[from] Stealth Rock
|move|p2a: MARTY PARTY|Smart Strike|p1a: Ferrothorn
|-resisted|p1a: Ferrothorn
|-damage|p1a: Ferrothorn|0 fnt
|-damage|p2a: MARTY PARTY|19/100|[from] ability: Iron Barbs|[of] p1a: Ferrothorn
|faint|p1a: Ferrothorn
|-ability|p2a: MARTY PARTY|Beast Boost|boost
|-boost|p2a: MARTY PARTY|atk|1
|
|upkeep
|
|t:|1649957776
|switch|p1a: Buzzwole|Buzzwole|68/100
|-damage|p1a: Buzzwole|56/100|[from] Stealth Rock
|turn|24
|
|t:|1649957789
|move|p2a: MARTY PARTY|Smart Strike|p1a: Buzzwole
|-damage|p1a: Buzzwole|7/100
|move|p1a: Buzzwole|Roost|p1a: Buzzwole
|-heal|p1a: Buzzwole|57/100
|-singleturn|p1a: Buzzwole|move: Roost
|
|upkeep
|turn|25
|
|t:|1649957794
|move|p2a: MARTY PARTY|Smart Strike|p1a: Buzzwole
|-damage|p1a: Buzzwole|7/100
|move|p1a: Buzzwole|Roost|p1a: Buzzwole
|-heal|p1a: Buzzwole|57/100
|-singleturn|p1a: Buzzwole|move: Roost
|
|upkeep
|turn|26
|
|t:|1649957798
|move|p2a: MARTY PARTY|Smart Strike|p1a: Buzzwole
|-damage|p1a: Buzzwole|9/100
|move|p1a: Buzzwole|Earthquake|p2a: MARTY PARTY
|-damage|p2a: MARTY PARTY|0 fnt
|faint|p2a: MARTY PARTY
|-ability|p1a: Buzzwole|Beast Boost|boost
|-boost|p1a: Buzzwole|atk|1
|
|-fieldend|move: Electric Terrain
|upkeep
|inactive|jawabarat has 120 seconds left.
|j| PandoraHeartsGirl
|
|t:|1649957856
|switch|p2a: PUGI|Weavile, F|94/100
|-damage|p2a: PUGI|70/100|[from] Stealth Rock
|-ability|p2a: PUGI|Pressure
|turn|27
|
|t:|1649957861
|move|p2a: PUGI|Ice Shard|p1a: Buzzwole
|-damage|p1a: Buzzwole|0 fnt
|faint|p1a: Buzzwole
|
|upkeep
|
|t:|1649957864
|switch|p1a: Tapu Koko|Tapu Koko|72/100
|-fieldstart|move: Electric Terrain|[from] ability: Electric Surge|[of] p1a: Tapu Koko
|turn|28
|
|t:|1649957879
|move|p2a: PUGI|Ice Shard|p1a: Tapu Koko
|-damage|p1a: Tapu Koko|33/100
|move|p1a: Tapu Koko|Roost|p1a: Tapu Koko
|-heal|p1a: Tapu Koko|83/100
|-singleturn|p1a: Tapu Koko|move: Roost
|
|upkeep
|turn|29
|
|t:|1649957883
|move|p2a: PUGI|Ice Shard|p1a: Tapu Koko
|-damage|p1a: Tapu Koko|42/100
|move|p1a: Tapu Koko|Roost|p1a: Tapu Koko
|-heal|p1a: Tapu Koko|93/100
|-singleturn|p1a: Tapu Koko|move: Roost
|
|upkeep
|turn|30
|
|t:|1649957887
|move|p2a: PUGI|Ice Shard|p1a: Tapu Koko
|-damage|p1a: Tapu Koko|51/100
|move|p1a: Tapu Koko|Roost|p1a: Tapu Koko
|-heal|p1a: Tapu Koko|100/100
|-singleturn|p1a: Tapu Koko|move: Roost
|
|upkeep
|turn|31
|
|t:|1649957890
|move|p2a: PUGI|Ice Shard|p1a: Tapu Koko
|-damage|p1a: Tapu Koko|62/100
|move|p1a: Tapu Koko|Dazzling Gleam|p2a: PUGI
|-supereffective|p2a: PUGI
|-damage|p2a: PUGI|0 fnt
|faint|p2a: PUGI
|
|upkeep
|
|t:|1649957893
|switch|p2a: FOG OF WAR|Dragapult, M|14/100
|-damage|p2a: FOG OF WAR|2/100|[from] Stealth Rock
|turn|32
|
|t:|1649957896
|move|p2a: FOG OF WAR|Phantom Force||[still]
|-prepare|p2a: FOG OF WAR|Phantom Force
|move|p1a: Tapu Koko|Dazzling Gleam|p2a: FOG OF WAR|[miss]
|-miss|p1a: Tapu Koko|p2a: FOG OF WAR
|
|-fieldend|move: Electric Terrain
|upkeep
|turn|33
|
|t:|1649957900
|move|p2a: FOG OF WAR|Phantom Force|p1a: Tapu Koko|[from]lockedmove
|-damage|p1a: Tapu Koko|0 fnt
|faint|p1a: Tapu Koko
|
|upkeep
|
|t:|1649957902
|switch|p1a: Landorus|Landorus-Therian, M|72/100 tox
|-damage|p1a: Landorus|59/100 tox|[from] Stealth Rock
|-ability|p1a: Landorus|Intimidate|boost
|-fail|p2a: FOG OF WAR|unboost|[from] ability: Clear Body|[of] p2a: FOG OF WAR
|turn|34
|
|t:|1649957907
|move|p2a: FOG OF WAR|Phantom Force||[still]
|-prepare|p2a: FOG OF WAR|Phantom Force
|move|p1a: Landorus|Earthquake|p2a: FOG OF WAR|[miss]
|-miss|p1a: Landorus|p2a: FOG OF WAR
|
|-heal|p1a: Landorus|65/100 tox|[from] item: Leftovers
|-damage|p1a: Landorus|59/100 tox|[from] psn
|upkeep
|turn|35
|
|t:|1649957913
|move|p2a: FOG OF WAR|Phantom Force|p1a: Landorus|[from]lockedmove
|-damage|p1a: Landorus|0 fnt
|faint|p1a: Landorus
|
|win|jawabarat
|raw|ayevon's rating: 1862 &rarr; <strong>1845</strong><br />(-17 for losing)
|raw|jawabarat's rating: 1911 &rarr; <strong>1928</strong><br />(+17 for winning)
|l|☆ayevon
|l| coeur de le ciel
|c|☆jawabarat|gg
