|j|☆dmt dreams
|j|☆Etamine
|inactive|Battle timer is ON: inactive players will automatically lose when time's up.
|t:|1664190503
|gametype|singles
|player|p1|dmt dreams|gambler-gen1|
|player|p2|Etamine|mina|
|teamsize|p1|6
|teamsize|p2|6
|gen|8
|tier|[Gen 8] OU
|rated|Tournament battle
|rule|Sleep Clause Mod: Limit one foe put to sleep
|rule|Species Clause: Limit one of each Pokémon
|rule|OHKO Clause: OHKO moves are banned
|rule|Evasion Items Clause: Evasion items are banned
|rule|Evasion Moves Clause: Evasion moves are banned
|rule|Endless Battle Clause: Forcing endless battles is banned
|rule|HP Percentage Mod: HP is shown in percentages
|rule|Dynamax Clause: You cannot dynamax
|clearpoke
|poke|p1|Landorus-Therian, M|
|poke|p1|Pelipper, F|
|poke|p1|Omastar, M|
|poke|p1|Nihilego|
|poke|p1|Tornadus-Therian, M|
|poke|p1|Ferrothorn, M|
|poke|p2|Pelipper, M|
|poke|p2|Barraskewda, M|
|poke|p2|Thundurus-Therian, M|
|poke|p2|Seismitoad, M|
|poke|p2|Ferrothorn, M|
|poke|p2|Dragalge, M|
|teampreview
|inactive|dmt dreams also wants the timer to be on.
|c|☆Etamine|Aaaaauuuuuuggh
|j| TheNewBrends11
|inactive|dmt dreams has 120 seconds left.
|j| Mreow2
|inactive|dmt dreams has 90 seconds left.
|
|t:|1664190565
|start
|switch|p1a: Landorus|Landorus-Therian, M, shiny|100/100
|switch|p2a: Pelipper|Pelipper, M, shiny|100/100
|-ability|p1a: Landorus|Intimidate|boost
|-unboost|p2a: Pelipper|atk|1
|-weather|RainDance|[from] ability: Drizzle|[of] p2a: Pelipper
|turn|1
|
|t:|1664190574
|switch|p1a: Ferrothorn|Ferrothorn, M, shiny|100/100
|move|p2a: Pelipper|Scald|p1a: Ferrothorn
|-resisted|p1a: Ferrothorn
|-damage|p1a: Ferrothorn|85/100
|
|-weather|RainDance|[upkeep]
|upkeep
|turn|2
|
|t:|1664190579
|switch|p2a: Ferrothorn|Ferrothorn, M, shiny|100/100
|move|p1a: Ferrothorn|Spikes|p2a: Ferrothorn
|-sidestart|p2: Etamine|Spikes
|
|-weather|RainDance|[upkeep]
|upkeep
|turn|3
|
|t:|1664190584
|move|p2a: Ferrothorn|Stealth Rock|p1a: Ferrothorn
|-sidestart|p1: dmt dreams|move: Stealth Rock
|move|p1a: Ferrothorn|Body Press|p2a: Ferrothorn
|-supereffective|p2a: Ferrothorn
|-damage|p2a: Ferrothorn|56/100
|-damage|p1a: Ferrothorn|73/100|[from] ability: Iron Barbs|[of] p2a: Ferrothorn
|
|-weather|RainDance|[upkeep]
|-heal|p2a: Ferrothorn|62/100|[from] item: Leftovers
|upkeep
|turn|4
|
|t:|1664190590
|switch|p1a: Landorus|Landorus-Therian, M, shiny|100/100
|-damage|p1a: Landorus|88/100|[from] Stealth Rock
|-ability|p1a: Landorus|Intimidate|boost
|-unboost|p2a: Ferrothorn|atk|1
|move|p2a: Ferrothorn|Body Press|p1a: Landorus
|-resisted|p1a: Landorus
|-damage|p1a: Landorus|77/100
|
|-weather|RainDance|[upkeep]
|-heal|p1a: Landorus|83/100|[from] item: Leftovers
|-heal|p2a: Ferrothorn|69/100|[from] item: Leftovers
|upkeep
|turn|5
|
|t:|1664190594
|move|p1a: Landorus|Knock Off|p2a: Ferrothorn
|-damage|p2a: Ferrothorn|45/100
|-damage|p1a: Landorus|71/100|[from] ability: Iron Barbs|[of] p2a: Ferrothorn
|-enditem|p2a: Ferrothorn|Leftovers|[from] move: Knock Off|[of] p1a: Landorus
|move|p2a: Ferrothorn|Leech Seed|p1a: Landorus
|-start|p1a: Landorus|move: Leech Seed
|
|-weather|RainDance|[upkeep]
|-heal|p1a: Landorus|77/100|[from] item: Leftovers
|-damage|p1a: Landorus|64/100|[from] Leech Seed|[of] p2a: Ferrothorn
|-heal|p2a: Ferrothorn|58/100|[silent]
|upkeep
|turn|6
|
|t:|1664190597
|move|p1a: Landorus|Stealth Rock|p2a: Ferrothorn
|-sidestart|p2: Etamine|move: Stealth Rock
|move|p2a: Ferrothorn|Stealth Rock||[still]
|-fail|p2a: Ferrothorn
|
|-weather|RainDance|[upkeep]
|-heal|p1a: Landorus|70/100|[from] item: Leftovers
|-damage|p1a: Landorus|58/100|[from] Leech Seed|[of] p2a: Ferrothorn
|-heal|p2a: Ferrothorn|71/100|[silent]
|upkeep
|turn|7
|
|t:|1664190601
|move|p1a: Landorus|Earthquake|p2a: Ferrothorn
|-damage|p2a: Ferrothorn|35/100
|move|p2a: Ferrothorn|Knock Off|p1a: Landorus
|-damage|p1a: Landorus|44/100
|-enditem|p1a: Landorus|Leftovers|[from] move: Knock Off|[of] p2a: Ferrothorn
|
|-weather|RainDance|[upkeep]
|-damage|p1a: Landorus|32/100|[from] Leech Seed|[of] p2a: Ferrothorn
|-heal|p2a: Ferrothorn|48/100|[silent]
|upkeep
|turn|8
|
|t:|1664190604
|move|p1a: Landorus|Earthquake|p2a: Ferrothorn
|-damage|p2a: Ferrothorn|14/100
|move|p2a: Ferrothorn|Body Press|p1a: Landorus
|-resisted|p1a: Landorus
|-damage|p1a: Landorus|20/100
|
|-weather|none
|-damage|p1a: Landorus|8/100|[from] Leech Seed|[of] p2a: Ferrothorn
|-heal|p2a: Ferrothorn|27/100|[silent]
|upkeep
|turn|9
|
|t:|1664190607
|move|p1a: Landorus|Earthquake|p2a: Ferrothorn
|-damage|p2a: Ferrothorn|0 fnt
|faint|p2a: Ferrothorn
|
|upkeep
|
|t:|1664190612
|switch|p2a: Pelipper|Pelipper, M, shiny|100/100
|-damage|p2a: Pelipper|76/100|[from] Stealth Rock
|-weather|RainDance|[from] ability: Drizzle|[of] p2a: Pelipper
|turn|10
|
|t:|1664190614
|move|p1a: Landorus|Knock Off|p2a: Pelipper
|-damage|p2a: Pelipper|52/100
|-enditem|p2a: Pelipper|Damp Rock|[from] move: Knock Off|[of] p1a: Landorus
|move|p2a: Pelipper|Defog|p1a: Landorus
|-unboost|p1a: Landorus|evasion|1
|-sideend|p1: dmt dreams|Stealth Rock|[from] move: Defog|[of] p2a: Pelipper
|-sideend|p2: Etamine|Spikes|[from] move: Defog|[of] p2a: Pelipper
|-sideend|p2: Etamine|Stealth Rock|[from] move: Defog|[of] p2a: Pelipper
|
|-weather|RainDance|[upkeep]
|-damage|p1a: Landorus|0 fnt|[from] Leech Seed|[of] p2a: Pelipper
|-heal|p2a: Pelipper|61/100|[silent]
|faint|p1a: Landorus
|upkeep
|
|t:|1664190624
|switch|p1a: Ferrothorn|Ferrothorn, M, shiny|73/100
|turn|11
|
|t:|1664190631
|switch|p2a: Barraskewda|Barraskewda, M, shiny|100/100
|move|p1a: Ferrothorn|Spikes|p2a: Barraskewda
|-sidestart|p2: Etamine|Spikes
|
|-weather|RainDance|[upkeep]
|upkeep
|turn|12
|
|t:|1664190640
|move|p2a: Barraskewda|Flip Turn|p1a: Ferrothorn
|-resisted|p1a: Ferrothorn
|-damage|p1a: Ferrothorn|53/100
|-damage|p2a: Barraskewda|88/100|[from] ability: Iron Barbs|[of] p1a: Ferrothorn
|
|t:|1664190646
|switch|p2a: Seismitoad|Seismitoad, M, shiny|100/100|[from]move: Flip Turn
|-damage|p2a: Seismitoad|88/100|[from] Spikes
|move|p1a: Ferrothorn|Body Press|p2a: Seismitoad
|-damage|p2a: Seismitoad|45/100
|
|-weather|RainDance|[upkeep]
|upkeep
|turn|13
|
|t:|1664190652
|move|p2a: Seismitoad|Earth Power|p1a: Ferrothorn
|-damage|p1a: Ferrothorn|10/100
|-damage|p2a: Seismitoad|35/100|[from] item: Life Orb
|move|p1a: Ferrothorn|Body Press|p2a: Seismitoad
|-damage|p2a: Seismitoad|0 fnt
|faint|p2a: Seismitoad
|
|-weather|RainDance|[upkeep]
|upkeep
|
|t:|1664190656
|switch|p2a: Barraskewda|Barraskewda, M, shiny|88/100
|-damage|p2a: Barraskewda|76/100|[from] Spikes
|turn|14
|
|t:|1664190661
|move|p2a: Barraskewda|Liquidation|p1a: Ferrothorn
|-resisted|p1a: Ferrothorn
|-damage|p1a: Ferrothorn|0 fnt
|-damage|p2a: Barraskewda|64/100|[from] ability: Iron Barbs|[of] p1a: Ferrothorn
|faint|p1a: Ferrothorn
|
|-weather|RainDance|[upkeep]
|upkeep
|
|t:|1664190664
|switch|p1a: Pelipper|Pelipper, F, shiny|100/100
|turn|15
|
|t:|1664190670
|switch|p2a: Thundurus|Thundurus-Therian, M|100/100
|move|p1a: Pelipper|Weather Ball|p2a: Thundurus
|-damage|p2a: Thundurus|0 fnt
|faint|p2a: Thundurus
|
|-weather|RainDance|[upkeep]
|upkeep
|c| TheNewBrends11|wow
|
|t:|1664190678
|switch|p2a: Dragalge|Dragalge, M|100/100
|-damage|p2a: Dragalge|88/100|[from] Spikes
|turn|16
|c| TheNewBrends11|i didn't know that pelican was strong
|
|t:|1664190682
|switch|p1a: Nihilego|Nihilego, shiny|100/100
|move|p2a: Dragalge|Draco Meteor|p1a: Nihilego
|-damage|p1a: Nihilego|20/100
|-unboost|p2a: Dragalge|spa|2
|
|-weather|RainDance|[upkeep]
|upkeep
|turn|17
|c|☆dmt dreams|with specs yes it is
|
|t:|1664190693
|move|p1a: Nihilego|Meteor Beam||[still]
|-prepare|p1a: Nihilego|Meteor Beam
|-boost|p1a: Nihilego|spa|1
|-enditem|p1a: Nihilego|Power Herb
|-anim|p1a: Nihilego|Meteor Beam|p2a: Dragalge
|-damage|p2a: Dragalge|6/100
|move|p2a: Dragalge|Draco Meteor|p1a: Nihilego
|-damage|p1a: Nihilego|0 fnt
|-unboost|p2a: Dragalge|spa|2
|faint|p1a: Nihilego
|
|-weather|none
|upkeep
|
|t:|1664190702
|switch|p1a: Omastar|Omastar, M, shiny|100/100
|turn|18
|
|t:|1664190705
|switch|p2a: Pelipper|Pelipper, M, shiny|61/100
|-weather|RainDance|[from] ability: Drizzle|[of] p2a: Pelipper
|move|p1a: Omastar|Shell Smash|p1a: Omastar
|-unboost|p1a: Omastar|def|1
|-unboost|p1a: Omastar|spd|1
|-boost|p1a: Omastar|atk|2
|-boost|p1a: Omastar|spa|2
|-boost|p1a: Omastar|spe|2
|
|-weather|RainDance|[upkeep]
|upkeep
|turn|19
|
|t:|1664190708
|move|p1a: Omastar|Surf|p2a: Pelipper
|-resisted|p2a: Pelipper
|-damage|p2a: Pelipper|0 fnt
|faint|p2a: Pelipper
|
|-weather|RainDance|[upkeep]
|upkeep
|
|t:|1664190711
|switch|p2a: Barraskewda|Barraskewda, M, shiny|64/100
|-damage|p2a: Barraskewda|52/100|[from] Spikes
|turn|20
|
|t:|1664190714
|move|p1a: Omastar|Surf|p2a: Barraskewda
|-resisted|p2a: Barraskewda
|-damage|p2a: Barraskewda|0 fnt
|faint|p2a: Barraskewda
|
|-weather|RainDance|[upkeep]
|upkeep
|
|t:|1664190716
|switch|p2a: Dragalge|Dragalge, M|6/100
|-damage|p2a: Dragalge|0 fnt|[from] Spikes
|faint|p2a: Dragalge
|
|win|dmt dreams
|n|☆dmt dreams|dmtdreams
|n|☆Etamine|etamine
|n| TheNewBrends11|thenewbrends11
|n| Mreow2|mreow2
|l|☆Etamine
|l|☆dmt dreams
