|j|☆Lulec8
|j|☆LT82ZW Vaw
|t:|1626111845
|gametype|singles
|player|p1|Lulec8|collector|1000
|player|p2|LT82ZW Vaw|101|1000
|teamsize|p1|6
|teamsize|p2|6
|gen|8
|tier|[Gen 8] OU
|rated|
|rule|Sleep Clause Mod: Limit one foe put to sleep
|rule|Species Clause: Limit one of each Pokémon
|rule|OHKO Clause: OHKO moves are banned
|rule|Evasion Moves Clause: Evasion moves are banned
|rule|Endless Battle Clause: Forcing endless battles is banned
|rule|HP Percentage Mod: HP is shown in percentages
|rule|Dynamax Clause: You cannot dynamax
|clearpoke
|poke|p1|Dracozolt|
|poke|p1|Hippowdon, F|
|poke|p1|Corviknight, F|
|poke|p1|Mandibuzz, F|
|poke|p1|Tapu Koko|
|poke|p1|Kyurem|
|poke|p2|Bisharp, F|
|poke|p2|Cloyster, F|
|poke|p2|Garchomp, M|
|poke|p2|Hawlucha, F|
|poke|p2|Skarmory, M|
|poke|p2|Volcarona, F|
|teampreview
|c|☆LT82ZW Vaw|yooo
|c|☆LT82ZW Vaw|wtf is going on
|c|☆LT82ZW Vaw|???
|
|t:|1626111885
|start
|switch|p1a: Tapu Koko|Tapu Koko|100/100
|switch|p2a: Skarmory|Skarmory, M|100/100
|-fieldstart|move: Electric Terrain|[from] ability: Electric Surge|[of] p1a: Tapu Koko
|turn|1
|
|t:|1626111909
|move|p1a: Tapu Koko|Thunderbolt|p2a: Skarmory
|-supereffective|p2a: Skarmory
|-ability|p2a: Skarmory|Sturdy
|-damage|p2a: Skarmory|1/100
|move|p2a: Skarmory|Stealth Rock|p1a: Tapu Koko
|-sidestart|p1: Lulec8|move: Stealth Rock
|
|upkeep
|turn|2
|c|☆Lulec8|what ?
|-enditem|p2a: Skarmory|Custap Berry|[eat]
|-activate|p2a: Skarmory|item: Custap Berry|[consumed]
|
|t:|1626111923
|move|p2a: Skarmory|Steel Beam|p1a: Tapu Koko
|-damage|p1a: Tapu Koko|40/100
|-damage|p2a: Skarmory|0 fnt|[from] mindblown
|faint|p2a: Skarmory
|move|p1a: Tapu Koko|U-turn|p2: Skarmory|[notarget]
|-fail|p1a: Tapu Koko
|
|upkeep
|c|☆Lulec8|oh nice set
|c|☆LT82ZW Vaw|i'm 1500 ladder
|c|☆LT82ZW Vaw|why am I fighting you
|c|☆LT82ZW Vaw|that's weird
|c|☆Lulec8|i don't know
|c|☆LT82ZW Vaw|god
|c|☆LT82ZW Vaw|showdown is hard lagging ig
|c|☆Lulec8|it tok me time before finding someone
|
|t:|1626111970
|switch|p2a: Volcarona|Volcarona, F|100/100
|turn|3
|c|☆Lulec8|yes
|c|☆LT82ZW Vaw|same
|
|t:|1626111987
|move|p1a: Tapu Koko|U-turn|p2a: Volcarona
|-resisted|p2a: Volcarona
|-damage|p2a: Volcarona|88/100
|
|t:|1626111990
|switch|p1a: Hippowdon|Hippowdon, F|100/100|[from]move: U-turn
|-damage|p1a: Hippowdon|94/100|[from] Stealth Rock
|-weather|Sandstorm|[from] ability: Sand Stream|[of] p1a: Hippowdon
|move|p2a: Volcarona|Quiver Dance|p2a: Volcarona
|-boost|p2a: Volcarona|spa|1
|-boost|p2a: Volcarona|spd|1
|-boost|p2a: Volcarona|spe|1
|
|-weather|Sandstorm|[upkeep]
|-damage|p2a: Volcarona|82/100|[from] Sandstorm
|upkeep
|turn|4
|c|☆LT82ZW Vaw|I don't think this game will even rewarding points
|
|t:|1626112013
|move|p2a: Volcarona|Fire Blast|p1a: Hippowdon
|-damage|p1a: Hippowdon|29/100
|move|p1a: Hippowdon|Toxic|p2a: Volcarona
|-status|p2a: Volcarona|tox
|
|-weather|Sandstorm|[upkeep]
|-damage|p2a: Volcarona|76/100 tox|[from] Sandstorm
|-damage|p2a: Volcarona|70/100 tox|[from] psn
|upkeep
|turn|5
|
|t:|1626112024
|move|p2a: Volcarona|Bug Buzz|p1a: Hippowdon
|-damage|p1a: Hippowdon|0 fnt
|faint|p1a: Hippowdon
|
|-weather|Sandstorm|[upkeep]
|-damage|p2a: Volcarona|64/100 tox|[from] Sandstorm
|-damage|p2a: Volcarona|51/100 tox|[from] psn
|-fieldend|move: Electric Terrain
|upkeep
|
|t:|1626112032
|switch|p1a: Dracozolt|Dracozolt|100/100
|-damage|p1a: Dracozolt|88/100|[from] Stealth Rock
|turn|6
|
|t:|1626112057
|switch|p2a: Bisharp|Bisharp, F|100/100
|move|p1a: Dracozolt|Bolt Beak|p2a: Bisharp
|-damage|p2a: Bisharp|0 fnt
|faint|p2a: Bisharp
|-damage|p1a: Dracozolt|78/100|[from] item: Life Orb
|
|-weather|Sandstorm|[upkeep]
|upkeep
|
|t:|1626112075
|switch|p2a: Cloyster|Cloyster, F|100/100
|turn|7
|c|☆Lulec8|i'm not 100 !
|c|☆LT82ZW Vaw|oh?
|c|☆Lulec8|i'm 1400 lmao, no problem ig
|
|t:|1626112103
|switch|p2a: Garchomp|Garchomp, M|100/100
|move|p1a: Dracozolt|Bolt Beak|p2a: Garchomp
|-immune|p2a: Garchomp
|
|-weather|Sandstorm|[upkeep]
|upkeep
|turn|8
|
|t:|1626112117
|switch|p2a: Volcarona|Volcarona, F|51/100 tox
|move|p1a: Dracozolt|Dragon Claw|p2a: Volcarona
|-damage|p2a: Volcarona|0 fnt
|faint|p2a: Volcarona
|-damage|p1a: Dracozolt|68/100|[from] item: Life Orb
|
|-weather|Sandstorm|[upkeep]
|upkeep
|
|t:|1626112128
|switch|p2a: Garchomp|Garchomp, M|100/100
|turn|9
|c|☆Lulec8|funny thing, i got 2 battles at the same time...
|
|t:|1626112146
|switch|p1a: Mandibuzz|Mandibuzz, F|100/100
|switch|p2a: Cloyster|Cloyster, F|100/100
|
|-weather|Sandstorm|[upkeep]
|-damage|p2a: Cloyster|94/100|[from] Sandstorm
|upkeep
|turn|10
|c|☆LT82ZW Vaw|LOL same
|
|t:|1626112156
|move|p2a: Cloyster|Shell Smash|p2a: Cloyster
|-unboost|p2a: Cloyster|def|1
|-unboost|p2a: Cloyster|spd|1
|-boost|p2a: Cloyster|atk|2
|-boost|p2a: Cloyster|spa|2
|-boost|p2a: Cloyster|spe|2
|move|p1a: Mandibuzz|Foul Play|p2a: Cloyster
|-damage|p2a: Cloyster|0 fnt
|faint|p2a: Cloyster
|
|-weather|none
|upkeep
|c|☆LT82ZW Vaw|tf is happening ahah
|c|☆Lulec8|really weird x)
|
|t:|1626112180
|switch|p2a: Hawlucha|Hawlucha, F|100/100
|turn|11
|c|☆LT82ZW Vaw|yeah I agree with you
|
|t:|1626112206
|move|p2a: Hawlucha|Swords Dance|p2a: Hawlucha
|-boost|p2a: Hawlucha|atk|2
|move|p1a: Mandibuzz|U-turn|p2a: Hawlucha
|-resisted|p2a: Hawlucha
|-damage|p2a: Hawlucha|96/100
|
|t:|1626112219
|switch|p1a: Tapu Koko|Tapu Koko|40/100|[from]move: U-turn
|-fieldstart|move: Electric Terrain|[from] ability: Electric Surge|[of] p1a: Tapu Koko
|
|upkeep
|turn|12
|
|t:|1626112224
|switch|p2a: Garchomp|Garchomp, M|100/100
|move|p1a: Tapu Koko|Thunderbolt|p2a: Garchomp
|-immune|p2a: Garchomp
|
|upkeep
|turn|13
|
|t:|1626112235
|switch|p1a: Mandibuzz|Mandibuzz, F|100/100
|move|p2a: Garchomp|Earthquake|p1a: Mandibuzz
|-immune|p1a: Mandibuzz
|
|upkeep
|turn|14
|
|t:|1626112249
|move|p2a: Garchomp|Scale Shot|p1a: Mandibuzz
|-damage|p1a: Mandibuzz|88/100
|-damage|p1a: Mandibuzz|77/100
|-damage|p1a: Mandibuzz|65/100
|-damage|p1a: Mandibuzz|53/100
|-damage|p1a: Mandibuzz|41/100
|-hitcount|p1a: Mandibuzz|5
|-unboost|p2a: Garchomp|def|1
|-boost|p2a: Garchomp|spe|1
|-damage|p2a: Garchomp|91/100|[from] item: Life Orb
|move|p1a: Mandibuzz|Foul Play|p2a: Garchomp
|-damage|p2a: Garchomp|13/100
|-damage|p1a: Mandibuzz|29/100|[from] ability: Rough Skin|[of] p2a: Garchomp
|
|upkeep
|turn|15
|j| Time kekker
|
|t:|1626112260
|move|p2a: Garchomp|Scale Shot|p1a: Mandibuzz
|-damage|p1a: Mandibuzz|18/100
|-damage|p1a: Mandibuzz|7/100
|-hitcount|p1a: Mandibuzz|2
|-unboost|p2a: Garchomp|def|1
|-boost|p2a: Garchomp|spe|1
|-damage|p2a: Garchomp|4/100|[from] item: Life Orb
|move|p1a: Mandibuzz|Foul Play|p2a: Garchomp
|-damage|p2a: Garchomp|0 fnt
|-damage|p1a: Mandibuzz|0 fnt|[from] ability: Rough Skin|[of] p2a: Garchomp
|faint|p2a: Garchomp
|faint|p1a: Mandibuzz
|
|-fieldend|move: Electric Terrain
|upkeep
|c|☆LT82ZW Vaw|aaaaah
|c|☆Lulec8|bad luck
|l|timekekker
|c|☆LT82ZW Vaw|anyway gg
|c|☆Lulec8|i like your team
|c|☆Lulec8|gg
|c|☆LT82ZW Vaw|ty
|
|t:|1626112290
|switch|p2a: Hawlucha|Hawlucha, F|96/100
|switch|p1a: Tapu Koko|Tapu Koko|40/100
|-fieldstart|move: Electric Terrain|[from] ability: Electric Surge|[of] p1a: Tapu Koko
|turn|16
|c|☆LT82ZW Vaw|mmmh, would you mind forfeiting pls? You clearly winning this but I'm a part of a ladder tournament so I need as many pts as possible
|c|☆Lulec8|yes
|c|☆Lulec8|good luck xD
|-message|Lulec8 forfeited.
|
|win|LT82ZW Vaw
|raw|Lulec8's rating: 1401 &rarr; <strong>1390</strong><br />(-11 for losing)
|raw|LT82ZW Vaw's rating: 1566 &rarr; <strong>1577</strong><br />(+11 for winning)
|c|☆Lulec8|i play for fun
|c|☆LT82ZW Vaw|thanks man
|c|☆LT82ZW Vaw|you a legend
|c|☆Lulec8|you are welcome
|c|☆LT82ZW Vaw|have fun fren
|c|☆LT82ZW Vaw|u want my team?
|c|☆Lulec8|yes i'd like
||Ladder isn't responding, score probably updated but might not have (Request timeout).
