|j|☆Delibird Heart
|j|☆Turtlek
|inactive|Battle timer is ON: inactive players will automatically lose when time's up.
|t:|1668005979
|gametype|singles
|player|p1|Delibird Heart|guitarist-gen4|
|player|p2|Turtlek|flint|
|teamsize|p1|6
|teamsize|p2|6
|gen|8
|tier|[Gen 8] OU
|rated|Tournament battle
|rule|Sleep Clause Mod: Limit one foe put to sleep
|rule|Species Clause: Limit one of each Pokémon
|rule|OHKO Clause: OHKO moves are banned
|rule|Evasion Items Clause: Evasion items are banned
|rule|Evasion Moves Clause: Evasion moves are banned
|rule|Endless Battle Clause: Forcing endless battles is banned
|rule|HP Percentage Mod: HP is shown in percentages
|rule|Dynamax Clause: You cannot dynamax
|clearpoke
|poke|p1|Sandaconda, F|
|poke|p1|Togekiss, M|
|poke|p1|Jirachi|
|poke|p1|Corviknight, M|
|poke|p1|Melmetal|
|poke|p1|Slowbro-Galar, M|
|poke|p2|Blaziken, F|
|poke|p2|Victini|
|poke|p2|Zapdos|
|poke|p2|Blissey, F|
|poke|p2|Ferrothorn, F|
|poke|p2|Tapu Fini|
|teampreview
|inactive|Delibird Heart also wants the timer to be on.
|inactive|Turtlek also wants the timer to be on.
|j| 228i996
|
|t:|1668005986
|start
|switch|p1a: Mr. Sandman|Sandaconda, F|100/100
|switch|p2a: >:-<|Victini|100/100
|turn|1
|j| Eldo420
|l| Eldo420
|j| vkhss
|
|t:|1668005997
|move|p2a: >:-<|U-turn|p1a: Mr. Sandman
|-damage|p1a: Mr. Sandman|73/100
|
|t:|1668006006
|switch|p2a: Rule 3+4|Tapu Fini|100/100|[from]move: U-turn
|-fieldstart|move: Misty Terrain|[from] ability: Misty Surge|[of] p2a: Rule 3+4
|move|p1a: Mr. Sandman|Glare|p2a: Rule 3+4
|-activate|p2a: Rule 3+4|move: Misty Terrain
|
|-heal|p1a: Mr. Sandman|80/100|[from] item: Leftovers
|upkeep
|turn|2
|
|t:|1668006009
|switch|p1a: Polaris|Jirachi|100/100
|move|p2a: Rule 3+4|Whirlpool|p1a: Polaris
|-damage|p1a: Polaris|90/100
|-activate|p1a: Polaris|move: Whirlpool|[of] p2a: Rule 3+4
|
|-damage|p1a: Polaris|78/100|[from] move: Whirlpool|[partiallytrapped]
|upkeep
|turn|3
|
|t:|1668006016
|move|p1a: Polaris|Wish|p1a: Polaris
|move|p2a: Rule 3+4|Taunt|p1a: Polaris
|-start|p1a: Polaris|move: Taunt
|
|-damage|p1a: Polaris|66/100|[from] move: Whirlpool|[partiallytrapped]
|upkeep
|turn|4
|
|t:|1668006020
|move|p1a: Polaris|Iron Head|p2a: Rule 3+4
|-damage|p2a: Rule 3+4|72/100
|cant|p2a: Rule 3+4|flinch
|
|-heal|p1a: Polaris|100/100|[from] move: Wish|[wisher] Polaris
|-heal|p2a: Rule 3+4|78/100|[from] item: Leftovers
|-damage|p1a: Polaris|88/100|[from] move: Whirlpool|[partiallytrapped]
|upkeep
|turn|5
|
|t:|1668006027
|move|p1a: Polaris|Iron Head|p2a: Rule 3+4
|-damage|p2a: Rule 3+4|51/100
|cant|p2a: Rule 3+4|flinch
|
|-heal|p2a: Rule 3+4|57/100|[from] item: Leftovers
|-damage|p1a: Polaris|76/100|[from] move: Whirlpool|[partiallytrapped]
|-fieldend|Misty Terrain
|upkeep
|turn|6
|
|t:|1668006036
|switch|p2a: >:-<|Victini|100/100
|move|p1a: Polaris|Body Slam|p2a: >:-<
|-damage|p2a: >:-<|73/100
|-status|p2a: >:-<|par
|
|-end|p1a: Polaris|Whirlpool|[partiallytrapped]
|-end|p1a: Polaris|move: Taunt
|upkeep
|turn|7
|
|t:|1668006043
|move|p1a: Polaris|Iron Head|p2a: >:-<
|-resisted|p2a: >:-<
|-damage|p2a: >:-<|53/100 par
|cant|p2a: >:-<|flinch
|
|upkeep
|turn|8
|j| GengarAdept
|
|t:|1668006049
|move|p1a: Polaris|Iron Head|p2a: >:-<
|-resisted|p2a: >:-<
|-damage|p2a: >:-<|35/100 par
|cant|p2a: >:-<|flinch
|
|upkeep
|turn|9
|j| thebiggestfatnoob
|
|t:|1668006054
|move|p1a: Polaris|Iron Head|p2a: >:-<
|-resisted|p2a: >:-<
|-damage|p2a: >:-<|17/100 par
|cant|p2a: >:-<|flinch
|
|upkeep
|turn|10
|l| thebiggestfatnoob
|c|☆Turtlek|You really trust your luck
|
|t:|1668006065
|move|p1a: Polaris|Body Slam|p2a: >:-<
|-damage|p2a: >:-<|0 fnt
|faint|p2a: >:-<
|
|upkeep
|
|t:|1668006068
|switch|p2a: Cahaifsé|Blaziken, F|100/100
|turn|11
|
|t:|1668006076
|move|p2a: Cahaifsé|Flare Blitz|p1a: Polaris
|-supereffective|p1a: Polaris
|-damage|p1a: Polaris|0 fnt
|faint|p1a: Polaris
|-damage|p2a: Cahaifsé|68/100|[from] Recoil
|
|-heal|p2a: Cahaifsé|74/100|[from] item: Leftovers
|-ability|p2a: Cahaifsé|Speed Boost|boost
|-boost|p2a: Cahaifsé|spe|1
|upkeep
|inactive|Delibird Heart has 120 seconds left.
|
|t:|1668006106
|switch|p1a: Bolt Beef|Melmetal|100/100
|turn|12
|
|t:|1668006114
|switch|p2a: Rule 3+4|Tapu Fini|57/100
|-fieldstart|move: Misty Terrain|[from] ability: Misty Surge|[of] p2a: Rule 3+4
|move|p1a: Bolt Beef|Earthquake|p2a: Rule 3+4
|-damage|p2a: Rule 3+4|28/100
|
|-heal|p2a: Rule 3+4|34/100|[from] item: Leftovers
|upkeep
|turn|13
|j| Down$hift
|
|t:|1668006127
|switch|p2a: Peunnk|Zapdos|100/100
|move|p1a: Bolt Beef|Double Iron Bash|p2a: Peunnk
|-resisted|p2a: Peunnk
|-damage|p2a: Peunnk|82/100
|-resisted|p2a: Peunnk
|-damage|p2a: Peunnk|65/100
|-hitcount|p2a: Peunnk|2
|
|upkeep
|turn|14
|
|t:|1668006131
|move|p2a: Peunnk|Discharge|p1a: Bolt Beef
|-damage|p1a: Bolt Beef|68/100
|move|p1a: Bolt Beef|Ice Punch|p2a: Peunnk
|-supereffective|p2a: Peunnk
|-damage|p2a: Peunnk|8/100
|
|upkeep
|turn|15
|
|t:|1668006147
|move|p2a: Peunnk|Roost|p2a: Peunnk
|-heal|p2a: Peunnk|58/100
|-singleturn|p2a: Peunnk|move: Roost
|move|p1a: Bolt Beef|Ice Punch|p2a: Peunnk
|-damage|p2a: Peunnk|29/100
|
|upkeep
|turn|16
|-activate|p1a: Bolt Beef|item: Quick Claw
|
|t:|1668006151
|move|p1a: Bolt Beef|Ice Punch|p2a: Peunnk
|-supereffective|p2a: Peunnk
|-damage|p2a: Peunnk|0 fnt
|faint|p2a: Peunnk
|
|-fieldend|Misty Terrain
|upkeep
|c| Down$hift|Goat
|
|t:|1668006160
|switch|p2a: Rule 3+4|Tapu Fini|34/100
|-fieldstart|move: Misty Terrain|[from] ability: Misty Surge|[of] p2a: Rule 3+4
|turn|17
|
|t:|1668006164
|move|p2a: Rule 3+4|Whirlpool|p1a: Bolt Beef
|-damage|p1a: Bolt Beef|56/100
|-activate|p1a: Bolt Beef|move: Whirlpool|[of] p2a: Rule 3+4
|move|p1a: Bolt Beef|Double Iron Bash|p2a: Rule 3+4
|-damage|p2a: Rule 3+4|4/100
|-damage|p2a: Rule 3+4|0 fnt
|faint|p2a: Rule 3+4
|-hitcount|p2: Rule 3+4|2
|
|-end|p1a: Bolt Beef|Whirlpool|[partiallytrapped]|[silent]
|upkeep
|inactive|Turtlek has 120 seconds left.
|c|☆Delibird Heart|https://www.youtube.com/watch?v=YtrLVBX91jI
|c|☆Delibird Heart|swag theme
|
|t:|1668006208
|switch|p2a: Cahaifsé|Blaziken, F|74/100
|turn|18
|j| cypherstest
|
|t:|1668006211
|move|p2a: Cahaifsé|Close Combat|p1a: Bolt Beef
|-supereffective|p1a: Bolt Beef
|-damage|p1a: Bolt Beef|0 fnt
|-unboost|p2a: Cahaifsé|def|1
|-unboost|p2a: Cahaifsé|spd|1
|faint|p1a: Bolt Beef
|
|-heal|p2a: Cahaifsé|80/100|[from] item: Leftovers
|-ability|p2a: Cahaifsé|Speed Boost|boost
|-boost|p2a: Cahaifsé|spe|1
|upkeep
|l| Down$hift
|j| Down$hift
|
|t:|1668006219
|switch|p1a: Mr. Sandman|Sandaconda, F|80/100
|turn|19
|
|t:|1668006223
|switch|p2a: Paiçaifeu|Ferrothorn, F|100/100
|move|p1a: Mr. Sandman|Earthquake|p2a: Paiçaifeu
|-damage|p2a: Paiçaifeu|81/100
|
|-heal|p1a: Mr. Sandman|86/100|[from] item: Leftovers
|upkeep
|turn|20
|
|t:|1668006228
|move|p1a: Mr. Sandman|Stealth Rock|p2a: Paiçaifeu
|-sidestart|p2: Turtlek|move: Stealth Rock
|move|p2a: Paiçaifeu|Leech Seed|p1a: Mr. Sandman|[miss]
|-miss|p2a: Paiçaifeu|p1a: Mr. Sandman
|
|-heal|p1a: Mr. Sandman|92/100|[from] item: Leftovers
|upkeep
|turn|21
|c| Down$hift|19
|c| Down$hift|shit is ass
|
|t:|1668006247
|switch|p1a: Lucky Luke|Slowbro-Galar, M, shiny|100/100
|move|p2a: Paiçaifeu|Leech Seed|p1a: Lucky Luke
|-start|p1a: Lucky Luke|move: Leech Seed
|
|-damage|p1a: Lucky Luke|88/100|[from] Leech Seed|[of] p2a: Paiçaifeu
|-heal|p2a: Paiçaifeu|95/100|[silent]
|-fieldend|Misty Terrain
|upkeep
|turn|22
|c|☆Delibird Heart|bring out the goat
|
|t:|1668006252
|move|p1a: Lucky Luke|Nasty Plot|p1a: Lucky Luke
|-boost|p1a: Lucky Luke|spa|2
|move|p2a: Paiçaifeu|Knock Off|p1a: Lucky Luke
|-supereffective|p1a: Lucky Luke
|-damage|p1a: Lucky Luke|51/100
|-enditem|p1a: Lucky Luke|Quick Claw|[from] move: Knock Off|[of] p2a: Paiçaifeu
|
|-damage|p1a: Lucky Luke|39/100|[from] Leech Seed|[of] p2a: Paiçaifeu
|-heal|p2a: Paiçaifeu|100/100|[silent]
|upkeep
|turn|23
|
|t:|1668006257
|move|p1a: Lucky Luke|Focus Blast|p2a: Paiçaifeu
|-supereffective|p2a: Paiçaifeu
|-enditem|p2a: Paiçaifeu|Chople Berry|[eat]
|-enditem|p2a: Paiçaifeu|Chople Berry|[weaken]
|-damage|p2a: Paiçaifeu|32/100
|move|p2a: Paiçaifeu|Knock Off|p1a: Lucky Luke
|-supereffective|p1a: Lucky Luke
|-damage|p1a: Lucky Luke|13/100
|
|-damage|p1a: Lucky Luke|0 fnt|[from] Leech Seed|[of] p2a: Paiçaifeu
|-heal|p2a: Paiçaifeu|46/100|[silent]
|faint|p1a: Lucky Luke
|upkeep
|c| Down$hift|Oh nah
|c|☆Delibird Heart|oh yeah i forgot ur chople
|
|t:|1668006266
|switch|p1a: Dove|Togekiss, M|100/100
|turn|24
|
|t:|1668006271
|move|p1a: Dove|Flamethrower|p2a: Paiçaifeu
|-supereffective|p2a: Paiçaifeu
|-damage|p2a: Paiçaifeu|0 fnt
|faint|p2a: Paiçaifeu
|
|upkeep
|
|t:|1668006281
|switch|p2a: Kenssair|Blissey, F|100/100
|turn|25
|
|t:|1668006283
|switch|p1a: Mr. Sandman|Sandaconda, F|92/100
|move|p2a: Kenssair|Thunder Wave|p1a: Mr. Sandman
|-immune|p1a: Mr. Sandman
|
|-heal|p1a: Mr. Sandman|98/100|[from] item: Leftovers
|upkeep
|turn|26
|
|t:|1668006286
|move|p1a: Mr. Sandman|Glare|p2a: Kenssair
|-status|p2a: Kenssair|par
|move|p2a: Kenssair|Teleport|p2a: Kenssair
|
|t:|1668006289
|-curestatus|p2a: Kenssair|par|[from] ability: Natural Cure
|switch|p2a: Cahaifsé|Blaziken, F|80/100|[from]move: Teleport
|-damage|p2a: Cahaifsé|67/100|[from] Stealth Rock
|
|-heal|p2a: Cahaifsé|73/100|[from] item: Leftovers
|-heal|p1a: Mr. Sandman|100/100|[from] item: Leftovers
|upkeep
|turn|27
|-message|Turtlek forfeited.
|
|win|Delibird Heart
|n|☆Delibird Heart|delibirdheart
|n|☆Turtlek|turtlek
|n| 228i996|228i996
|n| vkhss|vkhss
|n| GengarAdept|gengaradept
|n| cypherstest|cypherstest
|n| Down$hift|downhift
|l|☆Turtlek
|c|☆Delibird Heart|gg
|l| Down$hift
|l| cypherstest
