|j|☆JooshP
|j|☆GauBoune
|t:|1656146933
|gametype|singles
|player|p1|JooshP|red|1781
|player|p2|GauBoune|silver|1782
|teamsize|p1|6
|teamsize|p2|6
|gen|8
|tier|[Gen 8] OU
|rated|
|rule|Sleep Clause Mod: Limit one foe put to sleep
|rule|Species Clause: Limit one of each Pokémon
|rule|OHKO Clause: OHKO moves are banned
|rule|Evasion Moves Clause: Evasion moves are banned
|rule|Endless Battle Clause: Forcing endless battles is banned
|rule|HP Percentage Mod: HP is shown in percentages
|rule|Dynamax Clause: You cannot dynamax
|clearpoke
|poke|p1|Slowbro, F|
|poke|p1|Landorus-Therian, M|
|poke|p1|Zapdos-Galar|
|poke|p1|Ferrothorn, M|
|poke|p1|Blissey, F|
|poke|p1|Keldeo-Resolute|
|poke|p2|Tyranitar, M|
|poke|p2|Slowbro, F|
|poke|p2|Tapu Lele|
|poke|p2|Corviknight, F|
|poke|p2|Ferrothorn, F|
|poke|p2|Zeraora|
|teampreview
|inactive|Battle timer is ON: inactive players will automatically lose when time's up. (requested by GauBoune)
|
|t:|1656146945
|start
|switch|p1a: Zapdos|Zapdos-Galar|100/100
|switch|p2a: Yaya Sanogo|Tapu Lele|100/100
|-fieldstart|move: Psychic Terrain|[from] ability: Psychic Surge|[of] p2a: Yaya Sanogo
|turn|1
|
|t:|1656146948
|switch|p2a: Philippe Mexès|Corviknight, F|100/100
|-ability|p2a: Philippe Mexès|Pressure
|move|p1a: Zapdos|U-turn|p2a: Philippe Mexès
|-resisted|p2a: Philippe Mexès
|-damage|p2a: Philippe Mexès|97/100
|-damage|p1a: Zapdos|84/100|[from] item: Rocky Helmet|[of] p2a: Philippe Mexès
|
|t:|1656146956
|switch|p1a: Slowbro|Slowbro, F|100/100|[from]move: U-turn
|
|upkeep
|turn|2
|
|t:|1656146958
|move|p2a: Philippe Mexès|U-turn|p1a: Slowbro
|-supereffective|p1a: Slowbro
|-damage|p1a: Slowbro|77/100
|
|t:|1656146962
|switch|p2a: Abou Diaby|Ferrothorn, F|100/100|[from]move: U-turn
|move|p1a: Slowbro|Surf|p2a: Abou Diaby
|-resisted|p2a: Abou Diaby
|-damage|p2a: Abou Diaby|71/100
|
|-heal|p2a: Abou Diaby|77/100|[from] item: Leftovers
|upkeep
|turn|3
|j| T0d
|
|t:|1656146968
|switch|p1a: Landorus|Landorus-Therian, M|100/100
|-ability|p1a: Landorus|Intimidate|boost
|-unboost|p2a: Abou Diaby|atk|1
|move|p2a: Abou Diaby|Stealth Rock|p1a: Landorus
|-sidestart|p1: JooshP|move: Stealth Rock
|
|-heal|p2a: Abou Diaby|83/100|[from] item: Leftovers
|upkeep
|turn|4
|
|t:|1656146970
|move|p1a: Landorus|Stealth Rock|p2a: Abou Diaby
|-sidestart|p2: GauBoune|move: Stealth Rock
|move|p2a: Abou Diaby|Leech Seed|p1a: Landorus
|-start|p1a: Landorus|move: Leech Seed
|
|-heal|p2a: Abou Diaby|89/100|[from] item: Leftovers
|-damage|p1a: Landorus|88/100|[from] Leech Seed|[of] p2a: Abou Diaby
|-heal|p2a: Abou Diaby|100/100|[silent]
|upkeep
|turn|5
|
|t:|1656146973
|move|p1a: Landorus|Knock Off|p2a: Abou Diaby
|-damage|p2a: Abou Diaby|83/100
|-damage|p1a: Landorus|76/100|[from] ability: Iron Barbs|[of] p2a: Abou Diaby
|-enditem|p2a: Abou Diaby|Leftovers|[from] move: Knock Off|[of] p1a: Landorus
|move|p2a: Abou Diaby|Leech Seed|p1a: Landorus|[miss]
|-miss|p2a: Abou Diaby|p1a: Landorus
|
|-heal|p1a: Landorus|82/100|[from] item: Leftovers
|-damage|p1a: Landorus|70/100|[from] Leech Seed|[of] p2a: Abou Diaby
|-heal|p2a: Abou Diaby|97/100|[silent]
|-fieldend|move: Psychic Terrain
|upkeep
|turn|6
|
|t:|1656146977
|switch|p1a: Ferrothorn|Ferrothorn, M|100/100
|-damage|p1a: Ferrothorn|94/100|[from] Stealth Rock
|move|p2a: Abou Diaby|Leech Seed|p1a: Ferrothorn
|-immune|p1a: Ferrothorn
|
|-heal|p1a: Ferrothorn|100/100|[from] item: Leftovers
|upkeep
|turn|7
|
|t:|1656146979
|move|p2a: Abou Diaby|Leech Seed|p1a: Ferrothorn
|-immune|p1a: Ferrothorn
|move|p1a: Ferrothorn|Spikes|p2a: Abou Diaby
|-sidestart|p2: GauBoune|Spikes
|
|upkeep
|turn|8
|j| Calatorie Singur
|j| xiao123
|
|t:|1656146988
|move|p2a: Abou Diaby|Body Press|p1a: Ferrothorn
|-supereffective|p1a: Ferrothorn
|-damage|p1a: Ferrothorn|66/100
|-damage|p2a: Abou Diaby|84/100|[from] ability: Iron Barbs|[of] p1a: Ferrothorn
|move|p1a: Ferrothorn|Knock Off|p2a: Abou Diaby
|-damage|p2a: Abou Diaby|76/100
|-damage|p1a: Ferrothorn|53/100|[from] ability: Iron Barbs|[of] p2a: Abou Diaby
|
|-heal|p1a: Ferrothorn|60/100|[from] item: Leftovers
|upkeep
|turn|9
|
|t:|1656146991
|move|p2a: Abou Diaby|Body Press|p1a: Ferrothorn
|-supereffective|p1a: Ferrothorn
|-damage|p1a: Ferrothorn|23/100
|-damage|p2a: Abou Diaby|64/100|[from] ability: Iron Barbs|[of] p1a: Ferrothorn
|move|p1a: Ferrothorn|Knock Off|p2a: Abou Diaby
|-damage|p2a: Abou Diaby|56/100
|-damage|p1a: Ferrothorn|10/100|[from] ability: Iron Barbs|[of] p2a: Abou Diaby
|
|-heal|p1a: Ferrothorn|16/100|[from] item: Leftovers
|upkeep
|turn|10
|
|t:|1656146995
|switch|p1a: Landorus|Landorus-Therian, M|70/100
|-damage|p1a: Landorus|57/100|[from] Stealth Rock
|-ability|p1a: Landorus|Intimidate|boost
|-unboost|p2a: Abou Diaby|atk|1
|move|p2a: Abou Diaby|Body Press|p1a: Landorus
|-resisted|p1a: Landorus
|-damage|p1a: Landorus|47/100
|
|-heal|p1a: Landorus|53/100|[from] item: Leftovers
|upkeep
|turn|11
|
|t:|1656146997
|move|p1a: Landorus|Earthquake|p2a: Abou Diaby
|-damage|p2a: Abou Diaby|30/100
|move|p2a: Abou Diaby|Leech Seed|p1a: Landorus
|-start|p1a: Landorus|move: Leech Seed
|
|-heal|p1a: Landorus|59/100|[from] item: Leftovers
|-damage|p1a: Landorus|47/100|[from] Leech Seed|[of] p2a: Abou Diaby
|-heal|p2a: Abou Diaby|43/100|[silent]
|upkeep
|turn|12
|
|t:|1656147001
|switch|p1a: Keldeo|Keldeo-Resolute|100/100
|-damage|p1a: Keldeo|94/100|[from] Stealth Rock
|move|p2a: Abou Diaby|Protect||[still]
|-fail|p2a: Abou Diaby
|
|upkeep
|turn|13
|l| xiao123
|
|t:|1656147007
|switch|p2a: Djibril Cissé|Zeraora|100/100
|move|p1a: Keldeo|Secret Sword|p2a: Djibril Cissé
|-damage|p2a: Djibril Cissé|5/100
|
|upkeep
|turn|14
|
|t:|1656147013
|switch|p1a: Ferrothorn|Ferrothorn, M|16/100
|-damage|p1a: Ferrothorn|10/100|[from] Stealth Rock
|move|p2a: Djibril Cissé|Plasma Fists|p1a: Ferrothorn
|-resisted|p1a: Ferrothorn
|-damage|p1a: Ferrothorn|0 fnt
|-fieldactivate|move: Ion Deluge
|-hint|Normal-type moves become Electric-type after using Plasma Fists.
|-damage|p2a: Djibril Cissé|0 fnt|[from] ability: Iron Barbs|[of] p1a: Ferrothorn
|faint|p1a: Ferrothorn
|faint|p2a: Djibril Cissé
|
|upkeep
|
|t:|1656147019
|switch|p2a: Philippe Mexès|Corviknight, F|97/100
|switch|p1a: Keldeo|Keldeo-Resolute|94/100
|-damage|p1a: Keldeo|88/100|[from] Stealth Rock
|-damage|p2a: Philippe Mexès|84/100|[from] Stealth Rock
|-ability|p2a: Philippe Mexès|Pressure
|turn|15
|
|t:|1656147022
|move|p1a: Keldeo|Hydro Pump|p2a: Philippe Mexès
|-damage|p2a: Philippe Mexès|0 fnt
|faint|p2a: Philippe Mexès
|
|upkeep
|
|t:|1656147025
|switch|p2a: Yaya Sanogo|Tapu Lele|100/100
|-damage|p2a: Yaya Sanogo|88/100|[from] Stealth Rock
|-damage|p2a: Yaya Sanogo|76/100|[from] Spikes
|-fieldstart|move: Psychic Terrain|[from] ability: Psychic Surge|[of] p2a: Yaya Sanogo
|turn|16
|
|t:|1656147031
|switch|p1a: Slowbro|Slowbro, F|100/100
|-damage|p1a: Slowbro|88/100|[from] Stealth Rock
|move|p2a: Yaya Sanogo|Shadow Ball|p1a: Slowbro
|-supereffective|p1a: Slowbro
|-damage|p1a: Slowbro|20/100
|
|upkeep
|turn|17
|
|t:|1656147034
|switch|p2a: Eric Cantona|Tyranitar, M|100/100
|-damage|p2a: Eric Cantona|88/100|[from] Stealth Rock
|-damage|p2a: Eric Cantona|76/100|[from] Spikes
|-weather|Sandstorm|[from] ability: Sand Stream|[of] p2a: Eric Cantona
|switch|p1a: Blissey|Blissey, F|100/100
|
|-weather|Sandstorm|[upkeep]
|-damage|p1a: Blissey|94/100|[from] Sandstorm
|upkeep
|turn|18
|
|t:|1656147037
|switch|p1a: Landorus|Landorus-Therian, M|47/100
|-damage|p1a: Landorus|34/100|[from] Stealth Rock
|-ability|p1a: Landorus|Intimidate|boost
|-unboost|p2a: Eric Cantona|atk|1
|move|p2a: Eric Cantona|Stone Edge|p1a: Landorus|[miss]
|-miss|p2a: Eric Cantona|p1a: Landorus
|
|-weather|Sandstorm|[upkeep]
|-heal|p1a: Landorus|40/100|[from] item: Leftovers
|upkeep
|turn|19
|
|t:|1656147040
|move|p2a: Eric Cantona|Stone Edge|p1a: Landorus
|-damage|p1a: Landorus|0 fnt
|faint|p1a: Landorus
|
|-weather|Sandstorm|[upkeep]
|upkeep
|
|t:|1656147051
|switch|p1a: Keldeo|Keldeo-Resolute|88/100
|-damage|p1a: Keldeo|82/100|[from] Stealth Rock
|turn|20
|
|t:|1656147055
|switch|p2a: Bacary Sagna|Slowbro, F|100/100
|move|p1a: Keldeo|Secret Sword|p2a: Bacary Sagna
|-resisted|p2a: Bacary Sagna
|-damage|p2a: Bacary Sagna|81/100
|
|-weather|Sandstorm|[upkeep]
|-damage|p1a: Keldeo|76/100|[from] Sandstorm
|-damage|p2a: Bacary Sagna|75/100|[from] Sandstorm
|-fieldend|move: Psychic Terrain
|upkeep
|turn|21
|
|t:|1656147060
|switch|p1a: Blissey|Blissey, F|94/100
|move|p2a: Bacary Sagna|Teleport|p2a: Bacary Sagna
|
|t:|1656147063
|switch|p2a: Eric Cantona|Tyranitar, M|76/100|[from]move: Teleport
|-damage|p2a: Eric Cantona|64/100|[from] Stealth Rock
|-damage|p2a: Eric Cantona|51/100|[from] Spikes
|
|-weather|none
|upkeep
|turn|22
|
|t:|1656147079
|switch|p1a: Slowbro|Slowbro, F|53/100
|-damage|p1a: Slowbro|41/100|[from] Stealth Rock
|move|p2a: Eric Cantona|Stone Edge|p1a: Slowbro
|-damage|p1a: Slowbro|0 fnt
|faint|p1a: Slowbro
|
|upkeep
|
|t:|1656147080
|switch|p1a: Keldeo|Keldeo-Resolute|76/100
|-damage|p1a: Keldeo|70/100|[from] Stealth Rock
|turn|23
|
|t:|1656147084
|switch|p2a: Bacary Sagna|Slowbro, F|100/100
|move|p1a: Keldeo|Scald|p2a: Bacary Sagna
|-resisted|p2a: Bacary Sagna
|-damage|p2a: Bacary Sagna|66/100
|
|upkeep
|turn|24
|
|t:|1656147088
|move|p1a: Keldeo|Scald|p2a: Bacary Sagna
|-resisted|p2a: Bacary Sagna
|-damage|p2a: Bacary Sagna|32/100
|-status|p2a: Bacary Sagna|brn
|move|p2a: Bacary Sagna|Future Sight|p1a: Keldeo
|-start|p2a: Bacary Sagna|move: Future Sight
|
|-damage|p2a: Bacary Sagna|26/100 brn|[from] brn
|upkeep
|turn|25
|
|t:|1656147094
|switch|p2a: Abou Diaby|Ferrothorn, F|43/100
|-damage|p2a: Abou Diaby|37/100|[from] Stealth Rock
|-damage|p2a: Abou Diaby|25/100|[from] Spikes
|move|p1a: Keldeo|Scald|p2a: Abou Diaby
|-resisted|p2a: Abou Diaby
|-damage|p2a: Abou Diaby|0 fnt
|faint|p2a: Abou Diaby
|
|upkeep
|
|t:|1656147099
|switch|p2a: Yaya Sanogo|Tapu Lele|76/100
|-damage|p2a: Yaya Sanogo|63/100|[from] Stealth Rock
|-damage|p2a: Yaya Sanogo|51/100|[from] Spikes
|-fieldstart|move: Psychic Terrain|[from] ability: Psychic Surge|[of] p2a: Yaya Sanogo
|turn|26
|j| clflucker
|
|t:|1656147104
|switch|p1a: Blissey|Blissey, F|94/100
|move|p2a: Yaya Sanogo|Psyshock|p1a: Blissey
|-damage|p1a: Blissey|42/100
|
|-end|p1a: Blissey|move: Future Sight
|-damage|p1a: Blissey|22/100
|upkeep
|turn|27
|
|t:|1656147108
|move|p2a: Yaya Sanogo|Psyshock|p1a: Blissey
|-damage|p1a: Blissey|0 fnt
|faint|p1a: Blissey
|
|upkeep
|
|t:|1656147109
|switch|p1a: Zapdos|Zapdos-Galar|84/100
|-damage|p1a: Zapdos|72/100|[from] Stealth Rock
|turn|28
|j| 0meltdown
|
|t:|1656147138
|switch|p2a: Bacary Sagna|Slowbro, F|59/100 brn
|move|p1a: Zapdos|Brave Bird|p2a: Bacary Sagna
|-damage|p2a: Bacary Sagna|26/100 brn
|-damage|p1a: Zapdos|58/100|[from] Recoil
|
|-damage|p2a: Bacary Sagna|20/100 brn|[from] brn
|upkeep
|turn|29
|inactive|GauBoune has 120 seconds left.
|
|t:|1656147154
|move|p1a: Zapdos|Brave Bird|p2a: Bacary Sagna
|-damage|p2a: Bacary Sagna|0 fnt
|faint|p2a: Bacary Sagna
|-damage|p1a: Zapdos|50/100|[from] Recoil
|
|upkeep
|
|t:|1656147156
|switch|p2a: Eric Cantona|Tyranitar, M|51/100
|-damage|p2a: Eric Cantona|39/100|[from] Stealth Rock
|-damage|p2a: Eric Cantona|27/100|[from] Spikes
|-weather|Sandstorm|[from] ability: Sand Stream|[of] p2a: Eric Cantona
|turn|30
|inactive|GauBoune has 120 seconds left.
|l| Calatorie Singur
|j| Calatorie Singur
|j| xiao123
|inactive|JooshP has 120 seconds left.
|l| Calatorie Singur
|l| xiao123
|inactive|JooshP has 90 seconds left.
|inactive|GauBoune has 90 seconds left.
|j| havefun507
|inactive|JooshP has 60 seconds left.
|
|t:|1656147260
|switch|p1a: Keldeo|Keldeo-Resolute|70/100
|-damage|p1a: Keldeo|63/100|[from] Stealth Rock
|move|p2a: Eric Cantona|Stone Edge|p1a: Keldeo
|-resisted|p1a: Keldeo
|-damage|p1a: Keldeo|19/100
|
|-weather|Sandstorm|[upkeep]
|-damage|p1a: Keldeo|13/100|[from] Sandstorm
|-fieldend|move: Psychic Terrain
|upkeep
|turn|31
|
|t:|1656147265
|move|p1a: Keldeo|Scald|p2a: Eric Cantona
|-supereffective|p2a: Eric Cantona
|-crit|p2a: Eric Cantona
|-damage|p2a: Eric Cantona|0 fnt
|faint|p2a: Eric Cantona
|
|-weather|Sandstorm|[upkeep]
|-damage|p1a: Keldeo|7/100|[from] Sandstorm
|upkeep
|
|t:|1656147267
|switch|p2a: Yaya Sanogo|Tapu Lele|51/100
|-damage|p2a: Yaya Sanogo|38/100|[from] Stealth Rock
|-damage|p2a: Yaya Sanogo|26/100|[from] Spikes
|-fieldstart|move: Psychic Terrain|[from] ability: Psychic Surge|[of] p2a: Yaya Sanogo
|turn|32
|
|t:|1656147276
|move|p2a: Yaya Sanogo|Psychic|p1a: Keldeo
|-supereffective|p1a: Keldeo
|-damage|p1a: Keldeo|0 fnt
|faint|p1a: Keldeo
|
|-weather|Sandstorm|[upkeep]
|-damage|p2a: Yaya Sanogo|20/100|[from] Sandstorm
|upkeep
|
|t:|1656147277
|switch|p1a: Zapdos|Zapdos-Galar|50/100
|-damage|p1a: Zapdos|38/100|[from] Stealth Rock
|turn|33
|
|t:|1656147279
|move|p1a: Zapdos|Brave Bird|p2a: Yaya Sanogo
|-damage|p2a: Yaya Sanogo|0 fnt
|faint|p2a: Yaya Sanogo
|-damage|p1a: Zapdos|32/100|[from] Recoil
|
|win|JooshP
|raw|JooshP's rating: 1781 &rarr; <strong>1801</strong><br />(+20 for winning)
|raw|GauBoune's rating: 1782 &rarr; <strong>1762</strong><br />(-20 for losing)
|l|☆GauBoune
|j| xiao123
|l|☆JooshP
|l| xiao123
|l| T0d
