|html|<div class="broadcast-blue"><strong>[Gen 8] OU is currently suspecting Melmetal! For information on how to participate check out the <a href="https://www.smogon.com/forums/threads/np-ss-ou-suspect-process-round-12-monster-mash.3709234/">suspect thread</a>.</strong></div>
|j|☆SuperTheoryBros
|j|☆outd xurkitree
|t:|1666142345
|gametype|singles
|player|p1|SuperTheoryBros|102|1570
|player|p2|outd xurkitree|engineer-gen3|1576
|teamsize|p1|6
|teamsize|p2|6
|gen|8
|tier|[Gen 8] OU
|rated|
|rule|Sleep Clause Mod: Limit one foe put to sleep
|rule|Species Clause: Limit one of each Pokémon
|rule|OHKO Clause: OHKO moves are banned
|rule|Evasion Items Clause: Evasion items are banned
|rule|Evasion Moves Clause: Evasion moves are banned
|rule|Endless Battle Clause: Forcing endless battles is banned
|rule|HP Percentage Mod: HP is shown in percentages
|rule|Dynamax Clause: You cannot dynamax
|clearpoke
|poke|p1|Pelipper, F|
|poke|p1|Tapu Lele|
|poke|p1|Barraskewda, F|
|poke|p1|Dhelmise|
|poke|p1|Heliolisk, F|
|poke|p1|Steelix, F|
|poke|p2|Xurkitree|
|poke|p2|Slowbro, M|
|poke|p2|Rillaboom, M|
|poke|p2|Melmetal|
|poke|p2|Tornadus-Therian, M|
|poke|p2|Landorus-Therian, M|
|teampreview
|
|t:|1666142363
|start
|switch|p1a: Pelipper|Pelipper, F|100/100
|switch|p2a: christmas lights|Xurkitree, shiny|100/100
|-weather|RainDance|[from] ability: Drizzle|[of] p1a: Pelipper
|turn|1
|
|t:|1666142373
|switch|p1a: Heliolisk|Heliolisk, F|100/100
|move|p2a: christmas lights|Energy Ball|p1a: Heliolisk
|-damage|p1a: Heliolisk|57/100
|
|-weather|RainDance|[upkeep]
|-heal|p1a: Heliolisk|70/100|[from] ability: Dry Skin
|upkeep
|turn|2
|
|t:|1666142386
|move|p1a: Heliolisk|Volt Switch|p2a: christmas lights
|-resisted|p2a: christmas lights
|-damage|p2a: christmas lights|76/100
|
|t:|1666142397
|switch|p1a: Steelix|Steelix, F|100/100|[from]move: Volt Switch
|move|p2a: christmas lights|Volt Switch|p1a: Steelix
|-immune|p1a: Steelix
|
|-weather|RainDance|[upkeep]
|upkeep
|turn|3
|
|t:|1666142407
|switch|p2a: homosexual|Slowbro, M|100/100
|move|p1a: Steelix|Stealth Rock|p2a: homosexual
|-sidestart|p2: outd xurkitree|move: Stealth Rock
|
|-weather|RainDance|[upkeep]
|upkeep
|turn|4
|
|t:|1666142418
|switch|p1a: Tapu Lele|Tapu Lele|100/100
|-fieldstart|move: Psychic Terrain|[from] ability: Psychic Surge|[of] p1a: Tapu Lele
|move|p2a: homosexual|Flamethrower|p1a: Tapu Lele
|-damage|p1a: Tapu Lele|93/100
|
|-weather|RainDance|[upkeep]
|upkeep
|turn|5
|
|t:|1666142426
|switch|p2a: wife beater|Melmetal|100/100
|-damage|p2a: wife beater|94/100|[from] Stealth Rock
|move|p1a: Tapu Lele|Thunder|p2a: wife beater
|-damage|p2a: wife beater|62/100
|
|-weather|RainDance|[upkeep]
|-heal|p2a: wife beater|68/100|[from] item: Leftovers
|upkeep
|turn|6
|
|t:|1666142439
|switch|p1a: Steelix|Steelix, F|100/100
|move|p2a: wife beater|Superpower|p1a: Steelix
|-supereffective|p1a: Steelix
|-damage|p1a: Steelix|66/100
|-unboost|p2a: wife beater|atk|1
|-unboost|p2a: wife beater|def|1
|
|-weather|RainDance|[upkeep]
|-heal|p2a: wife beater|74/100|[from] item: Leftovers
|-heal|p1a: Steelix|72/100|[from] item: Leftovers
|upkeep
|turn|7
|
|t:|1666142462
|switch|p1a: Dhelmise|Dhelmise|100/100
|move|p2a: wife beater|Protect||[still]
|-fail|p2a: wife beater
|
|-weather|RainDance|[upkeep]
|-heal|p2a: wife beater|80/100|[from] item: Leftovers
|upkeep
|turn|8
|
|t:|1666142472
|move|p2a: wife beater|Toxic|p1a: Dhelmise
|-status|p1a: Dhelmise|tox
|move|p1a: Dhelmise|Anchor Shot|p2a: wife beater
|-resisted|p2a: wife beater
|-damage|p2a: wife beater|68/100
|-activate|p2a: wife beater|trapped
|
|-weather|none
|-heal|p2a: wife beater|74/100|[from] item: Leftovers
|-damage|p1a: Dhelmise|94/100 tox|[from] psn
|-fieldend|move: Psychic Terrain
|upkeep
|turn|9
|
|t:|1666142486
|move|p2a: wife beater|Double Iron Bash|p1a: Dhelmise
|-damage|p1a: Dhelmise|78/100 tox
|-damage|p2a: wife beater|58/100|[from] item: Rocky Helmet|[of] p1a: Dhelmise
|-damage|p1a: Dhelmise|62/100 tox
|-damage|p2a: wife beater|41/100|[from] item: Rocky Helmet|[of] p1a: Dhelmise
|-hitcount|p1a: Dhelmise|2
|cant|p1a: Dhelmise|flinch
|
|-heal|p2a: wife beater|47/100|[from] item: Leftovers
|-damage|p1a: Dhelmise|50/100 tox|[from] psn
|upkeep
|turn|10
|
|t:|1666142500
|move|p2a: wife beater|Protect|p2a: wife beater
|-singleturn|p2a: wife beater|Protect
|move|p1a: Dhelmise|Rest|p1a: Dhelmise
|-status|p1a: Dhelmise|slp|[from] move: Rest
|-heal|p1a: Dhelmise|100/100 slp|[silent]
|
|-heal|p2a: wife beater|53/100|[from] item: Leftovers
|upkeep
|turn|11
|
|t:|1666142508
|move|p2a: wife beater|Double Iron Bash|p1a: Dhelmise
|-damage|p1a: Dhelmise|84/100 slp
|-damage|p2a: wife beater|37/100|[from] item: Rocky Helmet|[of] p1a: Dhelmise
|-damage|p1a: Dhelmise|70/100 slp
|-damage|p2a: wife beater|20/100|[from] item: Rocky Helmet|[of] p1a: Dhelmise
|-hitcount|p1a: Dhelmise|2
|cant|p1a: Dhelmise|slp
|
|-heal|p2a: wife beater|26/100|[from] item: Leftovers
|upkeep
|turn|12
|j| Maghreb
|c|☆outd xurkitree|lol
|
|t:|1666142519
|move|p2a: wife beater|Double Iron Bash|p1a: Dhelmise
|-damage|p1a: Dhelmise|54/100 slp
|-damage|p2a: wife beater|10/100|[from] item: Rocky Helmet|[of] p1a: Dhelmise
|-damage|p1a: Dhelmise|37/100 slp
|-damage|p2a: wife beater|0 fnt|[from] item: Rocky Helmet|[of] p1a: Dhelmise
|faint|p2a: wife beater
|-hitcount|p1a: Dhelmise|2
|cant|p1a: Dhelmise|slp
|
|upkeep
|
|t:|1666142533
|switch|p2a: missing hurricane|Tornadus-Therian, M|100/100
|-damage|p2a: missing hurricane|76/100|[from] Stealth Rock
|turn|13
|
|t:|1666142545
|switch|p1a: Pelipper|Pelipper, F|100/100
|-weather|RainDance|[from] ability: Drizzle|[of] p1a: Pelipper
|move|p2a: missing hurricane|Hurricane|p1a: Pelipper
|-damage|p1a: Pelipper|46/100
|
|-weather|RainDance|[upkeep]
|upkeep
|turn|14
|j| phantausm
|
|t:|1666142578
|switch|p1a: Heliolisk|Heliolisk, F|70/100
|move|p2a: missing hurricane|Icy Wind|p1a: Heliolisk
|-damage|p1a: Heliolisk|57/100
|-unboost|p1a: Heliolisk|spe|1
|
|-weather|RainDance|[upkeep]
|-heal|p1a: Heliolisk|70/100|[from] ability: Dry Skin
|upkeep
|turn|15
|
|t:|1666142594
|move|p2a: missing hurricane|Knock Off|p1a: Heliolisk
|-damage|p1a: Heliolisk|23/100
|-enditem|p1a: Heliolisk|Assault Vest|[from] move: Knock Off|[of] p2a: missing hurricane
|move|p1a: Heliolisk|Volt Switch|p2a: missing hurricane
|-supereffective|p2a: missing hurricane
|-damage|p2a: missing hurricane|38/100
|
|t:|1666142603
|switch|p1a: Barraskewda|Barraskewda, F|100/100|[from]move: Volt Switch
|
|-weather|RainDance|[upkeep]
|upkeep
|turn|16
|
|t:|1666142610
|switch|p2a: homosexual|Slowbro, M|100/100
|-damage|p2a: homosexual|88/100|[from] Stealth Rock
|move|p1a: Barraskewda|Flip Turn|p2a: homosexual
|-resisted|p2a: homosexual
|-damage|p2a: homosexual|65/100
|-damage|p1a: Barraskewda|84/100|[from] item: Rocky Helmet|[of] p2a: homosexual
|
|t:|1666142618
|switch|p1a: Heliolisk|Heliolisk, F|23/100|[from]move: Flip Turn
|
|-weather|RainDance|[upkeep]
|-heal|p1a: Heliolisk|35/100|[from] ability: Dry Skin
|upkeep
|turn|17
|
|t:|1666142632
|switch|p2a: domestic violence|Rillaboom, M|100/100
|-damage|p2a: domestic violence|88/100|[from] Stealth Rock
|-fieldstart|move: Grassy Terrain|[from] ability: Grassy Surge|[of] p2a: domestic violence
|move|p1a: Heliolisk|Volt Switch|p2a: domestic violence
|-resisted|p2a: domestic violence
|-crit|p2a: domestic violence
|-damage|p2a: domestic violence|58/100
|
|t:|1666142635
|switch|p1a: Tapu Lele|Tapu Lele|93/100|[from]move: Volt Switch
|-fieldstart|move: Psychic Terrain|[from] ability: Psychic Surge|[of] p1a: Tapu Lele
|
|-weather|RainDance|[upkeep]
|upkeep
|turn|18
|
|t:|1666142653
|switch|p2a: homosexual|Slowbro, M|98/100
|-damage|p2a: homosexual|86/100|[from] Stealth Rock
|move|p1a: Tapu Lele|Moonblast|p2a: homosexual
|-damage|p2a: homosexual|25/100
|
|-weather|RainDance|[upkeep]
|upkeep
|turn|19
|
|t:|1666142666
|switch|p2a: missing hurricane|Tornadus-Therian, M|71/100
|-damage|p2a: missing hurricane|46/100|[from] Stealth Rock
|move|p1a: Tapu Lele|Thunder|p2a: missing hurricane
|-supereffective|p2a: missing hurricane
|-damage|p2a: missing hurricane|0 fnt
|faint|p2a: missing hurricane
|
|-weather|RainDance|[upkeep]
|upkeep
|
|t:|1666142669
|switch|p2a: domestic violence|Rillaboom, M|58/100
|-damage|p2a: domestic violence|46/100|[from] Stealth Rock
|-fieldstart|move: Grassy Terrain|[from] ability: Grassy Surge|[of] p2a: domestic violence
|turn|20
|
|t:|1666142703
|switch|p1a: Dhelmise|Dhelmise|37/100 slp
|move|p2a: domestic violence|Wood Hammer|p1a: Dhelmise
|-resisted|p1a: Dhelmise
|-damage|p1a: Dhelmise|0 fnt
|-damage|p2a: domestic violence|29/100|[from] item: Rocky Helmet|[of] p1a: Dhelmise
|faint|p1a: Dhelmise
|-damage|p2a: domestic violence|17/100|[from] Recoil
|
|-weather|none
|-heal|p2a: domestic violence|24/100|[from] Grassy Terrain
|upkeep
|
|t:|1666142713
|switch|p1a: Tapu Lele|Tapu Lele|93/100
|-fieldstart|move: Psychic Terrain|[from] ability: Psychic Surge|[of] p1a: Tapu Lele
|turn|21
|
|t:|1666142721
|switch|p2a: hi|Landorus-Therian, M|100/100
|-damage|p2a: hi|88/100|[from] Stealth Rock
|-ability|p2a: hi|Intimidate|boost
|-unboost|p1a: Tapu Lele|atk|1
|move|p1a: Tapu Lele|Moonblast|p2a: hi
|-damage|p2a: hi|46/100
|-unboost|p2a: hi|spa|1
|
|-heal|p2a: hi|52/100|[from] item: Leftovers
|upkeep
|turn|22
|
|t:|1666142742
|switch|p1a: Pelipper|Pelipper, F|46/100
|-weather|RainDance|[from] ability: Drizzle|[of] p1a: Pelipper
|move|p2a: hi|Defog|p1a: Pelipper
|-unboost|p1a: Pelipper|evasion|1
|-sideend|p2: outd xurkitree|Stealth Rock|[from] move: Defog|[of] p2a: hi
|-fieldend|move: Psychic Terrain
|
|-weather|RainDance|[upkeep]
|-heal|p2a: hi|58/100|[from] item: Leftovers
|upkeep
|turn|23
|
|t:|1666142763
|switch|p2a: homosexual|Slowbro, M|58/100
|move|p1a: Pelipper|Scald|p2a: homosexual
|-resisted|p2a: homosexual
|-damage|p2a: homosexual|38/100
|
|-weather|RainDance|[upkeep]
|upkeep
|turn|24
|
|t:|1666142774
|move|p1a: Pelipper|Hurricane|p2a: homosexual
|-damage|p2a: homosexual|1/100
|move|p2a: homosexual|Teleport|p2a: homosexual
|
|t:|1666142780
|switch|p2a: christmas lights|Xurkitree, shiny|76/100|[from]move: Teleport
|
|-weather|RainDance|[upkeep]
|upkeep
|turn|25
|
|t:|1666142791
|switch|p1a: Steelix|Steelix, F|72/100
|move|p2a: christmas lights|Energy Ball|p1a: Steelix
|-damage|p1a: Steelix|27/100
|-unboost|p1a: Steelix|spd|1
|
|-weather|RainDance|[upkeep]
|-heal|p1a: Steelix|34/100|[from] item: Leftovers
|upkeep
|turn|26
|
|t:|1666142820
|switch|p1a: Heliolisk|Heliolisk, F|35/100
|move|p2a: christmas lights|Energy Ball|p1a: Heliolisk
|-damage|p1a: Heliolisk|0 fnt
|faint|p1a: Heliolisk
|-ability|p2a: christmas lights|Beast Boost|boost
|-boost|p2a: christmas lights|spa|1
|
|-weather|RainDance|[upkeep]
|upkeep
|
|t:|1666142823
|switch|p1a: Barraskewda|Barraskewda, F|84/100
|turn|27
|
|t:|1666142833
|switch|p2a: hi|Landorus-Therian, M|58/100
|-ability|p2a: hi|Intimidate|boost
|-unboost|p1a: Barraskewda|atk|1
|move|p1a: Barraskewda|Flip Turn|p2a: hi
|-supereffective|p2a: hi
|-damage|p2a: hi|0 fnt
|faint|p2a: hi
|
|t:|1666142840
|switch|p1a: Steelix|Steelix, F|34/100|[from]move: Flip Turn
|
|-weather|RainDance|[upkeep]
|-heal|p1a: Steelix|40/100|[from] item: Leftovers
|upkeep
|
|t:|1666142843
|switch|p2a: homosexual|Slowbro, M|34/100
|turn|28
|
|t:|1666142866
|switch|p1a: Tapu Lele|Tapu Lele|93/100
|-fieldstart|move: Psychic Terrain|[from] ability: Psychic Surge|[of] p1a: Tapu Lele
|move|p2a: homosexual|Slack Off|p2a: homosexual
|-heal|p2a: homosexual|84/100
|
|-weather|RainDance|[upkeep]
|upkeep
|turn|29
|
|t:|1666142878
|move|p1a: Tapu Lele|Moonblast|p2a: homosexual
|-damage|p2a: homosexual|31/100
|move|p2a: homosexual|Teleport|p2a: homosexual
|
|t:|1666142880
|switch|p2a: domestic violence|Rillaboom, M|24/100|[from]move: Teleport
|-fieldstart|move: Grassy Terrain|[from] ability: Grassy Surge|[of] p2a: domestic violence
|
|-weather|none
|-heal|p1a: Tapu Lele|99/100|[from] Grassy Terrain
|-heal|p2a: domestic violence|30/100|[from] Grassy Terrain
|upkeep
|turn|30
|
|t:|1666142899
|switch|p1a: Pelipper|Pelipper, F|46/100
|-weather|RainDance|[from] ability: Drizzle|[of] p1a: Pelipper
|move|p2a: domestic violence|Grassy Glide|p1a: Pelipper
|-crit|p1a: Pelipper
|-damage|p1a: Pelipper|0 fnt
|faint|p1a: Pelipper
|
|-weather|RainDance|[upkeep]
|-heal|p2a: domestic violence|36/100|[from] Grassy Terrain
|upkeep
|
|t:|1666142905
|switch|p1a: Tapu Lele|Tapu Lele|99/100
|-fieldstart|move: Psychic Terrain|[from] ability: Psychic Surge|[of] p1a: Tapu Lele
|turn|31
|
|t:|1666142924
|switch|p2a: homosexual|Slowbro, M|65/100
|move|p1a: Tapu Lele|Moonblast|p2a: homosexual
|-damage|p2a: homosexual|13/100
|
|-weather|RainDance|[upkeep]
|upkeep
|turn|32
|inactive|Battle timer is ON: inactive players will automatically lose when time's up. (requested by SuperTheoryBros)
|
|t:|1666142932
|switch|p2a: christmas lights|Xurkitree, shiny|76/100
|move|p1a: Tapu Lele|Moonblast|p2a: christmas lights
|-damage|p2a: christmas lights|2/100
|-unboost|p2a: christmas lights|spa|1
|
|-weather|RainDance|[upkeep]
|upkeep
|turn|33
|
|t:|1666142946
|move|p1a: Tapu Lele|Moonblast|p2a: christmas lights
|-damage|p2a: christmas lights|0 fnt
|faint|p2a: christmas lights
|
|-weather|RainDance|[upkeep]
|upkeep
|
|t:|1666142948
|switch|p2a: domestic violence|Rillaboom, M|36/100
|-fieldstart|move: Grassy Terrain|[from] ability: Grassy Surge|[of] p2a: domestic violence
|turn|34
|
|t:|1666142972
|switch|p1a: Barraskewda|Barraskewda, F|84/100
|move|p2a: domestic violence|U-turn|p1a: Barraskewda
|-damage|p1a: Barraskewda|5/100
|
|t:|1666142974
|switch|p2a: homosexual|Slowbro, M|46/100|[from]move: U-turn
|
|-weather|RainDance|[upkeep]
|-heal|p1a: Barraskewda|11/100|[from] Grassy Terrain
|-heal|p2a: homosexual|52/100|[from] Grassy Terrain
|upkeep
|turn|35
|
|t:|1666142986
|move|p1a: Barraskewda|Flip Turn|p2a: homosexual
|-resisted|p2a: homosexual
|-crit|p2a: homosexual
|-damage|p2a: homosexual|21/100
|-damage|p1a: Barraskewda|0 fnt|[from] item: Rocky Helmet|[of] p2a: homosexual
|faint|p1a: Barraskewda
|move|p2a: homosexual|Teleport|p2a: homosexual
|
|t:|1666142991
|switch|p2a: domestic violence|Rillaboom, M|36/100|[from]move: Teleport
|
|-weather|RainDance|[upkeep]
|-heal|p2a: domestic violence|42/100|[from] Grassy Terrain
|upkeep
|l| Maghreb
|
|t:|1666142998
|switch|p1a: Tapu Lele|Tapu Lele|99/100
|-fieldstart|move: Psychic Terrain|[from] ability: Psychic Surge|[of] p1a: Tapu Lele
|turn|36
|
|t:|1666143005
|switch|p2a: homosexual|Slowbro, M|54/100
|move|p1a: Tapu Lele|Moonblast|p2a: homosexual
|-damage|p2a: homosexual|0 fnt
|faint|p2a: homosexual
|
|-weather|RainDance|[upkeep]
|upkeep
|
|t:|1666143006
|switch|p2a: domestic violence|Rillaboom, M|42/100
|-fieldstart|move: Grassy Terrain|[from] ability: Grassy Surge|[of] p2a: domestic violence
|turn|37
|
|t:|1666143011
|switch|p1a: Steelix|Steelix, F|40/100
|move|p2a: domestic violence|Grassy Glide|p1a: Steelix
|-damage|p1a: Steelix|0 fnt
|faint|p1a: Steelix
|
|-weather|none
|-heal|p2a: domestic violence|48/100|[from] Grassy Terrain
|upkeep
|
|t:|1666143014
|switch|p1a: Tapu Lele|Tapu Lele|99/100
|-fieldstart|move: Psychic Terrain|[from] ability: Psychic Surge|[of] p1a: Tapu Lele
|turn|38
|
|t:|1666143020
|move|p1a: Tapu Lele|Moonblast|p2a: domestic violence
|-damage|p2a: domestic violence|0 fnt
|faint|p2a: domestic violence
|
|win|SuperTheoryBros
|raw|SuperTheoryBros's rating: 1570 &rarr; <strong>1590</strong><br />(+20 for winning)
|raw|outd xurkitree's rating: 1576 &rarr; <strong>1556</strong><br />(-20 for losing)
|l|☆outd xurkitree
||Ladder isn't responding, score probably updated but might not have (Request timeout).
