|j|☆pokeace96
|j|☆Commando 55
|t:|1595911826
|player|p1|pokeace96|steven|1684
|player|p2|Commando 55|iris-gen5bw2|1799
|teamsize|p1|6
|teamsize|p2|6
|gametype|singles
|gen|8
|tier|[Gen 8] OU
|rated|
|html|<div class="broadcast-blue"><strong>OU is currently suspecting Magearna! For information on how to participate check out the <a href="https://www.smogon.com/forums/threads/3667669/">suspect thread</a>.</strong></div>
|clearpoke
|poke|p1|Toxapex, F|
|poke|p1|Hippowdon, M|
|poke|p1|Excadrill, F|
|poke|p1|Hydreigon, M|
|poke|p1|Scizor, M|
|poke|p1|Clefable, F|
|poke|p2|Torkoal, F|
|poke|p2|Talonflame, F|
|poke|p2|Cinderace, M|
|poke|p2|Vaporeon, M|
|poke|p2|Weezing-Galar, F|
|poke|p2|Blissey, F|
|rule|Sleep Clause Mod: Limit one foe put to sleep
|rule|Species Clause: Limit one of each Pokémon
|rule|OHKO Clause: OHKO moves are banned
|rule|Evasion Moves Clause: Evasion moves are banned
|rule|Endless Battle Clause: Forcing endless battles is banned
|rule|HP Percentage Mod: HP is shown in percentages
|rule|Dynamax Clause: You cannot dynamax
|teampreview
|j| T e u f e l l
|inactive|Battle timer is ON: inactive players will automatically lose when time's up. (requested by Commando 55)
|j| hyperreality
|inactive|pokeace96 has 120 seconds left.
|
|t:|1595911874
|start
|switch|p1a: Scizor|Scizor, M|100/100
|switch|p2a: Cinderace|Cinderace, M, shiny|100/100
|turn|1
|
|t:|1595911881
|switch|p1a: Hippowdon|Hippowdon, M|100/100
|-weather|Sandstorm|[from] ability: Sand Stream|[of] p1a: Hippowdon
|move|p2a: Cinderace|Work Up|p2a: Cinderace
|-start|p2a: Cinderace|typechange|Normal|[from] ability: Libero
|-boost|p2a: Cinderace|atk|1
|-boost|p2a: Cinderace|spa|1
|
|-weather|Sandstorm|[upkeep]
|-damage|p2a: Cinderace|95/100|[from] Sandstorm
|upkeep
|turn|2
|j| I'm at my LIMIT!
|j| lvalvalva
|j| Trash server pls
|
|t:|1595911894
|move|p2a: Cinderace|High Jump Kick|p1a: Hippowdon
|-start|p2a: Cinderace|typechange|Fighting|[from] ability: Libero
|-damage|p1a: Hippowdon|46/100
|-damage|p2a: Cinderace|78/100|[from] item: Rocky Helmet|[of] p1a: Hippowdon
|-damage|p2a: Cinderace|68/100|[from] item: Life Orb
|move|p1a: Hippowdon|Whirlwind|p2a: Cinderace
|drag|p2a: Talonflame|Talonflame, F|100/100
|
|-weather|Sandstorm|[upkeep]
|-damage|p2a: Talonflame|94/100|[from] Sandstorm
|upkeep
|turn|3
|j| miss satanas
|
|t:|1595911905
|move|p2a: Talonflame|Toxic|p1a: Hippowdon
|-status|p1a: Hippowdon|tox
|move|p1a: Hippowdon|Slack Off|p1a: Hippowdon
|-heal|p1a: Hippowdon|96/100 tox
|
|-weather|Sandstorm|[upkeep]
|-damage|p2a: Talonflame|88/100|[from] Sandstorm
|-damage|p1a: Hippowdon|90/100 tox|[from] psn
|upkeep
|turn|4
|
|t:|1595911909
|switch|p2a: Weezing|Weezing-Galar, F|100/100
|move|p1a: Hippowdon|Stealth Rock|p2a: Weezing
|-sidestart|p2: Commando 55|move: Stealth Rock
|
|-weather|Sandstorm|[upkeep]
|-damage|p2a: Weezing|95/100|[from] Sandstorm
|-heal|p2a: Weezing|100/100|[from] item: Black Sludge
|-damage|p1a: Hippowdon|77/100 tox|[from] psn
|upkeep
|turn|5
|
|t:|1595911925
|switch|p1a: Excadrill|Excadrill, F|100/100
|move|p2a: Weezing|Defog|p1a: Excadrill
|-unboost|p1a: Excadrill|evasion|1
|-sideend|p2: Commando 55|Stealth Rock|[from] move: Defog|[of] p2a: Weezing
|
|-weather|none
|upkeep
|turn|6
|
|t:|1595911937
|switch|p2a: Vaporeon|Vaporeon, M|100/100
|move|p1a: Excadrill|Iron Head|p2a: Vaporeon
|-resisted|p2a: Vaporeon
|-damage|p2a: Vaporeon|85/100
|
|-heal|p2a: Vaporeon|91/100|[from] item: Leftovers
|upkeep
|turn|7
|j| zzion
|inactive|pokeace96 has 120 seconds left.
|
|t:|1595911965
|move|p1a: Excadrill|Toxic|p2a: Vaporeon
|-status|p2a: Vaporeon|tox
|move|p2a: Vaporeon|Flip Turn|p1a: Excadrill
|-supereffective|p1a: Excadrill
|-damage|p1a: Excadrill|57/100
|j| wintrylove125
|
|t:|1595911974
|switch|p2a: Cinderace|Cinderace, M, shiny|68/100|[from]move: Flip Turn
|
|-heal|p1a: Excadrill|63/100|[from] item: Leftovers
|upkeep
|turn|8
|
|t:|1595911991
|switch|p1a: Hippowdon|Hippowdon, M|77/100 tox
|-weather|Sandstorm|[from] ability: Sand Stream|[of] p1a: Hippowdon
|move|p2a: Cinderace|Work Up|p2a: Cinderace
|-start|p2a: Cinderace|typechange|Normal|[from] ability: Libero
|-boost|p2a: Cinderace|atk|1
|-boost|p2a: Cinderace|spa|1
|
|-weather|Sandstorm|[upkeep]
|-damage|p2a: Cinderace|62/100|[from] Sandstorm
|-damage|p1a: Hippowdon|71/100 tox|[from] psn
|upkeep
|turn|9
|
|t:|1595912004
|switch|p2a: Weezing|Weezing-Galar, F|100/100
|move|p1a: Hippowdon|Slack Off|p1a: Hippowdon
|-heal|p1a: Hippowdon|100/100 tox
|
|-weather|Sandstorm|[upkeep]
|-damage|p2a: Weezing|95/100|[from] Sandstorm
|-heal|p2a: Weezing|100/100|[from] item: Black Sludge
|-damage|p1a: Hippowdon|88/100 tox|[from] psn
|upkeep
|turn|10
|n| lalawee|wintrylove125
|l| lalawee
|
|t:|1595912022
|switch|p1a: Toxapex|Toxapex, F|100/100
|move|p2a: Weezing|Will-O-Wisp|p1a: Toxapex
|-status|p1a: Toxapex|brn
|
|-weather|Sandstorm|[upkeep]
|-damage|p2a: Weezing|95/100|[from] Sandstorm
|-damage|p1a: Toxapex|95/100 brn|[from] Sandstorm
|-heal|p2a: Weezing|100/100|[from] item: Black Sludge
|-heal|p1a: Toxapex|100/100 brn|[from] item: Black Sludge
|-damage|p1a: Toxapex|95/100 brn|[from] brn
|upkeep
|turn|11
|j| HYper
|l| I'm at my LIMIT!
|
|t:|1595912029
|move|p2a: Weezing|Corrosive Gas|p1a: Toxapex
|-enditem|p1a: Toxapex|Black Sludge|[from] move: Corrosive Gas|[of] p2a: Weezing
|move|p1a: Toxapex|Knock Off|p2a: Weezing
|-resisted|p2a: Weezing
|-damage|p2a: Weezing|98/100
|-enditem|p2a: Weezing|Black Sludge|[from] move: Knock Off|[of] p1a: Toxapex
|
|-weather|Sandstorm|[upkeep]
|-damage|p2a: Weezing|92/100|[from] Sandstorm
|-damage|p1a: Toxapex|89/100 brn|[from] Sandstorm
|-damage|p1a: Toxapex|83/100 brn|[from] brn
|upkeep
|turn|12
|j| I'm at my LIMIT!
|l| T e u f e l l
|
|t:|1595912048
|switch|p2a: Blissey|Blissey, F|100/100
|move|p1a: Toxapex|Knock Off|p2a: Blissey
|-damage|p2a: Blissey|94/100
|-enditem|p2a: Blissey|Heavy-Duty Boots|[from] move: Knock Off|[of] p1a: Toxapex
|
|-weather|none
|-damage|p1a: Toxapex|77/100 brn|[from] brn
|upkeep
|turn|13
|
|t:|1595912055
|move|p1a: Toxapex|Scald|p2a: Blissey
|-damage|p2a: Blissey|88/100
|move|p2a: Blissey|Teleport|p2a: Blissey
|j| T e u f e l l
|l| I'm at my LIMIT!
|
|t:|1595912063
|switch|p2a: Torkoal|Torkoal, F|100/100|[from]move: Teleport
|-weather|SunnyDay|[from] ability: Drought|[of] p2a: Torkoal
|
|-weather|SunnyDay|[upkeep]
|-damage|p1a: Toxapex|71/100 brn|[from] brn
|upkeep
|turn|14
|
|t:|1595912069
|move|p1a: Toxapex|Knock Off|p2a: Torkoal
|-damage|p2a: Torkoal|97/100
|-enditem|p2a: Torkoal|Heavy-Duty Boots|[from] move: Knock Off|[of] p1a: Toxapex
|move|p2a: Torkoal|Stealth Rock|p1a: Toxapex
|-sidestart|p1: pokeace96|move: Stealth Rock
|
|-weather|SunnyDay|[upkeep]
|-damage|p1a: Toxapex|65/100 brn|[from] brn
|upkeep
|turn|15
|
|t:|1595912080
|switch|p2a: Blissey|Blissey, F|88/100
|move|p1a: Toxapex|Recover|p1a: Toxapex
|-heal|p1a: Toxapex|100/100 brn
|
|-weather|SunnyDay|[upkeep]
|-damage|p1a: Toxapex|95/100 brn|[from] brn
|upkeep
|turn|16
|
|t:|1595912089
|move|p2a: Blissey|Seismic Toss|p1a: Toxapex
|-damage|p1a: Toxapex|62/100 brn
|move|p1a: Toxapex|Knock Off|p2a: Blissey
|-damage|p2a: Blissey|84/100
|
|-weather|SunnyDay|[upkeep]
|-damage|p1a: Toxapex|56/100 brn|[from] brn
|upkeep
|turn|17
|
|t:|1595912093
|move|p2a: Blissey|Seismic Toss|p1a: Toxapex
|-damage|p1a: Toxapex|23/100 brn
|move|p1a: Toxapex|Recover|p1a: Toxapex
|-heal|p1a: Toxapex|73/100 brn
|
|-weather|none
|-damage|p1a: Toxapex|67/100 brn|[from] brn
|upkeep
|turn|18
|
|t:|1595912103
|switch|p1a: Hippowdon|Hippowdon, M|88/100 tox
|-damage|p1a: Hippowdon|82/100 tox|[from] Stealth Rock
|-weather|Sandstorm|[from] ability: Sand Stream|[of] p1a: Hippowdon
|move|p2a: Blissey|Seismic Toss|p1a: Hippowdon
|-damage|p1a: Hippowdon|58/100 tox
|-damage|p2a: Blissey|67/100|[from] item: Rocky Helmet|[of] p1a: Hippowdon
|
|-weather|Sandstorm|[upkeep]
|-damage|p2a: Blissey|61/100|[from] Sandstorm
|-damage|p1a: Hippowdon|52/100 tox|[from] psn
|upkeep
|turn|19
|
|t:|1595912108
|move|p2a: Blissey|Soft-Boiled|p2a: Blissey
|-heal|p2a: Blissey|100/100
|move|p1a: Hippowdon|Stealth Rock|p2a: Blissey
|-sidestart|p2: Commando 55|move: Stealth Rock
|
|-weather|Sandstorm|[upkeep]
|-damage|p2a: Blissey|94/100|[from] Sandstorm
|-damage|p1a: Hippowdon|40/100 tox|[from] psn
|upkeep
|turn|20
|
|t:|1595912112
|move|p1a: Hippowdon|Slack Off|p1a: Hippowdon
|-heal|p1a: Hippowdon|90/100 tox
|move|p2a: Blissey|Teleport|p2a: Blissey
|j| arn.av136
|
|t:|1595912118
|switch|p2a: Weezing|Weezing-Galar, F|92/100|[from]move: Teleport
|-damage|p2a: Weezing|80/100|[from] Stealth Rock
|
|-weather|Sandstorm|[upkeep]
|-damage|p2a: Weezing|74/100|[from] Sandstorm
|-damage|p1a: Hippowdon|71/100 tox|[from] psn
|upkeep
|turn|21
|l| lvalvalva
|j| duren13
|
|t:|1595912140
|switch|p1a: Clefable|Clefable, F|100/100
|move|p2a: Weezing|Will-O-Wisp|p1a: Clefable
|-status|p1a: Clefable|brn
|
|-weather|Sandstorm|[upkeep]
|-damage|p2a: Weezing|68/100|[from] Sandstorm
|upkeep
|turn|22
|
|t:|1595912147
|move|p1a: Clefable|Calm Mind|p1a: Clefable
|-boost|p1a: Clefable|spa|1
|-boost|p1a: Clefable|spd|1
|move|p2a: Weezing|Defog|p1a: Clefable
|-unboost|p1a: Clefable|evasion|1
|-sideend|p1: pokeace96|Stealth Rock|[from] move: Defog|[of] p2a: Weezing
|-sideend|p2: Commando 55|Stealth Rock|[from] move: Defog|[of] p2a: Weezing
|
|-weather|none
|upkeep
|turn|23
|
|t:|1595912155
|switch|p2a: Blissey|Blissey, F|94/100
|move|p1a: Clefable|Calm Mind|p1a: Clefable
|-boost|p1a: Clefable|spa|1
|-boost|p1a: Clefable|spd|1
|
|upkeep
|turn|24
|
|t:|1595912160
|move|p1a: Clefable|Moonblast|p2a: Blissey
|-damage|p2a: Blissey|72/100
|move|p2a: Blissey|Seismic Toss|p1a: Clefable
|-damage|p1a: Clefable|75/100 brn
|
|-heal|p1a: Clefable|81/100 brn|[from] item: Leftovers
|upkeep
|turn|25
|l| T e u f e l l
|
|t:|1595912167
|move|p1a: Clefable|Calm Mind|p1a: Clefable
|-boost|p1a: Clefable|spa|1
|-boost|p1a: Clefable|spd|1
|move|p2a: Blissey|Seismic Toss|p1a: Clefable
|-damage|p1a: Clefable|56/100 brn
|
|-heal|p1a: Clefable|62/100 brn|[from] item: Leftovers
|upkeep
|turn|26
|
|t:|1595912170
|move|p1a: Clefable|Calm Mind|p1a: Clefable
|-boost|p1a: Clefable|spa|1
|-boost|p1a: Clefable|spd|1
|move|p2a: Blissey|Seismic Toss|p1a: Clefable
|-damage|p1a: Clefable|37/100 brn
|
|-heal|p1a: Clefable|43/100 brn|[from] item: Leftovers
|upkeep
|turn|27
|
|t:|1595912173
|move|p1a: Clefable|Soft-Boiled|p1a: Clefable
|-heal|p1a: Clefable|93/100 brn
|move|p2a: Blissey|Seismic Toss|p1a: Clefable
|-damage|p1a: Clefable|67/100 brn
|
|-heal|p1a: Clefable|73/100 brn|[from] item: Leftovers
|upkeep
|turn|28
|j| T e u f e l l
|
|t:|1595912179
|move|p1a: Clefable|Moonblast|p2a: Blissey
|-damage|p2a: Blissey|40/100
|-unboost|p2a: Blissey|spa|1
|move|p2a: Blissey|Seismic Toss|p1a: Clefable
|-damage|p1a: Clefable|48/100 brn
|
|-heal|p1a: Clefable|54/100 brn|[from] item: Leftovers
|upkeep
|turn|29
|
|t:|1595912184
|move|p1a: Clefable|Soft-Boiled|p1a: Clefable
|-heal|p1a: Clefable|100/100 brn
|move|p2a: Blissey|Soft-Boiled|p2a: Blissey
|-heal|p2a: Blissey|90/100
|
|upkeep
|turn|30
|
|t:|1595912189
|move|p1a: Clefable|Calm Mind|p1a: Clefable
|-boost|p1a: Clefable|spa|1
|-boost|p1a: Clefable|spd|1
|move|p2a: Blissey|Seismic Toss|p1a: Clefable
|-damage|p1a: Clefable|75/100 brn
|
|-heal|p1a: Clefable|81/100 brn|[from] item: Leftovers
|upkeep
|turn|31
|
|t:|1595912200
|switch|p2a: Torkoal|Torkoal, F|97/100
|-weather|SunnyDay|[from] ability: Drought|[of] p2a: Torkoal
|move|p1a: Clefable|Calm Mind|p1a: Clefable
|-boost|p1a: Clefable|spa|1
|-boost|p1a: Clefable|spd|1
|
|-weather|SunnyDay|[upkeep]
|-heal|p1a: Clefable|87/100 brn|[from] item: Leftovers
|upkeep
|turn|32
|l| T e u f e l l
|
|t:|1595912211
|switch|p2a: Blissey|Blissey, F|90/100
|move|p1a: Clefable|Moonblast|p2a: Blissey
|-damage|p2a: Blissey|42/100
|
|-weather|SunnyDay|[upkeep]
|-heal|p1a: Clefable|93/100 brn|[from] item: Leftovers
|upkeep
|turn|33
|j| Devilex
|j| T e u f e l l
|
|t:|1595912229
|move|p1a: Clefable|Moonblast|p2a: Blissey
|-damage|p2a: Blissey|0 fnt
|faint|p2a: Blissey
|
|-weather|SunnyDay|[upkeep]
|-heal|p1a: Clefable|99/100 brn|[from] item: Leftovers
|upkeep
|
|t:|1595912233
|switch|p2a: Talonflame|Talonflame, F|88/100
|turn|34
|
|t:|1595912238
|move|p2a: Talonflame|Flare Blitz|p1a: Clefable
|-damage|p1a: Clefable|15/100 brn
|-damage|p2a: Talonflame|52/100|[from] Recoil
|move|p1a: Clefable|Moonblast|p2a: Talonflame
|-resisted|p2a: Talonflame
|-damage|p2a: Talonflame|0 fnt
|faint|p2a: Talonflame
|
|-weather|SunnyDay|[upkeep]
|-heal|p1a: Clefable|22/100 brn|[from] item: Leftovers
|upkeep
|
|t:|1595912241
|switch|p2a: Cinderace|Cinderace, M, shiny|62/100
|turn|35
|j| Promii
|
|t:|1595912251
|switch|p1a: Hippowdon|Hippowdon, M|71/100 tox
|-weather|Sandstorm|[from] ability: Sand Stream|[of] p1a: Hippowdon
|move|p2a: Cinderace|Pyro Ball|p1a: Hippowdon
|-damage|p1a: Hippowdon|35/100 tox
|-damage|p2a: Cinderace|52/100|[from] item: Life Orb
|
|-weather|Sandstorm|[upkeep]
|-damage|p2a: Cinderace|46/100|[from] Sandstorm
|-damage|p1a: Hippowdon|28/100 tox|[from] psn
|upkeep
|turn|36
|
|t:|1595912267
|switch|p1a: Toxapex|Toxapex, F|99/100 brn
|move|p2a: Cinderace|Pyro Ball|p1a: Toxapex
|-resisted|p1a: Toxapex
|-damage|p1a: Toxapex|73/100 brn
|-damage|p2a: Cinderace|36/100|[from] item: Life Orb
|
|-weather|Sandstorm|[upkeep]
|-damage|p2a: Cinderace|30/100|[from] Sandstorm
|-damage|p1a: Toxapex|67/100 brn|[from] Sandstorm
|-damage|p1a: Toxapex|61/100 brn|[from] brn
|upkeep
|turn|37
|
|t:|1595912289
|switch|p1a: Clefable|Clefable, F|22/100 brn
|move|p2a: Cinderace|Electro Ball|p1a: Clefable
|-start|p2a: Cinderace|typechange|Electric|[from] ability: Libero
|-damage|p1a: Clefable|0 fnt
|-damage|p2a: Cinderace|20/100|[from] item: Life Orb
|faint|p1a: Clefable
|
|-weather|Sandstorm|[upkeep]
|-damage|p2a: Cinderace|14/100|[from] Sandstorm
|upkeep
|inactive|pokeace96 has 120 seconds left.
|
|t:|1595912306
|switch|p1a: Excadrill|Excadrill, F|63/100
|turn|38
|
|t:|1595912313
|switch|p2a: Torkoal|Torkoal, F|97/100
|-weather|SunnyDay|[from] ability: Drought|[of] p2a: Torkoal
|move|p1a: Excadrill|Iron Head|p2a: Torkoal
|-resisted|p2a: Torkoal
|-damage|p2a: Torkoal|86/100
|
|-weather|SunnyDay|[upkeep]
|-heal|p1a: Excadrill|69/100|[from] item: Leftovers
|upkeep
|turn|39
|
|t:|1595912327
|switch|p1a: Hydreigon|Hydreigon, M|100/100
|move|p2a: Torkoal|Lava Plume|p1a: Hydreigon
|-resisted|p1a: Hydreigon
|-damage|p1a: Hydreigon|79/100
|-status|p1a: Hydreigon|brn
|
|-weather|SunnyDay|[upkeep]
|-damage|p1a: Hydreigon|72/100 brn|[from] brn
|upkeep
|turn|40
|j| I'm at my LIMIT!
|
|t:|1595912336
|switch|p2a: Weezing|Weezing-Galar, F|68/100
|move|p1a: Hydreigon|Draco Meteor|p2a: Weezing
|-immune|p2a: Weezing
|
|-weather|SunnyDay|[upkeep]
|-damage|p1a: Hydreigon|66/100 brn|[from] brn
|upkeep
|turn|41
|
|t:|1595912345
|move|p1a: Hydreigon|Flash Cannon|p2a: Weezing
|-supereffective|p2a: Weezing
|-damage|p2a: Weezing|0 fnt
|-damage|p1a: Hydreigon|57/100 brn|[from] item: Life Orb
|faint|p2a: Weezing
|
|-weather|SunnyDay|[upkeep]
|-damage|p1a: Hydreigon|50/100 brn|[from] brn
|upkeep
|l| T e u f e l l
|
|t:|1595912360
|switch|p2a: Cinderace|Cinderace, M, shiny|14/100
|turn|42
|
|t:|1595912364
|switch|p2a: Vaporeon|Vaporeon, M|91/100 tox
|switch|p1a: Hippowdon|Hippowdon, M|28/100 tox
|-weather|Sandstorm|[from] ability: Sand Stream|[of] p1a: Hippowdon
|
|-weather|Sandstorm|[upkeep]
|-damage|p2a: Vaporeon|85/100 tox|[from] Sandstorm
|-heal|p2a: Vaporeon|91/100 tox|[from] item: Leftovers
|-damage|p2a: Vaporeon|85/100 tox|[from] psn
|-damage|p1a: Hippowdon|22/100 tox|[from] psn
|upkeep
|turn|43
|j| T e u f e l l
|
|t:|1595912372
|switch|p1a: Scizor|Scizor, M|100/100
|move|p2a: Vaporeon|Wish|p2a: Vaporeon
|
|-weather|Sandstorm|[upkeep]
|-damage|p2a: Vaporeon|79/100 tox|[from] Sandstorm
|-heal|p2a: Vaporeon|85/100 tox|[from] item: Leftovers
|-damage|p2a: Vaporeon|72/100 tox|[from] psn
|upkeep
|turn|44
|j| Inthewild
|
|t:|1595912384
|move|p1a: Scizor|Sand Tomb|p2a: Vaporeon
|-damage|p2a: Vaporeon|51/100 tox
|-activate|p2a: Vaporeon|move: Sand Tomb|[of] p1a: Scizor
|move|p2a: Vaporeon|Flip Turn|p1a: Scizor
|-damage|p1a: Scizor|84/100
|
|t:|1595912389
|switch|p2a: Cinderace|Cinderace, M, shiny|14/100|[from]move: Flip Turn
|
|-weather|Sandstorm|[upkeep]
|-damage|p2a: Cinderace|8/100|[from] Sandstorm
|-heal|p2a: Cinderace|85/100|[from] move: Wish|[wisher] Vaporeon
|upkeep
|turn|45
|
|t:|1595912410
|move|p2a: Cinderace|Pyro Ball|p1a: Scizor
|-supereffective|p1a: Scizor
|-damage|p1a: Scizor|0 fnt
|-damage|p2a: Cinderace|75/100|[from] item: Life Orb
|faint|p1a: Scizor
|
|-weather|Sandstorm|[upkeep]
|-damage|p2a: Cinderace|69/100|[from] Sandstorm
|upkeep
|
|t:|1595912415
|switch|p1a: Excadrill|Excadrill, F|69/100
|turn|46
|
|t:|1595912420
|switch|p2a: Torkoal|Torkoal, F|86/100
|-weather|SunnyDay|[from] ability: Drought|[of] p2a: Torkoal
|move|p1a: Excadrill|Earthquake|p2a: Torkoal
|-supereffective|p2a: Torkoal
|-damage|p2a: Torkoal|25/100
|
|-weather|SunnyDay|[upkeep]
|-heal|p1a: Excadrill|75/100|[from] item: Leftovers
|upkeep
|turn|47
|
|t:|1595912436
|switch|p2a: Vaporeon|Vaporeon, M|51/100 tox
|move|p1a: Excadrill|Earthquake|p2a: Vaporeon
|-damage|p2a: Vaporeon|16/100 tox
|
|-weather|SunnyDay|[upkeep]
|-heal|p1a: Excadrill|81/100|[from] item: Leftovers
|-heal|p2a: Vaporeon|22/100 tox|[from] item: Leftovers
|-damage|p2a: Vaporeon|16/100 tox|[from] psn
|upkeep
|turn|48
|l| I'm at my LIMIT!
|l| Inthewild
|
|t:|1595912446
|move|p1a: Excadrill|Rapid Spin|p2a: Vaporeon
|-damage|p2a: Vaporeon|2/100 tox
|-boost|p1a: Excadrill|spe|1
|move|p2a: Vaporeon|Flip Turn|p1a: Excadrill
|-supereffective|p1a: Excadrill
|-damage|p1a: Excadrill|61/100
|-message|Commando 55 forfeited.
|
|win|pokeace96
|l|☆Commando 55
|raw|pokeace96's rating: 1684 &rarr; <strong>1710</strong><br />(+26 for winning)
|raw|Commando 55's rating: 1799 &rarr; <strong>1772</strong><br />(-27 for losing)
|c| Devilex|damn
|l| arn.av136
|l| hyperreality
|c| Devilex|nice play with the rapid spin
|l| T e u f e l l
|c| zzion|?
|l| miss satanas
|c| zzion|just get sand back up?
|l| duren13
|l|☆pokeace96
