|j|☆playeraccount
|j|☆Anoxx17
|t:|1665301182
|gametype|singles
|player|p1|playeraccount|102|1344
|player|p2|Anoxx17|n|1335
|teamsize|p1|6
|teamsize|p2|6
|gen|8
|tier|[Gen 8] OU
|rated|
|rule|Sleep Clause Mod: Limit one foe put to sleep
|rule|Species Clause: Limit one of each Pokémon
|rule|OHKO Clause: OHKO moves are banned
|rule|Evasion Items Clause: Evasion items are banned
|rule|Evasion Moves Clause: Evasion moves are banned
|rule|Endless Battle Clause: Forcing endless battles is banned
|rule|HP Percentage Mod: HP is shown in percentages
|rule|Dynamax Clause: You cannot dynamax
|clearpoke
|poke|p1|Kartana|
|poke|p1|Nidoqueen, F|
|poke|p1|Slowbro, M|
|poke|p1|Diancie|
|poke|p1|Zapdos|
|poke|p1|Tapu Fini|
|poke|p2|Bisharp, M|
|poke|p2|Zapdos|
|poke|p2|Clefable, M|
|poke|p2|Blaziken, M|
|poke|p2|Garchomp, F|
|poke|p2|Toxapex, F|
|teampreview
|inactive|Battle timer is ON: inactive players will automatically lose when time's up. (requested by Anoxx17)
|inactive|Anoxx17 has 120 seconds left.
|
|t:|1665301214
|start
|switch|p1a: Diancie|Diancie|100/100
|switch|p2a: Pilot Talk 2|Garchomp, F|100/100
|turn|1
|
|t:|1665301224
|switch|p1a: Tapu Fini|Tapu Fini|100/100
|-fieldstart|move: Misty Terrain|[from] ability: Misty Surge|[of] p1a: Tapu Fini
|move|p2a: Pilot Talk 2|Stealth Rock|p1a: Tapu Fini
|-sidestart|p1: playeraccount|move: Stealth Rock
|
|upkeep
|turn|2
|
|t:|1665301242
|switch|p2a: How Fly|Zapdos|100/100
|move|p1a: Tapu Fini|Ice Beam|p2a: How Fly
|-supereffective|p2a: How Fly
|-damage|p2a: How Fly|52/100
|
|upkeep
|turn|3
|
|t:|1665301253
|switch|p1a: Diancie|Diancie|100/100
|-damage|p1a: Diancie|88/100|[from] Stealth Rock
|move|p2a: How Fly|Thunderbolt|p1a: Diancie
|-damage|p1a: Diancie|65/100
|
|-heal|p1a: Diancie|71/100|[from] item: Leftovers
|upkeep
|turn|4
|
|t:|1665301271
|switch|p2a: Covert Coup|Bisharp, M, shiny|100/100
|move|p1a: Diancie|Stealth Rock|p2a: Covert Coup
|-sidestart|p2: Anoxx17|move: Stealth Rock
|
|-heal|p1a: Diancie|77/100|[from] item: Leftovers
|upkeep
|turn|5
|inactive|Anoxx17 has 120 seconds left.
|
|t:|1665301293
|move|p2a: Covert Coup|Swords Dance|p2a: Covert Coup
|-boost|p2a: Covert Coup|atk|2
|move|p1a: Diancie|Body Press|p2a: Covert Coup
|-supereffective|p2a: Covert Coup
|-damage|p2a: Covert Coup|0 fnt
|faint|p2a: Covert Coup
|
|-heal|p1a: Diancie|84/100|[from] item: Leftovers
|-fieldend|Misty Terrain
|upkeep
|inactive|Anoxx17 has 120 seconds left.
|
|t:|1665301317
|switch|p2a: Pilot Talk 2|Garchomp, F|100/100
|-damage|p2a: Pilot Talk 2|94/100|[from] Stealth Rock
|turn|6
|
|t:|1665301323
|switch|p1a: Tapu Fini|Tapu Fini|100/100
|-damage|p1a: Tapu Fini|88/100|[from] Stealth Rock
|-fieldstart|move: Misty Terrain|[from] ability: Misty Surge|[of] p1a: Tapu Fini
|move|p2a: Pilot Talk 2|Earthquake|p1a: Tapu Fini
|-damage|p1a: Tapu Fini|40/100
|
|-heal|p2a: Pilot Talk 2|100/100|[from] item: Leftovers
|upkeep
|turn|7
|inactive|Anoxx17 has 120 seconds left.
|
|t:|1665301339
|switch|p2a: SN Car Tunes|Toxapex, F|100/100
|-damage|p2a: SN Car Tunes|88/100|[from] Stealth Rock
|move|p1a: Tapu Fini|Ice Beam|p2a: SN Car Tunes
|-resisted|p2a: SN Car Tunes
|-damage|p2a: SN Car Tunes|77/100
|
|upkeep
|turn|8
|
|t:|1665301351
|switch|p1a: Zapdos|Zapdos|100/100
|move|p2a: SN Car Tunes|Knock Off|p1a: Zapdos
|-damage|p1a: Zapdos|88/100
|-enditem|p1a: Zapdos|Heavy-Duty Boots|[from] move: Knock Off|[of] p2a: SN Car Tunes
|
|upkeep
|turn|9
|
|t:|1665301377
|switch|p2a: Pilot Talk 2|Garchomp, F|100/100
|-damage|p2a: Pilot Talk 2|94/100|[from] Stealth Rock
|move|p1a: Zapdos|Defog|p2a: Pilot Talk 2
|-unboost|p2a: Pilot Talk 2|evasion|1
|-sideend|p2: Anoxx17|Stealth Rock|[from] move: Defog|[of] p1a: Zapdos
|-sideend|p1: playeraccount|Stealth Rock|[from] move: Defog|[of] p1a: Zapdos
|-fieldend|Misty Terrain
|
|-heal|p2a: Pilot Talk 2|100/100|[from] item: Leftovers
|upkeep
|turn|10
|
|t:|1665301385
|switch|p1a: Slowbro|Slowbro, M|100/100
|move|p2a: Pilot Talk 2|Stealth Rock|p1a: Slowbro
|-sidestart|p1: playeraccount|move: Stealth Rock
|
|upkeep
|turn|11
|
|t:|1665301390
|move|p2a: Pilot Talk 2|Toxic|p1a: Slowbro
|-status|p1a: Slowbro|tox
|move|p1a: Slowbro|Future Sight|p2a: Pilot Talk 2
|-start|p1a: Slowbro|move: Future Sight
|
|-damage|p1a: Slowbro|94/100 tox|[from] psn
|upkeep
|turn|12
|
|t:|1665301411
|move|p2a: Pilot Talk 2|Earthquake|p1a: Slowbro
|-damage|p1a: Slowbro|70/100 tox
|move|p1a: Slowbro|Teleport|p1a: Slowbro
|
|t:|1665301416
|switch|p1a: Tapu Fini|Tapu Fini|40/100|[from]move: Teleport
|-damage|p1a: Tapu Fini|27/100|[from] Stealth Rock
|-fieldstart|move: Misty Terrain|[from] ability: Misty Surge|[of] p1a: Tapu Fini
|
|upkeep
|turn|13
|inactive|Anoxx17 has 90 seconds left.
|
|t:|1665301453
|move|p2a: Pilot Talk 2|Protect|p2a: Pilot Talk 2
|-singleturn|p2a: Pilot Talk 2|Protect
|move|p1a: Tapu Fini|Ice Beam|p2a: Pilot Talk 2
|-activate|p2a: Pilot Talk 2|move: Protect
|
|-end|p2a: Pilot Talk 2|move: Future Sight
|-damage|p2a: Pilot Talk 2|63/100
|-heal|p2a: Pilot Talk 2|70/100|[from] item: Leftovers
|upkeep
|turn|14
|
|t:|1665301473
|switch|p2a: SN Car Tunes|Toxapex, F|100/100
|move|p1a: Tapu Fini|Ice Beam|p2a: SN Car Tunes
|-resisted|p2a: SN Car Tunes
|-damage|p2a: SN Car Tunes|89/100
|
|upkeep
|turn|15
|inactive|Anoxx17 has 60 seconds left.
|
|t:|1665301503
|switch|p1a: Zapdos|Zapdos|88/100
|-damage|p1a: Zapdos|63/100|[from] Stealth Rock
|move|p2a: SN Car Tunes|Scald|p1a: Zapdos
|-damage|p1a: Zapdos|46/100
|-status|p1a: Zapdos|brn
|
|-damage|p1a: Zapdos|40/100 brn|[from] brn
|upkeep
|turn|16
|inactive|Anoxx17 has 60 seconds left.
|
|t:|1665301516
|switch|p2a: Pilot Talk 2|Garchomp, F|70/100
|move|p1a: Zapdos|Defog|p2a: Pilot Talk 2
|-unboost|p2a: Pilot Talk 2|evasion|1
|-sideend|p1: playeraccount|Stealth Rock|[from] move: Defog|[of] p1a: Zapdos
|-fieldend|Misty Terrain
|
|-heal|p2a: Pilot Talk 2|76/100|[from] item: Leftovers
|-damage|p1a: Zapdos|33/100 brn|[from] brn
|upkeep
|turn|17
|
|t:|1665301524
|move|p2a: Pilot Talk 2|Stealth Rock|p1a: Zapdos
|-sidestart|p1: playeraccount|move: Stealth Rock
|move|p1a: Zapdos|Heat Wave|p2a: Pilot Talk 2
|-resisted|p2a: Pilot Talk 2
|-crit|p2a: Pilot Talk 2
|-damage|p2a: Pilot Talk 2|56/100
|
|-heal|p2a: Pilot Talk 2|63/100|[from] item: Leftovers
|-damage|p1a: Zapdos|27/100 brn|[from] brn
|upkeep
|turn|18
|inactive|Anoxx17 has 60 seconds left.
|
|t:|1665301541
|switch|p2a: How Fly|Zapdos|52/100
|move|p1a: Zapdos|Defog|p2a: How Fly
|-unboost|p2a: How Fly|evasion|1
|-sideend|p1: playeraccount|Stealth Rock|[from] move: Defog|[of] p1a: Zapdos
|
|-damage|p1a: Zapdos|21/100 brn|[from] brn
|upkeep
|turn|19
|inactive|Anoxx17 has 60 seconds left.
|
|t:|1665301555
|move|p1a: Zapdos|Roost|p1a: Zapdos
|-heal|p1a: Zapdos|71/100 brn
|-singleturn|p1a: Zapdos|move: Roost
|move|p2a: How Fly|Heat Wave|p1a: Zapdos
|-damage|p1a: Zapdos|40/100 brn
|
|-damage|p1a: Zapdos|34/100 brn|[from] brn
|upkeep
|turn|20
|
|t:|1665301565
|switch|p1a: Diancie|Diancie|84/100
|move|p2a: How Fly|Thunderbolt|p1a: Diancie
|-damage|p1a: Diancie|59/100
|
|-heal|p1a: Diancie|65/100|[from] item: Leftovers
|upkeep
|turn|21
|
|t:|1665301578
|switch|p2a: SN Car Tunes|Toxapex, F|100/100
|move|p1a: Diancie|Diamond Storm|p2a: SN Car Tunes
|-damage|p2a: SN Car Tunes|78/100
|
|-heal|p1a: Diancie|71/100|[from] item: Leftovers
|upkeep
|turn|22
|
|t:|1665301590
|switch|p1a: Slowbro|Slowbro, M|100/100 tox
|move|p2a: SN Car Tunes|Toxic Spikes|p1a: Slowbro
|-sidestart|p1: playeraccount|move: Toxic Spikes
|
|-damage|p1a: Slowbro|94/100 tox|[from] psn
|upkeep
|turn|23
|
|t:|1665301597
|move|p2a: SN Car Tunes|Knock Off|p1a: Slowbro
|-supereffective|p1a: Slowbro
|-crit|p1a: Slowbro
|-damage|p1a: Slowbro|71/100 tox
|-damage|p2a: SN Car Tunes|62/100|[from] item: Rocky Helmet|[of] p1a: Slowbro
|-enditem|p1a: Slowbro|Rocky Helmet|[from] move: Knock Off|[of] p2a: SN Car Tunes
|move|p1a: Slowbro|Future Sight|p2a: SN Car Tunes
|-start|p1a: Slowbro|move: Future Sight
|
|-damage|p1a: Slowbro|59/100 tox|[from] psn
|upkeep
|turn|24
|
|t:|1665301610
|move|p2a: SN Car Tunes|Toxic Spikes|p1a: Slowbro
|-sidestart|p1: playeraccount|move: Toxic Spikes
|move|p1a: Slowbro|Teleport|p1a: Slowbro
|
|t:|1665301613
|switch|p1a: Nidoqueen|Nidoqueen, F, shiny|100/100|[from]move: Teleport
|-sideend|p1: playeraccount|move: Toxic Spikes|[of] p1a: Nidoqueen
|
|upkeep
|turn|25
|
|t:|1665301632
|switch|p2a: How Fly|Zapdos|52/100
|move|p1a: Nidoqueen|Earth Power|p2a: How Fly
|-immune|p2a: How Fly
|
|-end|p2a: How Fly|move: Future Sight
|-damage|p2a: How Fly|9/100
|upkeep
|turn|26
|
|t:|1665301647
|switch|p2a: Pilot Talk 2|Garchomp, F|63/100
|move|p1a: Nidoqueen|Sludge Wave|p2a: Pilot Talk 2
|-resisted|p2a: Pilot Talk 2
|-damage|p2a: Pilot Talk 2|38/100
|
|-heal|p2a: Pilot Talk 2|44/100|[from] item: Leftovers
|upkeep
|turn|27
|
|t:|1665301661
|switch|p1a: Zapdos|Zapdos|34/100 brn
|move|p2a: Pilot Talk 2|Stealth Rock|p1a: Zapdos
|-sidestart|p1: playeraccount|move: Stealth Rock
|
|-heal|p2a: Pilot Talk 2|50/100|[from] item: Leftovers
|-damage|p1a: Zapdos|28/100 brn|[from] brn
|upkeep
|turn|28
|inactive|Anoxx17 has 60 seconds left.
|
|t:|1665301693
|switch|p2a: Fetti|Clefable, M, shiny|100/100
|move|p1a: Zapdos|Heat Wave|p2a: Fetti
|-damage|p2a: Fetti|72/100
|
|-heal|p2a: Fetti|78/100|[from] item: Leftovers
|-damage|p1a: Zapdos|22/100 brn|[from] brn
|upkeep
|turn|29
|
|t:|1665301703
|move|p1a: Zapdos|Roost|p1a: Zapdos
|-heal|p1a: Zapdos|72/100 brn
|-singleturn|p1a: Zapdos|move: Roost
|move|p2a: Fetti|Moonblast|p1a: Zapdos
|-damage|p1a: Zapdos|39/100 brn
|
|-heal|p2a: Fetti|84/100|[from] item: Leftovers
|-damage|p1a: Zapdos|33/100 brn|[from] brn
|upkeep
|turn|30
|
|t:|1665301715
|move|p1a: Zapdos|Defog|p2a: Fetti
|-unboost|p2a: Fetti|evasion|1
|-sideend|p1: playeraccount|Stealth Rock|[from] move: Defog|[of] p1a: Zapdos
|move|p2a: Fetti|Calm Mind|p2a: Fetti
|-boost|p2a: Fetti|spa|1
|-boost|p2a: Fetti|spd|1
|
|-heal|p2a: Fetti|90/100|[from] item: Leftovers
|-damage|p1a: Zapdos|27/100 brn|[from] brn
|upkeep
|turn|31
|
|t:|1665301725
|switch|p1a: Slowbro|Slowbro, M|92/100 tox
|move|p2a: Fetti|Moonblast|p1a: Slowbro
|-damage|p1a: Slowbro|44/100 tox
|
|-heal|p2a: Fetti|96/100|[from] item: Leftovers
|-damage|p1a: Slowbro|38/100 tox|[from] psn
|upkeep
|turn|32
|inactive|Anoxx17 has 60 seconds left.
|
|t:|1665301733
|move|p2a: Fetti|Moonblast|p1a: Slowbro
|-damage|p1a: Slowbro|0 fnt
|faint|p1a: Slowbro
|
|-heal|p2a: Fetti|100/100|[from] item: Leftovers
|upkeep
|
|t:|1665301736
|switch|p1a: Kartana|Kartana|100/100
|turn|33
|
|t:|1665301750
|switch|p2a: SN Car Tunes|Toxapex, F|95/100
|move|p1a: Kartana|Smart Strike|p2a: SN Car Tunes
|-resisted|p2a: SN Car Tunes
|-damage|p2a: SN Car Tunes|73/100
|-damage|p1a: Kartana|84/100|[from] item: Rocky Helmet|[of] p2a: SN Car Tunes
|
|upkeep
|turn|34
|inactive|Anoxx17 has 60 seconds left.
|
|t:|1665301775
|switch|p1a: Zapdos|Zapdos|27/100 brn
|move|p2a: SN Car Tunes|Knock Off|p1a: Zapdos
|-damage|p1a: Zapdos|19/100 brn
|-status|p2a: SN Car Tunes|par|[from] ability: Static|[of] p1a: Zapdos
|
|-damage|p1a: Zapdos|13/100 brn|[from] brn
|upkeep
|turn|35
|inactive|Anoxx17 has 60 seconds left.
|
|t:|1665301787
|switch|p2a: Pilot Talk 2|Garchomp, F|50/100
|move|p1a: Zapdos|Roost|p1a: Zapdos
|-heal|p1a: Zapdos|63/100 brn
|-singleturn|p1a: Zapdos|move: Roost
|
|-heal|p2a: Pilot Talk 2|56/100|[from] item: Leftovers
|-damage|p1a: Zapdos|56/100 brn|[from] brn
|upkeep
|turn|36
|inactive|Anoxx17 has 60 seconds left.
|
|t:|1665301797
|move|p2a: Pilot Talk 2|Stealth Rock|p1a: Zapdos
|-sidestart|p1: playeraccount|move: Stealth Rock
|move|p1a: Zapdos|Defog|p2a: Pilot Talk 2
|-unboost|p2a: Pilot Talk 2|evasion|1
|-sideend|p1: playeraccount|Stealth Rock|[from] move: Defog|[of] p1a: Zapdos
|
|-heal|p2a: Pilot Talk 2|62/100|[from] item: Leftovers
|-damage|p1a: Zapdos|50/100 brn|[from] brn
|upkeep
|turn|37
|inactive|Anoxx17 has 60 seconds left.
|
|t:|1665301804
|move|p2a: Pilot Talk 2|Stealth Rock|p1a: Zapdos
|-sidestart|p1: playeraccount|move: Stealth Rock
|move|p1a: Zapdos|Heat Wave|p2a: Pilot Talk 2
|-resisted|p2a: Pilot Talk 2
|-damage|p2a: Pilot Talk 2|49/100
|
|-heal|p2a: Pilot Talk 2|55/100|[from] item: Leftovers
|-damage|p1a: Zapdos|44/100 brn|[from] brn
|upkeep
|turn|38
|inactive|Anoxx17 has 60 seconds left.
|
|t:|1665301814
|switch|p2a: Fetti|Clefable, M, shiny|100/100
|move|p1a: Zapdos|Heat Wave|p2a: Fetti
|-damage|p2a: Fetti|73/100
|
|-heal|p2a: Fetti|79/100|[from] item: Leftovers
|-damage|p1a: Zapdos|38/100 brn|[from] brn
|upkeep
|turn|39
|
|t:|1665301824
|move|p1a: Zapdos|Volt Switch|p2a: Fetti
|-damage|p2a: Fetti|51/100
|
|t:|1665301827
|switch|p1a: Diancie|Diancie|71/100|[from]move: Volt Switch
|-damage|p1a: Diancie|59/100|[from] Stealth Rock
|move|p2a: Fetti|Calm Mind|p2a: Fetti
|-boost|p2a: Fetti|spa|1
|-boost|p2a: Fetti|spd|1
|
|-heal|p2a: Fetti|57/100|[from] item: Leftovers
|-heal|p1a: Diancie|65/100|[from] item: Leftovers
|upkeep
|turn|40
|
|t:|1665301842
|move|p2a: Fetti|Soft-Boiled|p2a: Fetti
|-heal|p2a: Fetti|100/100
|move|p1a: Diancie|Diamond Storm|p2a: Fetti
|-damage|p2a: Fetti|74/100
|-boost|p1a: Diancie|def|2
|
|-heal|p2a: Fetti|80/100|[from] item: Leftovers
|-heal|p1a: Diancie|71/100|[from] item: Leftovers
|upkeep
|turn|41
|
|t:|1665301851
|move|p2a: Fetti|Calm Mind|p2a: Fetti
|-boost|p2a: Fetti|spa|1
|-boost|p2a: Fetti|spd|1
|move|p1a: Diancie|Stealth Rock|p2a: Fetti
|-sidestart|p2: Anoxx17|move: Stealth Rock
|
|-heal|p2a: Fetti|87/100|[from] item: Leftovers
|-heal|p1a: Diancie|77/100|[from] item: Leftovers
|upkeep
|turn|42
|
|t:|1665301861
|move|p2a: Fetti|Moonblast|p1a: Diancie
|-damage|p1a: Diancie|42/100
|move|p1a: Diancie|Diamond Storm|p2a: Fetti|[miss]
|-miss|p1a: Diancie|p2a: Fetti
|
|-heal|p2a: Fetti|93/100|[from] item: Leftovers
|-heal|p1a: Diancie|48/100|[from] item: Leftovers
|upkeep
|turn|43
|
|t:|1665301869
|move|p2a: Fetti|Moonblast|p1a: Diancie
|-damage|p1a: Diancie|8/100
|move|p1a: Diancie|Diamond Storm|p2a: Fetti|[miss]
|-miss|p1a: Diancie|p2a: Fetti
|
|-heal|p2a: Fetti|99/100|[from] item: Leftovers
|-heal|p1a: Diancie|14/100|[from] item: Leftovers
|upkeep
|turn|44
|
|t:|1665301876
|move|p2a: Fetti|Moonblast|p1a: Diancie
|-damage|p1a: Diancie|0 fnt
|faint|p1a: Diancie
|
|-heal|p2a: Fetti|100/100|[from] item: Leftovers
|upkeep
|
|t:|1665301880
|switch|p1a: Kartana|Kartana|84/100
|-damage|p1a: Kartana|78/100|[from] Stealth Rock
|turn|45
|
|t:|1665301889
|move|p1a: Kartana|Leaf Blade|p2a: Fetti
|-damage|p2a: Fetti|30/100
|move|p2a: Fetti|Moonblast|p1a: Kartana
|-resisted|p1a: Kartana
|-damage|p1a: Kartana|0 fnt
|faint|p1a: Kartana
|
|-heal|p2a: Fetti|36/100|[from] item: Leftovers
|upkeep
|
|t:|1665301894
|switch|p1a: Nidoqueen|Nidoqueen, F, shiny|100/100
|-damage|p1a: Nidoqueen|94/100|[from] Stealth Rock
|turn|46
|
|t:|1665301911
|switch|p2a: Pilot Talk 2|Garchomp, F|55/100
|-damage|p2a: Pilot Talk 2|49/100|[from] Stealth Rock
|move|p1a: Nidoqueen|Sludge Wave|p2a: Pilot Talk 2
|-resisted|p2a: Pilot Talk 2
|-damage|p2a: Pilot Talk 2|24/100
|
|-heal|p2a: Pilot Talk 2|30/100|[from] item: Leftovers
|upkeep
|turn|47
|
|t:|1665301925
|switch|p1a: Zapdos|Zapdos|38/100 brn
|-damage|p1a: Zapdos|13/100 brn|[from] Stealth Rock
|move|p2a: Pilot Talk 2|Earthquake|p1a: Zapdos
|-immune|p1a: Zapdos
|
|-heal|p2a: Pilot Talk 2|36/100|[from] item: Leftovers
|-damage|p1a: Zapdos|7/100 brn|[from] brn
|upkeep
|turn|48
|inactive|Anoxx17 has 90 seconds left.
|
|t:|1665301945
|switch|p2a: Fire in the Clouds|Blaziken, M, shiny|100/100
|-damage|p2a: Fire in the Clouds|88/100|[from] Stealth Rock
|move|p1a: Zapdos|Roost|p1a: Zapdos
|-heal|p1a: Zapdos|57/100 brn
|-singleturn|p1a: Zapdos|move: Roost
|
|-damage|p1a: Zapdos|51/100 brn|[from] brn
|upkeep
|turn|49
|inactive|Anoxx17 has 90 seconds left.
|
|t:|1665301954
|move|p2a: Fire in the Clouds|Flare Blitz|p1a: Zapdos
|-damage|p1a: Zapdos|0 fnt
|-status|p2a: Fire in the Clouds|par|[from] ability: Static|[of] p1a: Zapdos
|faint|p1a: Zapdos
|-damage|p2a: Fire in the Clouds|69/100 par|[from] Recoil
|-damage|p2a: Fire in the Clouds|59/100 par|[from] item: Life Orb
|
|-ability|p2a: Fire in the Clouds|Speed Boost|boost
|-boost|p2a: Fire in the Clouds|spe|1
|upkeep
|
|t:|1665301958
|switch|p1a: Nidoqueen|Nidoqueen, F, shiny|94/100
|-damage|p1a: Nidoqueen|88/100|[from] Stealth Rock
|turn|50
|inactive|Anoxx17 has 90 seconds left.
|inactive|Anoxx17 has 60 seconds left.
|
|t:|1665302015
|move|p2a: Fire in the Clouds|Protect|p2a: Fire in the Clouds
|-singleturn|p2a: Fire in the Clouds|Protect
|move|p1a: Nidoqueen|Earth Power|p2a: Fire in the Clouds
|-activate|p2a: Fire in the Clouds|move: Protect
|
|-ability|p2a: Fire in the Clouds|Speed Boost|boost
|-boost|p2a: Fire in the Clouds|spe|1
|upkeep
|turn|51
|
|t:|1665302037
|move|p2a: Fire in the Clouds|Flare Blitz|p1a: Nidoqueen
|-damage|p1a: Nidoqueen|0 fnt
|faint|p1a: Nidoqueen
|-damage|p2a: Fire in the Clouds|26/100 par|[from] Recoil
|-damage|p2a: Fire in the Clouds|16/100 par|[from] item: Life Orb
|
|-ability|p2a: Fire in the Clouds|Speed Boost|boost
|-boost|p2a: Fire in the Clouds|spe|1
|upkeep
|
|t:|1665302045
|switch|p1a: Tapu Fini|Tapu Fini|27/100
|-damage|p1a: Tapu Fini|15/100|[from] Stealth Rock
|-fieldstart|move: Misty Terrain|[from] ability: Misty Surge|[of] p1a: Tapu Fini
|turn|52
|
|t:|1665302050
|cant|p2a: Fire in the Clouds|par
|move|p1a: Tapu Fini|Moonblast|p2a: Fire in the Clouds
|-damage|p2a: Fire in the Clouds|0 fnt
|faint|p2a: Fire in the Clouds
|
|upkeep
|-message|playeraccount forfeited.
|
|win|Anoxx17
|raw|playeraccount's rating: 1344 &rarr; <strong>1323</strong><br />(-21 for losing)
|raw|Anoxx17's rating: 1335 &rarr; <strong>1356</strong><br />(+21 for winning)
|l|☆playeraccount
