|j|☆Gotmyvanson
|j|☆helplsimnew
|t:|1655851536
|gametype|singles
|player|p1|Gotmyvanson|ghetsis|1548
|player|p2|helplsimnew|ryuki|1512
|teamsize|p1|6
|teamsize|p2|6
|gen|8
|tier|[Gen 8] OU
|rated|
|rule|Sleep Clause Mod: Limit one foe put to sleep
|rule|Species Clause: Limit one of each Pokémon
|rule|OHKO Clause: OHKO moves are banned
|rule|Evasion Moves Clause: Evasion moves are banned
|rule|Endless Battle Clause: Forcing endless battles is banned
|rule|HP Percentage Mod: HP is shown in percentages
|rule|Dynamax Clause: You cannot dynamax
|clearpoke
|poke|p1|Landorus-Therian, M|
|poke|p1|Blissey, F|
|poke|p1|Corviknight, M|
|poke|p1|Tapu Fini|
|poke|p1|Heatran, F|
|poke|p1|Dragapult, F|
|poke|p2|Garchomp, M|
|poke|p2|Tapu Koko|
|poke|p2|Hawlucha, M|
|poke|p2|Regieleki|
|poke|p2|Kartana|
|poke|p2|Zapdos-Galar|
|teampreview
|c|☆helplsimnew|hf
|
|t:|1655851545
|start
|switch|p1a: Tapu Fini|Tapu Fini, shiny|100/100
|switch|p2a: lead on|Garchomp, M|100/100
|-fieldstart|move: Misty Terrain|[from] ability: Misty Surge|[of] p1a: Tapu Fini
|turn|1
|
|t:|1655851548
|move|p1a: Tapu Fini|Moonblast|p2a: lead on
|-supereffective|p2a: lead on
|-damage|p2a: lead on|18/100
|move|p2a: lead on|Stealth Rock|p1a: Tapu Fini
|-sidestart|p1: Gotmyvanson|move: Stealth Rock
|
|upkeep
|turn|2
|
|t:|1655851553
|move|p1a: Tapu Fini|Moonblast|p2a: lead on
|-supereffective|p2a: lead on
|-damage|p2a: lead on|0 fnt
|faint|p2a: lead on
|
|upkeep
|
|t:|1655851555
|switch|p2a: support|Tapu Koko|100/100
|-fieldstart|move: Electric Terrain|[from] ability: Electric Surge|[of] p2a: support
|turn|3
|
|t:|1655851559
|switch|p1a: Landorus|Landorus-Therian, M|100/100
|-damage|p1a: Landorus|88/100|[from] Stealth Rock
|-ability|p1a: Landorus|Intimidate|boost
|-unboost|p2a: support|atk|1
|move|p2a: support|U-turn|p1a: Landorus
|-resisted|p1a: Landorus
|-damage|p1a: Landorus|84/100
|
|t:|1655851561
|switch|p2a: all in|Hawlucha, M|100/100|[from]move: U-turn
|-enditem|p2a: all in|Electric Seed
|-boost|p2a: all in|def|1|[from] item: Electric Seed
|
|-heal|p1a: Landorus|90/100|[from] item: Leftovers
|upkeep
|turn|4
|
|t:|1655851570
|move|p2a: all in|Substitute|p2a: all in
|-start|p2a: all in|Substitute
|-damage|p2a: all in|76/100
|move|p1a: Landorus|Toxic||[still]
|-fail|p1a: Landorus
|
|-heal|p1a: Landorus|96/100|[from] item: Leftovers
|upkeep
|turn|5
|
|t:|1655851572
|move|p2a: all in|Swords Dance|p2a: all in
|-boost|p2a: all in|atk|2
|move|p1a: Landorus|U-turn|p2a: all in
|-resisted|p2a: all in
|-activate|p2a: all in|move: Substitute|[damage]
|
|t:|1655851578
|switch|p1a: Tapu Fini|Tapu Fini, shiny|100/100|[from]move: U-turn
|-damage|p1a: Tapu Fini|88/100|[from] Stealth Rock
|-fieldstart|move: Misty Terrain|[from] ability: Misty Surge|[of] p1a: Tapu Fini
|
|upkeep
|turn|6
|
|t:|1655851582
|move|p2a: all in|Acrobatics|p1a: Tapu Fini
|-damage|p1a: Tapu Fini|0 fnt
|faint|p1a: Tapu Fini
|
|upkeep
|
|t:|1655851585
|switch|p1a: Corviknight|Corviknight, M, shiny|100/100
|-damage|p1a: Corviknight|88/100|[from] Stealth Rock
|-ability|p1a: Corviknight|Pressure
|turn|7
|
|t:|1655851588
|move|p2a: all in|Close Combat|p1a: Corviknight
|-damage|p1a: Corviknight|14/100
|-unboost|p2a: all in|def|1
|-unboost|p2a: all in|spd|1
|move|p1a: Corviknight|Body Press|p2a: all in
|-resisted|p2a: all in
|-activate|p2a: all in|move: Substitute|[damage]
|
|-heal|p1a: Corviknight|20/100|[from] item: Leftovers
|upkeep
|turn|8
|
|t:|1655851591
|move|p2a: all in|Close Combat|p1a: Corviknight
|-damage|p1a: Corviknight|0 fnt
|-unboost|p2a: all in|def|1
|-unboost|p2a: all in|spd|1
|faint|p1a: Corviknight
|
|upkeep
|
|t:|1655851594
|switch|p1a: Landorus|Landorus-Therian, M|96/100
|-damage|p1a: Landorus|84/100|[from] Stealth Rock
|-ability|p1a: Landorus|Intimidate|boost
|-immune|p2a: all in
|turn|9
|-message|Gotmyvanson forfeited.
|
|win|helplsimnew
|raw|Gotmyvanson's rating: 1548 &rarr; <strong>1526</strong><br />(-22 for losing)
|raw|helplsimnew's rating: 1512 &rarr; <strong>1534</strong><br />(+22 for winning)
|l|☆Gotmyvanson
|c|☆helplsimnew|gg
||Ladder isn't responding, score probably updated but might not have (Request timeout).
