|j|☆gunk in ma troat
|j|☆supersam10001
|inactive|Battle timer is ON: inactive players will automatically lose when time's up.
|t:|1609145320
|player|p1|gunk in ma troat|265|
|player|p2|supersam10001|n|
|teamsize|p1|6
|teamsize|p2|6
|gametype|singles
|gen|8
|tier|[Gen 8] OU
|rated|Tournament battle
|clearpoke
|poke|p1|Melmetal|
|poke|p1|Cinderace, M|
|poke|p1|Slowking, F|
|poke|p1|Clefable, F|
|poke|p1|Landorus-Therian, M|
|poke|p1|Dragapult, F|
|poke|p2|Suicune|
|poke|p2|Garchomp, F|
|poke|p2|Hydreigon, M|
|poke|p2|Cinderace, M|
|poke|p2|Aegislash, F|
|poke|p2|Zapdos|
|rule|Sleep Clause Mod: Limit one foe put to sleep
|rule|Species Clause: Limit one of each Pokémon
|rule|OHKO Clause: OHKO moves are banned
|rule|Evasion Moves Clause: Evasion moves are banned
|rule|Endless Battle Clause: Forcing endless battles is banned
|rule|HP Percentage Mod: HP is shown in percentages
|rule|Dynamax Clause: You cannot dynamax
|teampreview
|inactive|supersam10001 also wants the timer to be on.
|j| Mel0nL0rd
|c|☆gunk in ma troat|hf
|j| Ladder clip
|c|☆supersam10001|hf
|j| Mamoo88
|c|☆supersam10001|is this finals btw ?
|j| Disbeetaaa
|c| Mel0nL0rd|ye
|
|t:|1609145342
|start
|switch|p1a: Dragapult|Dragapult, F|100/100
|switch|p2a: Zappy|Zapdos|100/100
|turn|1
|c| Disbeetaaa|hi
|c| Disbeetaaa|this be exciting
|
|t:|1609145350
|switch|p2a: The Shield|Aegislash, F|100/100
|move|p1a: Dragapult|Draco Meteor|p2a: The Shield
|-resisted|p2a: The Shield
|-damage|p2a: The Shield|74/100
|-unboost|p1a: Dragapult|spa|2
|
|-heal|p2a: The Shield|80/100|[from] item: Leftovers
|upkeep
|turn|2
|
|t:|1609145373
|switch|p1a: Landorus|Landorus-Therian, M|100/100
|-ability|p1a: Landorus|Intimidate|boost
|-unboost|p2a: The Shield|atk|1
|-formechange|p2a: The Shield|Aegislash-Blade||[from] ability: Stance Change
|move|p2a: The Shield|Shadow Ball|p1a: Landorus
|-damage|p1a: Landorus|63/100
|
|-heal|p1a: Landorus|69/100|[from] item: Leftovers
|-heal|p2a: The Shield|86/100|[from] item: Leftovers
|upkeep
|turn|3
|c| Disbeetaaa|crazy that I joined right when it started
|
|t:|1609145378
|-formechange|p2a: The Shield|Aegislash||[from] ability: Stance Change
|move|p2a: The Shield|King's Shield|p2a: The Shield
|-singleturn|p2a: The Shield|Protect
|move|p1a: Landorus|Stealth Rock|p2a: The Shield
|-sidestart|p2: supersam10001|move: Stealth Rock
|
|-heal|p1a: Landorus|75/100|[from] item: Leftovers
|-heal|p2a: The Shield|92/100|[from] item: Leftovers
|upkeep
|turn|4
|
|t:|1609145382
|switch|p2a: like ya cut g|Garchomp, F|100/100
|-damage|p2a: like ya cut g|94/100|[from] Stealth Rock
|move|p1a: Landorus|Earthquake|p2a: like ya cut g
|-damage|p2a: like ya cut g|62/100
|
|-heal|p1a: Landorus|81/100|[from] item: Leftovers
|upkeep
|turn|5
|
|t:|1609145386
|move|p2a: like ya cut g|Toxic|p1a: Landorus
|-status|p1a: Landorus|tox
|move|p1a: Landorus|Toxic|p2a: like ya cut g
|-status|p2a: like ya cut g|tox
|
|-heal|p1a: Landorus|87/100 tox|[from] item: Leftovers
|-damage|p2a: like ya cut g|56/100 tox|[from] psn
|-damage|p1a: Landorus|81/100 tox|[from] psn
|upkeep
|turn|6
|j| Curious Redditor
|
|t:|1609145398
|move|p2a: like ya cut g|Stealth Rock|p1a: Landorus
|-sidestart|p1: gunk in ma troat|move: Stealth Rock
|move|p1a: Landorus|Earthquake|p2a: like ya cut g
|-damage|p2a: like ya cut g|28/100 tox
|
|-heal|p1a: Landorus|87/100 tox|[from] item: Leftovers
|-damage|p2a: like ya cut g|15/100 tox|[from] psn
|-damage|p1a: Landorus|75/100 tox|[from] psn
|upkeep
|turn|7
|j| outw garbodr
|l| outw garbodr
|
|t:|1609145407
|switch|p2a: Oh Baby a triple|Hydreigon, M|100/100
|-damage|p2a: Oh Baby a triple|88/100|[from] Stealth Rock
|move|p1a: Landorus|Earthquake|p2a: Oh Baby a triple
|-immune|p2a: Oh Baby a triple|[from] ability: Levitate
|
|-heal|p2a: Oh Baby a triple|94/100|[from] item: Leftovers
|-heal|p1a: Landorus|81/100 tox|[from] item: Leftovers
|-damage|p1a: Landorus|63/100 tox|[from] psn
|upkeep
|turn|8
|
|t:|1609145422
|switch|p2a: The Shield|Aegislash, F|92/100
|-damage|p2a: The Shield|86/100|[from] Stealth Rock
|switch|p1a: Clefable|Clefable, F|100/100
|
|-heal|p2a: The Shield|92/100|[from] item: Leftovers
|upkeep
|turn|9
|
|t:|1609145431
|switch|p1a: Melmetal|Melmetal|100/100
|-damage|p1a: Melmetal|94/100|[from] Stealth Rock
|move|p2a: The Shield|King's Shield||[still]
|-fail|p2a: The Shield
|
|-heal|p2a: The Shield|98/100|[from] item: Leftovers
|-heal|p1a: Melmetal|100/100|[from] item: Leftovers
|upkeep
|turn|10
|
|t:|1609145437
|move|p2a: The Shield|King's Shield|p2a: The Shield
|-singleturn|p2a: The Shield|Protect
|move|p1a: Melmetal|Substitute|p1a: Melmetal
|-start|p1a: Melmetal|Substitute
|-damage|p1a: Melmetal|76/100
|
|-heal|p2a: The Shield|100/100|[from] item: Leftovers
|-heal|p1a: Melmetal|82/100|[from] item: Leftovers
|upkeep
|turn|11
|
|t:|1609145443
|-formechange|p2a: The Shield|Aegislash-Blade||[from] ability: Stance Change
|move|p2a: The Shield|Shadow Ball|p1a: Melmetal
|-end|p1a: Melmetal|Substitute
|move|p1a: Melmetal|Earthquake|p2a: The Shield
|-supereffective|p2a: The Shield
|-damage|p2a: The Shield|0 fnt
|faint|p2a: The Shield
|
|-heal|p1a: Melmetal|88/100|[from] item: Leftovers
|upkeep
|c|☆supersam10001|oh
|c|☆supersam10001|thought I was slower
|
|t:|1609145453
|switch|p2a: Rabbit'o death|Cinderace, M|100/100
|turn|12
|c| Disbeetaaa|dam
|
|t:|1609145462
|switch|p1a: Slowking|Slowking, F|100/100
|move|p2a: Rabbit'o death|Pyro Ball|p1a: Slowking
|-resisted|p1a: Slowking
|-damage|p1a: Slowking|77/100
|
|upkeep
|turn|13
|j| soyoucanflynow
|
|t:|1609145465
|move|p2a: Rabbit'o death|U-turn|p1a: Slowking
|-start|p2a: Rabbit'o death|typechange|Bug|[from] ability: Libero
|-supereffective|p1a: Slowking
|-damage|p1a: Slowking|16/100
|
|t:|1609145468
|switch|p2a: Zappy|Zapdos|100/100|[from]move: U-turn
|move|p1a: Slowking|Future Sight|p2a: Zappy
|-start|p1a: Slowking|move: Future Sight
|
|upkeep
|turn|14
|
|t:|1609145480
|switch|p1a: Landorus|Landorus-Therian, M|63/100 tox
|-damage|p1a: Landorus|51/100 tox|[from] Stealth Rock
|-ability|p1a: Landorus|Intimidate|boost
|-unboost|p2a: Zappy|atk|1
|move|p2a: Zappy|Discharge|p1a: Landorus
|-immune|p1a: Landorus
|
|-heal|p1a: Landorus|57/100 tox|[from] item: Leftovers
|-damage|p1a: Landorus|51/100 tox|[from] psn
|upkeep
|turn|15
|
|t:|1609145486
|move|p2a: Zappy|Hurricane|p1a: Landorus
|-damage|p1a: Landorus|0 fnt
|faint|p1a: Landorus
|
|-end|p2a: Zappy|move: Future Sight
|-damage|p2a: Zappy|51/100
|upkeep
|
|t:|1609145491
|switch|p1a: Dragapult|Dragapult, F|100/100
|-damage|p1a: Dragapult|88/100|[from] Stealth Rock
|turn|16
|j| Piyush21
|
|t:|1609145500
|switch|p2a: Sui|Suicune|100/100
|-damage|p2a: Sui|88/100|[from] Stealth Rock
|-ability|p2a: Sui|Pressure
|move|p1a: Dragapult|Draco Meteor|p2a: Sui
|-damage|p2a: Sui|27/100
|-unboost|p1a: Dragapult|spa|2
|
|-heal|p2a: Sui|33/100|[from] item: Leftovers
|upkeep
|turn|17
|l| Piyush21
|
|t:|1609145510
|move|p2a: Sui|Protect|p2a: Sui
|-singleturn|p2a: Sui|Protect
|move|p1a: Dragapult|Draco Meteor|p2a: Sui
|-activate|p2a: Sui|move: Protect
|
|-heal|p2a: Sui|40/100|[from] item: Leftovers
|upkeep
|turn|18
|
|t:|1609145518
|move|p1a: Dragapult|Draco Meteor|p2a: Sui
|-damage|p2a: Sui|8/100
|-unboost|p1a: Dragapult|spa|2
|move|p2a: Sui|Scald|p1a: Dragapult
|-resisted|p1a: Dragapult
|-damage|p1a: Dragapult|72/100
|
|-heal|p2a: Sui|15/100|[from] item: Leftovers
|upkeep
|turn|19
|l| soyoucanflynow
|
|t:|1609145529
|switch|p1a: Clefable|Clefable, F|100/100
|move|p2a: Sui|Protect||[still]
|-fail|p2a: Sui
|
|-heal|p2a: Sui|21/100|[from] item: Leftovers
|upkeep
|turn|20
|
|t:|1609145540
|move|p2a: Sui|Protect|p2a: Sui
|-singleturn|p2a: Sui|Protect
|move|p1a: Clefable|Moonblast|p2a: Sui
|-activate|p2a: Sui|move: Protect
|
|-heal|p2a: Sui|27/100|[from] item: Leftovers
|upkeep
|turn|21
|
|t:|1609145545
|move|p2a: Sui|Scald|p1a: Clefable
|-damage|p1a: Clefable|75/100
|move|p1a: Clefable|Moonblast|p2a: Sui
|-damage|p2a: Sui|5/100
|
|-heal|p2a: Sui|11/100|[from] item: Leftovers
|upkeep
|turn|22
|
|t:|1609145549
|move|p2a: Sui|Scald|p1a: Clefable
|-crit|p1a: Clefable
|-damage|p1a: Clefable|42/100
|-status|p1a: Clefable|brn
|move|p1a: Clefable|Soft-Boiled|p1a: Clefable
|-heal|p1a: Clefable|92/100 brn
|
|-heal|p2a: Sui|18/100|[from] item: Leftovers
|upkeep
|turn|23
|
|t:|1609145555
|move|p2a: Sui|Scald|p1a: Clefable
|-damage|p1a: Clefable|70/100 brn
|move|p1a: Clefable|Knock Off|p2a: Sui
|-damage|p2a: Sui|13/100
|-enditem|p2a: Sui|Leftovers|[from] move: Knock Off|[of] p1a: Clefable
|
|upkeep
|turn|24
|j| chief executive
|
|t:|1609145562
|move|p2a: Sui|Scald|p1a: Clefable
|-damage|p1a: Clefable|47/100 brn
|move|p1a: Clefable|Soft-Boiled|p1a: Clefable
|-heal|p1a: Clefable|97/100 brn
|
|upkeep
|turn|25
|
|t:|1609145565
|move|p2a: Sui|Scald|p1a: Clefable
|-damage|p1a: Clefable|75/100 brn
|move|p1a: Clefable|Moonblast|p2a: Sui
|-damage|p2a: Sui|0 fnt
|faint|p2a: Sui
|
|upkeep
|
|t:|1609145574
|switch|p2a: Zappy|Zapdos|51/100
|turn|26
|j| kiawe lol
|
|t:|1609145584
|move|p2a: Zappy|Discharge|p1a: Clefable
|-damage|p1a: Clefable|32/100 brn
|move|p1a: Clefable|Knock Off|p2a: Zappy
|-damage|p2a: Zappy|42/100
|-enditem|p2a: Zappy|Heavy-Duty Boots|[from] move: Knock Off|[of] p1a: Clefable
|
|upkeep
|turn|27
|j| F A Mpire
|
|t:|1609145593
|move|p2a: Zappy|Roost|p2a: Zappy
|-heal|p2a: Zappy|92/100
|-singleturn|p2a: Zappy|move: Roost
|move|p1a: Clefable|Soft-Boiled|p1a: Clefable
|-heal|p1a: Clefable|82/100 brn
|
|upkeep
|turn|28
|
|t:|1609145600
|switch|p1a: Melmetal|Melmetal|88/100
|-damage|p1a: Melmetal|82/100|[from] Stealth Rock
|move|p2a: Zappy|Discharge|p1a: Melmetal
|-damage|p1a: Melmetal|32/100
|
|-heal|p1a: Melmetal|38/100|[from] item: Leftovers
|upkeep
|turn|29
|
|t:|1609145607
|move|p2a: Zappy|Discharge|p1a: Melmetal
|-damage|p1a: Melmetal|0 fnt
|faint|p1a: Melmetal
|
|upkeep
|
|t:|1609145611
|switch|p1a: Dragapult|Dragapult, F|72/100
|-damage|p1a: Dragapult|59/100|[from] Stealth Rock
|turn|30
|
|t:|1609145613
|switch|p2a: like ya cut g|Garchomp, F|15/100 tox
|-damage|p2a: like ya cut g|9/100 tox|[from] Stealth Rock
|move|p1a: Dragapult|Draco Meteor|p2a: like ya cut g
|-supereffective|p2a: like ya cut g
|-damage|p2a: like ya cut g|0 fnt
|-unboost|p1a: Dragapult|spa|2
|faint|p2a: like ya cut g
|
|upkeep
|
|t:|1609145617
|switch|p2a: Rabbit'o death|Cinderace, M|100/100
|turn|31
|
|t:|1609145636
|switch|p1a: Slowking|Slowking, F|49/100
|move|p2a: Rabbit'o death|Pyro Ball|p1a: Slowking
|-resisted|p1a: Slowking
|-damage|p1a: Slowking|23/100
|
|upkeep
|turn|32
|
|t:|1609145643
|switch|p1a: Clefable|Clefable, F|82/100 brn
|move|p2a: Rabbit'o death|Pyro Ball|p1a: Clefable
|-damage|p1a: Clefable|42/100 brn
|
|upkeep
|turn|33
|
|t:|1609145650
|move|p2a: Rabbit'o death|Pyro Ball|p1a: Clefable
|-damage|p1a: Clefable|0 fnt
|faint|p1a: Clefable
|
|upkeep
|
|t:|1609145653
|switch|p1a: Cinderace|Cinderace, M|100/100
|turn|34
|
|t:|1609145662
|move|p2a: Rabbit'o death|High Jump Kick|p1a: Cinderace
|-start|p2a: Rabbit'o death|typechange|Fighting|[from] ability: Libero
|-damage|p1a: Cinderace|10/100
|move|p1a: Cinderace|Gunk Shot|p2a: Rabbit'o death
|-start|p1a: Cinderace|typechange|Poison|[from] ability: Libero
|-damage|p2a: Rabbit'o death|14/100
|
|upkeep
|turn|35
|
|t:|1609145671
|move|p1a: Cinderace|Sucker Punch|p2a: Rabbit'o death
|-start|p1a: Cinderace|typechange|Dark|[from] ability: Libero
|-resisted|p2a: Rabbit'o death
|-damage|p2a: Rabbit'o death|0 fnt
|faint|p2a: Rabbit'o death
|
|upkeep
|c|☆supersam10001|I'm psure I lose unless hjk misses
|c|☆supersam10001|or if zap lives
|
|t:|1609145697
|switch|p2a: Zappy|Zapdos|92/100
|-damage|p2a: Zappy|67/100|[from] Stealth Rock
|turn|36
|j| FearNeverDies
|n| the premier|chiefexecutive
|l| FearNeverDies
|c| Disbeetaaa|this is intresting
|c| kiawe lol|zap might out speed
|c|☆supersam10001|nah
|c| Mel0nL0rd|lmao
|c| Mel0nL0rd|nah
|inactive|gunk in ma troat has 120 seconds left.
|c| the premier|outspeed a pult
|c| the premier|bruh
|c| F A Mpire|if zap outspeeds this is the most scuffed ace of all time
|c|☆supersam10001|I win if hjk misses for sure
|j| Regi battler
|c|☆supersam10001|but don't wanna depend on a 10%
|inactive|gunk in ma troat has 90 seconds left.
|c| kiawe lol|its nearly impossible
|
|t:|1609145765
|switch|p1a: Slowking|Slowking, F|56/100
|move|p2a: Zappy|Discharge|p1a: Slowking
|-supereffective|p1a: Slowking
|-damage|p1a: Slowking|0 fnt
|faint|p1a: Slowking
|
|upkeep
|
|t:|1609145767
|switch|p1a: Dragapult|Dragapult, F|59/100
|-damage|p1a: Dragapult|47/100|[from] Stealth Rock
|turn|37
|
|t:|1609145770
|switch|p2a: Oh Baby a triple|Hydreigon, M|94/100
|-damage|p2a: Oh Baby a triple|82/100|[from] Stealth Rock
|move|p1a: Dragapult|Shadow Ball|p2a: Oh Baby a triple
|-resisted|p2a: Oh Baby a triple
|-damage|p2a: Oh Baby a triple|64/100
|
|-heal|p2a: Oh Baby a triple|71/100|[from] item: Leftovers
|upkeep
|turn|38
|c| kiawe lol|to out speed dpult
|
|t:|1609145777
|move|p1a: Dragapult|Shadow Ball|p2a: Oh Baby a triple
|-resisted|p2a: Oh Baby a triple
|-damage|p2a: Oh Baby a triple|50/100
|move|p2a: Oh Baby a triple|Dark Pulse|p1a: Dragapult
|-supereffective|p1a: Dragapult
|-damage|p1a: Dragapult|0 fnt
|faint|p1a: Dragapult
|
|-heal|p2a: Oh Baby a triple|56/100|[from] item: Leftovers
|upkeep
|
|t:|1609145779
|switch|p1a: Cinderace|Cinderace, M|10/100
|turn|39
|
|t:|1609145783
|move|p1a: Cinderace|High Jump Kick|p2a: Oh Baby a triple
|-start|p1a: Cinderace|typechange|Fighting|[from] ability: Libero
|-supereffective|p2a: Oh Baby a triple
|-damage|p2a: Oh Baby a triple|0 fnt
|faint|p2a: Oh Baby a triple
|
|upkeep
|c|☆supersam10001|ah gg
|
|t:|1609145791
|switch|p2a: Zappy|Zapdos|67/100
|-damage|p2a: Zappy|42/100|[from] Stealth Rock
|turn|40
|c|☆gunk in ma troat|i could miss
|
|t:|1609145796
|move|p1a: Cinderace|Pyro Ball|p2a: Zappy
|-start|p1a: Cinderace|typechange|Fire|[from] ability: Libero
|-damage|p2a: Zappy|0 fnt
|faint|p2a: Zappy
|
|win|gunk in ma troat
|n|☆gunk in ma troat|gunkinmatroat
|n|☆supersam10001|supersam10001
|n| Mel0nL0rd|mel0nl0rd
|n| Ladder clip|ladderclip
|n| Mamoo88|mamoo88
|n| Disbeetaaa|disbeetaaa
|n| Curious Redditor|curiousredditor
|n| kiawe lol|kiawelol
|n| F A Mpire|fampire
|n| the premier|thepremier
|n| Regi battler|regibattler
