|j|☆Shuri2060
|j|☆cump6
|t:|1663879663
|gametype|singles
|player|p1|Shuri2060|169|1698
|player|p2|cump6|schoolkid-gen4|1719
|teamsize|p1|6
|teamsize|p2|6
|gen|8
|tier|[Gen 8] OU
|rated|
|rule|Sleep Clause Mod: Limit one foe put to sleep
|rule|Species Clause: Limit one of each Pokémon
|rule|OHKO Clause: OHKO moves are banned
|rule|Evasion Items Clause: Evasion items are banned
|rule|Evasion Moves Clause: Evasion moves are banned
|rule|Endless Battle Clause: Forcing endless battles is banned
|rule|HP Percentage Mod: HP is shown in percentages
|rule|Dynamax Clause: You cannot dynamax
|clearpoke
|poke|p1|Cloyster, F|
|poke|p1|Mew|
|poke|p1|Gengar, F|
|poke|p1|Bisharp, M|
|poke|p1|Rillaboom, F|
|poke|p1|Hawlucha, F|
|poke|p2|Swampert, M|
|poke|p2|Mandibuzz, F|
|poke|p2|Rillaboom, M|
|poke|p2|Magnezone|
|poke|p2|Tapu Lele|
|poke|p2|Dragapult, F|
|teampreview
|c|☆cump6|hf
|
|t:|1663879667
|start
|switch|p1a: Mew|Mew|100/100
|switch|p2a: Dragapult|Dragapult, F|100/100
|turn|1
|
|t:|1663879669
|move|p2a: Dragapult|U-turn|p1a: Mew
|-supereffective|p1a: Mew
|-damage|p1a: Mew|34/100
|-enditem|p1a: Mew|Red Card|[of] p2a: Dragapult
|drag|p2a: Rillaboom|Rillaboom, M|100/100
|-fieldstart|move: Grassy Terrain|[from] ability: Grassy Surge|[of] p2a: Rillaboom
|move|p1a: Mew|Stealth Rock|p2a: Rillaboom
|-sidestart|p2: cump6|move: Stealth Rock
|
|-heal|p1a: Mew|40/100|[from] Grassy Terrain
|upkeep
|turn|2
|inactive|Battle timer is ON: inactive players will automatically lose when time's up. (requested by Shuri2060)
|
|t:|1663879676
|move|p2a: Rillaboom|Grassy Glide|p1a: Mew
|-damage|p1a: Mew|0 fnt
|faint|p1a: Mew
|
|upkeep
|
|t:|1663879685
|switch|p1a: Hawlucha|Hawlucha, F|100/100
|-enditem|p1a: Hawlucha|Grassy Seed
|-boost|p1a: Hawlucha|def|1|[from] item: Grassy Seed
|turn|3
|
|t:|1663879687
|move|p2a: Rillaboom|Grassy Glide|p1a: Hawlucha
|-resisted|p1a: Hawlucha
|-damage|p1a: Hawlucha|62/100
|move|p1a: Hawlucha|Swords Dance|p1a: Hawlucha
|-boost|p1a: Hawlucha|atk|2
|
|upkeep
|turn|4
|
|t:|1663879695
|switch|p2a: Magnezone|Magnezone, shiny|100/100
|-damage|p2a: Magnezone|94/100|[from] Stealth Rock
|move|p1a: Hawlucha|Acrobatics|p2a: Magnezone
|-resisted|p2a: Magnezone
|-damage|p2a: Magnezone|79/100
|-damage|p1a: Hawlucha|46/100|[from] item: Rocky Helmet|[of] p2a: Magnezone
|
|-heal|p2a: Magnezone|85/100|[from] Grassy Terrain
|upkeep
|turn|5
|
|t:|1663879704
|switch|p2a: Tapu Lele|Tapu Lele, shiny|100/100
|-damage|p2a: Tapu Lele|88/100|[from] Stealth Rock
|-fieldstart|move: Psychic Terrain|[from] ability: Psychic Surge|[of] p2a: Tapu Lele
|move|p1a: Hawlucha|Close Combat|p2a: Tapu Lele
|-resisted|p2a: Tapu Lele
|-damage|p2a: Tapu Lele|46/100
|-unboost|p1a: Hawlucha|def|1
|-unboost|p1a: Hawlucha|spd|1
|
|upkeep
|turn|6
|
|t:|1663879711
|move|p1a: Hawlucha|Acrobatics|p2a: Tapu Lele
|-damage|p2a: Tapu Lele|0 fnt
|faint|p2a: Tapu Lele
|
|upkeep
|
|t:|1663879718
|switch|p2a: Rillaboom|Rillaboom, M|100/100
|-damage|p2a: Rillaboom|88/100|[from] Stealth Rock
|-fieldstart|move: Grassy Terrain|[from] ability: Grassy Surge|[of] p2a: Rillaboom
|turn|7
|
|t:|1663879724
|move|p2a: Rillaboom|Grassy Glide|p1a: Hawlucha
|-resisted|p1a: Hawlucha
|-damage|p1a: Hawlucha|0 fnt
|faint|p1a: Hawlucha
|
|-heal|p2a: Rillaboom|94/100|[from] Grassy Terrain
|upkeep
|
|t:|1663879735
|switch|p1a: Bisharp|Bisharp, M|100/100
|turn|8
|
|t:|1663879742
|move|p2a: Rillaboom|Grassy Glide|p1a: Bisharp
|-resisted|p1a: Bisharp
|-damage|p1a: Bisharp|50/100
|move|p1a: Bisharp|Swords Dance|p1a: Bisharp
|-boost|p1a: Bisharp|atk|2
|
|-heal|p2a: Rillaboom|100/100|[from] Grassy Terrain
|-heal|p1a: Bisharp|55/100|[from] Grassy Terrain
|upkeep
|turn|9
|
|t:|1663879754
|switch|p2a: Magnezone|Magnezone, shiny|85/100
|-damage|p2a: Magnezone|79/100|[from] Stealth Rock
|move|p1a: Bisharp|Knock Off|p2a: Magnezone
|-damage|p2a: Magnezone|0 fnt
|-damage|p1a: Bisharp|39/100|[from] item: Rocky Helmet|[of] p2a: Magnezone
|-enditem|p2a: Magnezone|Rocky Helmet|[from] move: Knock Off|[of] p1a: Bisharp
|faint|p2a: Magnezone
|-damage|p1a: Bisharp|29/100|[from] item: Life Orb
|
|-heal|p1a: Bisharp|35/100|[from] Grassy Terrain
|upkeep
|
|t:|1663879763
|switch|p2a: Rillaboom|Rillaboom, M|100/100
|-damage|p2a: Rillaboom|88/100|[from] Stealth Rock
|turn|10
|
|t:|1663879773
|switch|p1a: Rillaboom|Rillaboom, F|100/100
|move|p2a: Rillaboom|Grassy Glide|p1a: Rillaboom
|-resisted|p1a: Rillaboom
|-damage|p1a: Rillaboom|58/100
|
|-heal|p1a: Rillaboom|64/100|[from] Grassy Terrain
|-heal|p2a: Rillaboom|94/100|[from] Grassy Terrain
|upkeep
|turn|11
|
|t:|1663879780
|switch|p2a: Mandibuzz|Mandibuzz, F|100/100
|move|p1a: Rillaboom|U-turn|p2a: Mandibuzz
|-damage|p2a: Mandibuzz|81/100
|-damage|p1a: Rillaboom|54/100|[from] item: Life Orb
|j| NDHB
|
|t:|1663879797
|switch|p1a: Cloyster|Cloyster, F|100/100|[from]move: U-turn
|
|-fieldend|move: Grassy Terrain
|upkeep
|turn|12
|
|t:|1663879806
|move|p1a: Cloyster|Shell Smash|p1a: Cloyster
|-unboost|p1a: Cloyster|def|1
|-unboost|p1a: Cloyster|spd|1
|-boost|p1a: Cloyster|atk|2
|-boost|p1a: Cloyster|spa|2
|-boost|p1a: Cloyster|spe|2
|move|p2a: Mandibuzz|Foul Play|p1a: Cloyster
|-enditem|p1a: Cloyster|Focus Sash
|-damage|p1a: Cloyster|1/100
|
|upkeep
|turn|13
|j| turtleisfluffy3
|
|t:|1663879816
|switch|p2a: Swampert|Swampert, M|100/100
|-damage|p2a: Swampert|94/100|[from] Stealth Rock
|move|p1a: Cloyster|Icicle Spear|p2a: Swampert
|-damage|p2a: Swampert|74/100
|-damage|p2a: Swampert|51/100
|-crit|p2a: Swampert
|-damage|p2a: Swampert|21/100
|-damage|p2a: Swampert|0 fnt
|faint|p2a: Swampert
|-hitcount|p2: Swampert|4
|
|upkeep
|j| obckiller
|
|t:|1663879828
|switch|p2a: Dragapult|Dragapult, F|100/100
|-damage|p2a: Dragapult|88/100|[from] Stealth Rock
|turn|14
|
|t:|1663879833
|move|p1a: Cloyster|Ice Shard|p2a: Dragapult
|-supereffective|p2a: Dragapult
|-damage|p2a: Dragapult|0 fnt
|faint|p2a: Dragapult
|
|upkeep
|
|t:|1663879837
|switch|p2a: Rillaboom|Rillaboom, M|94/100
|-damage|p2a: Rillaboom|82/100|[from] Stealth Rock
|-fieldstart|move: Grassy Terrain|[from] ability: Grassy Surge|[of] p2a: Rillaboom
|turn|15
|
|t:|1663879840
|move|p1a: Cloyster|Ice Shard|p2a: Rillaboom
|-supereffective|p2a: Rillaboom
|-damage|p2a: Rillaboom|4/100
|move|p2a: Rillaboom|Grassy Glide|p1a: Cloyster
|-supereffective|p1a: Cloyster
|-damage|p1a: Cloyster|0 fnt
|faint|p1a: Cloyster
|
|-heal|p2a: Rillaboom|10/100|[from] Grassy Terrain
|upkeep
|
|t:|1663879849
|switch|p1a: Rillaboom|Rillaboom, F|54/100
|turn|16
|
|t:|1663879857
|move|p1a: Rillaboom|Grassy Glide|p2a: Rillaboom
|-resisted|p2a: Rillaboom
|-damage|p2a: Rillaboom|0 fnt
|faint|p2a: Rillaboom
|-damage|p1a: Rillaboom|44/100|[from] item: Life Orb
|
|-heal|p1a: Rillaboom|51/100|[from] Grassy Terrain
|upkeep
|
|t:|1663879859
|switch|p2a: Mandibuzz|Mandibuzz, F|81/100
|turn|17
|
|t:|1663879868
|move|p1a: Rillaboom|Knock Off|p2a: Mandibuzz
|-resisted|p2a: Mandibuzz
|-damage|p2a: Mandibuzz|68/100
|-enditem|p2a: Mandibuzz|Heavy-Duty Boots|[from] move: Knock Off|[of] p1a: Rillaboom
|-damage|p1a: Rillaboom|41/100|[from] item: Life Orb
|move|p2a: Mandibuzz|Foul Play|p1a: Rillaboom
|-damage|p1a: Rillaboom|0 fnt
|faint|p1a: Rillaboom
|
|upkeep
|
|t:|1663879878
|switch|p1a: Bisharp|Bisharp, M|35/100
|turn|18
|
|t:|1663879881
|move|p1a: Bisharp|Iron Head|p2a: Mandibuzz
|-damage|p2a: Mandibuzz|37/100
|-damage|p1a: Bisharp|25/100|[from] item: Life Orb
|move|p2a: Mandibuzz|Roost|p2a: Mandibuzz
|-heal|p2a: Mandibuzz|87/100
|-singleturn|p2a: Mandibuzz|move: Roost
|
|-heal|p1a: Bisharp|31/100|[from] Grassy Terrain
|-heal|p2a: Mandibuzz|93/100|[from] Grassy Terrain
|upkeep
|turn|19
|
|t:|1663879897
|move|p1a: Bisharp|Iron Head|p2a: Mandibuzz
|-damage|p2a: Mandibuzz|59/100
|-damage|p1a: Bisharp|21/100|[from] item: Life Orb
|cant|p2a: Mandibuzz|flinch
|
|-heal|p1a: Bisharp|27/100|[from] Grassy Terrain
|-fieldend|move: Grassy Terrain
|upkeep
|turn|20
|
|t:|1663879903
|move|p1a: Bisharp|Swords Dance|p1a: Bisharp
|-boost|p1a: Bisharp|atk|2
|move|p2a: Mandibuzz|Foul Play|p1a: Bisharp
|-resisted|p1a: Bisharp
|-damage|p1a: Bisharp|0 fnt
|faint|p1a: Bisharp
|
|upkeep
|
|t:|1663879908
|switch|p1a: Gengar|Gengar, F|100/100
|turn|21
|
|t:|1663879917
|move|p1a: Gengar|Focus Blast|p2a: Mandibuzz|[miss]
|-miss|p1a: Gengar|p2a: Mandibuzz
|move|p2a: Mandibuzz|Foul Play|p1a: Gengar
|-supereffective|p1a: Gengar
|-damage|p1a: Gengar|38/100
|-start|p2a: Mandibuzz|Disable|Foul Play|[from] ability: Cursed Body|[of] p1a: Gengar
|
|upkeep
|turn|22
|
|t:|1663879929
|move|p1a: Gengar|Taunt|p2a: Mandibuzz
|-start|p2a: Mandibuzz|move: Taunt
|cant|p2a: Mandibuzz|move: Taunt|Roost
|
|upkeep
|turn|23
|
|t:|1663879936
|move|p1a: Gengar|Focus Blast|p2a: Mandibuzz
|-damage|p2a: Mandibuzz|24/100
|move|p2a: Mandibuzz|U-turn|p1a: Gengar
|-resisted|p1a: Gengar
|-damage|p1a: Gengar|32/100
|
|upkeep
|turn|24
|j| Lrispy
|l| Lrispy
|
|t:|1663879947
|move|p1a: Gengar|Focus Blast|p2a: Mandibuzz|[miss]
|-miss|p1a: Gengar|p2a: Mandibuzz
|move|p2a: Mandibuzz|U-turn|p1a: Gengar
|-resisted|p1a: Gengar
|-damage|p1a: Gengar|27/100
|
|-end|p2a: Mandibuzz|move: Taunt
|-end|p2a: Mandibuzz|Disable
|upkeep
|turn|25
|
|t:|1663879950
|move|p1a: Gengar|Focus Blast|p2a: Mandibuzz
|-damage|p2a: Mandibuzz|0 fnt
|faint|p2a: Mandibuzz
|
|win|Shuri2060
|raw|Shuri2060's rating: 1698 &rarr; <strong>1719</strong><br />(+21 for winning)
|raw|cump6's rating: 1719 &rarr; <strong>1698</strong><br />(-21 for losing)
|c|☆cump6|gg
|l|☆cump6
|l| turtleisfluffy3
