|j|☆Kyerndo
|j|☆Makuryu
|t:|1644012167
|gametype|singles
|player|p1|Kyerndo|psychic|1680
|player|p2|Makuryu|koga|1693
|teamsize|p1|6
|teamsize|p2|6
|gen|8
|tier|[Gen 8] OU
|rated|
|rule|Sleep Clause Mod: Limit one foe put to sleep
|rule|Species Clause: Limit one of each Pokémon
|rule|OHKO Clause: OHKO moves are banned
|rule|Evasion Moves Clause: Evasion moves are banned
|rule|Endless Battle Clause: Forcing endless battles is banned
|rule|HP Percentage Mod: HP is shown in percentages
|rule|Dynamax Clause: You cannot dynamax
|clearpoke
|poke|p1|Tapu Fini|
|poke|p1|Reuniclus, M|
|poke|p1|Tyranitar, M|
|poke|p1|Aegislash, M|
|poke|p1|Landorus-Therian, M|
|poke|p1|Volcanion|
|poke|p2|Bisharp, M|
|poke|p2|Zapdos-Galar|
|poke|p2|Mew|
|poke|p2|Rillaboom, M|
|poke|p2|Garchomp, M|
|poke|p2|Dragapult, F|
|teampreview
|inactive|Battle timer is ON: inactive players will automatically lose when time's up. (requested by Makuryu)
|j| 47474747474O
|
|t:|1644012178
|start
|switch|p1a: Aegislash|Aegislash, M|100/100
|switch|p2a: Mew|Mew|100/100
|turn|1
|j| Ctannn
|
|t:|1644012182
|move|p2a: Mew|Stealth Rock|p1a: Aegislash
|-sidestart|p1: Kyerndo|move: Stealth Rock
|-formechange|p1a: Aegislash|Aegislash-Blade||[from] ability: Stance Change
|move|p1a: Aegislash|Shadow Ball|p2a: Mew
|-supereffective|p2a: Mew
|-enditem|p2a: Mew|Focus Sash
|-damage|p2a: Mew|1/100
|-unboost|p2a: Mew|spd|1
|
|upkeep
|turn|2
|
|t:|1644012190
|move|p2a: Mew|Spikes|p1a: Aegislash
|-sidestart|p1: Kyerndo|Spikes
|move|p1a: Aegislash|Shadow Ball|p2a: Mew
|-supereffective|p2a: Mew
|-damage|p2a: Mew|0 fnt
|faint|p2a: Mew
|
|upkeep
|
|t:|1644012196
|switch|p2a: Bisharp|Bisharp, M|100/100
|turn|3
|
|t:|1644012201
|move|p2a: Bisharp|Knock Off|p1a: Aegislash
|-supereffective|p1a: Aegislash
|-damage|p1a: Aegislash|0 fnt
|-enditem|p1a: Aegislash|Choice Specs|[from] move: Knock Off|[of] p2a: Bisharp
|faint|p1a: Aegislash
|
|upkeep
|
|t:|1644012209
|switch|p1a: Volcanion|Volcanion|100/100
|turn|4
|
|t:|1644012226
|switch|p2a: Dragapult|Dragapult, F|100/100
|move|p1a: Volcanion|Defog|p2a: Dragapult
|-unboost|p2a: Dragapult|evasion|1
|-sideend|p1: Kyerndo|Spikes|[from] move: Defog|[of] p1a: Volcanion
|-sideend|p1: Kyerndo|Stealth Rock|[from] move: Defog|[of] p1a: Volcanion
|
|upkeep
|turn|5
|inactive|Kyerndo has 120 seconds left.
|
|t:|1644012270
|switch|p1a: Landorus|Landorus-Therian, M|100/100
|-ability|p1a: Landorus|Intimidate|boost
|-unboost|p2a: Dragapult|atk|1
|move|p2a: Dragapult|Dragon Darts|p1a: Landorus
|-damage|p1a: Landorus|83/100
|-anim|p2a: Dragapult|Dragon Darts|p1a: Landorus
|-damage|p1a: Landorus|68/100
|-damage|p2a: Dragapult|91/100|[from] item: Life Orb
|
|-heal|p1a: Landorus|74/100|[from] item: Leftovers
|upkeep
|turn|6
|
|t:|1644012281
|move|p2a: Dragapult|Hydro Pump|p1a: Landorus
|-supereffective|p1a: Landorus
|-damage|p1a: Landorus|0 fnt
|faint|p1a: Landorus
|-damage|p2a: Dragapult|81/100|[from] item: Life Orb
|
|upkeep
|
|t:|1644012284
|switch|p1a: Tapu Fini|Tapu Fini|100/100
|-fieldstart|move: Misty Terrain|[from] ability: Misty Surge|[of] p1a: Tapu Fini
|turn|7
|
|t:|1644012291
|move|p1a: Tapu Fini|Moonblast|p2a: Dragapult
|-supereffective|p2a: Dragapult
|-damage|p2a: Dragapult|0 fnt
|faint|p2a: Dragapult
|
|upkeep
|
|t:|1644012295
|switch|p2a: Rillaboom|Rillaboom, M|100/100
|-fieldstart|move: Grassy Terrain|[from] ability: Grassy Surge|[of] p2a: Rillaboom
|turn|8
|
|t:|1644012301
|switch|p1a: Reuniclus|Reuniclus, M|100/100
|move|p2a: Rillaboom|Grassy Glide|p1a: Reuniclus
|-damage|p1a: Reuniclus|56/100
|-damage|p2a: Rillaboom|91/100|[from] item: Life Orb
|
|-heal|p2a: Rillaboom|97/100|[from] Grassy Terrain
|-heal|p1a: Reuniclus|62/100|[from] Grassy Terrain
|upkeep
|turn|9
|j| Minions Are Cute
|
|t:|1644012312
|switch|p2a: Bisharp|Bisharp, M|100/100
|move|p1a: Reuniclus|Focus Blast|p2a: Bisharp
|-supereffective|p2a: Bisharp
|-damage|p2a: Bisharp|0 fnt
|faint|p2a: Bisharp
|
|-heal|p1a: Reuniclus|68/100|[from] Grassy Terrain
|upkeep
|
|t:|1644012321
|switch|p2a: Zapdos|Zapdos-Galar|100/100
|turn|10
|
|t:|1644012325
|switch|p1a: Tyranitar|Tyranitar, M|100/100
|-weather|Sandstorm|[from] ability: Sand Stream|[of] p1a: Tyranitar
|move|p2a: Zapdos|U-turn|p1a: Tyranitar
|-supereffective|p1a: Tyranitar
|-damage|p1a: Tyranitar|47/100
|
|t:|1644012333
|switch|p2a: Garchomp|Garchomp, M|100/100|[from]move: U-turn
|
|-weather|Sandstorm|[upkeep]
|-heal|p1a: Tyranitar|53/100|[from] Grassy Terrain
|upkeep
|turn|11
|j| Tokyo EZ
|
|t:|1644012338
|move|p2a: Garchomp|Earthquake|p1a: Tyranitar
|-supereffective|p1a: Tyranitar
|-damage|p1a: Tyranitar|15/100
|move|p1a: Tyranitar|Ice Punch|p2a: Garchomp
|-supereffective|p2a: Garchomp
|-crit|p2a: Garchomp
|-damage|p2a: Garchomp|0 fnt
|-damage|p1a: Tyranitar|2/100|[from] ability: Rough Skin|[of] p2a: Garchomp
|faint|p2a: Garchomp
|
|-weather|Sandstorm|[upkeep]
|-heal|p1a: Tyranitar|8/100|[from] Grassy Terrain
|upkeep
|
|t:|1644012350
|switch|p2a: Zapdos|Zapdos-Galar|100/100
|turn|12
|c|☆Kyerndo|Bruh
|c|☆Kyerndo|That grassy terrain actually came in handy
|
|t:|1644012374
|move|p2a: Zapdos|Brave Bird|p1a: Tyranitar
|-resisted|p1a: Tyranitar
|-damage|p1a: Tyranitar|0 fnt
|faint|p1a: Tyranitar
|-damage|p2a: Zapdos|97/100|[from] Recoil
|
|-weather|Sandstorm|[upkeep]
|-damage|p2a: Zapdos|91/100|[from] Sandstorm
|-fieldend|move: Grassy Terrain
|upkeep
|
|t:|1644012382
|switch|p1a: Tapu Fini|Tapu Fini|100/100
|-fieldstart|move: Misty Terrain|[from] ability: Misty Surge|[of] p1a: Tapu Fini
|turn|13
|
|t:|1644012387
|move|p1a: Tapu Fini|Moonblast|p2a: Zapdos
|-supereffective|p2a: Zapdos
|-damage|p2a: Zapdos|0 fnt
|faint|p2a: Zapdos
|
|-weather|Sandstorm|[upkeep]
|-damage|p1a: Tapu Fini|94/100|[from] Sandstorm
|upkeep
|
|t:|1644012393
|switch|p2a: Rillaboom|Rillaboom, M|97/100
|-fieldstart|move: Grassy Terrain|[from] ability: Grassy Surge|[of] p2a: Rillaboom
|turn|14
|
|t:|1644012398
|move|p1a: Tapu Fini|Moonblast|p2a: Rillaboom
|-damage|p2a: Rillaboom|41/100
|move|p2a: Rillaboom|Swords Dance|p2a: Rillaboom
|-boost|p2a: Rillaboom|atk|2
|
|-weather|none
|-heal|p1a: Tapu Fini|100/100|[from] Grassy Terrain
|-heal|p2a: Rillaboom|47/100|[from] Grassy Terrain
|upkeep
|turn|15
|
|t:|1644012412
|switch|p1a: Reuniclus|Reuniclus, M|68/100
|move|p2a: Rillaboom|Grassy Glide|p1a: Reuniclus
|-damage|p1a: Reuniclus|0 fnt
|faint|p1a: Reuniclus
|-damage|p2a: Rillaboom|38/100|[from] item: Life Orb
|
|-heal|p2a: Rillaboom|44/100|[from] Grassy Terrain
|upkeep
|
|t:|1644012413
|switch|p1a: Tapu Fini|Tapu Fini|100/100
|-fieldstart|move: Misty Terrain|[from] ability: Misty Surge|[of] p1a: Tapu Fini
|turn|16
|c|☆Kyerndo|gg
|j| dontstopho
|
|t:|1644012423
|move|p1a: Tapu Fini|Moonblast|p2a: Rillaboom
|-damage|p2a: Rillaboom|0 fnt
|faint|p2a: Rillaboom
|
|win|Kyerndo
|raw|Kyerndo's rating: 1680 &rarr; <strong>1701</strong><br />(+21 for winning)
|raw|Makuryu's rating: 1693 &rarr; <strong>1672</strong><br />(-21 for losing)
|l|☆Makuryu
|l| 47474747474O
|l| dontstopho
||Ladder isn't responding, score probably updated but might not have (Request timeout).
