|j|☆lebanesestinker
|j|☆minimax_ai
|t:|1662314362
|gametype|singles
|player|p1|lebanesestinker|li|1613
|player|p2|minimax_ai|lusamine-nihilego|1508
|teamsize|p1|6
|teamsize|p2|6
|gen|8
|tier|[Gen 8] OU
|rated|
|rule|Sleep Clause Mod: Limit one foe put to sleep
|rule|Species Clause: Limit one of each Pokémon
|rule|OHKO Clause: OHKO moves are banned
|rule|Evasion Items Clause: Evasion items are banned
|rule|Evasion Moves Clause: Evasion moves are banned
|rule|Endless Battle Clause: Forcing endless battles is banned
|rule|HP Percentage Mod: HP is shown in percentages
|rule|Dynamax Clause: You cannot dynamax
|clearpoke
|poke|p1|Tapu Koko|
|poke|p1|Hawlucha, F|
|poke|p1|Blaziken, F|
|poke|p1|Zapdos-Galar|
|poke|p1|Volcarona, M|
|poke|p1|Mew|
|poke|p2|Rotom-Wash|
|poke|p2|Weavile, M|
|poke|p2|Landorus-Therian, M|
|poke|p2|Heatran, M|
|poke|p2|Tangrowth, F|
|poke|p2|Melmetal|
|teampreview
|
|t:|1662314365
|start
|switch|p1a: Tapu Koko|Tapu Koko|100/100
|switch|p2a: rotomwash|Rotom-Wash|100/100
|-fieldstart|move: Electric Terrain|[from] ability: Electric Surge|[of] p1a: Tapu Koko
|turn|1
|inactive|Battle timer is ON: inactive players will automatically lose when time's up. (requested by lebanesestinker)
|c|☆minimax_ai|hf
|inactive|minimax_ai also wants the timer to be on.
|
|t:|1662314374
|move|p1a: Tapu Koko|Reflect|p1a: Tapu Koko
|-sidestart|p1: lebanesestinker|Reflect
|move|p2a: rotomwash|Hydro Pump|p1a: Tapu Koko
|-damage|p1a: Tapu Koko|48/100
|
|upkeep
|turn|2
|
|t:|1662314377
|move|p1a: Tapu Koko|Light Screen|p1a: Tapu Koko
|-sidestart|p1: lebanesestinker|move: Light Screen
|move|p2a: rotomwash|Hydro Pump|p1a: Tapu Koko|[miss]
|-miss|p2a: rotomwash|p1a: Tapu Koko
|
|upkeep
|turn|3
|
|t:|1662314380
|move|p1a: Tapu Koko|U-turn|p2a: rotomwash
|-damage|p2a: rotomwash|81/100
|j| Rubiaa
|
|t:|1662314395
|switch|p1a: Mew|Mew|100/100|[from]move: U-turn
|move|p2a: rotomwash|Hydro Pump|p1a: Mew
|-damage|p1a: Mew|82/100
|
|-heal|p1a: Mew|88/100|[from] item: Leftovers
|-heal|p2a: rotomwash|88/100|[from] item: Leftovers
|upkeep
|turn|4
|
|t:|1662314411
|switch|p1a: Tapu Koko|Tapu Koko|48/100
|move|p2a: rotomwash|Thunderbolt|p1a: Tapu Koko
|-resisted|p1a: Tapu Koko
|-damage|p1a: Tapu Koko|37/100
|
|-heal|p2a: rotomwash|94/100|[from] item: Leftovers
|upkeep
|turn|5
|
|t:|1662314416
|move|p1a: Tapu Koko|U-turn|p2a: rotomwash
|-damage|p2a: rotomwash|74/100
|
|t:|1662314418
|switch|p1a: Mew|Mew|88/100|[from]move: U-turn
|move|p2a: rotomwash|Hydro Pump|p1a: Mew
|-damage|p1a: Mew|70/100
|
|-heal|p1a: Mew|76/100|[from] item: Leftovers
|-heal|p2a: rotomwash|80/100|[from] item: Leftovers
|-fieldend|move: Electric Terrain
|upkeep
|turn|6
|
|t:|1662314421
|move|p1a: Mew|Roost|p1a: Mew
|-heal|p1a: Mew|100/100
|-singleturn|p1a: Mew|move: Roost
|move|p2a: rotomwash|Thunderbolt|p1a: Mew
|-damage|p1a: Mew|85/100
|
|-heal|p1a: Mew|91/100|[from] item: Leftovers
|-heal|p2a: rotomwash|86/100|[from] item: Leftovers
|upkeep
|turn|7
|
|t:|1662314424
|move|p1a: Mew|Cosmic Power|p1a: Mew
|-boost|p1a: Mew|def|1
|-boost|p1a: Mew|spd|1
|move|p2a: rotomwash|Thunderbolt|p1a: Mew
|-damage|p1a: Mew|80/100
|
|-heal|p1a: Mew|87/100|[from] item: Leftovers
|-heal|p2a: rotomwash|92/100|[from] item: Leftovers
|upkeep
|turn|8
|
|t:|1662314427
|move|p1a: Mew|Cosmic Power|p1a: Mew
|-boost|p1a: Mew|def|1
|-boost|p1a: Mew|spd|1
|move|p2a: rotomwash|Nasty Plot|p2a: rotomwash
|-boost|p2a: rotomwash|spa|2
|
|-heal|p1a: Mew|93/100|[from] item: Leftovers
|-heal|p2a: rotomwash|99/100|[from] item: Leftovers
|-sideend|p1: lebanesestinker|Reflect
|upkeep
|turn|9
|
|t:|1662314429
|move|p1a: Mew|Cosmic Power|p1a: Mew
|-boost|p1a: Mew|def|1
|-boost|p1a: Mew|spd|1
|move|p2a: rotomwash|Nasty Plot|p2a: rotomwash
|-boost|p2a: rotomwash|spa|2
|
|-heal|p1a: Mew|99/100|[from] item: Leftovers
|-heal|p2a: rotomwash|100/100|[from] item: Leftovers
|-sideend|p1: lebanesestinker|move: Light Screen
|upkeep
|turn|10
|
|t:|1662314431
|move|p1a: Mew|Cosmic Power|p1a: Mew
|-boost|p1a: Mew|def|1
|-boost|p1a: Mew|spd|1
|move|p2a: rotomwash|Thunderbolt|p1a: Mew
|-damage|p1a: Mew|66/100
|
|-heal|p1a: Mew|73/100|[from] item: Leftovers
|upkeep
|turn|11
|
|t:|1662314457
|move|p1a: Mew|Stored Power|p2a: rotomwash
|-damage|p2a: rotomwash|40/100
|move|p2a: rotomwash|Pain Split|p1a: Mew
|-sethp|p1a: Mew|51/100|[from] move: Pain Split|[silent]
|-sethp|p2a: rotomwash|68/100|[from] move: Pain Split
|
|-heal|p1a: Mew|57/100|[from] item: Leftovers
|-heal|p2a: rotomwash|74/100|[from] item: Leftovers
|upkeep
|turn|12
|
|t:|1662314462
|switch|p2a: landorustherian|Landorus-Therian, M|100/100
|-ability|p2a: landorustherian|Intimidate|boost
|-unboost|p1a: Mew|atk|1
|move|p1a: Mew|Roost|p1a: Mew
|-heal|p1a: Mew|100/100
|-singleturn|p1a: Mew|move: Roost
|
|upkeep
|turn|13
|
|t:|1662314464
|move|p1a: Mew|Stored Power|p2a: landorustherian
|-damage|p2a: landorustherian|57/100
|move|p2a: landorustherian|Toxic|p1a: Mew
|-status|p1a: Mew|tox
|-activate|p1a: Mew|ability: Synchronize
|-status|p2a: landorustherian|tox
|
|-heal|p2a: landorustherian|63/100 tox|[from] item: Leftovers
|-damage|p1a: Mew|94/100 tox|[from] psn
|-damage|p2a: landorustherian|57/100 tox|[from] psn
|upkeep
|turn|14
|
|t:|1662314468
|switch|p2a: Tangrowth|Tangrowth, F|100/100
|move|p1a: Mew|Cosmic Power|p1a: Mew
|-boost|p1a: Mew|def|1
|-boost|p1a: Mew|spd|1
|
|-heal|p1a: Mew|100/100 tox|[from] item: Leftovers
|-damage|p1a: Mew|88/100 tox|[from] psn
|upkeep
|turn|15
|
|t:|1662314469
|move|p1a: Mew|Stored Power|p2a: Tangrowth
|-damage|p2a: Tangrowth|0 fnt
|faint|p2a: Tangrowth
|
|-heal|p1a: Mew|94/100 tox|[from] item: Leftovers
|-damage|p1a: Mew|76/100 tox|[from] psn
|upkeep
|
|t:|1662314470
|switch|p2a: rotomwash|Rotom-Wash|74/100
|turn|16
|
|t:|1662314472
|move|p1a: Mew|Stored Power|p2a: rotomwash
|-damage|p2a: rotomwash|0 fnt
|faint|p2a: rotomwash
|
|-heal|p1a: Mew|82/100 tox|[from] item: Leftovers
|-damage|p1a: Mew|57/100 tox|[from] psn
|upkeep
|
|t:|1662314472
|switch|p2a: landorustherian|Landorus-Therian, M|57/100 tox
|-ability|p2a: landorustherian|Intimidate|boost
|-unboost|p1a: Mew|atk|1
|turn|17
|
|t:|1662314475
|move|p1a: Mew|Stored Power|p2a: landorustherian
|-damage|p2a: landorustherian|0 fnt
|faint|p2a: landorustherian
|
|-heal|p1a: Mew|63/100 tox|[from] item: Leftovers
|-damage|p1a: Mew|32/100 tox|[from] psn
|upkeep
|
|t:|1662314475
|switch|p2a: Weavile|Weavile, M|100/100
|-ability|p2a: Weavile|Pressure
|turn|18
|
|t:|1662314477
|move|p2a: Weavile|Knock Off|p1a: Mew
|-supereffective|p1a: Mew
|-damage|p1a: Mew|0 fnt
|-enditem|p1a: Mew|Leftovers|[from] move: Knock Off|[of] p2a: Weavile
|faint|p1a: Mew
|
|upkeep
|
|t:|1662314482
|switch|p1a: Tapu Koko|Tapu Koko|37/100
|-fieldstart|move: Electric Terrain|[from] ability: Electric Surge|[of] p1a: Tapu Koko
|turn|19
|
|t:|1662314484
|move|p1a: Tapu Koko|Reflect|p1a: Tapu Koko
|-sidestart|p1: lebanesestinker|Reflect
|move|p2a: Weavile|Knock Off|p1a: Tapu Koko
|-resisted|p1a: Tapu Koko
|-damage|p1a: Tapu Koko|15/100
|-enditem|p1a: Tapu Koko|Light Clay|[from] move: Knock Off|[of] p2a: Weavile
|
|upkeep
|turn|20
|
|t:|1662314489
|switch|p2a: Heatran|Heatran, M|100/100
|-item|p2a: Heatran|Air Balloon
|move|p1a: Tapu Koko|U-turn|p2a: Heatran
|-resisted|p2a: Heatran
|-damage|p2a: Heatran|96/100
|-enditem|p2a: Heatran|Air Balloon
|
|t:|1662314497
|switch|p1a: Blaziken|Blaziken, F|100/100|[from]move: U-turn
|-item|p1a: Blaziken|Air Balloon
|
|upkeep
|turn|21
|
|t:|1662314501
|move|p2a: Heatran|Eruption|p1a: Blaziken
|-resisted|p1a: Blaziken
|-damage|p1a: Blaziken|47/100
|-enditem|p1a: Blaziken|Air Balloon
|move|p1a: Blaziken|Earthquake|p2a: Heatran
|-supereffective|p2a: Heatran
|-damage|p2a: Heatran|0 fnt
|faint|p2a: Heatran
|
|-ability|p1a: Blaziken|Speed Boost|boost
|-boost|p1a: Blaziken|spe|1
|upkeep
|
|t:|1662314501
|switch|p2a: Melmetal|Melmetal|100/100
|turn|22
|
|t:|1662314508
|move|p1a: Blaziken|Flare Blitz|p2a: Melmetal
|-supereffective|p2a: Melmetal
|-damage|p2a: Melmetal|28/100
|-damage|p1a: Blaziken|12/100|[from] Recoil
|move|p2a: Melmetal|Earthquake|p1a: Blaziken
|-supereffective|p1a: Blaziken
|-damage|p1a: Blaziken|0 fnt
|faint|p1a: Blaziken
|
|upkeep
|
|t:|1662314514
|switch|p1a: Hawlucha|Hawlucha, F|100/100
|-enditem|p1a: Hawlucha|Electric Seed
|-boost|p1a: Hawlucha|def|1|[from] item: Electric Seed
|turn|23
|
|t:|1662314516
|move|p1a: Hawlucha|Close Combat|p2a: Melmetal
|-supereffective|p2a: Melmetal
|-damage|p2a: Melmetal|0 fnt
|-unboost|p1a: Hawlucha|def|1
|-unboost|p1a: Hawlucha|spd|1
|faint|p2a: Melmetal
|
|-fieldend|move: Electric Terrain
|upkeep
|
|t:|1662314516
|switch|p2a: Weavile|Weavile, M|100/100
|-ability|p2a: Weavile|Pressure
|turn|24
|
|t:|1662314518
|move|p2a: Weavile|Ice Shard|p1a: Hawlucha
|-supereffective|p1a: Hawlucha
|-damage|p1a: Hawlucha|58/100
|move|p1a: Hawlucha|Acrobatics|p2a: Weavile
|-damage|p2a: Weavile|18/100
|
|upkeep
|turn|25
|
|t:|1662314520
|move|p2a: Weavile|Ice Shard|p1a: Hawlucha
|-supereffective|p1a: Hawlucha
|-damage|p1a: Hawlucha|18/100
|move|p1a: Hawlucha|Acrobatics|p2a: Weavile
|-damage|p2a: Weavile|0 fnt
|faint|p2a: Weavile
|
|win|lebanesestinker
|raw|lebanesestinker's rating: 1613 &rarr; <strong>1627</strong><br />(+14 for winning)
|raw|minimax_ai's rating: 1508 &rarr; <strong>1494</strong><br />(-14 for losing)
|c|☆minimax_ai|gg
