|html|<div class="broadcast-blue"><strong>[Gen 8] OU is currently suspecting Melmetal! For information on how to participate check out the <a href="https://www.smogon.com/forums/threads/np-ss-ou-suspect-process-round-12-monster-mash.3709234/">suspect thread</a>.</strong></div>
|j|☆maxinyuuu
|j|☆jushu
|t:|1666015086
|gametype|singles
|player|p1|maxinyuuu|lusamine-nihilego|1587
|player|p2|jushu|102|1600
|teamsize|p1|6
|teamsize|p2|6
|gen|8
|tier|[Gen 8] OU
|rated|
|rule|Sleep Clause Mod: Limit one foe put to sleep
|rule|Species Clause: Limit one of each Pokémon
|rule|OHKO Clause: OHKO moves are banned
|rule|Evasion Items Clause: Evasion items are banned
|rule|Evasion Moves Clause: Evasion moves are banned
|rule|Endless Battle Clause: Forcing endless battles is banned
|rule|HP Percentage Mod: HP is shown in percentages
|rule|Dynamax Clause: You cannot dynamax
|clearpoke
|poke|p1|Melmetal|
|poke|p1|Porygon2|
|poke|p1|Cresselia, F|
|poke|p1|Marowak-Alola, F|
|poke|p1|Hatterene, F|
|poke|p1|Crawdaunt, M|
|poke|p2|Zapdos-Galar|
|poke|p2|Raichu-Alola, M|
|poke|p2|Tapu Koko|
|poke|p2|Corviknight, M|
|poke|p2|Toxapex, M|
|poke|p2|Garchomp, M|
|teampreview
|c|☆maxinyuuu|橘鼠？
|inactive|Battle timer is ON: inactive players will automatically lose when time's up. (requested by jushu)
|j| BathrFox
|c|☆jushu|你好
|c|☆maxinyuuu|。。。
|inactive|maxinyuuu has 120 seconds left.
|
|t:|1666015128
|start
|switch|p1a: 一号炮灰|Hatterene, F|100/100
|switch|p2a: Yami|Corviknight, M, shiny|100/100
|turn|1
|c|☆maxinyuuu|你刚才才@的我。。
|
|t:|1666015139
|move|p2a: Yami|Bulk Up|p2a: Yami
|-boost|p2a: Yami|atk|1
|-boost|p2a: Yami|def|1
|move|p1a: 一号炮灰|Trick Room|p1a: 一号炮灰
|-fieldstart|move: Trick Room|[of] p1a: 一号炮灰
|
|upkeep
|turn|2
|
|t:|1666015142
|move|p1a: 一号炮灰|Mystical Fire|p2a: Yami
|-supereffective|p2a: Yami
|-damage|p2a: Yami|60/100
|-ability|p2a: Yami|Mirror Armor
|-unboost|p1a: 一号炮灰|spa|1
|-enditem|p2a: Yami|Weakness Policy
|-boost|p2a: Yami|atk|2|[from] item: Weakness Policy
|-boost|p2a: Yami|spa|2|[from] item: Weakness Policy
|move|p2a: Yami|Bulk Up|p2a: Yami
|-boost|p2a: Yami|atk|1
|-boost|p2a: Yami|def|1
|
|upkeep
|turn|3
|
|t:|1666015148
|move|p1a: 一号炮灰|Mystical Fire|p2a: Yami
|-supereffective|p2a: Yami
|-damage|p2a: Yami|34/100
|-ability|p2a: Yami|Mirror Armor
|-unboost|p1a: 一号炮灰|spa|1
|move|p2a: Yami|Bulk Up|p2a: Yami
|-boost|p2a: Yami|atk|1
|-boost|p2a: Yami|def|1
|
|upkeep
|turn|4
|
|t:|1666015157
|switch|p1a: 不是石脑的|Marowak-Alola, F|100/100
|move|p2a: Yami|Roost|p2a: Yami
|-heal|p2a: Yami|84/100
|-singleturn|p2a: Yami|move: Roost
|
|upkeep
|turn|5
|
|t:|1666015166
|move|p1a: 不是石脑的|Flare Blitz|p2a: Yami
|-supereffective|p2a: Yami
|-damage|p2a: Yami|21/100
|-damage|p1a: 不是石脑的|75/100|[from] Recoil
|move|p2a: Yami|Roost|p2a: Yami
|-heal|p2a: Yami|71/100
|-singleturn|p2a: Yami|move: Roost
|
|-fieldend|move: Trick Room
|upkeep
|turn|6
|
|t:|1666015172
|move|p2a: Yami|Power Trip|p1a: 不是石脑的
|-supereffective|p1a: 不是石脑的
|-damage|p1a: 不是石脑的|0 fnt
|faint|p1a: 不是石脑的
|
|upkeep
|
|t:|1666015191
|switch|p1a: 一号炮灰|Hatterene, F|100/100
|turn|7
|
|t:|1666015195
|move|p2a: Yami|Roost|p2a: Yami
|-heal|p2a: Yami|100/100
|-singleturn|p2a: Yami|move: Roost
|move|p1a: 一号炮灰|Trick Room|p1a: 一号炮灰
|-fieldstart|move: Trick Room|[of] p1a: 一号炮灰
|
|upkeep
|turn|8
|
|t:|1666015197
|move|p1a: 一号炮灰|Mystical Fire|p2a: Yami
|-supereffective|p2a: Yami
|-damage|p2a: Yami|61/100
|-ability|p2a: Yami|Mirror Armor
|-unboost|p1a: 一号炮灰|spa|1
|move|p2a: Yami|Power Trip|p1a: 一号炮灰
|-enditem|p1a: 一号炮灰|Focus Sash
|-damage|p1a: 一号炮灰|1/100
|
|upkeep
|turn|9
|
|t:|1666015201
|switch|p1a: 吃了吗，没吃吃我两拳|Melmetal|100/100
|move|p2a: Yami|Roost|p2a: Yami
|-heal|p2a: Yami|100/100
|-singleturn|p2a: Yami|move: Roost
|
|upkeep
|turn|10
|-message|maxinyuuu forfeited.
|
|win|jushu
|raw|maxinyuuu's rating: 1570 &rarr; <strong>1552</strong><br />(-18 for losing)
|raw|jushu's rating: 1600 &rarr; <strong>1618</strong><br />(+18 for winning)
|l|☆maxinyuuu
||Ladder isn't responding, score probably updated but might not have (Request timeout).
|l| BathrFox
