|raw|<div class="broadcast-blue"><strong>This battle is required to be public due to a player having a name starting with 'lt92pf'.</div>
|j|☆LT92PF Pachito
|j|☆Redemption
|t:|1660290939
|gametype|singles
|player|p1|LT92PF Pachito|cynthia-masters|1842
|player|p2|Redemption|#redemption|1878
|teamsize|p1|6
|teamsize|p2|6
|gen|8
|tier|[Gen 8] OU
|rated|
|rule|Sleep Clause Mod: Limit one foe put to sleep
|rule|Species Clause: Limit one of each Pokémon
|rule|OHKO Clause: OHKO moves are banned
|rule|Evasion Items Clause: Evasion items are banned
|rule|Evasion Moves Clause: Evasion moves are banned
|rule|Endless Battle Clause: Forcing endless battles is banned
|rule|HP Percentage Mod: HP is shown in percentages
|rule|Dynamax Clause: You cannot dynamax
|clearpoke
|poke|p1|Dragapult, M|
|poke|p1|Bisharp, M|
|poke|p1|Volcarona, F|
|poke|p1|Rillaboom, M|
|poke|p1|Blaziken, M|
|poke|p1|Kartana|
|poke|p2|Kartana|
|poke|p2|Tapu Lele|
|poke|p2|Tapu Fini|
|poke|p2|Landorus-Therian, M|
|poke|p2|Dragapult, M|
|poke|p2|Melmetal|
|teampreview
|inactive|Battle timer is ON: inactive players will automatically lose when time's up. (requested by LT92PF Pachito)
|
|t:|1660290961
|start
|switch|p1a: Bisharp|Bisharp, M|100/100
|switch|p2a: Landorus|Landorus-Therian, M|100/100
|-ability|p2a: Landorus|Intimidate|boost
|-unboost|p1a: Bisharp|atk|1
|-ability|p1a: Bisharp|Defiant
|-boost|p1a: Bisharp|atk|2
|turn|1
|
|t:|1660290968
|move|p1a: Bisharp|Knock Off|p2a: Landorus
|-damage|p2a: Landorus|24/100
|-enditem|p2a: Landorus|Leftovers|[from] move: Knock Off|[of] p1a: Bisharp
|move|p2a: Landorus|Earthquake|p1a: Bisharp
|-supereffective|p1a: Bisharp
|-enditem|p1a: Bisharp|Focus Sash
|-damage|p1a: Bisharp|1/100
|
|upkeep
|turn|2
|
|t:|1660290977
|move|p1a: Bisharp|Stealth Rock|p2a: Landorus
|-sidestart|p2: Redemption|move: Stealth Rock
|move|p2a: Landorus|Stealth Rock|p1a: Bisharp
|-sidestart|p1: LT92PF Pachito|move: Stealth Rock
|
|upkeep
|turn|3
|
|t:|1660290981
|move|p1a: Bisharp|Knock Off|p2a: Landorus
|-damage|p2a: Landorus|0 fnt
|faint|p2a: Landorus
|
|upkeep
|
|t:|1660290984
|switch|p2a: Tapu Lele|Tapu Lele|100/100
|-damage|p2a: Tapu Lele|88/100|[from] Stealth Rock
|-fieldstart|move: Psychic Terrain|[from] ability: Psychic Surge|[of] p2a: Tapu Lele
|turn|4
|
|t:|1660290988
|move|p2a: Tapu Lele|Moonblast|p1a: Bisharp
|-damage|p1a: Bisharp|0 fnt
|faint|p1a: Bisharp
|
|upkeep
|
|t:|1660290999
|switch|p1a: Rillaboom|Rillaboom, M, shiny|100/100
|-damage|p1a: Rillaboom|88/100|[from] Stealth Rock
|-fieldstart|move: Grassy Terrain|[from] ability: Grassy Surge|[of] p1a: Rillaboom
|turn|5
|inactive|Redemption has 120 seconds left.
|
|t:|1660291046
|move|p1a: Rillaboom|Grassy Glide|p2a: Tapu Lele
|-damage|p2a: Tapu Lele|0 fnt
|faint|p2a: Tapu Lele
|-damage|p1a: Rillaboom|78/100|[from] item: Life Orb
|
|-heal|p1a: Rillaboom|84/100|[from] Grassy Terrain
|upkeep
|
|t:|1660291050
|switch|p2a: Dragapult|Dragapult, M|100/100
|-damage|p2a: Dragapult|88/100|[from] Stealth Rock
|turn|6
|
|t:|1660291063
|move|p1a: Rillaboom|Grassy Glide|p2a: Dragapult
|-resisted|p2a: Dragapult
|-damage|p2a: Dragapult|41/100
|-damage|p1a: Rillaboom|74/100|[from] item: Life Orb
|move|p2a: Dragapult|Draco Meteor|p1a: Rillaboom
|-damage|p1a: Rillaboom|0 fnt
|-unboost|p2a: Dragapult|spa|2
|faint|p1a: Rillaboom
|
|-heal|p2a: Dragapult|47/100|[from] Grassy Terrain
|upkeep
|
|t:|1660291074
|switch|p1a: Volcarona|Volcarona, F|100/100
|turn|7
|
|t:|1660291077
|move|p2a: Dragapult|Draco Meteor|p1a: Volcarona
|-damage|p1a: Volcarona|54/100
|-unboost|p2a: Dragapult|spa|2
|move|p1a: Volcarona|Quiver Dance|p1a: Volcarona
|-boost|p1a: Volcarona|spa|1
|-boost|p1a: Volcarona|spd|1
|-boost|p1a: Volcarona|spe|1
|
|-heal|p1a: Volcarona|60/100|[from] Grassy Terrain
|-heal|p2a: Dragapult|53/100|[from] Grassy Terrain
|upkeep
|turn|8
|j| I M prad yt
|
|t:|1660291081
|move|p1a: Volcarona|Quiver Dance|p1a: Volcarona
|-boost|p1a: Volcarona|spa|1
|-boost|p1a: Volcarona|spd|1
|-boost|p1a: Volcarona|spe|1
|move|p2a: Dragapult|Draco Meteor|p1a: Volcarona|[miss]
|-miss|p2a: Dragapult|p1a: Volcarona
|
|-heal|p1a: Volcarona|66/100|[from] Grassy Terrain
|-heal|p2a: Dragapult|59/100|[from] Grassy Terrain
|upkeep
|turn|9
|
|t:|1660291086
|move|p1a: Volcarona|Psychic|p2a: Dragapult
|-damage|p2a: Dragapult|0 fnt
|faint|p2a: Dragapult
|
|-heal|p1a: Volcarona|72/100|[from] Grassy Terrain
|-fieldend|move: Grassy Terrain
|upkeep
|
|t:|1660291089
|switch|p2a: Tapu Fini|Tapu Fini|100/100
|-damage|p2a: Tapu Fini|88/100|[from] Stealth Rock
|-fieldstart|move: Misty Terrain|[from] ability: Misty Surge|[of] p2a: Tapu Fini
|turn|10
|
|t:|1660291092
|move|p1a: Volcarona|Giga Drain|p2a: Tapu Fini
|-supereffective|p2a: Tapu Fini
|-damage|p2a: Tapu Fini|0 fnt
|-heal|p1a: Volcarona|100/100|[from] drain|[of] p2a: Tapu Fini
|faint|p2a: Tapu Fini
|
|upkeep
|-message|Redemption forfeited.
|
|win|LT92PF Pachito
|raw|LT92PF Pachito's rating: 1842 &rarr; <strong>1864</strong><br />(+22 for winning)
|raw|Redemption's rating: 1878 &rarr; <strong>1856</strong><br />(-22 for losing)
|l|☆Redemption
