|j|☆lobe.
|j|☆Run For Me Plz
|t:|1658583707
|gametype|singles
|player|p1|lobe.|oak-gen2|1672
|player|p2|Run For Me Plz|blue-gen2|1647
|teamsize|p1|6
|teamsize|p2|6
|gen|8
|tier|[Gen 8] OU
|rated|
|rule|Sleep Clause Mod: Limit one foe put to sleep
|rule|Species Clause: Limit one of each Pokémon
|rule|OHKO Clause: OHKO moves are banned
|rule|Evasion Moves Clause: Evasion moves are banned
|rule|Endless Battle Clause: Forcing endless battles is banned
|rule|HP Percentage Mod: HP is shown in percentages
|rule|Dynamax Clause: You cannot dynamax
|clearpoke
|poke|p1|Mew|
|poke|p1|Ninetales-Alola, F|
|poke|p1|Barbaracle, M|
|poke|p1|Kommo-o, M|
|poke|p1|Polteageist|
|poke|p1|Slowbro-Galar, M|
|poke|p2|Urshifu-*, F|
|poke|p2|Blissey, F|
|poke|p2|Slowbro, F|
|poke|p2|Hippowdon, F|
|poke|p2|Corviknight, F|
|poke|p2|Heatran, M|
|teampreview
|inactive|Battle timer is ON: inactive players will automatically lose when time's up. (requested by Run For Me Plz)
|
|t:|1658583719
|start
|switch|p1a: Mew|Mew|100/100
|switch|p2a: Urshifu|Urshifu-Rapid-Strike, F|100/100
|turn|1
|j| SmartInResults
|
|t:|1658583723
|move|p2a: Urshifu|U-turn|p1a: Mew
|-supereffective|p1a: Mew
|-damage|p1a: Mew|52/100
|
|t:|1658583726
|switch|p2a: Corviknight|Corviknight, F, shiny|100/100|[from]move: U-turn
|-ability|p2a: Corviknight|Pressure
|move|p1a: Mew|Stealth Rock|p2a: Corviknight
|-sidestart|p2: Run For Me Plz|move: Stealth Rock
|
|upkeep
|turn|2
|
|t:|1658583728
|move|p1a: Mew|Taunt|p2a: Corviknight
|-start|p2a: Corviknight|move: Taunt
|move|p2a: Corviknight|U-turn|p1a: Mew
|-supereffective|p1a: Mew
|-damage|p1a: Mew|25/100
|
|t:|1658583731
|switch|p2a: Urshifu|Urshifu-Rapid-Strike, F|100/100|[from]move: U-turn
|-damage|p2a: Urshifu|94/100|[from] Stealth Rock
|
|upkeep
|turn|3
|
|t:|1658583734
|switch|p1a: Ninetales|Ninetales-Alola, F|100/100
|-weather|Hail|[from] ability: Snow Warning|[of] p1a: Ninetales
|move|p2a: Urshifu|Surging Strikes|p1a: Ninetales
|-crit|p1a: Ninetales
|-damage|p1a: Ninetales|74/100
|-crit|p1a: Ninetales
|-damage|p1a: Ninetales|50/100
|-crit|p1a: Ninetales
|-damage|p1a: Ninetales|26/100
|-hitcount|p1a: Ninetales|3
|
|-weather|Hail|[upkeep]
|-damage|p2a: Urshifu|88/100|[from] Hail
|upkeep
|turn|4
|
|t:|1658583747
|switch|p2a: Hippowdon|Hippowdon, F, shiny|100/100
|-damage|p2a: Hippowdon|94/100|[from] Stealth Rock
|-weather|Sandstorm|[from] ability: Sand Stream|[of] p2a: Hippowdon
|switch|p1a: Kommo-o|Kommo-o, M|100/100
|
|-weather|Sandstorm|[upkeep]
|-damage|p1a: Kommo-o|94/100|[from] Sandstorm
|-heal|p2a: Hippowdon|100/100|[from] item: Leftovers
|upkeep
|turn|5
|
|t:|1658583750
|move|p1a: Kommo-o|Belly Drum|p1a: Kommo-o
|-damage|p1a: Kommo-o|44/100
|-setboost|p1a: Kommo-o|atk|6|[from] move: Belly Drum
|-enditem|p1a: Kommo-o|Sitrus Berry|[eat]
|-heal|p1a: Kommo-o|69/100|[from] item: Sitrus Berry
|move|p2a: Hippowdon|Earthquake|p1a: Kommo-o
|-damage|p1a: Kommo-o|29/100
|
|-weather|Sandstorm|[upkeep]
|-damage|p1a: Kommo-o|23/100|[from] Sandstorm
|upkeep
|turn|6
|
|t:|1658583760
|switch|p2a: Slowbro|Slowbro, F, shiny|100/100
|-damage|p2a: Slowbro|88/100|[from] Stealth Rock
|move|p1a: Kommo-o|Drain Punch|p2a: Slowbro
|-resisted|p2a: Slowbro
|-damage|p2a: Slowbro|48/100
|-heal|p1a: Kommo-o|50/100|[from] drain|[of] p2a: Slowbro
|
|-weather|Sandstorm|[upkeep]
|-damage|p1a: Kommo-o|44/100|[from] Sandstorm
|-damage|p2a: Slowbro|42/100|[from] Sandstorm
|upkeep
|turn|7
|
|t:|1658583777
|move|p1a: Kommo-o|Poison Jab|p2a: Slowbro
|-damage|p2a: Slowbro|0 fnt
|faint|p2a: Slowbro
|
|-weather|Sandstorm|[upkeep]
|-damage|p1a: Kommo-o|38/100|[from] Sandstorm
|upkeep
|
|t:|1658583781
|switch|p2a: Urshifu|Urshifu-Rapid-Strike, F|88/100
|-damage|p2a: Urshifu|82/100|[from] Stealth Rock
|turn|8
|
|t:|1658583786
|switch|p1a: Slowbro|Slowbro-Galar, M, shiny|100/100
|move|p2a: Urshifu|Close Combat|p1a: Slowbro
|-resisted|p1a: Slowbro
|-damage|p1a: Slowbro|85/100
|-unboost|p2a: Urshifu|def|1
|-unboost|p2a: Urshifu|spd|1
|
|-weather|none
|upkeep
|turn|9
|
|t:|1658583796
|switch|p2a: Hippowdon|Hippowdon, F, shiny|100/100
|-damage|p2a: Hippowdon|94/100|[from] Stealth Rock
|-weather|Sandstorm|[from] ability: Sand Stream|[of] p2a: Hippowdon
|switch|p1a: Ninetales|Ninetales-Alola, F|26/100
|-weather|Hail|[from] ability: Snow Warning|[of] p1a: Ninetales
|
|-weather|Hail|[upkeep]
|-damage|p2a: Hippowdon|88/100|[from] Hail
|-heal|p2a: Hippowdon|94/100|[from] item: Leftovers
|upkeep
|turn|10
|
|t:|1658583807
|move|p1a: Ninetales|Aurora Veil|p1a: Ninetales
|-sidestart|p1: lobe.|move: Aurora Veil
|move|p2a: Hippowdon|Stealth Rock|p1a: Ninetales
|-sidestart|p1: lobe.|move: Stealth Rock
|
|-weather|Hail|[upkeep]
|-damage|p2a: Hippowdon|88/100|[from] Hail
|-heal|p2a: Hippowdon|94/100|[from] item: Leftovers
|upkeep
|turn|11
|
|t:|1658583810
|switch|p2a: Corviknight|Corviknight, F, shiny|100/100
|-damage|p2a: Corviknight|88/100|[from] Stealth Rock
|-ability|p2a: Corviknight|Pressure
|move|p1a: Ninetales|Encore||[still]
|-fail|p1a: Ninetales
|
|-weather|Hail|[upkeep]
|-damage|p2a: Corviknight|82/100|[from] Hail
|-heal|p2a: Corviknight|88/100|[from] item: Leftovers
|upkeep
|turn|12
|j| GZ77RE
|
|t:|1658583812
|move|p1a: Ninetales|Freeze-Dry|p2a: Corviknight
|-damage|p2a: Corviknight|69/100
|move|p2a: Corviknight|U-turn|p1a: Ninetales
|-resisted|p1a: Ninetales
|-damage|p1a: Ninetales|21/100
|
|t:|1658583815
|switch|p2a: Hippowdon|Hippowdon, F, shiny|94/100|[from]move: U-turn
|-damage|p2a: Hippowdon|88/100|[from] Stealth Rock
|-weather|Sandstorm|[from] ability: Sand Stream|[of] p2a: Hippowdon
|
|-weather|Sandstorm|[upkeep]
|-damage|p1a: Ninetales|15/100|[from] Sandstorm
|-heal|p2a: Hippowdon|94/100|[from] item: Leftovers
|upkeep
|turn|13
|l| GZ77RE
|
|t:|1658583820
|switch|p2a: Corviknight|Corviknight, F, shiny|69/100
|-damage|p2a: Corviknight|56/100|[from] Stealth Rock
|-ability|p2a: Corviknight|Pressure
|move|p1a: Ninetales|Safeguard|p1a: Ninetales
|-sidestart|p1: lobe.|Safeguard
|
|-weather|Sandstorm|[upkeep]
|-damage|p1a: Ninetales|9/100|[from] Sandstorm
|-heal|p2a: Corviknight|62/100|[from] item: Leftovers
|upkeep
|turn|14
|j| Traffalgar D Law
|
|t:|1658583830
|move|p1a: Ninetales|Freeze-Dry|p2a: Corviknight
|-damage|p2a: Corviknight|43/100
|move|p2a: Corviknight|Roost|p2a: Corviknight
|-heal|p2a: Corviknight|93/100
|-singleturn|p2a: Corviknight|move: Roost
|
|-weather|Sandstorm|[upkeep]
|-damage|p1a: Ninetales|3/100|[from] Sandstorm
|-heal|p2a: Corviknight|99/100|[from] item: Leftovers
|upkeep
|turn|15
|
|t:|1658583839
|switch|p2a: Heatran|Heatran, M, shiny|100/100
|-damage|p2a: Heatran|88/100|[from] Stealth Rock
|move|p1a: Ninetales|Encore||[still]
|-fail|p1a: Ninetales
|
|-weather|Sandstorm|[upkeep]
|-damage|p1a: Ninetales|0 fnt|[from] Sandstorm
|faint|p1a: Ninetales
|upkeep
|j| WhenUSmellThatZaza
|
|t:|1658583847
|switch|p1a: Barbaracle|Barbaracle, M, shiny|100/100
|-damage|p1a: Barbaracle|88/100|[from] Stealth Rock
|turn|16
|
|t:|1658583851
|move|p1a: Barbaracle|Shell Smash|p1a: Barbaracle
|-unboost|p1a: Barbaracle|def|1
|-unboost|p1a: Barbaracle|spd|1
|-boost|p1a: Barbaracle|atk|2
|-boost|p1a: Barbaracle|spa|2
|-boost|p1a: Barbaracle|spe|2
|move|p2a: Heatran|Earth Power|p1a: Barbaracle
|-supereffective|p1a: Barbaracle
|-damage|p1a: Barbaracle|20/100
|
|-weather|none
|upkeep
|turn|17
|
|t:|1658583857
|move|p1a: Barbaracle|Liquidation|p2a: Heatran
|-supereffective|p2a: Heatran
|-damage|p2a: Heatran|0 fnt
|faint|p2a: Heatran
|
|-sideend|p1: lobe.|Safeguard
|-sideend|p1: lobe.|move: Aurora Veil
|upkeep
|
|t:|1658583859
|switch|p2a: Urshifu|Urshifu-Rapid-Strike, F|82/100
|-damage|p2a: Urshifu|76/100|[from] Stealth Rock
|turn|18
|
|t:|1658583868
|move|p1a: Barbaracle|Liquidation|p2a: Urshifu
|-resisted|p2a: Urshifu
|-crit|p2a: Urshifu
|-damage|p2a: Urshifu|0 fnt
|faint|p2a: Urshifu
|
|upkeep
|c|☆lobe.|lol
|c|☆lobe.|gg
|
|t:|1658583876
|switch|p2a: Corviknight|Corviknight, F, shiny|99/100
|-damage|p2a: Corviknight|87/100|[from] Stealth Rock
|-ability|p2a: Corviknight|Pressure
|turn|19
|
|t:|1658583878
|move|p1a: Barbaracle|Stone Edge|p2a: Corviknight|[miss]
|-miss|p1a: Barbaracle|p2a: Corviknight
|move|p2a: Corviknight|Body Press|p1a: Barbaracle
|-supereffective|p1a: Barbaracle
|-damage|p1a: Barbaracle|0 fnt
|faint|p1a: Barbaracle
|
|-heal|p2a: Corviknight|93/100|[from] item: Leftovers
|upkeep
|
|t:|1658583889
|switch|p1a: Polteageist|Polteageist|100/100
|-damage|p1a: Polteageist|88/100|[from] Stealth Rock
|turn|20
|c|☆Run For Me Plz|Crazy cuz u lost without crit max roll was 69
|
|t:|1658583916
|move|p1a: Polteageist|Shell Smash|p1a: Polteageist
|-unboost|p1a: Polteageist|def|1
|-unboost|p1a: Polteageist|spd|1
|-boost|p1a: Polteageist|atk|2
|-boost|p1a: Polteageist|spa|2
|-boost|p1a: Polteageist|spe|2
|-enditem|p1a: Polteageist|White Herb
|-clearnegativeboost|p1a: Polteageist|[silent]
|move|p2a: Corviknight|U-turn|p1a: Polteageist
|-resisted|p1a: Polteageist
|-crit|p1a: Polteageist
|-damage|p1a: Polteageist|71/100
|
|t:|1658583919
|switch|p2a: Blissey|Blissey, F, shiny|100/100|[from]move: U-turn
|
|upkeep
|turn|21
|
|t:|1658583927
|move|p1a: Polteageist|Shell Smash|p1a: Polteageist
|-unboost|p1a: Polteageist|def|1
|-unboost|p1a: Polteageist|spd|1
|-boost|p1a: Polteageist|atk|2
|-boost|p1a: Polteageist|spa|2
|-boost|p1a: Polteageist|spe|2
|move|p2a: Blissey|Thunder Wave|p1a: Polteageist
|-status|p1a: Polteageist|par
|
|upkeep
|turn|22
|
|t:|1658583934
|cant|p1a: Polteageist|par
|move|p2a: Blissey|Ice Beam|p1a: Polteageist
|-damage|p1a: Polteageist|41/100 par
|
|upkeep
|turn|23
|
|t:|1658583940
|cant|p1a: Polteageist|par
|move|p2a: Blissey|Ice Beam|p1a: Polteageist
|-damage|p1a: Polteageist|12/100 par
|
|upkeep
|turn|24
|
|t:|1658583943
|move|p1a: Polteageist|Strength Sap|p2a: Blissey
|-unboost|p2a: Blissey|atk|1
|-heal|p1a: Polteageist|21/100 par
|move|p2a: Blissey|Ice Beam|p1a: Polteageist
|-damage|p1a: Polteageist|0 fnt
|-start|p2a: Blissey|Disable|Ice Beam|[from] ability: Cursed Body|[of] p1a: Polteageist
|faint|p1a: Polteageist
|
|upkeep
|
|t:|1658583952
|switch|p1a: Slowbro|Slowbro-Galar, M, shiny|85/100
|-damage|p1a: Slowbro|73/100|[from] Stealth Rock
|turn|25
|c|☆Run For Me Plz|lol wat was that u were jus saying
|
|t:|1658583962
|move|p2a: Blissey|Thunder Wave|p1a: Slowbro
|-status|p1a: Slowbro|par
|move|p1a: Slowbro|Belly Drum|p1a: Slowbro
|-damage|p1a: Slowbro|23/100 par
|-setboost|p1a: Slowbro|atk|6|[from] move: Belly Drum
|
|upkeep
|turn|26
|-activate|p1a: Slowbro|item: Quick Claw
|
|t:|1658583966
|cant|p1a: Slowbro|par
|move|p2a: Blissey|Seismic Toss|p1a: Slowbro
|-damage|p1a: Slowbro|0 fnt
|faint|p1a: Slowbro
|
|upkeep
|c|☆lobe.|oh fk off
|c|☆lobe.|you stupid lucky bastard
|
|t:|1658583979
|switch|p1a: Kommo-o|Kommo-o, M|38/100
|-damage|p1a: Kommo-o|32/100|[from] Stealth Rock
|turn|27
|c|☆Run For Me Plz|u lost without hax to being wit how am I the one who’s lucky
|
|t:|1658583993
|switch|p2a: Corviknight|Corviknight, F, shiny|93/100
|-damage|p2a: Corviknight|81/100|[from] Stealth Rock
|-ability|p2a: Corviknight|Pressure
|move|p1a: Kommo-o|Drain Punch|p2a: Corviknight
|-damage|p2a: Corviknight|57/100
|-heal|p1a: Kommo-o|48/100|[from] drain|[of] p2a: Corviknight
|
|-heal|p2a: Corviknight|63/100|[from] item: Leftovers
|upkeep
|turn|28
|c|☆lobe.|erm
|c|☆lobe.|5 paras in a row
|
|t:|1658584005
|move|p1a: Kommo-o|Drain Punch|p2a: Corviknight
|-damage|p2a: Corviknight|42/100
|-heal|p1a: Kommo-o|63/100|[from] drain|[of] p2a: Corviknight
|move|p2a: Corviknight|Body Press|p1a: Kommo-o
|-damage|p1a: Kommo-o|39/100
|
|-heal|p2a: Corviknight|48/100|[from] item: Leftovers
|upkeep
|turn|29
|c|☆Run For Me Plz|wouldn’t have mattered if u never crit urshifu guaranteed lost for u dummy
|
|t:|1658584025
|move|p1a: Kommo-o|Drain Punch|p2a: Corviknight
|-damage|p2a: Corviknight|26/100
|-heal|p1a: Kommo-o|54/100|[from] drain|[of] p2a: Corviknight
|move|p2a: Corviknight|Body Press|p1a: Kommo-o
|-damage|p1a: Kommo-o|28/100
|
|-heal|p2a: Corviknight|32/100|[from] item: Leftovers
|upkeep
|turn|30
|c|☆lobe.|dude i got scope lens
|
|t:|1658584041
|move|p1a: Kommo-o|Drain Punch|p2a: Corviknight
|-damage|p2a: Corviknight|11/100
|-heal|p1a: Kommo-o|43/100|[from] drain|[of] p2a: Corviknight
|move|p2a: Corviknight|Body Press|p1a: Kommo-o
|-damage|p1a: Kommo-o|19/100
|
|-heal|p2a: Corviknight|17/100|[from] item: Leftovers
|upkeep
|turn|31
|
|t:|1658584044
|move|p1a: Kommo-o|Drain Punch|p2a: Corviknight
|-crit|p2a: Corviknight
|-damage|p2a: Corviknight|0 fnt
|-heal|p1a: Kommo-o|30/100|[from] drain|[of] p2a: Corviknight
|faint|p2a: Corviknight
|
|upkeep
|
|t:|1658584047
|switch|p2a: Hippowdon|Hippowdon, F, shiny|94/100
|-damage|p2a: Hippowdon|88/100|[from] Stealth Rock
|-weather|Sandstorm|[from] ability: Sand Stream|[of] p2a: Hippowdon
|turn|32
|
|t:|1658584052
|move|p1a: Kommo-o|Drain Punch|p2a: Hippowdon
|-damage|p2a: Hippowdon|64/100
|-heal|p1a: Kommo-o|48/100|[from] drain|[of] p2a: Hippowdon
|move|p2a: Hippowdon|Earthquake|p1a: Kommo-o
|-damage|p1a: Kommo-o|10/100
|
|-weather|Sandstorm|[upkeep]
|-damage|p1a: Kommo-o|4/100|[from] Sandstorm
|-heal|p2a: Hippowdon|70/100|[from] item: Leftovers
|upkeep
|turn|33
|
|t:|1658584058
|move|p1a: Kommo-o|Drain Punch|p2a: Hippowdon
|-damage|p2a: Hippowdon|46/100
|-heal|p1a: Kommo-o|21/100|[from] drain|[of] p2a: Hippowdon
|move|p2a: Hippowdon|Earthquake|p1a: Kommo-o
|-damage|p1a: Kommo-o|0 fnt
|faint|p1a: Kommo-o
|
|-weather|Sandstorm|[upkeep]
|-heal|p2a: Hippowdon|52/100|[from] item: Leftovers
|upkeep
|
|t:|1658584062
|switch|p1a: Mew|Mew|25/100
|-damage|p1a: Mew|12/100|[from] Stealth Rock
|turn|34
|
|t:|1658584065
|move|p1a: Mew|Close Combat|p2a: Hippowdon
|-damage|p2a: Hippowdon|31/100
|-unboost|p1a: Mew|def|1
|-unboost|p1a: Mew|spd|1
|move|p2a: Hippowdon|Earthquake|p1a: Mew
|-damage|p1a: Mew|0 fnt
|faint|p1a: Mew
|
|win|Run For Me Plz
|raw|lobe.'s rating: 1672 &rarr; <strong>1651</strong><br />(-21 for losing)
|raw|Run For Me Plz's rating: 1647 &rarr; <strong>1668</strong><br />(+21 for winning)
|l|☆lobe.
|l|☆Run For Me Plz
