|j|☆metrobotacc
|j|☆BigL91
|player|p1|metrobotacc|lady-gen4|1385
|player|p2|BigL91|135|1387
|teamsize|p1|6
|teamsize|p2|6
|gametype|singles
|gen|8
|tier|[Gen 8] OU
|rated|
|html|<div class="broadcast-blue"><strong>OU is currently suspecting Dracovish! For information on how to participate check out the <a href="https://www.smogon.com/forums/threads/3664521/">suspect thread</a>.</strong></div>
|clearpoke
|poke|p1|Haxorus, M|
|poke|p1|Corviknight, F|
|poke|p1|Toxtricity, F|
|poke|p1|Zeraora|
|poke|p1|Togekiss, M|
|poke|p1|Clefable, M|
|poke|p2|Seismitoad, F|
|poke|p2|Clefable, M|
|poke|p2|Corviknight, M|
|poke|p2|Conkeldurr, F|
|poke|p2|Kyurem|
|poke|p2|Zeraora|
|rule|Sleep Clause Mod: Limit one foe put to sleep
|rule|Species Clause: Limit one of each Pokémon
|rule|OHKO Clause: OHKO moves are banned
|rule|Evasion Moves Clause: Evasion moves are banned
|rule|Endless Battle Clause: Forcing endless battles is banned
|rule|HP Percentage Mod: HP is shown in percentages
|rule|Dynamax Clause: You cannot dynamax
|teampreview
|
|start
|switch|p1a: Zeraora|Zeraora|100/100
|switch|p2a: Kyurem|Kyurem|100/100
|-ability|p2a: Kyurem|Pressure
|turn|1
|
|move|p1a: Zeraora|Close Combat|p2a: Kyurem
|-supereffective|p2a: Kyurem
|-damage|p2a: Kyurem|10/100
|-unboost|p1a: Zeraora|def|1
|-unboost|p1a: Zeraora|spd|1
|move|p2a: Kyurem|Ice Beam|p1a: Zeraora
|-damage|p1a: Zeraora|0 fnt
|faint|p1a: Zeraora
|
|upkeep
|
|switch|p1a: Clefable|Clefable, M|100/100
|turn|2
|
|switch|p2a: Clefable|Clefable, M|100/100
|move|p1a: Clefable|Calm Mind|p1a: Clefable
|-boost|p1a: Clefable|spa|1
|-boost|p1a: Clefable|spd|1
|
|upkeep
|turn|3
|
|move|p1a: Clefable|Moonblast|p2a: Clefable
|-damage|p2a: Clefable|68/100
|move|p2a: Clefable|Moonblast|p1a: Clefable
|-damage|p1a: Clefable|80/100
|
|-heal|p1a: Clefable|86/100|[from] item: Leftovers
|-heal|p2a: Clefable|74/100|[from] item: Leftovers
|upkeep
|turn|4
|
|move|p2a: Clefable|Wish|p2a: Clefable
|move|p1a: Clefable|Calm Mind|p1a: Clefable
|-boost|p1a: Clefable|spa|1
|-boost|p1a: Clefable|spd|1
|
|-heal|p1a: Clefable|92/100|[from] item: Leftovers
|-heal|p2a: Clefable|80/100|[from] item: Leftovers
|upkeep
|turn|5
|
|move|p1a: Clefable|Calm Mind|p1a: Clefable
|-boost|p1a: Clefable|spa|1
|-boost|p1a: Clefable|spd|1
|move|p2a: Clefable|Teleport|p2a: Clefable
|
|switch|p2a: Conkeldurr|Conkeldurr, F|100/100|[from]move: Teleport
|
|-heal|p1a: Clefable|98/100|[from] item: Leftovers
|-status|p2a: Conkeldurr|brn|[from] item: Flame Orb
|upkeep
|turn|6
|
|move|p2a: Conkeldurr|Earthquake|p1a: Clefable
|-damage|p1a: Clefable|47/100
|move|p1a: Clefable|Moonblast|p2a: Conkeldurr
|-supereffective|p2a: Conkeldurr
|-damage|p2a: Conkeldurr|0 fnt
|faint|p2a: Conkeldurr
|
|-heal|p1a: Clefable|53/100|[from] item: Leftovers
|upkeep
|
|switch|p2a: Zeraora|Zeraora|100/100
|turn|7
|
|move|p2a: Zeraora|Plasma Fists|p1a: Clefable
|-damage|p1a: Clefable|15/100
|-fieldactivate|move: Ion Deluge
|move|p1a: Clefable|Moonblast|p2a: Zeraora
|-damage|p2a: Zeraora|0 fnt
|faint|p2a: Zeraora
|
|-heal|p1a: Clefable|21/100|[from] item: Leftovers
|upkeep
|
|switch|p2a: Kyurem|Kyurem|10/100
|-ability|p2a: Kyurem|Pressure
|turn|8
|
|move|p2a: Kyurem|Ice Beam|p1a: Clefable
|-damage|p1a: Clefable|0 fnt
|faint|p1a: Clefable
|
|upkeep
|
|switch|p1a: Togekiss|Togekiss, M|100/100
|turn|9
|
|switch|p2a: Corviknight|Corviknight, M|100/100
|-ability|p2a: Corviknight|Pressure
|move|p1a: Togekiss|Air Slash|p2a: Corviknight
|-resisted|p2a: Corviknight
|-crit|p2a: Corviknight
|-damage|p2a: Corviknight|75/100
|
|-heal|p2a: Corviknight|81/100|[from] item: Leftovers
|upkeep
|turn|10
|
|switch|p1a: SAGE PUNK|Toxtricity, F|100/100
|move|p2a: Corviknight|U-turn|p1a: SAGE PUNK
|-resisted|p1a: SAGE PUNK
|-damage|p1a: SAGE PUNK|90/100
|
|switch|p2a: Kyurem|Kyurem|10/100|[from]move: U-turn
|-ability|p2a: Kyurem|Pressure
|
|upkeep
|turn|11
|
|switch|p1a: Corviknight|Corviknight, F|100/100
|move|p2a: Kyurem|Ice Beam|p1a: Corviknight
|-damage|p1a: Corviknight|29/100
|
|upkeep
|turn|12
|
|move|p2a: Kyurem|Ice Beam|p1a: Corviknight
|-crit|p1a: Corviknight
|-damage|p1a: Corviknight|0 fnt
|faint|p1a: Corviknight
|
|upkeep
|
|switch|p1a: Togekiss|Togekiss, M|100/100
|turn|13
|
|switch|p1a: SAGE PUNK|Toxtricity, F|90/100
|switch|p2a: Corviknight|Corviknight, M|81/100
|-ability|p2a: Corviknight|Pressure
|
|-heal|p2a: Corviknight|88/100|[from] item: Leftovers
|upkeep
|turn|14
|
|switch|p2a: Seismitoad|Seismitoad, F|100/100
|move|p1a: SAGE PUNK|Boomburst|p2a: Seismitoad
|-damage|p2a: Seismitoad|33/100
|-enditem|p1a: SAGE PUNK|Throat Spray
|-boost|p1a: SAGE PUNK|spa|1|[from] item: Throat Spray
|
|-heal|p2a: Seismitoad|39/100|[from] item: Leftovers
|upkeep
|turn|15
|
|move|p1a: SAGE PUNK|Boomburst|p2a: Seismitoad
|-damage|p2a: Seismitoad|0 fnt
|faint|p2a: Seismitoad
|
|upkeep
|
|switch|p2a: Kyurem|Kyurem|10/100
|-ability|p2a: Kyurem|Pressure
|turn|16
|
|move|p2a: Kyurem|Ice Beam|p1a: SAGE PUNK
|-damage|p1a: SAGE PUNK|0 fnt
|faint|p1a: SAGE PUNK
|
|upkeep
|c|☆metrobotacc|this thing is hella strong :o
|
|switch|p1a: blaxorus|Haxorus, M, shiny|100/100
|-ability|p1a: blaxorus|Mold Breaker
|turn|17
|
|move|p1a: blaxorus|First Impression|p2a: Kyurem
|-damage|p2a: Kyurem|0 fnt
|faint|p2a: Kyurem
|
|upkeep
|
|switch|p2a: Clefable|Clefable, M|80/100
|turn|18
|
|switch|p1a: Togekiss|Togekiss, M|100/100
|move|p2a: Clefable|Moonblast|p1a: Togekiss
|-damage|p1a: Togekiss|69/100
|
|-heal|p2a: Clefable|86/100|[from] item: Leftovers
|upkeep
|turn|19
|c|☆BigL91|specs kyurem is one of the best wallbreaker there is
|
|move|p2a: Clefable|Protect|p2a: Clefable
|-singleturn|p2a: Clefable|Protect
|move|p1a: Togekiss|Air Slash|p2a: Clefable
|-activate|p2a: Clefable|move: Protect
|
|-heal|p2a: Clefable|92/100|[from] item: Leftovers
|upkeep
|turn|20
|
|switch|p1a: blaxorus|Haxorus, M, shiny|100/100
|-ability|p1a: blaxorus|Mold Breaker
|switch|p2a: Corviknight|Corviknight, M|88/100
|-ability|p2a: Corviknight|Pressure
|
|-heal|p2a: Corviknight|94/100|[from] item: Leftovers
|upkeep
|turn|21
|
|move|p1a: blaxorus|Close Combat|p2a: Corviknight
|-damage|p2a: Corviknight|52/100
|-unboost|p1a: blaxorus|def|1
|-unboost|p1a: blaxorus|spd|1
|move|p2a: Corviknight|U-turn|p1a: blaxorus
|-damage|p1a: blaxorus|73/100
|
|switch|p2a: Clefable|Clefable, M|92/100|[from]move: U-turn
|
|-heal|p2a: Clefable|98/100|[from] item: Leftovers
|upkeep
|turn|22
|
|move|p1a: blaxorus|Close Combat|p2a: Clefable
|-resisted|p2a: Clefable
|-damage|p2a: Clefable|57/100
|-unboost|p1a: blaxorus|def|1
|-unboost|p1a: blaxorus|spd|1
|move|p2a: Clefable|Teleport|p2a: Clefable
|
|switch|p2a: Corviknight|Corviknight, M|52/100|[from]move: Teleport
|-ability|p2a: Corviknight|Pressure
|
|-heal|p2a: Corviknight|58/100|[from] item: Leftovers
|upkeep
|turn|23
|
|move|p1a: blaxorus|Close Combat|p2a: Corviknight
|-damage|p2a: Corviknight|14/100
|-unboost|p1a: blaxorus|def|1
|-unboost|p1a: blaxorus|spd|1
|move|p2a: Corviknight|Roost|p2a: Corviknight
|-heal|p2a: Corviknight|64/100
|-singleturn|p2a: Corviknight|move: Roost
|
|-heal|p2a: Corviknight|70/100|[from] item: Leftovers
|upkeep
|turn|24
|
|move|p1a: blaxorus|Close Combat|p2a: Corviknight
|-damage|p2a: Corviknight|28/100
|-unboost|p1a: blaxorus|def|1
|-unboost|p1a: blaxorus|spd|1
|move|p2a: Corviknight|Roost|p2a: Corviknight
|-heal|p2a: Corviknight|78/100
|-singleturn|p2a: Corviknight|move: Roost
|
|-heal|p2a: Corviknight|84/100|[from] item: Leftovers
|upkeep
|turn|25
|
|move|p1a: blaxorus|Close Combat|p2a: Corviknight
|-damage|p2a: Corviknight|41/100
|-unboost|p1a: blaxorus|def|1
|-unboost|p1a: blaxorus|spd|1
|move|p2a: Corviknight|Roost|p2a: Corviknight
|-heal|p2a: Corviknight|91/100
|-singleturn|p2a: Corviknight|move: Roost
|
|-heal|p2a: Corviknight|97/100|[from] item: Leftovers
|upkeep
|turn|26
|
|-activate|p1a: blaxorus|move: Struggle
|move|p1a: blaxorus|Struggle|p2a: Corviknight
|-damage|p2a: Corviknight|79/100
|-damage|p1a: blaxorus|48/100|[from] recoil
|move|p2a: Corviknight|Body Press|p1a: blaxorus
|-damage|p1a: blaxorus|0 fnt
|faint|p1a: blaxorus
|
|-heal|p2a: Corviknight|86/100|[from] item: Leftovers
|upkeep
|
|switch|p1a: Togekiss|Togekiss, M|69/100
|turn|27
|
|move|p1a: Togekiss|Trick|p2a: Corviknight
|-activate|p1a: Togekiss|move: Trick|[of] p2a: Corviknight
|-item|p2a: Corviknight|Choice Scarf|[from] move: Trick
|-item|p1a: Togekiss|Leftovers|[from] move: Trick
|move|p2a: Corviknight|Roost|p2a: Corviknight
|-heal|p2a: Corviknight|100/100
|-singleturn|p2a: Corviknight|move: Roost
|
|-heal|p1a: Togekiss|75/100|[from] item: Leftovers
|upkeep
|turn|28
|
|switch|p2a: Clefable|Clefable, M|57/100
|move|p1a: Togekiss|Nasty Plot|p1a: Togekiss
|-boost|p1a: Togekiss|spa|2
|
|-heal|p1a: Togekiss|81/100|[from] item: Leftovers
|-heal|p2a: Clefable|63/100|[from] item: Leftovers
|upkeep
|turn|29
|
|move|p2a: Clefable|Protect|p2a: Clefable
|-singleturn|p2a: Clefable|Protect
|move|p1a: Togekiss|Air Slash|p2a: Clefable
|-activate|p2a: Clefable|move: Protect
|
|-heal|p1a: Togekiss|87/100|[from] item: Leftovers
|-heal|p2a: Clefable|69/100|[from] item: Leftovers
|upkeep
|turn|30
|
|move|p1a: Togekiss|Air Slash|p2a: Clefable
|-damage|p2a: Clefable|20/100
|move|p2a: Clefable|Wish|p2a: Clefable
|
|-heal|p1a: Togekiss|93/100|[from] item: Leftovers
|-heal|p2a: Clefable|26/100|[from] item: Leftovers
|upkeep
|turn|31
|
|move|p2a: Clefable|Protect|p2a: Clefable
|-singleturn|p2a: Clefable|Protect
|move|p1a: Togekiss|Nasty Plot|p1a: Togekiss
|-boost|p1a: Togekiss|spa|2
|
|-heal|p2a: Clefable|76/100|[from] move: Wish|[wisher] Clefable
|-heal|p1a: Togekiss|99/100|[from] item: Leftovers
|-heal|p2a: Clefable|82/100|[from] item: Leftovers
|upkeep
|turn|32
|
|switch|p2a: Corviknight|Corviknight, M|100/100
|-ability|p2a: Corviknight|Pressure
|move|p1a: Togekiss|Air Slash|p2a: Corviknight
|-resisted|p2a: Corviknight
|-damage|p2a: Corviknight|42/100
|
|-heal|p1a: Togekiss|100/100|[from] item: Leftovers
|upkeep
|turn|33
|
|move|p1a: Togekiss|Air Slash|p2a: Corviknight
|-resisted|p2a: Corviknight
|-damage|p2a: Corviknight|0 fnt
|faint|p2a: Corviknight
|
|upkeep
|c|☆BigL91|gg cant touch you with corvi
|
|switch|p2a: Clefable|Clefable, M|82/100
|turn|34
|c|☆metrobotacc|gg
|
|move|p1a: Togekiss|Air Slash|p2a: Clefable
|-damage|p2a: Clefable|10/100
|cant|p2a: Clefable|flinch
|
|-heal|p2a: Clefable|16/100|[from] item: Leftovers
|upkeep
|turn|35
|
|move|p1a: Togekiss|Air Slash|p2a: Clefable
|-damage|p2a: Clefable|0 fnt
|faint|p2a: Clefable
|
|win|metrobotacc
|raw|metrobotacc's rating: 1385 &rarr; <strong>1406</strong><br />(+21 for winning)
|raw|BigL91's rating: 1387 &rarr; <strong>1367</strong><br />(-20 for losing)
|l|☆BigL91
