|j|‽early_human
|j|☆Mimi Strdst Stan69
|t:|1635125732
|gametype|singles
|player|p1|early_human|dancer|1880
|player|p2|Mimi Strdst Stan69|sightseer|1794
|teamsize|p1|6
|teamsize|p2|6
|gen|8
|tier|[Gen 8] OU
|rated|
|rule|Sleep Clause Mod: Limit one foe put to sleep
|rule|Species Clause: Limit one of each Pokémon
|rule|OHKO Clause: OHKO moves are banned
|rule|Evasion Moves Clause: Evasion moves are banned
|rule|Endless Battle Clause: Forcing endless battles is banned
|rule|HP Percentage Mod: HP is shown in percentages
|rule|Dynamax Clause: You cannot dynamax
|clearpoke
|poke|p1|Moltres-Galar|
|poke|p1|Aegislash, M|
|poke|p1|Buzzwole|
|poke|p1|Latios, M|
|poke|p1|Landorus-Therian, M|
|poke|p1|Bisharp, M|
|poke|p2|Kartana|
|poke|p2|Garchomp, M|
|poke|p2|Hydreigon, F|
|poke|p2|Buzzwole|
|poke|p2|Tapu Lele|
|poke|p2|Melmetal|
|teampreview
|inactive|Battle timer is ON: inactive players will automatically lose when time's up. (requested by Mimi Strdst Stan69)
|j| yarcii
|j| Jjffn
|inactive|Mimi Strdst Stan69 has 120 seconds left.
|j| azure nights
|j| Frank Lopez
|inactive|Mimi Strdst Stan69 has 90 seconds left.
|
|t:|1635125825
|start
|switch|p1a: Landorus|Landorus-Therian, M|100/100
|switch|p2a: Tapu Lele|Tapu Lele|100/100
|-fieldstart|move: Psychic Terrain|[from] ability: Psychic Surge|[of] p2a: Tapu Lele
|-ability|p1a: Landorus|Intimidate|boost
|-unboost|p2a: Tapu Lele|atk|1
|turn|1
|j| X-Wing Fighter
|
|t:|1635125832
|switch|p1a: Aegislash|Aegislash, M|100/100
|move|p2a: Tapu Lele|Moonblast|p1a: Aegislash
|-resisted|p1a: Aegislash
|-damage|p1a: Aegislash|80/100
|-unboost|p1a: Aegislash|spa|1
|
|upkeep
|turn|2
|j| Queenss
|
|t:|1635125841
|switch|p2a: Melmetal|Melmetal|100/100
|-formechange|p1a: Aegislash|Aegislash-Blade||[from] ability: Stance Change
|move|p1a: Aegislash|Shadow Ball|p2a: Melmetal
|-damage|p2a: Melmetal|86/100
|
|upkeep
|turn|3
|
|t:|1635125859
|switch|p1a: Bisharp|Bisharp, M|100/100
|move|p2a: Melmetal|Double Iron Bash|p1a: Bisharp
|-resisted|p1a: Bisharp
|-damage|p1a: Bisharp|78/100
|-resisted|p1a: Bisharp
|-damage|p1a: Bisharp|57/100
|-hitcount|p1a: Bisharp|2
|
|upkeep
|turn|4
|
|t:|1635125865
|switch|p2a: Buzzwole|Buzzwole|100/100
|move|p1a: Bisharp|Low Kick|p2a: Buzzwole
|-resisted|p2a: Buzzwole
|-damage|p2a: Buzzwole|86/100
|-damage|p1a: Bisharp|40/100|[from] item: Rocky Helmet|[of] p2a: Buzzwole
|
|upkeep
|turn|5
|
|t:|1635125870
|switch|p1a: Aegislash|Aegislash, M|80/100
|move|p2a: Buzzwole|Ice Punch|p1a: Aegislash
|-resisted|p1a: Aegislash
|-damage|p1a: Aegislash|68/100
|
|-fieldend|move: Psychic Terrain
|upkeep
|turn|6
|j| eXgirlXjeze
|
|t:|1635125882
|switch|p2a: Melmetal|Melmetal|86/100
|-formechange|p1a: Aegislash|Aegislash-Blade||[from] ability: Stance Change
|move|p1a: Aegislash|Shadow Ball|p2a: Melmetal
|-damage|p2a: Melmetal|64/100
|-unboost|p2a: Melmetal|spd|1
|
|upkeep
|turn|7
|
|t:|1635125887
|-formechange|p1a: Aegislash|Aegislash||[from] ability: Stance Change
|move|p1a: Aegislash|King's Shield|p1a: Aegislash
|-singleturn|p1a: Aegislash|Protect
|move|p2a: Melmetal|Double Iron Bash|p1a: Aegislash
|-activate|p1a: Aegislash|move: Protect
|-unboost|p2a: Melmetal|atk|1
|
|upkeep
|turn|8
|
|t:|1635125891
|switch|p1a: Landorus|Landorus-Therian, M|100/100
|-ability|p1a: Landorus|Intimidate|boost
|-unboost|p2a: Melmetal|atk|1
|switch|p2a: Hydreigon|Hydreigon, F|100/100
|
|upkeep
|turn|9
|
|t:|1635125903
|move|p2a: Hydreigon|Dark Pulse|p1a: Landorus
|-damage|p1a: Landorus|27/100
|-damage|p2a: Hydreigon|91/100|[from] item: Life Orb
|move|p1a: Landorus|Rock Tomb|p2a: Hydreigon
|-damage|p2a: Hydreigon|65/100
|-unboost|p2a: Hydreigon|spe|1
|
|upkeep
|turn|10
|
|t:|1635125912
|move|p1a: Landorus|Stealth Rock|p2a: Hydreigon
|-sidestart|p2: Mimi Strdst Stan69|move: Stealth Rock
|move|p2a: Hydreigon|Dark Pulse|p1a: Landorus
|-damage|p1a: Landorus|0 fnt
|faint|p1a: Landorus
|-damage|p2a: Hydreigon|55/100|[from] item: Life Orb
|
|upkeep
|
|t:|1635125925
|switch|p1a: Latios|Latios, M|100/100
|turn|11
|
|t:|1635125932
|switch|p2a: Tapu Lele|Tapu Lele|100/100
|-damage|p2a: Tapu Lele|88/100|[from] Stealth Rock
|-fieldstart|move: Psychic Terrain|[from] ability: Psychic Surge|[of] p2a: Tapu Lele
|move|p1a: Latios|Draco Meteor|p2a: Tapu Lele
|-immune|p2a: Tapu Lele
|
|upkeep
|turn|12
|
|t:|1635125936
|switch|p1a: Aegislash|Aegislash, M|68/100
|move|p2a: Tapu Lele|Moonblast|p1a: Aegislash
|-resisted|p1a: Aegislash
|-damage|p1a: Aegislash|48/100
|
|upkeep
|turn|13
|
|t:|1635125943
|switch|p2a: Hydreigon|Hydreigon, F|55/100
|-damage|p2a: Hydreigon|43/100|[from] Stealth Rock
|-formechange|p1a: Aegislash|Aegislash-Blade||[from] ability: Stance Change
|move|p1a: Aegislash|Shadow Ball|p2a: Hydreigon
|-resisted|p2a: Hydreigon
|-damage|p2a: Hydreigon|17/100
|
|upkeep
|turn|14
|n| asfjasdfas|queenss
|
|t:|1635125961
|switch|p1a: Bisharp|Bisharp, M|40/100
|move|p2a: Hydreigon|Draco Meteor|p1a: Bisharp
|-resisted|p1a: Bisharp
|-damage|p1a: Bisharp|1/100
|-unboost|p2a: Hydreigon|spa|2
|-damage|p2a: Hydreigon|8/100|[from] item: Life Orb
|
|upkeep
|turn|15
|
|t:|1635125968
|move|p2a: Hydreigon|Draco Meteor|p1a: Bisharp
|-resisted|p1a: Bisharp
|-damage|p1a: Bisharp|0 fnt
|-unboost|p2a: Hydreigon|spa|2
|faint|p1a: Bisharp
|-damage|p2a: Hydreigon|0 fnt|[from] item: Life Orb
|faint|p2a: Hydreigon
|
|-fieldend|move: Psychic Terrain
|upkeep
|
|t:|1635125979
|switch|p2a: Kartana|Kartana, shiny|100/100
|switch|p1a: Aegislash|Aegislash, M|48/100
|-damage|p2a: Kartana|94/100|[from] Stealth Rock
|turn|16
|j| How to lose at ag
|
|t:|1635125984
|switch|p2a: Garchomp|Garchomp, M|100/100
|-damage|p2a: Garchomp|94/100|[from] Stealth Rock
|move|p1a: Aegislash|King's Shield||[still]
|-fail|p1a: Aegislash
|
|-heal|p2a: Garchomp|100/100|[from] item: Leftovers
|upkeep
|turn|17
|
|t:|1635125987
|switch|p1a: Buzzwole|Buzzwole|100/100
|move|p2a: Garchomp|Stealth Rock|p1a: Buzzwole
|-sidestart|p1: early_human|move: Stealth Rock
|
|upkeep
|turn|18
|
|t:|1635125991
|switch|p2a: Buzzwole|Buzzwole|86/100
|-damage|p2a: Buzzwole|74/100|[from] Stealth Rock
|move|p1a: Buzzwole|Ice Punch|p2a: Buzzwole
|-damage|p2a: Buzzwole|48/100
|-damage|p1a: Buzzwole|84/100|[from] item: Rocky Helmet|[of] p2a: Buzzwole
|
|upkeep
|turn|19
|j| Volc is for pssys
|
|t:|1635125994
|switch|p1a: Aegislash|Aegislash, M|48/100
|-damage|p1a: Aegislash|42/100|[from] Stealth Rock
|move|p2a: Buzzwole|Roost|p2a: Buzzwole
|-heal|p2a: Buzzwole|98/100
|-singleturn|p2a: Buzzwole|move: Roost
|
|upkeep
|turn|20
|
|t:|1635125997
|move|p2a: Buzzwole|Earthquake|p1a: Aegislash
|-supereffective|p1a: Aegislash
|-damage|p1a: Aegislash|0 fnt
|faint|p1a: Aegislash
|-ability|p2a: Buzzwole|Beast Boost|boost
|-boost|p2a: Buzzwole|atk|1
|
|upkeep
|
|t:|1635126000
|switch|p1a: Latios|Latios, M|100/100
|-damage|p1a: Latios|88/100|[from] Stealth Rock
|turn|21
|
|t:|1635126002
|move|p1a: Latios|Psychic|p2a: Buzzwole
|-supereffective|p2a: Buzzwole
|-damage|p2a: Buzzwole|0 fnt
|faint|p2a: Buzzwole
|
|upkeep
|
|t:|1635126005
|switch|p2a: Tapu Lele|Tapu Lele|88/100
|-damage|p2a: Tapu Lele|76/100|[from] Stealth Rock
|-fieldstart|move: Psychic Terrain|[from] ability: Psychic Surge|[of] p2a: Tapu Lele
|turn|22
|
|t:|1635126008
|switch|p1a: Buzzwole|Buzzwole|84/100
|-damage|p1a: Buzzwole|71/100|[from] Stealth Rock
|move|p2a: Tapu Lele|Moonblast|p1a: Buzzwole
|-supereffective|p1a: Buzzwole
|-damage|p1a: Buzzwole|0 fnt
|faint|p1a: Buzzwole
|
|upkeep
|
|t:|1635126010
|switch|p1a: Moltres|Moltres-Galar|100/100
|turn|23
|
|t:|1635126014
|move|p2a: Tapu Lele|Moonblast|p1a: Moltres
|-supereffective|p1a: Moltres
|-damage|p1a: Moltres|4/100
|-ability|p1a: Moltres|Berserk|boost
|-boost|p1a: Moltres|spa|1
|move|p1a: Moltres|Fiery Wrath|p2a: Tapu Lele
|-damage|p2a: Tapu Lele|3/100
|
|upkeep
|turn|24
|-message|early_human forfeited.
|
|win|Mimi Strdst Stan69
|raw|early_human's rating: 1880 &rarr; <strong>1855</strong><br />(-25 for losing)
|raw|Mimi Strdst Stan69's rating: 1794 &rarr; <strong>1819</strong><br />(+25 for winning)
|l|‽early_human
|l| Jjffn
|l| How to lose at ag
