|j|☆machao753
|j|☆friedfreak
|t:|1614388121
|player|p1|machao753|170|1816
|player|p2|friedfreak|170|1901
|teamsize|p1|6
|teamsize|p2|6
|gametype|singles
|gen|8
|tier|[Gen 8] OU
|rated|
|clearpoke
|poke|p1|Kyurem|
|poke|p1|Tapu Fini|
|poke|p1|Aegislash, M|
|poke|p1|Landorus-Therian, M|
|poke|p1|Kartana|
|poke|p1|Heatran, F|
|poke|p2|Hippowdon, F|
|poke|p2|Magnezone|
|poke|p2|Dragapult, M|
|poke|p2|Kartana|
|poke|p2|Slowbro, F|
|poke|p2|Moltres|
|rule|Sleep Clause Mod: Limit one foe put to sleep
|rule|Species Clause: Limit one of each Pokémon
|rule|OHKO Clause: OHKO moves are banned
|rule|Evasion Moves Clause: Evasion moves are banned
|rule|Endless Battle Clause: Forcing endless battles is banned
|rule|HP Percentage Mod: HP is shown in percentages
|rule|Dynamax Clause: You cannot dynamax
|teampreview
|
|t:|1614388150
|start
|switch|p1a: Kyurem|Kyurem|100/100
|switch|p2a: Dragapult|Dragapult, M|100/100
|-ability|p1a: Kyurem|Pressure
|turn|1
|
|t:|1614388157
|switch|p2a: Moltres|Moltres|100/100
|switch|p1a: Tapu Fini|Tapu Fini|100/100
|-fieldstart|move: Misty Terrain|[from] ability: Misty Surge|[of] p1a: Tapu Fini
|
|upkeep
|turn|2
|
|t:|1614388168
|switch|p2a: Slowbro|Slowbro, F|100/100
|move|p1a: Tapu Fini|Surf|p2a: Slowbro
|-resisted|p2a: Slowbro
|-damage|p2a: Slowbro|87/100
|
|upkeep
|turn|3
|
|t:|1614388173
|move|p1a: Tapu Fini|Moonblast|p2a: Slowbro
|-damage|p2a: Slowbro|54/100
|move|p2a: Slowbro|Teleport|p2a: Slowbro
|j| maeve68
|j| JKongh
|
|t:|1614388184
|switch|p2a: Hippowdon|Hippowdon, F|100/100|[from]move: Teleport
|-weather|Sandstorm|[from] ability: Sand Stream|[of] p2a: Hippowdon
|
|-weather|Sandstorm|[upkeep]
|-damage|p1a: Tapu Fini|94/100|[from] Sandstorm
|-heal|p1a: Tapu Fini|100/100|[from] item: Leftovers
|upkeep
|turn|4
|j| 3MuchSwag
|
|t:|1614388192
|move|p1a: Tapu Fini|Taunt|p2a: Hippowdon
|-start|p2a: Hippowdon|move: Taunt
|cant|p2a: Hippowdon|move: Taunt|Stealth Rock
|
|-weather|Sandstorm|[upkeep]
|-damage|p1a: Tapu Fini|94/100|[from] Sandstorm
|-heal|p1a: Tapu Fini|100/100|[from] item: Leftovers
|upkeep
|turn|5
|
|t:|1614388205
|switch|p2a: Slowbro|Slowbro, F|87/100
|move|p1a: Tapu Fini|Moonblast|p2a: Slowbro
|-damage|p2a: Slowbro|53/100
|-unboost|p2a: Slowbro|spa|1
|
|-weather|Sandstorm|[upkeep]
|-damage|p1a: Tapu Fini|94/100|[from] Sandstorm
|-damage|p2a: Slowbro|47/100|[from] Sandstorm
|-heal|p1a: Tapu Fini|100/100|[from] item: Leftovers
|-fieldend|Misty Terrain
|upkeep
|turn|6
|
|t:|1614388217
|switch|p2a: Moltres|Moltres|100/100
|move|p1a: Tapu Fini|Taunt|p2a: Moltres
|-start|p2a: Moltres|move: Taunt
|
|-weather|Sandstorm|[upkeep]
|-damage|p2a: Moltres|94/100|[from] Sandstorm
|-damage|p1a: Tapu Fini|94/100|[from] Sandstorm
|-heal|p1a: Tapu Fini|100/100|[from] item: Leftovers
|upkeep
|turn|7
|
|t:|1614388233
|switch|p2a: Slowbro|Slowbro, F|80/100
|move|p1a: Tapu Fini|Surf|p2a: Slowbro
|-resisted|p2a: Slowbro
|-damage|p2a: Slowbro|65/100
|
|-weather|none
|upkeep
|turn|8
|
|t:|1614388241
|move|p1a: Tapu Fini|Taunt|p2a: Slowbro
|-start|p2a: Slowbro|move: Taunt
|cant|p2a: Slowbro|move: Taunt|Teleport
|
|upkeep
|turn|9
|j| Coxie Normus
|
|t:|1614388250
|switch|p2a: Hippowdon|Hippowdon, F|100/100
|-weather|Sandstorm|[from] ability: Sand Stream|[of] p2a: Hippowdon
|move|p1a: Tapu Fini|Moonblast|p2a: Hippowdon
|-damage|p2a: Hippowdon|80/100
|-unboost|p2a: Hippowdon|spa|1
|
|-weather|Sandstorm|[upkeep]
|-damage|p1a: Tapu Fini|94/100|[from] Sandstorm
|-heal|p1a: Tapu Fini|100/100|[from] item: Leftovers
|-heal|p2a: Hippowdon|86/100|[from] item: Leftovers
|upkeep
|turn|10
|
|t:|1614388254
|move|p1a: Tapu Fini|Taunt|p2a: Hippowdon
|-start|p2a: Hippowdon|move: Taunt
|move|p2a: Hippowdon|Earthquake|p1a: Tapu Fini
|-damage|p1a: Tapu Fini|76/100
|
|-weather|Sandstorm|[upkeep]
|-damage|p1a: Tapu Fini|70/100|[from] Sandstorm
|-heal|p1a: Tapu Fini|76/100|[from] item: Leftovers
|-heal|p2a: Hippowdon|92/100|[from] item: Leftovers
|upkeep
|turn|11
|
|t:|1614388271
|switch|p1a: Kyurem|Kyurem|100/100
|-ability|p1a: Kyurem|Pressure
|move|p2a: Hippowdon|Earthquake|p1a: Kyurem
|-damage|p1a: Kyurem|64/100
|
|-weather|Sandstorm|[upkeep]
|-damage|p1a: Kyurem|58/100|[from] Sandstorm
|-heal|p2a: Hippowdon|98/100|[from] item: Leftovers
|upkeep
|turn|12
|
|t:|1614388290
|move|p1a: Kyurem|Draco Meteor|p2a: Hippowdon
|-damage|p2a: Hippowdon|21/100
|-unboost|p1a: Kyurem|spa|2
|move|p2a: Hippowdon|Earthquake|p1a: Kyurem
|-damage|p1a: Kyurem|20/100
|
|-weather|Sandstorm|[upkeep]
|-damage|p1a: Kyurem|14/100|[from] Sandstorm
|-heal|p2a: Hippowdon|27/100|[from] item: Leftovers
|-end|p2a: Hippowdon|move: Taunt
|upkeep
|turn|13
|j| OU make me yawn
|j| Chipalancocote
|
|t:|1614388313
|move|p1a: Kyurem|Draco Meteor|p2a: Hippowdon
|-damage|p2a: Hippowdon|0 fnt
|-unboost|p1a: Kyurem|spa|2
|faint|p2a: Hippowdon
|
|-weather|none
|upkeep
|j| cHiCo
|
|t:|1614388325
|switch|p2a: Dragapult|Dragapult, M|100/100
|turn|14
|
|t:|1614388328
|switch|p1a: Heatran|Heatran, F|100/100
|move|p2a: Dragapult|Shadow Ball|p1a: Heatran
|-damage|p1a: Heatran|64/100
|
|-heal|p1a: Heatran|71/100|[from] item: Leftovers
|upkeep
|turn|15
|l| 3MuchSwag
|
|t:|1614388340
|move|p2a: Dragapult|Shadow Ball|p1a: Heatran
|-damage|p1a: Heatran|38/100
|move|p1a: Heatran|Magma Storm|p2a: Dragapult
|-resisted|p2a: Dragapult
|-damage|p2a: Dragapult|69/100
|-activate|p2a: Dragapult|move: Magma Storm|[of] p1a: Heatran
|
|-heal|p1a: Heatran|44/100|[from] item: Leftovers
|-damage|p2a: Dragapult|57/100|[from] move: Magma Storm|[partiallytrapped]
|upkeep
|turn|16
|
|t:|1614388348
|switch|p2a: Moltres|Moltres|94/100
|move|p1a: Heatran|Protect||[still]
|-fail|p1a: Heatran
|
|-heal|p1a: Heatran|50/100|[from] item: Leftovers
|upkeep
|turn|17
|
|t:|1614388353
|move|p1a: Heatran|Protect|p1a: Heatran
|-singleturn|p1a: Heatran|Protect
|move|p2a: Moltres|Scorching Sands|p1a: Heatran
|-activate|p1a: Heatran|move: Protect
|
|-heal|p1a: Heatran|56/100|[from] item: Leftovers
|upkeep
|turn|18
|
|t:|1614388358
|switch|p1a: Landorus|Landorus-Therian, M|100/100
|-ability|p1a: Landorus|Intimidate|boost
|-unboost|p2a: Moltres|atk|1
|move|p2a: Moltres|Flamethrower|p1a: Landorus
|-damage|p1a: Landorus|56/100
|
|upkeep
|turn|19
|
|t:|1614388367
|switch|p2a: Slowbro|Slowbro, F|98/100
|move|p1a: Landorus|Toxic|p2a: Slowbro
|-status|p2a: Slowbro|tox
|
|-damage|p2a: Slowbro|92/100 tox|[from] psn
|upkeep
|turn|20
|
|t:|1614388374
|move|p1a: Landorus|Stealth Rock|p2a: Slowbro
|-sidestart|p2: friedfreak|move: Stealth Rock
|move|p2a: Slowbro|Teleport|p2a: Slowbro
|j| trollllordd
|l| OU make me yawn
|
|t:|1614388387
|switch|p2a: Dragapult|Dragapult, M|57/100|[from]move: Teleport
|-damage|p2a: Dragapult|45/100|[from] Stealth Rock
|
|upkeep
|turn|21
|
|t:|1614388398
|move|p2a: Dragapult|Shadow Ball|p1a: Landorus
|-damage|p1a: Landorus|0 fnt
|faint|p1a: Landorus
|
|upkeep
|
|t:|1614388402
|switch|p1a: Kartana|Kartana|100/100
|turn|22
|
|t:|1614388408
|switch|p2a: Moltres|Moltres|94/100
|move|p1a: Kartana|Knock Off|p2a: Moltres
|-damage|p2a: Moltres|62/100
|-enditem|p2a: Moltres|Heavy-Duty Boots|[from] move: Knock Off|[of] p1a: Kartana
|
|upkeep
|turn|23
|
|t:|1614388417
|switch|p1a: Kyurem|Kyurem|14/100
|-ability|p1a: Kyurem|Pressure
|move|p2a: Moltres|Defog|p1a: Kyurem
|-unboost|p1a: Kyurem|evasion|1
|-sideend|p2: friedfreak|Stealth Rock|[from] move: Defog|[of] p2a: Moltres
|
|upkeep
|turn|24
|j| vidachu
|
|t:|1614388437
|switch|p2a: Slowbro|Slowbro, F|100/100 tox
|move|p1a: Kyurem|Ice Beam|p2a: Slowbro
|-resisted|p2a: Slowbro
|-damage|p2a: Slowbro|66/100 tox
|
|-damage|p2a: Slowbro|60/100 tox|[from] psn
|upkeep
|turn|25
|
|t:|1614388449
|move|p1a: Kyurem|Ice Beam|p2a: Slowbro
|-resisted|p2a: Slowbro
|-crit|p2a: Slowbro
|-damage|p2a: Slowbro|11/100 tox
|move|p2a: Slowbro|Teleport|p2a: Slowbro
|
|t:|1614388454
|switch|p2a: Dragapult|Dragapult, M|45/100|[from]move: Teleport
|
|upkeep
|turn|26
|
|t:|1614388458
|switch|p1a: Tapu Fini|Tapu Fini|76/100
|-fieldstart|move: Misty Terrain|[from] ability: Misty Surge|[of] p1a: Tapu Fini
|move|p2a: Dragapult|Shadow Ball|p1a: Tapu Fini
|-damage|p1a: Tapu Fini|37/100
|
|-heal|p1a: Tapu Fini|44/100|[from] item: Leftovers
|upkeep
|turn|27
|
|t:|1614388495
|switch|p2a: Slowbro|Slowbro, F|44/100 tox
|switch|p1a: Kyurem|Kyurem|14/100
|-ability|p1a: Kyurem|Pressure
|
|-damage|p2a: Slowbro|38/100 tox|[from] psn
|upkeep
|turn|28
|
|t:|1614388520
|switch|p2a: Moltres|Moltres|62/100
|move|p1a: Kyurem|Draco Meteor|p2a: Moltres
|-damage|p2a: Moltres|0 fnt
|-unboost|p1a: Kyurem|spa|2
|faint|p2a: Moltres
|
|upkeep
|
|t:|1614388534
|switch|p2a: Dragapult|Dragapult, M|45/100
|turn|29
|
|t:|1614388541
|move|p2a: Dragapult|Shadow Ball|p1a: Kyurem
|-damage|p1a: Kyurem|0 fnt
|faint|p1a: Kyurem
|
|upkeep
|
|t:|1614388542
|switch|p1a: Kartana|Kartana|100/100
|turn|30
|j| Aflexer2140
|
|t:|1614388572
|switch|p2a: Slowbro|Slowbro, F|71/100 tox
|move|p1a: Kartana|Knock Off|p2a: Slowbro
|-supereffective|p2a: Slowbro
|-damage|p2a: Slowbro|23/100 tox
|-damage|p1a: Kartana|84/100|[from] item: Rocky Helmet|[of] p2a: Slowbro
|-enditem|p2a: Slowbro|Rocky Helmet|[from] move: Knock Off|[of] p1a: Kartana
|
|-damage|p2a: Slowbro|17/100 tox|[from] psn
|-fieldend|Misty Terrain
|upkeep
|turn|31
|j| will-o-wave
|
|t:|1614388581
|move|p1a: Kartana|Knock Off|p2a: Slowbro
|-supereffective|p2a: Slowbro
|-damage|p2a: Slowbro|0 fnt
|faint|p2a: Slowbro
|-ability|p1a: Kartana|Beast Boost|boost
|-boost|p1a: Kartana|atk|1
|
|upkeep
|j| AverageJoe326
|j| MatisXYZ
|
|t:|1614388590
|switch|p2a: Magnezone|Magnezone|100/100
|turn|32
|j| BabyPigsAreLaughin
|l| MatisXYZ
|j| Xephix
|
|t:|1614388598
|move|p1a: Kartana|Knock Off|p2a: Magnezone
|-damage|p2a: Magnezone|33/100
|-enditem|p2a: Magnezone|Choice Specs|[from] move: Knock Off|[of] p1a: Kartana
|move|p2a: Magnezone|Steel Beam|p1a: Kartana
|-resisted|p1a: Kartana
|-damage|p1a: Kartana|0 fnt
|-damage|p2a: Magnezone|0 fnt|[from] mindblown
|faint|p2a: Magnezone
|faint|p1a: Kartana
|
|upkeep
|l| cHiCo
|
|t:|1614388611
|switch|p1a: Aegislash|Aegislash, M|100/100
|switch|p2a: Kartana|Kartana|100/100
|turn|33
|
|t:|1614388616
|move|p2a: Kartana|Knock Off|p1a: Aegislash
|-supereffective|p1a: Aegislash
|-damage|p1a: Aegislash|0 fnt
|-enditem|p1a: Aegislash|Spell Tag|[from] move: Knock Off|[of] p2a: Kartana
|faint|p1a: Aegislash
|-ability|p2a: Kartana|Beast Boost|boost
|-boost|p2a: Kartana|atk|1
|
|upkeep
|
|t:|1614388621
|switch|p1a: Tapu Fini|Tapu Fini|44/100
|-fieldstart|move: Misty Terrain|[from] ability: Misty Surge|[of] p1a: Tapu Fini
|turn|34
|j| Main Yorick
|
|t:|1614388627
|move|p2a: Kartana|Knock Off|p1a: Tapu Fini
|-resisted|p1a: Tapu Fini
|-damage|p1a: Tapu Fini|12/100
|-enditem|p1a: Tapu Fini|Leftovers|[from] move: Knock Off|[of] p2a: Kartana
|move|p1a: Tapu Fini|Moonblast|p2a: Kartana
|-resisted|p2a: Kartana
|-damage|p2a: Kartana|51/100
|
|upkeep
|turn|35
|-message|machao753 forfeited.
|
|win|friedfreak
|l|☆machao753
|l| Main Yorick
|j| MatisXYZ
|l| maeve68
|l| MatisXYZ
