|html|<div class="broadcast-blue"><strong>[Gen 8] OU is currently suspecting Melmetal! For information on how to participate check out the <a href="https://www.smogon.com/forums/threads/np-ss-ou-suspect-process-round-12-monster-mash.3709234/">suspect thread</a>.</strong></div>
|j|☆egal★vanc
|j|☆Batataplays
|t:|1666201407
|gametype|singles
|player|p1|egal★vanc|hilbert|
|player|p2|Batataplays|furisodegirl-blue|
|teamsize|p1|6
|teamsize|p2|6
|gen|8
|tier|[Gen 8] OU
|rule|Sleep Clause Mod: Limit one foe put to sleep
|rule|Species Clause: Limit one of each Pokémon
|rule|OHKO Clause: OHKO moves are banned
|rule|Evasion Items Clause: Evasion items are banned
|rule|Evasion Moves Clause: Evasion moves are banned
|rule|Endless Battle Clause: Forcing endless battles is banned
|rule|HP Percentage Mod: HP is shown in percentages
|rule|Dynamax Clause: You cannot dynamax
|clearpoke
|poke|p1|Ferrothorn, M|
|poke|p1|Garchomp, F|
|poke|p1|Kartana|
|poke|p1|Melmetal|
|poke|p1|Zapdos|
|poke|p1|Moltres-Galar|
|poke|p2|Tornadus-Therian, M|
|poke|p2|Magnezone|
|poke|p2|Pelipper, F|
|poke|p2|Barraskewda, F|
|poke|p2|Seismitoad, F|
|poke|p2|Tapu Lele|
|teampreview
|c|☆Batataplays|1 min
|c|☆egal★vanc|ok
|c|☆egal★vanc|no timer plz
|j| More❀tto
|j| Inferno Overdriver
|j| PedroGreg
|j| ILoveMashing❤
|j| Sandevistan
|c|☆Batataplays|np
|
|t:|1666201469
|start
|switch|p1a: Ferrothorn|Ferrothorn, M|100/100
|switch|p2a: Tapu Lele|Tapu Lele|100/100
|-fieldstart|move: Psychic Terrain|[from] ability: Psychic Surge|[of] p2a: Tapu Lele
|turn|1
|j| outd yep
|j| amphareixon
|c| Inferno Overdriver|hf Sandevistan
|j| yastia
|
|t:|1666201480
|switch|p2a: Magnezone|Magnezone|100/100
|move|p1a: Ferrothorn|Stealth Rock|p2a: Magnezone
|-sidestart|p2: Batataplays|move: Stealth Rock
|
|upkeep
|turn|2
|
|t:|1666201482
|move|p2a: Magnezone|Iron Defense|p2a: Magnezone
|-boost|p2a: Magnezone|def|2
|move|p1a: Ferrothorn|Spikes|p2a: Magnezone
|-sidestart|p2: Batataplays|Spikes
|
|upkeep
|turn|3
|c| Sandevistan|hf
|l|yastia
|
|t:|1666201486
|move|p2a: Magnezone|Iron Defense|p2a: Magnezone
|-boost|p2a: Magnezone|def|2
|move|p1a: Ferrothorn|Spikes|p2a: Magnezone
|-sidestart|p2: Batataplays|Spikes
|
|upkeep
|turn|4
|
|t:|1666201489
|move|p2a: Magnezone|Body Press|p1a: Ferrothorn
|-supereffective|p1a: Ferrothorn
|-enditem|p1a: Ferrothorn|Focus Sash
|-damage|p1a: Ferrothorn|1/100
|-damage|p2a: Magnezone|88/100|[from] ability: Iron Barbs|[of] p1a: Ferrothorn
|move|p1a: Ferrothorn|Spikes|p2a: Magnezone
|-sidestart|p2: Batataplays|Spikes
|
|upkeep
|turn|5
|
|t:|1666201495
|move|p2a: Magnezone|Thunderbolt|p1a: Ferrothorn
|-resisted|p1a: Ferrothorn
|-damage|p1a: Ferrothorn|0 fnt
|faint|p1a: Ferrothorn
|
|-fieldend|move: Psychic Terrain
|upkeep
|c| Sandevistan|lol
|
|t:|1666201497
|switch|p1a: Zapdos|Zapdos|100/100
|-ability|p1a: Zapdos|Pressure
|turn|6
|j| Inder
|j| clean
|c| Inder|LGI EGAL
|
|t:|1666201520
|move|p1a: Zapdos|Heat Wave|p2a: Magnezone|[miss]
|-miss|p1a: Zapdos|p2a: Magnezone
|move|p2a: Magnezone|Thunderbolt|p1a: Zapdos
|-damage|p1a: Zapdos|59/100
|
|upkeep
|turn|7
|c| Sandevistan|sim
|
|t:|1666201534
|move|p1a: Zapdos|Heat Wave|p2a: Magnezone
|-supereffective|p2a: Magnezone
|-damage|p2a: Magnezone|0 fnt
|faint|p2a: Magnezone
|
|upkeep
|
|t:|1666201539
|switch|p2a: Tapu Lele|Tapu Lele|100/100
|-damage|p2a: Tapu Lele|88/100|[from] Stealth Rock
|-damage|p2a: Tapu Lele|63/100|[from] Spikes
|-fieldstart|move: Psychic Terrain|[from] ability: Psychic Surge|[of] p2a: Tapu Lele
|turn|8
|j| outd fodase
|
|t:|1666201546
|switch|p2a: Pelipper|Pelipper, F|100/100
|-damage|p2a: Pelipper|76/100|[from] Stealth Rock
|-weather|RainDance|[from] ability: Drizzle|[of] p2a: Pelipper
|switch|p1a: Melmetal|Melmetal|100/100
|
|-weather|RainDance|[upkeep]
|upkeep
|turn|9
|
|t:|1666201549
|move|p2a: Pelipper|Roost|p2a: Pelipper
|-heal|p2a: Pelipper|100/100
|-singleturn|p2a: Pelipper|move: Roost
|move|p1a: Melmetal|Thunder Punch|p2a: Pelipper
|-supereffective|p2a: Pelipper
|-damage|p2a: Pelipper|47/100
|
|-weather|RainDance|[upkeep]
|upkeep
|turn|10
|c| ILoveMashing❤|las pleis
|
|t:|1666201557
|move|p2a: Pelipper|U-turn|p1a: Melmetal
|-resisted|p1a: Melmetal
|-damage|p1a: Melmetal|98/100
|
|t:|1666201559
|switch|p2a: Seismitoad|Seismitoad, F|100/100|[from]move: U-turn
|-damage|p2a: Seismitoad|95/100|[from] Stealth Rock
|-damage|p2a: Seismitoad|70/100|[from] Spikes
|move|p1a: Melmetal|Thunder Wave|p2a: Seismitoad
|-immune|p2a: Seismitoad
|
|-weather|RainDance|[upkeep]
|-heal|p1a: Melmetal|100/100|[from] item: Leftovers
|upkeep
|turn|11
|
|t:|1666201562
|move|p2a: Seismitoad|Earth Power|p1a: Melmetal
|-supereffective|p1a: Melmetal
|-damage|p1a: Melmetal|0 fnt
|faint|p1a: Melmetal
|-damage|p2a: Seismitoad|60/100|[from] item: Life Orb
|
|-weather|RainDance|[upkeep]
|upkeep
|
|t:|1666201566
|switch|p1a: Moltres|Moltres-Galar|100/100
|turn|12
|c| Inder|wild
|
|t:|1666201576
|move|p2a: Seismitoad|Weather Ball|p1a: Moltres
|-damage|p1a: Moltres|30/100
|-ability|p1a: Moltres|Berserk|boost
|-boost|p1a: Moltres|spa|1
|-damage|p2a: Seismitoad|50/100|[from] item: Life Orb
|move|p1a: Moltres|Hurricane|p2a: Seismitoad
|-damage|p2a: Seismitoad|0 fnt
|faint|p2a: Seismitoad
|
|-weather|RainDance|[upkeep]
|-fieldend|move: Psychic Terrain
|upkeep
|
|t:|1666201578
|switch|p2a: Barraskewda|Barraskewda, F|100/100
|-damage|p2a: Barraskewda|88/100|[from] Stealth Rock
|-damage|p2a: Barraskewda|64/100|[from] Spikes
|turn|13
|
|t:|1666201584
|move|p2a: Barraskewda|Liquidation|p1a: Moltres
|-damage|p1a: Moltres|0 fnt
|faint|p1a: Moltres
|
|-weather|RainDance|[upkeep]
|upkeep
|
|t:|1666201586
|switch|p1a: Kartana|Kartana|100/100
|turn|14
|c| Inferno Overdriver|eu ai
|inactive|Battle timer is ON: inactive players will automatically lose when time's up. (requested by egal★vanc)
|
|t:|1666201600
|move|p2a: Barraskewda|Liquidation|p1a: Kartana
|-resisted|p1a: Kartana
|-damage|p1a: Kartana|47/100
|move|p1a: Kartana|Leaf Blade|p2a: Barraskewda
|-supereffective|p2a: Barraskewda
|-damage|p2a: Barraskewda|0 fnt
|faint|p2a: Barraskewda
|-ability|p1a: Kartana|Beast Boost|boost
|-boost|p1a: Kartana|atk|1
|-damage|p1a: Kartana|37/100|[from] item: Life Orb
|
|-weather|RainDance|[upkeep]
|upkeep
|j| Sirwings
|c| Inferno Overdriver|eu ai
|
|t:|1666201606
|switch|p2a: Tornadus|Tornadus-Therian, M|100/100
|turn|15
|
|t:|1666201629
|switch|p2a: Pelipper|Pelipper, F|47/100
|-damage|p2a: Pelipper|22/100|[from] Stealth Rock
|move|p1a: Kartana|Leaf Blade|p2a: Pelipper
|-crit|p2a: Pelipper
|-damage|p2a: Pelipper|0 fnt
|faint|p2a: Pelipper
|-ability|p1a: Kartana|Beast Boost|boost
|-boost|p1a: Kartana|atk|1
|-damage|p1a: Kartana|28/100|[from] item: Life Orb
|
|-weather|none
|upkeep
|
|t:|1666201632
|switch|p2a: Tapu Lele|Tapu Lele|63/100
|-damage|p2a: Tapu Lele|51/100|[from] Stealth Rock
|-damage|p2a: Tapu Lele|26/100|[from] Spikes
|-fieldstart|move: Psychic Terrain|[from] ability: Psychic Surge|[of] p2a: Tapu Lele
|turn|16
|inactive|egal★vanc has 270 seconds left.
|c|☆egal★vanc|pls
|inactive|Batataplays has 270 seconds left.
|j| guille14
|inactive|Batataplays has 240 seconds left.
|j| Dasmer03
|l| amphareixon
|c| outd fodase|ele eh redacted será PedroGreg
|c| Inferno Overdriver|outd fodase e quem
|c| PedroGreg|qq é redacted
|inactive|Batataplays has 210 seconds left.
|c| outd fodase|porra pedrogrug
|c| Inferno Overdriver|mds mas o greg é menino
|c| Inferno Overdriver|kkkkkkkk
|inactive|Batataplays has 180 seconds left.
|c| PedroGreg|ta achando que aqui é gotham pra ficar soltando charada?
|c| outd fodase|sim
|c| PedroGreg|se eu quissese sabe ingles fazia fisk
|
|t:|1666201781
|move|p2a: Tapu Lele|Psychic|p1a: Kartana
|-resisted|p1a: Kartana
|-damage|p1a: Kartana|0 fnt
|faint|p1a: Kartana
|
|upkeep
|inactive|egal★vanc has 270 seconds left.
|j| Slipped By
|
|t:|1666201794
|switch|p1a: Garchomp|Garchomp, F|100/100
|turn|17
|
|t:|1666201797
|move|p2a: Tapu Lele|Psychic|p1a: Garchomp
|-damage|p1a: Garchomp|23/100
|move|p1a: Garchomp|Earthquake|p2a: Tapu Lele
|-damage|p2a: Tapu Lele|0 fnt
|faint|p2a: Tapu Lele
|
|upkeep
|
|t:|1666201800
|switch|p2a: Tornadus|Tornadus-Therian, M|100/100
|turn|18
|c| outd fodase|uh qq foi isso
|
|t:|1666201806
|move|p2a: Tornadus|Nasty Plot|p2a: Tornadus
|-boost|p2a: Tornadus|spa|2
|move|p1a: Garchomp|Scale Shot|p2a: Tornadus
|-damage|p2a: Tornadus|82/100
|-damage|p2a: Tornadus|65/100
|-damage|p2a: Tornadus|47/100
|-damage|p2a: Tornadus|30/100
|-damage|p2a: Tornadus|14/100
|-hitcount|p2a: Tornadus|5
|-unboost|p1a: Garchomp|def|1
|-boost|p1a: Garchomp|spe|1
|
|upkeep
|turn|19
|
|t:|1666201814
|move|p1a: Garchomp|Fire Fang|p2a: Tornadus
|-damage|p2a: Tornadus|0 fnt
|faint|p2a: Tornadus
|
|win|egal★vanc
|c|☆egal★vanc|gg
|c| outd yep|Baita choke
|c| More❀tto|:
|c|☆Batataplays|meh
|c| outd fodase|qq aconteceu nesse jogo LOOOL
|c|☆Batataplays|gg
