|j|☆Kobiisbetterthanu
|j|☆Sombra Diurna
|t:|1643510369
|gametype|singles
|player|p1|Kobiisbetterthanu|265|1664
|player|p2|Sombra Diurna|blue|1768
|teamsize|p1|6
|teamsize|p2|6
|gen|8
|tier|[Gen 8] OU
|rated|
|rule|Sleep Clause Mod: Limit one foe put to sleep
|rule|Species Clause: Limit one of each Pokémon
|rule|OHKO Clause: OHKO moves are banned
|rule|Evasion Moves Clause: Evasion moves are banned
|rule|Endless Battle Clause: Forcing endless battles is banned
|rule|HP Percentage Mod: HP is shown in percentages
|rule|Dynamax Clause: You cannot dynamax
|clearpoke
|poke|p1|Blaziken, M|
|poke|p1|Rotom-Wash|
|poke|p1|Galvantula, F|
|poke|p1|Mamoswine, M|
|poke|p1|Kommo-o, M|
|poke|p1|Tapu Bulu|
|poke|p2|Marowak-Alola, M|
|poke|p2|Slowbro, M|
|poke|p2|Hatterene, F|
|poke|p2|Garchomp, M|
|poke|p2|Ferrothorn, M|
|poke|p2|Drampa, M|
|teampreview
|inactive|Battle timer is ON: inactive players will automatically lose when time's up. (requested by Kobiisbetterthanu)
|j| qpmsk
|
|t:|1643510398
|start
|switch|p1a: Galvantula|Galvantula, F|100/100
|switch|p2a: Thorns|Ferrothorn, M|100/100
|turn|1
|
|t:|1643510409
|move|p1a: Galvantula|Bug Buzz|p2a: Thorns
|-damage|p2a: Thorns|74/100
|-unboost|p2a: Thorns|spd|1
|move|p2a: Thorns|Stealth Rock|p1a: Galvantula
|-sidestart|p1: Kobiisbetterthanu|move: Stealth Rock
|
|upkeep
|turn|2
|
|t:|1643510416
|switch|p2a: Billy B.|Marowak-Alola, M, shiny|100/100
|move|p1a: Galvantula|Thunder|p2a: Billy B.
|-damage|p2a: Billy B.|37/100
|
|upkeep
|turn|3
|
|t:|1643510424
|switch|p2a: Sharko|Garchomp, M|100/100
|move|p1a: Galvantula|Thunder|p2a: Sharko
|-immune|p2a: Sharko
|
|upkeep
|turn|4
|l| qpmsk
|
|t:|1643510433
|move|p1a: Galvantula|Bug Buzz|p2a: Sharko
|-damage|p2a: Sharko|62/100
|move|p2a: Sharko|Scale Shot|p1a: Galvantula|[miss]
|-miss|p2a: Sharko|p1a: Galvantula
|
|-heal|p2a: Sharko|68/100|[from] item: Leftovers
|upkeep
|turn|5
|
|t:|1643510452
|move|p1a: Galvantula|Bug Buzz|p2a: Sharko
|-damage|p2a: Sharko|26/100
|move|p2a: Sharko|Scale Shot|p1a: Galvantula|[miss]
|-miss|p2a: Sharko|p1a: Galvantula
|
|-heal|p2a: Sharko|32/100|[from] item: Leftovers
|upkeep
|turn|6
|c|☆Kobiisbetterthanu|damn
|j| uyjhuhujuii
|c|☆Kobiisbetterthanu|thats ggs
|
|t:|1643510475
|switch|p2a: Billy B.|Marowak-Alola, M, shiny|37/100
|move|p1a: Galvantula|Bug Buzz|p2a: Billy B.
|-resisted|p2a: Billy B.
|-damage|p2a: Billy B.|25/100
|
|upkeep
|turn|7
|
|t:|1643510481
|switch|p2a: Thorns|Ferrothorn, M|74/100
|move|p1a: Galvantula|Thunder|p2a: Thorns
|-resisted|p2a: Thorns
|-damage|p2a: Thorns|59/100
|-status|p2a: Thorns|par
|
|upkeep
|turn|8
|c|☆Sombra Diurna|pure fucking luck
|
|t:|1643510495
|move|p1a: Galvantula|Bug Buzz|p2a: Thorns
|-damage|p2a: Thorns|36/100 par
|move|p2a: Thorns|Leech Seed|p1a: Galvantula
|-start|p1a: Galvantula|move: Leech Seed
|
|-damage|p1a: Galvantula|88/100|[from] Leech Seed|[of] p2a: Thorns
|-heal|p2a: Thorns|46/100 par|[silent]
|upkeep
|turn|9
|
|t:|1643510501
|switch|p1a: Blaziken|Blaziken, M|100/100
|-damage|p1a: Blaziken|88/100|[from] Stealth Rock
|switch|p2a: Gorra|Hatterene, F, shiny|100/100
|
|upkeep
|turn|10
|
|t:|1643510508
|move|p1a: Blaziken|Flare Blitz|p2a: Gorra
|-damage|p2a: Gorra|16/100
|-damage|p1a: Blaziken|59/100|[from] Recoil
|-damage|p1a: Blaziken|49/100|[from] item: Life Orb
|move|p2a: Gorra|Trick Room|p2a: Gorra
|-fieldstart|move: Trick Room|[of] p2a: Gorra
|
|-ability|p1a: Blaziken|Speed Boost|boost
|-boost|p1a: Blaziken|spe|1
|upkeep
|turn|11
|
|t:|1643510516
|move|p1a: Blaziken|Protect|p1a: Blaziken
|-singleturn|p1a: Blaziken|Protect
|move|p2a: Gorra|Healing Wish|p2a: Gorra
|faint|p2a: Gorra
|
|-ability|p1a: Blaziken|Speed Boost|boost
|-boost|p1a: Blaziken|spe|1
|upkeep
|
|t:|1643510523
|switch|p2a: Billy B.|Marowak-Alola, M, shiny|25/100
|-heal|p2a: Billy B.|100/100|[from] move: Healing Wish
|turn|12
|
|t:|1643510528
|move|p1a: Blaziken|Protect||[still]
|-fail|p1a: Blaziken
|move|p2a: Billy B.|Flare Blitz|p1a: Blaziken
|-resisted|p1a: Blaziken
|-damage|p1a: Blaziken|0 fnt
|faint|p1a: Blaziken
|
|upkeep
|
|t:|1643510539
|switch|p1a: Rotom|Rotom-Wash|100/100
|-damage|p1a: Rotom|88/100|[from] Stealth Rock
|turn|13
|
|t:|1643510547
|switch|p2a: Falkor|Drampa, M|100/100
|move|p1a: Rotom|Hydro Pump|p2a: Falkor|[miss]
|-miss|p1a: Rotom|p2a: Falkor
|
|-heal|p1a: Rotom|94/100|[from] item: Leftovers
|upkeep
|turn|14
|
|t:|1643510554
|move|p2a: Falkor|Hyper Voice|p1a: Rotom
|-damage|p1a: Rotom|12/100
|-damage|p2a: Falkor|91/100|[from] item: Life Orb
|move|p1a: Rotom|Defog|p2a: Falkor
|-unboost|p2a: Falkor|evasion|1
|-sideend|p1: Kobiisbetterthanu|Stealth Rock|[from] move: Defog|[of] p1a: Rotom
|
|-heal|p1a: Rotom|18/100|[from] item: Leftovers
|-fieldend|move: Trick Room
|upkeep
|turn|15
|
|t:|1643510571
|switch|p2a: Sharko|Garchomp, M|32/100
|move|p1a: Rotom|Hydro Pump|p2a: Sharko|[miss]
|-miss|p1a: Rotom|p2a: Sharko
|
|-heal|p2a: Sharko|39/100|[from] item: Leftovers
|-heal|p1a: Rotom|24/100|[from] item: Leftovers
|upkeep
|turn|16
|
|t:|1643510584
|switch|p2a: Sonso|Slowbro, M|100/100
|move|p1a: Rotom|Hydro Pump|p2a: Sonso
|-resisted|p2a: Sonso
|-damage|p2a: Sonso|76/100
|
|-heal|p1a: Rotom|30/100|[from] item: Leftovers
|upkeep
|turn|17
|
|t:|1643510591
|move|p1a: Rotom|Discharge|p2a: Sonso
|-supereffective|p2a: Sonso
|-damage|p2a: Sonso|3/100
|move|p2a: Sonso|Trick Room|p2a: Sonso
|-fieldstart|move: Trick Room|[of] p2a: Sonso
|
|-heal|p1a: Rotom|37/100|[from] item: Leftovers
|upkeep
|turn|18
|
|t:|1643510598
|switch|p2a: Falkor|Drampa, M|91/100
|move|p1a: Rotom|Hydro Pump|p2a: Falkor
|-resisted|p2a: Falkor
|-damage|p2a: Falkor|65/100
|
|-heal|p1a: Rotom|43/100|[from] item: Leftovers
|upkeep
|turn|19
|
|t:|1643510605
|move|p2a: Falkor|Hyper Voice|p1a: Rotom
|-damage|p1a: Rotom|0 fnt
|faint|p1a: Rotom
|-damage|p2a: Falkor|55/100|[from] item: Life Orb
|
|upkeep
|
|t:|1643510615
|switch|p1a: Tapu Bulu|Tapu Bulu|100/100
|-fieldstart|move: Grassy Terrain|[from] ability: Grassy Surge|[of] p1a: Tapu Bulu
|turn|20
|
|t:|1643510619
|switch|p1a: Galvantula|Galvantula, F|88/100
|move|p2a: Falkor|Hyper Voice|p1a: Galvantula
|-damage|p1a: Galvantula|0 fnt
|faint|p1a: Galvantula
|-damage|p2a: Falkor|45/100|[from] item: Life Orb
|
|-heal|p2a: Falkor|51/100|[from] Grassy Terrain
|upkeep
|
|t:|1643510628
|switch|p1a: Kommo-o|Kommo-o, M|100/100
|turn|21
|
|t:|1643510632
|move|p2a: Falkor|Hyper Voice|p1a: Kommo-o
|-damage|p1a: Kommo-o|22/100
|-damage|p2a: Falkor|42/100|[from] item: Life Orb
|move|p1a: Kommo-o|Close Combat|p2a: Falkor
|-supereffective|p2a: Falkor
|-damage|p2a: Falkor|0 fnt
|-unboost|p1a: Kommo-o|def|1
|-unboost|p1a: Kommo-o|spd|1
|faint|p2a: Falkor
|-damage|p1a: Kommo-o|13/100|[from] item: Life Orb
|
|-heal|p1a: Kommo-o|19/100|[from] Grassy Terrain
|-fieldend|move: Trick Room
|upkeep
|
|t:|1643510644
|switch|p2a: Sonso|Slowbro, M|36/100
|turn|22
|
|t:|1643510648
|switch|p2a: Thorns|Ferrothorn, M|46/100 par
|move|p1a: Kommo-o|Scale Shot|p2a: Thorns
|-resisted|p2a: Thorns
|-damage|p2a: Thorns|41/100 par
|-resisted|p2a: Thorns
|-damage|p2a: Thorns|35/100 par
|-hitcount|p2a: Thorns|2
|-unboost|p1a: Kommo-o|def|1
|-boost|p1a: Kommo-o|spe|1
|-damage|p1a: Kommo-o|9/100|[from] item: Life Orb
|
|-heal|p1a: Kommo-o|15/100|[from] Grassy Terrain
|-heal|p2a: Thorns|41/100 par|[from] Grassy Terrain
|upkeep
|turn|23
|
|t:|1643510670
|switch|p2a: Sonso|Slowbro, M|69/100
|move|p1a: Kommo-o|Close Combat|p2a: Sonso
|-resisted|p2a: Sonso
|-damage|p2a: Sonso|48/100
|-unboost|p1a: Kommo-o|def|1
|-unboost|p1a: Kommo-o|spd|1
|-damage|p1a: Kommo-o|5/100|[from] item: Life Orb
|
|-heal|p1a: Kommo-o|11/100|[from] Grassy Terrain
|-heal|p2a: Sonso|54/100|[from] Grassy Terrain
|upkeep
|turn|24
|
|t:|1643510680
|move|p1a: Kommo-o|Scale Shot|p2a: Sonso
|-damage|p2a: Sonso|44/100
|-damage|p2a: Sonso|35/100
|-damage|p2a: Sonso|26/100
|-hitcount|p2a: Sonso|3
|-unboost|p1a: Kommo-o|def|1
|-boost|p1a: Kommo-o|spe|1
|-damage|p1a: Kommo-o|1/100|[from] item: Life Orb
|move|p2a: Sonso|Trick Room|p2a: Sonso
|-fieldstart|move: Trick Room|[of] p2a: Sonso
|
|-heal|p2a: Sonso|32/100|[from] Grassy Terrain
|-heal|p1a: Kommo-o|7/100|[from] Grassy Terrain
|-fieldend|move: Grassy Terrain
|upkeep
|turn|25
|
|t:|1643510694
|move|p2a: Sonso|Scald|p1a: Kommo-o
|-resisted|p1a: Kommo-o
|-damage|p1a: Kommo-o|0 fnt
|faint|p1a: Kommo-o
|
|upkeep
|
|t:|1643510698
|switch|p1a: Tapu Bulu|Tapu Bulu|100/100
|-fieldstart|move: Grassy Terrain|[from] ability: Grassy Surge|[of] p1a: Tapu Bulu
|turn|26
|
|t:|1643510703
|switch|p2a: Thorns|Ferrothorn, M|41/100 par
|move|p1a: Tapu Bulu|Swords Dance|p1a: Tapu Bulu
|-boost|p1a: Tapu Bulu|atk|2
|
|-heal|p2a: Thorns|47/100 par|[from] Grassy Terrain
|upkeep
|turn|27
|
|t:|1643510710
|move|p2a: Thorns|Gyro Ball|p1a: Tapu Bulu
|-supereffective|p1a: Tapu Bulu
|-damage|p1a: Tapu Bulu|0 fnt
|faint|p1a: Tapu Bulu
|
|-heal|p2a: Thorns|53/100 par|[from] Grassy Terrain
|upkeep
|
|t:|1643510714
|switch|p1a: Mamoswine|Mamoswine, M|100/100
|turn|28
|
|t:|1643510718
|cant|p2a: Thorns|par
|move|p1a: Mamoswine|Earthquake|p2a: Thorns
|-damage|p2a: Thorns|31/100 par
|
|-heal|p2a: Thorns|37/100 par|[from] Grassy Terrain
|-fieldend|move: Trick Room
|upkeep
|turn|29
|c|☆Sombra Diurna|lol
|
|t:|1643510725
|move|p1a: Mamoswine|Earthquake|p2a: Thorns
|-damage|p2a: Thorns|13/100 par
|move|p2a: Thorns|Gyro Ball|p1a: Mamoswine
|-supereffective|p1a: Mamoswine
|-enditem|p1a: Mamoswine|Focus Sash
|-damage|p1a: Mamoswine|1/100
|
|-heal|p1a: Mamoswine|7/100|[from] Grassy Terrain
|-heal|p2a: Thorns|20/100 par|[from] Grassy Terrain
|upkeep
|turn|30
|
|t:|1643510737
|switch|p2a: Sonso|Slowbro, M|65/100
|move|p1a: Mamoswine|Earthquake|p2a: Sonso
|-damage|p2a: Sonso|48/100
|
|-heal|p1a: Mamoswine|13/100|[from] Grassy Terrain
|-heal|p2a: Sonso|54/100|[from] Grassy Terrain
|-fieldend|move: Grassy Terrain
|upkeep
|turn|31
|
|t:|1643510746
|move|p1a: Mamoswine|Earthquake|p2a: Sonso
|-damage|p2a: Sonso|20/100
|move|p2a: Sonso|Scald|p1a: Mamoswine
|-supereffective|p1a: Mamoswine
|-damage|p1a: Mamoswine|0 fnt
|faint|p1a: Mamoswine
|
|win|Sombra Diurna
|raw|Kobiisbetterthanu's rating: 1664 &rarr; <strong>1650</strong><br />(-14 for losing)
|raw|Sombra Diurna's rating: 1768 &rarr; <strong>1782</strong><br />(+14 for winning)
|l|☆Kobiisbetterthanu
