|j|☆chansey and lulu
|j|☆a funny cat
|t:|1664851680
|gametype|singles
|player|p1|chansey and lulu|266|
|player|p2|a funny cat|acetrainerf-gen4dp|
|teamsize|p1|6
|teamsize|p2|6
|gen|8
|tier|[Gen 8] OU
|rule|Sleep Clause Mod: Limit one foe put to sleep
|rule|Species Clause: Limit one of each Pokémon
|rule|OHKO Clause: OHKO moves are banned
|rule|Evasion Items Clause: Evasion items are banned
|rule|Evasion Moves Clause: Evasion moves are banned
|rule|Endless Battle Clause: Forcing endless battles is banned
|rule|HP Percentage Mod: HP is shown in percentages
|rule|Dynamax Clause: You cannot dynamax
|clearpoke
|poke|p1|Tapu Lele|
|poke|p1|Tyranitar, M|
|poke|p1|Excadrill, M|
|poke|p1|Ferrothorn, F|
|poke|p1|Zapdos|
|poke|p1|Urshifu-*, F|
|poke|p2|Weavile, M|
|poke|p2|Slowking-Galar, F|
|poke|p2|Melmetal|
|poke|p2|Garchomp, M|
|poke|p2|Urshifu-*, F|
|poke|p2|Corviknight, F|
|teampreview
|
|t:|1664851729
|start
|switch|p1a: Tapu Lele|Tapu Lele|100/100
|switch|p2a: Urshifu|Urshifu-Rapid-Strike, F|100/100
|-fieldstart|move: Psychic Terrain|[from] ability: Psychic Surge|[of] p1a: Tapu Lele
|turn|1
|
|t:|1664851753
|switch|p2a: Slowking|Slowking-Galar, F|100/100
|move|p1a: Tapu Lele|Future Sight|p2a: Slowking
|-start|p1a: Tapu Lele|move: Future Sight
|
|upkeep
|turn|2
|
|t:|1664851759
|switch|p1a: Tyranitar|Tyranitar, M|100/100
|-weather|Sandstorm|[from] ability: Sand Stream|[of] p1a: Tyranitar
|move|p2a: Slowking|Future Sight|p1a: Tyranitar
|-start|p2a: Slowking|move: Future Sight
|
|-weather|Sandstorm|[upkeep]
|-damage|p2a: Slowking|94/100|[from] Sandstorm
|upkeep
|turn|3
|
|t:|1664851777
|switch|p2a: Garchomp|Garchomp, M|100/100
|move|p1a: Tyranitar|Stone Edge|p2a: Garchomp
|-resisted|p2a: Garchomp
|-damage|p2a: Garchomp|60/100
|
|-weather|Sandstorm|[upkeep]
|-end|p2a: Garchomp|move: Future Sight
|-damage|p2a: Garchomp|0 fnt
|faint|p2a: Garchomp
|upkeep
|
|t:|1664851784
|switch|p2a: Urshifu|Urshifu-Rapid-Strike, F|100/100
|turn|4
|
|t:|1664851793
|switch|p1a: Zapdos|Zapdos|100/100
|move|p2a: Urshifu|Close Combat|p1a: Zapdos
|-resisted|p1a: Zapdos
|-damage|p1a: Zapdos|77/100
|-unboost|p2a: Urshifu|def|1
|-unboost|p2a: Urshifu|spd|1
|
|-weather|Sandstorm|[upkeep]
|-damage|p2a: Urshifu|94/100|[from] Sandstorm
|-damage|p1a: Zapdos|71/100|[from] Sandstorm
|-end|p1a: Zapdos|move: Future Sight
|-damage|p1a: Zapdos|0 fnt
|faint|p1a: Zapdos
|upkeep
|
|t:|1664851807
|switch|p1a: Tapu Lele|Tapu Lele|100/100
|turn|5
|
|t:|1664851820
|switch|p2a: Corviknight|Corviknight, F|100/100
|-ability|p2a: Corviknight|Pressure
|move|p1a: Tapu Lele|Psychic|p2a: Corviknight
|-resisted|p2a: Corviknight
|-damage|p2a: Corviknight|66/100
|
|-weather|Sandstorm|[upkeep]
|-damage|p1a: Tapu Lele|94/100|[from] Sandstorm
|-fieldend|move: Psychic Terrain
|upkeep
|turn|6
|
|t:|1664851838
|switch|p1a: Ferrothorn|Ferrothorn, F|100/100
|switch|p2a: Slowking|Slowking-Galar, F|100/100
|
|-weather|none
|upkeep
|turn|7
|
|t:|1664851853
|move|p2a: Slowking|Future Sight|p1a: Ferrothorn
|-start|p2a: Slowking|move: Future Sight
|move|p1a: Ferrothorn|Stealth Rock|p2a: Slowking
|-sidestart|p2: a funny cat|move: Stealth Rock
|
|upkeep
|turn|8
|
|t:|1664851871
|switch|p2a: Melmetal|Melmetal|100/100
|-damage|p2a: Melmetal|94/100|[from] Stealth Rock
|switch|p1a: Tyranitar|Tyranitar, M|100/100
|-weather|Sandstorm|[from] ability: Sand Stream|[of] p1a: Tyranitar
|
|-weather|Sandstorm|[upkeep]
|upkeep
|turn|9
|
|t:|1664851919
|switch|p1a: Tapu Lele|Tapu Lele|94/100
|-fieldstart|move: Psychic Terrain|[from] ability: Psychic Surge|[of] p1a: Tapu Lele
|move|p2a: Melmetal|Double Iron Bash|p1a: Tapu Lele
|-supereffective|p1a: Tapu Lele
|-damage|p1a: Tapu Lele|0 fnt
|faint|p1a: Tapu Lele
|-hitcount|p1: Tapu Lele|1
|
|-weather|Sandstorm|[upkeep]
|-hint|Future Sight did not hit because the target is fainted.
|upkeep
|
|t:|1664851932
|switch|p1a: Excadrill|Excadrill, M|100/100
|turn|10
|
|t:|1664851944
|switch|p2a: Corviknight|Corviknight, F|66/100
|-damage|p2a: Corviknight|54/100|[from] Stealth Rock
|-ability|p2a: Corviknight|Pressure
|move|p1a: Excadrill|Rock Slide|p2a: Corviknight
|-damage|p2a: Corviknight|29/100
|
|-weather|Sandstorm|[upkeep]
|upkeep
|turn|11
|
|t:|1664851961
|move|p1a: Excadrill|Rock Slide|p2a: Corviknight
|-crit|p2a: Corviknight
|-damage|p2a: Corviknight|0 fnt
|faint|p2a: Corviknight
|
|-weather|Sandstorm|[upkeep]
|upkeep
|
|t:|1664851966
|switch|p2a: Urshifu|Urshifu-Rapid-Strike, F|94/100
|-damage|p2a: Urshifu|88/100|[from] Stealth Rock
|turn|12
|
|t:|1664851981
|switch|p1a: Ferrothorn|Ferrothorn, F|100/100
|move|p2a: Urshifu|Surging Strikes|p1a: Ferrothorn
|-resisted|p1a: Ferrothorn
|-crit|p1a: Ferrothorn
|-damage|p1a: Ferrothorn|94/100
|-activate|p1a: Ferrothorn|ability: Iron Barbs
|-activate|p2a: Urshifu|item: Protective Pads
|-resisted|p1a: Ferrothorn
|-crit|p1a: Ferrothorn
|-damage|p1a: Ferrothorn|87/100
|-activate|p1a: Ferrothorn|ability: Iron Barbs
|-activate|p2a: Urshifu|item: Protective Pads
|-resisted|p1a: Ferrothorn
|-crit|p1a: Ferrothorn
|-damage|p1a: Ferrothorn|80/100
|-activate|p1a: Ferrothorn|ability: Iron Barbs
|-activate|p2a: Urshifu|item: Protective Pads
|-hitcount|p1a: Ferrothorn|3
|
|-weather|none
|-heal|p1a: Ferrothorn|87/100|[from] item: Leftovers
|upkeep
|turn|13
|
|t:|1664851999
|move|p2a: Urshifu|U-turn|p1a: Ferrothorn
|-damage|p1a: Ferrothorn|68/100
|-activate|p1a: Ferrothorn|ability: Iron Barbs
|-activate|p2a: Urshifu|item: Protective Pads
|
|t:|1664852002
|switch|p2a: Slowking|Slowking-Galar, F|100/100|[from]move: U-turn
|-damage|p2a: Slowking|88/100|[from] Stealth Rock
|move|p1a: Ferrothorn|Power Whip|p2a: Slowking
|-resisted|p2a: Slowking
|-damage|p2a: Slowking|67/100
|
|-heal|p1a: Ferrothorn|74/100|[from] item: Leftovers
|-fieldend|move: Psychic Terrain
|upkeep
|turn|14
|
|t:|1664852014
|switch|p1a: Excadrill|Excadrill, M|100/100
|move|p2a: Slowking|Flamethrower|p1a: Excadrill
|-supereffective|p1a: Excadrill
|-damage|p1a: Excadrill|23/100
|
|upkeep
|turn|15
|
|t:|1664852034
|move|p1a: Excadrill|Earthquake|p2a: Slowking
|-supereffective|p2a: Slowking
|-damage|p2a: Slowking|0 fnt
|faint|p2a: Slowking
|
|upkeep
|
|t:|1664852035
|switch|p2a: Weavile|Weavile, M|100/100
|-ability|p2a: Weavile|Pressure
|turn|16
|
|t:|1664852052
|switch|p1a: Urshifu|Urshifu-Rapid-Strike, F|100/100
|move|p2a: Weavile|Ice Shard|p1a: Urshifu
|-resisted|p1a: Urshifu
|-damage|p1a: Urshifu|90/100
|
|upkeep
|turn|17
|
|t:|1664852075
|move|p2a: Weavile|Knock Off|p1a: Urshifu
|-resisted|p1a: Urshifu
|-damage|p1a: Urshifu|67/100
|-enditem|p1a: Urshifu|Protective Pads|[from] move: Knock Off|[of] p2a: Weavile
|move|p1a: Urshifu|Close Combat|p2a: Weavile
|-supereffective|p2a: Weavile
|-damage|p2a: Weavile|0 fnt
|-unboost|p1a: Urshifu|def|1
|-unboost|p1a: Urshifu|spd|1
|faint|p2a: Weavile
|
|upkeep
|
|t:|1664852077
|switch|p2a: Urshifu|Urshifu-Rapid-Strike, F|88/100
|-damage|p2a: Urshifu|82/100|[from] Stealth Rock
|turn|18
|
|t:|1664852108
|switch|p1a: Tyranitar|Tyranitar, M|100/100
|-weather|Sandstorm|[from] ability: Sand Stream|[of] p1a: Tyranitar
|move|p2a: Urshifu|Surging Strikes|p1a: Tyranitar
|-supereffective|p1a: Tyranitar
|-crit|p1a: Tyranitar
|-damage|p1a: Tyranitar|63/100
|-supereffective|p1a: Tyranitar
|-crit|p1a: Tyranitar
|-damage|p1a: Tyranitar|27/100
|-supereffective|p1a: Tyranitar
|-crit|p1a: Tyranitar
|-damage|p1a: Tyranitar|0 fnt
|faint|p1a: Tyranitar
|-hitcount|p1: Tyranitar|3
|
|-weather|Sandstorm|[upkeep]
|-damage|p2a: Urshifu|76/100|[from] Sandstorm
|upkeep
|
|t:|1664852125
|switch|p1a: Excadrill|Excadrill, M|23/100
|turn|19
|
|t:|1664852128
|move|p1a: Excadrill|Earthquake|p2a: Urshifu
|-damage|p2a: Urshifu|0 fnt
|faint|p2a: Urshifu
|
|-weather|Sandstorm|[upkeep]
|upkeep
|
|t:|1664852130
|switch|p2a: Melmetal|Melmetal|94/100
|-damage|p2a: Melmetal|88/100|[from] Stealth Rock
|turn|20
|
|t:|1664852138
|move|p1a: Excadrill|Earthquake|p2a: Melmetal
|-supereffective|p2a: Melmetal
|-damage|p2a: Melmetal|0 fnt
|faint|p2a: Melmetal
|
|win|chansey and lulu
