|raw|<div class="broadcast-blue"><strong>This battle is required to be public due to a player having a name starting with 'lt91bb'.</div>
|j|☆LT91BB Liou
|j|☆mekki the poison
|t:|1659564255
|gametype|singles
|player|p1|LT91BB Liou|lance-masters|1891
|player|p2|mekki the poison|flint|1782
|teamsize|p1|6
|teamsize|p2|6
|gen|8
|tier|[Gen 8] OU
|rated|
|rule|Sleep Clause Mod: Limit one foe put to sleep
|rule|Species Clause: Limit one of each Pokémon
|rule|OHKO Clause: OHKO moves are banned
|rule|Evasion Moves Clause: Evasion moves are banned
|rule|Endless Battle Clause: Forcing endless battles is banned
|rule|HP Percentage Mod: HP is shown in percentages
|rule|Dynamax Clause: You cannot dynamax
|clearpoke
|poke|p1|Victini|
|poke|p1|Zapdos|
|poke|p1|Tapu Fini|
|poke|p1|Ferrothorn, F|
|poke|p1|Dragapult, F|
|poke|p1|Landorus-Therian, M|
|poke|p2|Tapu Koko|
|poke|p2|Zapdos|
|poke|p2|Raichu-Alola, F|
|poke|p2|Garchomp, F|
|poke|p2|Corviknight, F|
|poke|p2|Tapu Fini|
|teampreview
|j| sacredswordsmen15
|j| irgendwasmitmeeem
|inactive|Battle timer is ON: inactive players will automatically lose when time's up. (requested by mekki the poison)
|
|t:|1659564290
|start
|switch|p1a: Zapdos|Zapdos|100/100
|switch|p2a: Garchomp|Garchomp, F|100/100
|turn|1
|
|t:|1659564297
|switch|p1a: Tapu Fini|Tapu Fini|100/100
|-fieldstart|move: Misty Terrain|[from] ability: Misty Surge|[of] p1a: Tapu Fini
|move|p2a: Garchomp|Stealth Rock|p1a: Tapu Fini
|-sidestart|p1: LT91BB Liou|move: Stealth Rock
|
|upkeep
|turn|2
|
|t:|1659564304
|switch|p2a: Tapu Koko|Tapu Koko|100/100
|-fieldstart|move: Electric Terrain|[from] ability: Electric Surge|[of] p2a: Tapu Koko
|move|p1a: Tapu Fini|Trick|p2a: Tapu Koko
|-activate|p1a: Tapu Fini|move: Trick|[of] p2a: Tapu Koko
|-item|p2a: Tapu Koko|Choice Scarf|[from] move: Trick
|-item|p1a: Tapu Fini|Terrain Extender|[from] move: Trick
|
|upkeep
|turn|3
|
|t:|1659564313
|switch|p1a: Landorus|Landorus-Therian, M|100/100
|-damage|p1a: Landorus|88/100|[from] Stealth Rock
|-ability|p1a: Landorus|Intimidate|boost
|-unboost|p2a: Tapu Koko|atk|1
|move|p2a: Tapu Koko|Nature's Madness|p1a: Landorus
|-damage|p1a: Landorus|44/100
|
|-heal|p1a: Landorus|50/100|[from] item: Leftovers
|upkeep
|turn|4
|
|t:|1659564319
|switch|p2a: Corviknight|Corviknight, F|100/100
|-ability|p2a: Corviknight|Pressure
|move|p1a: Landorus|Stealth Rock|p2a: Corviknight
|-sidestart|p2: mekki the poison|move: Stealth Rock
|
|-heal|p1a: Landorus|56/100|[from] item: Leftovers
|upkeep
|turn|5
|
|t:|1659564327
|switch|p1a: Zapdos|Zapdos|100/100
|move|p2a: Corviknight|U-turn|p1a: Zapdos
|-resisted|p1a: Zapdos
|-damage|p1a: Zapdos|94/100
|
|t:|1659564333
|switch|p2a: Raichu|Raichu-Alola, F|100/100|[from]move: U-turn
|-damage|p2a: Raichu|88/100|[from] Stealth Rock
|
|upkeep
|turn|6
|
|t:|1659564351
|move|p2a: Raichu|Nasty Plot|p2a: Raichu
|-boost|p2a: Raichu|spa|2
|move|p1a: Zapdos|Volt Switch|p2a: Raichu
|-resisted|p2a: Raichu
|-damage|p2a: Raichu|60/100
|
|t:|1659564355
|switch|p1a: Ferrothorn|Ferrothorn, F|100/100|[from]move: Volt Switch
|-damage|p1a: Ferrothorn|95/100|[from] Stealth Rock
|
|-heal|p1a: Ferrothorn|100/100|[from] item: Leftovers
|upkeep
|turn|7
|
|t:|1659564358
|move|p2a: Raichu|Rising Voltage|p1a: Ferrothorn
|-hint|Rising Voltage's BP doubled on grounded target.
|-resisted|p1a: Ferrothorn
|-damage|p1a: Ferrothorn|29/100
|-damage|p2a: Raichu|50/100|[from] item: Life Orb
|move|p1a: Ferrothorn|Gyro Ball|p2a: Raichu
|-resisted|p2a: Raichu
|-damage|p2a: Raichu|0 fnt
|faint|p2a: Raichu
|
|-heal|p1a: Ferrothorn|35/100|[from] item: Leftovers
|upkeep
|
|t:|1659564361
|switch|p2a: Zapdos|Zapdos|100/100
|turn|8
|j| r56k453
|
|t:|1659564382
|switch|p1a: Zapdos|Zapdos|94/100
|move|p2a: Zapdos|Hurricane|p1a: Zapdos|[miss]
|-miss|p2a: Zapdos|p1a: Zapdos
|
|upkeep
|turn|9
|l| r56k453
|j| Foutaise.1
|
|t:|1659564389
|switch|p2a: Garchomp|Garchomp, F|100/100
|-damage|p2a: Garchomp|94/100|[from] Stealth Rock
|move|p1a: Zapdos|Toxic|p2a: Garchomp
|-status|p2a: Garchomp|tox
|
|-heal|p2a: Garchomp|100/100 tox|[from] item: Leftovers
|-damage|p2a: Garchomp|94/100 tox|[from] psn
|-fieldend|move: Electric Terrain
|upkeep
|turn|10
|
|t:|1659564407
|switch|p1a: Tapu Fini|Tapu Fini|100/100
|-damage|p1a: Tapu Fini|88/100|[from] Stealth Rock
|-fieldstart|move: Misty Terrain|[from] ability: Misty Surge|[of] p1a: Tapu Fini
|move|p2a: Garchomp|Toxic|p1a: Tapu Fini
|-activate|p1a: Tapu Fini|move: Misty Terrain
|
|-heal|p2a: Garchomp|100/100 tox|[from] item: Leftovers
|-damage|p2a: Garchomp|88/100 tox|[from] psn
|upkeep
|turn|11
|-message|mekki the poison forfeited.
|
|win|LT91BB Liou
|raw|LT91BB Liou's rating: 1891 &rarr; <strong>1905</strong><br />(+14 for winning)
|raw|mekki the poison's rating: 1782 &rarr; <strong>1768</strong><br />(-14 for losing)
|l|☆mekki the poison
|l| sacredswordsmen15
||Ladder isn't responding, score probably updated but might not have (Request timeout).
|l| Foutaise.1
|l|☆LT91BB Liou
