|j|☆smollest brian
|j|☆Vegapocalypse
|inactive|Battle timer is ON: inactive players will automatically lose when time's up.
|t:|1655261820
|gametype|singles
|player|p1|smollest brian|sonia|
|player|p2|Vegapocalypse|gentleman-gen4|
|teamsize|p1|6
|teamsize|p2|6
|gen|8
|tier|[Gen 8] OU
|rated|Tournament battle
|rule|Sleep Clause Mod: Limit one foe put to sleep
|rule|Species Clause: Limit one of each Pokémon
|rule|OHKO Clause: OHKO moves are banned
|rule|Evasion Moves Clause: Evasion moves are banned
|rule|Endless Battle Clause: Forcing endless battles is banned
|rule|HP Percentage Mod: HP is shown in percentages
|rule|Dynamax Clause: You cannot dynamax
|clearpoke
|poke|p1|Shiftry, F|
|poke|p1|Conkeldurr, F|
|poke|p1|Electivire, M|
|poke|p1|Persian, F|
|poke|p1|Alcremie-Rainbow-Swirl, F|
|poke|p1|Flapple, F|
|poke|p2|Shiftry, M|
|poke|p2|Flapple, M|
|poke|p2|Electivire, F|
|poke|p2|Alcremie, F|
|poke|p2|Conkeldurr, M|
|poke|p2|Persian-Alola, M|
|teampreview
|j|*Lady Monita ☀
|
|t:|1655261828
|start
|switch|p1a: Persian|Persian, F|100/100
|switch|p2a: Persian|Persian-Alola, M|100/100
|-ability|p1a: Persian|Unnerve
|turn|1
|j| adi'jdju
|j| swiftypoo#1
|
|t:|1655261841
|move|p1a: Persian|Fake Out|p2a: Persian
|-damage|p2a: Persian|89/100
|cant|p2a: Persian|flinch
|
|-heal|p2a: Persian|95/100|[from] item: Leftovers
|upkeep
|turn|2
|l| swiftypoo#1
|
|t:|1655261846
|move|p1a: Persian|U-turn|p2a: Persian
|-supereffective|p2a: Persian
|-damage|p2a: Persian|71/100
|
|t:|1655261854
|switch|p1a: Electivire|Electivire, M|100/100|[from]move: U-turn
|move|p2a: Persian|Foul Play|p1a: Electivire
|-damage|p1a: Electivire|48/100
|
|-heal|p2a: Persian|77/100|[from] item: Leftovers
|-heal|p1a: Electivire|54/100|[from] item: Leftovers
|upkeep
|turn|3
|
|t:|1655261862
|move|p2a: Persian|Foul Play|p1a: Electivire
|-damage|p1a: Electivire|0 fnt
|faint|p1a: Electivire
|
|-heal|p2a: Persian|83/100|[from] item: Leftovers
|upkeep
|
|t:|1655261867
|switch|p1a: Conkeldurr|Conkeldurr, F|100/100
|turn|4
|
|t:|1655261870
|move|p2a: Persian|Parting Shot|p1a: Conkeldurr
|-unboost|p1a: Conkeldurr|atk|1
|-unboost|p1a: Conkeldurr|spa|1
|
|t:|1655261872
|switch|p2a: Alcremie|Alcremie, F|100/100|[from]move: Parting Shot
|move|p1a: Conkeldurr|Knock Off|p2a: Alcremie
|-resisted|p2a: Alcremie
|-damage|p2a: Alcremie|79/100
|-enditem|p2a: Alcremie|Leftovers|[from] move: Knock Off|[of] p1a: Conkeldurr
|
|-status|p1a: Conkeldurr|brn|[from] item: Flame Orb
|upkeep
|turn|5
|j| T.G.W Galladee
|
|t:|1655261880
|switch|p1a: Persian|Persian, F|100/100
|-ability|p1a: Persian|Unnerve
|move|p2a: Alcremie|Dazzling Gleam|p1a: Persian
|-damage|p1a: Persian|29/100
|
|upkeep
|turn|6
|
|t:|1655261886
|switch|p2a: Persian|Persian-Alola, M|83/100
|move|p1a: Persian|Gunk Shot|p2a: Persian
|-damage|p2a: Persian|63/100
|
|-heal|p2a: Persian|69/100|[from] item: Leftovers
|upkeep
|turn|7
|
|t:|1655261893
|move|p1a: Persian|U-turn|p2a: Persian
|-supereffective|p2a: Persian
|-damage|p2a: Persian|45/100
|
|t:|1655261895
|switch|p1a: Conkeldurr|Conkeldurr, F|100/100 brn|[from]move: U-turn
|move|p2a: Persian|Foul Play|p1a: Conkeldurr
|-resisted|p1a: Conkeldurr
|-damage|p1a: Conkeldurr|76/100 brn
|
|-heal|p2a: Persian|51/100|[from] item: Leftovers
|-damage|p1a: Conkeldurr|70/100 brn|[from] brn
|upkeep
|turn|8
|
|t:|1655261901
|switch|p2a: Alcremie|Alcremie, F|79/100
|move|p1a: Conkeldurr|Facade|p2a: Alcremie
|-damage|p2a: Alcremie|0 fnt
|faint|p2a: Alcremie
|
|-damage|p1a: Conkeldurr|64/100 brn|[from] brn
|upkeep
|
|t:|1655261912
|switch|p2a: Flapple|Flapple, M|100/100
|turn|9
|
|t:|1655261915
|move|p2a: Flapple|Grav Apple|p1a: Conkeldurr
|-damage|p1a: Conkeldurr|0 fnt
|faint|p1a: Conkeldurr
|
|upkeep
|
|t:|1655261931
|switch|p1a: Shiftry|Shiftry, F|100/100
|turn|10
|j| Eirone
|
|t:|1655261935
|switch|p2a: Persian|Persian-Alola, M|51/100
|move|p1a: Shiftry|Air Slash|p2a: Persian
|-damage|p2a: Persian|22/100
|
|-heal|p2a: Persian|28/100|[from] item: Leftovers
|upkeep
|turn|11
|
|t:|1655261941
|move|p2a: Persian|Toxic|p1a: Shiftry
|-status|p1a: Shiftry|tox
|move|p1a: Shiftry|Air Slash|p2a: Persian
|-crit|p2a: Persian
|-damage|p2a: Persian|0 fnt
|faint|p2a: Persian
|
|-damage|p1a: Shiftry|94/100 tox|[from] psn
|upkeep
|
|t:|1655261947
|switch|p2a: Electivire|Electivire, F|100/100
|turn|12
|
|t:|1655261951
|move|p2a: Electivire|Ice Punch|p1a: Shiftry
|-supereffective|p1a: Shiftry
|-damage|p1a: Shiftry|0 fnt
|faint|p1a: Shiftry
|
|upkeep
|l| T.G.W Galladee
|
|t:|1655261958
|switch|p1a: Persian|Persian, F|29/100
|-ability|p1a: Persian|Unnerve
|turn|13
|
|t:|1655261961
|switch|p2a: Shiftry|Shiftry, M|100/100
|move|p1a: Persian|Fake Out|p2a: Shiftry
|-damage|p2a: Shiftry|69/100
|
|upkeep
|turn|14
|
|t:|1655261966
|move|p2a: Shiftry|Sucker Punch|p1a: Persian
|-damage|p1a: Persian|0 fnt
|faint|p1a: Persian
|-damage|p2a: Shiftry|59/100|[from] item: Life Orb
|
|upkeep
|
|t:|1655261968
|switch|p1a: Alcremie|Alcremie-Rainbow-Swirl, F|100/100
|turn|15
|
|t:|1655261971
|move|p2a: Shiftry|Leaf Storm|p1a: Alcremie
|-crit|p1a: Alcremie
|-damage|p1a: Alcremie|33/100
|-unboost|p2a: Shiftry|spa|2
|-damage|p2a: Shiftry|49/100|[from] item: Life Orb
|move|p1a: Alcremie|Acid Armor|p1a: Alcremie
|-boost|p1a: Alcremie|def|2
|
|-heal|p1a: Alcremie|39/100|[from] item: Leftovers
|upkeep
|turn|16
|
|t:|1655261976
|switch|p2a: Electivire|Electivire, F|100/100
|move|p1a: Alcremie|Recover|p1a: Alcremie
|-heal|p1a: Alcremie|89/100
|
|-heal|p1a: Alcremie|95/100|[from] item: Leftovers
|upkeep
|turn|17
|
|t:|1655261979
|move|p2a: Electivire|Iron Tail|p1a: Alcremie
|-supereffective|p1a: Alcremie
|-damage|p1a: Alcremie|55/100
|move|p1a: Alcremie|Calm Mind|p1a: Alcremie
|-boost|p1a: Alcremie|spa|1
|-boost|p1a: Alcremie|spd|1
|
|-heal|p1a: Alcremie|61/100|[from] item: Leftovers
|upkeep
|turn|18
|
|t:|1655261983
|move|p2a: Electivire|Iron Tail|p1a: Alcremie|[miss]
|-miss|p2a: Electivire|p1a: Alcremie
|move|p1a: Alcremie|Recover|p1a: Alcremie
|-heal|p1a: Alcremie|100/100
|
|upkeep
|turn|19
|
|t:|1655261985
|switch|p2a: Flapple|Flapple, M|100/100
|move|p1a: Alcremie|Acid Armor|p1a: Alcremie
|-boost|p1a: Alcremie|def|2
|
|upkeep
|turn|20
|
|t:|1655261987
|move|p2a: Flapple|Grav Apple|p1a: Alcremie
|-damage|p1a: Alcremie|74/100
|-unboost|p1a: Alcremie|def|1
|move|p1a: Alcremie|Dazzling Gleam|p2a: Flapple
|-supereffective|p2a: Flapple
|-damage|p2a: Flapple|0 fnt
|faint|p2a: Flapple
|
|-heal|p1a: Alcremie|80/100|[from] item: Leftovers
|upkeep
|
|t:|1655261992
|switch|p2a: Shiftry|Shiftry, M|49/100
|turn|21
|
|t:|1655261995
|move|p2a: Shiftry|Knock Off|p1a: Alcremie
|-resisted|p1a: Alcremie
|-damage|p1a: Alcremie|69/100
|-enditem|p1a: Alcremie|Leftovers|[from] move: Knock Off|[of] p2a: Shiftry
|-damage|p2a: Shiftry|39/100|[from] item: Life Orb
|move|p1a: Alcremie|Recover|p1a: Alcremie
|-heal|p1a: Alcremie|100/100
|
|upkeep
|turn|22
|
|t:|1655261999
|move|p2a: Shiftry|Leaf Storm|p1a: Alcremie
|-damage|p1a: Alcremie|69/100
|-unboost|p2a: Shiftry|spa|2
|-damage|p2a: Shiftry|29/100|[from] item: Life Orb
|move|p1a: Alcremie|Calm Mind|p1a: Alcremie
|-boost|p1a: Alcremie|spa|1
|-boost|p1a: Alcremie|spd|1
|
|upkeep
|turn|23
|
|t:|1655262004
|switch|p2a: Electivire|Electivire, F|100/100
|move|p1a: Alcremie|Recover|p1a: Alcremie
|-heal|p1a: Alcremie|100/100
|
|upkeep
|turn|24
|
|t:|1655262006
|move|p2a: Electivire|Iron Tail|p1a: Alcremie
|-supereffective|p1a: Alcremie
|-damage|p1a: Alcremie|71/100
|move|p1a: Alcremie|Dazzling Gleam|p2a: Electivire
|-damage|p2a: Electivire|12/100
|
|upkeep
|turn|25
|
|t:|1655262009
|move|p2a: Electivire|Iron Tail|p1a: Alcremie
|-supereffective|p1a: Alcremie
|-damage|p1a: Alcremie|43/100
|move|p1a: Alcremie|Recover|p1a: Alcremie
|-heal|p1a: Alcremie|93/100
|
|upkeep
|turn|26
|
|t:|1655262012
|move|p2a: Electivire|Iron Tail|p1a: Alcremie
|-supereffective|p1a: Alcremie
|-damage|p1a: Alcremie|61/100
|move|p1a: Alcremie|Dazzling Gleam|p2a: Electivire
|-damage|p2a: Electivire|0 fnt
|faint|p2a: Electivire
|
|upkeep
|j| Nitrobinet
|
|t:|1655262016
|switch|p2a: Conkeldurr|Conkeldurr, M|100/100
|turn|27
|
|t:|1655262018
|move|p2a: Conkeldurr|Poison Jab|p1a: Alcremie
|-supereffective|p1a: Alcremie
|-damage|p1a: Alcremie|40/100
|-status|p1a: Alcremie|psn
|move|p1a: Alcremie|Dazzling Gleam|p2a: Conkeldurr
|-supereffective|p2a: Conkeldurr
|-damage|p2a: Conkeldurr|0 fnt
|faint|p2a: Conkeldurr
|
|-damage|p1a: Alcremie|28/100 psn|[from] psn
|upkeep
|
|t:|1655262025
|switch|p2a: Shiftry|Shiftry, M|29/100
|turn|28
|
|t:|1655262027
|move|p2a: Shiftry|Leaf Storm|p1a: Alcremie
|-damage|p1a: Alcremie|1/100 psn
|-unboost|p2a: Shiftry|spa|2
|-damage|p2a: Shiftry|20/100|[from] item: Life Orb
|move|p1a: Alcremie|Dazzling Gleam|p2a: Shiftry
|-supereffective|p2a: Shiftry
|-damage|p2a: Shiftry|0 fnt
|faint|p2a: Shiftry
|
|win|smollest brian
|n|☆smollest brian|smollestbrian
|n|☆Vegapocalypse|vegapocalypse
|n|*Lady Monita ☀|ladymonita
|n| adi'jdju|adijdju
|n| Eirone|eirone
|n| Nitrobinet|nitrobinet
|l|*Lady Monita ☀
|l|☆Vegapocalypse
|c|☆smollest brian|gg
|l| Nitrobinet
|l| adi'jdju
