|html|<div class="broadcast-blue"><strong>[Gen 8] OU is currently suspecting Melmetal! For information on how to participate check out the <a href="https://www.smogon.com/forums/threads/np-ss-ou-suspect-process-round-12-monster-mash.3709234/">suspect thread</a>.</strong></div>
|j|☆fletchinderwins
|j|☆HQSNonsense
|t:|1666456917
|gametype|singles
|player|p1|fletchinderwins|mina|1580
|player|p2|HQSNonsense|veteranf|1660
|teamsize|p1|6
|teamsize|p2|6
|gen|8
|tier|[Gen 8] OU
|rated|
|rule|Sleep Clause Mod: Limit one foe put to sleep
|rule|Species Clause: Limit one of each Pokémon
|rule|OHKO Clause: OHKO moves are banned
|rule|Evasion Items Clause: Evasion items are banned
|rule|Evasion Moves Clause: Evasion moves are banned
|rule|Endless Battle Clause: Forcing endless battles is banned
|rule|HP Percentage Mod: HP is shown in percentages
|rule|Dynamax Clause: You cannot dynamax
|clearpoke
|poke|p1|Weavile, F|
|poke|p1|Kartana|
|poke|p1|Clefable, M|
|poke|p1|Dragonite, M|
|poke|p1|Landorus-Therian, M|
|poke|p1|Tornadus-Therian, M|
|poke|p2|Dragapult, M|
|poke|p2|Weavile, F|
|poke|p2|Rillaboom, F|
|poke|p2|Nihilego|
|poke|p2|Garchomp, M|
|poke|p2|Celesteela|
|teampreview
|
|t:|1666456928
|start
|switch|p1a: Landorus|Landorus-Therian, M|100/100
|switch|p2a: Garchomp|Garchomp, M|100/100
|-ability|p1a: Landorus|Intimidate|boost
|-unboost|p2a: Garchomp|atk|1
|turn|1
|inactive|Battle timer is ON: inactive players will automatically lose when time's up. (requested by HQSNonsense)
|
|t:|1666456933
|move|p2a: Garchomp|Stealth Rock|p1a: Landorus
|-sidestart|p1: fletchinderwins|move: Stealth Rock
|move|p1a: Landorus|Earthquake|p2a: Garchomp
|-damage|p2a: Garchomp|53/100
|
|-heal|p2a: Garchomp|59/100|[from] item: Leftovers
|upkeep
|turn|2
|
|t:|1666456940
|move|p2a: Garchomp|Swords Dance|p2a: Garchomp
|-boost|p2a: Garchomp|atk|2
|move|p1a: Landorus|Stealth Rock|p2a: Garchomp
|-sidestart|p2: HQSNonsense|move: Stealth Rock
|
|-heal|p2a: Garchomp|65/100|[from] item: Leftovers
|upkeep
|turn|3
|
|t:|1666456956
|move|p2a: Garchomp|Scale Shot|p1a: Landorus
|-damage|p1a: Landorus|82/100
|-damage|p1a: Landorus|63/100
|-hitcount|p1a: Landorus|2
|-unboost|p2a: Garchomp|def|1
|-boost|p2a: Garchomp|spe|1
|move|p1a: Landorus|Earthquake|p2a: Garchomp
|-damage|p2a: Garchomp|0 fnt
|faint|p2a: Garchomp
|
|-heal|p1a: Landorus|69/100|[from] item: Leftovers
|upkeep
|inactive|HQSNonsense has 120 seconds left.
|
|t:|1666457010
|switch|p2a: Dragapult|Dragapult, M|100/100
|-damage|p2a: Dragapult|88/100|[from] Stealth Rock
|turn|4
|
|t:|1666457018
|move|p2a: Dragapult|Dragon Darts|p1a: Landorus
|-damage|p1a: Landorus|43/100
|-anim|p2a: Dragapult|Dragon Darts|p1a: Landorus
|-damage|p1a: Landorus|17/100
|move|p1a: Landorus|Earthquake|p2a: Dragapult
|-damage|p2a: Dragapult|25/100
|
|-heal|p2a: Dragapult|31/100|[from] item: Leftovers
|-heal|p1a: Landorus|23/100|[from] item: Leftovers
|upkeep
|turn|5
|
|t:|1666457029
|move|p2a: Dragapult|Dragon Darts|p1a: Landorus
|-damage|p1a: Landorus|0 fnt
|faint|p1a: Landorus
|
|-heal|p2a: Dragapult|37/100|[from] item: Leftovers
|upkeep
|
|t:|1666457033
|switch|p1a: Clefable|Clefable, M|100/100
|turn|6
|
|t:|1666457039
|move|p2a: Dragapult|Dragon Dance|p2a: Dragapult
|-boost|p2a: Dragapult|atk|1
|-boost|p2a: Dragapult|spe|1
|move|p1a: Clefable|Moonblast|p2a: Dragapult
|-supereffective|p2a: Dragapult
|-damage|p2a: Dragapult|0 fnt
|faint|p2a: Dragapult
|
|upkeep
|
|t:|1666457042
|switch|p2a: Nihilego|Nihilego|100/100
|-damage|p2a: Nihilego|88/100|[from] Stealth Rock
|turn|7
|
|t:|1666457061
|move|p2a: Nihilego|Meteor Beam||[still]
|-prepare|p2a: Nihilego|Meteor Beam
|-boost|p2a: Nihilego|spa|1
|-enditem|p2a: Nihilego|Power Herb
|-anim|p2a: Nihilego|Meteor Beam|p1a: Clefable
|-crit|p1a: Clefable
|-damage|p1a: Clefable|0 fnt
|faint|p1a: Clefable
|-ability|p2a: Nihilego|Beast Boost|boost
|-boost|p2a: Nihilego|spe|1
|
|upkeep
|
|t:|1666457075
|switch|p1a: Kartana|Kartana|100/100
|-damage|p1a: Kartana|94/100|[from] Stealth Rock
|turn|8
|
|t:|1666457078
|move|p2a: Nihilego|Power Gem|p1a: Kartana
|-resisted|p1a: Kartana
|-damage|p1a: Kartana|2/100
|move|p1a: Kartana|Leaf Blade|p2a: Nihilego
|-damage|p2a: Nihilego|0 fnt
|faint|p2a: Nihilego
|-ability|p1a: Kartana|Beast Boost|boost
|-boost|p1a: Kartana|atk|1
|-damage|p1a: Kartana|0 fnt|[from] item: Life Orb
|faint|p1a: Kartana
|
|upkeep
|
|t:|1666457094
|switch|p1a: Tornadus|Tornadus-Therian, M|100/100
|switch|p2a: Weavile|Weavile, F|100/100
|-damage|p2a: Weavile|76/100|[from] Stealth Rock
|-ability|p2a: Weavile|Pressure
|turn|9
|
|t:|1666457101
|switch|p1a: Weavile|Weavile, F|100/100
|-ability|p1a: Weavile|Pressure
|move|p2a: Weavile|Knock Off|p1a: Weavile
|-resisted|p1a: Weavile
|-damage|p1a: Weavile|45/100
|-enditem|p1a: Weavile|Heavy-Duty Boots|[from] move: Knock Off|[of] p2a: Weavile
|-damage|p2a: Weavile|66/100|[from] item: Life Orb
|
|upkeep
|turn|10
|
|t:|1666457107
|move|p1a: Weavile|Triple Axel|p2a: Weavile|[miss]
|-miss|p1a: Weavile|p2a: Weavile
|move|p2a: Weavile|Low Kick|p1a: Weavile
|-supereffective|p1a: Weavile
|-damage|p1a: Weavile|0 fnt
|faint|p1a: Weavile
|-damage|p2a: Weavile|56/100|[from] item: Life Orb
|
|upkeep
|
|t:|1666457116
|switch|p1a: Dragonite|Dragonite, M|100/100
|turn|11
|
|t:|1666457120
|move|p2a: Weavile|Ice Shard|p1a: Dragonite
|-supereffective|p1a: Dragonite
|-damage|p1a: Dragonite|40/100
|-damage|p2a: Weavile|46/100|[from] item: Life Orb
|move|p1a: Dragonite|Dual Wingbeat|p2a: Weavile
|-damage|p2a: Weavile|10/100
|-damage|p2a: Weavile|0 fnt
|faint|p2a: Weavile
|-hitcount|p2: Weavile|2
|
|upkeep
|
|t:|1666457126
|switch|p2a: Celesteela|Celesteela|100/100
|-damage|p2a: Celesteela|88/100|[from] Stealth Rock
|turn|12
|
|t:|1666457134
|move|p1a: Dragonite|Dual Wingbeat|p2a: Celesteela|[miss]
|-miss|p1a: Dragonite|p2a: Celesteela
|move|p2a: Celesteela|Autotomize|p2a: Celesteela
|-boost|p2a: Celesteela|spe|2
|-start|p2a: Celesteela|Autotomize
|
|upkeep
|turn|13
|
|t:|1666457143
|switch|p1a: Tornadus|Tornadus-Therian, M|100/100
|move|p2a: Celesteela|Meteor Beam||[still]
|-prepare|p2a: Celesteela|Meteor Beam
|-boost|p2a: Celesteela|spa|1
|-enditem|p2a: Celesteela|Power Herb
|-anim|p2a: Celesteela|Meteor Beam|p1a: Tornadus
|-supereffective|p1a: Tornadus
|-damage|p1a: Tornadus|0 fnt
|faint|p1a: Tornadus
|-ability|p2a: Celesteela|Beast Boost|boost
|-boost|p2a: Celesteela|spa|1
|
|upkeep
|-message|fletchinderwins forfeited.
|
|win|HQSNonsense
|raw|fletchinderwins's rating: 1580 &rarr; <strong>1565</strong><br />(-15 for losing)
|raw|HQSNonsense's rating: 1660 &rarr; <strong>1675</strong><br />(+15 for winning)
|l|☆fletchinderwins
