|j|☆sidzekrom
|j|☆Groundt
|player|p1|sidzekrom|290|1767
|player|p2|Groundt|winona|1767
|teamsize|p1|6
|teamsize|p2|6
|gametype|singles
|gen|8
|tier|[Gen 8] OU
|rated|
|clearpoke
|poke|p1|Keldeo-Resolute|
|poke|p1|Lucario, F|
|poke|p1|Aegislash, M|
|poke|p1|Dragapult, F|
|poke|p1|Crawdaunt, M|
|poke|p1|Excadrill, M|
|poke|p2|Cloyster, F|
|poke|p2|Hatterene, F|
|poke|p2|Conkeldurr, F|
|poke|p2|Torkoal, M|
|poke|p2|Bronzong|
|poke|p2|Gardevoir, F|
|rule|Sleep Clause Mod: Limit one foe put to sleep
|rule|Species Clause: Limit one of each Pokémon
|rule|OHKO Clause: OHKO moves are banned
|rule|Evasion Moves Clause: Evasion moves are banned
|rule|Endless Battle Clause: Forcing endless battles is banned
|rule|HP Percentage Mod: HP is shown in percentages
|rule|Dynamax Clause: You cannot dynamax
|teampreview
|
|start
|switch|p1a: Excadrill|Excadrill, M|100/100
|switch|p2a: Bronzong|Bronzong|100/100
|-ability|p1a: Excadrill|Mold Breaker
|turn|1
|
|move|p1a: Excadrill|Earthquake|p2a: Bronzong
|-supereffective|p2a: Bronzong
|-damage|p2a: Bronzong|13/100
|move|p2a: Bronzong|Trick Room|p2a: Bronzong
|-fieldstart|move: Trick Room|[of] p2a: Bronzong
|
|upkeep
|turn|2
|
|move|p2a: Bronzong|Stealth Rock|p1a: Excadrill
|-sidestart|p1: sidzekrom|move: Stealth Rock
|move|p1a: Excadrill|Stealth Rock|p2a: Bronzong
|-sidestart|p2: Groundt|move: Stealth Rock
|
|upkeep
|turn|3
|
|move|p2a: Bronzong|Steel Beam|p1a: Excadrill
|-resisted|p1a: Excadrill
|-damage|p1a: Excadrill|63/100
|-damage|p2a: Bronzong|0 fnt|[from] mindblown
|faint|p2a: Bronzong
|move|p1a: Excadrill|Rapid Spin|p2: Bronzong|[notarget]
|-fail|p1a: Excadrill
|
|upkeep
|
|switch|p2a: Torkoal|Torkoal, M|100/100
|-damage|p2a: Torkoal|76/100|[from] Stealth Rock
|-weather|SunnyDay|[from] ability: Drought|[of] p2a: Torkoal
|turn|4
|j| asdfasdddsa
|
|switch|p1a: Kelsier|Keldeo-Resolute|100/100
|-damage|p1a: Kelsier|94/100|[from] Stealth Rock
|move|p2a: Torkoal|Eruption|p1a: Kelsier
|-resisted|p1a: Kelsier
|-damage|p1a: Kelsier|35/100
|
|-weather|SunnyDay|[upkeep]
|-heal|p1a: Kelsier|41/100|[from] item: Leftovers
|upkeep
|turn|5
|
|switch|p1a: Excadrill|Excadrill, M|63/100
|-damage|p1a: Excadrill|60/100|[from] Stealth Rock
|-ability|p1a: Excadrill|Mold Breaker
|move|p2a: Torkoal|Eruption|p1a: Excadrill
|-supereffective|p1a: Excadrill
|-damage|p1a: Excadrill|0 fnt
|faint|p1a: Excadrill
|
|-weather|SunnyDay|[upkeep]
|-fieldend|move: Trick Room
|upkeep
|
|switch|p1a: Kelsier|Keldeo-Resolute|41/100
|-damage|p1a: Kelsier|35/100|[from] Stealth Rock
|turn|6
|
|switch|p2a: Gardevoir|Gardevoir, F, shiny|100/100
|-damage|p2a: Gardevoir|88/100|[from] Stealth Rock
|-ability|p2a: Gardevoir|Justified|[from] ability: Trace|[of] p1a: Kelsier
|move|p1a: Kelsier|Scald|p2a: Gardevoir
|-damage|p2a: Gardevoir|74/100
|
|-weather|SunnyDay|[upkeep]
|-heal|p1a: Kelsier|41/100|[from] item: Leftovers
|upkeep
|turn|7
|
|move|p1a: Kelsier|Substitute|p1a: Kelsier
|-start|p1a: Kelsier|Substitute
|-damage|p1a: Kelsier|16/100
|move|p2a: Gardevoir|Moonblast|p1a: Kelsier
|-supereffective|p1a: Kelsier
|-end|p1a: Kelsier|Substitute
|
|-weather|SunnyDay|[upkeep]
|-heal|p1a: Kelsier|22/100|[from] item: Leftovers
|upkeep
|turn|8
|
|switch|p1a: Aegislash|Aegislash, M|100/100
|-damage|p1a: Aegislash|94/100|[from] Stealth Rock
|move|p2a: Gardevoir|Trick Room|p2a: Gardevoir
|-fieldstart|move: Trick Room|[of] p2a: Gardevoir
|
|-weather|none
|-heal|p1a: Aegislash|100/100|[from] item: Leftovers
|upkeep
|turn|9
|
|move|p1a: Aegislash|Swords Dance|p1a: Aegislash
|-boost|p1a: Aegislash|atk|2
|move|p2a: Gardevoir|Teleport|p2a: Gardevoir
|
|switch|p2a: Torkoal|Torkoal, M|76/100|[from]move: Teleport
|-damage|p2a: Torkoal|51/100|[from] Stealth Rock
|-weather|SunnyDay|[from] ability: Drought|[of] p2a: Torkoal
|
|-weather|SunnyDay|[upkeep]
|upkeep
|turn|10
|
|move|p1a: Aegislash|King's Shield|p1a: Aegislash
|-singleturn|p1a: Aegislash|Protect
|move|p2a: Torkoal|Fire Blast|p1a: Aegislash
|-activate|p1a: Aegislash|move: Protect
|
|-weather|SunnyDay|[upkeep]
|upkeep
|turn|11
|j| ithinkim
|l| ithinkim
|inactive|Battle timer is ON: inactive players will automatically lose when time's up. (requested by Groundt)
|
|-formechange|p1a: Aegislash|Aegislash-Blade||[from] ability: Stance Change
|move|p1a: Aegislash|Shadow Sneak|p2a: Torkoal
|-damage|p2a: Torkoal|18/100
|move|p2a: Torkoal|Fire Blast|p1a: Aegislash
|-supereffective|p1a: Aegislash
|-damage|p1a: Aegislash|0 fnt
|faint|p1a: Aegislash
|
|-weather|SunnyDay|[upkeep]
|upkeep
|
|switch|p1a: Lucario|Lucario, F|100/100
|-damage|p1a: Lucario|98/100|[from] Stealth Rock
|turn|12
|
|switch|p2a: Conkeldurr|Conkeldurr, F|100/100
|-damage|p2a: Conkeldurr|94/100|[from] Stealth Rock
|move|p1a: Lucario|Vacuum Wave|p2a: Conkeldurr
|-damage|p2a: Conkeldurr|63/100
|-damage|p1a: Lucario|88/100|[from] item: Life Orb
|
|-weather|SunnyDay|[upkeep]
|-fieldend|move: Trick Room
|-status|p2a: Conkeldurr|brn|[from] item: Flame Orb
|upkeep
|turn|13
|
|switch|p1a: Dragapult|Dragapult, F|100/100
|-damage|p1a: Dragapult|88/100|[from] Stealth Rock
|move|p2a: Conkeldurr|Mach Punch|p1a: Dragapult
|-immune|p1a: Dragapult
|
|-weather|none
|-damage|p2a: Conkeldurr|57/100 brn|[from] brn
|upkeep
|turn|14
|
|move|p1a: Dragapult|Dragon Darts|p2a: Conkeldurr
|-damage|p2a: Conkeldurr|27/100 brn
|-anim|p1a: Dragapult|Dragon Darts|p2a: Conkeldurr
|-damage|p2a: Conkeldurr|1/100 brn
|-damage|p1a: Dragapult|78/100|[from] item: Life Orb
|move|p2a: Conkeldurr|Knock Off|p1a: Dragapult
|-supereffective|p1a: Dragapult
|-damage|p1a: Dragapult|0 fnt
|-enditem|p1a: Dragapult|Life Orb|[from] move: Knock Off|[of] p2a: Conkeldurr
|faint|p1a: Dragapult
|
|-damage|p2a: Conkeldurr|0 fnt|[from] brn
|faint|p2a: Conkeldurr
|upkeep
|
|switch|p1a: Lucario|Lucario, F|88/100
|switch|p2a: Hatterene|Hatterene, F|100/100
|-damage|p1a: Lucario|85/100|[from] Stealth Rock
|-damage|p2a: Hatterene|88/100|[from] Stealth Rock
|turn|15
|
|move|p1a: Lucario|Flash Cannon|p2a: Hatterene
|-supereffective|p2a: Hatterene
|-damage|p2a: Hatterene|0 fnt
|-damage|p1a: Lucario|75/100|[from] item: Life Orb
|faint|p2a: Hatterene
|
|upkeep
|-message|Groundt forfeited.
|
|win|sidzekrom
|l|☆Groundt
|raw|sidzekrom's rating: 1768 &rarr; <strong>1788</strong><br />(+20 for winning)
|raw|Groundt's rating: 1767 &rarr; <strong>1747</strong><br />(-20 for losing)
|l| asdfasdddsa
