|raw|<div class="broadcast-blue"><strong>This battle is required to be public due to a player having a name starting with 'lt93oq'.</div>
|j|☆Coach Jones 6fifth
|j|☆lt93O Quartos
|t:|1661011881
|gametype|singles
|player|p1|Coach Jones 6fifth|lusamine-nihilego|1990
|player|p2|lt93O Quartos|drayden|1959
|teamsize|p1|6
|teamsize|p2|6
|gen|8
|tier|[Gen 8] OU
|rated|
|rule|Sleep Clause Mod: Limit one foe put to sleep
|rule|Species Clause: Limit one of each Pokémon
|rule|OHKO Clause: OHKO moves are banned
|rule|Evasion Items Clause: Evasion items are banned
|rule|Evasion Moves Clause: Evasion moves are banned
|rule|Endless Battle Clause: Forcing endless battles is banned
|rule|HP Percentage Mod: HP is shown in percentages
|rule|Dynamax Clause: You cannot dynamax
|clearpoke
|poke|p1|Slowking-Galar, F|
|poke|p1|Ferrothorn, F|
|poke|p1|Urshifu-*, F|
|poke|p1|Dragapult, F|
|poke|p1|Landorus-Therian, M|
|poke|p1|Bisharp, F|
|poke|p2|Tyranitar, M|
|poke|p2|Excadrill, F|
|poke|p2|Pelipper, M|
|poke|p2|Urshifu-*, F|
|poke|p2|Zapdos|
|poke|p2|Ferrothorn, M|
|teampreview
|
|t:|1661011896
|start
|switch|p1a: Dragapult|Dragapult, F|100/100
|switch|p2a: johann liebert|Tyranitar, M, shiny|100/100
|-weather|Sandstorm|[from] ability: Sand Stream|[of] p2a: johann liebert
|turn|1
|j| simplegent
|
|t:|1661011900
|move|p1a: Dragapult|U-turn|p2a: johann liebert
|-supereffective|p2a: johann liebert
|-damage|p2a: johann liebert|70/100
|
|t:|1661011901
|switch|p1a: Bisharp|Bisharp, F|100/100|[from]move: U-turn
|move|p2a: johann liebert|Superpower|p1a: Bisharp
|-supereffective|p1a: Bisharp
|-damage|p1a: Bisharp|0 fnt
|-unboost|p2a: johann liebert|atk|1
|-unboost|p2a: johann liebert|def|1
|faint|p1a: Bisharp
|
|-weather|Sandstorm|[upkeep]
|upkeep
|
|t:|1661011907
|switch|p1a: Dragapult|Dragapult, F|100/100
|turn|2
|
|t:|1661011910
|switch|p2a: pangela perkel|Ferrothorn, M, shiny|100/100
|move|p1a: Dragapult|Flamethrower|p2a: pangela perkel
|-supereffective|p2a: pangela perkel
|-damage|p2a: pangela perkel|0 fnt
|faint|p2a: pangela perkel
|
|-weather|Sandstorm|[upkeep]
|-damage|p1a: Dragapult|95/100|[from] Sandstorm
|upkeep
|
|t:|1661011915
|switch|p2a: Salut ayouko|Pelipper, M, shiny|100/100
|-weather|RainDance|[from] ability: Drizzle|[of] p2a: Salut ayouko
|turn|3
|
|t:|1661011917
|switch|p1a: Slowking|Slowking-Galar, F|100/100
|move|p2a: Salut ayouko|Weather Ball|p1a: Slowking
|-damage|p1a: Slowking|59/100
|
|-weather|RainDance|[upkeep]
|upkeep
|turn|4
|
|t:|1661011920
|move|p2a: Salut ayouko|Weather Ball|p1a: Slowking
|-damage|p1a: Slowking|18/100
|move|p1a: Slowking|Sludge Bomb|p2a: Salut ayouko
|-damage|p2a: Salut ayouko|42/100
|
|-weather|RainDance|[upkeep]
|upkeep
|turn|5
|
|t:|1661011924
|switch|p1a: Dragapult|Dragapult, F|95/100
|move|p2a: Salut ayouko|Weather Ball|p1a: Dragapult
|-resisted|p1a: Dragapult
|-damage|p1a: Dragapult|19/100
|
|-weather|RainDance|[upkeep]
|upkeep
|turn|6
|
|t:|1661011928
|move|p1a: Dragapult|U-turn|p2a: Salut ayouko
|-resisted|p2a: Salut ayouko
|-damage|p2a: Salut ayouko|30/100
|
|t:|1661011935
|switch|p1a: Ferrothorn|Ferrothorn, F, shiny|100/100|[from]move: U-turn
|move|p2a: Salut ayouko|Weather Ball|p1a: Ferrothorn
|-resisted|p1a: Ferrothorn
|-damage|p1a: Ferrothorn|53/100
|
|-weather|RainDance|[upkeep]
|upkeep
|turn|7
|
|t:|1661011937
|move|p2a: Salut ayouko|Weather Ball|p1a: Ferrothorn
|-resisted|p1a: Ferrothorn
|-damage|p1a: Ferrothorn|10/100
|move|p1a: Ferrothorn|Gyro Ball|p2a: Salut ayouko
|-resisted|p2a: Salut ayouko
|-damage|p2a: Salut ayouko|0 fnt
|faint|p2a: Salut ayouko
|
|-weather|none
|upkeep
|j| Triple Se7en
|
|t:|1661011942
|switch|p2a: grenouille prague|Urshifu-Rapid-Strike, F|100/100
|turn|8
|j| Wicket Ticket
|j| leXXXus
|l| Triple Se7en
|j| catgirl meows
|
|t:|1661011980
|move|p2a: grenouille prague|U-turn|p1a: Ferrothorn
|-damage|p1a: Ferrothorn|0 fnt
|-damage|p2a: grenouille prague|88/100|[from] ability: Iron Barbs|[of] p1a: Ferrothorn
|faint|p1a: Ferrothorn
|j| LT93OQ SERPI
|j| LT93OQ DS
|j| reddit randy
|
|t:|1661011990
|switch|p2a: perz|Zapdos, shiny|100/100|[from]move: U-turn
|
|upkeep
|j| LT93OQ ouille
|
|t:|1661011998
|switch|p1a: Slowking|Slowking-Galar, F|51/100
|turn|9
|
|t:|1661012001
|switch|p2a: johann liebert|Tyranitar, M, shiny|70/100
|-weather|Sandstorm|[from] ability: Sand Stream|[of] p2a: johann liebert
|switch|p1a: Landorus|Landorus-Therian, M|100/100
|-ability|p1a: Landorus|Intimidate|boost
|-unboost|p2a: johann liebert|atk|1
|
|-weather|Sandstorm|[upkeep]
|upkeep
|turn|10
|
|t:|1661012014
|switch|p2a: grenouille prague|Urshifu-Rapid-Strike, F|88/100
|move|p1a: Landorus|Earthquake|p2a: grenouille prague
|-damage|p2a: grenouille prague|44/100
|
|-weather|Sandstorm|[upkeep]
|-damage|p2a: grenouille prague|38/100|[from] Sandstorm
|upkeep
|turn|11
|
|t:|1661012019
|switch|p1a: Urshifu|Urshifu-Rapid-Strike, F|100/100
|move|p2a: grenouille prague|Surging Strikes|p1a: Urshifu
|-resisted|p1a: Urshifu
|-crit|p1a: Urshifu
|-damage|p1a: Urshifu|90/100
|-resisted|p1a: Urshifu
|-crit|p1a: Urshifu
|-damage|p1a: Urshifu|80/100
|-resisted|p1a: Urshifu
|-crit|p1a: Urshifu
|-damage|p1a: Urshifu|70/100
|-hitcount|p1a: Urshifu|3
|
|-weather|Sandstorm|[upkeep]
|-damage|p2a: grenouille prague|32/100|[from] Sandstorm
|-damage|p1a: Urshifu|64/100|[from] Sandstorm
|upkeep
|turn|12
|
|t:|1661012027
|switch|p2a: perz|Zapdos, shiny|100/100
|move|p1a: Urshifu|Close Combat|p2a: perz
|-resisted|p2a: perz
|-damage|p2a: perz|65/100
|-unboost|p1a: Urshifu|def|1
|-unboost|p1a: Urshifu|spd|1
|
|-weather|Sandstorm|[upkeep]
|-damage|p1a: Urshifu|57/100|[from] Sandstorm
|-damage|p2a: perz|59/100|[from] Sandstorm
|upkeep
|turn|13
|j| LT93OQ Uxilon
|
|t:|1661012032
|switch|p1a: Landorus|Landorus-Therian, M|100/100
|-ability|p1a: Landorus|Intimidate|boost
|-unboost|p2a: perz|atk|1
|switch|p2a: johann liebert|Tyranitar, M, shiny|70/100
|
|-weather|none
|upkeep
|turn|14
|
|t:|1661012046
|switch|p2a: perz|Zapdos, shiny|59/100
|move|p1a: Landorus|Earthquake|p2a: perz
|-immune|p2a: perz
|
|upkeep
|turn|15
|
|t:|1661012052
|move|p2a: perz|Substitute|p2a: perz
|-start|p2a: perz|Substitute
|-damage|p2a: perz|34/100
|move|p1a: Landorus|U-turn|p2a: perz
|-resisted|p2a: perz
|-activate|p2a: perz|move: Substitute|[damage]
|
|t:|1661012054
|switch|p1a: Dragapult|Dragapult, F|19/100|[from]move: U-turn
|
|upkeep
|turn|16
|
|t:|1661012056
|switch|p2a: johann liebert|Tyranitar, M, shiny|70/100
|-weather|Sandstorm|[from] ability: Sand Stream|[of] p2a: johann liebert
|move|p1a: Dragapult|Draco Meteor|p2a: johann liebert
|-damage|p2a: johann liebert|12/100
|-unboost|p1a: Dragapult|spa|2
|
|-weather|Sandstorm|[upkeep]
|-damage|p1a: Dragapult|13/100|[from] Sandstorm
|upkeep
|turn|17
|j| lt93oq wafflesurf
|
|t:|1661012060
|switch|p1a: Landorus|Landorus-Therian, M|100/100
|-ability|p1a: Landorus|Intimidate|boost
|-unboost|p2a: johann liebert|atk|1
|switch|p2a: drill fr 5 hey hey|Excadrill, F, shiny|100/100
|
|-weather|Sandstorm|[upkeep]
|upkeep
|turn|18
|
|t:|1661012075
|switch|p2a: perz|Zapdos, shiny|34/100
|move|p1a: Landorus|Earthquake|p2a: perz
|-immune|p2a: perz
|
|-weather|Sandstorm|[upkeep]
|-damage|p2a: perz|28/100|[from] Sandstorm
|upkeep
|turn|19
|
|t:|1661012080
|move|p2a: perz|Hurricane|p1a: Landorus|[miss]
|-miss|p2a: perz|p1a: Landorus
|move|p1a: Landorus|Toxic|p2a: perz
|-status|p2a: perz|tox
|
|-weather|Sandstorm|[upkeep]
|-damage|p2a: perz|22/100 tox|[from] Sandstorm
|-damage|p2a: perz|16/100 tox|[from] psn
|upkeep
|turn|20
|
|t:|1661012082
|switch|p1a: Slowking|Slowking-Galar, F|84/100
|move|p2a: perz|Hurricane|p1a: Slowking|[miss]
|-miss|p2a: perz|p1a: Slowking
|
|-weather|none
|-damage|p2a: perz|4/100 tox|[from] psn
|upkeep
|turn|21
|
|t:|1661012089
|move|p2a: perz|Hurricane|p1a: Slowking|[miss]
|-miss|p2a: perz|p1a: Slowking
|move|p1a: Slowking|Future Sight|p2a: perz
|-start|p1a: Slowking|move: Future Sight
|
|-damage|p2a: perz|0 fnt|[from] psn
|faint|p2a: perz
|upkeep
|
|t:|1661012091
|switch|p2a: johann liebert|Tyranitar, M, shiny|12/100
|-weather|Sandstorm|[from] ability: Sand Stream|[of] p2a: johann liebert
|turn|22
|l|catgirlmeows
|
|t:|1661012094
|move|p2a: johann liebert|Crunch|p1a: Slowking
|-supereffective|p1a: Slowking
|-damage|p1a: Slowking|0 fnt
|faint|p1a: Slowking
|
|-weather|Sandstorm|[upkeep]
|upkeep
|
|t:|1661012095
|switch|p1a: Urshifu|Urshifu-Rapid-Strike, F|57/100
|turn|23
|
|t:|1661012098
|move|p1a: Urshifu|U-turn|p2a: johann liebert
|-supereffective|p2a: johann liebert
|-damage|p2a: johann liebert|0 fnt
|faint|p2a: johann liebert
|j| Volcaronium
|
|t:|1661012106
|switch|p1a: Landorus|Landorus-Therian, M|100/100|[from]move: U-turn
|
|-weather|Sandstorm|[upkeep]
|-hint|Future Sight did not hit because the target is fainted.
|upkeep
|
|t:|1661012110
|switch|p2a: grenouille prague|Urshifu-Rapid-Strike, F|32/100
|turn|24
|j| Ad.... 067 ツ
|j| LT93OQ ivyz
|inactive|Battle timer is ON: inactive players will automatically lose when time's up. (requested by lt93O Quartos)
|j| RBK
|l| LT93OQ DS
|inactive|Coach Jones 6fifth has 120 seconds left.
|inactive|lt93O Quartos has 120 seconds left.
|j| Lt93oq black lotus
|
|t:|1661012212
|switch|p2a: drill fr 5 hey hey|Excadrill, F, shiny|100/100
|move|p1a: Landorus|Earthquake|p2a: drill fr 5 hey hey
|-supereffective|p2a: drill fr 5 hey hey
|-damage|p2a: drill fr 5 hey hey|0 fnt
|faint|p2a: drill fr 5 hey hey
|
|-weather|Sandstorm|[upkeep]
|upkeep
|
|t:|1661012215
|switch|p2a: grenouille prague|Urshifu-Rapid-Strike, F|32/100
|turn|25
|
|t:|1661012218
|move|p2a: grenouille prague|Ice Punch|p1a: Landorus
|-supereffective|p1a: Landorus
|-damage|p1a: Landorus|0 fnt
|faint|p1a: Landorus
|
|-weather|Sandstorm|[upkeep]
|-damage|p2a: grenouille prague|26/100|[from] Sandstorm
|upkeep
|
|t:|1661012222
|switch|p1a: Dragapult|Dragapult, F|13/100
|turn|26
|
|t:|1661012224
|move|p2a: grenouille prague|Ice Punch|p1a: Dragapult
|-supereffective|p1a: Dragapult
|-damage|p1a: Dragapult|0 fnt
|faint|p1a: Dragapult
|
|-weather|none
|upkeep
|
|t:|1661012225
|switch|p1a: Urshifu|Urshifu-Rapid-Strike, F|57/100
|turn|27
|
|t:|1661012228
|move|p1a: Urshifu|Aqua Jet|p2a: grenouille prague
|-resisted|p2a: grenouille prague
|-damage|p2a: grenouille prague|10/100
|move|p2a: grenouille prague|Ice Punch|p1a: Urshifu
|-resisted|p1a: Urshifu
|-damage|p1a: Urshifu|44/100
|
|upkeep
|turn|28
|c|☆lt93O Quartos|gg
|-message|lt93O Quartos forfeited.
|
|win|Coach Jones 6fifth
|raw|Coach Jones 6fifth's rating: 1990 &rarr; <strong>2008</strong><br />(+18 for winning)
|raw|lt93O Quartos's rating: 1959 &rarr; <strong>1941</strong><br />(-18 for losing)
|l|☆lt93O Quartos
|c|☆Coach Jones 6fifth|gg
|l|☆Coach Jones 6fifth
|l| LT93OQ Uxilon
|l| Ad.... 067 ツ
