|j|‽Tekt
|j|☆mickey m
|t:|1604651386
|player|p1|Tekt|blue|1301
|player|p2|mickey m|hilbert-dueldisk|1318
|teamsize|p1|6
|teamsize|p2|6
|gametype|singles
|gen|8
|tier|[Gen 8] OU
|rated|
|clearpoke
|poke|p1|Gengar, F|
|poke|p1|Blaziken, F|
|poke|p1|Kyurem-Black|
|poke|p1|Gyarados, M|
|poke|p1|Amoonguss, F|
|poke|p1|Landorus-Therian, M|
|poke|p2|Rillaboom, M|
|poke|p2|Moltres-Galar|
|poke|p2|Dragonite, M|
|poke|p2|Cinderace, M|
|poke|p2|Hatterene, F|
|poke|p2|Melmetal|
|rule|Sleep Clause Mod: Limit one foe put to sleep
|rule|Species Clause: Limit one of each Pokémon
|rule|OHKO Clause: OHKO moves are banned
|rule|Evasion Moves Clause: Evasion moves are banned
|rule|Endless Battle Clause: Forcing endless battles is banned
|rule|HP Percentage Mod: HP is shown in percentages
|rule|Dynamax Clause: You cannot dynamax
|teampreview
|inactive|Battle timer is ON: inactive players will automatically lose when time's up. (requested by Tekt)
|
|t:|1604651396
|start
|switch|p1a: Gengar|Gengar, F|100/100
|switch|p2a: Hatterene|Hatterene, F|100/100
|turn|1
|
|t:|1604651402
|move|p1a: Gengar|Shadow Ball|p2a: Hatterene
|-supereffective|p2a: Hatterene
|-damage|p2a: Hatterene|0 fnt
|faint|p2a: Hatterene
|
|upkeep
|
|t:|1604651409
|switch|p2a: Melmetal|Melmetal|100/100
|turn|2
|
|t:|1604651415
|move|p1a: Gengar|Shadow Ball|p2a: Melmetal
|-damage|p2a: Melmetal|55/100
|move|p2a: Melmetal|Ice Punch|p1a: Gengar
|-enditem|p1a: Gengar|Focus Sash
|-damage|p1a: Gengar|1/100
|-start|p2a: Melmetal|Disable|Ice Punch|[from] ability: Cursed Body|[of] p1a: Gengar
|
|upkeep
|turn|3
|
|t:|1604651428
|switch|p2a: Moltres|Moltres-Galar|100/100
|move|p1a: Gengar|Shadow Ball|p2a: Moltres
|-resisted|p2a: Moltres
|-damage|p2a: Moltres|82/100
|-unboost|p2a: Moltres|spd|1
|
|upkeep
|turn|4
|
|t:|1604651435
|move|p1a: Gengar|Sludge Bomb|p2a: Moltres
|-damage|p2a: Moltres|23/100
|-ability|p2a: Moltres|Berserk|boost
|-boost|p2a: Moltres|spa|1
|move|p2a: Moltres|Agility|p2a: Moltres
|-boost|p2a: Moltres|spe|2
|
|upkeep
|turn|5
|
|t:|1604651443
|move|p2a: Moltres|Fiery Wrath|p1a: Gengar
|-supereffective|p1a: Gengar
|-damage|p1a: Gengar|0 fnt
|faint|p1a: Gengar
|
|upkeep
|
|t:|1604651447
|switch|p1a: Kyurem|Kyurem-Black|100/100
|-ability|p1a: Kyurem|Teravolt
|turn|6
|
|t:|1604651451
|move|p2a: Moltres|Fiery Wrath|p1a: Kyurem
|-damage|p1a: Kyurem|44/100
|move|p1a: Kyurem|Fusion Bolt|p2a: Moltres
|-supereffective|p2a: Moltres
|-damage|p2a: Moltres|0 fnt
|faint|p2a: Moltres
|
|upkeep
|
|t:|1604651459
|switch|p2a: Dragonite|Dragonite, M|100/100
|turn|7
|
|t:|1604651465
|move|p1a: Kyurem|Dragon Dance|p1a: Kyurem
|-boost|p1a: Kyurem|atk|1
|-boost|p1a: Kyurem|spe|1
|move|p2a: Dragonite|Dragon Dance|p2a: Dragonite
|-boost|p2a: Dragonite|atk|1
|-boost|p2a: Dragonite|spe|1
|
|upkeep
|turn|8
|
|t:|1604651472
|move|p1a: Kyurem|Icicle Spear|p2a: Dragonite
|-supereffective|p2a: Dragonite
|-damage|p2a: Dragonite|0 fnt
|-hitcount|p2a: Dragonite|1
|faint|p2a: Dragonite
|
|upkeep
|c|☆mickey m|multiscale ?
|
|t:|1604651493
|switch|p2a: Cinderace|Cinderace, M|100/100
|turn|9
|
|t:|1604651497
|move|p1a: Kyurem|Dragon Claw|p2a: Cinderace
|-damage|p2a: Cinderace|0 fnt
|faint|p2a: Cinderace
|
|upkeep
|-message|mickey m forfeited.
|
|win|Tekt
|l|☆mickey m
|raw|Tekt's rating: 1301 &rarr; <strong>1322</strong><br />(+21 for winning)
|raw|mickey m's rating: 1318 &rarr; <strong>1297</strong><br />(-21 for losing)
