|j|☆TRAP BANDO
|j|‽hypervortexreturns
|t:|1664616398
|gametype|singles
|player|p1|TRAP BANDO|ltsurge-gen2|1751
|player|p2|hypervortexreturns|2|1946
|teamsize|p1|6
|teamsize|p2|6
|gen|8
|tier|[Gen 8] OU
|rated|
|rule|Sleep Clause Mod: Limit one foe put to sleep
|rule|Species Clause: Limit one of each Pokémon
|rule|OHKO Clause: OHKO moves are banned
|rule|Evasion Items Clause: Evasion items are banned
|rule|Evasion Moves Clause: Evasion moves are banned
|rule|Endless Battle Clause: Forcing endless battles is banned
|rule|HP Percentage Mod: HP is shown in percentages
|rule|Dynamax Clause: You cannot dynamax
|clearpoke
|poke|p1|Crawdaunt, M|
|poke|p1|Shuckle, M|
|poke|p1|Landorus-Therian, M|
|poke|p1|Rillaboom, F|
|poke|p1|Buzzwole|
|poke|p1|Blacephalon|
|poke|p2|Hydreigon, F|
|poke|p2|Zapdos|
|poke|p2|Tangrowth, M|
|poke|p2|Corviknight, F|
|poke|p2|Excadrill, M|
|poke|p2|Azumarill, F|
|teampreview
|inactive|Battle timer is ON: inactive players will automatically lose when time's up. (requested by hypervortexreturns)
|
|t:|1664616417
|start
|switch|p1a: Collector|Shuckle, M|100/100
|switch|p2a: Excadrill|Excadrill, M|100/100
|-ability|p2a: Excadrill|Mold Breaker
|turn|1
|
|t:|1664616425
|switch|p1a: 667|Landorus-Therian, M, shiny|100/100
|-ability|p1a: 667|Intimidate|boost
|-unboost|p2a: Excadrill|atk|1
|move|p2a: Excadrill|Iron Head|p1a: 667
|-damage|p1a: 667|68/100
|-damage|p2a: Excadrill|84/100|[from] item: Rocky Helmet|[of] p1a: 667
|
|-heal|p2a: Excadrill|90/100|[from] item: Leftovers
|upkeep
|turn|2
|
|t:|1664616451
|switch|p2a: Tangrowth|Tangrowth, M|100/100
|move|p1a: 667|Earthquake|p2a: Tangrowth
|-resisted|p2a: Tangrowth
|-damage|p2a: Tangrowth|84/100
|
|upkeep
|turn|3
|j| NDHB
|
|t:|1664616460
|switch|p1a: Collector|Shuckle, M|100/100
|move|p2a: Tangrowth|Knock Off|p1a: Collector
|-damage|p1a: Collector|86/100
|-enditem|p1a: Collector|Mental Herb|[from] move: Knock Off|[of] p2a: Tangrowth
|
|upkeep
|turn|4
|inactive|hypervortexreturns has 120 seconds left.
|
|t:|1664616484
|switch|p2a: Excadrill|Excadrill, M|90/100
|-ability|p2a: Excadrill|Mold Breaker
|move|p1a: Collector|Stealth Rock|p2a: Excadrill
|-sidestart|p2: hypervortexreturns|move: Stealth Rock
|
|-heal|p2a: Excadrill|96/100|[from] item: Leftovers
|upkeep
|turn|5
|inactive|hypervortexreturns has 120 seconds left.
|
|t:|1664616504
|switch|p1a: 667|Landorus-Therian, M, shiny|68/100
|-ability|p1a: 667|Intimidate|boost
|-unboost|p2a: Excadrill|atk|1
|move|p2a: Excadrill|Stealth Rock|p1a: 667
|-sidestart|p1: TRAP BANDO|move: Stealth Rock
|
|-heal|p2a: Excadrill|100/100|[from] item: Leftovers
|upkeep
|turn|6
|
|t:|1664616517
|switch|p2a: Tangrowth|Tangrowth, M|100/100
|-damage|p2a: Tangrowth|88/100|[from] Stealth Rock
|move|p1a: 667|Earthquake|p2a: Tangrowth
|-resisted|p2a: Tangrowth
|-damage|p2a: Tangrowth|72/100
|
|upkeep
|turn|7
|j| Ultramanball1
|l| Ultramanball1
|
|t:|1664616528
|move|p1a: 667|Defog|p2a: Tangrowth
|-unboost|p2a: Tangrowth|evasion|1
|-sideend|p2: hypervortexreturns|Stealth Rock|[from] move: Defog|[of] p1a: 667
|-sideend|p1: TRAP BANDO|Stealth Rock|[from] move: Defog|[of] p1a: 667
|move|p2a: Tangrowth|Knock Off|p1a: 667
|-damage|p1a: 667|42/100
|-damage|p2a: Tangrowth|55/100|[from] item: Rocky Helmet|[of] p1a: 667
|-enditem|p1a: 667|Rocky Helmet|[from] move: Knock Off|[of] p2a: Tangrowth
|
|upkeep
|turn|8
|j| Furkan58
|
|t:|1664616541
|switch|p1a: Collector|Shuckle, M|86/100
|switch|p2a: Corviknight|Corviknight, F|100/100
|-ability|p2a: Corviknight|Pressure
|
|upkeep
|turn|9
|
|t:|1664616557
|switch|p2a: Excadrill|Excadrill, M|100/100
|-ability|p2a: Excadrill|Mold Breaker
|move|p1a: Collector|Stealth Rock|p2a: Excadrill
|-sidestart|p2: hypervortexreturns|move: Stealth Rock
|
|upkeep
|turn|10
|
|t:|1664616565
|move|p2a: Excadrill|Stealth Rock|p1a: Collector
|-sidestart|p1: TRAP BANDO|move: Stealth Rock
|move|p1a: Collector|Encore|p2a: Excadrill
|-start|p2a: Excadrill|Encore
|
|upkeep
|turn|11
|
|t:|1664616589
|switch|p2a: Tangrowth|Tangrowth, M|89/100
|-damage|p2a: Tangrowth|76/100|[from] Stealth Rock
|switch|p1a: SMASH OR PASS|Crawdaunt, M, shiny|100/100
|-damage|p1a: SMASH OR PASS|88/100|[from] Stealth Rock
|
|upkeep
|turn|12
|
|t:|1664616605
|move|p1a: SMASH OR PASS|Knock Off|p2a: Tangrowth
|-damage|p2a: Tangrowth|20/100
|-damage|p1a: SMASH OR PASS|72/100|[from] item: Rocky Helmet|[of] p2a: Tangrowth
|-enditem|p2a: Tangrowth|Rocky Helmet|[from] move: Knock Off|[of] p1a: SMASH OR PASS
|move|p2a: Tangrowth|Power Whip|p1a: SMASH OR PASS
|-supereffective|p1a: SMASH OR PASS
|-damage|p1a: SMASH OR PASS|0 fnt
|faint|p1a: SMASH OR PASS
|
|upkeep
|
|t:|1664616616
|switch|p1a: TAKEMICHOU|Buzzwole|100/100
|turn|13
|
|t:|1664616637
|switch|p2a: Zapdos|Zapdos|100/100
|move|p1a: TAKEMICHOU|Ice Punch|p2a: Zapdos
|-supereffective|p2a: Zapdos
|-damage|p2a: Zapdos|43/100
|
|upkeep
|turn|14
|j| ISimpForLechonk
|inactive|hypervortexreturns has 90 seconds left.
|
|t:|1664616658
|move|p2a: Zapdos|Hurricane|p1a: TAKEMICHOU
|-supereffective|p1a: TAKEMICHOU
|-damage|p1a: TAKEMICHOU|0 fnt
|faint|p1a: TAKEMICHOU
|
|upkeep
|
|t:|1664616662
|switch|p1a: Huckleberry|Blacephalon|100/100
|-damage|p1a: Huckleberry|76/100|[from] Stealth Rock
|turn|15
|inactive|hypervortexreturns has 90 seconds left.
|
|t:|1664616674
|switch|p2a: Hydreigon|Hydreigon, F|100/100
|-damage|p2a: Hydreigon|88/100|[from] Stealth Rock
|move|p1a: Huckleberry|Fire Blast|p2a: Hydreigon
|-resisted|p2a: Hydreigon
|-damage|p2a: Hydreigon|59/100
|
|-heal|p2a: Hydreigon|65/100|[from] item: Leftovers
|upkeep
|turn|16
|inactive|hypervortexreturns has 90 seconds left.
|
|t:|1664616685
|switch|p1a: Collector|Shuckle, M|86/100
|-damage|p1a: Collector|61/100|[from] Stealth Rock
|move|p2a: Hydreigon|Roost|p2a: Hydreigon
|-heal|p2a: Hydreigon|100/100
|-singleturn|p2a: Hydreigon|move: Roost
|
|upkeep
|turn|17
|inactive|hypervortexreturns has 90 seconds left.
|
|t:|1664616706
|switch|p2a: Zapdos|Zapdos|43/100
|move|p1a: Collector|Infestation|p2a: Zapdos
|-resisted|p2a: Zapdos
|-damage|p2a: Zapdos|42/100
|-activate|p2a: Zapdos|move: Infestation|[of] p1a: Collector
|-status|p1a: Collector|par|[from] ability: Static|[of] p2a: Zapdos
|
|-damage|p2a: Zapdos|29/100|[from] move: Infestation|[partiallytrapped]
|upkeep
|turn|18
|j| WeirdHamster
|
|t:|1664616718
|move|p2a: Zapdos|Roost|p2a: Zapdos
|-heal|p2a: Zapdos|79/100
|-singleturn|p2a: Zapdos|move: Roost
|move|p1a: Collector|Encore|p2a: Zapdos
|-start|p2a: Zapdos|Encore
|
|-damage|p2a: Zapdos|67/100|[from] move: Infestation|[partiallytrapped]
|upkeep
|turn|19
|
|t:|1664616728
|switch|p1a: JOZII TARPEZ|Rillaboom, F, shiny|100/100
|-damage|p1a: JOZII TARPEZ|88/100|[from] Stealth Rock
|-fieldstart|move: Grassy Terrain|[from] ability: Grassy Surge|[of] p1a: JOZII TARPEZ
|move|p2a: Zapdos|Roost|p2a: Zapdos
|-heal|p2a: Zapdos|100/100
|-singleturn|p2a: Zapdos|move: Roost
|
|-heal|p1a: JOZII TARPEZ|94/100|[from] Grassy Terrain
|-end|p2a: Zapdos|Infestation|[partiallytrapped]|[silent]
|upkeep
|turn|20
|inactive|hypervortexreturns has 90 seconds left.
|
|t:|1664616751
|switch|p2a: Corviknight|Corviknight, F|100/100
|-damage|p2a: Corviknight|88/100|[from] Stealth Rock
|-ability|p2a: Corviknight|Pressure
|move|p1a: JOZII TARPEZ|Swords Dance|p1a: JOZII TARPEZ
|-boost|p1a: JOZII TARPEZ|atk|2
|
|-heal|p1a: JOZII TARPEZ|100/100|[from] Grassy Terrain
|-heal|p2a: Corviknight|94/100|[from] item: Leftovers
|upkeep
|turn|21
|
|t:|1664616763
|move|p1a: JOZII TARPEZ|Superpower|p2a: Corviknight
|-damage|p2a: Corviknight|9/100
|-unboost|p1a: JOZII TARPEZ|atk|1
|-unboost|p1a: JOZII TARPEZ|def|1
|-damage|p1a: JOZII TARPEZ|91/100|[from] item: Life Orb
|move|p2a: Corviknight|Brave Bird|p1a: JOZII TARPEZ
|-supereffective|p1a: JOZII TARPEZ
|-damage|p1a: JOZII TARPEZ|0 fnt
|faint|p1a: JOZII TARPEZ
|-damage|p2a: Corviknight|0 fnt|[from] Recoil
|faint|p2a: Corviknight
|
|upkeep
|
|t:|1664616785
|switch|p1a: 667|Landorus-Therian, M, shiny|42/100
|switch|p2a: Tangrowth|Tangrowth, M|53/100
|-damage|p1a: 667|30/100|[from] Stealth Rock
|-ability|p1a: 667|Intimidate|boost
|-unboost|p2a: Tangrowth|atk|1
|-damage|p2a: Tangrowth|41/100|[from] Stealth Rock
|turn|22
|
|t:|1664616794
|move|p1a: 667|U-turn|p2a: Tangrowth
|-supereffective|p2a: Tangrowth
|-damage|p2a: Tangrowth|14/100
|
|t:|1664616799
|switch|p1a: Collector|Shuckle, M|61/100 par|[from]move: U-turn
|-damage|p1a: Collector|36/100 par|[from] Stealth Rock
|move|p2a: Tangrowth|Power Whip|p1a: Collector
|-damage|p1a: Collector|10/100 par
|
|-heal|p2a: Tangrowth|20/100|[from] Grassy Terrain
|-heal|p1a: Collector|17/100 par|[from] Grassy Terrain
|upkeep
|turn|23
|
|t:|1664616818
|move|p2a: Tangrowth|Power Whip|p1a: Collector
|-damage|p1a: Collector|0 fnt
|faint|p1a: Collector
|
|-heal|p2a: Tangrowth|26/100|[from] Grassy Terrain
|-fieldend|move: Grassy Terrain
|upkeep
|
|t:|1664616829
|switch|p1a: Huckleberry|Blacephalon|76/100
|-damage|p1a: Huckleberry|51/100|[from] Stealth Rock
|turn|24
|
|t:|1664616834
|move|p1a: Huckleberry|Shadow Ball|p2a: Tangrowth
|-damage|p2a: Tangrowth|0 fnt
|faint|p2a: Tangrowth
|-ability|p1a: Huckleberry|Beast Boost|boost
|-boost|p1a: Huckleberry|spa|1
|
|upkeep
|
|t:|1664616841
|switch|p2a: Azumarill|Azumarill, F|100/100
|-damage|p2a: Azumarill|88/100|[from] Stealth Rock
|turn|25
|
|t:|1664616848
|move|p2a: Azumarill|Aqua Jet|p1a: Huckleberry
|-supereffective|p1a: Huckleberry
|-damage|p1a: Huckleberry|0 fnt
|faint|p1a: Huckleberry
|
|upkeep
|-message|TRAP BANDO forfeited.
|
|win|hypervortexreturns
|raw|TRAP BANDO's rating: 1751 &rarr; <strong>1741</strong><br />(-10 for losing)
|raw|hypervortexreturns's rating: 1946 &rarr; <strong>1956</strong><br />(+10 for winning)
|l|☆TRAP BANDO
|l| ISimpForLechonk
|l|‽hypervortexreturns
