|j|☆Madr1d1sta
|j|☆Gurtrant
|t:|1613411241
|player|p1|Madr1d1sta|101|1354
|player|p2|Gurtrant|238|1364
|teamsize|p1|6
|teamsize|p2|6
|gametype|singles
|gen|8
|tier|[Gen 8] OU
|rated|
|clearpoke
|poke|p1|Buzzwole|
|poke|p1|Garchomp, M|
|poke|p1|Magearna-Original|
|poke|p1|Slowking-Galar, F|
|poke|p1|Tyranitar, M|
|poke|p1|Victini|
|poke|p2|Ferrothorn, F|
|poke|p2|Tyranitar, F|
|poke|p2|Excadrill, M|
|poke|p2|Gyarados, M|
|poke|p2|Tapu Lele|
|poke|p2|Blaziken, M|
|rule|Sleep Clause Mod: Limit one foe put to sleep
|rule|Species Clause: Limit one of each Pokémon
|rule|OHKO Clause: OHKO moves are banned
|rule|Evasion Moves Clause: Evasion moves are banned
|rule|Endless Battle Clause: Forcing endless battles is banned
|rule|HP Percentage Mod: HP is shown in percentages
|rule|Dynamax Clause: You cannot dynamax
|teampreview
|inactive|Battle timer is ON: inactive players will automatically lose when time's up. (requested by Gurtrant)
|
|t:|1613411257
|start
|switch|p1a: Garchomp|Garchomp, M|100/100
|switch|p2a: Tapu Lele|Tapu Lele|100/100
|-fieldstart|move: Psychic Terrain|[from] ability: Psychic Surge|[of] p2a: Tapu Lele
|turn|1
|
|t:|1613411265
|move|p1a: Garchomp|Earthquake|p2a: Tapu Lele
|-damage|p2a: Tapu Lele|24/100
|move|p2a: Tapu Lele|Moonblast|p1a: Garchomp
|-supereffective|p1a: Garchomp
|-damage|p1a: Garchomp|0 fnt
|faint|p1a: Garchomp
|
|upkeep
|
|t:|1613411272
|switch|p1a: Magearna|Magearna-Original|100/100
|turn|2
|
|t:|1613411286
|switch|p2a: Blaziken|Blaziken, M|100/100
|move|p1a: Magearna|Aura Sphere|p2a: Blaziken
|-damage|p2a: Blaziken|67/100
|
|upkeep
|turn|3
|
|t:|1613411297
|move|p2a: Blaziken|Flare Blitz|p1a: Magearna
|-supereffective|p1a: Magearna
|-damage|p1a: Magearna|0 fnt
|-damage|p2a: Blaziken|32/100|[from] Recoil
|faint|p1a: Magearna
|
|-ability|p2a: Blaziken|Speed Boost|boost
|-boost|p2a: Blaziken|spe|1
|upkeep
|
|t:|1613411305
|switch|p1a: Tyranitar|Tyranitar, M|100/100
|-weather|Sandstorm|[from] ability: Sand Stream|[of] p1a: Tyranitar
|turn|4
|
|t:|1613411309
|switch|p1a: Buzzwole|Buzzwole|100/100
|move|p2a: Blaziken|Close Combat|p1a: Buzzwole
|-resisted|p1a: Buzzwole
|-damage|p1a: Buzzwole|84/100
|-unboost|p2a: Blaziken|def|1
|-unboost|p2a: Blaziken|spd|1
|-damage|p2a: Blaziken|15/100|[from] item: Rocky Helmet|[of] p1a: Buzzwole
|
|-weather|Sandstorm|[upkeep]
|-damage|p2a: Blaziken|9/100|[from] Sandstorm
|-damage|p1a: Buzzwole|78/100|[from] Sandstorm
|-ability|p2a: Blaziken|Speed Boost|boost
|-boost|p2a: Blaziken|spe|1
|upkeep
|turn|5
|
|t:|1613411323
|switch|p1a: Tyranitar|Tyranitar, M|100/100
|move|p2a: Blaziken|Flare Blitz|p1a: Tyranitar
|-resisted|p1a: Tyranitar
|-damage|p1a: Tyranitar|76/100
|-damage|p2a: Blaziken|0 fnt|[from] Recoil
|faint|p2a: Blaziken
|
|-weather|Sandstorm|[upkeep]
|-heal|p1a: Tyranitar|82/100|[from] item: Leftovers
|-fieldend|move: Psychic Terrain
|upkeep
|
|t:|1613411328
|switch|p2a: Excadrill|Excadrill, M|100/100
|turn|6
|
|t:|1613411336
|switch|p1a: Buzzwole|Buzzwole|78/100
|move|p2a: Excadrill|Earthquake|p1a: Buzzwole
|-resisted|p1a: Buzzwole
|-damage|p1a: Buzzwole|59/100
|-damage|p2a: Excadrill|91/100|[from] item: Life Orb
|
|-weather|Sandstorm|[upkeep]
|-damage|p1a: Buzzwole|53/100|[from] Sandstorm
|upkeep
|turn|7
|
|t:|1613411344
|move|p2a: Excadrill|Rock Slide|p1a: Buzzwole
|-damage|p1a: Buzzwole|32/100
|-damage|p2a: Excadrill|81/100|[from] item: Life Orb
|move|p1a: Buzzwole|Roost|p1a: Buzzwole
|-heal|p1a: Buzzwole|82/100
|-singleturn|p1a: Buzzwole|move: Roost
|
|-weather|Sandstorm|[upkeep]
|-damage|p1a: Buzzwole|76/100|[from] Sandstorm
|upkeep
|turn|8
|
|t:|1613411353
|switch|p2a: Tapu Lele|Tapu Lele|24/100
|-fieldstart|move: Psychic Terrain|[from] ability: Psychic Surge|[of] p2a: Tapu Lele
|move|p1a: Buzzwole|Drain Punch|p2a: Tapu Lele
|-resisted|p2a: Tapu Lele
|-damage|p2a: Tapu Lele|12/100
|-heal|p1a: Buzzwole|80/100|[from] drain|[of] p2a: Tapu Lele
|
|-weather|none
|upkeep
|turn|9
|
|t:|1613411364
|switch|p1a: Tyranitar|Tyranitar, M|82/100
|-weather|Sandstorm|[from] ability: Sand Stream|[of] p1a: Tyranitar
|move|p2a: Tapu Lele|Moonblast|p1a: Tyranitar
|-supereffective|p1a: Tyranitar
|-damage|p1a: Tyranitar|29/100
|
|-weather|Sandstorm|[upkeep]
|-damage|p2a: Tapu Lele|5/100|[from] Sandstorm
|-heal|p1a: Tyranitar|35/100|[from] item: Leftovers
|upkeep
|turn|10
|
|t:|1613411374
|move|p2a: Tapu Lele|Moonblast|p1a: Tyranitar
|-supereffective|p1a: Tyranitar
|-damage|p1a: Tyranitar|0 fnt
|faint|p1a: Tyranitar
|
|-weather|Sandstorm|[upkeep]
|-damage|p2a: Tapu Lele|0 fnt|[from] Sandstorm
|faint|p2a: Tapu Lele
|upkeep
|
|t:|1613411383
|switch|p2a: Gyarados|Gyarados, M|100/100
|switch|p1a: Buzzwole|Buzzwole|80/100
|turn|11
|
|t:|1613411389
|move|p2a: Gyarados|Dragon Dance|p2a: Gyarados
|-boost|p2a: Gyarados|atk|1
|-boost|p2a: Gyarados|spe|1
|move|p1a: Buzzwole|Toxic|p2a: Gyarados
|-status|p2a: Gyarados|tox
|
|-weather|Sandstorm|[upkeep]
|-damage|p2a: Gyarados|94/100 tox|[from] Sandstorm
|-damage|p1a: Buzzwole|74/100|[from] Sandstorm
|-heal|p2a: Gyarados|100/100 tox|[from] item: Leftovers
|-damage|p2a: Gyarados|94/100 tox|[from] psn
|upkeep
|turn|12
|
|t:|1613411400
|move|p2a: Gyarados|Dragon Dance|p2a: Gyarados
|-boost|p2a: Gyarados|atk|1
|-boost|p2a: Gyarados|spe|1
|move|p1a: Buzzwole|Drain Punch|p2a: Gyarados
|-resisted|p2a: Gyarados
|-damage|p2a: Gyarados|72/100 tox
|-heal|p1a: Buzzwole|83/100|[from] drain|[of] p2a: Gyarados
|
|-weather|Sandstorm|[upkeep]
|-damage|p2a: Gyarados|66/100 tox|[from] Sandstorm
|-damage|p1a: Buzzwole|77/100|[from] Sandstorm
|-heal|p2a: Gyarados|72/100 tox|[from] item: Leftovers
|-damage|p2a: Gyarados|60/100 tox|[from] psn
|-fieldend|move: Psychic Terrain
|upkeep
|turn|13
|
|t:|1613411428
|move|p2a: Gyarados|Bounce||[still]
|-prepare|p2a: Gyarados|Bounce
|move|p1a: Buzzwole|Roost|p1a: Buzzwole
|-heal|p1a: Buzzwole|100/100
|-singleturn|p1a: Buzzwole|move: Roost
|
|-weather|none
|-heal|p2a: Gyarados|66/100 tox|[from] item: Leftovers
|-damage|p2a: Gyarados|48/100 tox|[from] psn
|upkeep
|turn|14
|
|t:|1613411436
|switch|p1a: Slowking|Slowking-Galar, F|100/100
|move|p2a: Gyarados|Bounce|p1a: Slowking|[from]lockedmove
|-damage|p1a: Slowking|15/100
|
|-heal|p2a: Gyarados|54/100 tox|[from] item: Leftovers
|-damage|p2a: Gyarados|30/100 tox|[from] psn
|upkeep
|turn|15
|
|t:|1613411444
|switch|p1a: Buzzwole|Buzzwole|100/100
|move|p2a: Gyarados|Waterfall|p1a: Buzzwole
|-damage|p1a: Buzzwole|58/100
|-damage|p2a: Gyarados|13/100 tox|[from] item: Rocky Helmet|[of] p1a: Buzzwole
|
|-heal|p2a: Gyarados|19/100 tox|[from] item: Leftovers
|-damage|p2a: Gyarados|0 fnt|[from] psn
|faint|p2a: Gyarados
|upkeep
|
|t:|1613411451
|switch|p2a: Tyranitar|Tyranitar, F|100/100
|-weather|Sandstorm|[from] ability: Sand Stream|[of] p2a: Tyranitar
|turn|16
|
|t:|1613411457
|move|p1a: Buzzwole|Drain Punch|p2a: Tyranitar
|-supereffective|p2a: Tyranitar
|-damage|p2a: Tyranitar|0 fnt
|-heal|p1a: Buzzwole|100/100|[from] drain|[of] p2a: Tyranitar
|faint|p2a: Tyranitar
|-ability|p1a: Buzzwole|Beast Boost|boost
|-boost|p1a: Buzzwole|def|1
|
|-weather|Sandstorm|[upkeep]
|-damage|p1a: Buzzwole|94/100|[from] Sandstorm
|upkeep
|-message|Gurtrant forfeited.
|
|win|Madr1d1sta
|l|☆Gurtrant
||Ladder (probably) updated, but score could not be retrieved (Request timeout).
