|raw|<div class="broadcast-blue"><strong>This battle is required to be public due to a player having a name starting with 'lt81yl'.</div>
|j|☆lt81yl crying
|j|☆BestixL ☾
|t:|1625278487
|gametype|singles
|player|p1|lt81yl crying|lass-gen4dp|1777
|player|p2|BestixL ☾|aromalady-gen3|1887
|teamsize|p1|6
|teamsize|p2|6
|gen|8
|tier|[Gen 8] OU
|rated|
|rule|Sleep Clause Mod: Limit one foe put to sleep
|rule|Species Clause: Limit one of each Pokémon
|rule|OHKO Clause: OHKO moves are banned
|rule|Evasion Moves Clause: Evasion moves are banned
|rule|Endless Battle Clause: Forcing endless battles is banned
|rule|HP Percentage Mod: HP is shown in percentages
|rule|Dynamax Clause: You cannot dynamax
|clearpoke
|poke|p1|Kartana|
|poke|p1|Cloyster, M|
|poke|p1|Dragonite, M|
|poke|p1|Shuckle, M|
|poke|p1|Diggersby, M|
|poke|p1|Volcarona, M|
|poke|p2|Slowking-Galar, M|
|poke|p2|Weavile, F|
|poke|p2|Landorus-Therian, M|
|poke|p2|Toxapex, M|
|poke|p2|Tapu Fini|
|poke|p2|Corviknight, M|
|teampreview
|inactive|Battle timer is ON: inactive players will automatically lose when time's up. (requested by lt81yl crying)
|j| Seucra
|
|t:|1625278503
|start
|switch|p1a: Shuckle|Shuckle, M|100/100
|switch|p2a: no space|Landorus-Therian, M|100/100
|-ability|p2a: no space|Intimidate|boost
|-unboost|p1a: Shuckle|atk|1
|turn|1
|l| Seucra
|
|t:|1625278506
|move|p2a: no space|Stealth Rock|p1a: Shuckle
|-sidestart|p1: lt81yl crying|move: Stealth Rock
|move|p1a: Shuckle|Sticky Web|p2a: no space
|-sidestart|p2: BestixL ☾|move: Sticky Web
|
|upkeep
|turn|2
|
|t:|1625278510
|move|p2a: no space|Earthquake|p1a: Shuckle
|-damage|p1a: Shuckle|68/100
|move|p1a: Shuckle|Stealth Rock|p2a: no space
|-sidestart|p2: BestixL ☾|move: Stealth Rock
|
|upkeep
|turn|3
|
|t:|1625278513
|move|p2a: no space|Earthquake|p1a: Shuckle
|-damage|p1a: Shuckle|41/100
|move|p1a: Shuckle|Final Gambit|p2a: no space
|-damage|p2a: no space|75/100
|faint|p1a: Shuckle
|
|-heal|p2a: no space|81/100|[from] item: Leftovers
|upkeep
|
|t:|1625278521
|switch|p1a: Cloyster|Cloyster, M|100/100
|-damage|p1a: Cloyster|76/100|[from] Stealth Rock
|turn|4
|
|t:|1625278523
|move|p1a: Cloyster|Shell Smash|p1a: Cloyster
|-unboost|p1a: Cloyster|def|1
|-unboost|p1a: Cloyster|spd|1
|-boost|p1a: Cloyster|atk|2
|-boost|p1a: Cloyster|spa|2
|-boost|p1a: Cloyster|spe|2
|move|p2a: no space|Earthquake|p1a: Cloyster
|-damage|p1a: Cloyster|13/100
|
|-heal|p2a: no space|87/100|[from] item: Leftovers
|upkeep
|turn|5
|inactive|BestixL ☾ has 120 seconds left.
|
|t:|1625278572
|switch|p2a: just friends|Toxapex, M|100/100
|-damage|p2a: just friends|88/100|[from] Stealth Rock
|-activate|p2a: just friends|move: Sticky Web
|-unboost|p2a: just friends|spe|1
|move|p1a: Cloyster|Icicle Spear|p2a: just friends
|-resisted|p2a: just friends
|-damage|p2a: just friends|79/100
|-resisted|p2a: just friends
|-damage|p2a: just friends|70/100
|-resisted|p2a: just friends
|-damage|p2a: just friends|61/100
|-resisted|p2a: just friends
|-damage|p2a: just friends|51/100
|-resisted|p2a: just friends
|-damage|p2a: just friends|41/100
|-hitcount|p2a: just friends|5
|
|upkeep
|turn|6
|
|t:|1625278585
|switch|p2a: no space|Landorus-Therian, M|87/100
|-damage|p2a: no space|75/100|[from] Stealth Rock
|-ability|p2a: no space|Intimidate|boost
|-unboost|p1a: Cloyster|atk|1
|move|p1a: Cloyster|Icicle Spear|p2a: no space
|-supereffective|p2a: no space
|-damage|p2a: no space|12/100
|-supereffective|p2a: no space
|-damage|p2a: no space|0 fnt
|faint|p2a: no space
|-hitcount|p2: no space|2
|
|upkeep
|
|t:|1625278589
|switch|p2a: Itsuki|Tapu Fini|100/100
|-activate|p2a: Itsuki|move: Sticky Web
|-unboost|p2a: Itsuki|spe|1
|-damage|p2a: Itsuki|88/100|[from] Stealth Rock
|-fieldstart|move: Misty Terrain|[from] ability: Misty Surge|[of] p2a: Itsuki
|turn|7
|
|t:|1625278592
|move|p1a: Cloyster|Rock Blast|p2a: Itsuki|[miss]
|-miss|p1a: Cloyster|p2a: Itsuki
|move|p2a: Itsuki|Draining Kiss|p1a: Cloyster
|-damage|p1a: Cloyster|0 fnt
|-heal|p2a: Itsuki|95/100|[from] drain|[of] p1a: Cloyster
|faint|p1a: Cloyster
|
|-heal|p2a: Itsuki|100/100|[from] item: Leftovers
|upkeep
|
|t:|1625278603
|switch|p1a: Kartana|Kartana|100/100
|-damage|p1a: Kartana|94/100|[from] Stealth Rock
|turn|8
|
|t:|1625278607
|switch|p2a: the reaper|Corviknight, M|100/100
|-damage|p2a: the reaper|88/100|[from] Stealth Rock
|-ability|p2a: the reaper|Pressure
|move|p1a: Kartana|Swords Dance|p1a: Kartana
|-boost|p1a: Kartana|atk|2
|
|-heal|p2a: the reaper|94/100|[from] item: Leftovers
|upkeep
|turn|9
|
|t:|1625278609
|move|p1a: Kartana|Knock Off|p2a: the reaper
|-damage|p2a: the reaper|27/100
|-enditem|p2a: the reaper|Leftovers|[from] move: Knock Off|[of] p1a: Kartana
|-damage|p1a: Kartana|84/100|[from] item: Life Orb
|move|p2a: the reaper|Body Press|p1a: Kartana
|-supereffective|p1a: Kartana
|-damage|p1a: Kartana|33/100
|
|upkeep
|turn|10
|
|t:|1625278613
|move|p1a: Kartana|Sacred Sword|p2a: the reaper
|-damage|p2a: the reaper|0 fnt
|faint|p2a: the reaper
|-ability|p1a: Kartana|Beast Boost|boost
|-boost|p1a: Kartana|atk|1
|-damage|p1a: Kartana|23/100|[from] item: Life Orb
|
|upkeep
|
|t:|1625278616
|switch|p2a: Yotsuba|Weavile, F|100/100
|-ability|p2a: Yotsuba|Pressure
|turn|11
|
|t:|1625278621
|move|p2a: Yotsuba|Knock Off|p1a: Kartana
|-damage|p1a: Kartana|0 fnt
|-enditem|p1a: Kartana|Life Orb|[from] move: Knock Off|[of] p2a: Yotsuba
|faint|p1a: Kartana
|
|-fieldend|Misty Terrain
|upkeep
|
|t:|1625278625
|switch|p1a: Volcarona|Volcarona, M|100/100
|turn|12
|j| shaggingyourmother
|c|☆BestixL ☾|hm
|inactive|BestixL ☾ has 120 seconds left.
|c|☆BestixL ☾|modest giga psychic fire blast
|c|☆BestixL ☾|rip
|
|t:|1625278682
|move|p2a: Yotsuba|Knock Off|p1a: Volcarona
|-damage|p1a: Volcarona|20/100
|-enditem|p1a: Volcarona|Heavy-Duty Boots|[from] move: Knock Off|[of] p2a: Yotsuba
|move|p1a: Volcarona|Quiver Dance|p1a: Volcarona
|-boost|p1a: Volcarona|spa|1
|-boost|p1a: Volcarona|spd|1
|-boost|p1a: Volcarona|spe|1
|
|upkeep
|turn|13
|
|t:|1625278686
|switch|p2a: just friends|Toxapex, M|74/100
|-activate|p2a: just friends|move: Sticky Web
|-unboost|p2a: just friends|spe|1
|-damage|p2a: just friends|62/100|[from] Stealth Rock
|move|p1a: Volcarona|Flamethrower|p2a: just friends
|-resisted|p2a: just friends
|-damage|p2a: just friends|38/100
|
|upkeep
|turn|14
|
|t:|1625278689
|move|p1a: Volcarona|Psychic|p2a: just friends
|-supereffective|p2a: just friends
|-damage|p2a: just friends|0 fnt
|faint|p2a: just friends
|
|upkeep
|
|t:|1625278692
|switch|p2a: 2 soon|Slowking-Galar, M|100/100
|-damage|p2a: 2 soon|88/100|[from] Stealth Rock
|-activate|p2a: 2 soon|move: Sticky Web
|-unboost|p2a: 2 soon|spe|1
|turn|15
|
|t:|1625278695
|move|p1a: Volcarona|Flamethrower|p2a: 2 soon
|-damage|p2a: 2 soon|56/100
|move|p2a: 2 soon|Sludge Bomb|p1a: Volcarona
|-damage|p1a: Volcarona|0 fnt
|faint|p1a: Volcarona
|
|upkeep
|c|☆BestixL ☾|saved
|
|t:|1625278708
|switch|p1a: Dragonite|Dragonite, M|100/100
|turn|16
|
|t:|1625278712
|move|p1a: Dragonite|Earthquake|p2a: 2 soon
|-supereffective|p2a: 2 soon
|-damage|p2a: 2 soon|0 fnt
|faint|p2a: 2 soon
|
|upkeep
|
|t:|1625278714
|switch|p2a: Yotsuba|Weavile, F|100/100
|-ability|p2a: Yotsuba|Pressure
|turn|17
|
|t:|1625278716
|move|p2a: Yotsuba|Triple Axel|p1a: Dragonite
|-supereffective|p1a: Dragonite
|-damage|p1a: Dragonite|79/100
|-supereffective|p1a: Dragonite
|-damage|p1a: Dragonite|0 fnt
|faint|p1a: Dragonite
|-hitcount|p1: Dragonite|2
|
|upkeep
|
|t:|1625278719
|switch|p1a: Diggersby|Diggersby, M|100/100
|-damage|p1a: Diggersby|94/100|[from] Stealth Rock
|turn|18
|
|t:|1625278724
|move|p2a: Yotsuba|Ice Shard|p1a: Diggersby
|-supereffective|p1a: Diggersby
|-damage|p1a: Diggersby|38/100
|move|p1a: Diggersby|Swords Dance|p1a: Diggersby
|-boost|p1a: Diggersby|atk|2
|
|upkeep
|turn|19
|
|t:|1625278726
|move|p2a: Yotsuba|Ice Shard|p1a: Diggersby
|-supereffective|p1a: Diggersby
|-damage|p1a: Diggersby|0 fnt
|faint|p1a: Diggersby
|
|win|BestixL ☾
|raw|lt81yl crying's rating: 1777 &rarr; <strong>1763</strong><br />(-14 for losing)
|raw|BestixL ☾'s rating: 1887 &rarr; <strong>1901</strong><br />(+14 for winning)
|c|☆BestixL ☾|gg
|l|☆lt81yl crying
|j| LT81YL JHONX
|l| LT81YL JHONX
