|raw|<div class="broadcast-blue"><strong>This battle is required to be public due to a player having a name starting with 'lt92pf'.</div>
|j|☆LT92PF Lio
|j|☆It's Frank
|t:|1660233025
|gametype|singles
|player|p1|LT92PF Lio|101|1777
|player|p2|It's Frank|266|1747
|teamsize|p1|6
|teamsize|p2|6
|gen|8
|tier|[Gen 8] OU
|rated|
|rule|Sleep Clause Mod: Limit one foe put to sleep
|rule|Species Clause: Limit one of each Pokémon
|rule|OHKO Clause: OHKO moves are banned
|rule|Evasion Items Clause: Evasion items are banned
|rule|Evasion Moves Clause: Evasion moves are banned
|rule|Endless Battle Clause: Forcing endless battles is banned
|rule|HP Percentage Mod: HP is shown in percentages
|rule|Dynamax Clause: You cannot dynamax
|clearpoke
|poke|p1|Kartana|
|poke|p1|Magnezone|
|poke|p1|Corviknight, M|
|poke|p1|Dragapult, F|
|poke|p1|Hippowdon, F|
|poke|p1|Tapu Fini|
|poke|p2|Ribombee, M|
|poke|p2|Kommo-o, F|
|poke|p2|Blacephalon|
|poke|p2|Kartana|
|poke|p2|Nihilego|
|poke|p2|Crawdaunt, F|
|teampreview
|
|t:|1660233041
|start
|switch|p1a: Corviknight|Corviknight, M|100/100
|switch|p2a: Ribombee|Ribombee, M|100/100
|-ability|p1a: Corviknight|Pressure
|turn|1
|
|t:|1660233043
|move|p2a: Ribombee|Sticky Web|p1a: Corviknight
|-sidestart|p1: LT92PF Lio|move: Sticky Web
|move|p1a: Corviknight|U-turn|p2a: Ribombee
|-resisted|p2a: Ribombee
|-damage|p2a: Ribombee|85/100
|
|t:|1660233050
|switch|p1a: Magnezone|Magnezone|100/100|[from]move: U-turn
|-activate|p1a: Magnezone|move: Sticky Web
|-unboost|p1a: Magnezone|spe|1
|
|upkeep
|turn|2
|j| geiler arsch
|
|t:|1660233059
|move|p2a: Ribombee|Moonblast|p1a: Magnezone
|-resisted|p1a: Magnezone
|-damage|p1a: Magnezone|80/100
|-unboost|p1a: Magnezone|spa|1
|move|p1a: Magnezone|Substitute|p1a: Magnezone
|-start|p1a: Magnezone|Substitute
|-damage|p1a: Magnezone|55/100
|
|-heal|p1a: Magnezone|61/100|[from] item: Leftovers
|upkeep
|turn|3
|
|t:|1660233064
|move|p2a: Ribombee|Moonblast|p1a: Magnezone
|-resisted|p1a: Magnezone
|-activate|p1a: Magnezone|move: Substitute|[damage]
|move|p1a: Magnezone|Discharge|p2a: Ribombee
|-damage|p2a: Ribombee|42/100
|
|-heal|p1a: Magnezone|67/100|[from] item: Leftovers
|upkeep
|turn|4
|
|t:|1660233068
|move|p2a: Ribombee|Moonblast|p1a: Magnezone
|-resisted|p1a: Magnezone
|-end|p1a: Magnezone|Substitute
|move|p1a: Magnezone|Discharge|p2a: Ribombee
|-damage|p2a: Ribombee|4/100
|
|-heal|p1a: Magnezone|73/100|[from] item: Leftovers
|upkeep
|turn|5
|j| chokst du
|
|t:|1660233073
|move|p2a: Ribombee|Moonblast|p1a: Magnezone
|-resisted|p1a: Magnezone
|-damage|p1a: Magnezone|51/100
|move|p1a: Magnezone|Discharge|p2a: Ribombee
|-damage|p2a: Ribombee|0 fnt
|faint|p2a: Ribombee
|
|-heal|p1a: Magnezone|57/100|[from] item: Leftovers
|upkeep
|
|t:|1660233084
|switch|p2a: Kommo-o|Kommo-o, F|100/100
|turn|6
|
|t:|1660233115
|switch|p1a: Dragapult|Dragapult, F|100/100
|-activate|p1a: Dragapult|move: Sticky Web
|-unboost|p1a: Dragapult|spe|1
|move|p2a: Kommo-o|Close Combat|p1a: Dragapult
|-immune|p1a: Dragapult
|
|upkeep
|turn|7
|
|t:|1660233121
|switch|p1a: Tapu Fini|Tapu Fini|100/100
|-activate|p1a: Tapu Fini|move: Sticky Web
|-unboost|p1a: Tapu Fini|spe|1
|-fieldstart|move: Misty Terrain|[from] ability: Misty Surge|[of] p1a: Tapu Fini
|move|p2a: Kommo-o|Clanging Scales|p1a: Tapu Fini
|-immune|p1a: Tapu Fini
|
|upkeep
|turn|8
|
|t:|1660233129
|switch|p2a: Blacephalon|Blacephalon|100/100
|move|p1a: Tapu Fini|Draining Kiss|p2a: Blacephalon
|-resisted|p2a: Blacephalon
|-damage|p2a: Blacephalon|87/100
|
|upkeep
|turn|9
|
|t:|1660233133
|move|p2a: Blacephalon|Trick|p1a: Tapu Fini
|-activate|p2a: Blacephalon|move: Trick|[of] p1a: Tapu Fini
|-item|p1a: Tapu Fini|Choice Scarf|[from] move: Trick
|-item|p2a: Blacephalon|Leftovers|[from] move: Trick
|move|p1a: Tapu Fini|Scald|p2a: Blacephalon
|-supereffective|p2a: Blacephalon
|-damage|p2a: Blacephalon|4/100
|
|-heal|p2a: Blacephalon|10/100|[from] item: Leftovers
|upkeep
|turn|10
|
|t:|1660233140
|move|p2a: Blacephalon|Shadow Ball|p1a: Tapu Fini
|-damage|p1a: Tapu Fini|60/100
|move|p1a: Tapu Fini|Scald|p2a: Blacephalon
|-supereffective|p2a: Blacephalon
|-damage|p2a: Blacephalon|0 fnt
|faint|p2a: Blacephalon
|
|upkeep
|
|t:|1660233152
|switch|p2a: Nihilego|Nihilego|100/100
|turn|11
|j| yaszou
|
|t:|1660233163
|switch|p1a: Corviknight|Corviknight, M|100/100
|-ability|p1a: Corviknight|Pressure
|move|p2a: Nihilego|Meteor Beam||[still]
|-prepare|p2a: Nihilego|Meteor Beam
|-boost|p2a: Nihilego|spa|1
|-enditem|p2a: Nihilego|Power Herb
|-anim|p2a: Nihilego|Meteor Beam|p1a: Corviknight
|-damage|p1a: Corviknight|19/100
|
|-heal|p1a: Corviknight|26/100|[from] item: Leftovers
|-fieldend|Misty Terrain
|upkeep
|turn|12
|
|t:|1660233180
|switch|p1a: Hippowdon|Hippowdon, F|100/100
|-activate|p1a: Hippowdon|move: Sticky Web
|-unboost|p1a: Hippowdon|spe|1
|-weather|Sandstorm|[from] ability: Sand Stream|[of] p1a: Hippowdon
|move|p2a: Nihilego|Meteor Beam||[still]
|-prepare|p2a: Nihilego|Meteor Beam
|-boost|p2a: Nihilego|spa|1
|
|-weather|Sandstorm|[upkeep]
|upkeep
|turn|13
|
|t:|1660233185
|move|p2a: Nihilego|Meteor Beam|p1a: Hippowdon|[from]lockedmove
|-resisted|p1a: Hippowdon
|-damage|p1a: Hippowdon|56/100
|move|p1a: Hippowdon|Earthquake|p2a: Nihilego
|-supereffective|p2a: Nihilego
|-damage|p2a: Nihilego|0 fnt
|faint|p2a: Nihilego
|
|-weather|Sandstorm|[upkeep]
|-heal|p1a: Hippowdon|62/100|[from] item: Leftovers
|upkeep
|c| yaszou|können wir im raum deutsche eine umfrage machen ob gurken auf burger gehören
|c| yaszou|peng peng tot
|
|t:|1660233216
|switch|p2a: Kartana|Kartana|100/100
|turn|14
|
|t:|1660233218
|move|p2a: Kartana|Swords Dance|p2a: Kartana
|-boost|p2a: Kartana|atk|2
|move|p1a: Hippowdon|Earthquake|p2a: Kartana
|-damage|p2a: Kartana|70/100
|
|-weather|Sandstorm|[upkeep]
|-heal|p1a: Hippowdon|69/100|[from] item: Leftovers
|upkeep
|turn|15
|c| geiler arsch|ne gehören sie nicht
|c| yaszou|frank u r bad gg ez win
|
|t:|1660233235
|move|p2a: Kartana|Leaf Blade|p1a: Hippowdon
|-supereffective|p1a: Hippowdon
|-damage|p1a: Hippowdon|0 fnt
|faint|p1a: Hippowdon
|-ability|p2a: Kartana|Beast Boost|boost
|-boost|p2a: Kartana|spe|1
|
|-weather|Sandstorm|[upkeep]
|upkeep
|
|t:|1660233240
|switch|p1a: Kartana|Kartana|100/100
|-activate|p1a: Kartana|move: Sticky Web
|-unboost|p1a: Kartana|spe|1
|turn|16
|
|t:|1660233243
|move|p2a: Kartana|Sacred Sword|p1a: Kartana
|-supereffective|p1a: Kartana
|-damage|p1a: Kartana|0 fnt
|faint|p1a: Kartana
|-ability|p2a: Kartana|Beast Boost|boost
|-boost|p2a: Kartana|spe|1
|
|-weather|none
|upkeep
|-message|LT92PF Lio forfeited.
|
|win|It's Frank
|raw|LT92PF Lio's rating: 1777 &rarr; <strong>1755</strong><br />(-22 for losing)
|raw|It&apos;s Frank's rating: 1747 &rarr; <strong>1769</strong><br />(+22 for winning)
|l|☆LT92PF Lio
|c| yaszou|nice speed tie
|l| geiler arsch
|l| yaszou
|l| chokst du
||Ladder isn't responding, score probably updated but might not have (Request timeout).
