|raw|<div class="broadcast-blue"><strong>This battle is required to be public due to a player having a name starting with 'lt91bb'.</div>
|j|☆N30N3
|j|☆LT91BB Ahsan
|t:|1659445974
|gametype|singles
|player|p1|N30N3|2|1919
|player|p2|LT91BB Ahsan|elesa-masters|2043
|teamsize|p1|6
|teamsize|p2|6
|gen|8
|tier|[Gen 8] OU
|rated|
|rule|Sleep Clause Mod: Limit one foe put to sleep
|rule|Species Clause: Limit one of each Pokémon
|rule|OHKO Clause: OHKO moves are banned
|rule|Evasion Moves Clause: Evasion moves are banned
|rule|Endless Battle Clause: Forcing endless battles is banned
|rule|HP Percentage Mod: HP is shown in percentages
|rule|Dynamax Clause: You cannot dynamax
|clearpoke
|poke|p1|Garchomp, M|
|poke|p1|Moltres-Galar|
|poke|p1|Melmetal|
|poke|p1|Urshifu-*, M|
|poke|p1|Rillaboom, F|
|poke|p1|Latias, F|
|poke|p2|Pelipper, F|
|poke|p2|Barraskewda, F|
|poke|p2|Ferrothorn, M|
|poke|p2|Zapdos|
|poke|p2|Landorus-Therian, M|
|poke|p2|Kommo-o, M|
|teampreview
|inactive|Battle timer is ON: inactive players will automatically lose when time's up. (requested by N30N3)
|j| tron bin reaper
|j| ivehadenoughshit
|j| Heiwa June
|j| lt91bbxouille
|j| Misterioussaint
|
|t:|1659446008
|start
|switch|p1a: Moltres|Moltres-Galar|100/100
|switch|p2a: Barraskewda|Barraskewda, F|100/100
|turn|1
|
|t:|1659446013
|move|p2a: Barraskewda|Flip Turn|p1a: Moltres
|-crit|p1a: Moltres
|-damage|p1a: Moltres|21/100
|-ability|p1a: Moltres|Berserk|boost
|-boost|p1a: Moltres|spa|1
|
|t:|1659446017
|switch|p2a: Zapdos|Zapdos|100/100|[from]move: Flip Turn
|move|p1a: Moltres|Fiery Wrath|p2a: Zapdos
|-damage|p2a: Zapdos|28/100
|
|upkeep
|turn|2
|
|t:|1659446025
|switch|p1a: Latias|Latias, F|100/100
|move|p2a: Zapdos|Hurricane|p1a: Latias|[miss]
|-miss|p2a: Zapdos|p1a: Latias
|
|upkeep
|turn|3
|j| ripreckful
|
|t:|1659446028
|switch|p2a: Ferrothorn|Ferrothorn, M|100/100
|move|p1a: Latias|Trick|p2a: Ferrothorn
|-activate|p1a: Latias|move: Trick|[of] p2a: Ferrothorn
|-item|p2a: Ferrothorn|Choice Scarf|[from] move: Trick
|-item|p1a: Latias|Leftovers|[from] move: Trick
|
|upkeep
|turn|4
|
|t:|1659446033
|switch|p1a: Garchomp|Garchomp, M|100/100
|move|p2a: Ferrothorn|Spikes|p1a: Garchomp
|-sidestart|p1: N30N3|Spikes
|
|upkeep
|turn|5
|l| ripreckful
|
|t:|1659446039
|switch|p2a: Pelipper|Pelipper, F|100/100
|-weather|RainDance|[from] ability: Drizzle|[of] p2a: Pelipper
|move|p1a: Garchomp|Stealth Rock|p2a: Pelipper
|-sidestart|p2: LT91BB Ahsan|move: Stealth Rock
|
|-weather|RainDance|[upkeep]
|upkeep
|turn|6
|
|t:|1659446044
|move|p2a: Pelipper|Scald|p1a: Garchomp
|-damage|p1a: Garchomp|66/100
|move|p1a: Garchomp|Dragon Tail|p2a: Pelipper
|-damage|p2a: Pelipper|82/100
|drag|p2a: Barraskewda|Barraskewda, F|100/100
|-damage|p2a: Barraskewda|88/100|[from] Stealth Rock
|
|-weather|RainDance|[upkeep]
|upkeep
|turn|7
|j| egal★vanc
|j| Do it for Macchia
|j| SM4SHB21RN
|l| Do it for Macchia
|j| LT91BB Ruby
|inactive|LT91BB Ahsan has 120 seconds left.
|j| Sanskriti
|j| LT91BB Livio
|j| LT91BB Originality
|
|t:|1659446091
|move|p2a: Barraskewda|Liquidation|p1a: Garchomp
|-damage|p1a: Garchomp|0 fnt
|-damage|p2a: Barraskewda|76/100|[from] ability: Rough Skin|[of] p1a: Garchomp
|-damage|p2a: Barraskewda|60/100|[from] item: Rocky Helmet|[of] p1a: Garchomp
|faint|p1a: Garchomp
|
|-weather|RainDance|[upkeep]
|upkeep
|l| Misterioussaint
|j| LT91BB Ox
|inactive|N30N3 has 120 seconds left.
|
|t:|1659446131
|switch|p1a: Urshifu|Urshifu-Rapid-Strike, M|100/100
|-damage|p1a: Urshifu|88/100|[from] Spikes
|turn|8
|
|t:|1659446139
|switch|p2a: Kommo-o|Kommo-o, M|100/100
|-damage|p2a: Kommo-o|94/100|[from] Stealth Rock
|move|p1a: Urshifu|Close Combat|p2a: Kommo-o
|-damage|p2a: Kommo-o|57/100
|-unboost|p1a: Urshifu|def|1
|-unboost|p1a: Urshifu|spd|1
|-damage|p1a: Urshifu|72/100|[from] item: Rocky Helmet|[of] p2a: Kommo-o
|
|-weather|RainDance|[upkeep]
|upkeep
|turn|9
|inactive|LT91BB Ahsan has 120 seconds left.
|
|t:|1659446149
|switch|p1a: Moltres|Moltres-Galar|21/100
|move|p2a: Kommo-o|Stealth Rock|p1a: Moltres
|-sidestart|p1: N30N3|move: Stealth Rock
|
|-weather|RainDance|[upkeep]
|upkeep
|turn|10
|j| Oqul the hunter
|inactive|LT91BB Ahsan has 120 seconds left.
|j| Tamagochi azulado
|j| whoghohou
|l| Tamagochi azulado
|n| Rubyblood|lt91bbruby
|j|+Perry
|l| whoghohou
|
|t:|1659446179
|move|p1a: Moltres|Rest|p1a: Moltres
|-status|p1a: Moltres|slp|[from] move: Rest
|-heal|p1a: Moltres|100/100 slp|[silent]
|-enditem|p1a: Moltres|Chesto Berry|[eat]
|-curestatus|p1a: Moltres|slp|[msg]
|move|p2a: Kommo-o|Body Press|p1a: Moltres
|-damage|p1a: Moltres|52/100
|
|-weather|RainDance|[upkeep]
|upkeep
|turn|11
|j| Kaneki-random
|
|t:|1659446183
|move|p1a: Moltres|Hurricane|p2a: Kommo-o
|-supereffective|p2a: Kommo-o
|-damage|p2a: Kommo-o|0 fnt
|faint|p2a: Kommo-o
|
|-weather|RainDance|[upkeep]
|upkeep
|n| LT91BB Ruby|rubyblood
|
|t:|1659446184
|switch|p2a: Barraskewda|Barraskewda, F|60/100
|-damage|p2a: Barraskewda|48/100|[from] Stealth Rock
|turn|12
|j| LT91BB LA BOMBA
|
|t:|1659446193
|switch|p1a: Rillaboom|Rillaboom, F|100/100
|-damage|p1a: Rillaboom|88/100|[from] Spikes
|-damage|p1a: Rillaboom|76/100|[from] Stealth Rock
|-fieldstart|move: Grassy Terrain|[from] ability: Grassy Surge|[of] p1a: Rillaboom
|move|p2a: Barraskewda|Flip Turn|p1a: Rillaboom
|-resisted|p1a: Rillaboom
|-damage|p1a: Rillaboom|36/100
|
|t:|1659446197
|switch|p2a: Landorus|Landorus-Therian, M|100/100|[from]move: Flip Turn
|-damage|p2a: Landorus|88/100|[from] Stealth Rock
|-ability|p2a: Landorus|Intimidate|boost
|-unboost|p1a: Rillaboom|atk|1
|
|-weather|none
|-heal|p1a: Rillaboom|43/100|[from] Grassy Terrain
|upkeep
|turn|13
|inactive|LT91BB Ahsan has 120 seconds left.
|
|t:|1659446238
|switch|p1a: Melmetal|Melmetal|100/100
|-damage|p1a: Melmetal|88/100|[from] Spikes
|-damage|p1a: Melmetal|82/100|[from] Stealth Rock
|move|p2a: Landorus|U-turn|p1a: Melmetal
|-resisted|p1a: Melmetal
|-damage|p1a: Melmetal|77/100
|
|t:|1659446243
|switch|p2a: Zapdos|Zapdos|28/100|[from]move: U-turn
|
|-heal|p1a: Melmetal|83/100|[from] Grassy Terrain
|-heal|p1a: Melmetal|89/100|[from] item: Leftovers
|upkeep
|turn|14
|
|t:|1659446246
|move|p2a: Zapdos|Roost|p2a: Zapdos
|-heal|p2a: Zapdos|78/100
|-singleturn|p2a: Zapdos|move: Roost
|move|p1a: Melmetal|Acid Armor|p1a: Melmetal
|-boost|p1a: Melmetal|def|2
|
|-heal|p2a: Zapdos|84/100|[from] Grassy Terrain
|-heal|p1a: Melmetal|95/100|[from] Grassy Terrain
|-heal|p1a: Melmetal|100/100|[from] item: Leftovers
|upkeep
|turn|15
|
|t:|1659446252
|switch|p2a: Landorus|Landorus-Therian, M|88/100
|-damage|p2a: Landorus|76/100|[from] Stealth Rock
|-ability|p2a: Landorus|Intimidate|boost
|-unboost|p1a: Melmetal|atk|1
|move|p1a: Melmetal|Acid Armor|p1a: Melmetal
|-boost|p1a: Melmetal|def|2
|
|upkeep
|turn|16
|
|t:|1659446255
|move|p2a: Landorus|Earth Power|p1a: Melmetal
|-supereffective|p1a: Melmetal
|-damage|p1a: Melmetal|4/100
|move|p1a: Melmetal|Acid Armor|p1a: Melmetal
|-boost|p1a: Melmetal|def|2
|
|-heal|p1a: Melmetal|10/100|[from] Grassy Terrain
|-heal|p1a: Melmetal|17/100|[from] item: Leftovers
|-fieldend|move: Grassy Terrain
|upkeep
|turn|17
|
|t:|1659446260
|switch|p1a: Latias|Latias, F|100/100
|-damage|p1a: Latias|88/100|[from] Stealth Rock
|move|p2a: Landorus|Earth Power|p1a: Latias
|-immune|p1a: Latias|[from] ability: Levitate
|
|-heal|p1a: Latias|94/100|[from] item: Leftovers
|upkeep
|turn|18
|
|t:|1659446263
|switch|p2a: Ferrothorn|Ferrothorn, M|100/100
|-damage|p2a: Ferrothorn|94/100|[from] Stealth Rock
|move|p1a: Latias|Draco Meteor|p2a: Ferrothorn
|-resisted|p2a: Ferrothorn
|-damage|p2a: Ferrothorn|74/100
|-unboost|p1a: Latias|spa|2
|
|-heal|p1a: Latias|99/100|[from] item: Leftovers
|upkeep
|turn|19
|
|t:|1659446271
|move|p1a: Latias|Healing Wish|p1a: Latias
|faint|p1a: Latias
|move|p2a: Ferrothorn|Leech Seed|p1: Latias|[notarget]
|-fail|p2a: Ferrothorn
|
|upkeep
|c| SM4SHB21RN|ooooooh that's smart af
|
|t:|1659446283
|switch|p1a: Moltres|Moltres-Galar|52/100
|-heal|p1a: Moltres|100/100|[from] move: Healing Wish
|-damage|p1a: Moltres|76/100|[from] Stealth Rock
|turn|20
|c| SM4SHB21RN|nice Landorus
|
|t:|1659446295
|switch|p2a: Zapdos|Zapdos|84/100
|move|p1a: Moltres|Fiery Wrath|p2a: Zapdos
|-damage|p2a: Zapdos|35/100
|
|upkeep
|turn|21
|j| Misterioussaint
|
|t:|1659446300
|move|p2a: Zapdos|Roost|p2a: Zapdos
|-heal|p2a: Zapdos|85/100
|-singleturn|p2a: Zapdos|move: Roost
|move|p1a: Moltres|Fiery Wrath|p2a: Zapdos
|-damage|p2a: Zapdos|35/100
|
|upkeep
|turn|22
|
|t:|1659446306
|move|p2a: Zapdos|Thunder|p1a: Moltres
|-supereffective|p1a: Moltres
|-damage|p1a: Moltres|0 fnt
|faint|p1a: Moltres
|
|upkeep
|
|t:|1659446309
|switch|p1a: Urshifu|Urshifu-Rapid-Strike, M|72/100
|-damage|p1a: Urshifu|59/100|[from] Spikes
|-damage|p1a: Urshifu|53/100|[from] Stealth Rock
|turn|23
|
|t:|1659446319
|switch|p2a: Landorus|Landorus-Therian, M|76/100
|-damage|p2a: Landorus|64/100|[from] Stealth Rock
|-ability|p2a: Landorus|Intimidate|boost
|-unboost|p1a: Urshifu|atk|1
|move|p1a: Urshifu|Close Combat|p2a: Landorus
|-resisted|p2a: Landorus
|-damage|p2a: Landorus|41/100
|-unboost|p1a: Urshifu|def|1
|-unboost|p1a: Urshifu|spd|1
|
|upkeep
|turn|24
|
|t:|1659446322
|switch|p1a: Melmetal|Melmetal|17/100
|-damage|p1a: Melmetal|4/100|[from] Spikes
|-damage|p1a: Melmetal|0 fnt|[from] Stealth Rock
|faint|p1a: Melmetal
|move|p2a: Landorus|Earth Power|p1: Melmetal|[notarget]
|-fail|p2a: Landorus
|
|upkeep
|
|t:|1659446324
|switch|p1a: Urshifu|Urshifu-Rapid-Strike, M|53/100
|-damage|p1a: Urshifu|41/100|[from] Spikes
|-damage|p1a: Urshifu|35/100|[from] Stealth Rock
|turn|25
|c| lt91bbxouille|yeah its weather ball
|
|t:|1659446326
|move|p1a: Urshifu|Close Combat|p2a: Landorus
|-resisted|p2a: Landorus
|-damage|p2a: Landorus|8/100
|-unboost|p1a: Urshifu|def|1
|-unboost|p1a: Urshifu|spd|1
|move|p2a: Landorus|Earth Power|p1a: Urshifu
|-damage|p1a: Urshifu|0 fnt
|faint|p1a: Urshifu
|
|upkeep
|c|☆N30N3|Gg
|-message|N30N3 forfeited.
|
|win|LT91BB Ahsan
|raw|N30N3's rating: 1919 &rarr; <strong>1906</strong><br />(-13 for losing)
|raw|LT91BB Ahsan's rating: 2043 &rarr; <strong>2056</strong><br />(+13 for winning)
|l|☆N30N3
|c|☆LT91BB Ahsan|gg
|l| Oqul the hunter
|l|☆LT91BB Ahsan
|l| LT91BB Ox
|l| LT91BB Ruby
|j| Bird of belief ❀
||Ladder isn't responding, score probably updated but might not have (Request timeout).
|l| Bird of belief ❀
|l| LT91BB Livio
|l| Sanskriti
|l| tron bin reaper
|l|+Perry
|l| Heiwa June
|l| ivehadenoughshit
