|j|☆minimax_ai
|j|‽Valentine
|t:|1665195419
|gametype|singles
|player|p1|minimax_ai|lusamine-nihilego|1500
|player|p2|Valentine|1|1452
|teamsize|p1|6
|teamsize|p2|6
|gen|8
|tier|[Gen 8] OU
|rated|
|rule|Sleep Clause Mod: Limit one foe put to sleep
|rule|Species Clause: Limit one of each Pokémon
|rule|OHKO Clause: OHKO moves are banned
|rule|Evasion Items Clause: Evasion items are banned
|rule|Evasion Moves Clause: Evasion moves are banned
|rule|Endless Battle Clause: Forcing endless battles is banned
|rule|HP Percentage Mod: HP is shown in percentages
|rule|Dynamax Clause: You cannot dynamax
|clearpoke
|poke|p1|Rotom-Wash|
|poke|p1|Weavile, M|
|poke|p1|Landorus-Therian, M|
|poke|p1|Heatran, M|
|poke|p1|Tangrowth, F|
|poke|p1|Melmetal|
|poke|p2|Garchomp, F|
|poke|p2|Dragapult, M|
|poke|p2|Dragonite, M|
|poke|p2|Landorus-Therian, M|
|poke|p2|Melmetal|
|poke|p2|Kartana|
|teampreview
|c|☆minimax_ai|hf
|inactive|Battle timer is ON: inactive players will automatically lose when time's up. (requested by minimax_ai)
|
|t:|1665195431
|start
|switch|p1a: Melmetal|Melmetal|100/100
|switch|p2a: Landorus|Landorus-Therian, M|100/100
|-ability|p2a: Landorus|Intimidate|boost
|-unboost|p1a: Melmetal|atk|1
|turn|1
|
|t:|1665195435
|move|p2a: Landorus|Stealth Rock|p1a: Melmetal
|-sidestart|p1: minimax_ai|move: Stealth Rock
|move|p1a: Melmetal|Ice Punch|p2a: Landorus
|-supereffective|p2a: Landorus
|-enditem|p2a: Landorus|Focus Sash
|-damage|p2a: Landorus|1/100
|
|upkeep
|turn|2
|
|t:|1665195438
|move|p2a: Landorus|Explosion|p1a: Melmetal
|-resisted|p1a: Melmetal
|-damage|p1a: Melmetal|72/100
|faint|p2a: Landorus
|move|p1a: Melmetal|Double Iron Bash|p2: Landorus|[notarget]
|-fail|p1a: Melmetal
|
|upkeep
|
|t:|1665195451
|switch|p2a: Melmetal|Melmetal|100/100
|turn|3
|
|t:|1665195454
|switch|p1a: rotomwash|Rotom-Wash|100/100
|-damage|p1a: rotomwash|88/100|[from] Stealth Rock
|move|p2a: Melmetal|Superpower|p1a: rotomwash
|-damage|p1a: rotomwash|14/100
|-unboost|p2a: Melmetal|atk|1
|-unboost|p2a: Melmetal|def|1
|
|-heal|p1a: rotomwash|20/100|[from] item: Leftovers
|upkeep
|turn|4
|
|t:|1665195457
|move|p1a: rotomwash|Pain Split|p2a: Melmetal
|-sethp|p2a: Melmetal|58/100|[from] move: Pain Split|[silent]
|-sethp|p1a: rotomwash|78/100|[from] move: Pain Split
|move|p2a: Melmetal|Superpower|p1a: rotomwash
|-damage|p1a: rotomwash|30/100
|-unboost|p2a: Melmetal|atk|1
|-unboost|p2a: Melmetal|def|1
|
|-heal|p1a: rotomwash|36/100|[from] item: Leftovers
|upkeep
|turn|5
|
|t:|1665195460
|switch|p2a: Kartana|Kartana|100/100
|move|p1a: rotomwash|Pain Split|p2a: Kartana
|-sethp|p2a: Kartana|71/100|[from] move: Pain Split|[silent]
|-sethp|p1a: rotomwash|61/100|[from] move: Pain Split
|
|-heal|p1a: rotomwash|67/100|[from] item: Leftovers
|upkeep
|turn|6
|
|t:|1665195464
|switch|p1a: Tangrowth|Tangrowth, F|100/100
|-damage|p1a: Tangrowth|88/100|[from] Stealth Rock
|move|p2a: Kartana|Knock Off|p1a: Tangrowth
|-damage|p1a: Tangrowth|51/100
|-damage|p2a: Kartana|55/100|[from] item: Rocky Helmet|[of] p1a: Tangrowth
|-enditem|p1a: Tangrowth|Rocky Helmet|[from] move: Knock Off|[of] p2a: Kartana
|
|upkeep
|turn|7
|
|t:|1665195469
|switch|p2a: Melmetal|Melmetal|58/100
|switch|p1a: landorustherian|Landorus-Therian, M|100/100
|-damage|p1a: landorustherian|88/100|[from] Stealth Rock
|-ability|p1a: landorustherian|Intimidate|boost
|-unboost|p2a: Melmetal|atk|1
|
|-heal|p1a: landorustherian|94/100|[from] item: Leftovers
|upkeep
|turn|8
|
|t:|1665195471
|move|p1a: landorustherian|U-turn|p2a: Melmetal
|-resisted|p2a: Melmetal
|-damage|p2a: Melmetal|51/100
|
|t:|1665195471
|switch|p1a: rotomwash|Rotom-Wash|67/100|[from]move: U-turn
|-damage|p1a: rotomwash|54/100|[from] Stealth Rock
|move|p2a: Melmetal|Ice Punch|p1a: rotomwash
|-resisted|p1a: rotomwash
|-damage|p1a: rotomwash|35/100
|
|-heal|p1a: rotomwash|42/100|[from] item: Leftovers
|upkeep
|turn|9
|
|t:|1665195476
|switch|p2a: Kartana|Kartana|55/100
|move|p1a: rotomwash|Thunderbolt|p2a: Kartana
|-resisted|p2a: Kartana
|-damage|p2a: Kartana|0 fnt
|faint|p2a: Kartana
|
|-heal|p1a: rotomwash|48/100|[from] item: Leftovers
|upkeep
|
|t:|1665195480
|switch|p2a: Garchomp|Garchomp, F|100/100
|turn|10
|
|t:|1665195484
|switch|p1a: landorustherian|Landorus-Therian, M|94/100
|-damage|p1a: landorustherian|82/100|[from] Stealth Rock
|-ability|p1a: landorustherian|Intimidate|boost
|-unboost|p2a: Garchomp|atk|1
|move|p2a: Garchomp|Swords Dance|p2a: Garchomp
|-boost|p2a: Garchomp|atk|2
|
|-heal|p1a: landorustherian|88/100|[from] item: Leftovers
|upkeep
|turn|11
|
|t:|1665195486
|move|p2a: Garchomp|Scale Shot|p1a: landorustherian
|-damage|p1a: landorustherian|67/100
|-damage|p1a: landorustherian|49/100
|-damage|p1a: landorustherian|30/100
|-hitcount|p1a: landorustherian|3
|-unboost|p2a: Garchomp|def|1
|-boost|p2a: Garchomp|spe|1
|move|p1a: landorustherian|Defog|p2a: Garchomp
|-unboost|p2a: Garchomp|evasion|1
|-sideend|p1: minimax_ai|Stealth Rock|[from] move: Defog|[of] p1a: landorustherian
|
|-heal|p1a: landorustherian|36/100|[from] item: Leftovers
|upkeep
|turn|12
|
|t:|1665195497
|switch|p1a: Tangrowth|Tangrowth, F|84/100
|move|p2a: Garchomp|Scale Shot|p1a: Tangrowth
|-damage|p1a: Tangrowth|74/100
|-damage|p1a: Tangrowth|64/100
|-damage|p1a: Tangrowth|53/100
|-damage|p1a: Tangrowth|43/100
|-hitcount|p1a: Tangrowth|4
|-unboost|p2a: Garchomp|def|1
|-boost|p2a: Garchomp|spe|1
|
|upkeep
|turn|13
|
|t:|1665195505
|move|p2a: Garchomp|Fire Blast|p1a: Tangrowth
|-supereffective|p1a: Tangrowth
|-damage|p1a: Tangrowth|0 fnt
|faint|p1a: Tangrowth
|
|upkeep
|
|t:|1665195505
|switch|p1a: Weavile|Weavile, M|100/100
|-ability|p1a: Weavile|Pressure
|turn|14
|
|t:|1665195509
|switch|p2a: Melmetal|Melmetal|51/100
|switch|p1a: Heatran|Heatran, M|100/100
|-item|p1a: Heatran|Air Balloon
|
|upkeep
|turn|15
|
|t:|1665195515
|switch|p2a: Dragapult|Dragapult, M|100/100
|move|p1a: Heatran|Magma Storm|p2a: Dragapult
|-resisted|p2a: Dragapult
|-damage|p2a: Dragapult|60/100
|-activate|p2a: Dragapult|move: Magma Storm|[of] p1a: Heatran
|
|-damage|p2a: Dragapult|48/100|[from] move: Magma Storm|[partiallytrapped]
|upkeep
|turn|16
|
|t:|1665195517
|move|p2a: Dragapult|U-turn|p1a: Heatran
|-resisted|p1a: Heatran
|-damage|p1a: Heatran|96/100
|-enditem|p1a: Heatran|Air Balloon
|
|t:|1665195519
|switch|p2a: Dragonite|Dragonite, M|100/100|[from]move: U-turn
|move|p1a: Heatran|Eruption|p2a: Dragonite
|-resisted|p2a: Dragonite
|-damage|p2a: Dragonite|82/100
|
|upkeep
|turn|17
|
|t:|1665195532
|switch|p1a: rotomwash|Rotom-Wash|48/100
|switch|p2a: Dragapult|Dragapult, M|48/100
|
|-heal|p1a: rotomwash|54/100|[from] item: Leftovers
|upkeep
|turn|18
|
|t:|1665195534
|switch|p1a: Melmetal|Melmetal|72/100
|move|p2a: Dragapult|Draco Meteor|p1a: Melmetal|[miss]
|-miss|p2a: Dragapult|p1a: Melmetal
|
|upkeep
|turn|19
|
|t:|1665195537
|switch|p2a: Melmetal|Melmetal|51/100
|move|p1a: Melmetal|Double Iron Bash|p2a: Melmetal
|-resisted|p2a: Melmetal
|-damage|p2a: Melmetal|38/100
|-resisted|p2a: Melmetal
|-damage|p2a: Melmetal|27/100
|-hitcount|p2a: Melmetal|2
|
|upkeep
|turn|20
|
|t:|1665195540
|move|p2a: Melmetal|Ice Punch|p1a: Melmetal
|-resisted|p1a: Melmetal
|-damage|p1a: Melmetal|56/100
|move|p1a: Melmetal|Earthquake|p2a: Melmetal
|-supereffective|p2a: Melmetal
|-damage|p2a: Melmetal|0 fnt
|faint|p2a: Melmetal
|
|upkeep
|
|t:|1665195543
|switch|p2a: Garchomp|Garchomp, F|100/100
|turn|21
|
|t:|1665195544
|switch|p1a: Weavile|Weavile, M|100/100
|-ability|p1a: Weavile|Pressure
|move|p2a: Garchomp|Earthquake|p1a: Weavile
|-damage|p1a: Weavile|11/100
|
|upkeep
|turn|22
|
|t:|1665195553
|switch|p2a: Dragonite|Dragonite, M|82/100
|move|p1a: Weavile|Ice Shard|p2a: Dragonite
|-supereffective|p2a: Dragonite
|-crit|p2a: Dragonite
|-damage|p2a: Dragonite|0 fnt
|faint|p2a: Dragonite
|
|upkeep
|
|t:|1665195557
|switch|p2a: Dragapult|Dragapult, M|48/100
|turn|23
|
|t:|1665195558
|move|p1a: Weavile|Ice Shard|p2a: Dragapult
|-supereffective|p2a: Dragapult
|-damage|p2a: Dragapult|0 fnt
|faint|p2a: Dragapult
|
|upkeep
|
|t:|1665195560
|switch|p2a: Garchomp|Garchomp, F|100/100
|turn|24
|
|t:|1665195561
|move|p1a: Weavile|Ice Shard|p2a: Garchomp
|-supereffective|p2a: Garchomp
|-damage|p2a: Garchomp|0 fnt
|faint|p2a: Garchomp
|
|win|minimax_ai
|raw|minimax_ai's rating: 1500 &rarr; <strong>1517</strong><br />(+17 for winning)
|raw|Valentine's rating: 1452 &rarr; <strong>1435</strong><br />(-17 for losing)
|c|☆minimax_ai|gg
