|j|☆Fini u buggin
|j|☆Wheezer
|t:|1630527595
|gametype|singles
|player|p1|Fini u buggin|102|1529
|player|p2|Wheezer|petrel|1585
|teamsize|p1|6
|teamsize|p2|6
|gen|8
|tier|[Gen 8] OU
|rated|
|rule|Sleep Clause Mod: Limit one foe put to sleep
|rule|Species Clause: Limit one of each Pokémon
|rule|OHKO Clause: OHKO moves are banned
|rule|Evasion Moves Clause: Evasion moves are banned
|rule|Endless Battle Clause: Forcing endless battles is banned
|rule|HP Percentage Mod: HP is shown in percentages
|rule|Dynamax Clause: You cannot dynamax
|clearpoke
|poke|p1|Zapdos-Galar|
|poke|p1|Skarmory, F|
|poke|p1|Dragonite, M|
|poke|p1|Volcarona, M|
|poke|p1|Excadrill, F|
|poke|p1|Kyurem|
|poke|p2|Mew|
|poke|p2|Zapdos-Galar|
|poke|p2|Dragonite, F|
|poke|p2|Incineroar, M|
|poke|p2|Zygarde-10%|
|poke|p2|Hatterene, F|
|teampreview
|j| uu1331
|
|t:|1630527639
|start
|switch|p1a: Zapdos|Zapdos-Galar|100/100
|switch|p2a: Zygarde|Zygarde-10%|100/100
|-ability|p2a: Zygarde|Aura Break
|turn|1
|
|t:|1630527654
|switch|p1a: Skarmory|Skarmory, F|100/100
|move|p2a: Zygarde|Thousand Arrows|p1a: Skarmory
|-damage|p1a: Skarmory|25/100
|-start|p1a: Skarmory|Smack Down
|
|upkeep
|turn|2
|-enditem|p1a: Skarmory|Custap Berry|[eat]
|-activate|p1a: Skarmory|item: Custap Berry|[consumed]
|
|t:|1630527671
|move|p1a: Skarmory|Stealth Rock|p2a: Zygarde
|-sidestart|p2: Wheezer|move: Stealth Rock
|move|p2a: Zygarde|Thousand Arrows|p1a: Skarmory
|-supereffective|p1a: Skarmory
|-damage|p1a: Skarmory|0 fnt
|faint|p1a: Skarmory
|
|upkeep
|
|t:|1630527685
|switch|p1a: Kyurem|Kyurem|100/100
|-ability|p1a: Kyurem|Pressure
|turn|3
|
|t:|1630527700
|switch|p2a: Incineroar|Incineroar, M|100/100
|-damage|p2a: Incineroar|76/100|[from] Stealth Rock
|-ability|p2a: Incineroar|Intimidate|boost
|-unboost|p1a: Kyurem|atk|1
|switch|p1a: Volcarona|Volcarona, M|100/100
|
|-heal|p2a: Incineroar|82/100|[from] item: Leftovers
|upkeep
|turn|4
|
|t:|1630527708
|move|p1a: Volcarona|Quiver Dance|p1a: Volcarona
|-boost|p1a: Volcarona|spa|1
|-boost|p1a: Volcarona|spd|1
|-boost|p1a: Volcarona|spe|1
|move|p2a: Incineroar|Toxic|p1a: Volcarona
|-status|p1a: Volcarona|tox
|-enditem|p1a: Volcarona|Lum Berry|[eat]
|-curestatus|p1a: Volcarona|tox|[msg]
|
|-heal|p2a: Incineroar|88/100|[from] item: Leftovers
|upkeep
|turn|5
|
|t:|1630527715
|move|p1a: Volcarona|Quiver Dance|p1a: Volcarona
|-boost|p1a: Volcarona|spa|1
|-boost|p1a: Volcarona|spd|1
|-boost|p1a: Volcarona|spe|1
|move|p2a: Incineroar|Toxic|p1a: Volcarona
|-status|p1a: Volcarona|tox
|
|-heal|p2a: Incineroar|94/100|[from] item: Leftovers
|-damage|p1a: Volcarona|94/100 tox|[from] psn
|upkeep
|turn|6
|
|t:|1630527725
|move|p2a: Incineroar|Protect|p2a: Incineroar
|-singleturn|p2a: Incineroar|Protect
|move|p1a: Volcarona|Fiery Dance|p2a: Incineroar
|-activate|p2a: Incineroar|move: Protect
|
|-heal|p2a: Incineroar|99/100|[from] item: Leftovers
|-damage|p1a: Volcarona|82/100 tox|[from] psn
|upkeep
|turn|7
|
|t:|1630527727
|move|p1a: Volcarona|Fiery Dance|p2a: Incineroar
|-resisted|p2a: Incineroar
|-damage|p2a: Incineroar|68/100
|move|p2a: Incineroar|Knock Off|p1a: Volcarona
|-damage|p1a: Volcarona|44/100 tox
|
|-heal|p2a: Incineroar|74/100|[from] item: Leftovers
|-damage|p1a: Volcarona|25/100 tox|[from] psn
|upkeep
|turn|8
|
|t:|1630527732
|move|p2a: Incineroar|Protect|p2a: Incineroar
|-singleturn|p2a: Incineroar|Protect
|move|p1a: Volcarona|Fiery Dance|p2a: Incineroar
|-activate|p2a: Incineroar|move: Protect
|
|-heal|p2a: Incineroar|80/100|[from] item: Leftovers
|-damage|p1a: Volcarona|1/100 tox|[from] psn
|upkeep
|turn|9
|
|t:|1630527738
|move|p2a: Incineroar|Protect||[still]
|-fail|p2a: Incineroar
|move|p1a: Volcarona|Fiery Dance|p2a: Incineroar
|-resisted|p2a: Incineroar
|-damage|p2a: Incineroar|50/100
|-boost|p1a: Volcarona|spa|1
|
|-heal|p2a: Incineroar|56/100|[from] item: Leftovers
|-damage|p1a: Volcarona|0 fnt|[from] psn
|faint|p1a: Volcarona
|upkeep
|
|t:|1630527746
|switch|p1a: Dragonite|Dragonite, M|100/100
|turn|10
|
|t:|1630527753
|move|p1a: Dragonite|Dragon Dance|p1a: Dragonite
|-boost|p1a: Dragonite|atk|1
|-boost|p1a: Dragonite|spe|1
|move|p2a: Incineroar|Toxic|p1a: Dragonite
|-status|p1a: Dragonite|tox
|-enditem|p1a: Dragonite|Lum Berry|[eat]
|-curestatus|p1a: Dragonite|tox|[msg]
|
|-heal|p2a: Incineroar|62/100|[from] item: Leftovers
|upkeep
|turn|11
|
|t:|1630527760
|move|p1a: Dragonite|Earthquake|p2a: Incineroar
|-supereffective|p2a: Incineroar
|-damage|p2a: Incineroar|0 fnt
|faint|p2a: Incineroar
|
|upkeep
|
|t:|1630527765
|switch|p2a: Mew|Mew|100/100
|-damage|p2a: Mew|88/100|[from] Stealth Rock
|turn|12
|
|t:|1630527773
|move|p1a: Dragonite|Dragon Dance|p1a: Dragonite
|-boost|p1a: Dragonite|atk|1
|-boost|p1a: Dragonite|spe|1
|move|p2a: Mew|Stealth Rock|p1a: Dragonite
|-sidestart|p1: Fini u buggin|move: Stealth Rock
|
|upkeep
|turn|13
|
|t:|1630527819
|move|p1a: Dragonite|Dragon Dance|p1a: Dragonite
|-boost|p1a: Dragonite|atk|1
|-boost|p1a: Dragonite|spe|1
|move|p2a: Mew|Taunt|p1a: Dragonite
|-start|p1a: Dragonite|move: Taunt
|
|upkeep
|turn|14
|
|t:|1630527842
|move|p1a: Dragonite|Dragon Claw|p2a: Mew
|-damage|p2a: Mew|0 fnt
|faint|p2a: Mew
|
|upkeep
|c|☆Wheezer|uh oh
|
|t:|1630527857
|switch|p2a: Zygarde|Zygarde-10%|100/100
|-damage|p2a: Zygarde|94/100|[from] Stealth Rock
|-ability|p2a: Zygarde|Aura Break
|turn|15
|
|t:|1630527861
|move|p1a: Dragonite|Extreme Speed|p2a: Zygarde
|-damage|p2a: Zygarde|0 fnt
|faint|p2a: Zygarde
|
|upkeep
|-message|Wheezer forfeited.
|
|win|Fini u buggin
|raw|Fini u buggin's rating: 1529 &rarr; <strong>1552</strong><br />(+23 for winning)
|raw|Wheezer's rating: 1585 &rarr; <strong>1562</strong><br />(-23 for losing)
|l|☆Wheezer
|c|☆Fini u buggin|this team op
||Ladder isn't responding, score probably updated but might not have (Request timeout).
