|j|☆Rich Homie Shaun
|j|☆Meroz
|player|p1|Rich Homie Shaun|supernerd|1824
|player|p2|Meroz|101|1917
|teamsize|p1|6
|teamsize|p2|6
|gametype|singles
|gen|8
|tier|[Gen 8] OU
|rated|
|clearpoke
|poke|p1|Aegislash, M|
|poke|p1|Lycanroc-Dusk, F|
|poke|p1|Tauros, M|
|poke|p1|Volcarona, M|
|poke|p1|Urshifu-*, F|
|poke|p1|Zeraora|
|poke|p2|Urshifu-*, F|
|poke|p2|Amoonguss, M|
|poke|p2|Mandibuzz, F|
|poke|p2|Excadrill, M|
|poke|p2|Clefable, M|
|poke|p2|Dragapult, M|
|rule|Sleep Clause Mod: Limit one foe put to sleep
|rule|Species Clause: Limit one of each Pokémon
|rule|OHKO Clause: OHKO moves are banned
|rule|Evasion Moves Clause: Evasion moves are banned
|rule|Endless Battle Clause: Forcing endless battles is banned
|rule|HP Percentage Mod: HP is shown in percentages
|rule|Dynamax Clause: You cannot dynamax
|teampreview
|j| lol nice dc pc
|j| Stall is coming
|
|start
|switch|p1a: Lycanroc|Lycanroc-Dusk, F|100/100
|switch|p2a: Amoonguss|Amoonguss, M|100/100
|turn|1
|
|move|p1a: Lycanroc|Taunt|p2a: Amoonguss
|-start|p2a: Amoonguss|move: Taunt
|move|p2a: Amoonguss|Sludge Bomb|p1a: Lycanroc
|-resisted|p1a: Lycanroc
|-crit|p1a: Lycanroc
|-damage|p1a: Lycanroc|65/100
|-status|p1a: Lycanroc|psn
|
|-damage|p1a: Lycanroc|52/100 psn|[from] psn
|upkeep
|turn|2
|
|move|p1a: Lycanroc|Stealth Rock|p2a: Amoonguss
|-sidestart|p2: Meroz|move: Stealth Rock
|move|p2a: Amoonguss|Giga Drain|p1a: Lycanroc
|-supereffective|p1a: Lycanroc
|-damage|p1a: Lycanroc|0 fnt
|faint|p1a: Lycanroc
|
|upkeep
|
|switch|p1a: Tauros|Tauros, M|100/100
|turn|3
|
|move|p1a: Tauros|Work Up|p1a: Tauros
|-boost|p1a: Tauros|atk|1
|-boost|p1a: Tauros|spa|1
|move|p2a: Amoonguss|Sludge Bomb|p1a: Tauros
|-damage|p1a: Tauros|55/100
|
|-end|p2a: Amoonguss|move: Taunt
|upkeep
|turn|4
|
|move|p1a: Tauros|Body Slam|p2a: Amoonguss
|-damage|p2a: Amoonguss|38/100
|-damage|p1a: Tauros|39/100|[from] item: Rocky Helmet|[of] p2a: Amoonguss
|move|p2a: Amoonguss|Spore|p1a: Tauros
|-status|p1a: Tauros|slp|[from] move: Spore
|
|upkeep
|turn|5
|
|cant|p1a: Tauros|slp
|move|p2a: Amoonguss|Stun Spore||[still]
|-fail|p2a: Amoonguss
|
|upkeep
|turn|6
|
|switch|p2a: Mandibuzz|Mandibuzz, F|100/100
|cant|p1a: Tauros|slp
|
|upkeep
|turn|7
|
|cant|p1a: Tauros|slp
|move|p2a: Mandibuzz|Defog|p1a: Tauros
|-unboost|p1a: Tauros|evasion|1
|-sideend|p2: Meroz|Stealth Rock|[from] move: Defog|[of] p2a: Mandibuzz
|
|upkeep
|turn|8
|
|-curestatus|p1a: Tauros|slp|[msg]
|move|p1a: Tauros|Body Slam|p2a: Mandibuzz
|-damage|p2a: Mandibuzz|43/100
|move|p2a: Mandibuzz|Foul Play|p1a: Tauros
|-damage|p1a: Tauros|0 fnt
|faint|p1a: Tauros
|
|upkeep
|
|switch|p1a: Volcarona|Volcarona, M|100/100
|turn|9
|
|switch|p2a: Clefable|Clefable, M|100/100
|move|p1a: Volcarona|Quiver Dance|p1a: Volcarona
|-boost|p1a: Volcarona|spa|1
|-boost|p1a: Volcarona|spd|1
|-boost|p1a: Volcarona|spe|1
|
|upkeep
|turn|10
|
|move|p1a: Volcarona|Quiver Dance|p1a: Volcarona
|-boost|p1a: Volcarona|spa|1
|-boost|p1a: Volcarona|spd|1
|-boost|p1a: Volcarona|spe|1
|move|p2a: Clefable|Thunder Wave|p1a: Volcarona
|-status|p1a: Volcarona|par
|
|upkeep
|turn|11
|
|switch|p2a: Dragapult|Dragapult, M|100/100
|cant|p1a: Volcarona|par
|
|upkeep
|turn|12
|
|move|p2a: Dragapult|Hex|p1a: Volcarona
|-damage|p1a: Volcarona|47/100 par
|move|p1a: Volcarona|Psychic|p2a: Dragapult
|-damage|p2a: Dragapult|18/100
|
|upkeep
|turn|13
|j| addictedtomethlol
|
|move|p2a: Dragapult|Hex|p1a: Volcarona
|-damage|p1a: Volcarona|0 fnt
|faint|p1a: Volcarona
|
|upkeep
|
|switch|p1a: Aegislash|Aegislash, M|100/100
|-item|p1a: Aegislash|Air Balloon
|turn|14
|
|move|p2a: Dragapult|Hex|p1a: Aegislash
|-supereffective|p1a: Aegislash
|-damage|p1a: Aegislash|3/100
|-enditem|p1a: Aegislash|Air Balloon
|move|p1a: Aegislash|Swords Dance|p1a: Aegislash
|-boost|p1a: Aegislash|atk|2
|
|upkeep
|turn|15
|
|move|p2a: Dragapult|Hex|p1a: Aegislash
|-supereffective|p1a: Aegislash
|-damage|p1a: Aegislash|0 fnt
|faint|p1a: Aegislash
|
|upkeep
|j| Hecty
|
|switch|p1a: Urshifu|Urshifu, F|100/100
|turn|16
|
|move|p2a: Dragapult|Hex|p1a: Urshifu
|-resisted|p1a: Urshifu
|-damage|p1a: Urshifu|63/100
|move|p1a: Urshifu|Bulk Up|p1a: Urshifu
|-boost|p1a: Urshifu|atk|1
|-boost|p1a: Urshifu|def|1
|
|upkeep
|turn|17
|
|move|p2a: Dragapult|Hex|p1a: Urshifu
|-resisted|p1a: Urshifu
|-damage|p1a: Urshifu|28/100
|move|p1a: Urshifu|Bulk Up|p1a: Urshifu
|-boost|p1a: Urshifu|atk|1
|-boost|p1a: Urshifu|def|1
|
|upkeep
|turn|18
|
|move|p1a: Urshifu|Sucker Punch|p2a: Dragapult
|-supereffective|p2a: Dragapult
|-damage|p2a: Dragapult|0 fnt
|faint|p2a: Dragapult
|
|upkeep
|
|switch|p2a: Clefable|Clefable, M|100/100
|turn|19
|
|move|p1a: Urshifu|Wicked Blow|p2a: Clefable
|-resisted|p2a: Clefable
|-crit|p2a: Clefable
|-damage|p2a: Clefable|33/100
|move|p2a: Clefable|Moonblast|p1a: Urshifu
|-supereffective|p1a: Urshifu
|-damage|p1a: Urshifu|0 fnt
|faint|p1a: Urshifu
|
|-heal|p2a: Clefable|39/100|[from] item: Leftovers
|upkeep
|-message|Rich Homie Shaun forfeited.
|
|win|Meroz
|l|☆Rich Homie Shaun
||Ladder (probably) updated, but score could not be retrieved (Request timeout).
|l| Hecty
