|j|☆Geenobe
|j|☆Chonk Tom
|t:|1636443783
|gametype|singles
|player|p1|Geenobe|guzma|1672
|player|p2|Chonk Tom|lucas|1652
|teamsize|p1|6
|teamsize|p2|6
|gen|8
|tier|[Gen 8] OU
|rated|
|rule|Sleep Clause Mod: Limit one foe put to sleep
|rule|Species Clause: Limit one of each Pokémon
|rule|OHKO Clause: OHKO moves are banned
|rule|Evasion Moves Clause: Evasion moves are banned
|rule|Endless Battle Clause: Forcing endless battles is banned
|rule|HP Percentage Mod: HP is shown in percentages
|rule|Dynamax Clause: You cannot dynamax
|clearpoke
|poke|p1|Mew|
|poke|p1|Tapu Koko|
|poke|p1|Kyurem|
|poke|p1|Moltres-Galar|
|poke|p1|Dragapult, M|
|poke|p1|Hawlucha, F|
|poke|p2|Cresselia, F|
|poke|p2|Hatterene, F|
|poke|p2|Porygon2|
|poke|p2|Marowak-Alola, F|
|poke|p2|Melmetal|
|poke|p2|Crawdaunt, F|
|teampreview
|
|t:|1636443798
|start
|switch|p1a: Tapu Koko|Tapu Koko|100/100
|switch|p2a: Cresselia|Cresselia, F|100/100
|-fieldstart|move: Electric Terrain|[from] ability: Electric Surge|[of] p1a: Tapu Koko
|turn|1
|
|t:|1636443801
|move|p1a: Tapu Koko|Taunt|p2a: Cresselia
|-start|p2a: Cresselia|move: Taunt
|cant|p2a: Cresselia|move: Taunt|Trick Room
|
|upkeep
|turn|2
|
|t:|1636443812
|move|p1a: Tapu Koko|Reflect|p1a: Tapu Koko
|-sidestart|p1: Geenobe|Reflect
|move|p2a: Cresselia|Moonblast|p1a: Tapu Koko
|-damage|p1a: Tapu Koko|77/100
|
|upkeep
|turn|3
|
|t:|1636443817
|switch|p2a: Porygon2|Porygon2|100/100
|-ability|p2a: Porygon2|Electric Surge|[from] ability: Trace|[of] p1a: Tapu Koko
|move|p1a: Tapu Koko|Light Screen|p1a: Tapu Koko
|-sidestart|p1: Geenobe|move: Light Screen
|
|upkeep
|turn|4
|
|t:|1636443822
|move|p1a: Tapu Koko|Taunt|p2a: Porygon2
|-start|p2a: Porygon2|move: Taunt
|cant|p2a: Porygon2|move: Taunt|Teleport
|
|upkeep
|turn|5
|
|t:|1636443827
|switch|p2a: Cresselia|Cresselia, F|100/100
|move|p1a: Tapu Koko|U-turn|p2a: Cresselia
|-supereffective|p2a: Cresselia
|-damage|p2a: Cresselia|77/100
|
|t:|1636443842
|switch|p1a: Moltres|Moltres-Galar|100/100|[from]move: U-turn
|
|-fieldend|move: Electric Terrain
|upkeep
|turn|6
|
|t:|1636443848
|move|p1a: Moltres|Nasty Plot|p1a: Moltres
|-boost|p1a: Moltres|spa|2
|move|p2a: Cresselia|Trick Room|p2a: Cresselia
|-fieldstart|move: Trick Room|[of] p2a: Cresselia
|
|upkeep
|turn|7
|
|t:|1636443853
|move|p2a: Cresselia|Lunar Dance|p2a: Cresselia
|faint|p2a: Cresselia
|move|p1a: Moltres|Nasty Plot|p1a: Moltres
|-boost|p1a: Moltres|spa|2
|
|upkeep
|
|t:|1636443857
|switch|p2a: Melmetal|Melmetal|100/100
|turn|8
|
|t:|1636443860
|move|p2a: Melmetal|Double Iron Bash|p1a: Moltres
|-damage|p1a: Moltres|63/100
|-damage|p1a: Moltres|22/100
|-hitcount|p1a: Moltres|2
|-ability|p1a: Moltres|Berserk|boost
|-boost|p1a: Moltres|spa|1
|move|p1a: Moltres|Fiery Wrath|p2a: Melmetal
|-damage|p2a: Melmetal|0 fnt
|faint|p2a: Melmetal
|
|upkeep
|
|t:|1636443872
|switch|p2a: Crawdaunt|Crawdaunt, F|100/100
|turn|9
|
|t:|1636443875
|move|p2a: Crawdaunt|Crabhammer|p1a: Moltres
|-damage|p1a: Moltres|0 fnt
|faint|p1a: Moltres
|-damage|p2a: Crawdaunt|90/100|[from] item: Life Orb
|
|-sideend|p1: Geenobe|Reflect
|upkeep
|
|t:|1636443892
|switch|p1a: Kyurem|Kyurem|100/100
|-ability|p1a: Kyurem|Pressure
|turn|10
|
|t:|1636443900
|switch|p2a: Marowak|Marowak-Alola, F|100/100
|move|p1a: Kyurem|Dragon Dance|p1a: Kyurem
|-boost|p1a: Kyurem|atk|1
|-boost|p1a: Kyurem|spe|1
|
|-sideend|p1: Geenobe|move: Light Screen
|-fieldend|move: Trick Room
|upkeep
|turn|11
|
|t:|1636443906
|move|p1a: Kyurem|Icicle Spear|p2a: Marowak
|-resisted|p2a: Marowak
|-crit|p2a: Marowak
|-damage|p2a: Marowak|88/100
|-resisted|p2a: Marowak
|-damage|p2a: Marowak|80/100
|-resisted|p2a: Marowak
|-damage|p2a: Marowak|73/100
|-hitcount|p2a: Marowak|3
|move|p2a: Marowak|Flare Blitz|p1a: Kyurem
|-damage|p1a: Kyurem|22/100
|
|-heal|p1a: Kyurem|29/100|[from] item: Leftovers
|upkeep
|turn|12
|
|t:|1636443914
|move|p1a: Kyurem|Icicle Spear|p2a: Marowak
|-resisted|p2a: Marowak
|-damage|p2a: Marowak|65/100
|-resisted|p2a: Marowak
|-damage|p2a: Marowak|57/100
|-resisted|p2a: Marowak
|-damage|p2a: Marowak|49/100
|-hitcount|p2a: Marowak|3
|move|p2a: Marowak|Flare Blitz|p1a: Kyurem
|-damage|p1a: Kyurem|0 fnt
|faint|p1a: Kyurem
|
|upkeep
|
|t:|1636443925
|switch|p1a: Dragapult|Dragapult, M|100/100
|turn|13
|
|t:|1636443930
|move|p1a: Dragapult|Shadow Ball|p2a: Marowak
|-supereffective|p2a: Marowak
|-damage|p2a: Marowak|0 fnt
|faint|p2a: Marowak
|-damage|p1a: Dragapult|91/100|[from] item: Life Orb
|
|upkeep
|
|t:|1636443936
|switch|p2a: Crawdaunt|Crawdaunt, F|90/100
|-heal|p2a: Crawdaunt|100/100|[from] move: Lunar Dance
|turn|14
|
|t:|1636443942
|move|p1a: Dragapult|Dragon Darts|p2a: Crawdaunt
|-damage|p2a: Crawdaunt|65/100
|-anim|p1a: Dragapult|Dragon Darts|p2a: Crawdaunt
|-damage|p2a: Crawdaunt|29/100
|-damage|p1a: Dragapult|81/100|[from] item: Life Orb
|move|p2a: Crawdaunt|Knock Off|p1a: Dragapult
|-supereffective|p1a: Dragapult
|-crit|p1a: Dragapult
|-damage|p1a: Dragapult|0 fnt
|-enditem|p1a: Dragapult|Life Orb|[from] move: Knock Off|[of] p2a: Crawdaunt
|faint|p1a: Dragapult
|-damage|p2a: Crawdaunt|19/100|[from] item: Life Orb
|
|upkeep
|
|t:|1636443957
|switch|p1a: Tapu Koko|Tapu Koko|77/100
|-fieldstart|move: Electric Terrain|[from] ability: Electric Surge|[of] p1a: Tapu Koko
|turn|15
|
|t:|1636443962
|move|p1a: Tapu Koko|U-turn|p2a: Crawdaunt
|-supereffective|p2a: Crawdaunt
|-damage|p2a: Crawdaunt|0 fnt
|faint|p2a: Crawdaunt
|
|t:|1636443969
|switch|p1a: Hawlucha|Hawlucha, F|100/100|[from]move: U-turn
|-enditem|p1a: Hawlucha|Electric Seed
|-boost|p1a: Hawlucha|def|1|[from] item: Electric Seed
|
|upkeep
|
|t:|1636443974
|switch|p2a: Hatterene|Hatterene, F|100/100
|turn|16
|
|t:|1636443979
|move|p1a: Hawlucha|Acrobatics|p2a: Hatterene
|-damage|p2a: Hatterene|45/100
|move|p2a: Hatterene|Trick Room|p2a: Hatterene
|-fieldstart|move: Trick Room|[of] p2a: Hatterene
|
|upkeep
|turn|17
|
|t:|1636443983
|move|p2a: Hatterene|Psychic|p1a: Hawlucha
|-supereffective|p1a: Hawlucha
|-damage|p1a: Hawlucha|0 fnt
|faint|p1a: Hawlucha
|
|upkeep
|
|t:|1636443989
|switch|p1a: Tapu Koko|Tapu Koko|77/100
|turn|18
|
|t:|1636443992
|move|p2a: Hatterene|Psychic|p1a: Tapu Koko
|-damage|p1a: Tapu Koko|11/100
|move|p1a: Tapu Koko|Light Screen|p1a: Tapu Koko
|-sidestart|p1: Geenobe|move: Light Screen
|
|upkeep
|turn|19
|
|t:|1636443996
|move|p2a: Hatterene|Psychic|p1a: Tapu Koko
|-damage|p1a: Tapu Koko|0 fnt
|faint|p1a: Tapu Koko
|
|-fieldend|move: Electric Terrain
|upkeep
|
|t:|1636443997
|switch|p1a: Mew|Mew|100/100
|turn|20
|
|t:|1636444005
|switch|p2a: Porygon2|Porygon2|100/100
|-ability|p2a: Porygon2|Synchronize|[from] ability: Trace|[of] p1a: Mew
|move|p1a: Mew|Cosmic Power|p1a: Mew
|-boost|p1a: Mew|def|1
|-boost|p1a: Mew|spd|1
|
|-fieldend|move: Trick Room
|upkeep
|turn|21
|
|t:|1636444014
|switch|p2a: Hatterene|Hatterene, F|45/100
|move|p1a: Mew|Taunt|p2a: Hatterene
|move|p2a: Hatterene|Taunt|p1a: Mew|[from]ability: Magic Bounce
|-start|p1a: Mew|move: Taunt
|
|upkeep
|turn|22
|
|t:|1636444034
|move|p1a: Mew|Stored Power|p2a: Hatterene
|-resisted|p2a: Hatterene
|-damage|p2a: Hatterene|34/100
|move|p2a: Hatterene|Trick Room|p2a: Hatterene
|-fieldstart|move: Trick Room|[of] p2a: Hatterene
|
|upkeep
|turn|23
|
|t:|1636444038
|move|p2a: Hatterene|Psychic|p1a: Mew
|-resisted|p1a: Mew
|-damage|p1a: Mew|93/100
|move|p1a: Mew|Stored Power|p2a: Hatterene
|-resisted|p2a: Hatterene
|-damage|p2a: Hatterene|24/100
|
|-heal|p1a: Mew|99/100|[from] item: Leftovers
|upkeep
|turn|24
|
|t:|1636444041
|move|p2a: Hatterene|Psychic|p1a: Mew
|-resisted|p1a: Mew
|-damage|p1a: Mew|92/100
|move|p1a: Mew|Stored Power|p2a: Hatterene
|-resisted|p2a: Hatterene
|-damage|p2a: Hatterene|13/100
|
|-heal|p1a: Mew|99/100|[from] item: Leftovers
|-end|p1a: Mew|move: Taunt
|upkeep
|turn|25
|
|t:|1636444044
|move|p2a: Hatterene|Psychic|p1a: Mew
|-resisted|p1a: Mew
|-damage|p1a: Mew|91/100
|move|p1a: Mew|Cosmic Power|p1a: Mew
|-boost|p1a: Mew|def|1
|-boost|p1a: Mew|spd|1
|
|-heal|p1a: Mew|97/100|[from] item: Leftovers
|-sideend|p1: Geenobe|move: Light Screen
|upkeep
|turn|26
|
|t:|1636444048
|move|p2a: Hatterene|Misty Explosion|p1a: Mew
|-crit|p1a: Mew
|-damage|p1a: Mew|26/100
|faint|p2a: Hatterene
|move|p1a: Mew|Cosmic Power|p1a: Mew
|-boost|p1a: Mew|def|1
|-boost|p1a: Mew|spd|1
|
|-heal|p1a: Mew|33/100|[from] item: Leftovers
|-fieldend|move: Trick Room
|upkeep
|
|t:|1636444052
|switch|p2a: Porygon2|Porygon2|100/100
|-ability|p2a: Porygon2|Synchronize|[from] ability: Trace|[of] p1a: Mew
|turn|27
|
|t:|1636444057
|move|p1a: Mew|Soft-Boiled|p1a: Mew
|-heal|p1a: Mew|83/100
|move|p2a: Porygon2|Ice Beam|p1a: Mew
|-damage|p1a: Mew|75/100
|
|-heal|p1a: Mew|82/100|[from] item: Leftovers
|upkeep
|turn|28
|
|t:|1636444062
|move|p1a: Mew|Stored Power|p2a: Porygon2
|-damage|p2a: Porygon2|76/100
|move|p2a: Porygon2|Ice Beam|p1a: Mew
|-damage|p1a: Mew|73/100
|
|-heal|p1a: Mew|80/100|[from] item: Leftovers
|upkeep
|turn|29
|-message|Chonk Tom forfeited.
|
|win|Geenobe
|raw|Geenobe's rating: 1672 &rarr; <strong>1691</strong><br />(+19 for winning)
|raw|Chonk Tom's rating: 1652 &rarr; <strong>1633</strong><br />(-19 for losing)
