|j|☆hh66tt
|j|☆wsdfg
|t:|1602003996
|player|p1|hh66tt|266|1815
|player|p2|wsdfg|lady|1698
|teamsize|p1|6
|teamsize|p2|6
|gametype|singles
|gen|8
|tier|[Gen 8] OU
|rated|
|clearpoke
|poke|p1|Indeedee, M|
|poke|p1|Hawlucha, M|
|poke|p1|Xatu, M|
|poke|p1|Alakazam, M|
|poke|p1|Cloyster, F|
|poke|p1|Volcarona, F|
|poke|p2|Zeraora|
|poke|p2|Clefable, M|
|poke|p2|Excadrill, M|
|poke|p2|Ferrothorn, F|
|poke|p2|Hydreigon, M|
|poke|p2|Hippowdon, M|
|rule|Sleep Clause Mod: Limit one foe put to sleep
|rule|Species Clause: Limit one of each Pokémon
|rule|OHKO Clause: OHKO moves are banned
|rule|Evasion Moves Clause: Evasion moves are banned
|rule|Endless Battle Clause: Forcing endless battles is banned
|rule|HP Percentage Mod: HP is shown in percentages
|rule|Dynamax Clause: You cannot dynamax
|teampreview
|j| LuzDeDia
|inactive|Battle timer is ON: inactive players will automatically lose when time's up. (requested by hh66tt)
|
|t:|1602004009
|start
|switch|p1a: Indeedee|Indeedee, M|100/100
|switch|p2a: Zeraora|Zeraora|100/100
|-fieldstart|move: Psychic Terrain|[from] ability: Psychic Surge|[of] p1a: Indeedee
|turn|1
|
|t:|1602004013
|switch|p1a: Xatu|Xatu, M|100/100
|move|p2a: Zeraora|Knock Off|p1a: Xatu
|-supereffective|p1a: Xatu
|-damage|p1a: Xatu|30/100
|-enditem|p1a: Xatu|Eject Button|[from] move: Knock Off|[of] p2a: Zeraora
|
|upkeep
|turn|2
|
|t:|1602004019
|move|p2a: Zeraora|Volt Switch|p1a: Xatu
|-supereffective|p1a: Xatu
|-damage|p1a: Xatu|0 fnt
|faint|p1a: Xatu
|
|t:|1602004023
|switch|p2a: Hippowdon|Hippowdon, M|100/100|[from]move: Volt Switch
|-weather|Sandstorm|[from] ability: Sand Stream|[of] p2a: Hippowdon
|
|-weather|Sandstorm|[upkeep]
|upkeep
|
|t:|1602004034
|switch|p1a: Alakazam|Alakazam, M|100/100
|turn|3
|
|t:|1602004037
|move|p1a: Alakazam|Nasty Plot|p1a: Alakazam
|-boost|p1a: Alakazam|spa|2
|move|p2a: Hippowdon|Earthquake|p1a: Alakazam
|-enditem|p1a: Alakazam|Focus Sash
|-damage|p1a: Alakazam|1/100
|
|-weather|Sandstorm|[upkeep]
|upkeep
|turn|4
|
|t:|1602004051
|move|p1a: Alakazam|Expanding Force|p2a: Hippowdon
|-damage|p2a: Hippowdon|0 fnt
|faint|p2a: Hippowdon
|
|-weather|Sandstorm|[upkeep]
|upkeep
|
|t:|1602004053
|switch|p2a: Excadrill|Excadrill, M|100/100
|turn|5
|
|t:|1602004057
|switch|p1a: Hawlucha|Hawlucha, M, shiny|100/100
|-enditem|p1a: Hawlucha|Psychic Seed
|-boost|p1a: Hawlucha|spd|1|[from] item: Psychic Seed
|move|p2a: Excadrill|Iron Head|p1a: Hawlucha
|-damage|p1a: Hawlucha|56/100
|
|-weather|Sandstorm|[upkeep]
|-damage|p1a: Hawlucha|50/100|[from] Sandstorm
|upkeep
|turn|6
|
|t:|1602004064
|switch|p2a: Clefable|Clefable, M|100/100
|move|p1a: Hawlucha|Close Combat|p2a: Clefable
|-resisted|p2a: Clefable
|-crit|p2a: Clefable
|-damage|p2a: Clefable|54/100
|-unboost|p1a: Hawlucha|def|1
|-unboost|p1a: Hawlucha|spd|1
|
|-weather|none
|-heal|p2a: Clefable|60/100|[from] item: Leftovers
|upkeep
|turn|7
|
|t:|1602004069
|move|p1a: Hawlucha|Acrobatics|p2a: Clefable
|-damage|p2a: Clefable|5/100
|move|p2a: Clefable|Moonblast|p1a: Hawlucha
|-supereffective|p1a: Hawlucha
|-damage|p1a: Hawlucha|0 fnt
|faint|p1a: Hawlucha
|
|-heal|p2a: Clefable|11/100|[from] item: Leftovers
|upkeep
|
|t:|1602004074
|switch|p1a: Alakazam|Alakazam, M|1/100
|turn|8
|
|t:|1602004077
|move|p1a: Alakazam|Dazzling Gleam|p2a: Clefable
|-damage|p2a: Clefable|0 fnt
|faint|p2a: Clefable
|
|-fieldend|move: Psychic Terrain
|upkeep
|
|t:|1602004079
|switch|p2a: Zeraora|Zeraora|100/100
|turn|9
|
|t:|1602004082
|switch|p1a: Indeedee|Indeedee, M|100/100
|-fieldstart|move: Psychic Terrain|[from] ability: Psychic Surge|[of] p1a: Indeedee
|move|p2a: Zeraora|Knock Off|p1a: Indeedee
|-supereffective|p1a: Indeedee
|-damage|p1a: Indeedee|0 fnt
|-enditem|p1a: Indeedee|Terrain Extender|[from] move: Knock Off|[of] p2a: Zeraora
|faint|p1a: Indeedee
|
|upkeep
|
|t:|1602004096
|switch|p1a: Volcarona|Volcarona, F|100/100
|turn|10
|
|t:|1602004099
|move|p2a: Zeraora|Plasma Fists|p1a: Volcarona
|-damage|p1a: Volcarona|30/100
|-fieldactivate|move: Ion Deluge
|move|p1a: Volcarona|Quiver Dance|p1a: Volcarona
|-boost|p1a: Volcarona|spa|1
|-boost|p1a: Volcarona|spd|1
|-boost|p1a: Volcarona|spe|1
|
|upkeep
|turn|11
|j| NDHB
|
|t:|1602004105
|move|p1a: Volcarona|Bug Buzz|p2a: Zeraora
|-damage|p2a: Zeraora|0 fnt
|faint|p2a: Zeraora
|
|upkeep
|
|t:|1602004109
|switch|p2a: Ferrothorn|Ferrothorn, F|100/100
|turn|12
|
|t:|1602004111
|move|p1a: Volcarona|Fiery Dance|p2a: Ferrothorn
|-supereffective|p2a: Ferrothorn
|-damage|p2a: Ferrothorn|0 fnt
|faint|p2a: Ferrothorn
|
|upkeep
|-message|wsdfg forfeited.
|
|win|hh66tt
|l|☆wsdfg
|l|☆hh66tt
|l| LuzDeDia
||Ladder (probably) updated, but score could not be retrieved (Request timeout).
