|j|☆realbreadhours
|j|☆cump3
|t:|1659489271
|gametype|singles
|player|p1|realbreadhours|clair|1658
|player|p2|cump3|265|1678
|teamsize|p1|6
|teamsize|p2|6
|gen|8
|tier|[Gen 8] OU
|rated|
|rule|Sleep Clause Mod: Limit one foe put to sleep
|rule|Species Clause: Limit one of each Pokémon
|rule|OHKO Clause: OHKO moves are banned
|rule|Evasion Moves Clause: Evasion moves are banned
|rule|Endless Battle Clause: Forcing endless battles is banned
|rule|HP Percentage Mod: HP is shown in percentages
|rule|Dynamax Clause: You cannot dynamax
|clearpoke
|poke|p1|Ninetales-Alola, F|
|poke|p1|Arctozolt|
|poke|p1|Swampert, F|
|poke|p1|Blacephalon|
|poke|p1|Garchomp, F|
|poke|p1|Corviknight, F|
|poke|p2|Tyranitar, F|
|poke|p2|Excadrill, M|
|poke|p2|Zapdos|
|poke|p2|Reuniclus, M|
|poke|p2|Clefable, F|
|poke|p2|Mew|
|teampreview
|c|☆cump3|hf
|
|t:|1659489286
|start
|switch|p1a: Swampert|Swampert, F|100/100
|switch|p2a: Excadrill|Excadrill, M|100/100
|turn|1
|c|☆realbreadhours|glhf
|
|t:|1659489291
|switch|p2a: Zapdos|Zapdos|100/100
|move|p1a: Swampert|Flip Turn|p2a: Zapdos
|-damage|p2a: Zapdos|85/100
|
|t:|1659489294
|switch|p1a: Ninetales|Ninetales-Alola, F|100/100|[from]move: Flip Turn
|-weather|Hail|[from] ability: Snow Warning|[of] p1a: Ninetales
|
|-weather|Hail|[upkeep]
|-damage|p2a: Zapdos|79/100|[from] Hail
|upkeep
|turn|2
|
|t:|1659489296
|move|p1a: Ninetales|Blizzard|p2a: Zapdos
|-supereffective|p2a: Zapdos
|-damage|p2a: Zapdos|0 fnt
|faint|p2a: Zapdos
|
|-weather|Hail|[upkeep]
|upkeep
|
|t:|1659489298
|switch|p2a: Tyranitar|Tyranitar, F, shiny|100/100
|-weather|Sandstorm|[from] ability: Sand Stream|[of] p2a: Tyranitar
|turn|3
|
|t:|1659489302
|switch|p1a: Corviknight|Corviknight, F|100/100
|-ability|p1a: Corviknight|Pressure
|move|p2a: Tyranitar|Stealth Rock|p1a: Corviknight
|-sidestart|p1: realbreadhours|move: Stealth Rock
|
|-weather|Sandstorm|[upkeep]
|upkeep
|turn|4
|
|t:|1659489305
|switch|p2a: Reuniclus|Reuniclus, M, shiny|100/100
|move|p1a: Corviknight|Body Press|p2a: Reuniclus
|-resisted|p2a: Reuniclus
|-damage|p2a: Reuniclus|90/100
|
|-weather|Sandstorm|[upkeep]
|upkeep
|turn|5
|
|t:|1659489307
|move|p1a: Corviknight|U-turn|p2a: Reuniclus
|-supereffective|p2a: Reuniclus
|-damage|p2a: Reuniclus|67/100
|
|t:|1659489312
|switch|p1a: Blacephalon|Blacephalon|100/100|[from]move: U-turn
|-damage|p1a: Blacephalon|76/100|[from] Stealth Rock
|move|p2a: Reuniclus|Calm Mind|p2a: Reuniclus
|-boost|p2a: Reuniclus|spa|1
|-boost|p2a: Reuniclus|spd|1
|
|-weather|Sandstorm|[upkeep]
|-damage|p1a: Blacephalon|70/100|[from] Sandstorm
|upkeep
|turn|6
|
|t:|1659489316
|switch|p2a: Tyranitar|Tyranitar, F, shiny|100/100
|move|p1a: Blacephalon|Shadow Ball|p2a: Tyranitar
|-resisted|p2a: Tyranitar
|-damage|p2a: Tyranitar|91/100
|
|-weather|Sandstorm|[upkeep]
|-damage|p1a: Blacephalon|64/100|[from] Sandstorm
|-heal|p2a: Tyranitar|97/100|[from] item: Leftovers
|upkeep
|turn|7
|
|t:|1659489320
|switch|p1a: Corviknight|Corviknight, F|100/100
|-damage|p1a: Corviknight|88/100|[from] Stealth Rock
|-ability|p1a: Corviknight|Pressure
|move|p2a: Tyranitar|Thunder Wave|p1a: Corviknight|[miss]
|-miss|p2a: Tyranitar|p1a: Corviknight
|
|-weather|none
|-heal|p2a: Tyranitar|100/100|[from] item: Leftovers
|upkeep
|turn|8
|
|t:|1659489324
|switch|p2a: Clefable|Clefable, F|100/100
|move|p1a: Corviknight|Defog|p2a: Clefable
|-unboost|p2a: Clefable|evasion|1
|-sideend|p1: realbreadhours|Stealth Rock|[from] move: Defog|[of] p1a: Corviknight
|
|upkeep
|turn|9
|
|t:|1659489328
|move|p1a: Corviknight|U-turn|p2a: Clefable
|-resisted|p2a: Clefable
|-damage|p2a: Clefable|95/100
|
|t:|1659489331
|switch|p1a: Ninetales|Ninetales-Alola, F|100/100|[from]move: U-turn
|-weather|Hail|[from] ability: Snow Warning|[of] p1a: Ninetales
|move|p2a: Clefable|Moonblast|p1a: Ninetales
|-damage|p1a: Ninetales|64/100
|-unboost|p1a: Ninetales|spa|1
|
|-weather|Hail|[upkeep]
|-heal|p2a: Clefable|100/100|[from] item: Leftovers
|upkeep
|turn|10
|
|t:|1659489334
|move|p1a: Ninetales|Moonblast|p2a: Clefable
|-damage|p2a: Clefable|76/100
|move|p2a: Clefable|Moonblast|p1a: Ninetales
|-damage|p1a: Ninetales|27/100
|
|-weather|Hail|[upkeep]
|-heal|p2a: Clefable|82/100|[from] item: Leftovers
|upkeep
|turn|11
|
|t:|1659489338
|switch|p2a: Excadrill|Excadrill, M|100/100
|move|p1a: Ninetales|Aurora Veil|p1a: Ninetales
|-sidestart|p1: realbreadhours|move: Aurora Veil
|
|-weather|Hail|[upkeep]
|-damage|p2a: Excadrill|94/100|[from] Hail
|-heal|p2a: Excadrill|100/100|[from] item: Leftovers
|upkeep
|turn|12
|
|t:|1659489343
|switch|p1a: Corviknight|Corviknight, F|88/100
|-ability|p1a: Corviknight|Pressure
|switch|p2a: Tyranitar|Tyranitar, F, shiny|100/100
|-weather|Sandstorm|[from] ability: Sand Stream|[of] p2a: Tyranitar
|
|-weather|Sandstorm|[upkeep]
|upkeep
|turn|13
|
|t:|1659489347
|switch|p2a: Clefable|Clefable, F|82/100
|move|p1a: Corviknight|U-turn|p2a: Clefable
|-resisted|p2a: Clefable
|-damage|p2a: Clefable|77/100
|
|t:|1659489354
|switch|p1a: Arctozolt|Arctozolt|100/100|[from]move: U-turn
|
|-weather|Sandstorm|[upkeep]
|-damage|p1a: Arctozolt|94/100|[from] Sandstorm
|-heal|p2a: Clefable|83/100|[from] item: Leftovers
|upkeep
|turn|14
|
|t:|1659489363
|move|p1a: Arctozolt|Low Kick|p2a: Clefable
|-resisted|p2a: Clefable
|-damage|p2a: Clefable|76/100
|move|p2a: Clefable|Moonblast|p1a: Arctozolt
|-damage|p1a: Arctozolt|70/100
|
|-weather|Sandstorm|[upkeep]
|-damage|p1a: Arctozolt|64/100|[from] Sandstorm
|-heal|p2a: Clefable|82/100|[from] item: Leftovers
|upkeep
|turn|15
|
|t:|1659489366
|switch|p2a: Excadrill|Excadrill, M|100/100
|move|p1a: Arctozolt|Bolt Beak|p2a: Excadrill
|-immune|p2a: Excadrill
|
|-weather|Sandstorm|[upkeep]
|-damage|p1a: Arctozolt|58/100|[from] Sandstorm
|-sideend|p1: realbreadhours|move: Aurora Veil
|upkeep
|turn|16
|
|t:|1659489369
|switch|p1a: Corviknight|Corviknight, F|88/100
|-ability|p1a: Corviknight|Pressure
|move|p2a: Excadrill|Iron Head|p1a: Corviknight
|-resisted|p1a: Corviknight
|-damage|p1a: Corviknight|76/100
|-damage|p2a: Excadrill|84/100|[from] item: Rocky Helmet|[of] p1a: Corviknight
|
|-weather|none
|-heal|p2a: Excadrill|90/100|[from] item: Leftovers
|upkeep
|turn|17
|
|t:|1659489375
|switch|p2a: Clefable|Clefable, F|82/100
|move|p1a: Corviknight|Body Press|p2a: Clefable
|-resisted|p2a: Clefable
|-crit|p2a: Clefable
|-damage|p2a: Clefable|66/100
|
|-heal|p2a: Clefable|72/100|[from] item: Leftovers
|upkeep
|turn|18
|
|t:|1659489380
|move|p1a: Corviknight|U-turn|p2a: Clefable
|-resisted|p2a: Clefable
|-damage|p2a: Clefable|66/100
|
|t:|1659489384
|switch|p1a: Swampert|Swampert, F|100/100|[from]move: U-turn
|move|p2a: Clefable|Moonblast|p1a: Swampert
|-damage|p1a: Swampert|81/100
|
|-heal|p2a: Clefable|73/100|[from] item: Leftovers
|-heal|p1a: Swampert|87/100|[from] item: Leftovers
|upkeep
|turn|19
|
|t:|1659489386
|move|p2a: Clefable|Calm Mind|p2a: Clefable
|-boost|p2a: Clefable|spa|1
|-boost|p2a: Clefable|spd|1
|move|p1a: Swampert|Earthquake|p2a: Clefable
|-damage|p2a: Clefable|43/100
|
|-heal|p2a: Clefable|49/100|[from] item: Leftovers
|-heal|p1a: Swampert|94/100|[from] item: Leftovers
|upkeep
|turn|20
|
|t:|1659489390
|move|p2a: Clefable|Soft-Boiled|p2a: Clefable
|-heal|p2a: Clefable|99/100
|move|p1a: Swampert|Flip Turn|p2a: Clefable
|-damage|p2a: Clefable|81/100
|
|t:|1659489400
|switch|p1a: Arctozolt|Arctozolt|58/100|[from]move: Flip Turn
|
|-heal|p2a: Clefable|87/100|[from] item: Leftovers
|upkeep
|turn|21
|
|t:|1659489404
|switch|p2a: Excadrill|Excadrill, M|90/100
|move|p1a: Arctozolt|Bolt Beak|p2a: Excadrill
|-immune|p2a: Excadrill
|
|-heal|p2a: Excadrill|96/100|[from] item: Leftovers
|upkeep
|turn|22
|
|t:|1659489409
|switch|p2a: Mew|Mew, shiny|100/100
|switch|p1a: Corviknight|Corviknight, F|76/100
|-ability|p1a: Corviknight|Pressure
|
|upkeep
|turn|23
|
|t:|1659489411
|move|p2a: Mew|Nasty Plot|p2a: Mew
|-boost|p2a: Mew|spa|2
|move|p1a: Corviknight|U-turn|p2a: Mew
|-supereffective|p2a: Mew
|-damage|p2a: Mew|72/100
|
|t:|1659489414
|switch|p1a: Blacephalon|Blacephalon|64/100|[from]move: U-turn
|
|upkeep
|turn|24
|
|t:|1659489417
|move|p1a: Blacephalon|Shadow Ball|p2a: Mew
|-supereffective|p2a: Mew
|-enditem|p2a: Mew|Kasib Berry|[eat]
|-enditem|p2a: Mew|Kasib Berry|[weaken]
|-damage|p2a: Mew|22/100
|move|p2a: Mew|Psyshock|p1a: Blacephalon
|-damage|p1a: Blacephalon|0 fnt
|faint|p1a: Blacephalon
|
|upkeep
|
|t:|1659489427
|switch|p1a: Garchomp|Garchomp, F|100/100
|turn|25
|
|t:|1659489430
|move|p1a: Garchomp|Earthquake|p2a: Mew
|-damage|p2a: Mew|0 fnt
|faint|p2a: Mew
|
|upkeep
|
|t:|1659489432
|switch|p2a: Clefable|Clefable, F|87/100
|turn|26
|
|t:|1659489435
|move|p1a: Garchomp|Earthquake|p2a: Clefable
|-damage|p2a: Clefable|47/100
|move|p2a: Clefable|Moonblast|p1a: Garchomp
|-supereffective|p1a: Garchomp
|-crit|p1a: Garchomp
|-damage|p1a: Garchomp|0 fnt
|faint|p1a: Garchomp
|
|-heal|p2a: Clefable|53/100|[from] item: Leftovers
|upkeep
|
|t:|1659489446
|switch|p1a: Arctozolt|Arctozolt|58/100
|turn|27
|
|t:|1659489458
|move|p1a: Arctozolt|Bolt Beak|p2a: Clefable
|-damage|p2a: Clefable|0 fnt
|faint|p2a: Clefable
|
|upkeep
|
|t:|1659489465
|switch|p2a: Tyranitar|Tyranitar, F, shiny|100/100
|-weather|Sandstorm|[from] ability: Sand Stream|[of] p2a: Tyranitar
|turn|28
|
|t:|1659489469
|switch|p2a: Reuniclus|Reuniclus, M, shiny|67/100
|move|p1a: Arctozolt|Low Kick|p2a: Reuniclus
|-resisted|p2a: Reuniclus
|-damage|p2a: Reuniclus|63/100
|
|-weather|Sandstorm|[upkeep]
|-damage|p1a: Arctozolt|51/100|[from] Sandstorm
|upkeep
|turn|29
|
|t:|1659489472
|switch|p2a: Excadrill|Excadrill, M|96/100
|move|p1a: Arctozolt|Bolt Beak|p2a: Excadrill
|-immune|p2a: Excadrill
|
|-weather|Sandstorm|[upkeep]
|-damage|p1a: Arctozolt|45/100|[from] Sandstorm
|-heal|p2a: Excadrill|100/100|[from] item: Leftovers
|upkeep
|turn|30
|
|t:|1659489477
|switch|p2a: Reuniclus|Reuniclus, M, shiny|63/100
|switch|p1a: Corviknight|Corviknight, F|76/100
|-ability|p1a: Corviknight|Pressure
|
|-weather|Sandstorm|[upkeep]
|upkeep
|turn|31
|
|t:|1659489479
|move|p1a: Corviknight|U-turn|p2a: Reuniclus
|-supereffective|p2a: Reuniclus
|-damage|p2a: Reuniclus|42/100
|
|t:|1659489482
|switch|p1a: Arctozolt|Arctozolt|45/100|[from]move: U-turn
|move|p2a: Reuniclus|Acid Armor|p2a: Reuniclus
|-boost|p2a: Reuniclus|def|2
|
|-weather|Sandstorm|[upkeep]
|-damage|p1a: Arctozolt|39/100|[from] Sandstorm
|upkeep
|turn|32
|
|t:|1659489485
|move|p1a: Arctozolt|Bolt Beak|p2a: Reuniclus
|-damage|p2a: Reuniclus|16/100
|move|p2a: Reuniclus|Recover|p2a: Reuniclus
|-heal|p2a: Reuniclus|66/100
|
|-weather|none
|upkeep
|turn|33
|
|t:|1659489493
|switch|p1a: Swampert|Swampert, F|94/100
|move|p2a: Reuniclus|Calm Mind|p2a: Reuniclus
|-boost|p2a: Reuniclus|spa|1
|-boost|p2a: Reuniclus|spd|1
|
|-heal|p1a: Swampert|99/100|[from] item: Leftovers
|upkeep
|turn|34
|
|t:|1659489496
|move|p1a: Swampert|Scald|p2a: Reuniclus
|-damage|p2a: Reuniclus|50/100
|-status|p2a: Reuniclus|brn
|move|p2a: Reuniclus|Recover|p2a: Reuniclus
|-heal|p2a: Reuniclus|99/100 brn
|
|-heal|p1a: Swampert|100/100|[from] item: Leftovers
|upkeep
|turn|35
|
|t:|1659489500
|move|p1a: Swampert|Flip Turn|p2a: Reuniclus
|-damage|p2a: Reuniclus|92/100 brn
|
|t:|1659489505
|switch|p1a: Ninetales|Ninetales-Alola, F|27/100|[from]move: Flip Turn
|-weather|Hail|[from] ability: Snow Warning|[of] p1a: Ninetales
|move|p2a: Reuniclus|Acid Armor|p2a: Reuniclus
|-boost|p2a: Reuniclus|def|2
|
|-weather|Hail|[upkeep]
|upkeep
|turn|36
|
|t:|1659489507
|move|p1a: Ninetales|Aurora Veil|p1a: Ninetales
|-sidestart|p1: realbreadhours|move: Aurora Veil
|move|p2a: Reuniclus|Stored Power|p1a: Ninetales
|-damage|p1a: Ninetales|0 fnt
|faint|p1a: Ninetales
|
|-weather|Hail|[upkeep]
|upkeep
|
|t:|1659489510
|switch|p1a: Arctozolt|Arctozolt|39/100
|turn|37
|
|t:|1659489512
|move|p1a: Arctozolt|Bolt Beak|p2a: Reuniclus
|-damage|p2a: Reuniclus|75/100 brn
|move|p2a: Reuniclus|Stored Power|p1a: Arctozolt
|-damage|p1a: Arctozolt|0 fnt
|faint|p1a: Arctozolt
|
|-weather|Hail|[upkeep]
|upkeep
|
|t:|1659489518
|switch|p1a: Swampert|Swampert, F|100/100
|turn|38
|
|t:|1659489521
|move|p1a: Swampert|Earthquake|p2a: Reuniclus
|-damage|p2a: Reuniclus|65/100 brn
|move|p2a: Reuniclus|Acid Armor|p2a: Reuniclus
|-boost|p2a: Reuniclus|def|2
|
|-weather|Hail|[upkeep]
|-damage|p1a: Swampert|94/100|[from] Hail
|-heal|p1a: Swampert|100/100|[from] item: Leftovers
|upkeep
|turn|39
|
|t:|1659489524
|move|p1a: Swampert|Scald|p2a: Reuniclus
|-damage|p2a: Reuniclus|50/100 brn
|move|p2a: Reuniclus|Calm Mind|p2a: Reuniclus
|-boost|p2a: Reuniclus|spa|1
|-boost|p2a: Reuniclus|spd|1
|
|-weather|Hail|[upkeep]
|-damage|p1a: Swampert|94/100|[from] Hail
|-heal|p1a: Swampert|100/100|[from] item: Leftovers
|upkeep
|turn|40
|
|t:|1659489528
|move|p1a: Swampert|Scald|p2a: Reuniclus
|-damage|p2a: Reuniclus|38/100 brn
|move|p2a: Reuniclus|Recover|p2a: Reuniclus
|-heal|p2a: Reuniclus|88/100 brn
|
|-weather|Hail|[upkeep]
|-damage|p1a: Swampert|94/100|[from] Hail
|-heal|p1a: Swampert|100/100|[from] item: Leftovers
|-sideend|p1: realbreadhours|move: Aurora Veil
|upkeep
|turn|41
|
|t:|1659489532
|move|p1a: Swampert|Scald|p2a: Reuniclus
|-damage|p2a: Reuniclus|76/100 brn
|move|p2a: Reuniclus|Stored Power|p1a: Swampert
|-damage|p1a: Swampert|0 fnt
|faint|p1a: Swampert
|
|-weather|Hail|[upkeep]
|upkeep
|
|t:|1659489536
|switch|p1a: Corviknight|Corviknight, F|76/100
|-ability|p1a: Corviknight|Pressure
|turn|42
|
|t:|1659489538
|move|p1a: Corviknight|U-turn|p2a: Reuniclus
|-supereffective|p2a: Reuniclus
|-damage|p2a: Reuniclus|70/100 brn
|move|p2a: Reuniclus|Stored Power|p1a: Corviknight
|-resisted|p1a: Corviknight
|-damage|p1a: Corviknight|0 fnt
|faint|p1a: Corviknight
|
|win|cump3
|raw|realbreadhours's rating: 1658 &rarr; <strong>1639</strong><br />(-19 for losing)
|raw|cump3's rating: 1678 &rarr; <strong>1697</strong><br />(+19 for winning)
|c|☆cump3|gg
|l|☆realbreadhours
||Ladder isn't responding, score probably updated but might not have (Request timeout).
