|j|☆Mickey m
|j|☆Thadenvy1
|t:|1608708297
|player|p1|Mickey m|hilbert-dueldisk|1569
|player|p2|Thadenvy1|norman|1540
|teamsize|p1|6
|teamsize|p2|6
|gametype|singles
|gen|8
|tier|[Gen 8] OU
|rated|
|clearpoke
|poke|p1|Dragonite, F|
|poke|p1|Zapdos|
|poke|p1|Urshifu-*, M|
|poke|p1|Cinderace, F|
|poke|p1|Garchomp, F|
|poke|p1|Dragapult, M|
|poke|p2|Pelipper, F|
|poke|p2|Mew|
|poke|p2|Magearna|
|poke|p2|Dragapult, M|
|poke|p2|Urshifu-*, F|
|poke|p2|Landorus-Therian, M|
|rule|Sleep Clause Mod: Limit one foe put to sleep
|rule|Species Clause: Limit one of each Pokémon
|rule|OHKO Clause: OHKO moves are banned
|rule|Evasion Moves Clause: Evasion moves are banned
|rule|Endless Battle Clause: Forcing endless battles is banned
|rule|HP Percentage Mod: HP is shown in percentages
|rule|Dynamax Clause: You cannot dynamax
|teampreview
|inactive|Battle timer is ON: inactive players will automatically lose when time's up. (requested by Mickey m)
|
|t:|1608708308
|start
|switch|p1a: Garchomp|Garchomp, F|100/100
|switch|p2a: Mew|Mew|100/100
|turn|1
|
|t:|1608708317
|move|p1a: Garchomp|Stealth Rock|p2a: Mew
|-sidestart|p2: Thadenvy1|move: Stealth Rock
|move|p2a: Mew|Spikes|p1a: Garchomp
|-sidestart|p1: Mickey m|Spikes
|
|upkeep
|turn|2
|
|t:|1608708321
|move|p1a: Garchomp|Swords Dance|p1a: Garchomp
|-boost|p1a: Garchomp|atk|2
|move|p2a: Mew|Stealth Rock|p1a: Garchomp
|-sidestart|p1: Mickey m|move: Stealth Rock
|
|upkeep
|turn|3
|
|t:|1608708328
|move|p1a: Garchomp|Earthquake|p2a: Mew
|-damage|p2a: Mew|6/100
|-enditem|p2a: Mew|Red Card|[of] p1a: Garchomp
|drag|p1a: Urshifu|Urshifu, M|100/100
|-damage|p1a: Urshifu|94/100|[from] Stealth Rock
|-damage|p1a: Urshifu|82/100|[from] Spikes
|move|p2a: Mew|Explosion|p1a: Urshifu
|-damage|p1a: Urshifu|25/100
|faint|p2a: Mew
|
|upkeep
|
|t:|1608708341
|switch|p2a: Magearna|Magearna|100/100
|-damage|p2a: Magearna|94/100|[from] Stealth Rock
|turn|4
|
|t:|1608708346
|move|p1a: Urshifu|Close Combat|p2a: Magearna
|-damage|p2a: Magearna|40/100
|-unboost|p1a: Urshifu|def|1
|-unboost|p1a: Urshifu|spd|1
|move|p2a: Magearna|Iron Defense|p2a: Magearna
|-boost|p2a: Magearna|def|2
|
|-heal|p2a: Magearna|46/100|[from] item: Leftovers
|upkeep
|turn|5
|
|t:|1608708355
|switch|p1a: Zapdos|Zapdos|100/100
|move|p2a: Magearna|Draining Kiss|p1a: Zapdos
|-damage|p1a: Zapdos|79/100
|-heal|p2a: Magearna|63/100|[from] drain|[of] p1a: Zapdos
|
|-heal|p2a: Magearna|69/100|[from] item: Leftovers
|upkeep
|turn|6
|
|t:|1608708366
|switch|p2a: Dragapult|Dragapult, M|100/100
|-damage|p2a: Dragapult|88/100|[from] Stealth Rock
|move|p1a: Zapdos|Discharge|p2a: Dragapult
|-resisted|p2a: Dragapult
|-damage|p2a: Dragapult|61/100
|
|upkeep
|turn|7
|
|t:|1608708375
|move|p2a: Dragapult|Draco Meteor|p1a: Zapdos
|-crit|p1a: Zapdos
|-damage|p1a: Zapdos|0 fnt
|-unboost|p2a: Dragapult|spa|2
|faint|p1a: Zapdos
|
|upkeep
|
|t:|1608708386
|switch|p1a: Garchomp|Garchomp, F|100/100
|-damage|p1a: Garchomp|94/100|[from] Stealth Rock
|-damage|p1a: Garchomp|82/100|[from] Spikes
|turn|8
|
|t:|1608708392
|move|p2a: Dragapult|Draco Meteor|p1a: Garchomp
|-supereffective|p1a: Garchomp
|-damage|p1a: Garchomp|0 fnt
|-unboost|p2a: Dragapult|spa|2
|faint|p1a: Garchomp
|
|upkeep
|
|t:|1608708402
|switch|p1a: Dragonite|Dragonite, F|100/100
|-damage|p1a: Dragonite|76/100|[from] Stealth Rock
|turn|9
|
|t:|1608708406
|move|p2a: Dragapult|Draco Meteor|p1a: Dragonite
|-supereffective|p1a: Dragonite
|-damage|p1a: Dragonite|16/100
|-unboost|p2a: Dragapult|spa|2
|-enditem|p1a: Dragonite|Weakness Policy
|-boost|p1a: Dragonite|atk|2|[from] item: Weakness Policy
|-boost|p1a: Dragonite|spa|2|[from] item: Weakness Policy
|move|p1a: Dragonite|Dragon Dance|p1a: Dragonite
|-boost|p1a: Dragonite|atk|1
|-boost|p1a: Dragonite|spe|1
|
|upkeep
|turn|10
|
|t:|1608708417
|move|p2a: Dragapult|Draco Meteor|p1a: Dragonite
|-supereffective|p1a: Dragonite
|-damage|p1a: Dragonite|0 fnt
|faint|p1a: Dragonite
|
|upkeep
|c|☆Thadenvy1|lol
|-message|Mickey m forfeited.
|
|win|Thadenvy1
|l|☆Mickey m
