|j|☆GuardArc
|j|☆Arundrago
|t:|1608779079
|player|p1|GuardArc|lance-gen3|
|player|p2|Arundrago|volkner|
|teamsize|p1|6
|teamsize|p2|6
|gametype|singles
|gen|8
|tier|[Gen 8] OU
|clearpoke
|poke|p1|Urshifu-*, F|
|poke|p1|Magearna|
|poke|p1|Moltres|
|poke|p1|Tapu Fini|
|poke|p1|Landorus-Therian, M|
|poke|p1|Hydreigon, M|
|poke|p2|Volcanion|
|poke|p2|Blissey, F|
|poke|p2|Zapdos|
|poke|p2|Slowking-Galar, M|
|poke|p2|Buzzwole|
|poke|p2|Melmetal|
|rule|Sleep Clause Mod: Limit one foe put to sleep
|rule|Species Clause: Limit one of each Pokémon
|rule|OHKO Clause: OHKO moves are banned
|rule|Evasion Moves Clause: Evasion moves are banned
|rule|Endless Battle Clause: Forcing endless battles is banned
|rule|HP Percentage Mod: HP is shown in percentages
|rule|Dynamax Clause: You cannot dynamax
|teampreview
|c|☆Arundrago|Glhf
|
|t:|1608779126
|start
|switch|p1a: Landorus|Landorus-Therian, M|100/100
|switch|p2a: Buzzwole|Buzzwole|100/100
|-ability|p1a: Landorus|Intimidate|boost
|-unboost|p2a: Buzzwole|atk|1
|turn|1
|c|☆GuardArc|you too man
|
|t:|1608779146
|move|p1a: Landorus|U-turn|p2a: Buzzwole
|-resisted|p2a: Buzzwole
|-damage|p2a: Buzzwole|94/100
|
|t:|1608779149
|switch|p1a: Tapu Fini|Tapu Fini|100/100|[from]move: U-turn
|-fieldstart|move: Misty Terrain|[from] ability: Misty Surge|[of] p1a: Tapu Fini
|move|p2a: Buzzwole|Taunt|p1a: Tapu Fini
|-start|p1a: Tapu Fini|move: Taunt
|
|-heal|p2a: Buzzwole|99/100|[from] item: Leftovers
|upkeep
|turn|2
|
|t:|1608779193
|switch|p1a: Landorus|Landorus-Therian, M|100/100
|-ability|p1a: Landorus|Intimidate|boost
|-unboost|p2a: Buzzwole|atk|1
|switch|p2a: Slowking|Slowking-Galar, M|100/100
|
|upkeep
|turn|3
|
|t:|1608779208
|switch|p2a: Buzzwole|Buzzwole|99/100
|move|p1a: Landorus|Earthquake|p2a: Buzzwole
|-resisted|p2a: Buzzwole
|-damage|p2a: Buzzwole|88/100
|
|-heal|p2a: Buzzwole|94/100|[from] item: Leftovers
|upkeep
|turn|4
|
|t:|1608779216
|switch|p1a: Moltres|Moltres|100/100
|move|p2a: Buzzwole|Ice Punch|p1a: Moltres
|-damage|p1a: Moltres|82/100
|
|-heal|p2a: Buzzwole|99/100|[from] item: Leftovers
|upkeep
|turn|5
|j| Larry GT
|
|t:|1608779229
|switch|p2a: Volcanion|Volcanion|100/100
|move|p1a: Moltres|Air Slash|p2a: Volcanion
|-damage|p2a: Volcanion|80/100
|
|-fieldend|Misty Terrain
|upkeep
|turn|6
|
|t:|1608779248
|switch|p1a: Tapu Fini|Tapu Fini|100/100
|-fieldstart|move: Misty Terrain|[from] ability: Misty Surge|[of] p1a: Tapu Fini
|move|p2a: Volcanion|Sludge Bomb|p1a: Tapu Fini
|-supereffective|p1a: Tapu Fini
|-crit|p1a: Tapu Fini
|-damage|p1a: Tapu Fini|13/100
|
|-heal|p1a: Tapu Fini|19/100|[from] item: Leftovers
|upkeep
|turn|7
|c|☆GuardArc|that... that really mattered
|c|☆Arundrago|Ah that crit... Sry for that
|c|☆GuardArc|all good
|c|☆GuardArc|just feels rotten
|c|☆Arundrago|Ikr
|
|t:|1608779338
|switch|p1a: Hydreigon|Hydreigon, M|100/100
|move|p2a: Volcanion|Steam Eruption|p1a: Hydreigon
|-resisted|p1a: Hydreigon
|-damage|p1a: Hydreigon|64/100
|-status|p1a: Hydreigon|brn
|
|-damage|p1a: Hydreigon|58/100 brn|[from] brn
|upkeep
|turn|8
|j| Venom94
|
|t:|1608779370
|switch|p2a: Blissey|Blissey, F|100/100
|move|p1a: Hydreigon|Roost|p1a: Hydreigon
|-heal|p1a: Hydreigon|100/100 brn
|-singleturn|p1a: Hydreigon|move: Roost
|
|-damage|p1a: Hydreigon|94/100 brn|[from] brn
|upkeep
|turn|9
|
|t:|1608779379
|switch|p1a: Urshifu|Urshifu, F|100/100
|move|p2a: Blissey|Stealth Rock|p1a: Urshifu
|-sidestart|p1: GuardArc|move: Stealth Rock
|
|upkeep
|turn|10
|
|t:|1608779388
|switch|p1a: Moltres|Moltres|82/100
|switch|p2a: Buzzwole|Buzzwole|99/100
|
|-heal|p2a: Buzzwole|100/100|[from] item: Leftovers
|-fieldend|Misty Terrain
|upkeep
|turn|11
|
|t:|1608779414
|switch|p2a: Volcanion|Volcanion|80/100
|move|p1a: Moltres|Defog|p2a: Volcanion
|-unboost|p2a: Volcanion|evasion|1
|-sideend|p1: GuardArc|Stealth Rock|[from] move: Defog|[of] p1a: Moltres
|
|upkeep
|turn|12
|
|t:|1608779420
|switch|p1a: Hydreigon|Hydreigon, M|94/100 brn
|move|p2a: Volcanion|Steam Eruption|p1a: Hydreigon
|-resisted|p1a: Hydreigon
|-damage|p1a: Hydreigon|58/100 brn
|
|-damage|p1a: Hydreigon|52/100 brn|[from] brn
|upkeep
|turn|13
|
|t:|1608779465
|switch|p2a: Blissey|Blissey, F|100/100
|move|p1a: Hydreigon|Roost|p1a: Hydreigon
|-heal|p1a: Hydreigon|100/100 brn
|-singleturn|p1a: Hydreigon|move: Roost
|
|-damage|p1a: Hydreigon|94/100 brn|[from] brn
|upkeep
|turn|14
|
|t:|1608779483
|switch|p1a: Landorus|Landorus-Therian, M|100/100
|-ability|p1a: Landorus|Intimidate|boost
|-unboost|p2a: Blissey|atk|1
|move|p2a: Blissey|Stealth Rock|p1a: Landorus
|-sidestart|p1: GuardArc|move: Stealth Rock
|
|upkeep
|turn|15
|l| Venom94
|
|t:|1608779494
|switch|p2a: Buzzwole|Buzzwole|100/100
|move|p1a: Landorus|U-turn|p2a: Buzzwole
|-resisted|p2a: Buzzwole
|-damage|p2a: Buzzwole|95/100
|
|t:|1608779525
|switch|p1a: Moltres|Moltres|82/100|[from]move: U-turn
|
|-heal|p2a: Buzzwole|100/100|[from] item: Leftovers
|upkeep
|turn|16
|
|t:|1608779533
|switch|p2a: Blissey|Blissey, F|100/100
|move|p1a: Moltres|Air Slash|p2a: Blissey
|-damage|p2a: Blissey|88/100
|
|-heal|p2a: Blissey|94/100|[from] item: Leftovers
|upkeep
|turn|17
|
|t:|1608779540
|move|p1a: Moltres|Defog|p2a: Blissey
|-unboost|p2a: Blissey|evasion|1
|-sideend|p1: GuardArc|Stealth Rock|[from] move: Defog|[of] p1a: Moltres
|move|p2a: Blissey|Seismic Toss|p1a: Moltres
|-damage|p1a: Moltres|56/100
|
|-heal|p2a: Blissey|99/100|[from] item: Leftovers
|upkeep
|turn|18
|
|t:|1608779543
|switch|p1a: Landorus|Landorus-Therian, M|100/100
|-ability|p1a: Landorus|Intimidate|boost
|-unboost|p2a: Blissey|atk|1
|move|p2a: Blissey|Stealth Rock|p1a: Landorus
|-sidestart|p1: GuardArc|move: Stealth Rock
|
|-heal|p2a: Blissey|100/100|[from] item: Leftovers
|upkeep
|turn|19
|
|t:|1608779548
|switch|p2a: Buzzwole|Buzzwole|100/100
|move|p1a: Landorus|Stealth Rock|p2a: Buzzwole
|-sidestart|p2: Arundrago|move: Stealth Rock
|
|upkeep
|turn|20
|
|t:|1608779578
|switch|p1a: Moltres|Moltres|56/100
|move|p2a: Buzzwole|Taunt|p1a: Moltres
|-start|p1a: Moltres|move: Taunt
|
|upkeep
|turn|21
|
|t:|1608779609
|switch|p1a: Urshifu|Urshifu, F|100/100
|-damage|p1a: Urshifu|94/100|[from] Stealth Rock
|switch|p2a: Slowking|Slowking-Galar, M|100/100
|-damage|p2a: Slowking|88/100|[from] Stealth Rock
|
|upkeep
|turn|22
|j| Venom94
|l| Venom94
|
|t:|1608779648
|switch|p1a: Moltres|Moltres|56/100
|switch|p2a: Buzzwole|Buzzwole|100/100
|-damage|p2a: Buzzwole|88/100|[from] Stealth Rock
|
|-heal|p2a: Buzzwole|94/100|[from] item: Leftovers
|upkeep
|turn|23
|
|t:|1608779660
|switch|p2a: Slowking|Slowking-Galar, M|100/100
|-damage|p2a: Slowking|88/100|[from] Stealth Rock
|move|p1a: Moltres|Air Slash|p2a: Slowking
|-damage|p2a: Slowking|73/100
|
|upkeep
|turn|24
|
|t:|1608779674
|switch|p1a: Landorus|Landorus-Therian, M|100/100
|-damage|p1a: Landorus|88/100|[from] Stealth Rock
|-ability|p1a: Landorus|Intimidate|boost
|-unboost|p2a: Slowking|atk|1
|move|p2a: Slowking|Future Sight|p1a: Landorus
|-start|p2a: Slowking|move: Future Sight
|
|upkeep
|turn|25
|
|t:|1608779681
|switch|p2a: Buzzwole|Buzzwole|94/100
|-damage|p2a: Buzzwole|82/100|[from] Stealth Rock
|move|p1a: Landorus|U-turn|p2a: Buzzwole
|-resisted|p2a: Buzzwole
|-damage|p2a: Buzzwole|75/100
|
|t:|1608779683
|switch|p1a: Magearna|Magearna|100/100|[from]move: U-turn
|-damage|p1a: Magearna|95/100|[from] Stealth Rock
|
|-heal|p2a: Buzzwole|81/100|[from] item: Leftovers
|upkeep
|turn|26
|
|t:|1608779692
|switch|p2a: Melmetal|Melmetal|100/100
|-damage|p2a: Melmetal|94/100|[from] Stealth Rock
|move|p1a: Magearna|Fleur Cannon|p2a: Melmetal
|-resisted|p2a: Melmetal
|-damage|p2a: Melmetal|63/100
|-unboost|p1a: Magearna|spa|2
|
|-end|p1a: Magearna|move: Future Sight
|-resisted|p1a: Magearna
|-damage|p1a: Magearna|66/100
|upkeep
|turn|27
|
|t:|1608779701
|switch|p1a: Landorus|Landorus-Therian, M|88/100
|-damage|p1a: Landorus|76/100|[from] Stealth Rock
|-ability|p1a: Landorus|Intimidate|boost
|-unboost|p2a: Melmetal|atk|1
|move|p2a: Melmetal|Rock Slide|p1a: Landorus
|-damage|p1a: Landorus|53/100
|
|upkeep
|turn|28
|l|☆GuardArc
|player|p1|
|c|☆Arundrago|He left?
|j|☆GuardArc
|player|p1|GuardArc|lance-gen3
|c|☆GuardArc|nah bad connection sorry
|c|☆Arundrago|Ah ok
|
|t:|1608779818
|move|p1a: Landorus|U-turn|p2a: Melmetal
|-resisted|p2a: Melmetal
|-damage|p2a: Melmetal|56/100
|
|t:|1608779833
|switch|p1a: Urshifu|Urshifu, F|94/100|[from]move: U-turn
|-damage|p1a: Urshifu|88/100|[from] Stealth Rock
|move|p2a: Melmetal|Double Iron Bash|p1a: Urshifu
|-damage|p1a: Urshifu|62/100
|-damage|p1a: Urshifu|34/100
|-hitcount|p1a: Urshifu|2
|
|upkeep
|turn|29
|
|t:|1608779842
|switch|p2a: Buzzwole|Buzzwole|81/100
|-damage|p2a: Buzzwole|69/100|[from] Stealth Rock
|move|p1a: Urshifu|Close Combat|p2a: Buzzwole
|-resisted|p2a: Buzzwole
|-damage|p2a: Buzzwole|55/100
|-unboost|p1a: Urshifu|def|1
|-unboost|p1a: Urshifu|spd|1
|
|-heal|p2a: Buzzwole|62/100|[from] item: Leftovers
|upkeep
|turn|30
|
|t:|1608779853
|switch|p1a: Moltres|Moltres|56/100
|move|p2a: Buzzwole|Roost|p2a: Buzzwole
|-heal|p2a: Buzzwole|100/100
|-singleturn|p2a: Buzzwole|move: Roost
|
|upkeep
|turn|31
|
|t:|1608779866
|switch|p1a: Urshifu|Urshifu, F|34/100
|-damage|p1a: Urshifu|28/100|[from] Stealth Rock
|switch|p2a: Slowking|Slowking-Galar, M|100/100
|-damage|p2a: Slowking|88/100|[from] Stealth Rock
|
|upkeep
|turn|32
|
|t:|1608779888
|switch|p2a: Zapdos|Zapdos|100/100
|move|p1a: Urshifu|Wicked Blow|p2a: Zapdos
|-crit|p2a: Zapdos
|-damage|p2a: Zapdos|50/100
|-status|p1a: Urshifu|par|[from] ability: Static|[of] p2a: Zapdos
|
|upkeep
|turn|33
|
|t:|1608779910
|switch|p1a: Hydreigon|Hydreigon, M|94/100 brn
|-damage|p1a: Hydreigon|82/100 brn|[from] Stealth Rock
|move|p2a: Zapdos|Roost|p2a: Zapdos
|-heal|p2a: Zapdos|99/100
|-singleturn|p2a: Zapdos|move: Roost
|
|-damage|p1a: Hydreigon|76/100 brn|[from] brn
|upkeep
|turn|34
|
|t:|1608779919
|switch|p2a: Blissey|Blissey, F|100/100
|-damage|p2a: Blissey|88/100|[from] Stealth Rock
|move|p1a: Hydreigon|Dark Pulse|p2a: Blissey
|-damage|p2a: Blissey|70/100
|-damage|p1a: Hydreigon|66/100 brn|[from] item: Life Orb
|
|-heal|p2a: Blissey|76/100|[from] item: Leftovers
|-damage|p1a: Hydreigon|60/100 brn|[from] brn
|upkeep
|turn|35
|
|t:|1608779925
|move|p1a: Hydreigon|Roost|p1a: Hydreigon
|-heal|p1a: Hydreigon|100/100 brn
|-singleturn|p1a: Hydreigon|move: Roost
|move|p2a: Blissey|Wish|p2a: Blissey
|
|-heal|p2a: Blissey|82/100|[from] item: Leftovers
|-damage|p1a: Hydreigon|94/100 brn|[from] brn
|upkeep
|turn|36
|
|t:|1608779937
|switch|p2a: Melmetal|Melmetal|56/100
|-damage|p2a: Melmetal|50/100|[from] Stealth Rock
|move|p1a: Hydreigon|Flamethrower|p2a: Melmetal
|-supereffective|p2a: Melmetal
|-damage|p2a: Melmetal|4/100
|-damage|p1a: Hydreigon|84/100 brn|[from] item: Life Orb
|
|-heal|p2a: Melmetal|79/100|[from] move: Wish|[wisher] Blissey
|-damage|p1a: Hydreigon|78/100 brn|[from] brn
|upkeep
|turn|37
|
|t:|1608779960
|switch|p1a: Moltres|Moltres|56/100
|move|p2a: Melmetal|Double Iron Bash|p1a: Moltres
|-resisted|p1a: Moltres
|-damage|p1a: Moltres|40/100
|-status|p2a: Melmetal|brn|[from] ability: Flame Body|[of] p1a: Moltres
|-resisted|p1a: Moltres
|-damage|p1a: Moltres|32/100
|-hitcount|p1a: Moltres|2
|
|-damage|p2a: Melmetal|73/100 brn|[from] brn
|upkeep
|turn|38
|
|t:|1608779974
|switch|p2a: Blissey|Blissey, F|82/100
|-damage|p2a: Blissey|70/100|[from] Stealth Rock
|move|p1a: Moltres|Roost|p1a: Moltres
|-heal|p1a: Moltres|82/100
|-singleturn|p1a: Moltres|move: Roost
|
|-heal|p2a: Blissey|76/100|[from] item: Leftovers
|upkeep
|turn|39
|l|☆GuardArc
|player|p1|
|j|☆GuardArc
|player|p1|GuardArc|lance-gen3
|
|t:|1608780083
|switch|p1a: Tapu Fini|Tapu Fini|19/100
|-damage|p1a: Tapu Fini|6/100|[from] Stealth Rock
|-fieldstart|move: Misty Terrain|[from] ability: Misty Surge|[of] p1a: Tapu Fini
|move|p2a: Blissey|Aromatherapy|p2a: Blissey
|-activate|p2a: Blissey|move: Aromatherapy
|-curestatus|p2: Melmetal|brn|[msg]
|
|-heal|p1a: Tapu Fini|12/100|[from] item: Leftovers
|-heal|p2a: Blissey|82/100|[from] item: Leftovers
|upkeep
|turn|40
|
|t:|1608780091
|move|p1a: Tapu Fini|Draining Kiss|p2a: Blissey
|-damage|p2a: Blissey|77/100
|-heal|p1a: Tapu Fini|21/100|[from] drain|[of] p2a: Blissey
|move|p2a: Blissey|Seismic Toss|p1a: Tapu Fini
|-damage|p1a: Tapu Fini|0 fnt
|faint|p1a: Tapu Fini
|
|-heal|p2a: Blissey|83/100|[from] item: Leftovers
|upkeep
|
|t:|1608780111
|switch|p1a: Moltres|Moltres|82/100
|turn|41
|j| TheHitBoyRay
|
|t:|1608780151
|switch|p1a: Urshifu|Urshifu, F|28/100 par
|-damage|p1a: Urshifu|22/100 par|[from] Stealth Rock
|move|p2a: Blissey|Wish|p2a: Blissey
|
|-heal|p2a: Blissey|89/100|[from] item: Leftovers
|upkeep
|turn|42
|
|t:|1608780160
|switch|p2a: Zapdos|Zapdos|99/100
|move|p1a: Urshifu|Close Combat|p2a: Zapdos
|-resisted|p2a: Zapdos
|-damage|p2a: Zapdos|77/100
|-unboost|p1a: Urshifu|def|1
|-unboost|p1a: Urshifu|spd|1
|
|-heal|p2a: Zapdos|100/100|[from] move: Wish|[wisher] Blissey
|upkeep
|turn|43
|
|t:|1608780217
|switch|p1a: Magearna|Magearna|66/100
|-damage|p1a: Magearna|60/100|[from] Stealth Rock
|move|p2a: Zapdos|Hurricane|p1a: Magearna
|-resisted|p1a: Magearna
|-damage|p1a: Magearna|36/100
|
|-fieldend|Misty Terrain
|upkeep
|turn|44
|
|t:|1608780228
|switch|p2a: Slowking|Slowking-Galar, M|100/100
|-damage|p2a: Slowking|88/100|[from] Stealth Rock
|move|p1a: Magearna|Volt Switch|p2a: Slowking
|-damage|p2a: Slowking|68/100
|
|t:|1608780235
|switch|p1a: Moltres|Moltres|82/100|[from]move: Volt Switch
|
|upkeep
|turn|45
|
|t:|1608780248
|switch|p1a: Landorus|Landorus-Therian, M|53/100
|-damage|p1a: Landorus|40/100|[from] Stealth Rock
|-ability|p1a: Landorus|Intimidate|boost
|-unboost|p2a: Slowking|atk|1
|move|p2a: Slowking|Future Sight|p1a: Landorus
|-start|p2a: Slowking|move: Future Sight
|
|upkeep
|turn|46
|
|t:|1608780257
|switch|p2a: Buzzwole|Buzzwole|100/100
|-damage|p2a: Buzzwole|88/100|[from] Stealth Rock
|move|p1a: Landorus|U-turn|p2a: Buzzwole
|-resisted|p2a: Buzzwole
|-damage|p2a: Buzzwole|82/100
|
|t:|1608780260
|switch|p1a: Magearna|Magearna|36/100|[from]move: U-turn
|-damage|p1a: Magearna|30/100|[from] Stealth Rock
|
|-heal|p2a: Buzzwole|88/100|[from] item: Leftovers
|upkeep
|turn|47
|
|t:|1608780325
|switch|p1a: Moltres|Moltres|82/100
|switch|p2a: Slowking|Slowking-Galar, M|100/100
|-damage|p2a: Slowking|88/100|[from] Stealth Rock
|
|-end|p1a: Moltres|move: Future Sight
|-damage|p1a: Moltres|36/100
|upkeep
|turn|48
|
|t:|1608780336
|move|p1a: Moltres|Roost|p1a: Moltres
|-heal|p1a: Moltres|86/100
|-singleturn|p1a: Moltres|move: Roost
|move|p2a: Slowking|Future Sight|p1a: Moltres
|-start|p2a: Slowking|move: Future Sight
|
|upkeep
|turn|49
|
|t:|1608780350
|move|p1a: Moltres|Air Slash|p2a: Slowking
|-damage|p2a: Slowking|74/100
|move|p2a: Slowking|Sludge Bomb|p1a: Moltres
|-damage|p1a: Moltres|50/100
|-status|p1a: Moltres|psn
|
|-damage|p1a: Moltres|37/100 psn|[from] psn
|upkeep
|turn|50
|
|t:|1608780382
|switch|p1a: Hydreigon|Hydreigon, M|78/100 brn
|-damage|p1a: Hydreigon|66/100 brn|[from] Stealth Rock
|move|p2a: Slowking|Flamethrower|p1a: Hydreigon
|-resisted|p1a: Hydreigon
|-damage|p1a: Hydreigon|52/100 brn
|
|-end|p1a: Hydreigon|move: Future Sight
|-immune|p1a: Hydreigon
|-damage|p1a: Hydreigon|45/100 brn|[from] brn
|upkeep
|turn|51
|
|t:|1608780391
|switch|p2a: Blissey|Blissey, F|89/100
|-damage|p2a: Blissey|76/100|[from] Stealth Rock
|move|p1a: Hydreigon|Roost|p1a: Hydreigon
|-heal|p1a: Hydreigon|96/100 brn
|-singleturn|p1a: Hydreigon|move: Roost
|
|-heal|p2a: Blissey|83/100|[from] item: Leftovers
|-damage|p1a: Hydreigon|89/100 brn|[from] brn
|upkeep
|turn|52
|
|t:|1608780397
|switch|p1a: Magearna|Magearna|30/100
|-damage|p1a: Magearna|24/100|[from] Stealth Rock
|move|p2a: Blissey|Wish|p2a: Blissey
|
|-heal|p2a: Blissey|89/100|[from] item: Leftovers
|upkeep
|turn|53
|
|t:|1608780423
|move|p1a: Magearna|Trick|p2a: Blissey
|-activate|p1a: Magearna|move: Trick|[of] p2a: Blissey
|-item|p2a: Blissey|Choice Specs|[from] move: Trick
|-item|p1a: Magearna|Leftovers|[from] move: Trick
|move|p2a: Blissey|Seismic Toss|p1a: Magearna
|-damage|p1a: Magearna|0 fnt
|faint|p1a: Magearna
|
|-heal|p2a: Blissey|100/100|[from] move: Wish|[wisher] Blissey
|upkeep
|
|t:|1608780440
|switch|p1a: Urshifu|Urshifu, F|22/100 par
|-damage|p1a: Urshifu|15/100 par|[from] Stealth Rock
|turn|54
|
|t:|1608780447
|switch|p2a: Buzzwole|Buzzwole|88/100
|-damage|p2a: Buzzwole|76/100|[from] Stealth Rock
|move|p1a: Urshifu|Wicked Blow|p2a: Buzzwole
|-resisted|p2a: Buzzwole
|-crit|p2a: Buzzwole
|-damage|p2a: Buzzwole|57/100
|
|-heal|p2a: Buzzwole|63/100|[from] item: Leftovers
|upkeep
|turn|55
|
|t:|1608780457
|switch|p1a: Moltres|Moltres|37/100 psn
|move|p2a: Buzzwole|Roost|p2a: Buzzwole
|-heal|p2a: Buzzwole|100/100
|-singleturn|p2a: Buzzwole|move: Roost
|
|-damage|p1a: Moltres|25/100 psn|[from] psn
|upkeep
|turn|56
|
|t:|1608780465
|switch|p2a: Slowking|Slowking-Galar, M|100/100
|-damage|p2a: Slowking|88/100|[from] Stealth Rock
|move|p1a: Moltres|Roost|p1a: Moltres
|-heal|p1a: Moltres|75/100 psn
|-singleturn|p1a: Moltres|move: Roost
|
|-damage|p1a: Moltres|63/100 psn|[from] psn
|upkeep
|turn|57
|
|t:|1608780478
|switch|p1a: Hydreigon|Hydreigon, M|89/100 brn
|-damage|p1a: Hydreigon|77/100 brn|[from] Stealth Rock
|move|p2a: Slowking|Future Sight|p1a: Hydreigon
|-start|p2a: Slowking|move: Future Sight
|
|-damage|p1a: Hydreigon|71/100 brn|[from] brn
|upkeep
|turn|58
|
|t:|1608780496
|switch|p2a: Blissey|Blissey, F|100/100
|-damage|p2a: Blissey|88/100|[from] Stealth Rock
|move|p1a: Hydreigon|Dark Pulse|p2a: Blissey
|-crit|p2a: Blissey
|-damage|p2a: Blissey|57/100
|-damage|p1a: Hydreigon|61/100 brn|[from] item: Life Orb
|
|-damage|p1a: Hydreigon|55/100 brn|[from] brn
|upkeep
|turn|59
|
|t:|1608780503
|move|p1a: Hydreigon|Dark Pulse|p2a: Blissey
|-damage|p2a: Blissey|39/100
|-damage|p1a: Hydreigon|45/100 brn|[from] item: Life Orb
|move|p2a: Blissey|Wish|p2a: Blissey
|
|-end|p1a: Hydreigon|move: Future Sight
|-immune|p1a: Hydreigon
|-damage|p1a: Hydreigon|39/100 brn|[from] brn
|upkeep
|turn|60
|
|t:|1608780514
|switch|p2a: Melmetal|Melmetal|73/100
|-damage|p2a: Melmetal|67/100|[from] Stealth Rock
|move|p1a: Hydreigon|Roost|p1a: Hydreigon
|-heal|p1a: Hydreigon|89/100 brn
|-singleturn|p1a: Hydreigon|move: Roost
|
|-heal|p2a: Melmetal|100/100|[from] move: Wish|[wisher] Blissey
|-damage|p1a: Hydreigon|83/100 brn|[from] brn
|upkeep
|turn|61
|
|t:|1608780523
|switch|p1a: Landorus|Landorus-Therian, M|40/100
|-damage|p1a: Landorus|28/100|[from] Stealth Rock
|-ability|p1a: Landorus|Intimidate|boost
|-unboost|p2a: Melmetal|atk|1
|move|p2a: Melmetal|Rock Slide|p1a: Landorus
|-crit|p1a: Landorus
|-damage|p1a: Landorus|0 fnt
|faint|p1a: Landorus
|
|upkeep
|c|☆Arundrago|Ah
|c|☆Arundrago|That was bad
|c|☆Arundrago|Sry again
|c|☆GuardArc|not your fault, may as well click x tho at this point
|
|t:|1608780606
|switch|p1a: Urshifu|Urshifu, F|15/100 par
|-damage|p1a: Urshifu|9/100 par|[from] Stealth Rock
|turn|62
|c|☆Arundrago|Yeah... I don't see anyway of recovery...but the game can turn any moment
|
|t:|1608780620
|switch|p2a: Buzzwole|Buzzwole|100/100
|-damage|p2a: Buzzwole|88/100|[from] Stealth Rock
|move|p1a: Urshifu|Close Combat|p2a: Buzzwole
|-resisted|p2a: Buzzwole
|-damage|p2a: Buzzwole|74/100
|-unboost|p1a: Urshifu|def|1
|-unboost|p1a: Urshifu|spd|1
|
|-heal|p2a: Buzzwole|81/100|[from] item: Leftovers
|upkeep
|turn|63
|
|t:|1608780628
|switch|p1a: Moltres|Moltres|63/100 psn
|move|p2a: Buzzwole|Ice Punch|p1a: Moltres
|-damage|p1a: Moltres|46/100 psn
|
|-heal|p2a: Buzzwole|87/100|[from] item: Leftovers
|-damage|p1a: Moltres|34/100 psn|[from] psn
|upkeep
|turn|64
|
|t:|1608780638
|switch|p2a: Slowking|Slowking-Galar, M|100/100
|-damage|p2a: Slowking|88/100|[from] Stealth Rock
|move|p1a: Moltres|Defog|p2a: Slowking
|-unboost|p2a: Slowking|evasion|1
|-sideend|p2: Arundrago|Stealth Rock|[from] move: Defog|[of] p1a: Moltres
|-sideend|p1: GuardArc|Stealth Rock|[from] move: Defog|[of] p1a: Moltres
|
|-damage|p1a: Moltres|21/100 psn|[from] psn
|upkeep
|turn|65
|l| TheHitBoyRay
|
|t:|1608780648
|switch|p1a: Urshifu|Urshifu, F|9/100 par
|move|p2a: Slowking|Sludge Bomb|p1a: Urshifu
|-crit|p1a: Urshifu
|-damage|p1a: Urshifu|0 fnt
|faint|p1a: Urshifu
|
|upkeep
|
|t:|1608780650
|switch|p1a: Hydreigon|Hydreigon, M|83/100 brn
|turn|66
|c|☆GuardArc|gg
|-message|GuardArc forfeited.
|
|win|Arundrago
|c|☆Arundrago|Gg
|l|☆GuardArc
