|raw|<div class="broadcast-blue"><strong>This battle is required to be public due to a player having a name starting with 'lt94je'.</div>
|j|☆Pinkacross
|j|☆LT94JE reje
|t:|1661563856
|gametype|singles
|player|p1|Pinkacross|1|1765
|player|p2|LT94JE reje|pokefanf-gen4|1847
|teamsize|p1|6
|teamsize|p2|6
|gen|8
|tier|[Gen 8] OU
|rated|
|rule|Sleep Clause Mod: Limit one foe put to sleep
|rule|Species Clause: Limit one of each Pokémon
|rule|OHKO Clause: OHKO moves are banned
|rule|Evasion Items Clause: Evasion items are banned
|rule|Evasion Moves Clause: Evasion moves are banned
|rule|Endless Battle Clause: Forcing endless battles is banned
|rule|HP Percentage Mod: HP is shown in percentages
|rule|Dynamax Clause: You cannot dynamax
|clearpoke
|poke|p1|Moltres-Galar|
|poke|p1|Tapu Lele|
|poke|p1|Volcarona, F|
|poke|p1|Volcanion|
|poke|p1|Ninetales-Alola, M|
|poke|p1|Landorus-Therian, M|
|poke|p2|Dragapult, M|
|poke|p2|Zapdos|
|poke|p2|Urshifu-*, M|
|poke|p2|Tapu Lele|
|poke|p2|Landorus-Therian, M|
|poke|p2|Melmetal|
|teampreview
|inactive|Battle timer is ON: inactive players will automatically lose when time's up. (requested by LT94JE reje)
|j| LT92PF Raizen
|
|t:|1661563871
|start
|switch|p1a: Ninetales|Ninetales-Alola, M|100/100
|switch|p2a: Urshifu|Urshifu-Rapid-Strike, M|100/100
|-weather|Hail|[from] ability: Snow Warning|[of] p1a: Ninetales
|turn|1
|
|t:|1661563874
|move|p1a: Ninetales|Aurora Veil|p1a: Ninetales
|-sidestart|p1: Pinkacross|move: Aurora Veil
|move|p2a: Urshifu|Surging Strikes|p1a: Ninetales
|-crit|p1a: Ninetales
|-damage|p1a: Ninetales|54/100
|-crit|p1a: Ninetales
|-damage|p1a: Ninetales|11/100
|-crit|p1a: Ninetales
|-damage|p1a: Ninetales|0 fnt
|faint|p1a: Ninetales
|-hitcount|p1: Ninetales|3
|
|-weather|Hail|[upkeep]
|-damage|p2a: Urshifu|94/100|[from] Hail
|upkeep
|j| Olios
|
|t:|1661563881
|switch|p1a: Volcanion|Volcanion|100/100
|turn|2
|
|t:|1661563888
|switch|p2a: Dragapult|Dragapult, M, shiny|100/100
|move|p1a: Volcanion|Steam Eruption|p2a: Dragapult
|-resisted|p2a: Dragapult
|-damage|p2a: Dragapult|58/100
|-status|p2a: Dragapult|brn
|
|-weather|Hail|[upkeep]
|-damage|p2a: Dragapult|52/100 brn|[from] Hail
|-damage|p1a: Volcanion|94/100|[from] Hail
|-damage|p2a: Dragapult|46/100 brn|[from] brn
|upkeep
|turn|3
|
|t:|1661563894
|switch|p1a: Tapu Lele|Tapu Lele|100/100
|-fieldstart|move: Psychic Terrain|[from] ability: Psychic Surge|[of] p1a: Tapu Lele
|move|p2a: Dragapult|U-turn|p1a: Tapu Lele
|-damage|p1a: Tapu Lele|90/100
|
|t:|1661563898
|switch|p2a: Landorus|Landorus-Therian, M, shiny|100/100|[from]move: U-turn
|-ability|p2a: Landorus|Intimidate|boost
|-unboost|p1a: Tapu Lele|atk|1
|
|-weather|Hail|[upkeep]
|-damage|p2a: Landorus|94/100|[from] Hail
|-damage|p1a: Tapu Lele|84/100|[from] Hail
|-heal|p2a: Landorus|100/100|[from] item: Leftovers
|upkeep
|turn|4
|
|t:|1661563901
|move|p2a: Landorus|Stealth Rock|p1a: Tapu Lele
|-sidestart|p1: Pinkacross|move: Stealth Rock
|move|p1a: Tapu Lele|Calm Mind|p1a: Tapu Lele
|-boost|p1a: Tapu Lele|spa|1
|-boost|p1a: Tapu Lele|spd|1
|
|-weather|Hail|[upkeep]
|-damage|p2a: Landorus|94/100|[from] Hail
|-damage|p1a: Tapu Lele|78/100|[from] Hail
|-heal|p2a: Landorus|100/100|[from] item: Leftovers
|upkeep
|turn|5
|
|t:|1661563903
|move|p2a: Landorus|Knock Off|p1a: Tapu Lele
|-damage|p1a: Tapu Lele|54/100
|-enditem|p1a: Tapu Lele|Life Orb|[from] move: Knock Off|[of] p2a: Landorus
|move|p1a: Tapu Lele|Psyshock|p2a: Landorus
|-damage|p2a: Landorus|12/100
|
|-weather|none
|-heal|p2a: Landorus|18/100|[from] item: Leftovers
|upkeep
|turn|6
|
|t:|1661563910
|move|p2a: Landorus|Earthquake|p1a: Tapu Lele
|-damage|p1a: Tapu Lele|19/100
|move|p1a: Tapu Lele|Draining Kiss|p2a: Landorus
|-damage|p2a: Landorus|0 fnt
|-heal|p1a: Tapu Lele|34/100|[from] drain|[of] p2a: Landorus
|faint|p2a: Landorus
|
|upkeep
|
|t:|1661563913
|switch|p2a: Dragapult|Dragapult, M, shiny|46/100 brn
|turn|7
|
|t:|1661563915
|move|p2a: Dragapult|Shadow Ball|p1a: Tapu Lele
|-supereffective|p1a: Tapu Lele
|-crit|p1a: Tapu Lele
|-damage|p1a: Tapu Lele|0 fnt
|faint|p1a: Tapu Lele
|
|-damage|p2a: Dragapult|40/100 brn|[from] brn
|-fieldend|move: Psychic Terrain
|upkeep
|
|t:|1661563919
|switch|p1a: Volcanion|Volcanion|94/100
|turn|8
|
|t:|1661563922
|move|p2a: Dragapult|Shadow Ball|p1a: Volcanion
|-damage|p1a: Volcanion|33/100
|move|p1a: Volcanion|Defog|p2a: Dragapult
|-unboost|p2a: Dragapult|evasion|1
|-sideend|p1: Pinkacross|Stealth Rock|[from] move: Defog|[of] p1a: Volcanion
|
|-damage|p2a: Dragapult|34/100 brn|[from] brn
|-sideend|p1: Pinkacross|move: Aurora Veil
|upkeep
|turn|9
|
|t:|1661563925
|switch|p1a: Moltres|Moltres-Galar|100/100
|move|p2a: Dragapult|Shadow Ball|p1a: Moltres
|-resisted|p1a: Moltres
|-damage|p1a: Moltres|75/100
|-unboost|p1a: Moltres|spd|1
|
|-damage|p2a: Dragapult|28/100 brn|[from] brn
|upkeep
|turn|10
|
|t:|1661563933
|switch|p2a: Tapu Lele|Tapu Lele, shiny|100/100
|-fieldstart|move: Psychic Terrain|[from] ability: Psychic Surge|[of] p2a: Tapu Lele
|move|p1a: Moltres|Agility|p1a: Moltres
|-boost|p1a: Moltres|spe|2
|
|upkeep
|turn|11
|
|t:|1661563936
|move|p1a: Moltres|Fiery Wrath|p2a: Tapu Lele
|-damage|p2a: Tapu Lele|57/100
|move|p2a: Tapu Lele|Moonblast|p1a: Moltres
|-supereffective|p1a: Moltres
|-damage|p1a: Moltres|0 fnt
|faint|p1a: Moltres
|
|upkeep
|
|t:|1661563939
|switch|p1a: Volcarona|Volcarona, F|100/100
|turn|12
|
|t:|1661563943
|move|p2a: Tapu Lele|Moonblast|p1a: Volcarona
|-resisted|p1a: Volcarona
|-damage|p1a: Volcarona|77/100
|move|p1a: Volcarona|Quiver Dance|p1a: Volcarona
|-boost|p1a: Volcarona|spa|1
|-boost|p1a: Volcarona|spd|1
|-boost|p1a: Volcarona|spe|1
|
|-heal|p1a: Volcarona|83/100|[from] item: Leftovers
|upkeep
|turn|13
|
|t:|1661563946
|switch|p2a: Zapdos|Zapdos, shiny|100/100
|move|p1a: Volcarona|Quiver Dance|p1a: Volcarona
|-boost|p1a: Volcarona|spa|1
|-boost|p1a: Volcarona|spd|1
|-boost|p1a: Volcarona|spe|1
|
|-heal|p1a: Volcarona|89/100|[from] item: Leftovers
|upkeep
|turn|14
|
|t:|1661563951
|move|p1a: Volcarona|Quiver Dance|p1a: Volcarona
|-boost|p1a: Volcarona|spa|1
|-boost|p1a: Volcarona|spd|1
|-boost|p1a: Volcarona|spe|1
|move|p2a: Zapdos|Volt Switch|p1a: Volcarona
|-damage|p1a: Volcarona|76/100
|
|t:|1661563954
|switch|p2a: Urshifu|Urshifu-Rapid-Strike, M|94/100|[from]move: Volt Switch
|
|-heal|p1a: Volcarona|82/100|[from] item: Leftovers
|-fieldend|move: Psychic Terrain
|upkeep
|turn|15
|
|t:|1661563956
|move|p2a: Urshifu|Aqua Jet|p1a: Volcarona
|-supereffective|p1a: Volcarona
|-damage|p1a: Volcarona|16/100
|move|p1a: Volcarona|Bug Buzz|p2a: Urshifu
|-resisted|p2a: Urshifu
|-damage|p2a: Urshifu|0 fnt
|faint|p2a: Urshifu
|
|-heal|p1a: Volcarona|22/100|[from] item: Leftovers
|upkeep
|
|t:|1661563961
|switch|p2a: Zapdos|Zapdos, shiny|100/100
|turn|16
|
|t:|1661563964
|move|p1a: Volcarona|Flamethrower|p2a: Zapdos
|-damage|p2a: Zapdos|0 fnt
|faint|p2a: Zapdos
|
|-heal|p1a: Volcarona|28/100|[from] item: Leftovers
|upkeep
|-message|LT94JE reje forfeited.
|
|win|Pinkacross
|raw|Pinkacross's rating: 1765 &rarr; <strong>1790</strong><br />(+25 for winning)
|raw|LT94JE reje's rating: 1847 &rarr; <strong>1822</strong><br />(-25 for losing)
|l|☆LT94JE reje
|c|☆Pinkacross|gg
|l| Olios
