|j|☆lt73iu slainey
|j|☆ArcanineSquad
|t:|1605717269
|player|p1|lt73iu slainey|maid-gen4|1702
|player|p2|ArcanineSquad|cynthia-gen4|1739
|teamsize|p1|6
|teamsize|p2|6
|gametype|singles
|gen|8
|tier|[Gen 8] OU
|rated|
|clearpoke
|poke|p1|Moltres-Galar|
|poke|p1|Pheromosa|
|poke|p1|Cinderace, M|
|poke|p1|Tapu Fini|
|poke|p1|Rillaboom, M|
|poke|p1|Landorus-Therian, M|
|poke|p2|Garchomp, M|
|poke|p2|Toxapex, F|
|poke|p2|Buzzwole|
|poke|p2|Blissey, F|
|poke|p2|Zapdos|
|poke|p2|Spectrier|
|rule|Sleep Clause Mod: Limit one foe put to sleep
|rule|Species Clause: Limit one of each Pokémon
|rule|OHKO Clause: OHKO moves are banned
|rule|Evasion Moves Clause: Evasion moves are banned
|rule|Endless Battle Clause: Forcing endless battles is banned
|rule|HP Percentage Mod: HP is shown in percentages
|rule|Dynamax Clause: You cannot dynamax
|teampreview
|inactive|Battle timer is ON: inactive players will automatically lose when time's up. (requested by ArcanineSquad)
|j| znqq
|
|t:|1605717290
|start
|switch|p1a: Enten|Landorus-Therian, M, shiny|100/100
|switch|p2a: Toxapex|Toxapex, F, shiny|100/100
|-ability|p1a: Enten|Intimidate|boost
|-unboost|p2a: Toxapex|atk|1
|turn|1
|
|t:|1605717307
|switch|p2a: Buzzwole|Buzzwole|100/100
|move|p1a: Enten|Stealth Rock|p2a: Buzzwole
|-sidestart|p2: ArcanineSquad|move: Stealth Rock
|
|upkeep
|turn|2
|
|t:|1605717309
|switch|p2a: Toxapex|Toxapex, F, shiny|100/100
|-damage|p2a: Toxapex|88/100|[from] Stealth Rock
|move|p1a: Enten|Swords Dance|p1a: Enten
|-boost|p1a: Enten|atk|2
|
|upkeep
|turn|3
|
|t:|1605717327
|switch|p2a: Buzzwole|Buzzwole|100/100
|-damage|p2a: Buzzwole|88/100|[from] Stealth Rock
|move|p1a: Enten|Earthquake|p2a: Buzzwole
|-resisted|p2a: Buzzwole
|-damage|p2a: Buzzwole|56/100
|
|upkeep
|turn|4
|
|t:|1605717335
|move|p1a: Enten|Earthquake|p2a: Buzzwole
|-resisted|p2a: Buzzwole
|-damage|p2a: Buzzwole|27/100
|move|p2a: Buzzwole|Ice Punch|p1a: Enten
|-supereffective|p1a: Enten
|-enditem|p1a: Enten|Focus Sash
|-damage|p1a: Enten|1/100
|
|upkeep
|turn|5
|j| 0wt0rez
|
|t:|1605717344
|move|p1a: Enten|Explosion|p2a: Buzzwole
|-damage|p2a: Buzzwole|0 fnt
|faint|p1a: Enten
|faint|p2a: Buzzwole
|
|upkeep
|l| 0wt0rez
|j| scarfbandspecs
|
|t:|1605717371
|switch|p1a: Calamity|Tapu Fini|100/100
|switch|p2a: Zapdos|Zapdos, shiny|100/100
|-fieldstart|move: Misty Terrain|[from] ability: Misty Surge|[of] p1a: Calamity
|turn|6
|inactive|lt73iu slainey has 120 seconds left.
|
|t:|1605717401
|move|p1a: Calamity|Trick|p2a: Zapdos
|-activate|p1a: Calamity|move: Trick|[of] p2a: Zapdos
|-item|p2a: Zapdos|Choice Scarf|[from] move: Trick
|-item|p1a: Calamity|Heavy-Duty Boots|[from] move: Trick
|move|p2a: Zapdos|Defog|p1a: Calamity
|-unboost|p1a: Calamity|evasion|1
|-sideend|p2: ArcanineSquad|Stealth Rock|[from] move: Defog|[of] p2a: Zapdos
|-fieldend|Misty Terrain
|
|upkeep
|turn|7
|
|t:|1605717428
|switch|p2a: Blissey|Blissey, F, shiny|100/100
|switch|p1a: LIBERACY|Cinderace, M|100/100
|
|upkeep
|turn|8
|
|t:|1605717440
|switch|p2a: Toxapex|Toxapex, F, shiny|100/100
|move|p1a: LIBERACY|Bulk Up|p1a: LIBERACY
|-start|p1a: LIBERACY|typechange|Fighting|[from] ability: Libero
|-boost|p1a: LIBERACY|atk|1
|-boost|p1a: LIBERACY|def|1
|
|upkeep
|turn|9
|
|t:|1605717447
|move|p1a: LIBERACY|Zen Headbutt|p2a: Toxapex
|-start|p1a: LIBERACY|typechange|Psychic|[from] ability: Libero
|-supereffective|p2a: Toxapex
|-damage|p2a: Toxapex|7/100
|-damage|p1a: LIBERACY|84/100|[from] item: Rocky Helmet|[of] p2a: Toxapex
|-damage|p1a: LIBERACY|74/100|[from] item: Life Orb
|move|p2a: Toxapex|Scald|p1a: LIBERACY
|-damage|p1a: LIBERACY|50/100
|
|upkeep
|turn|10
|
|t:|1605717460
|switch|p2a: Zapdos|Zapdos, shiny|100/100
|move|p1a: LIBERACY|Pyro Ball|p2a: Zapdos
|-start|p1a: LIBERACY|typechange|Fire|[from] ability: Libero
|-damage|p2a: Zapdos|6/100
|-damage|p1a: LIBERACY|40/100|[from] item: Life Orb
|
|upkeep
|turn|11
|inactive|lt73iu slainey has 120 seconds left.
|
|t:|1605717470
|move|p1a: LIBERACY|Sucker Punch|p2a: Zapdos
|-start|p1a: LIBERACY|typechange|Dark|[from] ability: Libero
|-damage|p2a: Zapdos|0 fnt
|-status|p1a: LIBERACY|par|[from] ability: Static|[of] p2a: Zapdos
|-damage|p1a: LIBERACY|30/100 par|[from] item: Life Orb
|faint|p2a: Zapdos
|
|upkeep
|
|t:|1605717476
|switch|p2a: Spectrier|Spectrier|100/100
|turn|12
|inactive|lt73iu slainey has 120 seconds left.
|
|t:|1605717497
|switch|p2a: Garchomp|Garchomp, M, shiny|100/100
|switch|p1a: Yami|Moltres-Galar|100/100
|
|upkeep
|turn|13
|inactive|lt73iu slainey has 120 seconds left.
|
|t:|1605717526
|switch|p2a: Blissey|Blissey, F, shiny|100/100
|move|p1a: Yami|Agility|p1a: Yami
|-boost|p1a: Yami|spe|2
|
|upkeep
|turn|14
|
|t:|1605717531
|move|p1a: Yami|Nasty Plot|p1a: Yami
|-boost|p1a: Yami|spa|2
|move|p2a: Blissey|Stealth Rock|p1a: Yami
|-sidestart|p1: lt73iu slainey|move: Stealth Rock
|
|upkeep
|turn|15
|
|t:|1605717537
|move|p1a: Yami|Nasty Plot|p1a: Yami
|-boost|p1a: Yami|spa|2
|move|p2a: Blissey|Seismic Toss|p1a: Yami
|-damage|p1a: Yami|69/100
|
|upkeep
|turn|16
|inactive|lt73iu slainey has 120 seconds left.
|
|t:|1605717561
|move|p1a: Yami|Fiery Wrath|p2a: Blissey
|-crit|p2a: Blissey
|-damage|p2a: Blissey|29/100
|move|p2a: Blissey|Seismic Toss|p1a: Yami
|-damage|p1a: Yami|38/100
|-ability|p1a: Yami|Berserk|boost
|-boost|p1a: Yami|spa|1
|
|upkeep
|turn|17
|
|t:|1605717573
|move|p1a: Yami|Agility|p1a: Yami
|-boost|p1a: Yami|spe|2
|move|p2a: Blissey|Soft-Boiled|p2a: Blissey
|-heal|p2a: Blissey|79/100
|
|upkeep
|turn|18
|
|t:|1605717579
|move|p1a: Yami|Fiery Wrath|p2a: Blissey
|-damage|p2a: Blissey|23/100
|cant|p2a: Blissey|flinch
|
|upkeep
|turn|19
|
|t:|1605717585
|move|p1a: Yami|Fiery Wrath|p2a: Blissey
|-damage|p2a: Blissey|0 fnt
|faint|p2a: Blissey
|
|upkeep
|
|t:|1605717588
|switch|p2a: Spectrier|Spectrier|100/100
|turn|20
|
|t:|1605717592
|move|p1a: Yami|Fiery Wrath|p2a: Spectrier
|-supereffective|p2a: Spectrier
|-damage|p2a: Spectrier|0 fnt
|faint|p2a: Spectrier
|
|upkeep
|c|☆ArcanineSquad|Gg
|c|☆lt73iu slainey|gg
|-message|ArcanineSquad forfeited.
|
|win|lt73iu slainey
|l|☆ArcanineSquad
