|j|☆Uchiwahero
|j|☆zKally
|t:|1619766662
|gametype|singles
|player|p1|Uchiwahero|ash-kalos|1154
|player|p2|zKally|266|1121
|teamsize|p1|6
|teamsize|p2|6
|gen|8
|tier|[Gen 8] OU
|rated|
|clearpoke
|poke|p1|Torkoal, M|
|poke|p1|Venusaur, M|
|poke|p1|Charizard, M|
|poke|p1|Zapdos|
|poke|p1|Nidoking, M|
|poke|p1|Slowbro, M|
|poke|p2|Ninetales-Alola, F|
|poke|p2|Arctozolt|
|poke|p2|Weavile, F|
|poke|p2|Mamoswine, M|
|poke|p2|Sandslash-Alola, M|
|poke|p2|Avalugg, F|
|rule|Sleep Clause Mod: Limit one foe put to sleep
|rule|Species Clause: Limit one of each Pokémon
|rule|OHKO Clause: OHKO moves are banned
|rule|Evasion Moves Clause: Evasion moves are banned
|rule|Endless Battle Clause: Forcing endless battles is banned
|rule|HP Percentage Mod: HP is shown in percentages
|rule|Dynamax Clause: You cannot dynamax
|teampreview
|inactive|Battle timer is ON: inactive players will automatically lose when time's up. (requested by Uchiwahero)
|
|t:|1619766680
|start
|switch|p1a: Tortue géniale|Torkoal, M|100/100
|switch|p2a: Mamoswine|Mamoswine, M|100/100
|-weather|SunnyDay|[from] ability: Drought|[of] p1a: Tortue géniale
|turn|1
|
|t:|1619766689
|move|p2a: Mamoswine|Earthquake|p1a: Tortue géniale
|-supereffective|p1a: Tortue géniale
|-damage|p1a: Tortue géniale|14/100
|move|p1a: Tortue géniale|Lava Plume|p2a: Mamoswine
|-supereffective|p2a: Mamoswine
|-damage|p2a: Mamoswine|57/100
|-status|p2a: Mamoswine|brn
|
|-weather|SunnyDay|[upkeep]
|-damage|p2a: Mamoswine|50/100 brn|[from] brn
|upkeep
|turn|2
|
|t:|1619766698
|switch|p1a: Senbonzakura|Charizard, M|100/100
|move|p2a: Mamoswine|Earthquake|p1a: Senbonzakura
|-immune|p1a: Senbonzakura
|
|-weather|SunnyDay|[upkeep]
|-damage|p1a: Senbonzakura|88/100|[from] ability: Solar Power|[of] p1a: Senbonzakura
|-damage|p2a: Mamoswine|44/100 brn|[from] brn
|upkeep
|turn|3
|
|t:|1619766707
|move|p1a: Senbonzakura|Flamethrower|p2a: Mamoswine
|-supereffective|p2a: Mamoswine
|-damage|p2a: Mamoswine|0 fnt
|faint|p2a: Mamoswine
|
|-weather|SunnyDay|[upkeep]
|-damage|p1a: Senbonzakura|76/100|[from] ability: Solar Power|[of] p1a: Senbonzakura
|upkeep
|
|t:|1619766711
|switch|p2a: Ninetales|Ninetales-Alola, F|100/100
|-weather|Hail|[from] ability: Snow Warning|[of] p2a: Ninetales
|turn|4
|
|t:|1619766716
|move|p1a: Senbonzakura|Flamethrower|p2a: Ninetales
|-supereffective|p2a: Ninetales
|-damage|p2a: Ninetales|23/100
|move|p2a: Ninetales|Aurora Veil|p2a: Ninetales
|-sidestart|p2: zKally|move: Aurora Veil
|
|-weather|Hail|[upkeep]
|-damage|p1a: Senbonzakura|70/100|[from] Hail
|upkeep
|turn|5
|
|t:|1619766735
|switch|p1a: Tortue géniale|Torkoal, M|14/100
|-weather|SunnyDay|[from] ability: Drought|[of] p1a: Tortue géniale
|switch|p2a: Weavile|Weavile, F|100/100
|-ability|p2a: Weavile|Pressure
|
|-weather|SunnyDay|[upkeep]
|upkeep
|turn|6
|
|t:|1619766742
|switch|p1a: Lowain|Slowbro, M|100/100
|move|p2a: Weavile|Knock Off|p1a: Lowain
|-supereffective|p1a: Lowain
|-damage|p1a: Lowain|27/100
|-damage|p2a: Weavile|84/100|[from] item: Rocky Helmet|[of] p1a: Lowain
|-enditem|p1a: Lowain|Rocky Helmet|[from] move: Knock Off|[of] p2a: Weavile
|-damage|p2a: Weavile|74/100|[from] item: Life Orb
|
|-weather|SunnyDay|[upkeep]
|upkeep
|turn|7
|
|t:|1619766752
|switch|p1a: Okami|Zapdos|100/100
|move|p2a: Weavile|Knock Off|p1a: Okami
|-damage|p1a: Okami|42/100
|-enditem|p1a: Okami|Heavy-Duty Boots|[from] move: Knock Off|[of] p2a: Weavile
|-damage|p2a: Weavile|64/100|[from] item: Life Orb
|
|-weather|SunnyDay|[upkeep]
|upkeep
|turn|8
|
|t:|1619766764
|move|p2a: Weavile|Triple Axel|p1a: Okami
|-supereffective|p1a: Okami
|-damage|p1a: Okami|17/100
|-supereffective|p1a: Okami
|-damage|p1a: Okami|0 fnt
|-hitcount|p1a: Okami|2
|-damage|p2a: Weavile|54/100|[from] item: Life Orb
|faint|p1a: Okami
|
|-weather|SunnyDay|[upkeep]
|-sideend|p2: zKally|move: Aurora Veil
|upkeep
|
|t:|1619766779
|switch|p1a: Senbonzakura|Charizard, M|70/100
|turn|9
|
|t:|1619766790
|move|p2a: Weavile|Ice Shard|p1a: Senbonzakura
|-damage|p1a: Senbonzakura|32/100
|-damage|p2a: Weavile|44/100|[from] item: Life Orb
|move|p1a: Senbonzakura|Flamethrower|p2a: Weavile
|-supereffective|p2a: Weavile
|-crit|p2a: Weavile
|-damage|p2a: Weavile|0 fnt
|faint|p2a: Weavile
|
|-weather|SunnyDay|[upkeep]
|-damage|p1a: Senbonzakura|20/100|[from] ability: Solar Power|[of] p1a: Senbonzakura
|upkeep
|
|t:|1619766799
|switch|p2a: Ninetales|Ninetales-Alola, F|23/100
|-weather|Hail|[from] ability: Snow Warning|[of] p2a: Ninetales
|turn|10
|
|t:|1619766808
|switch|p2a: Arctozolt|Arctozolt|100/100
|move|p1a: Senbonzakura|Flamethrower|p2a: Arctozolt
|-supereffective|p2a: Arctozolt
|-damage|p2a: Arctozolt|0 fnt
|faint|p2a: Arctozolt
|
|-weather|Hail|[upkeep]
|-damage|p1a: Senbonzakura|14/100|[from] Hail
|upkeep
|
|t:|1619766816
|switch|p2a: Sandslash|Sandslash-Alola, M|100/100
|turn|11
|
|t:|1619766824
|switch|p1a: Tortue géniale|Torkoal, M|14/100
|-weather|SunnyDay|[from] ability: Drought|[of] p1a: Tortue géniale
|move|p2a: Sandslash|Triple Axel|p1a: Tortue géniale
|-resisted|p1a: Tortue géniale
|-damage|p1a: Tortue géniale|10/100
|-resisted|p1a: Tortue géniale
|-damage|p1a: Tortue géniale|2/100
|-resisted|p1a: Tortue géniale
|-damage|p1a: Tortue géniale|0 fnt
|-hitcount|p1a: Tortue géniale|3
|-damage|p2a: Sandslash|91/100|[from] item: Life Orb
|faint|p1a: Tortue géniale
|
|-weather|SunnyDay|[upkeep]
|upkeep
|
|t:|1619766827
|switch|p1a: Senbonzakura|Charizard, M|14/100
|turn|12
|
|t:|1619766833
|switch|p2a: Ninetales|Ninetales-Alola, F|23/100
|-weather|Hail|[from] ability: Snow Warning|[of] p2a: Ninetales
|move|p1a: Senbonzakura|Flamethrower|p2a: Ninetales
|-supereffective|p2a: Ninetales
|-damage|p2a: Ninetales|0 fnt
|faint|p2a: Ninetales
|
|-weather|Hail|[upkeep]
|-damage|p1a: Senbonzakura|8/100|[from] Hail
|upkeep
|
|t:|1619766840
|switch|p2a: Sandslash|Sandslash-Alola, M|91/100
|turn|13
|
|t:|1619766843
|move|p2a: Sandslash|Triple Axel|p1a: Senbonzakura
|-damage|p1a: Senbonzakura|0 fnt
|-hitcount|p1a: Senbonzakura|1
|-damage|p2a: Sandslash|81/100|[from] item: Life Orb
|faint|p1a: Senbonzakura
|
|-weather|Hail|[upkeep]
|upkeep
|
|t:|1619766853
|switch|p1a: Lowain|Slowbro, M|60/100
|turn|14
|
|t:|1619766858
|switch|p1a: Gamabunta|Venusaur, M|100/100
|move|p2a: Sandslash|Swords Dance|p2a: Sandslash
|-boost|p2a: Sandslash|atk|2
|
|-weather|Hail|[upkeep]
|-damage|p1a: Gamabunta|95/100|[from] Hail
|upkeep
|turn|15
|
|t:|1619766868
|move|p2a: Sandslash|Triple Axel|p1a: Gamabunta
|-supereffective|p1a: Gamabunta
|-damage|p1a: Gamabunta|29/100
|-supereffective|p1a: Gamabunta
|-damage|p1a: Gamabunta|0 fnt
|-hitcount|p1a: Gamabunta|2
|-damage|p2a: Sandslash|71/100|[from] item: Life Orb
|faint|p1a: Gamabunta
|
|-weather|Hail|[upkeep]
|upkeep
|
|t:|1619766878
|switch|p1a: Lowain|Slowbro, M|94/100
|turn|16
|
|t:|1619766884
|move|p2a: Sandslash|Swords Dance|p2a: Sandslash
|-boost|p2a: Sandslash|atk|2
|move|p1a: Lowain|Slack Off|p1a: Lowain
|-heal|p1a: Lowain|100/100
|
|-weather|Hail|[upkeep]
|-damage|p1a: Lowain|94/100|[from] Hail
|upkeep
|turn|17
|
|t:|1619766893
|move|p2a: Sandslash|Swords Dance|p2a: Sandslash
|-boost|p2a: Sandslash|atk|2
|move|p1a: Lowain|Slack Off|p1a: Lowain
|-heal|p1a: Lowain|100/100
|
|-weather|Hail|[upkeep]
|-damage|p1a: Lowain|94/100|[from] Hail
|upkeep
|turn|18
|
|t:|1619766900
|move|p2a: Sandslash|Earthquake|p1a: Lowain
|-damage|p1a: Lowain|0 fnt
|-damage|p2a: Sandslash|61/100|[from] item: Life Orb
|faint|p1a: Lowain
|
|-weather|Hail|[upkeep]
|upkeep
|
|t:|1619766905
|switch|p1a: Maliciousmind|Nidoking, M|100/100
|turn|19
|
|t:|1619766908
|move|p2a: Sandslash|Triple Axel|p1a: Maliciousmind|[miss]
|-miss|p2a: Sandslash|p1a: Maliciousmind
|move|p1a: Maliciousmind|Earth Power|p2a: Sandslash
|-supereffective|p2a: Sandslash
|-damage|p2a: Sandslash|0 fnt
|faint|p2a: Sandslash
|
|-weather|none
|upkeep
|c|☆zKally|how lucky can u be
|
|t:|1619766928
|switch|p2a: Avalugg|Avalugg, F|100/100
|turn|20
|
|t:|1619766934
|move|p1a: Maliciousmind|Earth Power|p2a: Avalugg
|-crit|p2a: Avalugg
|-ability|p2a: Avalugg|Sturdy
|-damage|p2a: Avalugg|1/100
|move|p2a: Avalugg|Body Press|p1a: Maliciousmind
|-resisted|p1a: Maliciousmind
|-damage|p1a: Maliciousmind|71/100
|
|upkeep
|turn|21
|c|☆Uchiwahero|Gg
|c|☆zKally|this rng
|-message|zKally forfeited.
|
|win|Uchiwahero
|raw|Uchiwahero's rating: 1154 &rarr; <strong>1177</strong><br />(+23 for winning)
|raw|zKally's rating: 1121 &rarr; <strong>1098</strong><br />(-23 for losing)
|l|☆zKally
