|j|☆Monsieur Eans
|j|☆9rz
|t:|1649554871
|gametype|singles
|player|p1|Monsieur Eans|wattson|1548
|player|p2|9rz|cameraman|1595
|teamsize|p1|6
|teamsize|p2|6
|gen|8
|tier|[Gen 8] OU
|rated|
|rule|Sleep Clause Mod: Limit one foe put to sleep
|rule|Species Clause: Limit one of each Pokémon
|rule|OHKO Clause: OHKO moves are banned
|rule|Evasion Moves Clause: Evasion moves are banned
|rule|Endless Battle Clause: Forcing endless battles is banned
|rule|HP Percentage Mod: HP is shown in percentages
|rule|Dynamax Clause: You cannot dynamax
|clearpoke
|poke|p1|Bisharp, F|
|poke|p1|Victini|
|poke|p1|Slowbro, M|
|poke|p1|Kommo-o, F|
|poke|p1|Melmetal|
|poke|p1|Gengar, F|
|poke|p2|Kommo-o, F|
|poke|p2|Ferrothorn, F|
|poke|p2|Tapu Lele|
|poke|p2|Moltres|
|poke|p2|Tyranitar, F|
|poke|p2|Landorus-Therian, M|
|teampreview
|inactive|Battle timer is ON: inactive players will automatically lose when time's up. (requested by Monsieur Eans)
|inactive|Monsieur Eans has 120 seconds left.
|
|t:|1649554916
|start
|switch|p1a: Kommo-o|Kommo-o, F|100/100
|switch|p2a: LilBabyNoGunna|Moltres, shiny|100/100
|turn|1
|inactive|9rz has 120 seconds left.
|
|t:|1649554950
|switch|p1a: Slowbro|Slowbro, M|100/100
|move|p2a: LilBabyNoGunna|Overheat|p1a: Slowbro
|-resisted|p1a: Slowbro
|-damage|p1a: Slowbro|53/100
|-unboost|p2a: LilBabyNoGunna|spa|2
|
|upkeep
|turn|2
|
|t:|1649554959
|switch|p2a: 42Seeds|Ferrothorn, F|100/100
|move|p1a: Slowbro|Teleport|p1a: Slowbro
|
|t:|1649554970
|switch|p1a: Victini|Victini|100/100|[from]move: Teleport
|
|upkeep
|turn|3
|
|t:|1649554979
|move|p2a: 42Seeds|Protect|p2a: 42Seeds
|-singleturn|p2a: 42Seeds|Protect
|move|p1a: Victini|V-create|p2a: 42Seeds
|-activate|p2a: 42Seeds|move: Protect
|
|upkeep
|turn|4
|
|t:|1649554995
|switch|p2a: 4KT-KO|Kommo-o, F|100/100
|move|p1a: Victini|V-create|p2a: 4KT-KO
|-resisted|p2a: 4KT-KO
|-damage|p2a: 4KT-KO|59/100
|-unboost|p1a: Victini|spe|1
|-unboost|p1a: Victini|def|1
|-unboost|p1a: Victini|spd|1
|
|upkeep
|turn|5
|
|t:|1649555007
|switch|p1a: Kommo-o|Kommo-o, F|100/100
|move|p2a: 4KT-KO|Clanging Scales|p1a: Kommo-o
|-supereffective|p1a: Kommo-o
|-damage|p1a: Kommo-o|4/100
|-unboost|p2a: 4KT-KO|def|1
|-enditem|p2a: 4KT-KO|Throat Spray
|-boost|p2a: 4KT-KO|spa|1|[from] item: Throat Spray
|
|-heal|p1a: Kommo-o|10/100|[from] item: Leftovers
|upkeep
|turn|6
|
|t:|1649555014
|move|p2a: 4KT-KO|Boomburst|p1a: Kommo-o
|-damage|p1a: Kommo-o|0 fnt
|faint|p1a: Kommo-o
|
|upkeep
|
|t:|1649555019
|switch|p1a: Victini|Victini|100/100
|turn|7
|
|t:|1649555023
|move|p1a: Victini|V-create|p2a: 4KT-KO
|-resisted|p2a: 4KT-KO
|-damage|p2a: 4KT-KO|0 fnt
|-unboost|p1a: Victini|spe|1
|-unboost|p1a: Victini|def|1
|-unboost|p1a: Victini|spd|1
|faint|p2a: 4KT-KO
|
|upkeep
|
|t:|1649555031
|switch|p2a: LilBabyNoGunna|Moltres, shiny|100/100
|turn|8
|
|t:|1649555037
|switch|p1a: Slowbro|Slowbro, M|86/100
|move|p2a: LilBabyNoGunna|Hurricane|p1a: Slowbro|[miss]
|-miss|p2a: LilBabyNoGunna|p1a: Slowbro
|
|upkeep
|turn|9
|
|t:|1649555042
|move|p2a: LilBabyNoGunna|Hurricane|p1a: Slowbro
|-damage|p1a: Slowbro|0 fnt
|faint|p1a: Slowbro
|
|upkeep
|
|t:|1649555057
|switch|p1a: Gengar|Gengar, F|100/100
|turn|10
|
|t:|1649555062
|move|p1a: Gengar|Substitute|p1a: Gengar
|-start|p1a: Gengar|Substitute
|-damage|p1a: Gengar|76/100
|move|p2a: LilBabyNoGunna|Hurricane|p1a: Gengar
|-end|p1a: Gengar|Substitute
|
|-heal|p1a: Gengar|82/100|[from] item: Black Sludge
|upkeep
|turn|11
|
|t:|1649555065
|move|p1a: Gengar|Disable|p2a: LilBabyNoGunna
|-start|p2a: LilBabyNoGunna|Disable|Hurricane
|cant|p2a: LilBabyNoGunna|Disable|Hurricane
|
|-heal|p1a: Gengar|88/100|[from] item: Black Sludge
|upkeep
|turn|12
|
|t:|1649555073
|switch|p1a: Melmetal|Melmetal|100/100
|switch|p2a: RickyRosé|Tyranitar, F|100/100
|-weather|Sandstorm|[from] ability: Sand Stream|[of] p2a: RickyRosé
|
|-weather|Sandstorm|[upkeep]
|upkeep
|turn|13
|
|t:|1649555080
|move|p2a: RickyRosé|Thunder Wave|p1a: Melmetal
|-status|p1a: Melmetal|par
|move|p1a: Melmetal|Superpower|p2a: RickyRosé
|-supereffective|p2a: RickyRosé
|-damage|p2a: RickyRosé|0 fnt
|-unboost|p1a: Melmetal|atk|1
|-unboost|p1a: Melmetal|def|1
|faint|p2a: RickyRosé
|
|-weather|Sandstorm|[upkeep]
|upkeep
|
|t:|1649555085
|switch|p2a: LilBabyNoGunna|Moltres, shiny|100/100
|turn|14
|
|t:|1649555097
|switch|p1a: Victini|Victini|100/100
|move|p2a: LilBabyNoGunna|Overheat|p1a: Victini
|-resisted|p1a: Victini
|-damage|p1a: Victini|49/100
|-unboost|p2a: LilBabyNoGunna|spa|2
|
|-weather|Sandstorm|[upkeep]
|-damage|p1a: Victini|43/100|[from] Sandstorm
|-damage|p2a: LilBabyNoGunna|94/100|[from] Sandstorm
|upkeep
|turn|15
|
|t:|1649555111
|switch|p2a: 42Seeds|Ferrothorn, F|100/100
|move|p1a: Victini|V-create|p2a: 42Seeds
|-supereffective|p2a: 42Seeds
|-damage|p2a: 42Seeds|0 fnt
|-unboost|p1a: Victini|spe|1
|-unboost|p1a: Victini|def|1
|-unboost|p1a: Victini|spd|1
|-damage|p1a: Victini|31/100|[from] ability: Iron Barbs|[of] p2a: 42Seeds
|faint|p2a: 42Seeds
|
|-weather|Sandstorm|[upkeep]
|-damage|p1a: Victini|25/100|[from] Sandstorm
|upkeep
|
|t:|1649555114
|switch|p2a: LilBabyNoGunna|Moltres, shiny|94/100
|turn|16
|
|t:|1649555126
|switch|p1a: Bisharp|Bisharp, F, shiny|100/100
|move|p2a: LilBabyNoGunna|Scorching Sands|p1a: Bisharp
|-supereffective|p1a: Bisharp
|-damage|p1a: Bisharp|0 fnt
|faint|p1a: Bisharp
|
|-weather|none
|upkeep
|
|t:|1649555131
|switch|p1a: Gengar|Gengar, F|88/100
|turn|17
|
|t:|1649555137
|move|p1a: Gengar|Substitute|p1a: Gengar
|-start|p1a: Gengar|Substitute
|-damage|p1a: Gengar|63/100
|move|p2a: LilBabyNoGunna|Scorching Sands|p1a: Gengar
|-supereffective|p1a: Gengar
|-end|p1a: Gengar|Substitute
|
|-heal|p1a: Gengar|69/100|[from] item: Black Sludge
|upkeep
|turn|18
|
|t:|1649555140
|switch|p2a: BeamInHisBack|Landorus-Therian, M|100/100
|-ability|p2a: BeamInHisBack|Intimidate|boost
|-unboost|p1a: Gengar|atk|1
|move|p1a: Gengar|Substitute|p1a: Gengar
|-start|p1a: Gengar|Substitute
|-damage|p1a: Gengar|44/100
|
|-heal|p1a: Gengar|50/100|[from] item: Black Sludge
|upkeep
|turn|19
|
|t:|1649555152
|move|p2a: BeamInHisBack|Earthquake|p1a: Gengar
|-supereffective|p1a: Gengar
|-end|p1a: Gengar|Substitute
|move|p1a: Gengar|Shadow Ball|p2a: BeamInHisBack
|-damage|p2a: BeamInHisBack|42/100
|
|-heal|p1a: Gengar|56/100|[from] item: Black Sludge
|upkeep
|turn|20
|inactive|Monsieur Eans has 120 seconds left.
|
|t:|1649555196
|switch|p1a: Melmetal|Melmetal|100/100 par
|move|p2a: BeamInHisBack|Earthquake|p1a: Melmetal
|-supereffective|p1a: Melmetal
|-damage|p1a: Melmetal|41/100 par
|
|upkeep
|turn|21
|c|☆9rz|u
|
|t:|1649555206
|move|p2a: BeamInHisBack|Earthquake|p1a: Melmetal
|-supereffective|p1a: Melmetal
|-damage|p1a: Melmetal|0 fnt
|faint|p1a: Melmetal
|
|upkeep
|c|☆9rz|LOOSE
|c|☆Monsieur Eans|no bro my shoes are tied
|
|t:|1649555218
|switch|p1a: Victini|Victini|25/100
|turn|22
|
|t:|1649555222
|move|p1a: Victini|V-create|p2a: BeamInHisBack
|-damage|p2a: BeamInHisBack|0 fnt
|-unboost|p1a: Victini|spe|1
|-unboost|p1a: Victini|def|1
|-unboost|p1a: Victini|spd|1
|faint|p2a: BeamInHisBack
|
|upkeep
|
|t:|1649555225
|switch|p2a: LilBabyNoGunna|Moltres, shiny|94/100
|turn|23
|
|t:|1649555231
|move|p1a: Victini|V-create|p2a: LilBabyNoGunna
|-resisted|p2a: LilBabyNoGunna
|-damage|p2a: LilBabyNoGunna|50/100
|-unboost|p1a: Victini|spe|1
|-unboost|p1a: Victini|def|1
|-unboost|p1a: Victini|spd|1
|move|p2a: LilBabyNoGunna|Scorching Sands|p1a: Victini
|-supereffective|p1a: Victini
|-damage|p1a: Victini|0 fnt
|faint|p1a: Victini
|
|upkeep
|
|t:|1649555235
|switch|p1a: Gengar|Gengar, F|56/100
|turn|24
|
|t:|1649555243
|move|p1a: Gengar|Substitute|p1a: Gengar
|-start|p1a: Gengar|Substitute
|-damage|p1a: Gengar|32/100
|move|p2a: LilBabyNoGunna|Scorching Sands|p1a: Gengar
|-supereffective|p1a: Gengar
|-end|p1a: Gengar|Substitute
|
|-heal|p1a: Gengar|38/100|[from] item: Black Sludge
|upkeep
|turn|25
|inactive|Monsieur Eans has 120 seconds left.
|j| Go b4 it gets dark
|
|t:|1649555286
|move|p1a: Gengar|Disable|p2a: LilBabyNoGunna
|-start|p2a: LilBabyNoGunna|Disable|Scorching Sands
|cant|p2a: LilBabyNoGunna|Disable|Scorching Sands
|
|-heal|p1a: Gengar|44/100|[from] item: Black Sludge
|upkeep
|turn|26
|
|t:|1649555307
|move|p1a: Gengar|Substitute|p1a: Gengar
|-start|p1a: Gengar|Substitute
|-damage|p1a: Gengar|19/100
|-activate|p2a: LilBabyNoGunna|move: Struggle
|move|p2a: LilBabyNoGunna|Struggle|p1a: Gengar
|-activate|p1a: Gengar|move: Substitute|[damage]
|-damage|p2a: LilBabyNoGunna|24/100|[from] recoil
|
|-heal|p1a: Gengar|25/100|[from] item: Black Sludge
|upkeep
|turn|27
|
|t:|1649555315
|move|p1a: Gengar|Nasty Plot|p1a: Gengar
|-boost|p1a: Gengar|spa|2
|-activate|p2a: LilBabyNoGunna|move: Struggle
|move|p2a: LilBabyNoGunna|Struggle|p1a: Gengar
|-end|p1a: Gengar|Substitute
|-damage|p2a: LilBabyNoGunna|0 fnt|[from] recoil
|faint|p2a: LilBabyNoGunna
|
|-heal|p1a: Gengar|31/100|[from] item: Black Sludge
|upkeep
|
|t:|1649555320
|switch|p2a: NomoreNOMORE|Tapu Lele|100/100
|-fieldstart|move: Psychic Terrain|[from] ability: Psychic Surge|[of] p2a: NomoreNOMORE
|turn|28
|
|t:|1649555322
|move|p1a: Gengar|Shadow Ball|p2a: NomoreNOMORE
|-supereffective|p2a: NomoreNOMORE
|-damage|p2a: NomoreNOMORE|0 fnt
|faint|p2a: NomoreNOMORE
|
|win|Monsieur Eans
|raw|Monsieur Eans's rating: 1548 &rarr; <strong>1571</strong><br />(+23 for winning)
|raw|9rz's rating: 1595 &rarr; <strong>1572</strong><br />(-23 for losing)
|l| Go b4 it gets dark
|c|☆Monsieur Eans|gg
|c|☆9rz|pssy
|l|☆9rz
|c|☆Monsieur Eans|you lose*
||Ladder isn't responding, score probably updated but might not have (Request timeout).
