|j|☆N30N3
|j|☆serginho1
|player|p1|N30N3|170|1857
|player|p2|serginho1|lusamine-nihilego|1863
|teamsize|p1|6
|teamsize|p2|6
|gametype|singles
|gen|8
|tier|[Gen 8] OU
|rated|
|html|<div class="broadcast-blue"><strong>OU is currently suspecting Dracovish! For information on how to participate check out the <a href="https://www.smogon.com/forums/threads/3664521/">suspect thread</a>.</strong></div>
|clearpoke
|poke|p1|Mimikyu, M|
|poke|p1|Hippowdon, F|
|poke|p1|Excadrill, F|
|poke|p1|Tyranitar, F|
|poke|p1|Kyurem|
|poke|p1|Ferrothorn, M|
|poke|p2|Ditto|
|poke|p2|Salazzle, F|
|poke|p2|Toxapex, F|
|poke|p2|Ferrothorn, F|
|poke|p2|Clefable, M|
|poke|p2|Hippowdon, F|
|rule|Sleep Clause Mod: Limit one foe put to sleep
|rule|Species Clause: Limit one of each Pokémon
|rule|OHKO Clause: OHKO moves are banned
|rule|Evasion Moves Clause: Evasion moves are banned
|rule|Endless Battle Clause: Forcing endless battles is banned
|rule|HP Percentage Mod: HP is shown in percentages
|rule|Dynamax Clause: You cannot dynamax
|teampreview
|inactive|Battle timer is ON: inactive players will automatically lose when time's up. (requested by N30N3)
|
|start
|switch|p1a: Tyranitar|Tyranitar, F|100/100
|switch|p2a: Ditto|Ditto|100/100
|-weather|Sandstorm|[from] ability: Sand Stream|[of] p1a: Tyranitar
|-transform|p2a: Ditto|p1a: Tyranitar|[from] ability: Imposter
|turn|1
|
|switch|p1a: Hippowdon|Hippowdon, F|100/100
|move|p2a: Ditto|Superpower|p1a: Hippowdon
|-damage|p1a: Hippowdon|76/100
|-unboost|p2a: Ditto|atk|1
|-unboost|p2a: Ditto|def|1
|
|-weather|Sandstorm|[upkeep]
|upkeep
|turn|2
|j| odin77
|
|switch|p2a: Hippowdon|Hippowdon, F|100/100
|move|p1a: Hippowdon|Stealth Rock|p2a: Hippowdon
|-sidestart|p2: serginho1|move: Stealth Rock
|
|-weather|Sandstorm|[upkeep]
|upkeep
|turn|3
|
|switch|p1a: Kyurem|Kyurem|100/100
|-ability|p1a: Kyurem|Pressure
|move|p2a: Hippowdon|Stealth Rock|p1a: Kyurem
|-sidestart|p1: N30N3|move: Stealth Rock
|
|-weather|Sandstorm|[upkeep]
|-damage|p1a: Kyurem|94/100|[from] Sandstorm
|upkeep
|turn|4
|
|move|p1a: Kyurem|Freeze-Dry|p2a: Hippowdon
|-supereffective|p2a: Hippowdon
|-damage|p2a: Hippowdon|20/100
|move|p2a: Hippowdon|Earthquake|p1a: Kyurem
|-damage|p1a: Kyurem|59/100
|
|-weather|Sandstorm|[upkeep]
|-damage|p1a: Kyurem|53/100|[from] Sandstorm
|-heal|p2a: Hippowdon|27/100|[from] item: Leftovers
|upkeep
|turn|5
|j| ssrrr
|inactive|serginho1 has 120 seconds left.
|
|switch|p2a: Salazzle|Salazzle, F, shiny|100/100
|move|p1a: Kyurem|Freeze-Dry|p2a: Salazzle
|-resisted|p2a: Salazzle
|-damage|p2a: Salazzle|43/100
|
|-weather|none
|upkeep
|turn|6
|j| gg its chansey lol
|inactive|serginho1 has 120 seconds left.
|
|switch|p1a: Tyranitar|Tyranitar, F|100/100
|-damage|p1a: Tyranitar|88/100|[from] Stealth Rock
|-weather|Sandstorm|[from] ability: Sand Stream|[of] p1a: Tyranitar
|move|p2a: Salazzle|Toxic|p1a: Tyranitar
|-status|p1a: Tyranitar|tox
|
|-weather|Sandstorm|[upkeep]
|-damage|p2a: Salazzle|37/100|[from] Sandstorm
|-damage|p1a: Tyranitar|82/100 tox|[from] psn
|upkeep
|turn|7
|inactive|serginho1 has 120 seconds left.
|
|switch|p2a: Toxapex|Toxapex, F, shiny|100/100
|-damage|p2a: Toxapex|88/100|[from] Stealth Rock
|move|p1a: Tyranitar|Superpower|p2a: Toxapex
|-resisted|p2a: Toxapex
|-damage|p2a: Toxapex|68/100
|-unboost|p1a: Tyranitar|atk|1
|-unboost|p1a: Tyranitar|def|1
|
|-weather|Sandstorm|[upkeep]
|-damage|p2a: Toxapex|61/100|[from] Sandstorm
|-heal|p2a: Toxapex|68/100|[from] item: Black Sludge
|-damage|p1a: Tyranitar|70/100 tox|[from] psn
|upkeep
|turn|8
|
|switch|p1a: Ferrothorn|Ferrothorn, M|100/100
|-damage|p1a: Ferrothorn|94/100|[from] Stealth Rock
|move|p2a: Toxapex|Recover|p2a: Toxapex
|-heal|p2a: Toxapex|100/100
|
|-weather|Sandstorm|[upkeep]
|-damage|p2a: Toxapex|94/100|[from] Sandstorm
|-heal|p2a: Toxapex|100/100|[from] item: Black Sludge
|-heal|p1a: Ferrothorn|100/100|[from] item: Leftovers
|upkeep
|turn|9
|
|switch|p2a: Ferrothorn|Ferrothorn, F, shiny|100/100
|-damage|p2a: Ferrothorn|94/100|[from] Stealth Rock
|move|p1a: Ferrothorn|Spikes|p2a: Ferrothorn
|-sidestart|p2: serginho1|Spikes
|
|-weather|Sandstorm|[upkeep]
|-heal|p2a: Ferrothorn|100/100|[from] item: Leftovers
|upkeep
|turn|10
|
|move|p2a: Ferrothorn|Iron Defense|p2a: Ferrothorn
|-boost|p2a: Ferrothorn|def|2
|move|p1a: Ferrothorn|Knock Off|p2a: Ferrothorn
|-damage|p2a: Ferrothorn|94/100
|-damage|p1a: Ferrothorn|88/100|[from] ability: Iron Barbs|[of] p2a: Ferrothorn
|-enditem|p2a: Ferrothorn|Leftovers|[from] move: Knock Off|[of] p1a: Ferrothorn
|
|-weather|none
|-heal|p1a: Ferrothorn|94/100|[from] item: Leftovers
|upkeep
|turn|11
|
|move|p2a: Ferrothorn|Iron Defense|p2a: Ferrothorn
|-boost|p2a: Ferrothorn|def|2
|move|p1a: Ferrothorn|Spikes|p2a: Ferrothorn
|-sidestart|p2: serginho1|Spikes
|
|-heal|p1a: Ferrothorn|100/100|[from] item: Leftovers
|upkeep
|turn|12
|
|switch|p1a: Mimikyu|Mimikyu, M|100/100
|-damage|p1a: Mimikyu|88/100|[from] Stealth Rock
|move|p2a: Ferrothorn|Iron Defense|p2a: Ferrothorn
|-boost|p2a: Ferrothorn|def|2
|
|upkeep
|turn|13
|
|switch|p1a: Ferrothorn|Ferrothorn, M|100/100
|-damage|p1a: Ferrothorn|94/100|[from] Stealth Rock
|move|p2a: Ferrothorn|Leech Seed|p1a: Ferrothorn
|-immune|p1a: Ferrothorn
|
|-heal|p1a: Ferrothorn|100/100|[from] item: Leftovers
|upkeep
|turn|14
|
|switch|p1a: Mimikyu|Mimikyu, M|88/100
|-damage|p1a: Mimikyu|76/100|[from] Stealth Rock
|move|p2a: Ferrothorn|Body Press|p1a: Mimikyu
|-immune|p1a: Mimikyu
|
|upkeep
|turn|15
|j| NEW YOUNG CITY
|
|switch|p1a: Ferrothorn|Ferrothorn, M|100/100
|-damage|p1a: Ferrothorn|94/100|[from] Stealth Rock
|move|p2a: Ferrothorn|Leech Seed|p1a: Ferrothorn
|-immune|p1a: Ferrothorn
|
|-heal|p1a: Ferrothorn|100/100|[from] item: Leftovers
|upkeep
|turn|16
|
|move|p2a: Ferrothorn|Body Press|p1a: Ferrothorn
|-supereffective|p1a: Ferrothorn
|-damage|p1a: Ferrothorn|0 fnt
|-damage|p2a: Ferrothorn|82/100|[from] ability: Iron Barbs|[of] p1a: Ferrothorn
|faint|p1a: Ferrothorn
|
|upkeep
|
|switch|p1a: Kyurem|Kyurem|53/100
|-damage|p1a: Kyurem|28/100|[from] Stealth Rock
|-ability|p1a: Kyurem|Pressure
|turn|17
|
|move|p1a: Kyurem|Ice Beam|p2a: Ferrothorn
|-damage|p2a: Ferrothorn|14/100
|move|p2a: Ferrothorn|Body Press|p1a: Kyurem
|-supereffective|p1a: Kyurem
|-damage|p1a: Kyurem|0 fnt
|faint|p1a: Kyurem
|
|upkeep
|
|switch|p1a: Tyranitar|Tyranitar, F|70/100 tox
|-damage|p1a: Tyranitar|58/100 tox|[from] Stealth Rock
|-weather|Sandstorm|[from] ability: Sand Stream|[of] p1a: Tyranitar
|turn|18
|
|move|p1a: Tyranitar|Superpower|p2a: Ferrothorn
|-supereffective|p2a: Ferrothorn
|-damage|p2a: Ferrothorn|0 fnt
|-unboost|p1a: Tyranitar|atk|1
|-unboost|p1a: Tyranitar|def|1
|-damage|p1a: Tyranitar|45/100 tox|[from] ability: Iron Barbs|[of] p2a: Ferrothorn
|faint|p2a: Ferrothorn
|
|-weather|Sandstorm|[upkeep]
|-damage|p1a: Tyranitar|39/100 tox|[from] psn
|upkeep
|
|switch|p2a: Toxapex|Toxapex, F, shiny|100/100
|-damage|p2a: Toxapex|88/100|[from] Stealth Rock
|-damage|p2a: Toxapex|72/100|[from] Spikes
|turn|19
|
|move|p1a: Tyranitar|Superpower|p2a: Toxapex
|-resisted|p2a: Toxapex
|-crit|p2a: Toxapex
|-damage|p2a: Toxapex|43/100
|-unboost|p1a: Tyranitar|atk|1
|-unboost|p1a: Tyranitar|def|1
|move|p2a: Toxapex|Scald|p1a: Tyranitar
|-supereffective|p1a: Tyranitar
|-damage|p1a: Tyranitar|15/100 tox
|
|-weather|Sandstorm|[upkeep]
|-damage|p2a: Toxapex|37/100|[from] Sandstorm
|-heal|p2a: Toxapex|43/100|[from] item: Black Sludge
|-damage|p1a: Tyranitar|3/100 tox|[from] psn
|upkeep
|turn|20
|
|move|p1a: Tyranitar|Superpower|p2a: Toxapex
|-resisted|p2a: Toxapex
|-damage|p2a: Toxapex|33/100
|-unboost|p1a: Tyranitar|atk|1
|-unboost|p1a: Tyranitar|def|1
|move|p2a: Toxapex|Recover|p2a: Toxapex
|-heal|p2a: Toxapex|83/100
|
|-weather|Sandstorm|[upkeep]
|-damage|p2a: Toxapex|77/100|[from] Sandstorm
|-heal|p2a: Toxapex|83/100|[from] item: Black Sludge
|-damage|p1a: Tyranitar|0 fnt|[from] psn
|faint|p1a: Tyranitar
|upkeep
|
|switch|p1a: Excadrill|Excadrill, F|100/100
|-damage|p1a: Excadrill|97/100|[from] Stealth Rock
|turn|21
|
|switch|p2a: Hippowdon|Hippowdon, F|27/100
|-damage|p2a: Hippowdon|10/100|[from] Spikes
|-damage|p2a: Hippowdon|4/100|[from] Stealth Rock
|move|p1a: Excadrill|Earthquake|p2a: Hippowdon
|-crit|p2a: Hippowdon
|-damage|p2a: Hippowdon|0 fnt
|-damage|p1a: Excadrill|87/100|[from] item: Life Orb
|faint|p2a: Hippowdon
|
|-weather|Sandstorm|[upkeep]
|upkeep
|
|switch|p2a: Ditto|Ditto|100/100
|-damage|p2a: Ditto|84/100|[from] Spikes
|-damage|p2a: Ditto|72/100|[from] Stealth Rock
|-transform|p2a: Ditto|p1a: Excadrill|[from] ability: Imposter
|turn|22
|
|switch|p1a: Hippowdon|Hippowdon, F|76/100
|-damage|p1a: Hippowdon|70/100|[from] Stealth Rock
|move|p2a: Ditto|Earthquake|p1a: Hippowdon
|-damage|p1a: Hippowdon|38/100
|
|-weather|none
|upkeep
|turn|23
|
|move|p2a: Ditto|Earthquake|p1a: Hippowdon
|-damage|p1a: Hippowdon|8/100
|move|p1a: Hippowdon|Slack Off|p1a: Hippowdon
|-heal|p1a: Hippowdon|58/100
|
|upkeep
|turn|24
|
|switch|p2a: Clefable|Clefable, M, shiny|100/100
|move|p1a: Hippowdon|Slack Off|p1a: Hippowdon
|-heal|p1a: Hippowdon|100/100
|
|upkeep
|turn|25
|
|switch|p1a: Excadrill|Excadrill, F|87/100
|-damage|p1a: Excadrill|84/100|[from] Stealth Rock
|move|p2a: Clefable|Moonblast|p1a: Excadrill
|-resisted|p1a: Excadrill
|-damage|p1a: Excadrill|47/100
|
|upkeep
|turn|26
|
|move|p1a: Excadrill|Iron Head|p2a: Clefable
|-supereffective|p2a: Clefable
|-damage|p2a: Clefable|0 fnt
|-damage|p1a: Excadrill|37/100|[from] item: Life Orb
|faint|p2a: Clefable
|
|upkeep
|
|switch|p2a: Salazzle|Salazzle, F, shiny|37/100
|turn|27
|
|switch|p1a: Hippowdon|Hippowdon, F|100/100
|-damage|p1a: Hippowdon|94/100|[from] Stealth Rock
|-weather|Sandstorm|[from] ability: Sand Stream|[of] p1a: Hippowdon
|move|p2a: Salazzle|Flamethrower|p1a: Hippowdon
|-damage|p1a: Hippowdon|51/100
|
|-weather|Sandstorm|[upkeep]
|-damage|p2a: Salazzle|31/100|[from] Sandstorm
|upkeep
|turn|28
|
|move|p2a: Salazzle|Flamethrower|p1a: Hippowdon
|-damage|p1a: Hippowdon|3/100
|move|p1a: Hippowdon|Slack Off|p1a: Hippowdon
|-heal|p1a: Hippowdon|53/100
|
|-weather|Sandstorm|[upkeep]
|-damage|p2a: Salazzle|25/100|[from] Sandstorm
|upkeep
|turn|29
|
|switch|p1a: Mimikyu|Mimikyu, M|76/100
|-damage|p1a: Mimikyu|63/100|[from] Stealth Rock
|move|p2a: Salazzle|Flamethrower|p1a: Mimikyu
|-activate|p1a: Mimikyu|ability: Disguise
|-damage|p1a: Mimikyu|63/100
|detailschange|p1a: Mimikyu|Mimikyu-Busted, M
|-damage|p1a: Mimikyu|51/100|[from] pokemon: Mimikyu-Busted
|
|-weather|Sandstorm|[upkeep]
|-damage|p2a: Salazzle|19/100|[from] Sandstorm
|-damage|p1a: Mimikyu|45/100|[from] Sandstorm
|upkeep
|turn|30
|
|switch|p2a: Toxapex|Toxapex, F, shiny|100/100
|-damage|p2a: Toxapex|88/100|[from] Stealth Rock
|-damage|p2a: Toxapex|72/100|[from] Spikes
|move|p1a: Mimikyu|Shadow Sneak|p2a: Toxapex
|-damage|p2a: Toxapex|57/100
|-damage|p1a: Mimikyu|35/100|[from] item: Life Orb
|
|-weather|Sandstorm|[upkeep]
|-damage|p1a: Mimikyu|29/100|[from] Sandstorm
|-damage|p2a: Toxapex|51/100|[from] Sandstorm
|-heal|p2a: Toxapex|57/100|[from] item: Black Sludge
|upkeep
|turn|31
|
|switch|p1a: Hippowdon|Hippowdon, F|53/100
|-damage|p1a: Hippowdon|46/100|[from] Stealth Rock
|move|p2a: Toxapex|Recover|p2a: Toxapex
|-heal|p2a: Toxapex|100/100
|
|-weather|Sandstorm|[upkeep]
|-damage|p2a: Toxapex|94/100|[from] Sandstorm
|-heal|p2a: Toxapex|100/100|[from] item: Black Sludge
|upkeep
|turn|32
|
|move|p1a: Hippowdon|Slack Off|p1a: Hippowdon
|-heal|p1a: Hippowdon|96/100
|move|p2a: Toxapex|Scald|p1a: Hippowdon
|-supereffective|p1a: Hippowdon
|-damage|p1a: Hippowdon|66/100
|
|-weather|Sandstorm|[upkeep]
|-damage|p2a: Toxapex|94/100|[from] Sandstorm
|-heal|p2a: Toxapex|100/100|[from] item: Black Sludge
|upkeep
|turn|33
|
|switch|p1a: Mimikyu|Mimikyu-Busted, M|29/100
|-damage|p1a: Mimikyu|17/100|[from] Stealth Rock
|move|p2a: Toxapex|Scald|p1a: Mimikyu
|-damage|p1a: Mimikyu|0 fnt
|faint|p1a: Mimikyu
|
|-weather|Sandstorm|[upkeep]
|-damage|p2a: Toxapex|94/100|[from] Sandstorm
|-heal|p2a: Toxapex|100/100|[from] item: Black Sludge
|upkeep
|
|switch|p1a: Excadrill|Excadrill, F|37/100
|-damage|p1a: Excadrill|34/100|[from] Stealth Rock
|turn|34
|
|move|p1a: Excadrill|Earthquake|p2a: Toxapex
|-supereffective|p2a: Toxapex
|-damage|p2a: Toxapex|15/100
|-damage|p1a: Excadrill|24/100|[from] item: Life Orb
|move|p2a: Toxapex|Scald|p1a: Excadrill
|-supereffective|p1a: Excadrill
|-damage|p1a: Excadrill|0 fnt
|faint|p1a: Excadrill
|
|-weather|none
|-heal|p2a: Toxapex|21/100|[from] item: Black Sludge
|upkeep
|
|switch|p1a: Hippowdon|Hippowdon, F|66/100
|-damage|p1a: Hippowdon|60/100|[from] Stealth Rock
|-weather|Sandstorm|[from] ability: Sand Stream|[of] p1a: Hippowdon
|turn|35
|
|move|p2a: Toxapex|Baneful Bunker|p2a: Toxapex
|-singleturn|p2a: Toxapex|move: Protect
|move|p1a: Hippowdon|Earthquake|p2a: Toxapex
|-activate|p2a: Toxapex|move: Protect
|
|-weather|Sandstorm|[upkeep]
|-damage|p2a: Toxapex|15/100|[from] Sandstorm
|-heal|p2a: Toxapex|21/100|[from] item: Black Sludge
|upkeep
|turn|36
|inactive|serginho1 has 120 seconds left.
|l| odin77
|inactive|serginho1 has 90 seconds left.
|
|switch|p2a: Ditto|Ditto|72/100
|-damage|p2a: Ditto|55/100|[from] Spikes
|-damage|p2a: Ditto|43/100|[from] Stealth Rock
|-transform|p2a: Ditto|p1a: Hippowdon|[from] ability: Imposter
|move|p1a: Hippowdon|Earthquake|p2a: Ditto
|-damage|p2a: Ditto|15/100
|
|-weather|Sandstorm|[upkeep]
|upkeep
|turn|37
|inactive|serginho1 has 90 seconds left.
|j| odin77
|
|move|p2a: Ditto|Slack Off|p2a: Ditto
|-heal|p2a: Ditto|65/100
|move|p1a: Hippowdon|Slack Off|p1a: Hippowdon
|-heal|p1a: Hippowdon|100/100
|
|-weather|Sandstorm|[upkeep]
|upkeep
|turn|38
|inactive|serginho1 has 60 seconds left.
|
|move|p2a: Ditto|Slack Off|p2a: Ditto
|-heal|p2a: Ditto|100/100
|move|p1a: Hippowdon|Stealth Rock||[still]
|-fail|p1a: Hippowdon
|
|-weather|Sandstorm|[upkeep]
|upkeep
|turn|39
|j| kadasan
|
|move|p2a: Ditto|Slack Off||[still]
|-fail|p2a: Ditto|heal
|move|p1a: Hippowdon|Earthquake|p2a: Ditto
|-damage|p2a: Ditto|71/100
|
|-weather|Sandstorm|[upkeep]
|upkeep
|turn|40
|
|move|p2a: Ditto|Slack Off|p2a: Ditto
|-heal|p2a: Ditto|100/100
|move|p1a: Hippowdon|Earthquake|p2a: Ditto
|-damage|p2a: Ditto|73/100
|
|-weather|Sandstorm|[upkeep]
|upkeep
|turn|41
|inactive|serginho1 has 60 seconds left.
|
|switch|p2a: Toxapex|Toxapex, F, shiny|54/100
|-damage|p2a: Toxapex|38/100|[from] Spikes
|-damage|p2a: Toxapex|25/100|[from] Stealth Rock
|move|p1a: Hippowdon|Earthquake|p2a: Toxapex
|-supereffective|p2a: Toxapex
|-damage|p2a: Toxapex|0 fnt
|faint|p2a: Toxapex
|
|-weather|Sandstorm|[upkeep]
|upkeep
|
|switch|p2a: Salazzle|Salazzle, F, shiny|19/100
|turn|42
|
|move|p2a: Salazzle|Toxic|p1a: Hippowdon
|-status|p1a: Hippowdon|tox
|move|p1a: Hippowdon|Earthquake|p2a: Salazzle
|-supereffective|p2a: Salazzle
|-damage|p2a: Salazzle|0 fnt
|faint|p2a: Salazzle
|
|-weather|none
|-damage|p1a: Hippowdon|94/100 tox|[from] psn
|upkeep
|
|switch|p2a: Ditto|Ditto|73/100
|-damage|p2a: Ditto|57/100|[from] Spikes
|-damage|p2a: Ditto|45/100|[from] Stealth Rock
|-transform|p2a: Ditto|p1a: Hippowdon|[from] ability: Imposter
|-weather|Sandstorm|[from] ability: Sand Stream|[of] p2a: Ditto
|turn|43
|
|move|p2a: Ditto|Slack Off|p2a: Ditto
|-heal|p2a: Ditto|95/100
|move|p1a: Hippowdon|Earthquake|p2a: Ditto
|-damage|p2a: Ditto|66/100
|
|-weather|Sandstorm|[upkeep]
|-damage|p1a: Hippowdon|82/100 tox|[from] psn
|upkeep
|turn|44
|
|move|p2a: Ditto|Slack Off|p2a: Ditto
|-heal|p2a: Ditto|100/100
|move|p1a: Hippowdon|Earthquake|p2a: Ditto
|-damage|p2a: Ditto|74/100
|
|-weather|Sandstorm|[upkeep]
|-damage|p1a: Hippowdon|63/100 tox|[from] psn
|upkeep
|turn|45
|
|move|p2a: Ditto|Slack Off|p2a: Ditto
|-heal|p2a: Ditto|100/100
|move|p1a: Hippowdon|Slack Off|p1a: Hippowdon
|-heal|p1a: Hippowdon|100/100 tox
|
|-weather|Sandstorm|[upkeep]
|-damage|p1a: Hippowdon|76/100 tox|[from] psn
|upkeep
|turn|46
|
|move|p2a: Ditto|Slack Off||[still]
|-fail|p2a: Ditto|heal
|move|p1a: Hippowdon|Slack Off|p1a: Hippowdon
|-heal|p1a: Hippowdon|100/100 tox
|
|-weather|Sandstorm|[upkeep]
|-damage|p1a: Hippowdon|70/100 tox|[from] psn
|upkeep
|turn|47
|
|move|p2a: Ditto|Slack Off||[still]
|-fail|p2a: Ditto|heal
|move|p1a: Hippowdon|Slack Off|p1a: Hippowdon
|-heal|p1a: Hippowdon|100/100 tox
|
|-weather|none
|-damage|p1a: Hippowdon|63/100 tox|[from] psn
|upkeep
|turn|48
|c| gg its chansey lol|what a good battle
|
|-activate|p2a: Ditto|move: Struggle
|move|p2a: Ditto|Struggle|p1a: Hippowdon
|-damage|p1a: Hippowdon|56/100 tox
|-damage|p2a: Ditto|75/100|[from] recoil
|move|p1a: Hippowdon|Slack Off|p1a: Hippowdon
|-heal|p1a: Hippowdon|100/100 tox
|
|-damage|p1a: Hippowdon|57/100 tox|[from] psn
|upkeep
|turn|49
|j| phys2000
|inactive|serginho1 has 90 seconds left.
|
|-activate|p2a: Ditto|move: Struggle
|move|p2a: Ditto|Struggle|p1a: Hippowdon
|-damage|p1a: Hippowdon|50/100 tox
|-damage|p2a: Ditto|50/100|[from] recoil
|move|p1a: Hippowdon|Slack Off|p1a: Hippowdon
|-heal|p1a: Hippowdon|99/100 tox
|
|-damage|p1a: Hippowdon|51/100 tox|[from] psn
|upkeep
|turn|50
|inactive|serginho1 has 90 seconds left.
|
|-activate|p2a: Ditto|move: Struggle
|move|p2a: Ditto|Struggle|p1a: Hippowdon
|-damage|p1a: Hippowdon|43/100 tox
|-damage|p2a: Ditto|25/100|[from] recoil
|move|p1a: Hippowdon|Slack Off|p1a: Hippowdon
|-heal|p1a: Hippowdon|93/100 tox
|
|-damage|p1a: Hippowdon|38/100 tox|[from] psn
|upkeep
|turn|51
|
|-activate|p2a: Ditto|move: Struggle
|move|p2a: Ditto|Struggle|p1a: Hippowdon
|-damage|p1a: Hippowdon|31/100 tox
|-damage|p2a: Ditto|0 fnt|[from] recoil
|faint|p2a: Ditto
|
|win|N30N3
