|raw|<div class="broadcast-blue"><strong>This battle is required to be public due to a player having a name starting with 'lt92pf'.</div>
|j|☆pick of the litter
|j|‽LT92PF FJ2K
|t:|1659919919
|gametype|singles
|player|p1|pick of the litter|101|1577
|player|p2|LT92PF FJ2K|170|1752
|teamsize|p1|6
|teamsize|p2|6
|gen|8
|tier|[Gen 8] OU
|rated|
|rule|Sleep Clause Mod: Limit one foe put to sleep
|rule|Species Clause: Limit one of each Pokémon
|rule|OHKO Clause: OHKO moves are banned
|rule|Evasion Items Clause: Evasion items are banned
|rule|Evasion Moves Clause: Evasion moves are banned
|rule|Endless Battle Clause: Forcing endless battles is banned
|rule|HP Percentage Mod: HP is shown in percentages
|rule|Dynamax Clause: You cannot dynamax
|clearpoke
|poke|p1|Hippowdon, F|
|poke|p1|Tyranitar, F|
|poke|p1|Stoutland, M|
|poke|p1|Tapu Bulu|
|poke|p1|Corviknight, M|
|poke|p1|Rotom-Wash|
|poke|p2|Tyranitar, F|
|poke|p2|Rotom-Wash|
|poke|p2|Ferrothorn, M|
|poke|p2|Excadrill, F|
|poke|p2|Dragapult, F|
|poke|p2|Clefable, F|
|teampreview
|inactive|Battle timer is ON: inactive players will automatically lose when time's up. (requested by pick of the litter)
|
|t:|1659919940
|start
|switch|p1a: Rotom|Rotom-Wash|100/100
|switch|p2a: Rotom|Rotom-Wash|100/100
|turn|1
|
|t:|1659919956
|move|p1a: Rotom|Toxic|p2a: Rotom
|-status|p2a: Rotom|tox
|move|p2a: Rotom|Volt Switch|p1a: Rotom
|-damage|p1a: Rotom|64/100
|
|t:|1659919963
|switch|p2a: Dragapult|Dragapult, F|100/100|[from]move: Volt Switch
|
|upkeep
|turn|2
|
|t:|1659919972
|switch|p1a: Corviknight|Corviknight, M|100/100
|-ability|p1a: Corviknight|Pressure
|move|p2a: Dragapult|U-turn|p1a: Corviknight
|-resisted|p1a: Corviknight
|-damage|p1a: Corviknight|98/100
|-damage|p2a: Dragapult|84/100|[from] item: Rocky Helmet|[of] p1a: Corviknight
|
|t:|1659919978
|switch|p2a: Clefable|Clefable, F|100/100|[from]move: U-turn
|
|upkeep
|turn|3
|
|t:|1659919997
|switch|p1a: Hippowdon|Hippowdon, F|100/100
|move|p2a: Clefable|Stealth Rock|p1a: Hippowdon
|-sidestart|p1: pick of the litter|move: Stealth Rock
|
|upkeep
|turn|4
|
|t:|1659920007
|switch|p2a: Rotom|Rotom-Wash|100/100 tox
|move|p1a: Hippowdon|Earth Power|p2a: Rotom
|-immune|p2a: Rotom|[from] ability: Levitate
|
|-damage|p2a: Rotom|94/100 tox|[from] psn
|upkeep
|turn|5
|
|t:|1659920011
|move|p2a: Rotom|Hydro Pump|p1a: Hippowdon
|-supereffective|p1a: Hippowdon
|-damage|p1a: Hippowdon|5/100
|move|p1a: Hippowdon|Earth Power|p2a: Rotom
|-immune|p2a: Rotom|[from] ability: Levitate
|
|-heal|p2a: Rotom|100/100 tox|[from] item: Leftovers
|-damage|p2a: Rotom|88/100 tox|[from] psn
|upkeep
|turn|6
|
|t:|1659920017
|move|p2a: Rotom|Hydro Pump|p1a: Hippowdon
|-supereffective|p1a: Hippowdon
|-crit|p1a: Hippowdon
|-damage|p1a: Hippowdon|0 fnt
|faint|p1a: Hippowdon
|
|-heal|p2a: Rotom|94/100 tox|[from] item: Leftovers
|-damage|p2a: Rotom|75/100 tox|[from] psn
|upkeep
|
|t:|1659920021
|switch|p1a: Tapu Bulu|Tapu Bulu|100/100
|-damage|p1a: Tapu Bulu|88/100|[from] Stealth Rock
|-fieldstart|move: Grassy Terrain|[from] ability: Grassy Surge|[of] p1a: Tapu Bulu
|turn|7
|
|t:|1659920026
|switch|p2a: Ferrothorn|Ferrothorn, M|100/100
|move|p1a: Tapu Bulu|Swords Dance|p1a: Tapu Bulu
|-boost|p1a: Tapu Bulu|atk|2
|
|-heal|p1a: Tapu Bulu|94/100|[from] Grassy Terrain
|-heal|p1a: Tapu Bulu|99/100|[from] item: Leftovers
|upkeep
|turn|8
|
|t:|1659920045
|move|p1a: Tapu Bulu|Stone Edge|p2a: Ferrothorn
|-resisted|p2a: Ferrothorn
|-damage|p2a: Ferrothorn|72/100
|move|p2a: Ferrothorn|Knock Off|p1a: Tapu Bulu
|-resisted|p1a: Tapu Bulu
|-damage|p1a: Tapu Bulu|89/100
|-enditem|p1a: Tapu Bulu|Leftovers|[from] move: Knock Off|[of] p2a: Ferrothorn
|
|-heal|p1a: Tapu Bulu|96/100|[from] Grassy Terrain
|-heal|p2a: Ferrothorn|79/100|[from] Grassy Terrain
|-heal|p2a: Ferrothorn|85/100|[from] item: Leftovers
|upkeep
|turn|9
|
|t:|1659920050
|move|p1a: Tapu Bulu|Superpower|p2a: Ferrothorn
|-supereffective|p2a: Ferrothorn
|-damage|p2a: Ferrothorn|0 fnt
|-unboost|p1a: Tapu Bulu|atk|1
|-unboost|p1a: Tapu Bulu|def|1
|-damage|p1a: Tapu Bulu|83/100|[from] ability: Iron Barbs|[of] p2a: Ferrothorn
|faint|p2a: Ferrothorn
|
|-heal|p1a: Tapu Bulu|89/100|[from] Grassy Terrain
|upkeep
|
|t:|1659920053
|switch|p2a: Dragapult|Dragapult, F|84/100
|turn|10
|
|t:|1659920057
|switch|p1a: Tyranitar|Tyranitar, F|100/100
|-damage|p1a: Tyranitar|88/100|[from] Stealth Rock
|-weather|Sandstorm|[from] ability: Sand Stream|[of] p1a: Tyranitar
|move|p2a: Dragapult|Shadow Ball|p1a: Tyranitar
|-resisted|p1a: Tyranitar
|-damage|p1a: Tyranitar|75/100
|-unboost|p1a: Tyranitar|spd|1
|
|-weather|Sandstorm|[upkeep]
|-damage|p2a: Dragapult|78/100|[from] Sandstorm
|-heal|p2a: Dragapult|84/100|[from] Grassy Terrain
|-heal|p1a: Tyranitar|82/100|[from] Grassy Terrain
|upkeep
|turn|11
|
|t:|1659920064
|switch|p2a: Clefable|Clefable, F|100/100
|move|p1a: Tyranitar|Stealth Rock|p2a: Clefable
|-sidestart|p2: LT92PF FJ2K|move: Stealth Rock
|
|-weather|Sandstorm|[upkeep]
|-heal|p1a: Tyranitar|88/100|[from] Grassy Terrain
|-fieldend|move: Grassy Terrain
|upkeep
|turn|12
|
|t:|1659920067
|switch|p1a: Corviknight|Corviknight, M|98/100
|-damage|p1a: Corviknight|85/100|[from] Stealth Rock
|-ability|p1a: Corviknight|Pressure
|move|p2a: Clefable|Moonblast|p1a: Corviknight
|-resisted|p1a: Corviknight
|-damage|p1a: Corviknight|70/100
|-unboost|p1a: Corviknight|spa|1
|
|-weather|Sandstorm|[upkeep]
|upkeep
|turn|13
|
|t:|1659920070
|move|p2a: Clefable|Thunder Wave|p1a: Corviknight
|-status|p1a: Corviknight|par
|move|p1a: Corviknight|Roost|p1a: Corviknight
|-heal|p1a: Corviknight|100/100 par
|-singleturn|p1a: Corviknight|move: Roost
|
|-weather|Sandstorm|[upkeep]
|upkeep
|turn|14
|
|t:|1659920073
|move|p2a: Clefable|Moonblast|p1a: Corviknight
|-resisted|p1a: Corviknight
|-damage|p1a: Corviknight|86/100 par
|move|p1a: Corviknight|U-turn|p2a: Clefable
|-resisted|p2a: Clefable
|-damage|p2a: Clefable|94/100
|-damage|p1a: Corviknight|69/100 par|[from] item: Rocky Helmet|[of] p2a: Clefable
|
|t:|1659920085
|switch|p1a: Tapu Bulu|Tapu Bulu|89/100|[from]move: U-turn
|-damage|p1a: Tapu Bulu|77/100|[from] Stealth Rock
|-fieldstart|move: Grassy Terrain|[from] ability: Grassy Surge|[of] p1a: Tapu Bulu
|
|-weather|Sandstorm|[upkeep]
|-damage|p1a: Tapu Bulu|71/100|[from] Sandstorm
|-heal|p1a: Tapu Bulu|77/100|[from] Grassy Terrain
|-heal|p2a: Clefable|100/100|[from] Grassy Terrain
|upkeep
|turn|15
|
|t:|1659920089
|move|p1a: Tapu Bulu|Swords Dance|p1a: Tapu Bulu
|-boost|p1a: Tapu Bulu|atk|2
|move|p2a: Clefable|Moonblast|p1a: Tapu Bulu
|-damage|p1a: Tapu Bulu|40/100
|-unboost|p1a: Tapu Bulu|spa|1
|
|-weather|Sandstorm|[upkeep]
|-damage|p1a: Tapu Bulu|34/100|[from] Sandstorm
|-heal|p1a: Tapu Bulu|40/100|[from] Grassy Terrain
|upkeep
|turn|16
|
|t:|1659920096
|move|p1a: Tapu Bulu|Horn Leech|p2a: Clefable
|-damage|p2a: Clefable|19/100
|-heal|p1a: Tapu Bulu|97/100|[from] drain|[of] p2a: Clefable
|-damage|p1a: Tapu Bulu|81/100|[from] item: Rocky Helmet|[of] p2a: Clefable
|move|p2a: Clefable|Moonblast|p1a: Tapu Bulu
|-damage|p1a: Tapu Bulu|39/100
|
|-weather|Sandstorm|[upkeep]
|-damage|p1a: Tapu Bulu|33/100|[from] Sandstorm
|-heal|p1a: Tapu Bulu|39/100|[from] Grassy Terrain
|-heal|p2a: Clefable|25/100|[from] Grassy Terrain
|upkeep
|turn|17
|
|t:|1659920102
|move|p1a: Tapu Bulu|Horn Leech|p2a: Clefable
|-damage|p2a: Clefable|0 fnt
|-heal|p1a: Tapu Bulu|57/100|[from] drain|[of] p2a: Clefable
|-damage|p1a: Tapu Bulu|40/100|[from] item: Rocky Helmet|[of] p2a: Clefable
|faint|p2a: Clefable
|
|-weather|none
|-heal|p1a: Tapu Bulu|46/100|[from] Grassy Terrain
|upkeep
|
|t:|1659920104
|switch|p2a: Dragapult|Dragapult, F|84/100
|-damage|p2a: Dragapult|72/100|[from] Stealth Rock
|turn|18
|
|t:|1659920109
|move|p2a: Dragapult|Shadow Ball|p1a: Tapu Bulu
|-damage|p1a: Tapu Bulu|0 fnt
|faint|p1a: Tapu Bulu
|
|-heal|p2a: Dragapult|78/100|[from] Grassy Terrain
|-fieldend|move: Grassy Terrain
|upkeep
|
|t:|1659920116
|switch|p1a: Stoutland|Stoutland, M|100/100
|-damage|p1a: Stoutland|88/100|[from] Stealth Rock
|turn|19
|
|t:|1659920119
|switch|p2a: Rotom|Rotom-Wash|75/100 tox
|-damage|p2a: Rotom|63/100 tox|[from] Stealth Rock
|move|p1a: Stoutland|Superpower|p2a: Rotom
|-damage|p2a: Rotom|2/100 tox
|-unboost|p1a: Stoutland|atk|1
|-unboost|p1a: Stoutland|def|1
|
|-heal|p2a: Rotom|9/100 tox|[from] item: Leftovers
|-damage|p2a: Rotom|2/100 tox|[from] psn
|upkeep
|turn|20
|
|t:|1659920126
|move|p2a: Rotom|Pain Split|p1a: Stoutland
|-sethp|p1a: Stoutland|45/100|[from] move: Pain Split|[silent]
|-sethp|p2a: Rotom|46/100 tox|[from] move: Pain Split
|move|p1a: Stoutland|Superpower|p2a: Rotom
|-damage|p2a: Rotom|1/100 tox
|-unboost|p1a: Stoutland|atk|1
|-unboost|p1a: Stoutland|def|1
|
|-heal|p2a: Rotom|7/100 tox|[from] item: Leftovers
|-damage|p2a: Rotom|0 fnt|[from] psn
|faint|p2a: Rotom
|upkeep
|
|t:|1659920143
|switch|p2a: Excadrill|Excadrill, F|100/100
|-damage|p2a: Excadrill|97/100|[from] Stealth Rock
|turn|21
|
|t:|1659920150
|switch|p1a: Corviknight|Corviknight, M|69/100 par
|-damage|p1a: Corviknight|57/100 par|[from] Stealth Rock
|-ability|p1a: Corviknight|Pressure
|move|p2a: Excadrill|Rapid Spin|p1a: Corviknight
|-resisted|p1a: Corviknight
|-damage|p1a: Corviknight|51/100 par
|-boost|p2a: Excadrill|spe|1
|-damage|p2a: Excadrill|81/100|[from] item: Rocky Helmet|[of] p1a: Corviknight
|-sideend|p2: LT92PF FJ2K|Stealth Rock|[from] move: Rapid Spin|[of] p2a: Excadrill
|
|-heal|p2a: Excadrill|87/100|[from] item: Leftovers
|upkeep
|turn|22
|
|t:|1659920158
|switch|p2a: Dragapult|Dragapult, F|78/100
|cant|p1a: Corviknight|par
|
|upkeep
|turn|23
|
|t:|1659920164
|switch|p1a: Rotom|Rotom-Wash|64/100
|-damage|p1a: Rotom|52/100|[from] Stealth Rock
|move|p2a: Dragapult|U-turn|p1a: Rotom
|-damage|p1a: Rotom|27/100
|
|t:|1659920169
|switch|p2a: Tyranitar|Tyranitar, F|100/100|[from]move: U-turn
|-weather|Sandstorm|[from] ability: Sand Stream|[of] p2a: Tyranitar
|
|-weather|Sandstorm|[upkeep]
|-damage|p1a: Rotom|21/100|[from] Sandstorm
|upkeep
|turn|24
|
|t:|1659920175
|move|p1a: Rotom|Hydro Pump|p2a: Tyranitar
|-supereffective|p2a: Tyranitar
|-damage|p2a: Tyranitar|32/100
|move|p2a: Tyranitar|Stone Edge|p1a: Rotom
|-damage|p1a: Rotom|0 fnt
|faint|p1a: Rotom
|
|-weather|Sandstorm|[upkeep]
|upkeep
|
|t:|1659920183
|switch|p1a: Stoutland|Stoutland, M|45/100
|-damage|p1a: Stoutland|33/100|[from] Stealth Rock
|turn|25
|
|t:|1659920190
|switch|p2a: Excadrill|Excadrill, F|87/100
|move|p1a: Stoutland|Ice Fang|p2a: Excadrill
|-damage|p2a: Excadrill|41/100
|
|-weather|Sandstorm|[upkeep]
|-heal|p2a: Excadrill|47/100|[from] item: Leftovers
|upkeep
|turn|26
|
|t:|1659920196
|switch|p1a: Corviknight|Corviknight, M|51/100 par
|-damage|p1a: Corviknight|39/100 par|[from] Stealth Rock
|-ability|p1a: Corviknight|Pressure
|move|p2a: Excadrill|Iron Head|p1a: Corviknight
|-resisted|p1a: Corviknight
|-damage|p1a: Corviknight|25/100 par
|-damage|p2a: Excadrill|30/100|[from] item: Rocky Helmet|[of] p1a: Corviknight
|
|-weather|Sandstorm|[upkeep]
|-heal|p2a: Excadrill|37/100|[from] item: Leftovers
|upkeep
|turn|27
|
|t:|1659920201
|move|p2a: Excadrill|Swords Dance|p2a: Excadrill
|-boost|p2a: Excadrill|atk|2
|move|p1a: Corviknight|Roost|p1a: Corviknight
|-heal|p1a: Corviknight|75/100 par
|-singleturn|p1a: Corviknight|move: Roost
|
|-weather|none
|-heal|p2a: Excadrill|43/100|[from] item: Leftovers
|upkeep
|turn|28
|
|t:|1659920203
|move|p2a: Excadrill|Iron Head|p1a: Corviknight
|-resisted|p1a: Corviknight
|-damage|p1a: Corviknight|51/100 par
|-damage|p2a: Excadrill|26/100|[from] item: Rocky Helmet|[of] p1a: Corviknight
|cant|p1a: Corviknight|flinch
|
|-heal|p2a: Excadrill|32/100|[from] item: Leftovers
|upkeep
|turn|29
|
|t:|1659920206
|move|p2a: Excadrill|Iron Head|p1a: Corviknight
|-resisted|p1a: Corviknight
|-damage|p1a: Corviknight|26/100 par
|-damage|p2a: Excadrill|15/100|[from] item: Rocky Helmet|[of] p1a: Corviknight
|cant|p1a: Corviknight|flinch
|
|-heal|p2a: Excadrill|22/100|[from] item: Leftovers
|upkeep
|turn|30
|
|t:|1659920211
|move|p2a: Excadrill|Iron Head|p1a: Corviknight
|-resisted|p1a: Corviknight
|-damage|p1a: Corviknight|2/100 par
|-damage|p2a: Excadrill|5/100|[from] item: Rocky Helmet|[of] p1a: Corviknight
|cant|p1a: Corviknight|par
|
|-heal|p2a: Excadrill|11/100|[from] item: Leftovers
|upkeep
|turn|31
|inactiveoff|Battle timer is now OFF.
|
|t:|1659920218
|move|p2a: Excadrill|Iron Head|p1a: Corviknight
|-resisted|p1a: Corviknight
|-damage|p1a: Corviknight|0 fnt
|-damage|p2a: Excadrill|0 fnt|[from] item: Rocky Helmet|[of] p1a: Corviknight
|faint|p1a: Corviknight
|faint|p2a: Excadrill
|
|upkeep
|
|t:|1659920226
|switch|p2a: Tyranitar|Tyranitar, F|32/100
|switch|p1a: Tyranitar|Tyranitar, F|88/100
|-weather|Sandstorm|[from] ability: Sand Stream|[of] p2a: Tyranitar
|-damage|p1a: Tyranitar|75/100|[from] Stealth Rock
|turn|32
|
|t:|1659920229
|move|p2a: Tyranitar|Stone Edge|p1a: Tyranitar
|-damage|p1a: Tyranitar|4/100
|move|p1a: Tyranitar|Earthquake|p2a: Tyranitar
|-supereffective|p2a: Tyranitar
|-damage|p2a: Tyranitar|0 fnt
|faint|p2a: Tyranitar
|
|-weather|Sandstorm|[upkeep]
|upkeep
|
|t:|1659920235
|switch|p2a: Dragapult|Dragapult, F|78/100
|turn|33
|
|t:|1659920240
|move|p2a: Dragapult|Draco Meteor|p1a: Tyranitar
|-damage|p1a: Tyranitar|0 fnt
|-unboost|p2a: Dragapult|spa|2
|faint|p1a: Tyranitar
|
|-weather|Sandstorm|[upkeep]
|-damage|p2a: Dragapult|72/100|[from] Sandstorm
|upkeep
|inactive|Battle timer is ON: inactive players will automatically lose when time's up. (requested by LT92PF FJ2K)
|
|t:|1659920242
|switch|p1a: Stoutland|Stoutland, M|33/100
|-damage|p1a: Stoutland|21/100|[from] Stealth Rock
|turn|34
|
|t:|1659920243
|move|p1a: Stoutland|Ice Fang|p2a: Dragapult
|-supereffective|p2a: Dragapult
|-damage|p2a: Dragapult|0 fnt
|faint|p2a: Dragapult
|
|win|pick of the litter
|raw|pick of the litter's rating: 1577 &rarr; <strong>1606</strong><br />(+29 for winning)
|raw|LT92PF FJ2K's rating: 1752 &rarr; <strong>1723</strong><br />(-29 for losing)
|l|‽LT92PF FJ2K
