|j|☆ty-tyui↻
|j|☆Running2k
|t:|1665341253
|gametype|singles
|player|p1|ty-tyui↻|kamado|1644
|player|p2|Running2k|volkner|1697
|teamsize|p1|6
|teamsize|p2|6
|gen|8
|tier|[Gen 8] OU
|rated|
|rule|Sleep Clause Mod: Limit one foe put to sleep
|rule|Species Clause: Limit one of each Pokémon
|rule|OHKO Clause: OHKO moves are banned
|rule|Evasion Items Clause: Evasion items are banned
|rule|Evasion Moves Clause: Evasion moves are banned
|rule|Endless Battle Clause: Forcing endless battles is banned
|rule|HP Percentage Mod: HP is shown in percentages
|rule|Dynamax Clause: You cannot dynamax
|clearpoke
|poke|p1|Mienshao, M|
|poke|p1|Ninetales-Alola, F|
|poke|p1|Blacephalon|
|poke|p1|Landorus-Therian, M|
|poke|p1|Corviknight, M|
|poke|p1|Rotom-Wash|
|poke|p2|Mew|
|poke|p2|Weavile, F|
|poke|p2|Celesteela|
|poke|p2|Garchomp, M|
|poke|p2|Blacephalon|
|poke|p2|Crawdaunt, F|
|teampreview
|
|t:|1665341262
|start
|switch|p1a: Mienshao|Mienshao, M, shiny|100/100
|switch|p2a: Mew|Mew, shiny|100/100
|turn|1
|j| Gjisgaleic
|inactive|Battle timer is ON: inactive players will automatically lose when time's up. (requested by ty-tyui↻)
|
|t:|1665341280
|move|p1a: Mienshao|U-turn|p2a: Mew
|-supereffective|p2a: Mew
|-damage|p2a: Mew|44/100
|-damage|p1a: Mienshao|91/100|[from] item: Life Orb
|
|t:|1665341284
|switch|p1a: Rotom|Rotom-Wash|100/100|[from]move: U-turn
|move|p2a: Mew|Thunder Wave|p1a: Rotom
|-immune|p1a: Rotom
|
|upkeep
|turn|2
|
|t:|1665341288
|move|p2a: Mew|Stealth Rock|p1a: Rotom
|-sidestart|p1: ty-tyui↻|move: Stealth Rock
|move|p1a: Rotom|Volt Switch|p2a: Mew
|-damage|p2a: Mew|23/100
|
|t:|1665341293
|switch|p1a: Mienshao|Mienshao, M, shiny|100/100|[from]move: Volt Switch
|-damage|p1a: Mienshao|95/100|[from] Stealth Rock
|
|upkeep
|turn|3
|
|t:|1665341301
|switch|p2a: Garchomp|Garchomp, M, shiny|100/100
|move|p1a: Mienshao|U-turn|p2a: Garchomp
|-damage|p2a: Garchomp|67/100
|-damage|p1a: Mienshao|82/100|[from] ability: Rough Skin|[of] p2a: Garchomp
|-damage|p1a: Mienshao|72/100|[from] item: Life Orb
|j| emo705
|
|t:|1665341309
|switch|p1a: Ninetales|Ninetales-Alola, F|100/100|[from]move: U-turn
|-damage|p1a: Ninetales|76/100|[from] Stealth Rock
|-weather|Hail|[from] ability: Snow Warning|[of] p1a: Ninetales
|
|-weather|Hail|[upkeep]
|-damage|p2a: Garchomp|61/100|[from] Hail
|upkeep
|turn|4
|
|t:|1665341316
|switch|p2a: Mew|Mew, shiny|23/100
|move|p1a: Ninetales|Blizzard|p2a: Mew
|-damage|p2a: Mew|0 fnt
|faint|p2a: Mew
|
|-weather|Hail|[upkeep]
|upkeep
|
|t:|1665341321
|switch|p2a: Blacephalon|Blacephalon, shiny|100/100
|turn|5
|j| JoeyIreland11
|
|t:|1665341330
|move|p2a: Blacephalon|Flamethrower|p1a: Ninetales
|-supereffective|p1a: Ninetales
|-damage|p1a: Ninetales|0 fnt
|faint|p1a: Ninetales
|-ability|p2a: Blacephalon|Beast Boost|boost
|-boost|p2a: Blacephalon|spa|1
|
|-weather|Hail|[upkeep]
|-damage|p2a: Blacephalon|94/100|[from] Hail
|upkeep
|l| Gjisgaleic
|
|t:|1665341332
|switch|p1a: Rotom|Rotom-Wash|100/100
|-damage|p1a: Rotom|88/100|[from] Stealth Rock
|turn|6
|j| achiii
|
|t:|1665341338
|switch|p2a: Garchomp|Garchomp, M, shiny|61/100
|switch|p1a: Mienshao|Mienshao, M, shiny|100/100
|-damage|p1a: Mienshao|95/100|[from] Stealth Rock
|
|-weather|Hail|[upkeep]
|-damage|p1a: Mienshao|89/100|[from] Hail
|-damage|p2a: Garchomp|55/100|[from] Hail
|upkeep
|turn|7
|j| futuro corno
|j| Gjisgaleic
|
|t:|1665341345
|switch|p2a: Celesteela|Celesteela, shiny|100/100
|move|p1a: Mienshao|Close Combat|p2a: Celesteela
|-damage|p2a: Celesteela|26/100
|-unboost|p1a: Mienshao|def|1
|-unboost|p1a: Mienshao|spd|1
|-damage|p1a: Mienshao|79/100|[from] item: Life Orb
|
|-weather|none
|upkeep
|turn|8
|
|t:|1665341353
|move|p1a: Mienshao|Knock Off|p2a: Celesteela
|-damage|p2a: Celesteela|0 fnt
|-enditem|p2a: Celesteela|Power Herb|[from] move: Knock Off|[of] p1a: Mienshao
|faint|p2a: Celesteela
|-damage|p1a: Mienshao|69/100|[from] item: Life Orb
|
|upkeep
|
|t:|1665341357
|switch|p2a: Blacephalon|Blacephalon, shiny|94/100
|turn|9
|
|t:|1665341370
|switch|p1a: Landorus|Landorus-Therian, M|100/100
|-damage|p1a: Landorus|88/100|[from] Stealth Rock
|-ability|p1a: Landorus|Intimidate|boost
|-unboost|p2a: Blacephalon|atk|1
|move|p2a: Blacephalon|Shadow Ball|p1a: Landorus
|-damage|p1a: Landorus|53/100
|
|-heal|p1a: Landorus|59/100|[from] item: Leftovers
|upkeep
|turn|10
|inactive|Running2k has 120 seconds left.
|inactive|ty-tyui↻ has 120 seconds left.
|
|t:|1665341420
|switch|p2a: Garchomp|Garchomp, M, shiny|55/100
|switch|p1a: Mienshao|Mienshao, M, shiny|100/100
|-damage|p1a: Mienshao|95/100|[from] Stealth Rock
|
|upkeep
|turn|11
|inactive|Running2k has 120 seconds left.
|l| futuro corno
|
|t:|1665341436
|switch|p2a: Blacephalon|Blacephalon, shiny|94/100
|move|p1a: Mienshao|Close Combat|p2a: Blacephalon
|-immune|p2a: Blacephalon
|
|upkeep
|turn|12
|inactive|Running2k has 120 seconds left.
|inactive|ty-tyui↻ has 120 seconds left.
|
|t:|1665341468
|switch|p1a: Rotom|Rotom-Wash|88/100
|-damage|p1a: Rotom|75/100|[from] Stealth Rock
|move|p2a: Blacephalon|Shadow Ball|p1a: Rotom
|-damage|p1a: Rotom|35/100
|-unboost|p1a: Rotom|spd|1
|
|-heal|p1a: Rotom|41/100|[from] item: Leftovers
|upkeep
|turn|13
|
|t:|1665341477
|move|p2a: Blacephalon|Shadow Ball|p1a: Rotom
|-damage|p1a: Rotom|0 fnt
|faint|p1a: Rotom
|-ability|p2a: Blacephalon|Beast Boost|boost
|-boost|p2a: Blacephalon|spa|1
|
|upkeep
|
|t:|1665341479
|switch|p1a: Blacephalon|Blacephalon, shiny|100/100
|-damage|p1a: Blacephalon|76/100|[from] Stealth Rock
|turn|14
|
|t:|1665341485
|move|p1a: Blacephalon|Shadow Ball|p2a: Blacephalon
|-supereffective|p2a: Blacephalon
|-damage|p2a: Blacephalon|0 fnt
|faint|p2a: Blacephalon
|-ability|p1a: Blacephalon|Beast Boost|boost
|-boost|p1a: Blacephalon|spa|1
|
|upkeep
|
|t:|1665341489
|switch|p2a: Crawdaunt|Crawdaunt, F, shiny|100/100
|turn|15
|
|t:|1665341493
|switch|p1a: Corviknight|Corviknight, M|100/100
|-damage|p1a: Corviknight|88/100|[from] Stealth Rock
|-ability|p1a: Corviknight|Pressure
|move|p2a: Crawdaunt|Aqua Jet|p1a: Corviknight
|-damage|p1a: Corviknight|62/100
|-damage|p2a: Crawdaunt|84/100|[from] item: Rocky Helmet|[of] p1a: Corviknight
|-damage|p2a: Crawdaunt|74/100|[from] item: Life Orb
|
|upkeep
|turn|16
|
|t:|1665341498
|move|p2a: Crawdaunt|Crabhammer|p1a: Corviknight
|-damage|p1a: Corviknight|1/100
|-damage|p2a: Crawdaunt|58/100|[from] item: Rocky Helmet|[of] p1a: Corviknight
|-damage|p2a: Crawdaunt|48/100|[from] item: Life Orb
|move|p1a: Corviknight|Roost|p1a: Corviknight
|-heal|p1a: Corviknight|51/100
|-singleturn|p1a: Corviknight|move: Roost
|
|upkeep
|turn|17
|l| Gjisgaleic
|
|t:|1665341506
|move|p2a: Crawdaunt|Crabhammer|p1a: Corviknight
|-damage|p1a: Corviknight|0 fnt
|-damage|p2a: Crawdaunt|32/100|[from] item: Rocky Helmet|[of] p1a: Corviknight
|faint|p1a: Corviknight
|-damage|p2a: Crawdaunt|22/100|[from] item: Life Orb
|
|upkeep
|
|t:|1665341513
|switch|p1a: Mienshao|Mienshao, M, shiny|100/100
|-damage|p1a: Mienshao|95/100|[from] Stealth Rock
|turn|18
|
|t:|1665341517
|switch|p2a: Garchomp|Garchomp, M, shiny|55/100
|move|p1a: Mienshao|U-turn|p2a: Garchomp
|-damage|p2a: Garchomp|24/100
|-damage|p1a: Mienshao|82/100|[from] ability: Rough Skin|[of] p2a: Garchomp
|-damage|p1a: Mienshao|72/100|[from] item: Life Orb
|
|t:|1665341524
|switch|p1a: Blacephalon|Blacephalon, shiny|76/100|[from]move: U-turn
|-damage|p1a: Blacephalon|51/100|[from] Stealth Rock
|
|upkeep
|turn|19
|
|t:|1665341527
|move|p1a: Blacephalon|Shadow Ball|p2a: Garchomp
|-damage|p2a: Garchomp|0 fnt
|faint|p2a: Garchomp
|-ability|p1a: Blacephalon|Beast Boost|boost
|-boost|p1a: Blacephalon|spa|1
|
|upkeep
|
|t:|1665341550
|switch|p2a: Weavile|Weavile, F, shiny|100/100
|-ability|p2a: Weavile|Pressure
|turn|20
|
|t:|1665341560
|switch|p1a: Landorus|Landorus-Therian, M|59/100
|-damage|p1a: Landorus|46/100|[from] Stealth Rock
|-ability|p1a: Landorus|Intimidate|boost
|-unboost|p2a: Weavile|atk|1
|move|p2a: Weavile|Knock Off|p1a: Landorus
|-damage|p1a: Landorus|0 fnt
|-enditem|p1a: Landorus|Leftovers|[from] move: Knock Off|[of] p2a: Weavile
|faint|p1a: Landorus
|-damage|p2a: Weavile|91/100|[from] item: Life Orb
|
|upkeep
|inactive|ty-tyui↻ has 120 seconds left.
|j| Rajnified
|
|t:|1665341610
|switch|p1a: Blacephalon|Blacephalon, shiny|51/100
|-damage|p1a: Blacephalon|26/100|[from] Stealth Rock
|turn|21
|inactive|Running2k has 120 seconds left.
|
|t:|1665341668
|switch|p2a: Crawdaunt|Crawdaunt, F, shiny|22/100
|move|p1a: Blacephalon|Flamethrower|p2a: Crawdaunt
|-resisted|p2a: Crawdaunt
|-damage|p2a: Crawdaunt|0 fnt
|faint|p2a: Crawdaunt
|-ability|p1a: Blacephalon|Beast Boost|boost
|-boost|p1a: Blacephalon|spa|1
|
|upkeep
|
|t:|1665341673
|switch|p2a: Weavile|Weavile, F, shiny|91/100
|-ability|p2a: Weavile|Pressure
|turn|22
|
|t:|1665341678
|move|p2a: Weavile|Ice Shard|p1a: Blacephalon
|-resisted|p1a: Blacephalon
|-damage|p1a: Blacephalon|0 fnt
|faint|p1a: Blacephalon
|-damage|p2a: Weavile|81/100|[from] item: Life Orb
|
|upkeep
|
|t:|1665341680
|switch|p1a: Mienshao|Mienshao, M, shiny|100/100
|-damage|p1a: Mienshao|95/100|[from] Stealth Rock
|turn|23
|c|☆ty-tyui↻|aww gg
|
|t:|1665341690
|move|p2a: Weavile|Triple Axel|p1a: Mienshao
|-damage|p1a: Mienshao|69/100
|-damage|p1a: Mienshao|19/100
|-damage|p1a: Mienshao|0 fnt
|faint|p1a: Mienshao
|-hitcount|p1: Mienshao|3
|-damage|p2a: Weavile|71/100|[from] item: Life Orb
|
|win|Running2k
|raw|ty-tyui↻'s rating: 1644 &rarr; <strong>1627</strong><br />(-17 for losing)
|raw|Running2k's rating: 1697 &rarr; <strong>1714</strong><br />(+17 for winning)
|c|☆Running2k|dude
|j| Butwig
|c|☆Running2k|nice gg
|l| Butwig
|c|☆Running2k|wp
