|j|☆beastyj157
|j|☆amstan
|inactive|Battle timer is ON: inactive players will automatically lose when time's up.
|t:|1655589200
|gametype|singles
|player|p1|beastyj157|skierf|
|player|p2|amstan|giovanni|
|teamsize|p1|6
|teamsize|p2|6
|gen|8
|tier|[Gen 8] OU
|rated|Tournament battle
|rule|Sleep Clause Mod: Limit one foe put to sleep
|rule|Species Clause: Limit one of each Pokémon
|rule|OHKO Clause: OHKO moves are banned
|rule|Evasion Moves Clause: Evasion moves are banned
|rule|Endless Battle Clause: Forcing endless battles is banned
|rule|HP Percentage Mod: HP is shown in percentages
|rule|Dynamax Clause: You cannot dynamax
|clearpoke
|poke|p1|Nidoking, M|
|poke|p1|Slowbro, F|
|poke|p1|Heatran, F|
|poke|p1|Landorus-Therian, M|
|poke|p1|Weavile, F|
|poke|p1|Tornadus-Therian, M|
|poke|p2|Keldeo-Resolute|
|poke|p2|Heatran, F|
|poke|p2|Tapu Koko|
|poke|p2|Landorus-Therian, M|
|poke|p2|Bisharp, M|
|poke|p2|Dragonite, F|
|teampreview
|inactive|beastyj157 also wants the timer to be on.
|
|t:|1655589209
|start
|switch|p1a: Nidoking|Nidoking, M|100/100
|switch|p2a: Keldeo|Keldeo-Resolute|100/100
|turn|1
|j| Rosaism
|
|t:|1655589214
|switch|p1a: Slowbro|Slowbro, F|100/100
|move|p2a: Keldeo|Substitute|p2a: Keldeo
|-start|p2a: Keldeo|Substitute
|-damage|p2a: Keldeo|76/100
|
|-heal|p2a: Keldeo|82/100|[from] item: Leftovers
|upkeep
|turn|2
|
|t:|1655589218
|move|p2a: Keldeo|Scald|p1a: Slowbro
|-resisted|p1a: Slowbro
|-damage|p1a: Slowbro|80/100
|move|p1a: Slowbro|Future Sight|p2a: Keldeo
|-start|p1a: Slowbro|move: Future Sight
|
|-heal|p2a: Keldeo|88/100|[from] item: Leftovers
|upkeep
|turn|3
|
|t:|1655589222
|move|p2a: Keldeo|Calm Mind|p2a: Keldeo
|-boost|p2a: Keldeo|spa|1
|-boost|p2a: Keldeo|spd|1
|move|p1a: Slowbro|Teleport|p1a: Slowbro
|
|t:|1655589227
|switch|p1a: Tornadus|Tornadus-Therian, M|100/100|[from]move: Teleport
|
|-heal|p2a: Keldeo|94/100|[from] item: Leftovers
|upkeep
|turn|4
|
|t:|1655589229
|move|p1a: Tornadus|Hurricane|p2a: Keldeo
|-supereffective|p2a: Keldeo
|-end|p2a: Keldeo|Substitute
|move|p2a: Keldeo|Scald|p1a: Tornadus
|-damage|p1a: Tornadus|46/100
|
|-end|p2a: Keldeo|move: Future Sight
|-supereffective|p2a: Keldeo
|-damage|p2a: Keldeo|31/100
|-heal|p2a: Keldeo|37/100|[from] item: Leftovers
|upkeep
|turn|5
|
|t:|1655589239
|switch|p2a: Tapu Koko|Tapu Koko|100/100
|-fieldstart|move: Electric Terrain|[from] ability: Electric Surge|[of] p2a: Tapu Koko
|move|p1a: Tornadus|U-turn|p2a: Tapu Koko
|-resisted|p2a: Tapu Koko
|-damage|p2a: Tapu Koko|91/100
|
|t:|1655589242
|switch|p1a: Nidoking|Nidoking, M|100/100|[from]move: U-turn
|
|upkeep
|turn|6
|
|t:|1655589251
|move|p2a: Tapu Koko|U-turn|p1a: Nidoking
|-resisted|p1a: Nidoking
|-damage|p1a: Nidoking|89/100
|
|t:|1655589258
|switch|p2a: Dragonite|Dragonite, F|100/100|[from]move: U-turn
|move|p1a: Nidoking|Ice Beam|p2a: Dragonite
|-supereffective|p2a: Dragonite
|-crit|p2a: Dragonite
|-damage|p2a: Dragonite|0 fnt
|faint|p2a: Dragonite
|
|upkeep
|c|☆beastyj157|NICE
|
|t:|1655589262
|switch|p2a: Keldeo|Keldeo-Resolute|37/100
|turn|7
|j| TheNewBrends11@!
|
|t:|1655589272
|switch|p1a: Slowbro|Slowbro, F|100/100
|move|p2a: Keldeo|Scald|p1a: Slowbro
|-resisted|p1a: Slowbro
|-damage|p1a: Slowbro|78/100
|
|-heal|p2a: Keldeo|43/100|[from] item: Leftovers
|upkeep
|turn|8
|
|t:|1655589281
|switch|p2a: Heatran|Heatran, F|100/100
|move|p1a: Slowbro|Future Sight|p2a: Heatran
|-start|p1a: Slowbro|move: Future Sight
|
|upkeep
|turn|9
|
|t:|1655589284
|move|p2a: Heatran|Magma Storm|p1a: Slowbro
|-resisted|p1a: Slowbro
|-damage|p1a: Slowbro|57/100
|-activate|p1a: Slowbro|move: Magma Storm|[of] p2a: Heatran
|move|p1a: Slowbro|Teleport|p1a: Slowbro
|
|t:|1655589290
|switch|p1a: Nidoking|Nidoking, M|89/100|[from]move: Teleport
|
|-fieldend|move: Electric Terrain
|upkeep
|turn|10
|
|t:|1655589298
|switch|p2a: Landorus|Landorus-Therian, M|100/100
|-ability|p2a: Landorus|Intimidate|boost
|-unboost|p1a: Nidoking|atk|1
|move|p1a: Nidoking|Earth Power|p2a: Landorus
|-immune|p2a: Landorus
|
|-end|p2a: Landorus|move: Future Sight
|-damage|p2a: Landorus|57/100
|-heal|p2a: Landorus|63/100|[from] item: Leftovers
|upkeep
|turn|11
|
|t:|1655589300
|move|p1a: Nidoking|Ice Beam|p2a: Landorus
|-supereffective|p2a: Landorus
|-crit|p2a: Landorus
|-damage|p2a: Landorus|0 fnt
|faint|p2a: Landorus
|
|upkeep
|
|t:|1655589305
|switch|p2a: Keldeo|Keldeo-Resolute|43/100
|turn|12
|
|t:|1655589310
|switch|p1a: Slowbro|Slowbro, F|90/100
|move|p2a: Keldeo|Substitute|p2a: Keldeo
|-start|p2a: Keldeo|Substitute
|-damage|p2a: Keldeo|18/100
|
|-heal|p2a: Keldeo|24/100|[from] item: Leftovers
|upkeep
|turn|13
|
|t:|1655589317
|move|p2a: Keldeo|Calm Mind|p2a: Keldeo
|-boost|p2a: Keldeo|spa|1
|-boost|p2a: Keldeo|spd|1
|move|p1a: Slowbro|Future Sight|p2a: Keldeo
|-start|p1a: Slowbro|move: Future Sight
|
|-heal|p2a: Keldeo|31/100|[from] item: Leftovers
|upkeep
|turn|14
|
|t:|1655589321
|move|p2a: Keldeo|Calm Mind|p2a: Keldeo
|-boost|p2a: Keldeo|spa|1
|-boost|p2a: Keldeo|spd|1
|move|p1a: Slowbro|Teleport|p1a: Slowbro
|
|t:|1655589330
|switch|p1a: Weavile|Weavile, F|100/100|[from]move: Teleport
|-ability|p1a: Weavile|Pressure
|
|-heal|p2a: Keldeo|37/100|[from] item: Leftovers
|upkeep
|turn|15
|
|t:|1655589335
|move|p1a: Weavile|Triple Axel|p2a: Keldeo|[miss]
|-miss|p1a: Weavile|p2a: Keldeo
|move|p2a: Keldeo|Substitute|p2a: Keldeo
|-fail|p2a: Keldeo|move: Substitute
|
|-end|p2a: Keldeo|move: Future Sight
|-supereffective|p2a: Keldeo
|-end|p2a: Keldeo|Substitute
|-heal|p2a: Keldeo|43/100|[from] item: Leftovers
|upkeep
|turn|16
|
|t:|1655589338
|move|p1a: Weavile|Triple Axel|p2a: Keldeo
|-resisted|p2a: Keldeo
|-damage|p2a: Keldeo|37/100
|-resisted|p2a: Keldeo
|-damage|p2a: Keldeo|25/100
|-resisted|p2a: Keldeo
|-damage|p2a: Keldeo|9/100
|-hitcount|p2a: Keldeo|3
|move|p2a: Keldeo|Substitute|p2a: Keldeo
|-fail|p2a: Keldeo|move: Substitute|[weak]
|
|-heal|p2a: Keldeo|15/100|[from] item: Leftovers
|upkeep
|turn|17
|c|☆beastyj157|mad man
|c|☆beastyj157|thats all ima say
|
|t:|1655589355
|move|p1a: Weavile|Knock Off|p2a: Keldeo
|-resisted|p2a: Keldeo
|-damage|p2a: Keldeo|0 fnt
|-enditem|p2a: Keldeo|Leftovers|[from] move: Knock Off|[of] p1a: Weavile
|faint|p2a: Keldeo
|
|upkeep
|
|t:|1655589358
|switch|p2a: Tapu Koko|Tapu Koko|91/100
|-fieldstart|move: Electric Terrain|[from] ability: Electric Surge|[of] p2a: Tapu Koko
|turn|18
|
|t:|1655589361
|switch|p1a: Nidoking|Nidoking, M|89/100
|move|p2a: Tapu Koko|Dazzling Gleam|p1a: Nidoking
|-resisted|p1a: Nidoking
|-damage|p1a: Nidoking|60/100
|
|upkeep
|turn|19
|
|t:|1655589365
|move|p2a: Tapu Koko|U-turn|p1a: Nidoking
|-resisted|p1a: Nidoking
|-damage|p1a: Nidoking|48/100
|
|t:|1655589367
|switch|p2a: Heatran|Heatran, F|100/100|[from]move: U-turn
|move|p1a: Nidoking|Earth Power|p2a: Heatran
|-supereffective|p2a: Heatran
|-damage|p2a: Heatran|0 fnt
|faint|p2a: Heatran
|
|upkeep
|
|t:|1655589368
|switch|p2a: Tapu Koko|Tapu Koko|91/100
|turn|20
|
|t:|1655589374
|move|p2a: Tapu Koko|Dazzling Gleam|p1a: Nidoking
|-resisted|p1a: Nidoking
|-damage|p1a: Nidoking|19/100
|move|p1a: Nidoking|Earth Power|p2a: Tapu Koko
|-supereffective|p2a: Tapu Koko
|-damage|p2a: Tapu Koko|0 fnt
|faint|p2a: Tapu Koko
|
|upkeep
|
|t:|1655589377
|switch|p2a: Bisharp|Bisharp, M|100/100
|turn|21
|
|t:|1655589378
|move|p2a: Bisharp|Sucker Punch|p1a: Nidoking
|-damage|p1a: Nidoking|0 fnt
|faint|p1a: Nidoking
|
|upkeep
|
|t:|1655589382
|switch|p1a: Heatran|Heatran, F|100/100
|turn|22
|
|t:|1655589394
|move|p2a: Bisharp|Sucker Punch|p1a: Heatran
|-damage|p1a: Heatran|50/100
|move|p1a: Heatran|Earth Power|p2a: Bisharp
|-supereffective|p2a: Bisharp
|-damage|p2a: Bisharp|8/100
|-unboost|p2a: Bisharp|spd|1
|-ability|p2a: Bisharp|Defiant
|-boost|p2a: Bisharp|atk|2
|
|-heal|p1a: Heatran|57/100|[from] item: Leftovers
|-fieldend|move: Electric Terrain
|upkeep
|turn|23
|c|☆beastyj157|....
|
|t:|1655589402
|move|p2a: Bisharp|Sucker Punch|p1a: Heatran
|-damage|p1a: Heatran|0 fnt
|faint|p1a: Heatran
|
|upkeep
|
|t:|1655589405
|switch|p1a: Weavile|Weavile, F|100/100
|-ability|p1a: Weavile|Pressure
|turn|24
|c|☆amstan|gg
|c|☆beastyj157|!dt sucker punch
|raw|<ul class="utilichart"><li class="result"><span class="col movenamecol"><a href="https://dex.pokemonshowdown.com/moves/suckerpunch">Sucker Punch</a></span> <span class="col typecol"><img src="//play.pokemonshowdown.com/sprites/types/Dark.png" alt="Dark" width="32" height="14"><img src="//play.pokemonshowdown.com/sprites/categories/Physical.png" alt="Physical" width="32" height="14"></span> <span class="col labelcol"><em>Power</em><br>70</span> <span class="col widelabelcol"><em>Accuracy</em><br>100%</span> <span class="col pplabelcol"><em>PP</em><br>8</span> <span class="col movedesccol">Usually goes first. Fails if target is not attacking.</span> </li><li style="clear:both"></li></ul>
|raw|<font size="1"><font color="#686868">Priority:</font> 1&nbsp;|&ThickSpace;<font color="#686868">Gen:</font> 4&nbsp;|&ThickSpace;&#10003; Contact&nbsp;|&ThickSpace;<font color="#686868">Z-Power:</font> 140&nbsp;|&ThickSpace;<font color="#686868">Dynamax Power:</font> 120&nbsp;|&ThickSpace;<font color="#686868">Target:</font> One Adjacent Pokémon</font>

|c|☆beastyj157|ok good
|
|t:|1655589430
|move|p1a: Weavile|Ice Shard|p2a: Bisharp
|-resisted|p2a: Bisharp
|-damage|p2a: Bisharp|0 fnt
|faint|p2a: Bisharp
|
|win|beastyj157
|n|☆beastyj157|beastyj157
|n|☆amstan|amstan
|n| Rosaism|rosaism
|n| TheNewBrends11@!|thenewbrends11
|c|☆beastyj157|gg
|l|☆beastyj157
|l| Rosaism
|j| Dloweds
