|j|☆CherN0ble
|j|☆bizarman
|t:|1663184117
|gametype|singles
|player|p1|CherN0ble|steven|1623
|player|p2|bizarman|scientist-gen4|1727
|teamsize|p1|6
|teamsize|p2|6
|gen|8
|tier|[Gen 8] OU
|rated|
|rule|Sleep Clause Mod: Limit one foe put to sleep
|rule|Species Clause: Limit one of each Pokémon
|rule|OHKO Clause: OHKO moves are banned
|rule|Evasion Items Clause: Evasion items are banned
|rule|Evasion Moves Clause: Evasion moves are banned
|rule|Endless Battle Clause: Forcing endless battles is banned
|rule|HP Percentage Mod: HP is shown in percentages
|rule|Dynamax Clause: You cannot dynamax
|clearpoke
|poke|p1|Pelipper, M|
|poke|p1|Seismitoad, M|
|poke|p1|Barraskewda, M|
|poke|p1|Crawdaunt, M|
|poke|p1|Ferrothorn, M|
|poke|p1|Dragapult, F|
|poke|p2|Nidoking, M|
|poke|p2|Slowbro, F|
|poke|p2|Dragapult, M|
|poke|p2|Heatran, M|
|poke|p2|Buzzwole|
|poke|p2|Landorus-Therian, M|
|teampreview
|
|t:|1663184125
|start
|switch|p1a: Pelipper|Pelipper, M|100/100
|switch|p2a: Bebin|Dragapult, M|100/100
|-weather|RainDance|[from] ability: Drizzle|[of] p1a: Pelipper
|turn|1
|inactive|Battle timer is ON: inactive players will automatically lose when time's up. (requested by bizarman)
|
|t:|1663184134
|switch|p1a: Ferrothorn|Ferrothorn, M|100/100
|move|p2a: Bebin|Shadow Ball|p1a: Ferrothorn
|-damage|p1a: Ferrothorn|55/100
|-unboost|p1a: Ferrothorn|spd|1
|
|-weather|RainDance|[upkeep]
|-heal|p1a: Ferrothorn|61/100|[from] item: Leftovers
|upkeep
|turn|2
|
|t:|1663184142
|switch|p1a: Seismitoad|Seismitoad, M|100/100
|move|p2a: Bebin|Shadow Ball|p1a: Seismitoad
|-damage|p1a: Seismitoad|41/100
|
|-weather|RainDance|[upkeep]
|upkeep
|turn|3
|
|t:|1663184169
|move|p1a: Seismitoad|Knock Off|p2a: Bebin
|-supereffective|p2a: Bebin
|-damage|p2a: Bebin|0 fnt
|-enditem|p2a: Bebin|Choice Specs|[from] move: Knock Off|[of] p1a: Seismitoad
|faint|p2a: Bebin
|-damage|p1a: Seismitoad|31/100|[from] item: Life Orb
|
|-weather|RainDance|[upkeep]
|upkeep
|
|t:|1663184182
|switch|p2a: Dorshe|Buzzwole|100/100
|turn|4
|inactive|CherN0ble has 120 seconds left.
|
|t:|1663184204
|move|p1a: Seismitoad|Liquidation|p2a: Dorshe
|-damage|p2a: Dorshe|53/100
|-damage|p1a: Seismitoad|14/100|[from] item: Rocky Helmet|[of] p2a: Dorshe
|-damage|p1a: Seismitoad|4/100|[from] item: Life Orb
|move|p2a: Dorshe|Roost|p2a: Dorshe
|-heal|p2a: Dorshe|100/100
|-singleturn|p2a: Dorshe|move: Roost
|
|-weather|RainDance|[upkeep]
|upkeep
|turn|5
|
|t:|1663184213
|move|p1a: Seismitoad|Stealth Rock|p2a: Dorshe
|-sidestart|p2: bizarman|move: Stealth Rock
|move|p2a: Dorshe|Roost||[still]
|-fail|p2a: Dorshe|heal
|
|-weather|RainDance|[upkeep]
|upkeep
|turn|6
|inactive|CherN0ble has 120 seconds left.
|
|t:|1663184236
|move|p1a: Seismitoad|Liquidation|p2a: Dorshe
|-damage|p2a: Dorshe|48/100
|-damage|p1a: Seismitoad|0 fnt|[from] item: Rocky Helmet|[of] p2a: Dorshe
|faint|p1a: Seismitoad
|move|p2a: Dorshe|Roost|p2a: Dorshe
|-heal|p2a: Dorshe|98/100
|-singleturn|p2a: Dorshe|move: Roost
|
|-weather|RainDance|[upkeep]
|upkeep
|inactive|CherN0ble has 120 seconds left.
|
|t:|1663184245
|switch|p1a: Pelipper|Pelipper, M|100/100
|turn|7
|
|t:|1663184264
|switch|p2a: Domas|Landorus-Therian, M|100/100
|-damage|p2a: Domas|88/100|[from] Stealth Rock
|-ability|p2a: Domas|Intimidate|boost
|-unboost|p1a: Pelipper|atk|1
|move|p1a: Pelipper|Hurricane|p2a: Domas
|-damage|p2a: Domas|50/100
|-start|p2a: Domas|confusion
|
|-weather|RainDance|[upkeep]
|-heal|p2a: Domas|57/100|[from] item: Leftovers
|upkeep
|turn|8
|
|t:|1663184275
|-activate|p2a: Domas|confusion
|move|p2a: Domas|Knock Off|p1a: Pelipper
|-damage|p1a: Pelipper|69/100
|-enditem|p1a: Pelipper|Damp Rock|[from] move: Knock Off|[of] p2a: Domas
|move|p1a: Pelipper|Scald|p2a: Domas
|-supereffective|p2a: Domas
|-damage|p2a: Domas|0 fnt
|faint|p2a: Domas
|
|-weather|none
|upkeep
|
|t:|1663184285
|switch|p2a: Boji|Nidoking, M|100/100
|-damage|p2a: Boji|95/100|[from] Stealth Rock
|turn|9
|
|t:|1663184291
|switch|p1a: Ferrothorn|Ferrothorn, M|61/100
|move|p2a: Boji|Sludge Wave|p1a: Ferrothorn
|-immune|p1a: Ferrothorn
|
|-heal|p1a: Ferrothorn|68/100|[from] item: Leftovers
|upkeep
|turn|10
|
|t:|1663184297
|move|p2a: Boji|Earth Power|p1a: Ferrothorn
|-damage|p1a: Ferrothorn|12/100
|move|p1a: Ferrothorn|Leech Seed|p2a: Boji
|-start|p2a: Boji|move: Leech Seed
|
|-heal|p1a: Ferrothorn|18/100|[from] item: Leftovers
|-damage|p2a: Boji|82/100|[from] Leech Seed|[of] p1a: Ferrothorn
|-heal|p1a: Ferrothorn|29/100|[silent]
|upkeep
|turn|11
|
|t:|1663184307
|move|p1a: Ferrothorn|Protect|p1a: Ferrothorn
|-singleturn|p1a: Ferrothorn|Protect
|move|p2a: Boji|Sludge Wave|p1a: Ferrothorn
|-activate|p1a: Ferrothorn|move: Protect
|
|-heal|p1a: Ferrothorn|35/100|[from] item: Leftovers
|-damage|p2a: Boji|70/100|[from] Leech Seed|[of] p1a: Ferrothorn
|-heal|p1a: Ferrothorn|46/100|[silent]
|upkeep
|turn|12
|
|t:|1663184315
|switch|p1a: Pelipper|Pelipper, M|69/100
|-weather|RainDance|[from] ability: Drizzle|[of] p1a: Pelipper
|move|p2a: Boji|Earth Power|p1a: Pelipper
|-immune|p1a: Pelipper
|
|-weather|RainDance|[upkeep]
|-damage|p2a: Boji|58/100|[from] Leech Seed|[of] p1a: Pelipper
|-heal|p1a: Pelipper|80/100|[silent]
|upkeep
|turn|13
|
|t:|1663184324
|switch|p1a: Ferrothorn|Ferrothorn, M|46/100
|move|p2a: Boji|Sludge Wave|p1a: Ferrothorn
|-immune|p1a: Ferrothorn
|
|-weather|RainDance|[upkeep]
|-heal|p1a: Ferrothorn|52/100|[from] item: Leftovers
|-damage|p2a: Boji|46/100|[from] Leech Seed|[of] p1a: Ferrothorn
|-heal|p1a: Ferrothorn|62/100|[silent]
|upkeep
|turn|14
|
|t:|1663184333
|switch|p2a: Apeas|Heatran, M|100/100
|-damage|p2a: Apeas|88/100|[from] Stealth Rock
|move|p1a: Ferrothorn|Protect||[still]
|-fail|p1a: Ferrothorn
|
|-weather|RainDance|[upkeep]
|-heal|p2a: Apeas|94/100|[from] item: Leftovers
|-heal|p1a: Ferrothorn|69/100|[from] item: Leftovers
|upkeep
|turn|15
|
|t:|1663184341
|move|p2a: Apeas|Stealth Rock|p1a: Ferrothorn
|-sidestart|p1: CherN0ble|move: Stealth Rock
|move|p1a: Ferrothorn|Leech Seed|p2a: Apeas
|-start|p2a: Apeas|move: Leech Seed
|
|-weather|RainDance|[upkeep]
|-heal|p2a: Apeas|100/100|[from] item: Leftovers
|-heal|p1a: Ferrothorn|75/100|[from] item: Leftovers
|-damage|p2a: Apeas|88/100|[from] Leech Seed|[of] p1a: Ferrothorn
|-heal|p1a: Ferrothorn|89/100|[silent]
|upkeep
|turn|16
|inactive|CherN0ble has 120 seconds left.
|
|t:|1663184392
|switch|p1a: Barraskewda|Barraskewda, M|100/100
|-damage|p1a: Barraskewda|88/100|[from] Stealth Rock
|move|p2a: Apeas|Magma Storm|p1a: Barraskewda|[miss]
|-miss|p2a: Apeas|p1a: Barraskewda
|
|-weather|none
|-heal|p2a: Apeas|94/100|[from] item: Leftovers
|-damage|p2a: Apeas|82/100|[from] Leech Seed|[of] p1a: Barraskewda
|-heal|p1a: Barraskewda|100/100|[silent]
|upkeep
|turn|17
|c|☆bizarman|...
|
|t:|1663184407
|switch|p2a: Hiling|Slowbro, F|100/100
|-damage|p2a: Hiling|88/100|[from] Stealth Rock
|move|p1a: Barraskewda|Flip Turn|p2a: Hiling
|-resisted|p2a: Hiling
|-damage|p2a: Hiling|75/100
|-damage|p1a: Barraskewda|84/100|[from] item: Rocky Helmet|[of] p2a: Hiling
|-damage|p1a: Barraskewda|74/100|[from] item: Life Orb
|
|t:|1663184409
|switch|p1a: Crawdaunt|Crawdaunt, M|100/100|[from]move: Flip Turn
|-damage|p1a: Crawdaunt|88/100|[from] Stealth Rock
|
|upkeep
|turn|18
|
|t:|1663184419
|switch|p2a: Dorshe|Buzzwole|98/100
|-damage|p2a: Dorshe|85/100|[from] Stealth Rock
|move|p1a: Crawdaunt|Knock Off|p2a: Dorshe
|-resisted|p2a: Dorshe
|-damage|p2a: Dorshe|54/100
|-damage|p1a: Crawdaunt|72/100|[from] item: Rocky Helmet|[of] p2a: Dorshe
|-enditem|p2a: Dorshe|Rocky Helmet|[from] move: Knock Off|[of] p1a: Crawdaunt
|-damage|p1a: Crawdaunt|62/100|[from] item: Life Orb
|
|upkeep
|turn|19
|
|t:|1663184429
|switch|p1a: Dragapult|Dragapult, F|100/100
|-damage|p1a: Dragapult|88/100|[from] Stealth Rock
|move|p2a: Dorshe|Roost|p2a: Dorshe
|-heal|p2a: Dorshe|100/100
|-singleturn|p2a: Dorshe|move: Roost
|
|upkeep
|turn|20
|
|t:|1663184437
|switch|p2a: Apeas|Heatran, M|82/100
|-damage|p2a: Apeas|69/100|[from] Stealth Rock
|move|p1a: Dragapult|U-turn|p2a: Apeas
|-resisted|p2a: Apeas
|-damage|p2a: Apeas|66/100
|
|t:|1663184439
|switch|p1a: Pelipper|Pelipper, M|80/100|[from]move: U-turn
|-damage|p1a: Pelipper|55/100|[from] Stealth Rock
|-weather|RainDance|[from] ability: Drizzle|[of] p1a: Pelipper
|
|-weather|RainDance|[upkeep]
|-heal|p2a: Apeas|72/100|[from] item: Leftovers
|upkeep
|turn|21
|
|t:|1663184455
|switch|p2a: Hiling|Slowbro, F|100/100
|-damage|p2a: Hiling|88/100|[from] Stealth Rock
|move|p1a: Pelipper|Scald|p2a: Hiling
|-resisted|p2a: Hiling
|-damage|p2a: Hiling|58/100
|-status|p2a: Hiling|brn
|
|-weather|RainDance|[upkeep]
|-damage|p2a: Hiling|52/100 brn|[from] brn
|upkeep
|turn|22
|
|t:|1663184464
|move|p1a: Pelipper|Hurricane|p2a: Hiling
|-damage|p2a: Hiling|0 fnt
|faint|p2a: Hiling
|
|-weather|RainDance|[upkeep]
|upkeep
|
|t:|1663184469
|switch|p2a: Boji|Nidoking, M|46/100
|-damage|p2a: Boji|40/100|[from] Stealth Rock
|turn|23
|
|t:|1663184474
|switch|p1a: Ferrothorn|Ferrothorn, M|89/100
|-damage|p1a: Ferrothorn|82/100|[from] Stealth Rock
|move|p2a: Boji|Earth Power|p1a: Ferrothorn
|-damage|p1a: Ferrothorn|27/100
|
|-weather|RainDance|[upkeep]
|-heal|p1a: Ferrothorn|33/100|[from] item: Leftovers
|upkeep
|turn|24
|
|t:|1663184482
|move|p2a: Boji|Earth Power|p1a: Ferrothorn
|-damage|p1a: Ferrothorn|0 fnt
|faint|p1a: Ferrothorn
|
|-weather|none
|upkeep
|
|t:|1663184487
|switch|p1a: Crawdaunt|Crawdaunt, M|62/100
|-damage|p1a: Crawdaunt|50/100|[from] Stealth Rock
|turn|25
|
|t:|1663184495
|move|p1a: Crawdaunt|Aqua Jet|p2a: Boji
|-supereffective|p2a: Boji
|-damage|p2a: Boji|0 fnt
|faint|p2a: Boji
|-damage|p1a: Crawdaunt|40/100|[from] item: Life Orb
|
|upkeep
|
|t:|1663184501
|switch|p2a: Dorshe|Buzzwole|100/100
|-damage|p2a: Dorshe|88/100|[from] Stealth Rock
|turn|26
|
|t:|1663184505
|switch|p1a: Dragapult|Dragapult, F|88/100
|-damage|p1a: Dragapult|76/100|[from] Stealth Rock
|move|p2a: Dorshe|Close Combat|p1a: Dragapult
|-immune|p1a: Dragapult
|
|upkeep
|turn|27
|
|t:|1663184513
|switch|p2a: Apeas|Heatran, M|72/100
|-damage|p2a: Apeas|60/100|[from] Stealth Rock
|move|p1a: Dragapult|Shadow Ball|p2a: Apeas
|-damage|p2a: Apeas|40/100
|
|-heal|p2a: Apeas|46/100|[from] item: Leftovers
|upkeep
|turn|28
|
|t:|1663184521
|switch|p1a: Pelipper|Pelipper, M|55/100
|-damage|p1a: Pelipper|31/100|[from] Stealth Rock
|-weather|RainDance|[from] ability: Drizzle|[of] p1a: Pelipper
|switch|p2a: Dorshe|Buzzwole|88/100
|-damage|p2a: Dorshe|76/100|[from] Stealth Rock
|
|-weather|RainDance|[upkeep]
|upkeep
|turn|29
|
|t:|1663184530
|move|p2a: Dorshe|Ice Punch|p1a: Pelipper
|-damage|p1a: Pelipper|3/100
|move|p1a: Pelipper|Hurricane|p2a: Dorshe
|-supereffective|p2a: Dorshe
|-damage|p2a: Dorshe|0 fnt
|faint|p2a: Dorshe
|
|-weather|RainDance|[upkeep]
|upkeep
|c|☆CherN0ble|gg
|-message|bizarman forfeited.
|
|win|CherN0ble
|raw|CherN0ble's rating: 1608 &rarr; <strong>1635</strong><br />(+27 for winning)
|raw|bizarman's rating: 1727 &rarr; <strong>1700</strong><br />(-27 for losing)
|l|☆bizarman
||Ladder isn't responding, score probably updated but might not have (Request timeout).
