|raw|<div class="broadcast-blue"><strong>This battle is required to be public due to a player having a name starting with 'lt82zw'.</div>
|j|☆LT82ZW Vaw
|j|☆The Evil400
|t:|1626178797
|gametype|singles
|player|p1|LT82ZW Vaw|falkner|1760
|player|p2|The Evil400|gladion|1828
|teamsize|p1|6
|teamsize|p2|6
|gen|8
|tier|[Gen 8] OU
|rated|
|rule|Sleep Clause Mod: Limit one foe put to sleep
|rule|Species Clause: Limit one of each Pokémon
|rule|OHKO Clause: OHKO moves are banned
|rule|Evasion Moves Clause: Evasion moves are banned
|rule|Endless Battle Clause: Forcing endless battles is banned
|rule|HP Percentage Mod: HP is shown in percentages
|rule|Dynamax Clause: You cannot dynamax
|clearpoke
|poke|p1|Bisharp, M|
|poke|p1|Cloyster, M|
|poke|p1|Garchomp, F|
|poke|p1|Hawlucha, F|
|poke|p1|Skarmory, M|
|poke|p1|Volcarona, M|
|poke|p2|Landorus-Therian, M|
|poke|p2|Melmetal|
|poke|p2|Tapu Fini|
|poke|p2|Kartana|
|poke|p2|Dragapult, M|
|poke|p2|Zapdos-Galar|
|teampreview
|inactive|Battle timer is ON: inactive players will automatically lose when time's up. (requested by LT82ZW Vaw)
|
|t:|1626178814
|start
|switch|p1a: Skarmory|Skarmory, M|100/100
|switch|p2a: Dragapult|Dragapult, M|100/100
|turn|1
|
|t:|1626178819
|move|p2a: Dragapult|Flamethrower|p1a: Skarmory
|-supereffective|p1a: Skarmory
|-ability|p1a: Skarmory|Sturdy
|-damage|p1a: Skarmory|1/100
|move|p1a: Skarmory|Stealth Rock|p2a: Dragapult
|-sidestart|p2: The Evil400|move: Stealth Rock
|
|upkeep
|turn|2
|-enditem|p1a: Skarmory|Custap Berry|[eat]
|-activate|p1a: Skarmory|item: Custap Berry|[consumed]
|
|t:|1626178824
|switch|p2a: Landorus|Landorus-Therian, M|100/100
|-damage|p2a: Landorus|88/100|[from] Stealth Rock
|-ability|p2a: Landorus|Intimidate|boost
|-unboost|p1a: Skarmory|atk|1
|move|p1a: Skarmory|Steel Beam|p2a: Landorus
|-damage|p2a: Landorus|50/100
|-damage|p1a: Skarmory|0 fnt|[from] mindblown
|faint|p1a: Skarmory
|
|-heal|p2a: Landorus|56/100|[from] item: Leftovers
|upkeep
|c|☆The Evil400|XD
|j| ChocoMocha
|c|☆The Evil400|!dt skarmory
|raw|<div class="message"><ul class="utilichart"><li class="result"><span class="col numcol">OU</span> <span class="col iconcol"><psicon pokemon="skarmory"/></span> <span class="col pokemonnamecol" style="white-space:nowrap"><a href="https://dex.pokemonshowdown.com/pokemon/skarmory" target="_blank">Skarmory</a></span> <span class="col typecol"><img src="https://play.pokemonshowdown.com/sprites/types/Steel.png" alt="Steel" height="14" width="32"><img src="https://play.pokemonshowdown.com/sprites/types/Flying.png" alt="Flying" height="14" width="32"></span> <span style="float:left;min-height:26px"><span class="col twoabilitycol">Keen Eye<br />Sturdy</span><span class="col abilitycol"><em>Weak Armor</em></span></span><span style="float:left;min-height:26px"><span class="col statcol"><em>HP</em><br />65</span> <span class="col statcol"><em>Atk</em><br />80</span> <span class="col statcol"><em>Def</em><br />140</span> <span class="col statcol"><em>SpA</em><br />40</span> <span class="col statcol"><em>SpD</em><br />70</span> <span class="col statcol"><em>Spe</em><br />70</span> <span class="col bstcol"><em>BST<br />465</em></span> </span></li><li style="clear:both"></li></ul></div>
|raw|<font size="1"><font color="#686868">Dex#:</font> 227&nbsp;|&ThickSpace;<font color="#686868">Gen:</font> 2&nbsp;|&ThickSpace;<font color="#686868">Height:</font> 1.7 m&nbsp;|&ThickSpace;<font color="#686868">Weight:</font> 50.5 kg <em>(80 BP)</em>&nbsp;|&ThickSpace;<font color="#686868">Dex Colour:</font> Gray&nbsp;|&ThickSpace;<font color="#686868">Egg Group(s):</font> Flying&nbsp;|&ThickSpace;<font color="#686868">Does Not Evolve</font></font>

|
|t:|1626178839
|switch|p1a: Garchomp|Garchomp, F|100/100
|turn|3
|
|t:|1626178842
|move|p1a: Garchomp|Scale Shot|p2a: Landorus
|-damage|p2a: Landorus|44/100
|-damage|p2a: Landorus|30/100
|-hitcount|p2a: Landorus|2
|-unboost|p1a: Garchomp|def|1
|-boost|p1a: Garchomp|spe|1
|-damage|p1a: Garchomp|91/100|[from] item: Life Orb
|move|p2a: Landorus|Defog|p1a: Garchomp
|-unboost|p1a: Garchomp|evasion|1
|-sideend|p2: The Evil400|Stealth Rock|[from] move: Defog|[of] p2a: Landorus
|
|-heal|p2a: Landorus|36/100|[from] item: Leftovers
|upkeep
|turn|4
|
|t:|1626178851
|move|p1a: Garchomp|Swords Dance|p1a: Garchomp
|-boost|p1a: Garchomp|atk|2
|move|p2a: Landorus|Earthquake|p1a: Garchomp
|-damage|p1a: Garchomp|25/100
|
|-heal|p2a: Landorus|42/100|[from] item: Leftovers
|upkeep
|turn|5
|
|t:|1626178857
|move|p1a: Garchomp|Scale Shot|p2a: Landorus
|-damage|p2a: Landorus|15/100
|-crit|p2a: Landorus
|-damage|p2a: Landorus|0 fnt
|faint|p2a: Landorus
|-hitcount|p2: Landorus|2
|-unboost|p1a: Garchomp|def|1
|-boost|p1a: Garchomp|spe|1
|-damage|p1a: Garchomp|15/100|[from] item: Life Orb
|
|upkeep
|
|t:|1626178871
|switch|p2a: Zapdos|Zapdos-Galar|100/100
|turn|6
|
|t:|1626178873
|move|p1a: Garchomp|Scale Shot|p2a: Zapdos
|-damage|p2a: Zapdos|64/100
|-damage|p2a: Zapdos|21/100
|-damage|p2a: Zapdos|0 fnt
|faint|p2a: Zapdos
|-hitcount|p2: Zapdos|3
|-unboost|p1a: Garchomp|def|1
|-boost|p1a: Garchomp|spe|1
|-damage|p1a: Garchomp|6/100|[from] item: Life Orb
|
|upkeep
|
|t:|1626178884
|switch|p2a: Dragapult|Dragapult, M|100/100
|turn|7
|
|t:|1626178887
|move|p1a: Garchomp|Earthquake|p2a: Dragapult
|-damage|p2a: Dragapult|0 fnt
|faint|p2a: Dragapult
|-damage|p1a: Garchomp|0 fnt|[from] item: Life Orb
|faint|p1a: Garchomp
|
|upkeep
|inactive|LT82ZW Vaw has 120 seconds left.
|
|t:|1626178923
|switch|p2a: Kartana|Kartana|100/100
|switch|p1a: Bisharp|Bisharp, M|100/100
|turn|8
|inactive|LT82ZW Vaw has 120 seconds left.
|
|t:|1626178948
|move|p2a: Kartana|Sacred Sword|p1a: Bisharp
|-supereffective|p1a: Bisharp
|-damage|p1a: Bisharp|0 fnt
|faint|p1a: Bisharp
|-ability|p2a: Kartana|Beast Boost|boost
|-boost|p2a: Kartana|atk|1
|
|upkeep
|
|t:|1626178950
|switch|p1a: Volcarona|Volcarona, M|100/100
|turn|9
|
|t:|1626178961
|switch|p2a: Tapu Fini|Tapu Fini|100/100
|-fieldstart|move: Misty Terrain|[from] ability: Misty Surge|[of] p2a: Tapu Fini
|move|p1a: Volcarona|Quiver Dance|p1a: Volcarona
|-boost|p1a: Volcarona|spa|1
|-boost|p1a: Volcarona|spd|1
|-boost|p1a: Volcarona|spe|1
|
|upkeep
|turn|10
|
|t:|1626178965
|move|p1a: Volcarona|Quiver Dance|p1a: Volcarona
|-boost|p1a: Volcarona|spa|1
|-boost|p1a: Volcarona|spd|1
|-boost|p1a: Volcarona|spe|1
|move|p2a: Tapu Fini|Calm Mind|p2a: Tapu Fini
|-boost|p2a: Tapu Fini|spa|1
|-boost|p2a: Tapu Fini|spd|1
|
|upkeep
|turn|11
|
|t:|1626178975
|move|p1a: Volcarona|Quiver Dance|p1a: Volcarona
|-boost|p1a: Volcarona|spa|1
|-boost|p1a: Volcarona|spd|1
|-boost|p1a: Volcarona|spe|1
|move|p2a: Tapu Fini|Calm Mind|p2a: Tapu Fini
|-boost|p2a: Tapu Fini|spa|1
|-boost|p2a: Tapu Fini|spd|1
|
|upkeep
|turn|12
|
|t:|1626178977
|move|p1a: Volcarona|Quiver Dance|p1a: Volcarona
|-boost|p1a: Volcarona|spa|1
|-boost|p1a: Volcarona|spd|1
|-boost|p1a: Volcarona|spe|1
|move|p2a: Tapu Fini|Calm Mind|p2a: Tapu Fini
|-boost|p2a: Tapu Fini|spa|1
|-boost|p2a: Tapu Fini|spd|1
|
|upkeep
|turn|13
|j| Duke Suck-Lemon
|
|t:|1626178980
|move|p1a: Volcarona|Quiver Dance|p1a: Volcarona
|-boost|p1a: Volcarona|spa|1
|-boost|p1a: Volcarona|spd|1
|-boost|p1a: Volcarona|spe|1
|move|p2a: Tapu Fini|Calm Mind|p2a: Tapu Fini
|-boost|p2a: Tapu Fini|spa|1
|-boost|p2a: Tapu Fini|spd|1
|
|-fieldend|Misty Terrain
|upkeep
|turn|14
|
|t:|1626178983
|move|p1a: Volcarona|Psychic|p2a: Tapu Fini
|-damage|p2a: Tapu Fini|73/100
|move|p2a: Tapu Fini|Calm Mind|p2a: Tapu Fini
|-boost|p2a: Tapu Fini|spa|1
|-boost|p2a: Tapu Fini|spd|1
|
|-heal|p2a: Tapu Fini|79/100|[from] item: Leftovers
|upkeep
|turn|15
|
|t:|1626178986
|move|p1a: Volcarona|Psychic|p2a: Tapu Fini
|-damage|p2a: Tapu Fini|55/100
|move|p2a: Tapu Fini|Calm Mind|p2a: Tapu Fini
|-boost|p2a: Tapu Fini|spa|1
|-boost|p2a: Tapu Fini|spd|1
|
|-heal|p2a: Tapu Fini|62/100|[from] item: Leftovers
|upkeep
|turn|16
|
|t:|1626178990
|move|p1a: Volcarona|Psychic|p2a: Tapu Fini
|-damage|p2a: Tapu Fini|41/100
|move|p2a: Tapu Fini|Scald|p1a: Volcarona
|-supereffective|p1a: Volcarona
|-damage|p1a: Volcarona|42/100
|
|-heal|p2a: Tapu Fini|47/100|[from] item: Leftovers
|upkeep
|turn|17
|
|t:|1626178993
|move|p1a: Volcarona|Psychic|p2a: Tapu Fini
|-damage|p2a: Tapu Fini|28/100
|move|p2a: Tapu Fini|Scald|p1a: Volcarona
|-supereffective|p1a: Volcarona
|-damage|p1a: Volcarona|0 fnt
|faint|p1a: Volcarona
|
|-heal|p2a: Tapu Fini|34/100|[from] item: Leftovers
|upkeep
|inactive|LT82ZW Vaw has 120 seconds left.
|
|t:|1626179031
|switch|p1a: Hawlucha|Hawlucha, F|100/100
|turn|18
|
|t:|1626179036
|move|p1a: Hawlucha|Sky Attack||[still]
|-prepare|p1a: Hawlucha|Sky Attack
|-enditem|p1a: Hawlucha|Power Herb
|-anim|p1a: Hawlucha|Sky Attack|p2a: Tapu Fini|[miss]
|-miss|p1a: Hawlucha|p2a: Tapu Fini
|move|p2a: Tapu Fini|Draining Kiss|p1a: Hawlucha
|-supereffective|p1a: Hawlucha
|-damage|p1a: Hawlucha|0 fnt
|-heal|p2a: Tapu Fini|100/100|[from] drain|[of] p1a: Hawlucha
|faint|p1a: Hawlucha
|
|upkeep
|c|☆LT82ZW Vaw|LOL
|c|☆The Evil400|sorry
|inactive|LT82ZW Vaw has 120 seconds left.
|c|☆LT82ZW Vaw|that's so annoying
|inactive|LT82ZW Vaw has 90 seconds left.
|c|☆LT82ZW Vaw|would u mind forfeit pls? I'm on a ladder tour rn and I rly need those pts....
|c|☆LT82ZW Vaw|stoplé mec
|inactive|LT82ZW Vaw has 60 seconds left.
|c|☆The Evil400|je connais ce tour et nn
|c|☆The Evil400|jveux etre le 1er
|c|☆LT82ZW Vaw|po cool
|c|☆The Evil400|et c pas en ff gratos
|
|t:|1626179122
|switch|p1a: Cloyster|Cloyster, M|100/100
|turn|19
|c|☆The Evil400|et btw
|c|☆The Evil400|lucha sans boost hko pas melme
|c|☆The Evil400|donc ça joue pas vrm
|c|☆LT82ZW Vaw|je sais mdr
|c|☆LT82ZW Vaw|me fallait un crit anyway
|inactive|LT82ZW Vaw has 30 seconds left.
|
|t:|1626179150
|move|p1a: Cloyster|Rock Blast|p2a: Tapu Fini
|-damage|p2a: Tapu Fini|95/100
|-damage|p2a: Tapu Fini|90/100
|-damage|p2a: Tapu Fini|85/100
|-damage|p2a: Tapu Fini|79/100
|-damage|p2a: Tapu Fini|73/100
|-hitcount|p2a: Tapu Fini|5
|move|p2a: Tapu Fini|Draining Kiss|p1a: Cloyster
|-damage|p1a: Cloyster|0 fnt
|-heal|p2a: Tapu Fini|100/100|[from] drain|[of] p1a: Cloyster
|faint|p1a: Cloyster
|
|win|The Evil400
|raw|LT82ZW Vaw's rating: 1760 &rarr; <strong>1744</strong><br />(-16 for losing)
|raw|The Evil400's rating: 1828 &rarr; <strong>1844</strong><br />(+16 for winning)
|l|☆LT82ZW Vaw
|c|☆The Evil400|gégé
|l|☆The Evil400
|j| LT82ZW Makuryu
|l| ChocoMocha
|l| LT82ZW Makuryu
