|j|☆Lopunny For Life
|j|☆Highv0ltag3
|inactive|Battle timer is ON: inactive players will automatically lose when time's up.
|t:|1668041865
|gametype|singles
|player|p1|Lopunny For Life|dawn-gen4pt|
|player|p2|Highv0ltag3|volo|
|teamsize|p1|6
|teamsize|p2|6
|gen|8
|tier|[Gen 8] OU
|rated|Tournament battle
|rule|Sleep Clause Mod: Limit one foe put to sleep
|rule|Species Clause: Limit one of each Pokémon
|rule|OHKO Clause: OHKO moves are banned
|rule|Evasion Items Clause: Evasion items are banned
|rule|Evasion Moves Clause: Evasion moves are banned
|rule|Endless Battle Clause: Forcing endless battles is banned
|rule|HP Percentage Mod: HP is shown in percentages
|rule|Dynamax Clause: You cannot dynamax
|clearpoke
|poke|p1|Gastrodon-East, M|
|poke|p1|Kartana|
|poke|p1|Clefable, M|
|poke|p1|Corviknight, F|
|poke|p1|Heatran, M|
|poke|p1|Tapu Lele|
|poke|p2|Aegislash, F|
|poke|p2|Hydreigon, M|
|poke|p2|Toxapex, F|
|poke|p2|Landorus-Therian, M|
|poke|p2|Kartana|
|poke|p2|Weavile, F|
|teampreview
|j| lowelofunn
|j| broked on bricks
|c|☆Highv0ltag3|Gl
|c|☆Lopunny For Life|Sorry, it took me a second
|c|☆Lopunny For Life|u2
|l| broked on bricks
|inactive|Lopunny For Life has 120 seconds left.
|
|t:|1668041900
|start
|switch|p1a: Itachi|Corviknight, F|100/100
|switch|p2a: Landorus|Landorus-Therian, M|100/100
|-ability|p2a: Landorus|Intimidate|boost
|-unboost|p1a: Itachi|atk|1
|-ability|p1a: Itachi|Pressure
|turn|1
|
|t:|1668041902
|move|p2a: Landorus|Stealth Rock|p1a: Itachi
|-sidestart|p1: Lopunny For Life|move: Stealth Rock
|move|p1a: Itachi|U-turn|p2a: Landorus
|-resisted|p2a: Landorus
|-damage|p2a: Landorus|96/100
|j| TheLogImusPrime
|j| CherN0ble
|
|t:|1668041916
|switch|p1a: Raven|Tapu Lele, shiny|100/100|[from]move: U-turn
|-damage|p1a: Raven|88/100|[from] Stealth Rock
|-fieldstart|move: Psychic Terrain|[from] ability: Psychic Surge|[of] p1a: Raven
|
|-heal|p2a: Landorus|100/100|[from] item: Leftovers
|upkeep
|turn|2
|
|t:|1668041932
|move|p1a: Raven|Future Sight|p2a: Landorus
|-start|p1a: Raven|move: Future Sight
|move|p2a: Landorus|Earthquake|p1a: Raven
|-damage|p1a: Raven|20/100
|
|upkeep
|turn|3
|
|t:|1668041940
|switch|p1a: Itachi|Corviknight, F|100/100
|-damage|p1a: Itachi|88/100|[from] Stealth Rock
|-ability|p1a: Itachi|Pressure
|move|p2a: Landorus|Earthquake|p1a: Itachi
|-immune|p1a: Itachi
|
|upkeep
|turn|4
|
|t:|1668041947
|move|p2a: Landorus|U-turn|p1a: Itachi
|-resisted|p1a: Itachi
|-damage|p1a: Itachi|85/100
|-damage|p2a: Landorus|84/100|[from] item: Rocky Helmet|[of] p1a: Itachi
|
|t:|1668041949
|switch|p2a: Hydreigon|Hydreigon, M|100/100|[from]move: U-turn
|move|p1a: Itachi|U-turn|p2a: Hydreigon
|-supereffective|p2a: Hydreigon
|-damage|p2a: Hydreigon|74/100
|
|t:|1668041963
|switch|p1a: Raven|Tapu Lele, shiny|20/100|[from]move: U-turn
|-damage|p1a: Raven|8/100|[from] Stealth Rock
|
|-end|p2a: Hydreigon|move: Future Sight
|-immune|p2a: Hydreigon
|-heal|p2a: Hydreigon|80/100|[from] item: Leftovers
|upkeep
|turn|5
|
|t:|1668041969
|switch|p2a: Aegislash|Aegislash, F|100/100
|move|p1a: Raven|Moonblast|p2a: Aegislash
|-resisted|p2a: Aegislash
|-damage|p2a: Aegislash|82/100
|
|-fieldend|move: Psychic Terrain
|upkeep
|turn|6
|
|t:|1668041980
|switch|p1a: French Food|Gastrodon-East, M|100/100
|-formechange|p2a: Aegislash|Aegislash-Blade||[from] ability: Stance Change
|move|p2a: Aegislash|Shadow Ball|p1a: French Food
|-damage|p1a: French Food|49/100
|
|upkeep
|turn|7
|c|☆Lopunny For Life|Oh damn aegislash solo’s
|
|t:|1668042002
|move|p2a: Aegislash|Shadow Ball|p1a: French Food
|-damage|p1a: French Food|3/100
|move|p1a: French Food|Recover|p1a: French Food
|-heal|p1a: French Food|53/100
|
|upkeep
|turn|8
|c|☆Highv0ltag3|Damn gastro fat
|c|☆Lopunny For Life|Yeah
|inactive|Lopunny For Life has 120 seconds left.
|
|t:|1668042033
|switch|p2a: Hydreigon|Hydreigon, M|80/100
|move|p1a: French Food|Recover|p1a: French Food
|-heal|p1a: French Food|100/100
|
|-heal|p2a: Hydreigon|87/100|[from] item: Leftovers
|upkeep
|turn|9
|
|t:|1668042036
|switch|p2a: Toxapex|Toxapex, F|100/100
|move|p1a: French Food|Toxic|p2a: Toxapex
|-immune|p2a: Toxapex
|
|upkeep
|turn|10
|
|t:|1668042045
|switch|p1a: Itachi|Corviknight, F|85/100
|-damage|p1a: Itachi|72/100|[from] Stealth Rock
|-ability|p1a: Itachi|Pressure
|move|p2a: Toxapex|Toxic|p1a: Itachi
|-immune|p1a: Itachi
|
|upkeep
|turn|11
|
|t:|1668042048
|move|p1a: Itachi|Defog|p2a: Toxapex
|-unboost|p2a: Toxapex|evasion|1
|-sideend|p1: Lopunny For Life|Stealth Rock|[from] move: Defog|[of] p1a: Itachi
|move|p2a: Toxapex|Scald|p1a: Itachi
|-damage|p1a: Itachi|57/100
|
|upkeep
|turn|12
|
|t:|1668042051
|move|p1a: Itachi|U-turn|p2a: Toxapex
|-resisted|p2a: Toxapex
|-damage|p2a: Toxapex|96/100
|-damage|p1a: Itachi|41/100|[from] item: Rocky Helmet|[of] p2a: Toxapex
|
|t:|1668042063
|switch|p1a: French Food|Gastrodon-East, M|100/100|[from]move: U-turn
|move|p2a: Toxapex|Scald|p1a: French Food
|-ability|p1a: French Food|Storm Drain|boost
|-boost|p1a: French Food|spa|1
|
|upkeep
|turn|13
|
|t:|1668042067
|move|p2a: Toxapex|Toxic|p1a: French Food
|-status|p1a: French Food|tox
|move|p1a: French Food|Earthquake|p2a: Toxapex
|-supereffective|p2a: Toxapex
|-damage|p2a: Toxapex|60/100
|
|-damage|p1a: French Food|94/100 tox|[from] psn
|upkeep
|turn|14
|
|t:|1668042073
|switch|p1a: Raven|Tapu Lele, shiny|8/100
|-fieldstart|move: Psychic Terrain|[from] ability: Psychic Surge|[of] p1a: Raven
|move|p2a: Toxapex|Recover|p2a: Toxapex
|-heal|p2a: Toxapex|100/100
|
|upkeep
|turn|15
|inactive|Lopunny For Life has 120 seconds left.
|
|t:|1668042106
|switch|p2a: Aegislash|Aegislash, F|82/100
|move|p1a: Raven|Moonblast|p2a: Aegislash
|-resisted|p2a: Aegislash
|-damage|p2a: Aegislash|64/100
|
|upkeep
|turn|16
|
|t:|1668042112
|switch|p1a: Itachi|Corviknight, F|41/100
|-ability|p1a: Itachi|Pressure
|-formechange|p2a: Aegislash|Aegislash-Blade||[from] ability: Stance Change
|move|p2a: Aegislash|Shadow Ball|p1a: Itachi
|-damage|p1a: Itachi|0 fnt
|faint|p1a: Itachi
|
|upkeep
|
|t:|1668042116
|switch|p1a: Paper Cut|Kartana|100/100
|turn|17
|
|t:|1668042121
|switch|p2a: Landorus|Landorus-Therian, M|84/100
|-ability|p2a: Landorus|Intimidate|boost
|-unboost|p1a: Paper Cut|atk|1
|move|p1a: Paper Cut|Knock Off|p2a: Landorus
|-damage|p2a: Landorus|40/100
|-enditem|p2a: Landorus|Leftovers|[from] move: Knock Off|[of] p1a: Paper Cut
|
|upkeep
|turn|18
|
|t:|1668042136
|switch|p1a: Raven|Tapu Lele, shiny|8/100
|move|p2a: Landorus|Earthquake|p1a: Raven
|-damage|p1a: Raven|0 fnt
|faint|p1a: Raven
|
|-fieldend|move: Psychic Terrain
|upkeep
|
|t:|1668042153
|switch|p1a: Paper Cut|Kartana|100/100
|turn|19
|
|t:|1668042163
|switch|p2a: Toxapex|Toxapex, F|100/100
|move|p1a: Paper Cut|Knock Off|p2a: Toxapex
|-damage|p2a: Toxapex|59/100
|-damage|p1a: Paper Cut|84/100|[from] item: Rocky Helmet|[of] p2a: Toxapex
|-enditem|p2a: Toxapex|Rocky Helmet|[from] move: Knock Off|[of] p1a: Paper Cut
|
|upkeep
|turn|20
|
|t:|1668042168
|switch|p1a: French Food|Gastrodon-East, M|94/100 tox
|move|p2a: Toxapex|Recover|p2a: Toxapex
|-heal|p2a: Toxapex|100/100
|
|-damage|p1a: French Food|88/100 tox|[from] psn
|upkeep
|turn|21
|
|t:|1668042175
|move|p2a: Toxapex|Scald|p1a: French Food
|-ability|p1a: French Food|Storm Drain|boost
|-boost|p1a: French Food|spa|1
|move|p1a: French Food|Earthquake|p2a: Toxapex
|-supereffective|p2a: Toxapex
|-damage|p2a: Toxapex|65/100
|
|-damage|p1a: French Food|76/100 tox|[from] psn
|upkeep
|turn|22
|
|t:|1668042184
|switch|p1a: Hephaestus|Heatran, M|100/100
|move|p2a: Toxapex|Recover|p2a: Toxapex
|-heal|p2a: Toxapex|100/100
|
|upkeep
|turn|23
|
|t:|1668042187
|switch|p2a: Hydreigon|Hydreigon, M|87/100
|move|p1a: Hephaestus|Magma Storm|p2a: Hydreigon
|-resisted|p2a: Hydreigon
|-damage|p2a: Hydreigon|70/100
|-activate|p2a: Hydreigon|move: Magma Storm|[of] p1a: Hephaestus
|
|-heal|p2a: Hydreigon|76/100|[from] item: Leftovers
|-damage|p2a: Hydreigon|63/100|[from] move: Magma Storm|[partiallytrapped]
|upkeep
|turn|24
|
|t:|1668042196
|switch|p1a: Cinderella|Clefable, M|100/100
|move|p2a: Hydreigon|Earth Power|p1a: Cinderella
|-damage|p1a: Cinderella|71/100
|
|-heal|p2a: Hydreigon|70/100|[from] item: Leftovers
|-heal|p1a: Cinderella|77/100|[from] item: Leftovers
|-end|p2a: Hydreigon|Magma Storm|[partiallytrapped]|[silent]
|upkeep
|turn|25
|
|t:|1668042206
|switch|p2a: Aegislash|Aegislash, F|64/100
|switch|p1a: Paper Cut|Kartana|84/100
|
|upkeep
|turn|26
|
|t:|1668042210
|switch|p2a: Toxapex|Toxapex, F|100/100
|move|p1a: Paper Cut|Knock Off|p2a: Toxapex
|-damage|p2a: Toxapex|74/100
|
|upkeep
|turn|27
|
|t:|1668042219
|switch|p2a: Landorus|Landorus-Therian, M|40/100
|-ability|p2a: Landorus|Intimidate|boost
|-unboost|p1a: Paper Cut|atk|1
|move|p1a: Paper Cut|Knock Off|p2a: Landorus
|-damage|p2a: Landorus|10/100
|
|upkeep
|turn|28
|
|t:|1668042227
|switch|p1a: Cinderella|Clefable, M|77/100
|switch|p2a: Toxapex|Toxapex, F|100/100
|
|-heal|p1a: Cinderella|83/100|[from] item: Leftovers
|upkeep
|turn|29
|
|t:|1668042230
|switch|p2a: Aegislash|Aegislash, F|64/100
|move|p1a: Cinderella|Soft-Boiled|p1a: Cinderella
|-heal|p1a: Cinderella|100/100
|
|upkeep
|turn|30
|
|t:|1668042236
|switch|p1a: Hephaestus|Heatran, M|100/100
|-formechange|p2a: Aegislash|Aegislash-Blade||[from] ability: Stance Change
|move|p2a: Aegislash|Flash Cannon|p1a: Hephaestus
|-resisted|p1a: Hephaestus
|-damage|p1a: Hephaestus|88/100
|
|-heal|p1a: Hephaestus|95/100|[from] item: Leftovers
|upkeep
|turn|31
|
|t:|1668042240
|switch|p2a: Hydreigon|Hydreigon, M|70/100
|move|p1a: Hephaestus|Magma Storm|p2a: Hydreigon
|-resisted|p2a: Hydreigon
|-damage|p2a: Hydreigon|53/100
|-activate|p2a: Hydreigon|move: Magma Storm|[of] p1a: Hephaestus
|
|-heal|p2a: Hydreigon|59/100|[from] item: Leftovers
|-heal|p1a: Hephaestus|100/100|[from] item: Leftovers
|-damage|p2a: Hydreigon|47/100|[from] move: Magma Storm|[partiallytrapped]
|upkeep
|turn|32
|j| IMSOMALD
|
|t:|1668042255
|move|p2a: Hydreigon|Earth Power|p1a: Hephaestus
|-supereffective|p1a: Hephaestus
|-damage|p1a: Hephaestus|26/100
|move|p1a: Hephaestus|Toxic|p2a: Hydreigon
|-status|p2a: Hydreigon|tox
|
|-heal|p2a: Hydreigon|53/100 tox|[from] item: Leftovers
|-heal|p1a: Hephaestus|32/100|[from] item: Leftovers
|-damage|p2a: Hydreigon|47/100 tox|[from] psn
|-damage|p2a: Hydreigon|35/100 tox|[from] move: Magma Storm|[partiallytrapped]
|upkeep
|turn|33
|
|t:|1668042268
|switch|p1a: Cinderella|Clefable, M|100/100
|move|p2a: Hydreigon|Roost|p2a: Hydreigon
|-heal|p2a: Hydreigon|85/100 tox
|-singleturn|p2a: Hydreigon|move: Roost
|
|-heal|p2a: Hydreigon|91/100 tox|[from] item: Leftovers
|-damage|p2a: Hydreigon|78/100 tox|[from] psn
|-end|p2a: Hydreigon|Magma Storm|[partiallytrapped]|[silent]
|upkeep
|turn|34
|
|t:|1668042275
|switch|p2a: Aegislash|Aegislash, F|64/100
|move|p1a: Cinderella|Thunderbolt|p2a: Aegislash
|-damage|p2a: Aegislash|48/100
|
|upkeep
|turn|35
|
|t:|1668042292
|switch|p1a: French Food|Gastrodon-East, M|76/100 tox
|-formechange|p2a: Aegislash|Aegislash-Blade||[from] ability: Stance Change
|move|p2a: Aegislash|Flash Cannon|p1a: French Food
|-resisted|p1a: French Food
|-damage|p1a: French Food|54/100 tox
|
|-damage|p1a: French Food|47/100 tox|[from] psn
|upkeep
|turn|36
|
|t:|1668042306
|switch|p2a: Kartana|Kartana|100/100
|move|p1a: French Food|Recover|p1a: French Food
|-heal|p1a: French Food|97/100 tox
|
|-damage|p1a: French Food|85/100 tox|[from] psn
|upkeep
|turn|37
|
|t:|1668042330
|switch|p1a: Hephaestus|Heatran, M|32/100
|move|p2a: Kartana|Leaf Blade|p1a: Hephaestus
|-resisted|p1a: Hephaestus
|-damage|p1a: Hephaestus|12/100
|
|-heal|p1a: Hephaestus|18/100|[from] item: Leftovers
|upkeep
|turn|38
|
|t:|1668042335
|move|p2a: Kartana|Leaf Blade|p1a: Hephaestus
|-resisted|p1a: Hephaestus
|-damage|p1a: Hephaestus|0 fnt
|faint|p1a: Hephaestus
|-ability|p2a: Kartana|Beast Boost|boost
|-boost|p2a: Kartana|atk|1
|
|upkeep
|
|t:|1668042339
|switch|p1a: Paper Cut|Kartana|84/100
|turn|39
|
|t:|1668042345
|switch|p2a: Toxapex|Toxapex, F|100/100
|move|p1a: Paper Cut|Leaf Blade|p2a: Toxapex
|-damage|p2a: Toxapex|47/100
|
|upkeep
|turn|40
|
|t:|1668042352
|switch|p2a: Landorus|Landorus-Therian, M|10/100
|-ability|p2a: Landorus|Intimidate|boost
|-unboost|p1a: Paper Cut|atk|1
|move|p1a: Paper Cut|Leaf Blade|p2a: Landorus
|-crit|p2a: Landorus
|-damage|p2a: Landorus|0 fnt
|faint|p2a: Landorus
|-ability|p1a: Paper Cut|Beast Boost|boost
|-boost|p1a: Paper Cut|atk|1
|
|upkeep
|
|t:|1668042357
|switch|p2a: Aegislash|Aegislash, F|48/100
|turn|41
|
|t:|1668042360
|switch|p1a: French Food|Gastrodon-East, M|85/100 tox
|-formechange|p2a: Aegislash|Aegislash-Blade||[from] ability: Stance Change
|move|p2a: Aegislash|Shadow Ball|p1a: French Food
|-damage|p1a: French Food|36/100 tox
|
|-damage|p1a: French Food|30/100 tox|[from] psn
|upkeep
|turn|42
|
|t:|1668042363
|move|p2a: Aegislash|Shadow Ball|p1a: French Food
|-damage|p1a: French Food|0 fnt
|faint|p1a: French Food
|
|upkeep
|j| Angelwingsmygoons
|
|t:|1668042369
|switch|p1a: Paper Cut|Kartana|84/100
|turn|43
|l| IMSOMALD
|
|t:|1668042390
|switch|p2a: Hydreigon|Hydreigon, M|78/100 tox
|move|p1a: Paper Cut|Leaf Blade|p2a: Hydreigon
|-resisted|p2a: Hydreigon
|-damage|p2a: Hydreigon|38/100 tox
|
|-heal|p2a: Hydreigon|44/100 tox|[from] item: Leftovers
|-damage|p2a: Hydreigon|38/100 tox|[from] psn
|upkeep
|turn|44
|
|t:|1668042400
|move|p1a: Paper Cut|Leaf Blade|p2a: Hydreigon
|-resisted|p2a: Hydreigon
|-damage|p2a: Hydreigon|0 fnt
|faint|p2a: Hydreigon
|-ability|p1a: Paper Cut|Beast Boost|boost
|-boost|p1a: Paper Cut|atk|1
|
|upkeep
|
|t:|1668042403
|switch|p2a: Kartana|Kartana|100/100
|turn|45
|
|t:|1668042407
|switch|p1a: Cinderella|Clefable, M|100/100
|move|p2a: Kartana|Knock Off|p1a: Cinderella
|-resisted|p1a: Cinderella
|-damage|p1a: Cinderella|73/100
|-enditem|p1a: Cinderella|Leftovers|[from] move: Knock Off|[of] p2a: Kartana
|
|upkeep
|turn|46
|
|t:|1668042414
|switch|p2a: Toxapex|Toxapex, F|80/100
|move|p1a: Cinderella|Thunderbolt|p2a: Toxapex
|-supereffective|p2a: Toxapex
|-damage|p2a: Toxapex|50/100
|
|upkeep
|turn|47
|
|t:|1668042417
|move|p1a: Cinderella|Thunderbolt|p2a: Toxapex
|-supereffective|p2a: Toxapex
|-damage|p2a: Toxapex|13/100
|move|p2a: Toxapex|Recover|p2a: Toxapex
|-heal|p2a: Toxapex|63/100
|
|upkeep
|turn|48
|
|t:|1668042420
|move|p1a: Cinderella|Thunderbolt|p2a: Toxapex
|-supereffective|p2a: Toxapex
|-damage|p2a: Toxapex|32/100
|move|p2a: Toxapex|Recover|p2a: Toxapex
|-heal|p2a: Toxapex|82/100
|
|upkeep
|turn|49
|
|t:|1668042426
|switch|p1a: Paper Cut|Kartana|84/100
|switch|p2a: Aegislash|Aegislash, F|48/100
|
|upkeep
|turn|50
|
|t:|1668042433
|switch|p2a: Toxapex|Toxapex, F|100/100
|move|p1a: Paper Cut|Knock Off|p2a: Toxapex
|-damage|p2a: Toxapex|72/100
|
|upkeep
|turn|51
|
|t:|1668042436
|switch|p1a: Cinderella|Clefable, M|73/100
|move|p2a: Toxapex|Scald|p1a: Cinderella
|-damage|p1a: Cinderella|57/100
|-status|p1a: Cinderella|brn
|
|upkeep
|turn|52
|
|t:|1668042445
|switch|p2a: Aegislash|Aegislash, F|48/100
|move|p1a: Cinderella|Thunderbolt|p2a: Aegislash
|-damage|p2a: Aegislash|33/100
|-status|p2a: Aegislash|par
|
|upkeep
|turn|53
|
|t:|1668042451
|move|p1a: Cinderella|Soft-Boiled|p1a: Cinderella
|-heal|p1a: Cinderella|100/100 brn
|-formechange|p2a: Aegislash|Aegislash-Blade||[from] ability: Stance Change
|move|p2a: Aegislash|Flash Cannon|p1a: Cinderella
|-supereffective|p1a: Cinderella
|-damage|p1a: Cinderella|0 fnt
|faint|p1a: Cinderella
|
|upkeep
|c|☆Lopunny For Life|Yessss
|c|☆Highv0ltag3|Gg
|
|t:|1668042459
|switch|p1a: Paper Cut|Kartana|84/100
|turn|54
|
|t:|1668042462
|switch|p2a: Toxapex|Toxapex, F|100/100
|move|p1a: Paper Cut|Leaf Blade|p2a: Toxapex
|-damage|p2a: Toxapex|50/100
|
|upkeep
|turn|55
|c|☆Lopunny For Life|Gg
|
|t:|1668042472
|move|p1a: Paper Cut|Leaf Blade|p2a: Toxapex
|-damage|p2a: Toxapex|0 fnt
|faint|p2a: Toxapex
|-ability|p1a: Paper Cut|Beast Boost|boost
|-boost|p1a: Paper Cut|atk|1
|
|upkeep
|c|☆Lopunny For Life|U play very well
|
|t:|1668042474
|switch|p2a: Kartana|Kartana|100/100
|turn|56
|
|t:|1668042476
|move|p1a: Paper Cut|Leaf Blade|p2a: Kartana
|-resisted|p2a: Kartana
|-damage|p2a: Kartana|62/100
|move|p2a: Kartana|Sacred Sword|p1a: Paper Cut
|-supereffective|p1a: Paper Cut
|-damage|p1a: Paper Cut|0 fnt
|faint|p1a: Paper Cut
|
|win|Highv0ltag3
|n|☆Lopunny For Life|lopunnyforlife
|n|☆Highv0ltag3|highv0ltag3
|n| lowelofunn|lowelofunn
|n| TheLogImusPrime|thelogimusprime
|n| CherN0ble|chern0ble
|n| Angelwingsmygoons|angelwingsmygoons
|l|☆Highv0ltag3
