|raw|<div class="broadcast-blue"><strong>This battle is required to be public due to a player having a name starting with 'lt94je'.</div>
|j|☆LudwigFrog
|j|☆LT94JE Insurgencia
|t:|1661704051
|gametype|singles
|player|p1|LudwigFrog|hilbert-wonderlauncher|1869
|player|p2|LT94JE Insurgencia|ingo|1923
|teamsize|p1|6
|teamsize|p2|6
|gen|8
|tier|[Gen 8] OU
|rated|
|rule|Sleep Clause Mod: Limit one foe put to sleep
|rule|Species Clause: Limit one of each Pokémon
|rule|OHKO Clause: OHKO moves are banned
|rule|Evasion Items Clause: Evasion items are banned
|rule|Evasion Moves Clause: Evasion moves are banned
|rule|Endless Battle Clause: Forcing endless battles is banned
|rule|HP Percentage Mod: HP is shown in percentages
|rule|Dynamax Clause: You cannot dynamax
|clearpoke
|poke|p1|Tapu Lele|
|poke|p1|Victini|
|poke|p1|Melmetal|
|poke|p1|Dragapult, M|
|poke|p1|Excadrill, F|
|poke|p1|Mantine, F|
|poke|p2|Slowking-Galar, M|
|poke|p2|Urshifu-*, F|
|poke|p2|Garchomp, M|
|poke|p2|Weavile, F|
|poke|p2|Corviknight, F|
|poke|p2|Rillaboom, F|
|teampreview
|inactive|Battle timer is ON: inactive players will automatically lose when time's up. (requested by LudwigFrog)
|
|t:|1661704071
|start
|switch|p1a: Tapu Lele|Tapu Lele|100/100
|switch|p2a: Rillaboom|Rillaboom, F|100/100
|-fieldstart|move: Psychic Terrain|[from] ability: Psychic Surge|[of] p1a: Tapu Lele
|-fieldstart|move: Grassy Terrain|[from] ability: Grassy Surge|[of] p2a: Rillaboom
|turn|1
|
|t:|1661704075
|switch|p1a: Melmetal|Melmetal|100/100
|move|p2a: Rillaboom|Knock Off|p1a: Melmetal
|-damage|p1a: Melmetal|83/100
|-enditem|p1a: Melmetal|Leftovers|[from] move: Knock Off|[of] p2a: Rillaboom
|
|-heal|p1a: Melmetal|89/100|[from] Grassy Terrain
|upkeep
|turn|2
|
|t:|1661704082
|switch|p2a: Corviknight|Corviknight, F|100/100
|-ability|p2a: Corviknight|Pressure
|switch|p1a: Tapu Lele|Tapu Lele|100/100
|-fieldstart|move: Psychic Terrain|[from] ability: Psychic Surge|[of] p1a: Tapu Lele
|
|upkeep
|turn|3
|
|t:|1661704084
|switch|p2a: Slowking|Slowking-Galar, M|100/100
|move|p1a: Tapu Lele|Thunderbolt|p2a: Slowking
|-damage|p2a: Slowking|87/100
|
|upkeep
|turn|4
|
|t:|1661704087
|move|p1a: Tapu Lele|Psyshock|p2a: Slowking
|-damage|p2a: Slowking|11/100
|move|p2a: Slowking|Flamethrower|p1a: Tapu Lele
|-damage|p1a: Tapu Lele|75/100
|
|upkeep
|turn|5
|j|@ironwater
|
|t:|1661704094
|switch|p2a: Rillaboom|Rillaboom, F|100/100
|-fieldstart|move: Grassy Terrain|[from] ability: Grassy Surge|[of] p2a: Rillaboom
|move|p1a: Tapu Lele|Moonblast|p2a: Rillaboom
|-damage|p2a: Rillaboom|35/100
|
|-heal|p1a: Tapu Lele|81/100|[from] Grassy Terrain
|-heal|p2a: Rillaboom|41/100|[from] Grassy Terrain
|-heal|p2a: Rillaboom|47/100|[from] item: Leftovers
|upkeep
|turn|6
|j| ufjrjtjjtkt
|
|t:|1661704098
|move|p1a: Tapu Lele|Moonblast|p2a: Rillaboom
|-damage|p2a: Rillaboom|0 fnt
|faint|p2a: Rillaboom
|
|-heal|p1a: Tapu Lele|87/100|[from] Grassy Terrain
|upkeep
|j| Winterains
|
|t:|1661704102
|switch|p2a: Urshifu|Urshifu-Rapid-Strike, F|100/100
|turn|7
|
|t:|1661704105
|switch|p1a: Mantine|Mantine, F|100/100
|move|p2a: Urshifu|U-turn|p1a: Mantine
|-resisted|p1a: Mantine
|-damage|p1a: Mantine|86/100
|
|t:|1661704109
|switch|p2a: Garchomp|Garchomp, M|100/100|[from]move: U-turn
|
|upkeep
|turn|8
|
|t:|1661704111
|move|p2a: Garchomp|Toxic|p1a: Mantine
|-status|p1a: Mantine|tox
|move|p1a: Mantine|Toxic|p2a: Garchomp
|-status|p2a: Garchomp|tox
|
|-damage|p2a: Garchomp|94/100 tox|[from] psn
|-damage|p1a: Mantine|80/100 tox|[from] psn
|upkeep
|turn|9
|j| Venositile
|l| Venositile
|
|t:|1661704128
|switch|p2a: Weavile|Weavile, F|100/100
|-ability|p2a: Weavile|Pressure
|move|p1a: Mantine|Scald|p2a: Weavile
|-damage|p2a: Weavile|67/100
|
|-heal|p2a: Weavile|73/100|[from] Grassy Terrain
|-damage|p1a: Mantine|68/100 tox|[from] psn
|-fieldend|move: Grassy Terrain
|upkeep
|turn|10
|
|t:|1661704133
|switch|p1a: Melmetal|Melmetal|89/100
|move|p2a: Weavile|Triple Axel|p1a: Melmetal|[miss]
|-miss|p2a: Weavile|p1a: Melmetal
|
|upkeep
|turn|11
|j| Mimikyu Stardust
|
|t:|1661704140
|switch|p1a: Victini|Victini|100/100
|move|p2a: Weavile|Knock Off|p1a: Victini
|-supereffective|p1a: Victini
|-damage|p1a: Victini|0 fnt
|-enditem|p1a: Victini|Choice Specs|[from] move: Knock Off|[of] p2a: Weavile
|faint|p1a: Victini
|
|upkeep
|
|t:|1661704144
|switch|p1a: Dragapult|Dragapult, M|100/100
|turn|12
|
|t:|1661704148
|switch|p2a: Garchomp|Garchomp, M|94/100 tox
|move|p1a: Dragapult|U-turn|p2a: Garchomp
|-damage|p2a: Garchomp|81/100 tox
|-damage|p1a: Dragapult|88/100|[from] ability: Rough Skin|[of] p2a: Garchomp
|
|t:|1661704153
|switch|p1a: Tapu Lele|Tapu Lele|87/100|[from]move: U-turn
|-fieldstart|move: Psychic Terrain|[from] ability: Psychic Surge|[of] p1a: Tapu Lele
|
|-heal|p2a: Garchomp|87/100 tox|[from] item: Leftovers
|-damage|p2a: Garchomp|81/100 tox|[from] psn
|upkeep
|turn|13
|
|t:|1661704160
|move|p1a: Tapu Lele|Moonblast|p2a: Garchomp
|-supereffective|p2a: Garchomp
|-crit|p2a: Garchomp
|-damage|p2a: Garchomp|0 fnt
|faint|p2a: Garchomp
|
|upkeep
|
|t:|1661704162
|switch|p2a: Weavile|Weavile, F|73/100
|-ability|p2a: Weavile|Pressure
|turn|14
|
|t:|1661704170
|switch|p1a: Melmetal|Melmetal|89/100
|move|p2a: Weavile|Triple Axel|p1a: Melmetal
|-resisted|p1a: Melmetal
|-damage|p1a: Melmetal|86/100
|-resisted|p1a: Melmetal
|-damage|p1a: Melmetal|81/100
|-resisted|p1a: Melmetal
|-damage|p1a: Melmetal|73/100
|-hitcount|p1a: Melmetal|3
|
|upkeep
|turn|15
|
|t:|1661704175
|switch|p2a: Corviknight|Corviknight, F|100/100
|-ability|p2a: Corviknight|Pressure
|move|p1a: Melmetal|Superpower|p2a: Corviknight
|-damage|p2a: Corviknight|79/100
|-unboost|p1a: Melmetal|atk|1
|-unboost|p1a: Melmetal|def|1
|-damage|p1a: Melmetal|57/100|[from] item: Rocky Helmet|[of] p2a: Corviknight
|
|upkeep
|turn|16
|
|t:|1661704180
|switch|p1a: Excadrill|Excadrill, F|100/100
|-ability|p1a: Excadrill|Mold Breaker
|move|p2a: Corviknight|U-turn|p1a: Excadrill
|-resisted|p1a: Excadrill
|-damage|p1a: Excadrill|91/100
|
|t:|1661704182
|switch|p2a: Urshifu|Urshifu-Rapid-Strike, F|100/100|[from]move: U-turn
|
|-heal|p1a: Excadrill|97/100|[from] item: Leftovers
|-fieldend|move: Psychic Terrain
|upkeep
|turn|17
|
|t:|1661704186
|switch|p1a: Mantine|Mantine, F|68/100 tox
|move|p2a: Urshifu|U-turn|p1a: Mantine
|-resisted|p1a: Mantine
|-damage|p1a: Mantine|53/100 tox
|
|t:|1661704188
|switch|p2a: Weavile|Weavile, F|73/100|[from]move: U-turn
|-ability|p2a: Weavile|Pressure
|
|-damage|p1a: Mantine|47/100 tox|[from] psn
|upkeep
|turn|18
|
|t:|1661704196
|move|p2a: Weavile|Knock Off|p1a: Mantine
|-damage|p1a: Mantine|9/100 tox
|-enditem|p1a: Mantine|Heavy-Duty Boots|[from] move: Knock Off|[of] p2a: Weavile
|move|p1a: Mantine|Scald|p2a: Weavile
|-damage|p2a: Weavile|41/100
|-status|p2a: Weavile|brn
|
|-damage|p1a: Mantine|0 fnt|[from] psn
|faint|p1a: Mantine
|-damage|p2a: Weavile|35/100 brn|[from] brn
|upkeep
|
|t:|1661704199
|switch|p1a: Excadrill|Excadrill, F|97/100
|-ability|p1a: Excadrill|Mold Breaker
|turn|19
|c|☆LT94JE Insurgencia|joder
|c|☆LT94JE Insurgencia|macho
|c|☆LT94JE Insurgencia|tu puta madre
|c|☆LT94JE Insurgencia|que asco de juego
|
|t:|1661704208
|switch|p2a: Urshifu|Urshifu-Rapid-Strike, F|100/100
|move|p1a: Excadrill|Stealth Rock|p2a: Urshifu
|-sidestart|p2: LT94JE Insurgencia|move: Stealth Rock
|
|-heal|p1a: Excadrill|100/100|[from] item: Leftovers
|upkeep
|turn|20
|
|t:|1661704214
|move|p2a: Urshifu|Surging Strikes|p1a: Excadrill
|-supereffective|p1a: Excadrill
|-crit|p1a: Excadrill
|-damage|p1a: Excadrill|20/100
|-supereffective|p1a: Excadrill
|-crit|p1a: Excadrill
|-damage|p1a: Excadrill|0 fnt
|faint|p1a: Excadrill
|-hitcount|p1: Excadrill|2
|
|upkeep
|
|t:|1661704215
|switch|p1a: Dragapult|Dragapult, M|88/100
|turn|21
|
|t:|1661704219
|move|p1a: Dragapult|Shadow Ball|p2a: Urshifu
|-damage|p2a: Urshifu|25/100
|move|p2a: Urshifu|Surging Strikes|p1a: Dragapult
|-resisted|p1a: Dragapult
|-crit|p1a: Dragapult
|-damage|p1a: Dragapult|68/100
|-resisted|p1a: Dragapult
|-crit|p1a: Dragapult
|-damage|p1a: Dragapult|48/100
|-resisted|p1a: Dragapult
|-crit|p1a: Dragapult
|-damage|p1a: Dragapult|29/100
|-hitcount|p1a: Dragapult|3
|
|upkeep
|turn|22
|
|t:|1661704224
|switch|p2a: Slowking|Slowking-Galar, M|45/100
|-damage|p2a: Slowking|32/100|[from] Stealth Rock
|move|p1a: Dragapult|Shadow Ball|p2a: Slowking
|-supereffective|p2a: Slowking
|-damage|p2a: Slowking|0 fnt
|faint|p2a: Slowking
|
|upkeep
|
|t:|1661704225
|switch|p2a: Weavile|Weavile, F|35/100 brn
|-ability|p2a: Weavile|Pressure
|turn|23
|j| Thanos appears
|
|t:|1661704228
|switch|p1a: Melmetal|Melmetal|57/100
|switch|p2a: Urshifu|Urshifu-Rapid-Strike, F|25/100
|-damage|p2a: Urshifu|18/100|[from] Stealth Rock
|
|upkeep
|turn|24
|
|t:|1661704234
|move|p2a: Urshifu|Close Combat|p1a: Melmetal
|-supereffective|p1a: Melmetal
|-damage|p1a: Melmetal|0 fnt
|-unboost|p2a: Urshifu|def|1
|-unboost|p2a: Urshifu|spd|1
|faint|p1a: Melmetal
|
|upkeep
|
|t:|1661704235
|switch|p1a: Dragapult|Dragapult, M|29/100
|turn|25
|
|t:|1661704239
|switch|p2a: Corviknight|Corviknight, F|79/100
|-damage|p2a: Corviknight|67/100|[from] Stealth Rock
|-ability|p2a: Corviknight|Pressure
|move|p1a: Dragapult|Shadow Ball|p2a: Corviknight
|-damage|p2a: Corviknight|21/100
|-unboost|p2a: Corviknight|spd|1
|
|upkeep
|turn|26
|
|t:|1661704242
|move|p1a: Dragapult|Shadow Ball|p2a: Corviknight
|-damage|p2a: Corviknight|0 fnt
|faint|p2a: Corviknight
|
|upkeep
|
|t:|1661704243
|switch|p2a: Weavile|Weavile, F|35/100 brn
|-ability|p2a: Weavile|Pressure
|turn|27
|
|t:|1661704247
|switch|p1a: Tapu Lele|Tapu Lele|87/100
|-fieldstart|move: Psychic Terrain|[from] ability: Psychic Surge|[of] p1a: Tapu Lele
|switch|p2a: Urshifu|Urshifu-Rapid-Strike, F|18/100
|-damage|p2a: Urshifu|12/100|[from] Stealth Rock
|
|upkeep
|turn|28
|
|t:|1661704252
|move|p2a: Urshifu|Surging Strikes|p1a: Tapu Lele
|-crit|p1a: Tapu Lele
|-damage|p1a: Tapu Lele|39/100
|-crit|p1a: Tapu Lele
|-damage|p1a: Tapu Lele|0 fnt
|faint|p1a: Tapu Lele
|-hitcount|p1: Tapu Lele|2
|
|upkeep
|
|t:|1661704253
|switch|p1a: Dragapult|Dragapult, M|29/100
|turn|29
|
|t:|1661704255
|move|p1a: Dragapult|Flamethrower|p2a: Urshifu
|-resisted|p2a: Urshifu
|-damage|p2a: Urshifu|0 fnt
|faint|p2a: Urshifu
|
|upkeep
|c|@ironwater|/log LT94JE Insurgencia was warned by ironwater. (stop insulting people)
|hidelines|unlink|lt94jeinsurgencia
|c|☆LT94JE Insurgencia|ok
|
|t:|1661704266
|switch|p2a: Weavile|Weavile, F|35/100 brn
|-ability|p2a: Weavile|Pressure
|turn|30
|
|t:|1661704268
|move|p1a: Dragapult|Flamethrower|p2a: Weavile
|-supereffective|p2a: Weavile
|-damage|p2a: Weavile|0 fnt
|faint|p2a: Weavile
|
|win|LudwigFrog
|raw|LudwigFrog's rating: 1869 &rarr; <strong>1892</strong><br />(+23 for winning)
|raw|LT94JE Insurgencia's rating: 1923 &rarr; <strong>1900</strong><br />(-23 for losing)
|l|☆LudwigFrog
|l|☆LT94JE Insurgencia
|l|@ironwater
|j|☆LudwigFrog
|player|p1|LudwigFrog|hilbert-wonderlauncher
|l|☆LudwigFrog
|player|p1|
