|html|<div class="broadcast-blue"><strong>[Gen 8] OU is currently suspecting Melmetal! For information on how to participate check out the <a href="https://www.smogon.com/forums/threads/np-ss-ou-suspect-process-round-12-monster-mash.3709234/">suspect thread</a>.</strong></div>
|j|☆why addicted
|j|☆Lucians Call
|t:|1666566137
|gametype|singles
|player|p1|why addicted|169|1875
|player|p2|Lucians Call|furisodegirl-blue|1834
|teamsize|p1|6
|teamsize|p2|6
|gen|8
|tier|[Gen 8] OU
|rated|
|rule|Sleep Clause Mod: Limit one foe put to sleep
|rule|Species Clause: Limit one of each Pokémon
|rule|OHKO Clause: OHKO moves are banned
|rule|Evasion Items Clause: Evasion items are banned
|rule|Evasion Moves Clause: Evasion moves are banned
|rule|Endless Battle Clause: Forcing endless battles is banned
|rule|HP Percentage Mod: HP is shown in percentages
|rule|Dynamax Clause: You cannot dynamax
|clearpoke
|poke|p1|Landorus-Therian, M|
|poke|p1|Heatran, M|
|poke|p1|Ferrothorn, F|
|poke|p1|Dragapult, F|
|poke|p1|Tapu Lele|
|poke|p1|Urshifu-*, F|
|poke|p2|Slowking-Galar, M|
|poke|p2|Volcarona, F|
|poke|p2|Tornadus-Therian, M|
|poke|p2|Ferrothorn, F|
|poke|p2|Garchomp, M|
|poke|p2|Zeraora|
|teampreview
|inactive|Battle timer is ON: inactive players will automatically lose when time's up. (requested by Lucians Call)
|j| lil globglabgla
|j|+Dragonillis
|
|t:|1666566158
|start
|switch|p1a: Tapu Lele|Tapu Lele|100/100
|switch|p2a: Garchomp|Garchomp, M|100/100
|-fieldstart|move: Psychic Terrain|[from] ability: Psychic Surge|[of] p1a: Tapu Lele
|turn|1
|
|t:|1666566161
|move|p2a: Garchomp|Protect|p2a: Garchomp
|-singleturn|p2a: Garchomp|Protect
|move|p1a: Tapu Lele|Future Sight|p2a: Garchomp
|-start|p1a: Tapu Lele|move: Future Sight
|
|upkeep
|turn|2
|
|t:|1666566168
|switch|p1a: Ferrothorn|Ferrothorn, F|100/100
|move|p2a: Garchomp|Stealth Rock|p1a: Ferrothorn
|-sidestart|p1: why addicted|move: Stealth Rock
|
|upkeep
|turn|3
|
|t:|1666566174
|switch|p2a: Slowking|Slowking-Galar, M|100/100
|move|p1a: Ferrothorn|Stealth Rock|p2a: Slowking
|-sidestart|p2: Lucians Call|move: Stealth Rock
|
|-end|p2a: Slowking|move: Future Sight
|-damage|p2a: Slowking|54/100
|upkeep
|turn|4
|
|t:|1666566191
|move|p2a: Slowking|Focus Blast|p1a: Ferrothorn|[miss]
|-miss|p2a: Slowking|p1a: Ferrothorn
|move|p1a: Ferrothorn|Knock Off|p2a: Slowking
|-supereffective|p2a: Slowking
|-damage|p2a: Slowking|16/100
|-enditem|p2a: Slowking|Assault Vest|[from] move: Knock Off|[of] p1a: Ferrothorn
|
|upkeep
|turn|5
|
|t:|1666566202
|move|p2a: Slowking|Ice Beam|p1a: Ferrothorn
|-damage|p1a: Ferrothorn|79/100
|move|p1a: Ferrothorn|Knock Off|p2a: Slowking
|-supereffective|p2a: Slowking
|-damage|p2a: Slowking|0 fnt
|faint|p2a: Slowking
|
|-fieldend|move: Psychic Terrain
|upkeep
|
|t:|1666566216
|switch|p2a: Ferrothorn|Ferrothorn, F|100/100
|-damage|p2a: Ferrothorn|95/100|[from] Stealth Rock
|turn|6
|
|t:|1666566221
|move|p1a: Ferrothorn|Knock Off|p2a: Ferrothorn
|-damage|p2a: Ferrothorn|81/100
|-damage|p1a: Ferrothorn|67/100|[from] ability: Iron Barbs|[of] p2a: Ferrothorn
|-damage|p1a: Ferrothorn|50/100|[from] item: Rocky Helmet|[of] p2a: Ferrothorn
|-enditem|p2a: Ferrothorn|Rocky Helmet|[from] move: Knock Off|[of] p1a: Ferrothorn
|move|p2a: Ferrothorn|Knock Off|p1a: Ferrothorn
|-damage|p1a: Ferrothorn|39/100
|-damage|p2a: Ferrothorn|69/100|[from] ability: Iron Barbs|[of] p1a: Ferrothorn
|-damage|p2a: Ferrothorn|52/100|[from] item: Rocky Helmet|[of] p1a: Ferrothorn
|-enditem|p1a: Ferrothorn|Rocky Helmet|[from] move: Knock Off|[of] p2a: Ferrothorn
|
|upkeep
|turn|7
|
|t:|1666566230
|move|p1a: Ferrothorn|Body Press|p2a: Ferrothorn
|-supereffective|p2a: Ferrothorn
|-damage|p2a: Ferrothorn|17/100
|-damage|p1a: Ferrothorn|26/100|[from] ability: Iron Barbs|[of] p2a: Ferrothorn
|move|p2a: Ferrothorn|Spikes|p1a: Ferrothorn
|-sidestart|p1: why addicted|Spikes
|
|upkeep
|turn|8
|
|t:|1666566236
|switch|p2a: Tornadus|Tornadus-Therian, M|100/100
|move|p1a: Ferrothorn|Body Press|p2a: Tornadus
|-resisted|p2a: Tornadus
|-damage|p2a: Tornadus|84/100
|
|upkeep
|turn|9
|
|t:|1666566243
|switch|p1a: Landorus|Landorus-Therian, M|100/100
|-damage|p1a: Landorus|88/100|[from] Stealth Rock
|-ability|p1a: Landorus|Intimidate|boost
|-unboost|p2a: Tornadus|atk|1
|move|p2a: Tornadus|Hurricane|p1a: Landorus
|-damage|p1a: Landorus|59/100
|
|-heal|p1a: Landorus|65/100|[from] item: Leftovers
|upkeep
|turn|10
|
|t:|1666566249
|move|p2a: Tornadus|Icy Wind|p1a: Landorus
|-supereffective|p1a: Landorus
|-damage|p1a: Landorus|25/100
|-unboost|p1a: Landorus|spe|1
|move|p1a: Landorus|Defog|p2a: Tornadus
|-unboost|p2a: Tornadus|evasion|1
|-sideend|p2: Lucians Call|Stealth Rock|[from] move: Defog|[of] p1a: Landorus
|-sideend|p1: why addicted|Spikes|[from] move: Defog|[of] p1a: Landorus
|-sideend|p1: why addicted|Stealth Rock|[from] move: Defog|[of] p1a: Landorus
|
|-heal|p1a: Landorus|31/100|[from] item: Leftovers
|upkeep
|turn|11
|
|t:|1666566262
|switch|p1a: Urshifu|Urshifu-Rapid-Strike, F|100/100
|move|p2a: Tornadus|U-turn|p1a: Urshifu
|-resisted|p1a: Urshifu
|-damage|p1a: Urshifu|96/100
|
|t:|1666566274
|switch|p2a: Volcarona|Volcarona, F|100/100|[from]move: U-turn
|
|upkeep
|turn|12
|
|t:|1666566279
|move|p2a: Volcarona|Psychic|p1a: Urshifu
|-supereffective|p1a: Urshifu
|-damage|p1a: Urshifu|0 fnt
|faint|p1a: Urshifu
|
|upkeep
|
|t:|1666566284
|switch|p1a: Heatran|Heatran, M|100/100
|turn|13
|
|t:|1666566288
|switch|p2a: Garchomp|Garchomp, M|100/100
|move|p1a: Heatran|Toxic|p2a: Garchomp
|-status|p2a: Garchomp|tox
|
|-damage|p2a: Garchomp|94/100 tox|[from] psn
|upkeep
|turn|14
|
|t:|1666566294
|switch|p1a: Landorus|Landorus-Therian, M|31/100
|-ability|p1a: Landorus|Intimidate|boost
|-unboost|p2a: Garchomp|atk|1
|move|p2a: Garchomp|Stealth Rock|p1a: Landorus
|-sidestart|p1: why addicted|move: Stealth Rock
|
|-heal|p2a: Garchomp|100/100 tox|[from] item: Leftovers
|-heal|p1a: Landorus|37/100|[from] item: Leftovers
|-damage|p2a: Garchomp|88/100 tox|[from] psn
|upkeep
|turn|15
|
|t:|1666566299
|switch|p1a: Ferrothorn|Ferrothorn, F|26/100
|-damage|p1a: Ferrothorn|20/100|[from] Stealth Rock
|move|p2a: Garchomp|Toxic|p1a: Ferrothorn
|-immune|p1a: Ferrothorn
|
|-heal|p2a: Garchomp|94/100 tox|[from] item: Leftovers
|-damage|p2a: Garchomp|76/100 tox|[from] psn
|upkeep
|turn|16
|
|t:|1666566305
|move|p2a: Garchomp|Toxic|p1a: Ferrothorn
|-immune|p1a: Ferrothorn
|move|p1a: Ferrothorn|Stealth Rock|p2a: Garchomp
|-sidestart|p2: Lucians Call|move: Stealth Rock
|
|-heal|p2a: Garchomp|82/100 tox|[from] item: Leftovers
|-damage|p2a: Garchomp|57/100 tox|[from] psn
|upkeep
|turn|17
|
|t:|1666566327
|move|p2a: Garchomp|Earthquake|p1a: Ferrothorn
|-damage|p1a: Ferrothorn|2/100
|move|p1a: Ferrothorn|Leech Seed|p2a: Garchomp
|-start|p2a: Garchomp|move: Leech Seed
|
|-heal|p2a: Garchomp|63/100 tox|[from] item: Leftovers
|-damage|p2a: Garchomp|51/100 tox|[from] Leech Seed|[of] p1a: Ferrothorn
|-heal|p1a: Ferrothorn|17/100|[silent]
|-damage|p2a: Garchomp|20/100 tox|[from] psn
|upkeep
|turn|18
|
|t:|1666566334
|switch|p2a: Ferrothorn|Ferrothorn, F|17/100
|-damage|p2a: Ferrothorn|11/100|[from] Stealth Rock
|move|p1a: Ferrothorn|Knock Off|p2a: Ferrothorn
|-damage|p2a: Ferrothorn|2/100
|-damage|p1a: Ferrothorn|4/100|[from] ability: Iron Barbs|[of] p2a: Ferrothorn
|
|upkeep
|turn|19
|l| lil globglabgla
|
|t:|1666566339
|move|p1a: Ferrothorn|Knock Off|p2a: Ferrothorn
|-damage|p2a: Ferrothorn|0 fnt
|-damage|p1a: Ferrothorn|0 fnt|[from] ability: Iron Barbs|[of] p2a: Ferrothorn
|faint|p2a: Ferrothorn
|faint|p1a: Ferrothorn
|
|upkeep
|
|t:|1666566345
|switch|p1a: Tapu Lele|Tapu Lele|100/100
|switch|p2a: Tornadus|Tornadus-Therian, M|100/100
|-damage|p1a: Tapu Lele|88/100|[from] Stealth Rock
|-fieldstart|move: Psychic Terrain|[from] ability: Psychic Surge|[of] p1a: Tapu Lele
|turn|20
|
|t:|1666566354
|move|p1a: Tapu Lele|Future Sight|p2a: Tornadus
|-start|p1a: Tapu Lele|move: Future Sight
|move|p2a: Tornadus|U-turn|p1a: Tapu Lele
|-damage|p1a: Tapu Lele|67/100
|
|t:|1666566364
|switch|p2a: Volcarona|Volcarona, F|100/100|[from]move: U-turn
|-damage|p2a: Volcarona|51/100|[from] Stealth Rock
|
|upkeep
|turn|21
|
|t:|1666566370
|switch|p1a: Heatran|Heatran, M|100/100
|-damage|p1a: Heatran|88/100|[from] Stealth Rock
|move|p2a: Volcarona|Psychic|p1a: Heatran
|-resisted|p1a: Heatran
|-crit|p1a: Heatran
|-damage|p1a: Heatran|57/100
|
|-heal|p1a: Heatran|63/100|[from] item: Leftovers
|upkeep
|turn|22
|
|t:|1666566377
|move|p1a: Heatran|Protect|p1a: Heatran
|-singleturn|p1a: Heatran|Protect
|move|p2a: Volcarona|Psychic|p1a: Heatran
|-activate|p1a: Heatran|move: Protect
|
|-end|p2a: Volcarona|move: Future Sight
|-damage|p2a: Volcarona|0 fnt
|faint|p2a: Volcarona
|-heal|p1a: Heatran|69/100|[from] item: Leftovers
|upkeep
|
|t:|1666566388
|switch|p2a: Zeraora|Zeraora|100/100
|-damage|p2a: Zeraora|88/100|[from] Stealth Rock
|turn|23
|
|t:|1666566398
|switch|p1a: Dragapult|Dragapult, F|100/100
|-damage|p1a: Dragapult|88/100|[from] Stealth Rock
|move|p2a: Zeraora|Bulk Up|p2a: Zeraora
|-boost|p2a: Zeraora|atk|1
|-boost|p2a: Zeraora|def|1
|
|-heal|p2a: Zeraora|94/100|[from] item: Leftovers
|upkeep
|turn|24
|
|t:|1666566400
|move|p2a: Zeraora|Knock Off|p1a: Dragapult
|-supereffective|p1a: Dragapult
|-crit|p1a: Dragapult
|-damage|p1a: Dragapult|0 fnt
|-enditem|p1a: Dragapult|Choice Specs|[from] move: Knock Off|[of] p2a: Zeraora
|faint|p1a: Dragapult
|
|-heal|p2a: Zeraora|99/100|[from] item: Leftovers
|-fieldend|move: Psychic Terrain
|upkeep
|
|t:|1666566404
|switch|p1a: Landorus|Landorus-Therian, M|37/100
|-damage|p1a: Landorus|25/100|[from] Stealth Rock
|-ability|p1a: Landorus|Intimidate|boost
|-unboost|p2a: Zeraora|atk|1
|turn|25
|
|t:|1666566417
|move|p2a: Zeraora|Knock Off|p1a: Landorus
|-damage|p1a: Landorus|0 fnt
|-enditem|p1a: Landorus|Leftovers|[from] move: Knock Off|[of] p2a: Zeraora
|faint|p1a: Landorus
|
|-heal|p2a: Zeraora|100/100|[from] item: Leftovers
|upkeep
|
|t:|1666566419
|switch|p1a: Tapu Lele|Tapu Lele|67/100
|-damage|p1a: Tapu Lele|54/100|[from] Stealth Rock
|-fieldstart|move: Psychic Terrain|[from] ability: Psychic Surge|[of] p1a: Tapu Lele
|turn|26
|
|t:|1666566423
|move|p1a: Tapu Lele|Moonblast|p2a: Zeraora
|-damage|p2a: Zeraora|35/100
|move|p2a: Zeraora|Knock Off|p1a: Tapu Lele
|-damage|p1a: Tapu Lele|4/100
|-enditem|p1a: Tapu Lele|Choice Scarf|[from] move: Knock Off|[of] p2a: Zeraora
|
|-heal|p2a: Zeraora|41/100|[from] item: Leftovers
|upkeep
|turn|27
|
|t:|1666566426
|move|p2a: Zeraora|Drain Punch|p1a: Tapu Lele
|-resisted|p1a: Tapu Lele
|-damage|p1a: Tapu Lele|0 fnt
|-heal|p2a: Zeraora|43/100|[from] drain|[of] p1a: Tapu Lele
|faint|p1a: Tapu Lele
|
|-heal|p2a: Zeraora|49/100|[from] item: Leftovers
|upkeep
|
|t:|1666566429
|switch|p1a: Heatran|Heatran, M|69/100
|-damage|p1a: Heatran|57/100|[from] Stealth Rock
|turn|28
|-message|why addicted forfeited.
|
|win|Lucians Call
|raw|why addicted's rating: 1875 &rarr; <strong>1853</strong><br />(-22 for losing)
|raw|Lucians Call's rating: 1834 &rarr; <strong>1856</strong><br />(+22 for winning)
|l|☆why addicted
|l|☆Lucians Call
||Ladder isn't responding, score probably updated but might not have (Request timeout).
