|j|☆Libski
|j|☆Stads
|t:|1662495401
|gametype|singles
|player|p1|Libski|bede|1748
|player|p2|Stads|266|1793
|teamsize|p1|6
|teamsize|p2|6
|gen|8
|tier|[Gen 8] OU
|rated|
|rule|Sleep Clause Mod: Limit one foe put to sleep
|rule|Species Clause: Limit one of each Pokémon
|rule|OHKO Clause: OHKO moves are banned
|rule|Evasion Items Clause: Evasion items are banned
|rule|Evasion Moves Clause: Evasion moves are banned
|rule|Endless Battle Clause: Forcing endless battles is banned
|rule|HP Percentage Mod: HP is shown in percentages
|rule|Dynamax Clause: You cannot dynamax
|clearpoke
|poke|p1|Victini|
|poke|p1|Hatterene, F|
|poke|p1|Torkoal, F|
|poke|p1|Heatran, M|
|poke|p1|Garchomp, F|
|poke|p1|Moltres-Galar|
|poke|p2|Tornadus-Therian, M|
|poke|p2|Corviknight, M|
|poke|p2|Kartana|
|poke|p2|Toxapex, M|
|poke|p2|Hippowdon, M|
|poke|p2|Heatran, F|
|teampreview
|inactive|Battle timer is ON: inactive players will automatically lose when time's up. (requested by Stads)
|
|t:|1662495417
|start
|switch|p1a: Victini|Victini|100/100
|switch|p2a: Tornadus|Tornadus-Therian, M|100/100
|turn|1
|
|t:|1662495429
|move|p1a: Victini|U-turn|p2a: Tornadus
|-resisted|p2a: Tornadus
|-damage|p2a: Tornadus|87/100
|
|t:|1662495434
|switch|p1a: Torkoal|Torkoal, F|100/100|[from]move: U-turn
|-weather|SunnyDay|[from] ability: Drought|[of] p1a: Torkoal
|move|p2a: Tornadus|Knock Off|p1a: Torkoal
|-damage|p1a: Torkoal|89/100
|-enditem|p1a: Torkoal|Heat Rock|[from] move: Knock Off|[of] p2a: Tornadus
|
|-weather|SunnyDay|[upkeep]
|upkeep
|turn|2
|
|t:|1662495436
|move|p2a: Tornadus|U-turn|p1a: Torkoal
|-resisted|p1a: Torkoal
|-damage|p1a: Torkoal|84/100
|
|t:|1662495438
|switch|p2a: Hippowdon|Hippowdon, M|100/100|[from]move: U-turn
|-weather|Sandstorm|[from] ability: Sand Stream|[of] p2a: Hippowdon
|move|p1a: Torkoal|Yawn|p2a: Hippowdon
|-start|p2a: Hippowdon|move: Yawn|[of] p1a: Torkoal
|
|-weather|Sandstorm|[upkeep]
|-damage|p1a: Torkoal|78/100|[from] Sandstorm
|upkeep
|turn|3
|
|t:|1662495441
|switch|p2a: Tornadus|Tornadus-Therian, M|100/100
|switch|p1a: Hatterene|Hatterene, F|100/100
|
|-weather|Sandstorm|[upkeep]
|-damage|p2a: Tornadus|94/100|[from] Sandstorm
|-damage|p1a: Hatterene|95/100|[from] Sandstorm
|-heal|p1a: Hatterene|100/100|[from] item: Leftovers
|upkeep
|turn|4
|
|t:|1662495444
|move|p2a: Tornadus|Knock Off|p1a: Hatterene
|-crit|p1a: Hatterene
|-damage|p1a: Hatterene|73/100
|-enditem|p1a: Hatterene|Leftovers|[from] move: Knock Off|[of] p2a: Tornadus
|move|p1a: Hatterene|Psyshock|p2a: Tornadus
|-damage|p2a: Tornadus|45/100
|
|-weather|Sandstorm|[upkeep]
|-damage|p2a: Tornadus|39/100|[from] Sandstorm
|-damage|p1a: Hatterene|67/100|[from] Sandstorm
|upkeep
|turn|5
|
|t:|1662495447
|move|p2a: Tornadus|U-turn|p1a: Hatterene
|-damage|p1a: Hatterene|54/100
|j| poupoulpe
|
|t:|1662495451
|switch|p2a: Corviknight|Corviknight, M|100/100|[from]move: U-turn
|-ability|p2a: Corviknight|Pressure
|move|p1a: Hatterene|Psyshock|p2a: Corviknight
|-resisted|p2a: Corviknight
|-damage|p2a: Corviknight|89/100
|
|-weather|Sandstorm|[upkeep]
|-damage|p1a: Hatterene|48/100|[from] Sandstorm
|-heal|p2a: Corviknight|95/100|[from] item: Leftovers
|upkeep
|turn|6
|j| Mreow2
|
|t:|1662495461
|switch|p1a: Torkoal|Torkoal, F|78/100
|-weather|SunnyDay|[from] ability: Drought|[of] p1a: Torkoal
|move|p2a: Corviknight|U-turn|p1a: Torkoal
|-resisted|p1a: Torkoal
|-damage|p1a: Torkoal|74/100
|
|t:|1662495463
|switch|p2a: Hippowdon|Hippowdon, M|100/100|[from]move: U-turn
|-weather|Sandstorm|[from] ability: Sand Stream|[of] p2a: Hippowdon
|
|-weather|Sandstorm|[upkeep]
|-damage|p1a: Torkoal|68/100|[from] Sandstorm
|upkeep
|turn|7
|
|t:|1662495467
|switch|p1a: Moltres|Moltres-Galar|100/100
|move|p2a: Hippowdon|Earthquake|p1a: Moltres
|-immune|p1a: Moltres
|
|-weather|Sandstorm|[upkeep]
|-damage|p1a: Moltres|94/100|[from] Sandstorm
|upkeep
|turn|8
|
|t:|1662495470
|switch|p1a: Hatterene|Hatterene, F|48/100
|move|p2a: Hippowdon|Toxic|p1a: Hatterene
|move|p1a: Hatterene|Toxic|p2a: Hippowdon|[from]ability: Magic Bounce
|-status|p2a: Hippowdon|tox
|
|-weather|Sandstorm|[upkeep]
|-damage|p1a: Hatterene|42/100|[from] Sandstorm
|-damage|p2a: Hippowdon|94/100 tox|[from] psn
|upkeep
|turn|9
|
|t:|1662495473
|move|p2a: Hippowdon|Earthquake|p1a: Hatterene
|-damage|p1a: Hatterene|10/100
|move|p1a: Hatterene|Draining Kiss|p2a: Hippowdon
|-damage|p2a: Hippowdon|76/100 tox
|-heal|p1a: Hatterene|27/100|[from] drain|[of] p2a: Hippowdon
|
|-weather|Sandstorm|[upkeep]
|-damage|p1a: Hatterene|21/100|[from] Sandstorm
|-heal|p2a: Hippowdon|83/100 tox|[from] item: Leftovers
|-damage|p2a: Hippowdon|70/100 tox|[from] psn
|upkeep
|turn|10
|
|t:|1662495477
|switch|p2a: Tornadus|Tornadus-Therian, M|72/100
|move|p1a: Hatterene|Psyshock|p2a: Tornadus
|-crit|p2a: Tornadus
|-damage|p2a: Tornadus|5/100
|
|-weather|none
|upkeep
|turn|11
|
|t:|1662495480
|switch|p1a: Garchomp|Garchomp, F|100/100
|move|p2a: Tornadus|Hurricane|p1a: Garchomp
|-damage|p1a: Garchomp|50/100
|
|-heal|p1a: Garchomp|56/100|[from] item: Leftovers
|upkeep
|turn|12
|
|t:|1662495485
|switch|p2a: Corviknight|Corviknight, M|95/100
|-ability|p2a: Corviknight|Pressure
|move|p1a: Garchomp|Fire Fang|p2a: Corviknight
|-supereffective|p2a: Corviknight
|-damage|p2a: Corviknight|67/100
|
|-heal|p1a: Garchomp|62/100|[from] item: Leftovers
|-heal|p2a: Corviknight|73/100|[from] item: Leftovers
|upkeep
|turn|13
|
|t:|1662495490
|move|p1a: Garchomp|Scale Shot|p2a: Corviknight
|-resisted|p2a: Corviknight
|-damage|p2a: Corviknight|69/100
|-resisted|p2a: Corviknight
|-damage|p2a: Corviknight|65/100
|-hitcount|p2a: Corviknight|2
|-unboost|p1a: Garchomp|def|1
|-boost|p1a: Garchomp|spe|1
|move|p2a: Corviknight|Body Press|p1a: Garchomp
|-damage|p1a: Garchomp|22/100
|-damage|p2a: Corviknight|53/100|[from] ability: Rough Skin|[of] p1a: Garchomp
|
|-heal|p1a: Garchomp|29/100|[from] item: Leftovers
|-heal|p2a: Corviknight|59/100|[from] item: Leftovers
|upkeep
|turn|14
|
|t:|1662495499
|switch|p1a: Moltres|Moltres-Galar|94/100
|move|p2a: Corviknight|Roost|p2a: Corviknight
|-heal|p2a: Corviknight|100/100
|-singleturn|p2a: Corviknight|move: Roost
|
|upkeep
|turn|15
|
|t:|1662495502
|move|p1a: Moltres|Agility|p1a: Moltres
|-boost|p1a: Moltres|spe|2
|move|p2a: Corviknight|U-turn|p1a: Moltres
|-damage|p1a: Moltres|77/100
|
|t:|1662495503
|switch|p2a: Heatran|Heatran, F|100/100|[from]move: U-turn
|
|upkeep
|turn|16
|
|t:|1662495507
|move|p1a: Moltres|Fiery Wrath|p2a: Heatran
|-damage|p2a: Heatran|73/100
|cant|p2a: Heatran|flinch
|
|-heal|p2a: Heatran|79/100|[from] item: Leftovers
|upkeep
|turn|17
|
|t:|1662495517
|move|p1a: Moltres|Nasty Plot|p1a: Moltres
|-boost|p1a: Moltres|spa|2
|move|p2a: Heatran|Toxic|p1a: Moltres
|-status|p1a: Moltres|tox
|
|-heal|p2a: Heatran|85/100|[from] item: Leftovers
|-damage|p1a: Moltres|71/100 tox|[from] psn
|upkeep
|turn|18
|inactive|Stads has 120 seconds left.
|
|t:|1662495572
|move|p1a: Moltres|Fiery Wrath|p2a: Heatran
|-damage|p2a: Heatran|28/100
|move|p2a: Heatran|Magma Storm|p1a: Moltres
|-damage|p1a: Moltres|36/100 tox
|-activate|p1a: Moltres|move: Magma Storm|[of] p2a: Heatran
|-ability|p1a: Moltres|Berserk|boost
|-boost|p1a: Moltres|spa|1
|
|-heal|p2a: Heatran|35/100|[from] item: Leftovers
|-damage|p1a: Moltres|24/100 tox|[from] psn
|-damage|p1a: Moltres|12/100 tox|[from] move: Magma Storm|[partiallytrapped]
|upkeep
|turn|19
|j| ChristianBeThatGuy
|
|t:|1662495581
|move|p1a: Moltres|Rest|p1a: Moltres
|-status|p1a: Moltres|slp|[from] move: Rest
|-heal|p1a: Moltres|100/100 slp|[silent]
|-enditem|p1a: Moltres|Chesto Berry|[eat]
|-curestatus|p1a: Moltres|slp|[msg]
|move|p2a: Heatran|Toxic|p1a: Moltres
|-status|p1a: Moltres|tox
|
|-heal|p2a: Heatran|41/100|[from] item: Leftovers
|-damage|p1a: Moltres|94/100 tox|[from] psn
|-damage|p1a: Moltres|82/100 tox|[from] move: Magma Storm|[partiallytrapped]
|upkeep
|turn|20
|j| Codhy
|
|t:|1662495588
|move|p2a: Heatran|Protect|p2a: Heatran
|-singleturn|p2a: Heatran|Protect
|move|p1a: Moltres|Fiery Wrath|p2a: Heatran
|-activate|p2a: Heatran|move: Protect
|
|-heal|p2a: Heatran|47/100|[from] item: Leftovers
|-damage|p1a: Moltres|70/100 tox|[from] psn
|-damage|p1a: Moltres|57/100 tox|[from] move: Magma Storm|[partiallytrapped]
|upkeep
|turn|21
|
|t:|1662495601
|move|p1a: Moltres|Fiery Wrath|p2a: Heatran
|-damage|p2a: Heatran|0 fnt
|faint|p2a: Heatran
|
|-damage|p1a: Moltres|39/100 tox|[from] psn
|-end|p1a: Moltres|Magma Storm|[partiallytrapped]|[silent]
|upkeep
|
|t:|1662495604
|switch|p2a: Kartana|Kartana|100/100
|turn|22
|
|t:|1662495607
|move|p1a: Moltres|Fiery Wrath|p2a: Kartana
|-crit|p2a: Kartana
|-damage|p2a: Kartana|0 fnt
|faint|p2a: Kartana
|
|-damage|p1a: Moltres|14/100 tox|[from] psn
|upkeep
|
|t:|1662495613
|switch|p2a: Tornadus|Tornadus-Therian, M|39/100
|turn|23
|
|t:|1662495618
|switch|p2a: Corviknight|Corviknight, M|100/100
|-ability|p2a: Corviknight|Pressure
|move|p1a: Moltres|Rest|p1a: Moltres
|-status|p1a: Moltres|slp|[from] move: Rest
|-heal|p1a: Moltres|100/100 slp|[silent]
|
|upkeep
|turn|24
|
|t:|1662495621
|cant|p1a: Moltres|slp
|move|p2a: Corviknight|U-turn|p1a: Moltres
|-damage|p1a: Moltres|83/100 slp
|
|t:|1662495622
|switch|p2a: Toxapex|Toxapex, M|100/100|[from]move: U-turn
|
|upkeep
|turn|25
|
|t:|1662495624
|cant|p1a: Moltres|slp
|move|p2a: Toxapex|Haze|p2a: Toxapex
|-clearallboost
|
|upkeep
|turn|26
|
|t:|1662495628
|-curestatus|p1a: Moltres|slp|[msg]
|move|p1a: Moltres|Nasty Plot|p1a: Moltres
|-boost|p1a: Moltres|spa|2
|move|p2a: Toxapex|Scald|p1a: Moltres
|-damage|p1a: Moltres|70/100
|
|upkeep
|turn|27
|
|t:|1662495630
|move|p1a: Moltres|Fiery Wrath|p2a: Toxapex
|-damage|p2a: Toxapex|24/100
|move|p2a: Toxapex|Haze|p2a: Toxapex
|-clearallboost
|
|upkeep
|turn|28
|-message|Stads forfeited.
|
|win|Libski
|raw|Libski's rating: 1748 &rarr; <strong>1771</strong><br />(+23 for winning)
|raw|Stads's rating: 1793 &rarr; <strong>1770</strong><br />(-23 for losing)
|l|☆Stads
