|j|☆Professor Aaron
|j|☆hadahada
|t:|1658542054
|gametype|singles
|player|p1|Professor Aaron|kukui|1335
|player|p2|hadahada|gentleman-gen4dp|1380
|teamsize|p1|6
|teamsize|p2|6
|gen|8
|tier|[Gen 8] OU
|rated|
|rule|Sleep Clause Mod: Limit one foe put to sleep
|rule|Species Clause: Limit one of each Pokémon
|rule|OHKO Clause: OHKO moves are banned
|rule|Evasion Moves Clause: Evasion moves are banned
|rule|Endless Battle Clause: Forcing endless battles is banned
|rule|HP Percentage Mod: HP is shown in percentages
|rule|Dynamax Clause: You cannot dynamax
|clearpoke
|poke|p1|Rotom-Wash|
|poke|p1|Metagross|
|poke|p1|Salamence, M|
|poke|p1|Landorus-Therian, M|
|poke|p1|Tapu Lele|
|poke|p1|Slowking-Galar, M|
|poke|p2|Nidoking, M|
|poke|p2|Urshifu-*, F|
|poke|p2|Tornadus-Therian, M|
|poke|p2|Slowking, M|
|poke|p2|Ferrothorn, M|
|poke|p2|Clefable, F|
|teampreview
|inactive|Battle timer is ON: inactive players will automatically lose when time's up. (requested by hadahada)
|
|t:|1658542073
|start
|switch|p1a: Slowking|Slowking-Galar, M|100/100
|switch|p2a: Tornadus|Tornadus-Therian, M|100/100
|turn|1
|
|t:|1658542082
|move|p2a: Tornadus|U-turn|p1a: Slowking
|-damage|p1a: Slowking|87/100
|
|t:|1658542093
|switch|p2a: Urshifu|Urshifu-Rapid-Strike, F|100/100|[from]move: U-turn
|move|p1a: Slowking|Future Sight|p2a: Urshifu
|-start|p1a: Slowking|move: Future Sight
|
|upkeep
|turn|2
|
|t:|1658542101
|switch|p1a: Salamence|Salamence, M|100/100
|-ability|p1a: Salamence|Intimidate|boost
|-unboost|p2a: Urshifu|atk|1
|move|p2a: Urshifu|Surging Strikes|p1a: Salamence
|-resisted|p1a: Salamence
|-crit|p1a: Salamence
|-damage|p1a: Salamence|93/100
|-resisted|p1a: Salamence
|-crit|p1a: Salamence
|-damage|p1a: Salamence|86/100
|-resisted|p1a: Salamence
|-crit|p1a: Salamence
|-damage|p1a: Salamence|79/100
|-hitcount|p1a: Salamence|3
|
|upkeep
|turn|3
|
|t:|1658542114
|switch|p2a: Clefable|Clefable, F|100/100
|move|p1a: Salamence|Hurricane|p2a: Clefable
|-damage|p2a: Clefable|74/100
|
|-end|p2a: Clefable|move: Future Sight
|-damage|p2a: Clefable|40/100
|-heal|p2a: Clefable|46/100|[from] item: Leftovers
|upkeep
|turn|4
|
|t:|1658542139
|switch|p1a: Slowking|Slowking-Galar, M|100/100
|move|p2a: Clefable|Soft-Boiled|p2a: Clefable
|-heal|p2a: Clefable|96/100
|
|-heal|p2a: Clefable|100/100|[from] item: Leftovers
|upkeep
|turn|5
|
|t:|1658542146
|switch|p2a: Nidoking|Nidoking, M|100/100
|move|p1a: Slowking|Future Sight|p2a: Nidoking
|-start|p1a: Slowking|move: Future Sight
|
|upkeep
|turn|6
|
|t:|1658542153
|move|p2a: Nidoking|Ice Beam|p1a: Slowking
|-damage|p1a: Slowking|80/100
|move|p1a: Slowking|Ice Beam|p2a: Nidoking
|-supereffective|p2a: Nidoking
|-damage|p2a: Nidoking|28/100
|
|upkeep
|turn|7
|
|t:|1658542160
|switch|p2a: Clefable|Clefable, F|100/100
|move|p1a: Slowking|Ice Beam|p2a: Clefable
|-damage|p2a: Clefable|83/100
|-status|p2a: Clefable|frz
|
|-end|p2a: Clefable|move: Future Sight
|-damage|p2a: Clefable|50/100 frz
|-heal|p2a: Clefable|57/100 frz|[from] item: Leftovers
|upkeep
|turn|8
|
|t:|1658542175
|cant|p2a: Clefable|frz
|move|p1a: Slowking|Future Sight|p2a: Clefable
|-start|p1a: Slowking|move: Future Sight
|
|-heal|p2a: Clefable|63/100 frz|[from] item: Leftovers
|upkeep
|turn|9
|
|t:|1658542184
|cant|p2a: Clefable|frz
|move|p1a: Slowking|Ice Beam|p2a: Clefable
|-damage|p2a: Clefable|46/100 frz
|
|-heal|p2a: Clefable|52/100 frz|[from] item: Leftovers
|upkeep
|turn|10
|
|t:|1658542190
|cant|p2a: Clefable|frz
|move|p1a: Slowking|Ice Beam|p2a: Clefable
|-damage|p2a: Clefable|35/100 frz
|
|-end|p2a: Clefable|move: Future Sight
|-damage|p2a: Clefable|0 fnt
|faint|p2a: Clefable
|upkeep
|-message|hadahada forfeited.
|
|win|Professor Aaron
|raw|Professor Aaron's rating: 1335 &rarr; <strong>1358</strong><br />(+23 for winning)
|raw|hadahada's rating: 1380 &rarr; <strong>1357</strong><br />(-23 for losing)
|l|☆hadahada
||Ladder isn't responding, score probably updated but might not have (Request timeout).
