|raw|<div class="broadcast-blue"><strong>This battle is required to be public due to a player having a name starting with 'lt94je'.</div>
|j|☆tolstoy
|j|☆LT94JE Fuse
|t:|1661555911
|gametype|singles
|player|p1|tolstoy|ethan|1864
|player|p2|LT94JE Fuse|yellow|1730
|teamsize|p1|6
|teamsize|p2|6
|gen|8
|tier|[Gen 8] OU
|rated|
|rule|Sleep Clause Mod: Limit one foe put to sleep
|rule|Species Clause: Limit one of each Pokémon
|rule|OHKO Clause: OHKO moves are banned
|rule|Evasion Items Clause: Evasion items are banned
|rule|Evasion Moves Clause: Evasion moves are banned
|rule|Endless Battle Clause: Forcing endless battles is banned
|rule|HP Percentage Mod: HP is shown in percentages
|rule|Dynamax Clause: You cannot dynamax
|clearpoke
|poke|p1|Garchomp, M|
|poke|p1|Magnezone|
|poke|p1|Slowbro, F|
|poke|p1|Tornadus-Therian, M|
|poke|p1|Melmetal|
|poke|p1|Clefable, F|
|poke|p2|Necrozma|
|poke|p2|Tapu Lele|
|poke|p2|Urshifu-*, F|
|poke|p2|Tornadus-Therian, M|
|poke|p2|Gastrodon, M|
|poke|p2|Heatran, M|
|teampreview
|inactive|Battle timer is ON: inactive players will automatically lose when time's up. (requested by tolstoy)
|c|☆LT94JE Fuse|Hf
|
|t:|1661555927
|start
|switch|p1a: Clefable|Clefable, F|100/100
|switch|p2a: Tapu Lele|Tapu Lele|100/100
|-fieldstart|move: Psychic Terrain|[from] ability: Psychic Surge|[of] p2a: Tapu Lele
|turn|1
|c|☆tolstoy|u2
|
|t:|1661555937
|switch|p2a: Necrozma|Necrozma|100/100
|move|p1a: Clefable|Knock Off|p2a: Necrozma
|-supereffective|p2a: Necrozma
|-damage|p2a: Necrozma|78/100
|-enditem|p2a: Necrozma|Choice Specs|[from] move: Knock Off|[of] p1a: Clefable
|
|upkeep
|turn|2
|j| storm zone
|j| hump
|j| LT94JE wafflesurf
|j| Oily man
|inactive|LT94JE Fuse has 120 seconds left.
|inactive|tolstoy has 120 seconds left.
|
|t:|1661555993
|move|p2a: Necrozma|Expanding Force|p1a: Clefable
|-damage|p1a: Clefable|18/100
|move|p1a: Clefable|Moonblast|p2a: Necrozma
|-damage|p2a: Necrozma|44/100
|
|-heal|p1a: Clefable|24/100|[from] item: Leftovers
|upkeep
|turn|3
|inactive|tolstoy has 120 seconds left.
|
|t:|1661556002
|switch|p1a: Melmetal|Melmetal|100/100
|move|p2a: Necrozma|Expanding Force|p1a: Melmetal
|-resisted|p1a: Melmetal
|-damage|p1a: Melmetal|66/100
|
|-heal|p1a: Melmetal|72/100|[from] item: Leftovers
|upkeep
|turn|4
|
|t:|1661556008
|switch|p2a: Heatran|Heatran, M|100/100
|move|p1a: Melmetal|Toxic|p2a: Heatran
|-immune|p2a: Heatran
|
|-heal|p1a: Melmetal|78/100|[from] item: Leftovers
|upkeep
|turn|5
|
|t:|1661556018
|switch|p1a: Slowbro|Slowbro, F|100/100
|move|p2a: Heatran|Stealth Rock|p1a: Slowbro
|-sidestart|p1: tolstoy|move: Stealth Rock
|
|-fieldend|move: Psychic Terrain
|upkeep
|turn|6
|l| LT94JE wafflesurf
|
|t:|1661556038
|move|p2a: Heatran|Magma Storm|p1a: Slowbro
|-resisted|p1a: Slowbro
|-damage|p1a: Slowbro|83/100
|-activate|p1a: Slowbro|move: Magma Storm|[of] p2a: Heatran
|move|p1a: Slowbro|Teleport|p1a: Slowbro
|j| wish kisser
|
|t:|1661556041
|switch|p1a: Garchomp|Garchomp, M|100/100|[from]move: Teleport
|-damage|p1a: Garchomp|94/100|[from] Stealth Rock
|
|-heal|p1a: Garchomp|100/100|[from] item: Leftovers
|upkeep
|turn|7
|
|t:|1661556050
|switch|p2a: Tapu Lele|Tapu Lele|100/100
|-fieldstart|move: Psychic Terrain|[from] ability: Psychic Surge|[of] p2a: Tapu Lele
|move|p1a: Garchomp|Substitute|p1a: Garchomp
|-start|p1a: Garchomp|Substitute
|-damage|p1a: Garchomp|76/100
|
|-heal|p1a: Garchomp|82/100|[from] item: Leftovers
|upkeep
|turn|8
|l| hump
|inactive|LT94JE Fuse has 120 seconds left.
|
|t:|1661556093
|move|p2a: Tapu Lele|Moonblast|p1a: Garchomp
|-supereffective|p1a: Garchomp
|-end|p1a: Garchomp|Substitute
|move|p1a: Garchomp|Earthquake|p2a: Tapu Lele
|-damage|p2a: Tapu Lele|16/100
|
|-heal|p1a: Garchomp|88/100|[from] item: Leftovers
|upkeep
|turn|9
|
|t:|1661556111
|switch|p1a: Slowbro|Slowbro, F|100/100
|move|p2a: Tapu Lele|Moonblast|p1a: Slowbro
|-damage|p1a: Slowbro|52/100
|-unboost|p1a: Slowbro|spa|1
|
|upkeep
|turn|10
|inactive|LT94JE Fuse has 120 seconds left.
|inactive|LT94JE Fuse has 90 seconds left.
|
|t:|1661556157
|switch|p1a: Melmetal|Melmetal|78/100
|-damage|p1a: Melmetal|72/100|[from] Stealth Rock
|move|p2a: Tapu Lele|Moonblast|p1a: Melmetal
|-resisted|p1a: Melmetal
|-damage|p1a: Melmetal|52/100
|
|-heal|p1a: Melmetal|58/100|[from] item: Leftovers
|upkeep
|turn|11
|
|t:|1661556163
|switch|p2a: Urshifu|Urshifu-Rapid-Strike, F|100/100
|move|p1a: Melmetal|Earthquake|p2a: Urshifu
|-damage|p2a: Urshifu|64/100
|
|-heal|p1a: Melmetal|64/100|[from] item: Leftovers
|-fieldend|move: Psychic Terrain
|upkeep
|turn|12
|j| packgod
|inactive|LT94JE Fuse has 90 seconds left.
|
|t:|1661556206
|switch|p1a: Tornadus|Tornadus-Therian, M|100/100
|move|p2a: Urshifu|U-turn|p1a: Tornadus
|-resisted|p1a: Tornadus
|-damage|p1a: Tornadus|81/100
|
|t:|1661556209
|switch|p2a: Heatran|Heatran, M|100/100|[from]move: U-turn
|
|upkeep
|turn|13
|
|t:|1661556214
|move|p1a: Tornadus|Defog|p2a: Heatran
|-unboost|p2a: Heatran|evasion|1
|-sideend|p1: tolstoy|Stealth Rock|[from] move: Defog|[of] p1a: Tornadus
|move|p2a: Heatran|Magma Storm|p1a: Tornadus
|-damage|p1a: Tornadus|34/100
|-activate|p1a: Tornadus|move: Magma Storm|[of] p2a: Heatran
|
|-damage|p1a: Tornadus|22/100|[from] move: Magma Storm|[partiallytrapped]
|upkeep
|turn|14
|inactive|LT94JE Fuse has 60 seconds left.
|
|t:|1661556256
|move|p1a: Tornadus|U-turn|p2a: Heatran
|-resisted|p2a: Heatran
|-damage|p2a: Heatran|98/100
|
|t:|1661556264
|switch|p1a: Garchomp|Garchomp, M|88/100|[from]move: U-turn
|move|p2a: Heatran|Stealth Rock|p1a: Garchomp
|-sidestart|p1: tolstoy|move: Stealth Rock
|
|-heal|p1a: Garchomp|94/100|[from] item: Leftovers
|-heal|p2a: Heatran|100/100|[from] item: Leftovers
|upkeep
|turn|15
|inactive|LT94JE Fuse has 60 seconds left.
|l| wish kisser
|inactive|LT94JE Fuse has 30 seconds left.
|inactive|LT94JE Fuse has 20 seconds left.
|
|t:|1661556313
|switch|p2a: Necrozma|Necrozma|44/100
|move|p1a: Garchomp|Substitute|p1a: Garchomp
|-start|p1a: Garchomp|Substitute
|-damage|p1a: Garchomp|69/100
|
|-heal|p1a: Garchomp|75/100|[from] item: Leftovers
|upkeep
|turn|16
|inactive|LT94JE Fuse has 30 seconds left this turn.
|j| Ktutverde
|
|t:|1661556319
|move|p1a: Garchomp|Earthquake|p2a: Necrozma
|-damage|p2a: Necrozma|0 fnt
|faint|p2a: Necrozma
|
|-heal|p1a: Garchomp|81/100|[from] item: Leftovers
|upkeep
|
|t:|1661556321
|switch|p2a: Urshifu|Urshifu-Rapid-Strike, F|64/100
|turn|17
|
|t:|1661556326
|move|p1a: Garchomp|Earthquake|p2a: Urshifu
|-damage|p2a: Urshifu|15/100
|move|p2a: Urshifu|Surging Strikes|p1a: Garchomp
|-crit|p1a: Garchomp
|-end|p1a: Garchomp|Substitute
|-crit|p1a: Garchomp
|-damage|p1a: Garchomp|50/100
|-damage|p2a: Urshifu|3/100|[from] ability: Rough Skin|[of] p1a: Garchomp
|-crit|p1a: Garchomp
|-damage|p1a: Garchomp|21/100
|-damage|p2a: Urshifu|0 fnt|[from] ability: Rough Skin|[of] p1a: Garchomp
|faint|p2a: Urshifu
|-hitcount|p1a: Garchomp|3
|
|-heal|p1a: Garchomp|27/100|[from] item: Leftovers
|upkeep
|
|t:|1661556330
|switch|p2a: Tapu Lele|Tapu Lele|16/100
|-fieldstart|move: Psychic Terrain|[from] ability: Psychic Surge|[of] p2a: Tapu Lele
|turn|18
|
|t:|1661556341
|switch|p1a: Melmetal|Melmetal|64/100
|-damage|p1a: Melmetal|58/100|[from] Stealth Rock
|move|p2a: Tapu Lele|Moonblast|p1a: Melmetal
|-resisted|p1a: Melmetal
|-damage|p1a: Melmetal|36/100
|-unboost|p1a: Melmetal|spa|1
|
|-heal|p1a: Melmetal|42/100|[from] item: Leftovers
|upkeep
|turn|19
|l| Oily man
|inactive|LT94JE Fuse has 60 seconds left.
|
|t:|1661556379
|switch|p2a: Gastrodon|Gastrodon, M|100/100
|move|p1a: Melmetal|Toxic|p2a: Gastrodon
|-status|p2a: Gastrodon|tox
|
|-heal|p1a: Melmetal|49/100|[from] item: Leftovers
|-damage|p2a: Gastrodon|94/100 tox|[from] psn
|upkeep
|turn|20
|
|t:|1661556389
|switch|p2a: Heatran|Heatran, M|100/100
|move|p1a: Melmetal|Protect||[still]
|-fail|p1a: Melmetal
|
|-heal|p1a: Melmetal|55/100|[from] item: Leftovers
|upkeep
|turn|21
|j| Rubiaa
|
|t:|1661556411
|move|p1a: Melmetal|Protect|p1a: Melmetal
|-singleturn|p1a: Melmetal|Protect
|move|p2a: Heatran|Magma Storm|p1a: Melmetal
|-activate|p1a: Melmetal|move: Protect
|
|-heal|p1a: Melmetal|61/100|[from] item: Leftovers
|upkeep
|turn|22
|l| Ktutverde
|
|t:|1661556421
|switch|p1a: Magnezone|Magnezone|100/100
|-damage|p1a: Magnezone|94/100|[from] Stealth Rock
|-item|p1a: Magnezone|Air Balloon
|move|p2a: Heatran|Magma Storm|p1a: Magnezone
|-supereffective|p1a: Magnezone
|-damage|p1a: Magnezone|0 fnt
|-enditem|p1a: Magnezone|Air Balloon
|faint|p1a: Magnezone
|
|-fieldend|move: Psychic Terrain
|upkeep
|
|t:|1661556430
|switch|p1a: Slowbro|Slowbro, F|86/100
|turn|23
|
|t:|1661556455
|switch|p2a: Tornadus|Tornadus-Therian, M|100/100
|move|p1a: Slowbro|Teleport|p1a: Slowbro
|l| storm zone
|
|t:|1661556463
|switch|p1a: Melmetal|Melmetal|61/100|[from]move: Teleport
|-damage|p1a: Melmetal|55/100|[from] Stealth Rock
|
|-heal|p1a: Melmetal|61/100|[from] item: Leftovers
|upkeep
|turn|24
|
|t:|1661556470
|move|p1a: Melmetal|Protect|p1a: Melmetal
|-singleturn|p1a: Melmetal|Protect
|move|p2a: Tornadus|Knock Off|p1a: Melmetal
|-activate|p1a: Melmetal|move: Protect
|
|-heal|p1a: Melmetal|67/100|[from] item: Leftovers
|upkeep
|turn|25
|
|t:|1661556476
|switch|p1a: Slowbro|Slowbro, F|100/100
|move|p2a: Tornadus|Knock Off|p1a: Slowbro
|-supereffective|p1a: Slowbro
|-crit|p1a: Slowbro
|-damage|p1a: Slowbro|64/100
|-enditem|p1a: Slowbro|Heavy-Duty Boots|[from] move: Knock Off|[of] p2a: Tornadus
|
|upkeep
|turn|26
|
|t:|1661556480
|move|p2a: Tornadus|U-turn|p1a: Slowbro
|-supereffective|p1a: Slowbro
|-damage|p1a: Slowbro|43/100
|
|t:|1661556481
|switch|p2a: Heatran|Heatran, M|100/100|[from]move: U-turn
|move|p1a: Slowbro|Slack Off|p1a: Slowbro
|-heal|p1a: Slowbro|93/100
|
|upkeep
|turn|27
|
|t:|1661556487
|move|p2a: Heatran|Magma Storm|p1a: Slowbro
|-resisted|p1a: Slowbro
|-damage|p1a: Slowbro|73/100
|-activate|p1a: Slowbro|move: Magma Storm|[of] p2a: Heatran
|move|p1a: Slowbro|Teleport|p1a: Slowbro
|
|t:|1661556490
|switch|p1a: Garchomp|Garchomp, M|27/100|[from]move: Teleport
|-damage|p1a: Garchomp|21/100|[from] Stealth Rock
|
|-heal|p1a: Garchomp|27/100|[from] item: Leftovers
|upkeep
|turn|28
|
|t:|1661556493
|switch|p2a: Tornadus|Tornadus-Therian, M|100/100
|move|p1a: Garchomp|Substitute|p1a: Garchomp
|-start|p1a: Garchomp|Substitute
|-damage|p1a: Garchomp|2/100
|
|-heal|p1a: Garchomp|8/100|[from] item: Leftovers
|upkeep
|turn|29
|
|t:|1661556496
|move|p2a: Tornadus|Knock Off|p1a: Garchomp
|-activate|p1a: Garchomp|move: Substitute|[damage]
|move|p1a: Garchomp|Scale Shot|p2a: Tornadus
|-damage|p2a: Tornadus|87/100
|-damage|p2a: Tornadus|73/100
|-damage|p2a: Tornadus|59/100
|-hitcount|p2a: Tornadus|3
|-unboost|p1a: Garchomp|def|1
|-boost|p1a: Garchomp|spe|1
|
|-heal|p1a: Garchomp|14/100|[from] item: Leftovers
|upkeep
|turn|30
|inactive|LT94JE Fuse has 120 seconds left.
|
|t:|1661556503
|move|p1a: Garchomp|Swords Dance|p1a: Garchomp
|-boost|p1a: Garchomp|atk|2
|move|p2a: Tornadus|U-turn|p1a: Garchomp
|-end|p1a: Garchomp|Substitute
|
|t:|1661556505
|switch|p2a: Tapu Lele|Tapu Lele|16/100|[from]move: U-turn
|-fieldstart|move: Psychic Terrain|[from] ability: Psychic Surge|[of] p2a: Tapu Lele
|
|-heal|p1a: Garchomp|20/100|[from] item: Leftovers
|upkeep
|turn|31
|
|t:|1661556508
|switch|p2a: Tornadus|Tornadus-Therian, M|92/100
|move|p1a: Garchomp|Earthquake|p2a: Tornadus
|-immune|p2a: Tornadus
|
|-heal|p1a: Garchomp|27/100|[from] item: Leftovers
|upkeep
|turn|32
|
|t:|1661556512
|move|p1a: Garchomp|Substitute|p1a: Garchomp
|-start|p1a: Garchomp|Substitute
|-damage|p1a: Garchomp|2/100
|move|p2a: Tornadus|Knock Off|p1a: Garchomp
|-end|p1a: Garchomp|Substitute
|
|-heal|p1a: Garchomp|8/100|[from] item: Leftovers
|upkeep
|turn|33
|
|t:|1661556516
|move|p1a: Garchomp|Scale Shot|p2a: Tornadus
|-damage|p2a: Tornadus|65/100
|-damage|p2a: Tornadus|36/100
|-damage|p2a: Tornadus|11/100
|-hitcount|p2a: Tornadus|3
|-unboost|p1a: Garchomp|def|1
|-boost|p1a: Garchomp|spe|1
|move|p2a: Tornadus|Knock Off|p1a: Garchomp
|-damage|p1a: Garchomp|0 fnt
|-damage|p2a: Tornadus|0 fnt|[from] ability: Rough Skin|[of] p1a: Garchomp
|faint|p1a: Garchomp
|faint|p2a: Tornadus
|
|upkeep
|
|t:|1661556532
|switch|p2a: Heatran|Heatran, M|100/100
|switch|p1a: Slowbro|Slowbro, F|100/100
|-damage|p1a: Slowbro|88/100|[from] Stealth Rock
|turn|34
|
|t:|1661556535
|move|p2a: Heatran|Magma Storm|p1a: Slowbro
|-resisted|p1a: Slowbro
|-damage|p1a: Slowbro|70/100
|-activate|p1a: Slowbro|move: Magma Storm|[of] p2a: Heatran
|move|p1a: Slowbro|Scald|p2a: Heatran
|-supereffective|p2a: Heatran
|-damage|p2a: Heatran|60/100
|
|-heal|p2a: Heatran|66/100|[from] item: Leftovers
|-damage|p1a: Slowbro|57/100|[from] move: Magma Storm|[partiallytrapped]
|-fieldend|move: Psychic Terrain
|upkeep
|turn|35
|
|t:|1661556538
|move|p2a: Heatran|Earth Power|p1a: Slowbro
|-crit|p1a: Slowbro
|-damage|p1a: Slowbro|26/100
|move|p1a: Slowbro|Scald|p2a: Heatran
|-supereffective|p2a: Heatran
|-crit|p2a: Heatran
|-damage|p2a: Heatran|4/100
|
|-heal|p2a: Heatran|10/100|[from] item: Leftovers
|-damage|p1a: Slowbro|14/100|[from] move: Magma Storm|[partiallytrapped]
|upkeep
|turn|36
|
|t:|1661556541
|move|p2a: Heatran|Earth Power|p1a: Slowbro
|-damage|p1a: Slowbro|0 fnt
|faint|p1a: Slowbro
|
|-heal|p2a: Heatran|17/100|[from] item: Leftovers
|upkeep
|
|t:|1661556551
|switch|p1a: Tornadus|Tornadus-Therian, M|55/100
|turn|37
|
|t:|1661556565
|move|p1a: Tornadus|U-turn|p2a: Heatran
|-resisted|p2a: Heatran
|-damage|p2a: Heatran|14/100
|
|t:|1661556567
|switch|p1a: Clefable|Clefable, F|24/100|[from]move: U-turn
|move|p2a: Heatran|Magma Storm|p1a: Clefable
|-damage|p1a: Clefable|0 fnt
|faint|p1a: Clefable
|
|-heal|p2a: Heatran|20/100|[from] item: Leftovers
|upkeep
|
|t:|1661556571
|switch|p1a: Tornadus|Tornadus-Therian, M|88/100
|turn|38
|
|t:|1661556575
|move|p1a: Tornadus|Defog|p2a: Heatran
|-unboost|p2a: Heatran|evasion|1
|-sideend|p1: tolstoy|Stealth Rock|[from] move: Defog|[of] p1a: Tornadus
|move|p2a: Heatran|Magma Storm|p1a: Tornadus|[miss]
|-miss|p2a: Heatran|p1a: Tornadus
|
|-heal|p2a: Heatran|26/100|[from] item: Leftovers
|upkeep
|turn|39
|
|t:|1661556583
|move|p1a: Tornadus|Heat Wave|p2a: Heatran
|-damage|p2a: Heatran|9/100
|move|p2a: Heatran|Earth Power|p1a: Tornadus
|-immune|p1a: Tornadus
|
|-heal|p2a: Heatran|15/100|[from] item: Leftovers
|upkeep
|turn|40
|
|t:|1661556586
|switch|p2a: Gastrodon|Gastrodon, M|94/100 tox
|move|p1a: Tornadus|Heat Wave|p2a: Gastrodon
|-resisted|p2a: Gastrodon
|-damage|p2a: Gastrodon|86/100 tox
|
|-heal|p2a: Gastrodon|93/100 tox|[from] item: Leftovers
|-damage|p2a: Gastrodon|86/100 tox|[from] psn
|upkeep
|turn|41
|
|t:|1661556590
|move|p1a: Tornadus|Heat Wave|p2a: Gastrodon
|-resisted|p2a: Gastrodon
|-damage|p2a: Gastrodon|79/100 tox
|move|p2a: Gastrodon|Scald|p1a: Tornadus
|-damage|p1a: Tornadus|60/100
|
|-heal|p2a: Gastrodon|85/100 tox|[from] item: Leftovers
|-damage|p2a: Gastrodon|73/100 tox|[from] psn
|upkeep
|turn|42
|
|t:|1661556594
|move|p1a: Tornadus|Heat Wave|p2a: Gastrodon
|-resisted|p2a: Gastrodon
|-damage|p2a: Gastrodon|66/100 tox
|move|p2a: Gastrodon|Scald|p1a: Tornadus
|-damage|p1a: Tornadus|32/100
|
|-heal|p2a: Gastrodon|72/100 tox|[from] item: Leftovers
|-damage|p2a: Gastrodon|54/100 tox|[from] psn
|upkeep
|turn|43
|
|t:|1661556596
|move|p1a: Tornadus|U-turn|p2a: Gastrodon
|-damage|p2a: Gastrodon|39/100 tox
|
|t:|1661556597
|switch|p1a: Melmetal|Melmetal|67/100|[from]move: U-turn
|move|p2a: Gastrodon|Earth Power|p1a: Melmetal
|-supereffective|p1a: Melmetal
|-damage|p1a: Melmetal|24/100
|
|-heal|p1a: Melmetal|31/100|[from] item: Leftovers
|-heal|p2a: Gastrodon|45/100 tox|[from] item: Leftovers
|-damage|p2a: Gastrodon|21/100 tox|[from] psn
|upkeep
|turn|44
|inactive|tolstoy has 120 seconds left.
|
|t:|1661556629
|switch|p2a: Heatran|Heatran, M|15/100
|move|p1a: Melmetal|Protect||[still]
|-fail|p1a: Melmetal
|
|-heal|p2a: Heatran|21/100|[from] item: Leftovers
|-heal|p1a: Melmetal|37/100|[from] item: Leftovers
|upkeep
|turn|45
|
|t:|1661556634
|move|p1a: Melmetal|Protect|p1a: Melmetal
|-singleturn|p1a: Melmetal|Protect
|move|p2a: Heatran|Stealth Rock|p1a: Melmetal
|-sidestart|p1: tolstoy|move: Stealth Rock
|
|-heal|p2a: Heatran|27/100|[from] item: Leftovers
|-heal|p1a: Melmetal|43/100|[from] item: Leftovers
|upkeep
|turn|46
|
|t:|1661556639
|switch|p2a: Tapu Lele|Tapu Lele|16/100
|-fieldstart|move: Psychic Terrain|[from] ability: Psychic Surge|[of] p2a: Tapu Lele
|switch|p1a: Tornadus|Tornadus-Therian, M|66/100
|
|upkeep
|turn|47
|
|t:|1661556644
|move|p2a: Tapu Lele|Psyshock|p1a: Tornadus
|-damage|p1a: Tornadus|5/100
|move|p1a: Tornadus|U-turn|p2a: Tapu Lele
|-damage|p2a: Tapu Lele|0 fnt
|faint|p2a: Tapu Lele
|
|t:|1661556646
|switch|p1a: Melmetal|Melmetal|43/100|[from]move: U-turn
|-damage|p1a: Melmetal|37/100|[from] Stealth Rock
|
|-heal|p1a: Melmetal|43/100|[from] item: Leftovers
|upkeep
|
|t:|1661556648
|switch|p2a: Heatran|Heatran, M|27/100
|turn|48
|
|t:|1661556656
|switch|p2a: Gastrodon|Gastrodon, M|21/100 tox
|move|p1a: Melmetal|Protect||[still]
|-fail|p1a: Melmetal
|
|-heal|p1a: Melmetal|49/100|[from] item: Leftovers
|-heal|p2a: Gastrodon|27/100 tox|[from] item: Leftovers
|-damage|p2a: Gastrodon|21/100 tox|[from] psn
|upkeep
|turn|49
|
|t:|1661556660
|move|p1a: Melmetal|Earthquake|p2a: Gastrodon
|-crit|p2a: Gastrodon
|-damage|p2a: Gastrodon|0 fnt
|faint|p2a: Gastrodon
|
|-heal|p1a: Melmetal|55/100|[from] item: Leftovers
|upkeep
|c|☆LT94JE Fuse|Gg
|c|☆tolstoy|gg
|-message|LT94JE Fuse forfeited.
|
|win|tolstoy
|raw|tolstoy's rating: 1864 &rarr; <strong>1878</strong><br />(+14 for winning)
|raw|LT94JE Fuse's rating: 1755 &rarr; <strong>1741</strong><br />(-14 for losing)
|l|☆tolstoy
||Ladder isn't responding, score probably updated but might not have (Request timeout).
|l| Rubiaa
