|j|☆Mutako Z
|j|☆RavioliKid
|t:|1620865772
|gametype|singles
|player|p1|Mutako Z|28|1425
|player|p2|RavioliKid|elesa-gen5bw2|1387
|teamsize|p1|6
|teamsize|p2|6
|gen|8
|tier|[Gen 8] OU
|rated|
|rule|Sleep Clause Mod: Limit one foe put to sleep
|rule|Species Clause: Limit one of each Pokémon
|rule|OHKO Clause: OHKO moves are banned
|rule|Evasion Moves Clause: Evasion moves are banned
|rule|Endless Battle Clause: Forcing endless battles is banned
|rule|HP Percentage Mod: HP is shown in percentages
|rule|Dynamax Clause: You cannot dynamax
|clearpoke
|poke|p1|Landorus-Therian, M|
|poke|p1|Excadrill, M|
|poke|p1|Skarmory, F|
|poke|p1|Pelipper, F|
|poke|p1|Kingdra, M|
|poke|p1|Rotom-Heat|
|poke|p2|Tyranitar, M|
|poke|p2|Excadrill, M|
|poke|p2|Dracozolt|
|poke|p2|Scizor, M|
|poke|p2|Tangrowth, F|
|poke|p2|Garchomp, M|
|teampreview
|c|☆RavioliKid|glhf
|inactive|Battle timer is ON: inactive players will automatically lose when time's up. (requested by RavioliKid)
|
|t:|1620865790
|start
|switch|p1a: Excadrill|Excadrill, M|100/100
|switch|p2a: Tangrowth|Tangrowth, F|100/100
|-ability|p1a: Excadrill|Mold Breaker
|turn|1
|
|t:|1620865801
|move|p1a: Excadrill|Stealth Rock|p2a: Tangrowth
|-sidestart|p2: RavioliKid|move: Stealth Rock
|move|p2a: Tangrowth|Knock Off|p1a: Excadrill
|-damage|p1a: Excadrill|71/100
|-enditem|p1a: Excadrill|Focus Sash|[from] move: Knock Off|[of] p2a: Tangrowth
|
|upkeep
|turn|2
|
|t:|1620865816
|switch|p1a: Skarmory|Skarmory, F|100/100
|move|p2a: Tangrowth|Giga Drain|p1a: Skarmory
|-resisted|p1a: Skarmory
|-damage|p1a: Skarmory|91/100
|
|upkeep
|turn|3
|
|t:|1620865822
|move|p1a: Skarmory|Body Press|p2a: Tangrowth
|-damage|p2a: Tangrowth|83/100
|-damage|p1a: Skarmory|74/100|[from] item: Rocky Helmet|[of] p2a: Tangrowth
|move|p2a: Tangrowth|Knock Off|p1a: Skarmory
|-damage|p1a: Skarmory|62/100
|-damage|p2a: Tangrowth|66/100|[from] item: Rocky Helmet|[of] p1a: Skarmory
|-enditem|p1a: Skarmory|Rocky Helmet|[from] move: Knock Off|[of] p2a: Tangrowth
|
|upkeep
|turn|4
|
|t:|1620865835
|move|p1a: Skarmory|Roost|p1a: Skarmory
|-heal|p1a: Skarmory|100/100
|-singleturn|p1a: Skarmory|move: Roost
|move|p2a: Tangrowth|Sleep Powder|p1a: Skarmory
|-status|p1a: Skarmory|slp|[from] move: Sleep Powder
|
|upkeep
|turn|5
|
|t:|1620865843
|switch|p2a: Dracozolt|Dracozolt|100/100
|-damage|p2a: Dracozolt|88/100|[from] Stealth Rock
|cant|p1a: Skarmory|slp
|
|upkeep
|turn|6
|
|t:|1620865852
|switch|p1a: Landorus|Landorus-Therian, M|100/100
|-ability|p1a: Landorus|Intimidate|boost
|-unboost|p2a: Dracozolt|atk|1
|move|p2a: Dracozolt|Fire Blast|p1a: Landorus
|-damage|p1a: Landorus|58/100
|-damage|p2a: Dracozolt|78/100|[from] item: Life Orb
|
|upkeep
|turn|7
|
|t:|1620865866
|switch|p2a: Tangrowth|Tangrowth, F|99/100
|-damage|p2a: Tangrowth|87/100|[from] Stealth Rock
|move|p1a: Landorus|U-turn|p2a: Tangrowth
|-supereffective|p2a: Tangrowth
|-damage|p2a: Tangrowth|57/100
|-damage|p1a: Landorus|42/100|[from] item: Rocky Helmet|[of] p2a: Tangrowth
|
|t:|1620865879
|switch|p1a: Kingdra|Kingdra, M|100/100|[from]move: U-turn
|
|upkeep
|turn|8
|
|t:|1620865884
|switch|p2a: Scizor|Scizor, M|100/100
|-damage|p2a: Scizor|88/100|[from] Stealth Rock
|move|p1a: Kingdra|Dragon Dance|p1a: Kingdra
|-boost|p1a: Kingdra|atk|1
|-boost|p1a: Kingdra|spe|1
|
|-heal|p2a: Scizor|94/100|[from] item: Leftovers
|upkeep
|turn|9
|
|t:|1620865893
|move|p1a: Kingdra|Focus Energy|p1a: Kingdra
|-start|p1a: Kingdra|move: Focus Energy
|move|p2a: Scizor|U-turn|p1a: Kingdra
|-damage|p1a: Kingdra|62/100
|
|t:|1620865899
|switch|p2a: Tyranitar|Tyranitar, M|100/100|[from]move: U-turn
|-damage|p2a: Tyranitar|88/100|[from] Stealth Rock
|-weather|Sandstorm|[from] ability: Sand Stream|[of] p2a: Tyranitar
|
|-weather|Sandstorm|[upkeep]
|-damage|p1a: Kingdra|56/100|[from] Sandstorm
|-heal|p2a: Tyranitar|94/100|[from] item: Leftovers
|upkeep
|turn|10
|
|t:|1620865909
|switch|p2a: Tangrowth|Tangrowth, F|90/100
|-damage|p2a: Tangrowth|78/100|[from] Stealth Rock
|move|p1a: Kingdra|Liquidation|p2a: Tangrowth
|-resisted|p2a: Tangrowth
|-crit|p2a: Tangrowth
|-damage|p2a: Tangrowth|38/100
|-damage|p1a: Kingdra|40/100|[from] item: Rocky Helmet|[of] p2a: Tangrowth
|-damage|p1a: Kingdra|30/100|[from] item: Life Orb
|
|-weather|Sandstorm|[upkeep]
|-damage|p1a: Kingdra|24/100|[from] Sandstorm
|-damage|p2a: Tangrowth|31/100|[from] Sandstorm
|upkeep
|turn|11
|
|t:|1620865921
|move|p1a: Kingdra|Outrage|p2a: Tangrowth
|-damage|p2a: Tangrowth|0 fnt
|-damage|p1a: Kingdra|7/100|[from] item: Rocky Helmet|[of] p2a: Tangrowth
|faint|p2a: Tangrowth
|-damage|p1a: Kingdra|0 fnt|[from] item: Life Orb
|faint|p1a: Kingdra
|
|-weather|Sandstorm|[upkeep]
|upkeep
|
|t:|1620865933
|switch|p1a: Landorus|Landorus-Therian, M|42/100
|switch|p2a: Dracozolt|Dracozolt|78/100
|-damage|p2a: Dracozolt|66/100|[from] Stealth Rock
|-ability|p1a: Landorus|Intimidate|boost
|-unboost|p2a: Dracozolt|atk|1
|turn|12
|
|t:|1620865946
|switch|p1a: Pelipper|Pelipper, F|100/100
|-weather|RainDance|[from] ability: Drizzle|[of] p1a: Pelipper
|move|p2a: Dracozolt|Draco Meteor|p1a: Pelipper
|-damage|p1a: Pelipper|23/100
|-unboost|p2a: Dracozolt|spa|2
|-damage|p2a: Dracozolt|56/100|[from] item: Life Orb
|
|-weather|RainDance|[upkeep]
|upkeep
|turn|13
|
|t:|1620865957
|switch|p1a: Rotom|Rotom-Heat|100/100
|move|p2a: Dracozolt|Draco Meteor|p1a: Rotom
|-damage|p1a: Rotom|73/100
|-unboost|p2a: Dracozolt|spa|2
|-damage|p2a: Dracozolt|46/100|[from] item: Life Orb
|
|-weather|RainDance|[upkeep]
|upkeep
|turn|14
|
|t:|1620865969
|switch|p2a: Tyranitar|Tyranitar, M|94/100
|-damage|p2a: Tyranitar|82/100|[from] Stealth Rock
|-weather|Sandstorm|[from] ability: Sand Stream|[of] p2a: Tyranitar
|move|p1a: Rotom|Reflect|p1a: Rotom
|-sidestart|p1: Mutako Z|Reflect
|
|-weather|Sandstorm|[upkeep]
|-damage|p1a: Rotom|67/100|[from] Sandstorm
|-heal|p2a: Tyranitar|88/100|[from] item: Leftovers
|upkeep
|turn|15
|
|t:|1620865978
|move|p1a: Rotom|Toxic|p2a: Tyranitar
|-status|p2a: Tyranitar|tox
|move|p2a: Tyranitar|Stealth Rock|p1a: Rotom
|-sidestart|p1: Mutako Z|move: Stealth Rock
|
|-weather|Sandstorm|[upkeep]
|-damage|p1a: Rotom|61/100|[from] Sandstorm
|-heal|p2a: Tyranitar|94/100 tox|[from] item: Leftovers
|-damage|p2a: Tyranitar|88/100 tox|[from] psn
|upkeep
|turn|16
|
|t:|1620865987
|move|p1a: Rotom|Light Screen|p1a: Rotom
|-sidestart|p1: Mutako Z|move: Light Screen
|move|p2a: Tyranitar|Rock Blast|p1a: Rotom
|-supereffective|p1a: Rotom
|-crit|p1a: Rotom
|-damage|p1a: Rotom|26/100
|-supereffective|p1a: Rotom
|-damage|p1a: Rotom|14/100
|-hitcount|p1a: Rotom|2
|
|-weather|Sandstorm|[upkeep]
|-damage|p1a: Rotom|8/100|[from] Sandstorm
|-heal|p2a: Tyranitar|94/100 tox|[from] item: Leftovers
|-damage|p2a: Tyranitar|82/100 tox|[from] psn
|upkeep
|turn|17
|
|t:|1620866002
|move|p1a: Rotom|Toxic|p2a: Tyranitar
|-fail|p2a: Tyranitar|tox
|move|p2a: Tyranitar|Rock Blast|p1a: Rotom
|-supereffective|p1a: Rotom
|-damage|p1a: Rotom|0 fnt
|-hitcount|p1a: Rotom|1
|faint|p1a: Rotom
|
|-weather|Sandstorm|[upkeep]
|-heal|p2a: Tyranitar|88/100 tox|[from] item: Leftovers
|-damage|p2a: Tyranitar|70/100 tox|[from] psn
|upkeep
|
|t:|1620866016
|switch|p1a: Excadrill|Excadrill, M|71/100
|-damage|p1a: Excadrill|68/100|[from] Stealth Rock
|-ability|p1a: Excadrill|Mold Breaker
|turn|18
|inactive|RavioliKid has 120 seconds left.
|
|t:|1620866046
|switch|p2a: Garchomp|Garchomp, M|100/100
|-damage|p2a: Garchomp|94/100|[from] Stealth Rock
|move|p1a: Excadrill|Rapid Spin|p2a: Garchomp
|-damage|p2a: Garchomp|76/100
|-boost|p1a: Excadrill|spe|1
|-sideend|p1: Mutako Z|Stealth Rock|[from] move: Rapid Spin|[of] p1a: Excadrill
|
|-weather|none
|upkeep
|turn|19
|inactive|RavioliKid has 120 seconds left.
|
|t:|1620866062
|switch|p1a: Pelipper|Pelipper, F|23/100
|-weather|RainDance|[from] ability: Drizzle|[of] p1a: Pelipper
|move|p2a: Garchomp|Earthquake|p1a: Pelipper
|-immune|p1a: Pelipper
|
|-weather|RainDance|[upkeep]
|upkeep
|turn|20
|
|t:|1620866071
|move|p2a: Garchomp|Scale Shot|p1a: Pelipper
|-damage|p1a: Pelipper|14/100
|-damage|p1a: Pelipper|4/100
|-damage|p1a: Pelipper|0 fnt
|-hitcount|p1a: Pelipper|3
|faint|p1a: Pelipper
|-unboost|p2a: Garchomp|def|1
|-boost|p2a: Garchomp|spe|1
|-damage|p2a: Garchomp|66/100|[from] item: Life Orb
|
|-weather|RainDance|[upkeep]
|upkeep
|
|t:|1620866081
|switch|p1a: Landorus|Landorus-Therian, M|42/100
|-ability|p1a: Landorus|Intimidate|boost
|-unboost|p2a: Garchomp|atk|1
|turn|21
|
|t:|1620866085
|switch|p2a: Scizor|Scizor, M|94/100
|-damage|p2a: Scizor|82/100|[from] Stealth Rock
|move|p1a: Landorus|Earthquake|p2a: Scizor
|-damage|p2a: Scizor|25/100
|
|-weather|RainDance|[upkeep]
|-heal|p2a: Scizor|31/100|[from] item: Leftovers
|-sideend|p1: Mutako Z|Reflect
|upkeep
|turn|22
|
|t:|1620866096
|switch|p1a: Skarmory|Skarmory, F|100/100 slp
|move|p2a: Scizor|Bullet Punch|p1a: Skarmory
|-resisted|p1a: Skarmory
|-damage|p1a: Skarmory|92/100 slp
|
|-weather|RainDance|[upkeep]
|-heal|p2a: Scizor|38/100|[from] item: Leftovers
|upkeep
|turn|23
|
|t:|1620866105
|cant|p1a: Skarmory|slp
|move|p2a: Scizor|Roost|p2a: Scizor
|-heal|p2a: Scizor|88/100
|-singleturn|p2a: Scizor|move: Roost
|
|-weather|none
|-heal|p2a: Scizor|94/100|[from] item: Leftovers
|-sideend|p1: Mutako Z|move: Light Screen
|upkeep
|turn|24
|
|t:|1620866112
|-curestatus|p1a: Skarmory|slp|[msg]
|move|p1a: Skarmory|Body Press|p2a: Scizor
|-damage|p2a: Scizor|63/100
|move|p2a: Scizor|U-turn|p1a: Skarmory
|-resisted|p1a: Skarmory
|-damage|p1a: Skarmory|88/100
|
|t:|1620866117
|switch|p2a: Dracozolt|Dracozolt|46/100|[from]move: U-turn
|-damage|p2a: Dracozolt|33/100|[from] Stealth Rock
|
|upkeep
|turn|25
|
|t:|1620866123
|move|p2a: Dracozolt|Fire Blast|p1a: Skarmory
|-supereffective|p1a: Skarmory
|-damage|p1a: Skarmory|0 fnt
|faint|p1a: Skarmory
|-damage|p2a: Dracozolt|23/100|[from] item: Life Orb
|
|upkeep
|
|t:|1620866129
|switch|p1a: Landorus|Landorus-Therian, M|42/100
|-ability|p1a: Landorus|Intimidate|boost
|-unboost|p2a: Dracozolt|atk|1
|turn|26
|
|t:|1620866137
|switch|p2a: Scizor|Scizor, M|63/100
|-damage|p2a: Scizor|51/100|[from] Stealth Rock
|move|p1a: Landorus|Earthquake|p2a: Scizor
|-damage|p2a: Scizor|0 fnt
|faint|p2a: Scizor
|
|upkeep
|
|t:|1620866146
|switch|p2a: Tyranitar|Tyranitar, M|70/100 tox
|-damage|p2a: Tyranitar|57/100 tox|[from] Stealth Rock
|-weather|Sandstorm|[from] ability: Sand Stream|[of] p2a: Tyranitar
|turn|27
|
|t:|1620866152
|switch|p1a: Excadrill|Excadrill, M|68/100
|-ability|p1a: Excadrill|Mold Breaker
|move|p2a: Tyranitar|Earthquake|p1a: Excadrill
|-supereffective|p1a: Excadrill
|-damage|p1a: Excadrill|0 fnt
|faint|p1a: Excadrill
|
|-weather|Sandstorm|[upkeep]
|-heal|p2a: Tyranitar|63/100 tox|[from] item: Leftovers
|-damage|p2a: Tyranitar|57/100 tox|[from] psn
|upkeep
|
|t:|1620866162
|switch|p1a: Landorus|Landorus-Therian, M|42/100
|-ability|p1a: Landorus|Intimidate|boost
|-unboost|p2a: Tyranitar|atk|1
|turn|28
|c|☆Mutako Z|gg
|c|☆RavioliKid|gg
|
|t:|1620866172
|move|p1a: Landorus|Earthquake|p2a: Tyranitar
|-supereffective|p2a: Tyranitar
|-damage|p2a: Tyranitar|0 fnt
|faint|p2a: Tyranitar
|
|-weather|Sandstorm|[upkeep]
|upkeep
|
|t:|1620866190
|switch|p2a: Excadrill|Excadrill, M|100/100
|-damage|p2a: Excadrill|97/100|[from] Stealth Rock
|turn|29
|
|t:|1620866194
|move|p2a: Excadrill|Iron Head|p1a: Landorus
|-damage|p1a: Landorus|0 fnt
|faint|p1a: Landorus
|
|win|RavioliKid
|raw|Mutako Z's rating: 1425 &rarr; <strong>1403</strong><br />(-22 for losing)
|raw|RavioliKid's rating: 1387 &rarr; <strong>1409</strong><br />(+22 for winning)
